4214 6266
332 304 440 368 ⁴709

1548 308 2107 382 TESTIMONIORUM
2147 319 2353 387 LlBER
2392 326 2457 387 Il.

3540 330 3646 398 7I0

329 429 458 483 sicut
477 443 639 500 agnus
669 443 845 484 coram
869 430 1105 488 tondente
1128 441 1154 470 τι
1182 447 1237 488 se
1262 434 1371 488 sine
1383 450 1523 500 voce,
1554 436 1627 490 sic
1670 452 1771 491 non
1814 454 1934 506 ape-
1963 443 2013 503 Α
2038 441 2393 514 derelinquclis
2416 456 2437 483 ³
2463 462 2527 502 ex
2568 449 2639 504 eis
2685 449 2738 505 in
2768 462 2914 507 mane
2944 492 2962 515 ,
3005 457 3051 506 et
3076 453 3174 525 ost
3212 469 3313 510 non
3356 455 3647 526 confringe-

290 589 299 598 .
331 524 437 577 ruit
463 538 519 576 os
543 538 712 576 suum.
741 521 810 578 In
839 524 1128 581 humilitate
1142 527 1397 595 judicium
1433 529 1545 600 ejus
1569 530 1822 584 sublatum
1840 542 1935 587 est.

336 614 672 669 Nativitatem
693 613 723 653 ι)
746 616 855 688 ejus
879 618 990 690 quis
1021 621 1272 675 enarrabit
1289 621 1315 675 .9
1341 622 1595 687 Quoniam
1622 628 1884 695 auferetur
1907 643 1940 680 a

334 719 469 764 terra
490 710 594 765 vita
618 715 751 782 ejus,
787 729 819 766 a
838 713 1157 781 facinoribus
1177 718 1353 787 populi
1378 719 1478 773 mei
1501 720 1749 775 adductus
1774 730 1848 775 est
1871 722 1940 775 ad

332 811 570 866 mortem,
587 812 632 857 et
648 802 781 858 dabo
792 806 955 860 malos
974 824 1068 876 pro
1089 809 1354 876 sepultura
1368 811 1480 881 eius
1500 821 1549 865 et
1567 813 1704 882 ipsos
1721 814 1898 867 divites
1912 825 1935 853 ο

332 911 428 967 pro
454 903 617 950 morte
655 896 785 963 eius,
810 900 931 968 quia
957 902 1157 970 facinus
1184 919 1285 956 non
1305 902 1440 971 fecit,
1473 920 1632 973 neque
1667 905 1881 959 insidias
1908 901 1937 942 ἀ

332 1004 420 1051 ore
446 1004 560 1044 suo.
596 991 872 1060 Propterea
899 993 1006 1062 ipse
1023 1005 1354 1064 consequetur
1373 997 1559 1051 multos
1583 1006 1630 1065 ε’,
1656 1008 1701 1052 et
1732 1001 1940 1070 fortium

331 1081 521 1134 dividet
567 1082 754 1151 spolia,
807 1094 1076 1155 prapterea
1119 1087 1254 1157 quod
1299 1089 1487 1143 tradita
1520 1098 1589 1144 est
1629 1091 1697 1145 ad
1725 1102 1939 1147 mortem

332 1174 508 1228 anima
537 1174 667 1245 ejus,
696 1184 743 1229 et
771 1177 902 1232 inter
940 1180 1257 1250 facinorosos
1295 1183 1563 1254 deputatus
1592 1196 1684 1240 est.
1726 1186 1793 1241 Et
1831 1188 1940 1258 ipse

331 1277 538 1339 peccata
575 1271 851 1325 multorum
893 1274 1119 1341 pertulit,
1161 1286 1208 1328 et
1238 1287 1441 1346 propter
1465 1277 1696 1348 facinora
1729 1280 1937 1335 illorum

331 1364 548 1419 traditus
586 1373 659 1417 est
708 1362 856 1436 (Isa.
908 1381 1019 1432 Lm,
1075 1364 1128 1433 ’1,
1167 1365 1347 1442 9-12).
1396 1370 1525 1425 Item
1574 1371 1711 1440 apud
1748 1372 1936 1429 Hiere-

333 1458 497 1513 miam
531 1475 545 1512 :
577 1457 817 1525 Domine,
839 1460 1074 1531 significa
1104 1460 1125 1499 ΐ
1157 1462 1313 1530 mihi,
1369 1473 1417 1517 et
1453 1480 1783 1536 cognoscam,
1818 1476 1939 1522 tunc

331 1552 435 1607 vidi
480 1552 829 1607 meditationes
851 1562 877 1600 8
904 1569 1100 1613 eorum.
1155 1555 1266 1626 Ego
1304 1556 1432 1612 sicut
1470 1574 1635 1628 agnus
1661 1559 1771 1614 sine
1822 1578 1937 1615 ma-

329 1645 442 1700 litia
495 1647 766 1715 perductus
816 1663 931 1702 sum
976 1648 1045 1701 ad
1090 1648 1384 1713 victimam;
1410 1651 1462 1704 in
1491 1667 1571 1705 me
1595 1653 1941 1722 cegitaverunt

326 1740 605 1811 cogitatum
668 1741 890 1795 dicentes
945 1757 964 1795 :
1041 1742 1214 1797 Venite
1245 1785 1259 1807 ,
1313 1744 1573 1798 mittamus
1635 1746 1826 1816 lignum
1886 1747 1941 1800 in

2043 538 2109 592 tis
2144 554 2206 591 ea:
2250 556 2326 593 eo.
2372 539 2498 605 Qme
2541 528 2706 598 autem
2748 545 2925 600 relicta
2966 548 3151 619 fuerint
3192 548 3254 602 de
3293 566 3349 603 eo
3392 568 3546 621 usque
3591 553 3647 606 in

2041 646 2230 698 mane,
2288 632 2395 703 igni
2459 647 2757 692 crementur.
2814 639 2904 694 Sic
2956 651 3123 695 autem
3186 644 3459 697 comedetis
3508 662 3643 699 eum.

2040 720 2224 776 Lumbi
2248 731 2276 759 ιι
2306 726 2457 780 vestri
2479 730 2757 798 pra'cincti,
2800 740 2846 785 et
2871 733 3050 802 caliga:
3075 743 3103 771 ν
3142 743 3318 789 vestra:
3346 736 3398 790 in
3437 737 3648 807 pedibus

2040 818 2231 883 vestris,
2265 826 2310 871 et
2341 819 2521 874 bacula
2549 833 2710 876 vestra
2738 832 2762 858 ι
2803 824 2856 878 in
2896 827 3128 880 manibus
3162 829 3370 893 vestris;
3398 839 3445 882 et
3489 831 3648 885 edetis

2041 922 2154 959 eum
2185 909 2500 978 festinanter,
2535 910 2739 967 Pascha
2762 925 2833 969 est
2855 917 2987 970 enim
3021 928 3051 967 δ’
3086 916 3297 973 Domini
3324 914 3518 985 (Exod.
3550 938 3648 991 xtl,

2040 1002 2095 1065 5,
2147 1002 2326 1071 5-11).
2382 1004 2512 1060 Item
2575 1007 2629 1061 in
2688 1008 3011 1079 Apocalypsi
3057 1028 3070 1064 :
3121 1009 3187 1065 Et
3236 1013 3339 1066 vidi
3384 1013 3436 1068 in
3484 1015 3650 1069 medio

2043 1093 2215 1148 throni
2258 1104 2280 1131 τ
2312 1106 2358 1151 et
2389 1108 2610 1161 quatuor
2650 1102 2951 1155 animalium
2997 1112 3043 1158 et
3085 1104 3139 1157 in
3187 1104 3352 1158 medio
3391 1107 3650 1161 seniorum

2041 1202 2227 1258 agnum
2247 1197 2459 1244 stantem
2485 1193 2633 1262 quasi
2662 1196 2901 1260 occisum,
2932 1196 3196 1251 habentem
3234 1214 3425 1253 cornua
3458 1212 3650 1270 septem

2040 1287 2085 1333 et
2112 1282 2288 1336 oculos
2317 1294 2524 1353 septem,
2556 1287 2641 1355 qui
2670 1297 2786 1341 sunt
2811 1297 2999 1359 septem
3028 1290 3236 1360 spiritus
3262 1289 3359 1347 Dei
3388 1292 3530 1348 missi
3559 1310 3650 1365 per

2042 1372 2209 1427 orbem
2254 1384 2418 1429 terrm.
2466 1376 2532 1431 Et
2578 1381 2732 1446 venit,
2780 1389 2825 1434 et
2877 1383 3068 1452 accepit
3102 1382 3287 1437 librant
3334 1384 3396 1439 de
3441 1385 3649 1441 dextera

2042 1468 2139 1524 Dei
2167 1478 2222 1506 8“
2259 1471 2478 1526 sedentis
2520 1473 2573 1526 in
2619 1474 2818 1529 throno.
2870 1472 2939 1528 Et
2973 1492 3089 1530 cum
3129 1477 3400 1549 accepisset
3440 1478 3644 1546 librum,

2041 1572 2259 1633 quatuor
2295 1563 2540 1617 animalia
2576 1575 2622 1618 et
2661 1567 2837 1637 viginti
2865 1577 3084 1638 quatuor
3108 1570 3328 1624 seniores
3365 1582 3649 1641 prostrave-

2042 1664 2161 1709 runt
2198 1670 2251 1709 se
2286 1666 2404 1710 ante
2430 1658 2653 1727 Agnum,
2698 1658 2936 1714 habentes
2974 1661 3163 1732 singuli
3206 1662 3428 1717 citharas
3462 1673 3508 1717 et
3555 1680 3649 1734 pa-

2046 1756 2176 1802 teras
2200 1745 2259 1785 bb
2282 1765 2463 1803 aureas
2485 1749 2663 1821 plenas
2686 1752 3028 1807 odoramentis
3052 1754 3504 1824 supplicationum,
3536 1771 3651 1827 qua:

328 1850 511 1904 panem
537 1833 562 1872 δ
594 1836 724 1906 ejus,
757 1845 804 1890 et
827 1836 1098 1892 credamus
1128 1835 1145 1874 ί
1175 1854 1209 1891 a
1245 1848 1380 1892 terra
1408 1840 1559 1893 vitam
1589 1841 1718 1911 ejus,
1761 1851 1808 1895 et
1845 1859 1936 1896 no-
1964 1852 2012 1910 B
2043 1853 2160 1894 sunt
2221 1843 2474 1896 orationes
2525 1853 2812 1897 sanctorum
2845 1886 2859 1911 ,
2918 1853 2965 1899 et
3008 1857 3335 1903 cantaverunt
3397 1850 3651 1904 canticum

326 1945 442 1982 men
471 1930 583 1999 ejus
603 1946 704 1983 non
728 1931 822 1984 erit
848 1932 901 1985 in
943 1932 1227 1986 memorial
1269 1933 1492 2002 amplius
1532 1930 1704 2002 (Hier.
1738 1950 1809 1999 xl,
1843 1934 1931 2001 18,

326 2021 441 2095 19).
475 2023 604 2079 Item
639 2026 690 2079 in
722 2025 911 2081 Exodo
937 2029 963 2063 κ
995 2027 1138 2082 Deus
1165 2026 1231 2082 ad
1260 2028 1479 2100 Moysen
1511 2044 1524 2079 :
1551 2030 1814 2099 Accipiunt
1843 2031 1937 2085 sibi

325 2117 515 2188 singuli
539 2134 682 2173 ovem
712 2135 803 2188 per
831 2120 1009 2175 domos
1037 2119 1256 2175 tribuum
1284 2119 1329 2188 1,
1356 2136 1497 2175 ovem
1522 2121 1632 2176 sine
1653 2124 1794 2190 vitio,
1820 2139 1936 2193 per-

325 2213 536 2281 fectum,
561 2211 867 2279 masculum,
888 2212 1185 2266 anniculam
1200 2222 1240 2249 ιιι
1262 2214 1357 2267 erit
1379 2213 1535 2267 vobis.
1551 2212 1627 2267 Ab
1644 2216 1791 2286 agnis
1812 2215 1937 2270 etab

326 2299 486 2355 haedis
537 2302 817 2371 accipietis,
841 2313 887 2357 et
911 2304 1142 2359 occident
1184 2306 1333 2359 illum
1353 2322 1502 2360 omne
1527 2307 1706 2379 vulgus
1729 2317 1755 2343 η
1782 2325 1939 2380 syna-

323 2410 469 2466 goga:
492 2395 719 2463 filiorum
742 2395 911 2452 Israel
933 2400 1000 2452 ad
1021 2415 1314 2469 vesperam;
1338 2408 1387 2454 et
1415 2401 1664 2471 accipient
1688 2410 1713 2437 ο
1736 2400 1800 2456 de
1816 2420 1937 2457 san-

323 2487 478 2557 guine
499 2488 634 2558 ejus,
664 2498 712 2542 et
740 2500 927 2560 ponent
950 2506 1102 2562 super
1124 2490 1254 2545 duos
1271 2501 1438 2563 postes
1454 2502 1502 2546 et
1525 2509 1679 2563 super
1708 2495 1862 2549 limen
1882 2496 1936 2549 in

325 2577 559 2632 domibus
587 2580 642 2633 in
670 2580 850 2649 quibus
878 2594 993 2635 eum
1015 2592 1044 2630 ι’
1083 2588 1231 2636 edent
1249 2584 1305 2636 in
1324 2584 1482 2653 ipsis;
1512 2594 1559 2638 et
1585 2586 1734 2639 edent
1757 2603 1936 2643 carnes

324 2670 441 2739 ipsa
461 2681 605 2725 nocte
629 2682 823 2727 assatas
847 2674 975 2743 igni,
1003 2683 1049 2728 et
1077 2691 1261 2747 azyma
1289 2691 1403 2730 cum
1425 2677 1701 2747 picridibus
1722 2688 1751 2728 (ι
1771 2678 1940 2735 edent.

328 2758 453 2817 Non
491 2764 646 2818 edetis
687 2764 751 2819 de
788 2766 859 2819 eis
896 2766 1133 2833 crudam,
1165 2782 1323 2837 neque
1360 2778 1555 2822 coctam
1582 2768 1635 2822 in
1660 2784 1813 2840 aqua,
1840 2770 1943 2825 nisi

327 2864 551 2911 assatam
585 2857 713 2929 igni,
743 2867 895 2930 caput
924 2873 1038 2912 cum
1073 2857 1281 2928 pedibus
1305 2869 1326 2896 τ
1366 2868 1413 2914 et
1457 2860 1766 2927 interaneis;
1812 2862 1941 2917 nihil

2042 1948 2224 1987 novum
2286 1936 2505 1989 dicentes
2554 1952 2573 1990 :
2631 1932 2830 2006 Dignus
2886 1953 2960 2002 es,
3014 1937 3257 2005 Domine,
3298 1942 3528 2011 accipere
3586 1941 3651 1995 li-

2041 2027 2182 2079 brum
2213 2036 2259 2079 et
2288 2029 2485 2098 aperire
2524 2029 2669 2099 signa
2704 2039 2757 2066 cc
2801 2029 2931 2100 ejus,
2987 2031 3229 2102 quoniam
3278 2033 3470 2088 occisus
3499 2048 3551 2087 es
3602 2042 3651 2087 et

2040 2120 2293 2172 redemisti
2333 2137 2423 2174 nos
2470 2122 2717 2191 sanguine
2751 2130 2835 2174 tuo
2863 2114 2919 2157 (Υά
2948 2138 3010 2176 ex
3049 2124 3187 2177 omni
3217 2123 3347 2178 tribu
3386 2135 3431 2178 et
3473 2125 3651 2197 lingua

2041 2199 2088 2265 et
2127 2212 2317 2283 populo
2346 2223 2392 2265 et
2420 2214 2644 2279 natione,
2678 2224 2723 2267 et
2756 2214 2918 2284 fecisti
2958 2231 3048 2268 nos
3071 2232 3279 2286 regnum
3311 2215 3421 2270 Deo
3451 2228 3646 2286 nostra,

2040 2304 2425 2385 sacerdotesque
2456 2306 2639 2377 fecisti,
2670 2315 2716 2359 et
2739 2306 3018 2376 regnabunt
3046 2323 3197 2376 super
3242 2318 3431 2361 terram
3462 2308 3646 2381 (Apoc.

2018 2387 2092 2465 ἰν,
2114 2398 2144 2454 6
2160 2398 2292 2471 ο10).
2320 2400 2448 2453 Item
2473 2399 2523 2454 in
2550 2397 2873 2471 Evangelia:
2904 2401 3075 2455 Altera
3094 2401 3175 2456 die
3196 2402 3318 2456 vidit
3336 2398 3566 2458 Joannes
3590 2414 3644 2443 οο

2038 2491 2216 2547 Jesum
2262 2496 2540 2547 venientem
2581 2494 2648 2547 ad
2687 2510 2759 2559 se,
2807 2504 2853 2547 et
2894 2495 3006 2549 ait:
3036 2490 3169 2550 Ecce
3206 2512 3370 2566 agnus
3394 2488 3493 2552 Dei
3521 2496 3571 2535 τί
3599 2505 3649 2555 et

2037 2602 2150 2641 ecce
2177 2588 2262 2658 qui
2292 2591 2462 2659 aufert
2499 2599 2704 2659 peccata
2731 2588 2907 2642 mandi
2936 2587 3083 2661 (10a.
3114 2606 3151 2657 ι,
3178 2588 3295 2661 9.9).

2176 2722 2307 2778 CAP.
2338 2722 2480 2779 XVI.
2507 2752 2579 2763 --
2596 2740 2734 2789 aueo
2765 2741 2894 2781 issu
2920 2742 2989 2782 nr
3016 2740 3171 2783 Lm
3190 2738 3387 2786 uerus
3403 2744 3510 2787 επ.

2115 2858 2271 2929 Apud
2318 2859 2530 2915 Esaiam
2572 2861 2651 2916 sic
2695 2860 2824 2916 dicit
2865 2858 3119 2921 Dominus
3170 2883 3184 2921 :
3237 2864 3371 2922 Ecce
3420 2885 3511 2940 ego
3551 2868 3647 2924 im-

1574 2995 1958 3055 LECTIONES
1998 2994 2414 3052 VARIANTES.

396 3108 423 3138 ⁸
442 3106 722 3174 Tondente,
745 3110 857 3161 sine
878 3110 1005 3161 Bod.
1048 3110 1099 3160 5.
1127 3107 1253 3162 Tha.
1283 3109 1427 3162 Corb.
1452 3109 1798 3162 Tondentibus
1826 3124 1937 3162 eam
1962 3110 2008 3174 ρ
2041 3110 2153 3159 neis
2164 3109 2377 3174 yerogab
2398 3107 2498 3159 illis
2516 3110 2649 3160 Lam.
2677 3111 2785 3161 uc.
2811 3112 2856 3172 1,
2879 3110 2926 3161 3.

338 3230 424 3347 Εἴ
456 3233 769 3347 Nanctgiltatem
793 3233 1222 3288 autemLam.NC.
1248 3236 1295 3300 1,
1320 3235 1370 3287 2.
1397 3234 1591 3297 Bod.1,
1608 3236 1656 3299 2,
1677 3238 1725 3301 5,
1748 3234 1930 3287 LThu.

413 3311 477 3347 ss.
638 3336 649 3346 .

382 3309 477 3348 089.
509 3309 649 3348 σοι-υ.

396 3363 420 3391 ο
455 3361 714 3411 Etdivites
738 3359 864 3410 Bod.
887 3360 932 3410 I.

395 3421 424 3461 εἰ
457 3424 633 3495 ῌεψξβ
654 3423 800 3495 dolus
810 3424 1050 3495 inventus
1072 3423 1122 3472 in
1145 3436 1232 3473 ore
1252 3423 1494 3495 ejnsBod.
1511 3425 1559 3474 5.
1585 3423 1829 3495 Insidians
1848 3437 1937 3477 ore

337 3484 442 3538 Litt.
469 3483 732 3537 Iusidiatur
761 3483 881 3535 Tleu.
903 3486 1111 3536 Insidias
1133 3498 1221 3537 ore
1235 3483 1327 3538 suo
1353 3489 1547 3539 locutus
1556 3497 1633 3540 est
1652 3487 1779 3540 Bod.
1802 3488 1850 3539 4.

402 3553 427 3579 υ
462 3549 573 3610 Ipse
595 3548 854 3599 conﬁtetur
870 3548 1049 3598 multos
1064 3549 1204 3601 Foss.

398 3607 421 3647 τ
457 3609 669 3660 Domine
687 3610 967 3673 signiﬁcasti
989 3612 1036 3673 Ν
1043 3611 1080 3660 C
1088 3652 1098 3661 .
1123 3614 1168 3663 1.
1198 3614 1314 3666 Lam

399 3674 427 3735 β
460 3674 567 3724 Vidi
588 3674 912 3735 cogitationes
939 3672 1060 3725 Thu.

395 3734 428 3798 ιφ
462 3735 517 3786 In
541 3734 788 3798 paueejus
810 3734 933 3785 Tha.
964 3737 1097 3789 Foss.
1130 3738 1270 3791 Corb.
1295 3740 1430 3789 Lam.

401 3796 420 3865 ξ
460 3796 764 3865 Ῑοῐιθηιιιείβ
785 3807 917 3865 terra
936 3800 1060 3865 Bod.
1087 3801 1133 3850 5.
1162 3801 1429 3865 Ejicicmus
1454 3801 1555 3853 Lin.
1579 3800 1721 3852 Corb.

401 3861 417 3912 ὃ
461 3861 516 3911 In
542 3864 827 3913 memoriam
850 3860 977 3912 Bod.
1002 3864 1045 3912 1.
1061 3865 1110 3914 4,

398 3924 426 3963 ιι
446 3924 618 3976 Exodo
641 3925 885 3977 dixitNC.
912 3924 958 3974 2.

403 3987 423 4025 1
461 3987 617 4038 Ovem
635 4000 726 4051 per
744 3989 897 4037 tribus
923 3987 1051 4051 Bod.
1073 3986 1122 4037 5.

396 4050 437 4078 ιη
468 4051 734 4101 Anniculus
753 4054 847 4101 erit
876 4050 998 4101 Bod.
1021 4052 1066 4099 1.

398 4113 428 4143 ³³
451 4111 608 4177 ane
626 4114 801 4177 vulgus
819 4113 1025 4164 ﬁliorum
1038 4113 1176 4164 Foss.
1190 4111 1582 4177 OmnispOpulns
1602 4113 1726 4165 Bod.
1744 4115 1793 4163 5.

399 4178 423 4201 “
456 4174 519 4226 Et
540 4174 783 4238 accipient
799 4178 864 4225 de
888 4177 1128 4237 sanguine
1154 4183 1206 4225 et
1228 4174 1573 4238 Bod.'1,'2,75,
1589 4176 1636 4225 4.

400 4240 429 4280 Ρ
463 4237 657 4297 Quibus
672 4239 935 4288 comedent
955 4240 1088 4288 Lam.
1115 4239 1222 4289 ΝΟ.
1251 4240 1294 4287 1.
1317 4239 1439 4289 Istas
1468 4237 1590 4289 Tha.
1612 4237 1863 4290 Foss.Pla.
1888 4238 1938 4290 N

340 4298 394 4350 C.
420 4300 466 4349 εὶ.
483 4300 547 4350 Et
561 4302 878 4363 carncsipsas
896 4299 1019 4363 Bod.
1047 4303 1091 4357 1,
1117 4301 1369 4363 5,4.Οοι’ῡ.

400 4364 430 4404 (ι
464 4362 879 4412 Amaritudinibus
892 4362 997 4414 Lin.
1026 4362 1150 4415 Bod.
1178 4367 1224 4415 1.
1253 4364 1301 4414 4.
1322 4362 1463 4415 Corb.

401 4425 427 4458 ³
462 4424 685 4475 Pedibus
707 4427 818 4486 ejus
856 4427 988 4477 Lom.
1015 4427 1270 4479 Intestinis
1301 4428 1428 4479 Bod.
1457 4428 1507 4477 5.
1541 4427 1652 4479 NG.
1672 4427 1931 4478 2.111191%-

2106 3175 2128 3235 ‘F
2163 3171 2586 3235 Derelinquentes
2616 3174 2740 3224 Tha.
2764 3175 2909 3235 ,Foss.
2929 3189 2995 3226 ex
3018 3188 3081 3227 eo
3099 3175 3206 3228 Litt.

2104 3234 2123 3307 ξ
2163 3233 2336 3307 stum
2357 3233 2518 3286 Lamb.
2538 3235 2659 3287 Ossa
2682 3234 2873 3302 Aﬂl.Ab
2888 3252 2951 3289 eo
2973 3238 3106 3292 Lam.
3126 3240 3231 3292 Lin.
3252 3240 3359 3292 ΝΕ.
3388 3242 3486 3307 1,2.
3516 3245 3643 3300 Bod.

2038 3296 2142 3360 1,2,
2169 3299 2216 3347 4.
2726 3296 2751 3302 “

2103 3362 2136 3431 ιζ
2166 3359 2432 3431 ξὶιῃιυῐιὼὶ
2457 3360 2643 3431 BodJ.
2706 3422 2753 3431 __

2106 3425 2136 3454 ν
2170 3422 2507 3473 Culceameuta
2536 3424 2667 3474 Lam.
2697 3422 2801 3474 Litt.
2831 3422 2939 3476 ΝΟ.
2971 3426 3017 3475 1.

2102 3486 2131 3515 ³
2166 3486 2334 3536 Baculi
2358 3488 2504 3536 vestri
2527 3486 2668 3537 Corb.

2103 3548 2132 3589 Τ
2168 3548 2463 3599 EstDomiui
2490 3549 2630 3600 Corb.

2104 3608 2348 3681 f_'l‘l_1ron_i
2373 3619 2584 3681 quatuor
2606 3610 2833 3681 animalia
2858 3612 2987 3681 Lam.
3008 3613 3124 3681 .\’_t_3._
3132 3614 3188 3681 1.,
3206 3616 3340 3681 Βοά.
3358 3618 3457 3681 1,Ξ)..

2053 3674 2165 3784 TITI
2199 3673 2278 3784 pg
2300 3673 2477 3725 dextra
2495 3676 2717 3725 sedentis
2743 3676 2876 3725 Lam.
2899 3677 3000 3726 Lin.
3031 3678 3142 3729 NG.
3174 3680 3218 3728 1.
3234 3679 3358 3731 Bod.
3387 3673 3434 3743 '1,
3457 3682 3506 3743 2,
3526 3683 3573 3746 δ,
3591 3685 3641 3736 s.

2130 3750 2176 3784 ll.
2272 3751 2337 3784 88.

2110 3748 2176 3797 tu.
2199 3748 2337 3797 r‘oss,

2100 3794 2389 3871 bbﬁnureas
2412 3806 2463 3848 et
2486 3799 2990 3871 pateﬁaqumLThu.
3020 3801 3146 3851 Bod.
3171 3803 3217 3864 1,
3240 3804 3290 3865 2,
3310 3805 3357 3854 5.
3384 3807 3492 3858 NC.
3518 3809 3563 3871 I,
3588 3809 3641 3863 2.

2041 3858 2145 3911 Litt.
2168 3859 2363 3910 Phislas
2385 3858 2565 3911 aureas
2592 3863 2713 3911 Bod.
2751 3865 2795 3911 1.
2827 3863 2967 3913 Corb.

2098 3926 2153 3993 cf
2191 3922 2451 3993 ﬁignagula
2466 3925 2590 3993 Bod.
2603 3925 2652 3973 3.
2672 3928 2720 3975 Ν
2727 3926 2831 3977 0.2.
2849 3926 3043 3990 Dignus
3058 3938 3116 3976 es
3132 3927 3359 3992 accipere
3377 3931 3508 3983 Em.
3529 3935 3641 3988 NG.

1989 4052 1998 4061 .
2048 3987 2096 4048 ίν
2199 3984 2312 4061 ίίῇίι
2329 3984 2521 4061 Βθέίῖ.ίι
2546 3986 2593 4036 2ο

2111 4047 2173 4088 dd
2206 4048 2476 4099 Redemisti
2497 4062 2586 4099 nos
2600 4047 2708 4099 Deo
2731 4050 2853 4101 Tim.
2873 4051 3010 4102 Foss.
3035 4049 3175 4102 Corb.
3195 4051 3370 4104 Emisti
3400 4059 3514 4108 ver.
3529 4058 3642 4111 Deo

2046 4120 2215 4182 nostro
2241 4119 2295 4163 et
2315 4112 2617 4172 sacerdotes,
2638 4123 2691 4165 et
2713 4117 2994 4179 regnabant
3011 4116 3256 4168 LamLin.
3269 4120 3377 4170 NG.
3394 4121 3440 4182 1,
3461 4121 3641 4176 2.Βο‹1.

2043 4175 2093 4313 ξ’
2194 4235 3258 4313 Viderisloannes'lesumvcnigntemnadse,
3282 4246 3350 4294 ait
3372 4245 3639 4299 Lam.Bod.

2042 4302 2089 4363 1,
2111 4301 2160 4363 _2.
2184 4300 2293 4363 NG.
2313 4301 2360 4359 2,
2387 4300 2434 4360 4,
2461 4300 2567 4352 Lin.
2591 4302 2728 4353 Vidit
2746 4304 2896 4355 Joan.
2916 4304 3053 4355 Foss.
3070 4305 3210 4355 Corb.

2106 4360 2157 4440 εἴ
2194 4362 2324 4440 .Ecge
2341 4364 2626 4440 agnus’Dei,
2637 4379 2772 4440 Ecce
2785 4366 3045 4431 quiaufert
3068 4369 3201 4419 Lam.
3229 4371 3278 4423 Ν
3286 4366 3339 4418 C.
3362 4368 3410 4432 1,
3434 4370 3559 4423 Bod.
3588 4373 3643 4440 1,

2036 4425 2085 4488 2,
2110 4428 2159 4488 ὅ,
2184 4428 2234 4476 4.
2252 4424 2393 4479 Ροεεῖ
2408 4424 2619 4479 Auferet
2637 4427 2760 4479 Tlnr.

1592 4554 1836 4613 STEPH.
1878 4555 2151 4615 BALUZII
2187 4556 2420 4615 NOTAE.

376 4698 1107 4759 CAP.XV.——Picridibus.lta
1121 4712 1329 4760 veteres
1343 4703 1605 4759 editiones
1618 4710 1807 4758 etocto
1822 4700 1943 4756 libri
1966 4701 2356 4761 Dnominatur.
2391 4700 2520 4757 Vide
2544 4700 2957 4756 illustrissimum
2985 4701 3157 4756 virum
3190 4700 3407 4756 Petrum
3438 4701 3639 4759 Ennio;

340 4783 569 4846 veteres.
594 4775 851 4830 Erasmus
871 4775 1085 4845 scripsit
1106 4776 1315 4830 lactucis
1340 4776 1637 4846 agrestibus,
1669 4774 1938 4846 quomodo

340 4844 564 4900 vertisse
588 4855 830 4919 sanctum
858 4843 1238 4919 Hieronymum
1261 4843 1445 4903 monet
1466 4843 1763 4919 Pamelius;
1793 4843 1937 4919 quin!

304 4980 307 4983 Α
340 4931 529 4990 verum
546 4927 681 4990 est;
704 4917 796 4973 sed
820 4918 961 4973 idem
989 4914 1344 4990 Hieronymus
1369 4920 1422 4990 in
1450 4918 1675 4990 cpistola
1701 4920 1768 4970 ad
1792 4914 1937 4990 Μαν-

339 4988 521 5040 cellam
547 4988 611 5041 de
634 4988 957 5044 Munusculis
976 4988 1231 5059 acceptis,
1254 4990 1360 5043 ait:
1387 4989 1588 5042 Pascha
1613 4988 1935 5059 Christicum

340 5060 763 5114 amaritudinibus
806 5058 1144 5115 manducatur
1182 5076 1199 5113 :
1240 5071 1294 5115 et
1344 5062 1397 5114 in
1422 5060 1643 5130 epistola
1682 5060 1750 5112 ad
1788 5058 1931 5114 Caua-

341 5130 566 5183 dentium
617 5132 683 5187 de
708 5130 990 5187 lnIantulte
1022 5132 1088 5163 ⁶⁰⁰
1115 5131 1433 5187 educatione
1465 5149 1476 5185 :
1508 5131 1935 5202 Paschaquoque

342 5216 454 5253 cum
483 5204 907 5257 amaritudinibus
956 5204 1148 5258 comedi
1186 5203 1407 5272 iubetur.
1449 5202 1541 5258 Sic
1571 5203 1732 5257 etiam
1774 5203 1862 5257 lib.
1896 5219 1933 5259 Il

341 5272 584 5347 adversus
614 5273 957 5347 Jovinianum.
993 5273 1175 5330 Codex
1198 5274 1616 5347 Moyssiacensis
1648 5284 1703 5347 et
1726 5272 1934 5329 Gratia-

342 5346 680 5415 nopolitanus
713 5345 911 5401 habent
947 5345 1308 5400 amaritudine
1336 5353 1539 5401 tantum
1600 5363 1613 5400 :
1663 5346 1931 5412 Compen-

341 5414 560 5488 diensis,
592 5417 933 5472 amaritudine
958 5418 1398 5488 cumpicridibus;
1427 5416 1778 5479 Turonensis,
1803 5414 1932 5471 Cor-

338 5486 571 5542 bciensis
600 5499 655 5541 et
684 5500 792 5544 tres
812 5486 1127 5558 Anglicmi':
1157 5489 1605 5553 antaritudinibus;
1635 5489 1926 5558 Eligiunus,

298 5600 307 5605 -
339 5558 787 5628 pinguetudinibus
825 5561 1215 5629 amaritudinis,
1250 5577 1349 5616 cxx
1390 5560 1711 5632 Interprctcs
1744 5574 1930 5632 posue-

337 5638 616 5704 runt/mat
641 5635 885 5704 πικρίξῳν.
929 5632 1283 5704 Hieronymus
1325 5636 1377 5687 in
1420 5632 1639 5703 prologo
1682 5631 1933 5704 Epistolas

336 5700 402 5753 ad
431 5702 696 5774 Algasiam
730 5700 743 5758 ὲ
785 5702 902 5757 Vidi
937 5718 1028 5774 ego
1059 5700 1296 5757 nauseam
1334 5715 1382 5757 et
1421 5700 1604 5773 capitis
1643 5703 1933 5772 vertiginem

336 5771 566 5847 antidoto
600 5789 715 5843 qua:
761 5771 1053 5847 appellatur
1097 5782 1273 5847 mepte,
1309 5790 1443 5842 saepe
1465 5771 1667 5847 satiari.
1708 5771 1928 5840 Plinius,

336 5841 432 5909 lib.
466 5841 757 5920 xxn,'cap.
785 5841 873 5903 22.
928 5846 1095 5903 Pieris
1118 5841 1190 5902 ab'
1204 5841 1390 5922 insigni
1415 5846 1770 5902 amaritudinis
1807 5860 1931 5921 cog-

2048 4772 2151 4827 lem
2186 4772 2435 4841 Hostium
2464 4772 2515 4826 in
2543 4772 2987 4827 Observationibus
3012 4774 3062 4827 in
3091 4773 3639 4830 Commemini-iami-

2040 4844 2190 4911 genis
2215 4885 2229 4909 ,
2274 4860 2391 4914 pag.
2442 4843 2530 4899 15.
2566 4844 2780 4915 Addunt
2817 4843 2956 4912 istic,
2988 4856 3053 4899 ex
3106 4845 3326 4915 antiquo
3366 4844 3639 4903 ordinario

2041 4916 2295 4970 Ecclesia:
2350 4917 2517 4971 sancti
2564 4914 2758 4987 Aniani
2790 4916 3199 4987 Aurelianensis
3240 4914 3635 4987 iusnnscripto,

2038 4987 2221 5041 locum
2250 4990 2338 5054 qui
2382 4988 2525 5041 visus
2553 4984 2898 5058 cstdil‘licilis
2937 4987 3252 5058 quibusdam
3276 5028 3292 5053 ,
3325 5003 3447 5043 cum
3488 4984 3539 5043 iu
3575 4984 3639 5044 ea

2038 5058 2169 5113 urbe
2207 5073 2419 5130 essem.
2454 5057 2578 5130 Post
2624 5057 2924 5129 descriptas
2962 5057 3315 5114 cmreumnias
3356 5076 3477 5130 quae
3503 5062 3638 5116 [lunt

2040 5130 2092 5184 in
2127 5130 2279 5183 tertia
2327 5129 2457 5202 ieris
2492 5129 2878 5202 Rogationum,
2912 5141 3035 5202 post
3060 5129 3387 5200 descriptam
3414 5145 3639 5202 proces-

2038 5205 2243 5256 sionem
2283 5201 2350 5255 ad
2398 5200 2677 5256 ecclesiam
2712 5203 2884 5257 sancti
2913 5200 3178 5257 Germani
3206 5244 3219 5264 ,
3253 5200 3446 5271 legitur
3478 5202 3585 5256 illic
3614 5218 3633 5258 :

2042 5272 2184 5327 Tunc
2228 5272 2413 5326 recedit
2450 5274 2709 5341 processio
2736 5273 2800 5327 ab
2837 5272 3055 5327 ecclesia
3099 5275 3354 5327 cantando
3394 5274 3634 5327 letaniam

2037 5360 2195 5414 usque
2231 5343 2300 5397 ad
2328 5345 2586 5397 ecclesiam
2612 5360 2782 5410 suam,
2816 5360 2873 5399 eo
2917 5344 3097 5398 ordine
3123 5354 3221 5415 quo
3252 5355 3514 5410 venerant,
3542 5344 3635 5399 illo

2037 5416 2353 5487 pra’cedente
2385 5416 2471 5486 qui
2498 5424 2667 5482 portat
2696 5416 2955 5482 lactucas;
3000 5429 3103 5470 non
3150 5425 3399 5487 poterant
3439 5430 3635 5487 cupere

2035 5486 2162 5556 quid
2210 5487 2261 5540 in
2290 5486 2391 5541 hoc
2435 5487 2552 5541 loco
2596 5487 2897 5556 signiﬁcare
2939 5486 3167 5556 possint
3192 5489 3432 5541 lactucae.
3465 5486 3635 5543 Erro:

2036 5567 2122 5613 est
2166 5557 2406 5629 librarii,
2449 5556 2536 5627 qui
2588 5557 2814 5613 lactucas
2841 5560 3024 5629 posuit
3062 5574 3167 5629 pro
3188 5559 3431 5614 lectiones
3459 5573 3478 5612 :
3509 5573 3632 5615 nam

2034 5644 2192 5699 supra
2224 5628 2416 5697 legitur
2440 5648 2454 5682 :
2488 5629 2723 5693 Quartus
2741 5628 2915 5699 portas
2936 5628 3120 5684 librum
3147 5632 3200 5685 in
3225 5646 3325 5701 quo
3353 5629 3493 5684 lecta
3519 5634 3635 5700 fue-

2033 5711 2150 5754 runt
2181 5702 2442 5774 conciones
2468 5701 2536 5754 ad
2576 5704 2878 5774 matutinum
2896 5742 2912 5769 ,
2941 5712 2996 5757 ct
3025 5703 3341 5774 pa’ultipnst,
3372 5702 3633 5757 dictaret-

2034 5773 2295 5854 ponsorio,
2320 5788 2447 5845 puer
2470 5789 2601 5830 unus
2626 5771 2746 5849 legit
2775 5773 3114 5832 lectionem-in
3138 5771 3265 5830 libro
3293 5786 3636 5847 (inanimum

2034 5851 2269 5919 portavit.
