4230 6282
531 257 635 317 711

1932 258 2070 321 DIVI
2104 257 2435 324 CYPBIANI

3738 269 3852 332 712

530 376 678 430 mitto
707 386 733 414 τι
763 377 818 433 in
860 378 1192 449 fundamenta
1237 377 1368 435 Sion
1406 378 1629 450 lapidem
1673 380 1968 450 pretiosum,
2016 383 2146 437 etec-
2171 392 2223 453 Α
2251 395 2332 439 est
2362 385 2496 454 lapis
2528 344 2581 437 in
2603 383 2836 440 Basilion
2873 383 2916 454 (1
2938 382 3066 456 Reg.
3101 381 3233 457 xvn)
3265 397 3373 457 quo
3403 386 3572 442 David
3618 387 3854 446 frontem

533 477 642 525 tum
666 469 718 537 ι’,
750 488 1021 539 summum,
1053 472 1372 543 angularem,
1405 473 1744 540 honoratum;
1773 484 1819 529 et
1849 477 1936 544 qui
1974 475 2141 530 credi-

535 563 666 616 derit
710 563 763 615 in
789 579 925 629 eum,
961 579 1062 617 non
1093 563 1434 634 confundetur
1465 563 1596 634 (Isa.
1629 582 1810 632 xxvnt,
1858 565 1970 635 16).
2009 567 2141 623 Item

530 655 586 708 in
607 654 820 709 Psalmo
841 661 985 711 cxvii
1007 673 1020 711 :
1044 655 1204 729 Lapis
1222 675 1366 727 quem
1389 660 1783 728 reprobaverunt
1807 660 2141 729 wdiﬁcantes,

532 746 615 800 hic
640 750 804 816 [actus
824 757 899 802 est
918 751 971 802 in
990 757 1144 821 caput
1166 750 1362 822 anguli.
1381 751 1426 803 A
1455 749 1668 805 Dontino
1691 753 1860 823 factus
1881 760 1950 805 est
1975 751 2069 806 iste
2093 763 2141 819 ο,

530 849 578 894 ει
602 849 676 895 est
701 841 1015 898 admirabilis
1043 845 1095 896 in
1121 845 1280 898 oculis
1307 844 1514 899 nostris.
1535 843 1642 898 Iste
1669 845 1775 899 dies
1796 842 1823 880 ά
1855 861 2003 914 quem
2023 844 2145 914 fecit

530 931 810 1000 Dominus,
844 934 1125 990 exultemus
1148 944 1193 990 et
1213 937 1561 1006 jncundemur
1586 947 1608 974 ε’
1633 938 1686 991 in
1713 953 1793 990 eo.
1829 936 1874 990 0
1906 936 2140 1003 Domine,

435 1016 442 1024 ’
529 1022 707 1080 salvaf
731 1025 907 1096 igitur,
932 1041 962 1081 o
986 1024 1220 1091 Domine,
1249 1027 1412 1098 dirige
1435 1028 1609 1096 igitur.
1633 1025 1934 1081 Benedictus
1959 1036 2032 1082 est
2060 1027 2146 1097 qui

531 1117 664 1171 venit
693 1117 747 1171 in
775 1119 978 1172 nomine
993 1117 1205 1173 Domini
1227 1118 1342 1190 (Ps.
1376 1135 1567 1186 cxvm,
1595 1118 1814 1192 22-26).
1844 1121 1974 1176 Item
2002 1119 2166 1190 apud‘

531 1206 846 1264 Zachariam
878 1227 890 1263 :
926 1208 1057 1263 Ecce
1087 1227 1177 1282 ego
1209 1211 1408 1266 adduco
1436 1228 1649 1282 puerum
1687 1229 1871 1265 meum.
1906 1211 2086 1266 Oriens
2119 1222 2144 1260 8

533 1315 716 1355 nomen
735 1311 806 1354 est
825 1301 871 1354 ei
889 1317 907 1355 :
923 1301 1164 1371 quoniam
1191 1302 1324 1373 lapis
1344 1319 1490 1372 quem
1509 1303 1626 1356 dedi
1650 1312 1767 1357 ante
1792 1303 1976 1374 faciem
1995 1304 2144 1371 Jesu,

532 1409 687 1464 super
734 1393 958 1460 lapidem
1000 1394 1170 1464 ipsum
1212 1411 1370 1448 unum
1411 1404 1601 1466 septem
1635 1395 1768 1449 oculi
1811 1405 1928 1448 sunt
1961 1394 2144 1467 (Zach.

534 1502 614 1553 ιιι,
639 1485 696 1553 8,
716 1486 792 1556 9).
816 1486 945 1542 Item
967 1487 1023 1542 in
1047 1487 1458 1542 Deutcronomio
1488 1505 1501 1540 :
1534 1485 1600 1540 Et
1630 1487 1814 1541 scribes
1839 1484 1865 1522 ιι
1894 1503 2047 1557 super
2071 1487 2149 1541 ta-

535 1578 704 1651 pidem
727 1596 926 1633 omnem
950 1579 1112 1651 legem
1146 1580 1278 1634 hanc
1307 1580 1572 1652 manifeste
1592 1580 1741 1635 nimis
1767 1579 1946 1650 (Deut.
1981 1597 2147 1649 xxv",

535 1674 614 1747 8).
640 1673 774 1731 Item
803 1674 945 1745 apud
989 1673 1174 1730 Jesum
1205 1673 1350 1730 Nave
1383 1693 1396 1728 :
1429 1674 1498 1728 Et
1525 1676 1716 1744 accepit
1746 1675 1967 1746 lapidem
2008 1692 2150 1745 utag-

2247 477 2413 533 Goliae
2440 477 2703 546 percussit
2723 486 2775 532 et
2793 475 3007 543 occidit,
3036 476 3345 548 signiﬁcans
3365 479 3637 536 diabolum
3665 491 3719 538 et
3738 496 3856 538 ser-

2249 583 2343 621 vos
2369 568 2484 636 ejus
2511 566 2632 622 inde
2659 569 2947 638 prosterni,
2972 567 3110 623 victa
3137 570 3341 626 scilicet
3362 586 3425 626 ea
3447 573 3637 644 capitis
3660 582 3808 644 parte
3829 578 3849 613 ι

2247 675 2406 730 quam
2441 659 2701 730 signatam
2741 674 2849 715 non
2881 658 3082 716 habent
3107 669 3157 713 υ.
3190 660 3308 728 Quo
3337 663 3491 733 signo
3533 681 3634 721 nos
3664 675 3719 721 et
3759 665 3859 722 tuti

2248 766 2462 821 semper
2507 766 2691 806 sunnis
2736 761 2790 806 et
2829 751 3076 808 vivimus.
3109 751 3207 809 Hic
3237 761 3319 809 est
3359 754 3492 825 lapis
3529 772 3691 828 quem
3733 771 3857 812 cum

2248 843 2575 912 alienigenas
2591 843 2753 899 lsraél
2781 844 2996 900 vicisset
3018 845 3202 900 statuit
3228 831 3466 917 Samuel,
3494 858 3548 903 et
3567 848 3860 920 appellavit

2250 949 2444 990 nomen
2462 935 2577 1005 ejus
2603 935 2939 1004 Abennezer,
2969 935 3019 992 id
3040 936 3276 1008 estlapis
3304 939 3590 996 auxiliator
3613 939 3702 1012 "(1
3722 939 3861 1013 Reg.

2251 1048 2342 1098 vn,
2383 1031 2492 1103 12).

2254 1184 2371 1224 CAP.
2401 1183 2527 1224 XVII.
2567 1199 2635 1208 —-
2684 1182 2820 1230 QUOD
2848 1183 3044 1222 DEINDE
3075 1184 3203 1224 ιιιειι
3234 1185 3384 1226 LAPIS
3405 1186 3543 1228 MONS
3572 1188 3767 1229 FIEIKET
3789 1189 3859 1231 ΕΤ

2697 1276 2963 1316 ιιιιιιειιετ
2989 1275 3168 1316 TOTA.“
3191 1278 3430 1320 TERRAM.

2326 1396 2482 1466 Apud
2527 1395 2805 1451 Danielem
2849 1411 2862 1447 :
2904 1393 2970 1448 Et
3010 1413 3122 1451 ecce
3165 1398 3334 1469 imago
3380 1399 3531 1454 nimis
3561 1416 3767 1472 magna,
3811 1409 3860 1456 et

2255 1495 2612 1564 contemplatio
2658 1494 2769 1564 ejus
2816 1492 3054 1564 imaginis
3109 1495 3377 1548 metuenda
3425 1505 3472 1549 et
3511 1495 3647 1550 elata
3697 1497 3860 1551 stabat

2255 1599 2430 1644 contra
2464 1601 2546 1653 te;
2571 1590 2716 1658 cujus
2740 1598 2891 1658 caput
2923 1589 3020 1657 {uit
3045 1604 3106 1642 ea:
3133 1605 3262 1642 auro
3289 1591 3437 1656 bono,
3469 1600 3642 1659 pectus
3668 1600 3713 1644 et
3743 1589 3861 1644 bra—

2255 1682 2370 1735 chia
2397 1683 2508 1751 ejus
2537 1692 2798 1752 argentea,
2830 1690 3000 1736 uenter
3025 1689 3072 1733 et
3106 1683 3304 1751 femora
3335 1697 3488 1748 cerea,
3519 1682 3668 1751 pedes
3694 1694 3862 1737 autem

536 1783 680 1835 num,
711 1777 760 1822 et
791 1768 968 1822 statuit
997 1784 1110 1822 eum
1141 1767 1250 1821 illic
1279 1775 1457 1820 contra
1484 1765 1785 1830 Dominum,
1826 1776 1872 1820 et
1901 1767 1972 1819 ait
1998 1764 2030 1819 J
2039 1782 2150 1820 esus
2181 1782 2226 1842 Β
2255 1792 2320 1830 ex
2366 1785 2508 1846 parte
2534 1775 2737 1846 quidem
2762 1776 2935 1846 ferrei,
2963 1790 3028 1830 ea:
3057 1783 3198 1844 parte
3236 1785 3404 1829 autem
3433 1775 3634 1844 ﬁctiles,
3663 1777 3862 1846 quoad-

540 1861 610 1916 ad
651 1860 900 1932 populum
931 1876 949 1914 :
979 1859 1114 1914 Ecce
1141 1860 1274 1930 lapis
1313 1860 1406 1914 iste
1434 1859 1528 1913 erit
1556 1858 1693 1913 vobis
1721 1860 1774 1912 in
1814 1858 2151 1912 testimonium

540 1953 661 2024 quia
707 1954 803 2008 iste
849 1951 1044 2007 audivit
1078 1951 1092 1988 ί
1147 1952 1318 2006 omnia
1358 1967 1471 2022 qua:
1511 1951 1649 2005 dicta
1693 1961 1811 2006 sunt
1850 1969 1881 2004 a
1910 1949 2152 2013 Domino,

538 2054 728 2116 quanta
755 2045 955 2100 locutus
992 2049 1064 2099 est
1105 2043 1118 2094 ι
1161 2045 1230 2098 ad
1254 2061 1340 2099 vos
1383 2044 1566 2108 hodie;
1596 2051 1642 2098 et
1670 2045 1761 2097 erit
1801 2045 1907 2112 ipse
1939 2041 2076 2097 vobis
2103 2043 2154 2095 in

543 2137 886 2192 testimonium
898 2138 965 2170 '9’
989 2137 1042 2190 in
1059 2136 1332 2192 novissimo
1353 2136 1570 2203 dierum,
1585 2137 1788 2204 quando
1811 2135 2108 2190 recesseritis
2123 2151 2154 2186 a

542 2231 653 2286 Deo
679 2240 840 2287 vestro
875 2230 1012 2303 (Jos.
1045 2245 1201 2298 χχιιι,
1223 2229 1316 2296 26,
1349 2228 1464 2302 27).
1499 2228 1634 2285 Item
1666 2229 1718 2284 in
1745 2227 1966 2283 Amibns
1986 2229 2158 2297 Apos-

545 2328 778 2383 telorum
808 2325 1000 2382 Petrus
1032 2343 1046 2379 :
1085 2325 1355 2391 Principes
1383 2322 1562 2394 populi
1589 2331 1638 2378 et
1653 2322 1875 2377 seniores
1904 2319 2074 2375 Israé'l
2102 2318 2153 2387 ιε,
2199 2345 2210 2356 ·

543 2419 718 2474 audite
746 2435 760 2472 :
795 2416 928 2473 Ecce
963 2433 1054 2472 nos
1085 2416 1236 2470 hodie
1271 2415 1646 2484 interrogantur
1669 2429 1701 2466 a
1726 2413 1864 2468 vobis
1891 2429 2042 2481 super
2068 2411 2156 2464 ὑε-

550 2517 755 2583 ιιεῙαειο
795 2510 1016 2566 hominis
1045 2507 1062 2546 1
1098 2509 1292 2578 inﬁrmi
1336 2509 1390 2562 in
1417 2523 1517 2578 quo
1547 2508 1641 2561 iste
1677 2506 1899 2560 salvatus
1939 2515 2034 2558 est.
2075 2503 2158 2558 Sit

545 2604 683 2658 vobis
695 2603 926 2657 omnibus
946 2610 1124 2656 notum
1143 2609 1192 2655 et
1204 2600 1342 2654 omni
1362 2598 1550 2671 p0pulo
1565 2596 1730 2652 Israél
1741 2599 1858 2668 quia
1880 2598 1931 2651 in
1954 2596 2158 2650 nomine

545 2696 578 2750 .l
587 2713 675 2750 esu
696 2695 883 2750 Christi
899 2692 1185 2760 Nazareni,
1207 2709 1357 2763 quem
1375 2709 1463 2748 vos
1484 2692 1828 2762 cruciﬁxistis,
1855 2707 2001 2761 quem
2017 2688 2159 2744 Deus

547 2787 810 2842 suscitauit
841 2803 875 2841 a
902 2785 1117 2841 mortuis
1138 2795 1178 2822 ω
1204 2787 1257 2840 in
1288 2785 1378 2839 illo
1403 2785 1498 2838 iste
1519 2786 1574 2837 in
1595 2794 1863 2855 conspectu
1891 2793 2051 2838 vestro
2076 2798 2159 2837 sa-

549 2896 646 2934 nus
671 2879 841 2934 adstat
866 2887 918 2946 1',
948 2878 1003 2932 in
1025 2878 1129 2932 alio
1157 2887 1326 2933 autem
1347 2877 1508 2931 nullo.
1534 2875 1634 2930 llic
1664 2888 1736 2931 est
1767 2877 1896 2946 lapis
1924 2876 2010 2946 qui
2035 2891 2160 2928 con-

551 2981 769 3044 temptus
795 2983 867 3028 est
893 2989 925 3026 a
954 2972 1091 3026 vobis
1117 2971 1488 3041 aedificantibus
1511 2979 1560 3037 ο,
1591 2971 1678 3040 qui
1707 2975 1870 3041 [actus
1895 2979 1964 3024 est
1994 2969 2046 3022 in
2068 2984 2159 3021 cu-

551 3075 649 3137 put‘
669 3066 865 3138 anguli.
898 3064 1022 3121 Non
1050 3074 1122 3121 est
1151 3066 1285 3121 enim
1311 3082 1494 3121 nomen
1519 3065 1664 3120 aliud
1704 3065 1794 3120 sub
1829 3064 1956 3118 caelo
1986 3063 2160 3116 datum

2256 1886 2415 1942 usque
2465 1868 2688 1923 abscisus
2728 1880 2801 1923 est
2830 1868 2961 1939 lapis
2991 1867 3054 1922 de
3081 1878 3251 1922 monte
3278 1868 3385 1922 sine
3412 1868 3642 1922 manibus
3683 1868 3863 1922 conci-

2256 1961 2505 2023 dentium,
2551 1971 2596 2013 et
2639 1960 2883 2027 percussit
2918 1959 3193 2028 imaginem
3226 1975 3377 2030 super
3403 1960 3554 2028 pedes
3593 1962 3784 2030 ferreos
3809 1968 3864 2014 et

2257 2051 2458 2122 ﬁctiles,
2492 2062 2536 2106 et
2567 2053 2860 2106 comminuit
2884 2068 2967 2106 eos
2989 2053 3292 2116 minutatim,
3323 2063 3369 2106 et
3392 2055 3584 2121 factum
3610 2061 3678 2107 est
3699 2053 3860 2108 simul

2259 2149 2478 2216 ferreum
2507 2154 2555 2199 et
2586 2155 2712 2199 testa
2731 2154 2757 2180 κ
2782 2155 2828 2200 ει
2853 2155 3180 2200 atramentum
3208 2156 3253 2199 et
3277 2154 3611 2216 argentumet
3641 2161 3864 2210 aurum;

2259 2247 2305 2294 et
2331 2239 2470 2307 facta
2496 2247 2612 2293 sunt
2649 2239 2849 2292 minuta
2873 2237 3022 2307 quasi
3048 2239 3194 2308 palea
3217 2246 3304 2290 aut
3331 2237 3496 2306 pulvis
3525 2239 3580 2290 in
3614 2253 3734 2290 area
3761 2252 3864 2291 tes-

2261 2341 2380 2398 tate,
2415 2343 2459 2386 et
2482 2332 2735 2386 ventitavit
2757 2332 2850 2386 illa
2869 2340 3064 2396 uentus,
3097 2331 3169 2384 ita
3191 2339 3246 2383 ut
3275 2328 3404 2384 nihil
3425 2329 3724 2384 remanserit
3745 2339 3772 2378 ι’
3802 2345 3868 2383 ea:

2259 2426 2398 2494 illis;
2439 2437 2486 2481 et
2533 2428 2666 2497 lapis
2701 2428 2789 2497 qui
2835 2428 3078 2498 percussit
3115 2426 3388 2498 imaginem
3427 2425 3592 2496 factus
3619 2435 3690 2480 est
3723 2441 3865 2479 mons

2260 2534 2496 2590 ntagnns,
2528 2529 2574 2574 et
2596 2519 2820 2591 implevit
2851 2529 3006 2574 totam
3034 2528 3222 2573 terram
3254 2517 3413 2591 (Dan.
3443 2533 3502 2584 tt,
3534 2518 3744 2589 51-55).

2260 2670 2381 2711 CAP.
2427 2651 2576 2709 XVIII.
2641 2685 2713 2694 -—
2773 2669 2912 2720 QUOD
2949 2669 3002 2709 IN
3040 2666 3334 2710 NOVISSIIIIS
3375 2665 3701 2708 TEHPORIBUS
3741 2666 3866 2706 ιιιειι

2336 2763 2475 2804 HONS
2503 2761 3012 2814 IANIFES'I'ARETUR,
3045 2761 3210 2802 SUPER
3243 2758 3388 2808 QUEM
3423 2759 3628 2800 GENTES
3661 2751 3682 2780 τ
3715 2759 3870 2799 VENI-

2335 2855 2498 2908 REN'I‘,
2531 2855 2600 2895 ΕΤ
2632 2855 2683 2895 IN
2713 2855 2856 2903 QUEI
2885 2855 3025 2896 JUSTI
3052 2853 3247 2904 QUIQUE
3277 2851 3676 2892 ASCENDERENT.

2336 2976 2489 3048 Apud
2521 2976 2735 3032 Esaiam
2767 2985 2824 3013 ⁸³
2851 2993 2865 3028 :
2898 2974 3012 3029 Erit
3042 2975 3094 3028 in
3125 2974 3409 3028 novissimis
3433 2971 3737 3043 temporibus
3755 2987 3870 3025 ma-

2265 3071 2477 3142 nifestus
2501 3085 2644 3122 mons
2679 3068 2882 3122 Domini
2908 3078 2953 3122 et
2983 3068 3161 3122 domus
3185 3065 3282 3121 Dei
3308 3083 3462 3137 super
3494 3065 3700 3120 vertices
3729 3081 3873 3118 mon-

552 3159 841 3215 hominibus
885 3159 939 3213 in
975 3176 1074 3230 quo
1103 3167 1300 3230 oportet
1326 3159 1514 3219 salvari
1544 3175 1636 3213 uos
1684 3158 1822 3231 (Act.
1876 3173 1952 3224 IV,
1981 3153 2157 3228 3-19)
2189 3181 2232 3243 ρ
2267 3165 2414 3228 tium,
2446 3173 2491 3217 et
2522 3161 2830 3217 exaltabitur
2855 3177 3008 3232 super
3032 3160 3208 3229 colles,
3246 3169 3291 3214 ει
3320 3160 3516 3214 venient
3550 3175 3702 3228 super
3725 3158 3873 3212 illum

553 3251 652 3308 llic
696 3260 780 3307 est
822 3251 960 3322 lapis
1009 3251 1062 3304 in
1121 3249 1319 3306 Genesi
1357 3248 1508 3319 (Gen.
1567 3250 1772 3318 xxvni)
1822 3265 1979 3318 quem
2015 3247 2165 3320 ponit

554 3342 722 3399 Jacob
762 3341 830 3396 ad
861 3350 1022 3411 caput
1065 3357 1242 3408 suum,
1285 3341 1408 3411 quia
1447 3353 1607 3412 caput
1643 3341 1742 3396 viri
1785 3340 2062 3409 Christus;
2111 3351 2165 3398 et

557 3432 832 3490 dormiens
879 3431 1026 3486 videt
1064 3432 1264 3488 scalam
1305 3432 1374 3487 ad
1413 3433 1612 3488 cmlum
1649 3431 2060 3503 pertingentem,
2111 3433 2162 3487 in

559 3545 665 3601 qua
695 3527 1018 3583 constitutus
1045 3534 1162 3583 erat
1198 3526 1478 3594 Dominus,
1511 3536 1566 3582 et
1585 3526 1775 3598 Angeli
1804 3525 2167 3580 ascendebant

559 3633 618 3682 et
643 3622 1080 3689 descendebant;
1116 3637 1276 3694 quem
1305 3621 1536 3692 lapidem
1573 3621 1908 3678 consecravit
1935 3630 1989 3676 et
2015 3619 2169 3674 unxit

558 3726 903 3774 sacramento
933 3717 1201 3772 unctionis
1230 3725 1258 3766 P
1287 3713 1559 3771 Christum
1586 3714 1912 3786 signilieans.
1952 3713 2050 3769 Hic
2085 3722 2169 3768 est

555 3810 694 3882 lapis
723 3809 780 3866 in
808 3808 998 3866 Exodo
1029 3807 1227 3881 (Exod.
1249 3811 1386 3881 xvn)
1411 3823 1574 3879 super
1601 3823 1761 3878 quem
1788 3807 1930 3863 sedit
1953 3806 2168 3880 Moyses

557 3902 617 3960 in
646 3902 925 3959 cacumine
945 3902 1104 3957 collis
1123 3912 1171 3969 ει,
1201 3901 1414 3972 quando
1432 3900 1589 3956 Jesus
1616 3899 1762 3955 Nave
1790 3909 1975 3955 contra
2009 3901 2168 3954 Ama-

559 3993 684 4050 lech
714 4005 736 4032 τ
766 3994 1064 4061 dimicavit,
1105 4004 1160 4050 et
1197 4003 1535 4050 sacramento
1570 3992 1762 4064 lapidis
1795 4003 1850 4049 et
1879 3992 2168 4049 stabilitate

557 4085 819 4142 sessionis
848 4086 1105 4142 Amalech
1139 4095 1421 4156 superatus
1447 4095 1532 4142 est
1559 4087 1627 4141 ab
1655 4086 1800 4150 Jesu,
1835 4085 1886 4140 id
1915 4095 2016 4151 est,
2045 4085 2162 4141 dia-

559 4176 717 4232 holus
759 4191 791 4231 a
834 4176 1055 4256 Chrile
1077 4177 1251 4232 victus
1282 4187 1386 4233 est.
1427 4176 1526 4232 Hic
1569 4184 1652 4232 est
1679 4176 1813 4246 lapis
1843 4191 2066 4248 magnus
2111 4177 2164 4231 in

559 4270 794 4327 Basilion
818 4271 995 4342 primo
1023 4268 1069 4342 (Ι
1094 4269 1225 4342 Reg.
1251 4269 1326 4343 tv)
1354 4285 1516 4340 super
1552 4284 1710 4340 quem
1741 4269 1914 4339 posita
1941 4279 2022 4326 est
2041 4284 2164 4325 arca

563 4363 893 4429 testamenti,
934 4364 1152 4434 quando
1175 4379 1294 4420 eam
1323 4363 1392 4420 ab
1425 4373 1446 4400 ³
1479 4362 1769 4436 allopliylis
1800 4364 2080 4419 remissam
2113 4372 2169 4418 et

561 4458 825 4517 redditam
855 4457 909 4515 in
937 4459 1178 4531 plaustro
1214 4457 1379 4514 boves
1422 4464 1848 4528 reportaverunt.
1897 4453 2032 4512 item
2079 4455 2168 4512 hic

2268 3271 2440 3311 omnes
2478 3264 2670 3326 gentes,
2714 3264 2760 3308 et
2801 3253 3128 3308 ambulabunt
3159 3254 3324 3316 multi,
3355 3263 3400 3306 et
3430 3252 3634 3306 dicent:
3673 3250 3866 3318 Venite,

2267 3349 2597 3404 ascendamus
2626 3347 2678 3400 in
2710 3356 2929 3402 montem
2954 3344 3165 3400 Domini
3190 3355 3235 3400 et
3260 3346 3314 3399 in
3339 3345 3540 3399 domum
3560 3342 3658 3397 Dei
3676 3341 3864 3409 Iacob,

2268 3452 2315 3496 et
2345 3440 2594 3494 nuntiabit
2620 3439 2764 3494 nobis
2799 3440 2931 3493 viam
2957 3440 3087 3510 ejus,
3115 3448 3161 3491 et
3189 3436 3556 3491 antbulabimus
3579 3432 3639 3472 Μ’
3669 3435 3722 3487 in
3747 3432 3870 3487 illa.

2271 3530 2346 3586 De
2370 3532 2496 3587 Sion
2514 3532 2646 3585 enim
2664 3531 2898 3600 procedet
2922 3540 2943 3568 θ
2955 3539 2976 3567 ο
2997 3530 3080 3584 lea:
3093 3538 3137 3594 et
3151 3527 3351 3583 verbum
3369 3527 3576 3581 Domini
3596 3526 3658 3579 ab
3679 3523 3726 3578 Η
3732 3526 3873 3578 ieru-

2269 3624 2465 3689 salem;
2493 3633 2538 3678 et
2559 3623 2814 3694 jndicabit
2839 3622 2971 3677 inter
3005 3621 3197 3693 gentes,
3239 3629 3286 3675 et
3323 3620 3594 3691 redarguet
3629 3618 3873 3689 papulunt

2268 3717 2508 3781 multum,
2538 3725 2585 3770 et
2611 3714 2878 3770 concident
2906 3714 3107 3787 gladios
3130 3729 3250 3768 suos
3284 3713 3337 3766 in
3373 3721 3548 3765 aratra
3589 3719 3638 3764 et
3675 3709 3875 3764 lanceas

2269 3825 2389 3863 suas
2433 3809 2486 3862 in
2514 3807 2674 3879 falces
2714 3803 2773 3843 δά
2795 3849 2811 3875 ,
2841 3816 2888 3862 ει
2923 3808 3038 3877 jam
3092 3822 3192 3862 non
3241 3805 3436 3860 discent
3475 3819 3705 3875 pugnare
3733 3801 3872 3872 (lsa.

2269 3915 2326 3966 ιι,
2360 3898 2506 3970 2-5).
2543 3897 2676 3955 Item
2707 3897 2761 3953 in
2786 3897 3000 3953 Psalmo
3031 3912 3208 3953 unt:
3239 3895 3366 3962 Quis
3385 3895 3622 3961 ascendet
3648 3896 3699 3948 in
3726 3911 3876 3948 mon-

2271 4000 2370 4046 tem
2401 3989 2630 4056 Domini,
2663 3999 2751 4044 aut
2781 3990 2892 4060 quis
2921 3988 3069 4043 stabit
3097 3989 3152 4042 in
3180 3988 3292 4043 loco
3320 3997 3496 4042 sancto
3527 3987 3675 4057 ejus?
3715 3983 3880 4039 Inno-

2269 4101 2386 4140 cens
2411 4083 2643 4140 manibus
2664 4094 2709 4138 et
2731 4083 2922 4138 mundo
2943 4082 3096 4137 corde
3115 4091 3192 4134 οο.
3220 4080 3321 4149 Qui
3343 4098 3444 4136 non
3462 4081 3653 4152 accepit
3676 4082 3728 4134 in
3750 4097 3878 4135 vano

2270 4181 2493 4234 animam
2523 4196 2688 4244 suant,
2731 4188 2779 4233 et
2819 4194 2920 4233 non
2938 4178 3137 4248 juravit
3163 4174 3374 4232 subdole
3405 4173 3453 4213 Η
3498 4176 3729 4245 proximo
3758 4174 3878 4239 sibi,

2268 4273 2363 4329 iste
2389 4273 2602 4344 accipiet
2630 4272 3024 4327 benedictionem
3049 4286 3082 4324 a
3106 4269 3327 4324 Domino
3348 4277 3394 4322 et
3421 4267 3822 4322 misericordiam
3848 4283 3881 4320 a

2271 4363 2384 4421 Deo
2413 4365 2630 4420 salutari
2653 4380 2767 4419 suo.
2796 4361 2908 4418 Ista
2938 4362 3172 4416 nativitas
3205 4377 3380 4416 eorum
3409 4369 3465 4408 88
3491 4363 3578 4428 qui
3604 4376 3719 4414 eum
3740 4374 3883 4429 qure-

2271 4467 2413 4524 runt,
2451 4459 2535 4528 qui
2569 4467 2802 4531 quwrunt
2832 4457 3012 4528 {aciem
3038 4455 3134 4512 Dei
3180 4454 3342 4510 Jacob
3370 4452 3490 4527 (Ps.
3526 4469 3674 4521 mu,
3704 4455 3760 4522 5,
3793 4453 3880 4522 6).

1789 4569 2082 4627 LECTION
2088 4570 2168 4628 ES
2205 4570 2621 4627 VARIANTES.

631 4671 658 4735 ξι
688 4669 798 4735 Ego
820 4670 965 4720 mitto
987 4668 1114 4735 Bod.
1150 4669 1198 4719 1.

624 4727 934 4801 1jEl'ectum,
954 4734 1459 4801 mundum,summum_
1485 4728 1616 4801 11οᾳΖ
1636 4728 1684 4778 2.
1705 4727 1974 4801 ἔαρι-ιω.

627 4797 652 4828 °
679 4797 884 4848 Factum
905 4789 982 4847 est
995 4796 1124 4846 istud
1149 4789 1202 4844 et
1225 4802 1303 4846 est
1324 4793 1548 4844 mirabile
1563 4789 1668 4845 Lin.
1698 4789 1823 4842 Bod.
1843 4791 1894 4840 5.

625 4855 657 4897 ιι
690 4860 811 4910 Haec
835 4867 912 4910 est
927 4861 1037 4909 dies
1061 4857 1186 4909 Bod.
1212 4859 1262 4907 5.

627 4925 657 4990 ξ’
691 4923 938 4990 [aptemur
957 4923 1081 4990 Bod.
1099 4923 1147 4971 5.
1177 4920 1282 4970 Lin.
1311 4920 1417 4971 NG.
1441 4918 1539 4990 1,2:

626 4981 650 5021 τ
689 4986 888 5036 Salvum
911 4985 1002 5044 fac,
1023 4986 1156 5035 bene
1176 4977 1590 5046 prosperare'Lin,
1619 4981 1726 5046 ΝΟ.
1745 4980 1793 5029 2.
1808 4979 1932 5030 Bod.
1953 4977 1998 5028 1.
2017 4977 2158 5029 Corb.

638 4999 647 5021 ι
689 4999 888 5036 salvum
911 4999 1002 5044 Iac,
1025 4999 1156 5035 nene
1173 4999 1470 5094 prosperare
1484 4999 1590 5031 Lm.
1619 4999 1657 5033 tv
1674 4999 1726 5031 ιι.
1746 4999 1816 5029 Ζ..

638 5048 666 5088 8
700 5049 850 5099 Ortus
871 5061 1051 5097 nomen
1075 5055 1152 5096 est
1210 5059 1276 5096 sn.
1299 5047 1348 5097 Ν
1354 5046 1408 5096 C.
1433 5046 1484 5095 2.
1527 5041 1651 5095 Thu.
1677 5045 1816 5095 Foss.

624 5106 658 5184 ξι
680 5110 852 5184 Scribe
874 5109 1171 5184 su_p_er.Bod.

627 5171 650 5214 ἱ
689 5174 830 5234 Quod
847 5171 1076 5223 auditatis
1096 5175 1256 5222 omnia
1277 5171 1415 5234 Foss,

655 5238 668 5288 ι
705 5229 925 5288 locutus
950 5243 1026 5286 est
1043 5236 1181 5286 vobis
1203 5236 1336 5285 Lam.
1357 5232 1463 5286 Lin.
1491 5231 1600 5286 ΝΟ.
1621 5232 1670 5289 1,
1693 5230 1741 5280 2.
1766 5231 1892 5282 Bod.
1921 5229 2088 5292 1,2,5,
2114 5229 2162 5278 4.

627 5297 658 5336 ιι
690 5299 927 5351 Seniores
947 5297 1259 5351 Israel.ecce
1283 5299 1418 5348 Lam.
1447 5295 1553 5349 Lin.
1589 5295 1698 5349 NG.
1727 5294 1774 5344 1.
1796 5293 1920 5348 Bod.
1944 5296 1991 5351 1,
2026 5292 2076 5351 2,
2109 5292 2162 5342 4.

1405 5334 1418 5348 ο
1447 5325 1553 5349 μαι.
1589 5325 1626 5349 λι
1645 5325 1698 5345 υ.
1731 5325 1774 5344 ι.
1796 5325 1920 5348 ll".
1947 5325 1991 5355 ι,
2027 5325 2076 5354 ά,
2109 5325 2162 5342 τι

1839 5335 1898 5348 ⁷-
2205 5371 2212 5380 -

627 5425 649 5466 1
687 5425 941 5476 Beneﬁcio
963 5425 1056 5475 hoc
1075 5425 1286 5475 hominis
1302 5425 1427 5477 Bod.
1451 5424 1500 5474 5.

624 5489 665 5562 ξ’
680 5488 836 5562 “Deus
861 5489 1106 5562 εξιςιξὶηιςιγὶεζ
1119 5499 1146 5535 a
1177 5491 1383 5541 mortuis
1406 5485 1530 5540 Bod.
1558 5485 1606 5547 1,
1629 5485 1678 5535 5.
1705 5484 1752 5534 4.

561 5555 585 5616 ε
625 5553 657 5583 ⁸³
680 5551 838 5602 Sanus
860 5551 1047 5601 adstitit
1065 5551 1202 5602 Foss.

569 5679 580 5690 ,
625 5618 652 5644 ⁰
687 5613 1488 5690 Quiefediﬁepbitis'godJLCorb‘.
1511 5615 1630 5690 ἷξες.
1672 5612 1850 5662 Benev.
1875 5609 2074 5662 Positus
2092 5611 2172 5658 est

566 5679 619 5732 in
633 5683 782 5739 caput
800 5678 934 5725 Lam.
959 5675 1076 5739 Litt,
1090 5676 1199 5728 NC.
1227 5677 1274 5725 1.
1304 5677 1432 5728 Bod.
1450 5675 1499 5738 2,
1521 5678 1570 5739 5,
1590 5675 1641 5725 4.

629 5742 660 5778 Ρ
693 5737 1012 5787 Sacramento
1028 5737 1275 5788 Christum
1293 5739 1421 5787 Thn.

629 5801 662 5848 ιι
694 5796 957 5848 Cacumina
981 5799 1160 5848 montis
1175 5799 1309 5849 Lam.
1337 5797 1440 5849 Lin.
1467 5802 1513 5850 Ν
1521 5799 1572 5850 C.
1597 5799 1641 5850 1.
1670 5798 1850 5861 Bod.2,
1869 5798 1918 5860 5,
1941 5799 1989 5848 4.

2189 4665 2244 4727 D
2336 4665 2378 4727 '7
2399 4663 2634 4716 Amalech
2655 4664 2920 4715 dimicabat
2955 4662 3077 4714 Tltu.
3102 4659 3244 4713 Corb.
3271 4660 3534 4714 Dimicavit
3568 4667 3886 4712 sacramento

2273 4726 2400 4776 Bod.
2429 4729 2472 4776 ι.

2339 4793 2361 4822 ³
2399 4789 2602 4849 Quando
2625 4789 2687 4838 ab
2700 4789 2826 4841 Bod.
2852 4789 2901 4838 5.

2276 4850 2718 4966 Bgdvgctpfeream
2740 4854 2914 4917 capitis
2957 4859 3147 4915 partem
3175 4852 3307 4903 Lam.
3342 4849 3467 4902 Bod.
3495 4849 3544 4901 1.
3568 4849 3618 4914 2,
3639 4850 3686 4899 4.
3712 4848 3890 4902 Victus

2394 4929 2476 4964 .0.
2517 4929 2630 4967 V81".

2335 4979 2362 5006 ιι
2396 4976 2625 5028 Haberet
2652 4978 2784 5026 Lam.
2809 4976 2914 5028 Lin.
2935 4977 3042 5028 ΝΟ.
3063 4977 3113 5027 1.

2329 5042 2361 5114 ξ
2392 5039 2563 5114 [τιιρξὶε
2585 5041 2902 5114 adjutorNC.
2921 5040 2967 5114 2.

2335 5103 2364 5178 ξ
2395 5102 2690 5178 stram
2715 5103 2976 5178 .estsmal-
2999 5104 3160 5178 ραςοεε·

2333 5166 2360 5206 θ’
2395 5163 2697 5218 Remaneret
2713 5167 2762 5215 in
2784 5168 2882 5216 illis
2903 5164 3029 5217 Bod.
3051 5166 3097 5224 1,
3118 5166 3168 5213 2.
3190 5162 3316 5213 Thu.

2331 5227 2920 5304 flisntescoexenirsa!
2946 5227 3073 5304 ιέοει-
3095 5229 3152 5304 ἔ·
3181 5290 3194 5304 .

2333 5291 2391 5352 8³⁸
2414 5291 2606 5342 Esaiam
2633 5306 2644 5342 :
2665 5292 2728 5344 Et
2751 5293 2849 5342 erit
2871 5292 2996 5342 Bod.
3025 5290 3071 5339 1.
3093 5292 3143 5352 5,
3168 5290 3218 5339 4.

2325 5349 2388 5391 Μ)
2413 5354 2474 5403 Ει
2490 5355 2828 5404 inarediemur
2841 5357 2974 5404 Lam.
2993 5349 3189 5403 Bod.'2.
3204 5352 3308 5403 Lin.

2329 5369 2388 5391 νυ
2413 5369 2474 5403 nt
2490 5369 2538 5403 tn
2577 5369 2974 5404 reatemurmm.
2993 5369 3118 5403 uoa.
3138 5369 3189 5401 z.
3204 5369 3308 5403 Lm.

2329 5418 2390 5487 °_°_
2422 5369 2628 5487 Prodit
2650 5415 2895 5487 lernLam.
2924 5417 3037 5469 ΝΟ.
3063 5413 3252 5487 1._Bod.
3278 5413 3393 5475 1,2.

2330 5477 2392 5518 dd
2428 5480 2483 5530 In
2504 5479 2655 5551 falces
2673 5484 2726 5529 et
2741 5477 2842 5551 jam
2865 5479 3196 5551 non_aeeip_iet
3218 5473 3345 5551 gens
3374 5487 3526 5551 super
3545 5481 3760 5551 geptein
3773 5473 3891 5551 διε-ς

2269 5543 2422 5600 dium,
2451 5541 2605 5603 etjam
2623 5554 2719 5591 non
2736 5535 2929 5594 discent
2957 5544 3074 5594 Ver.
3090 5535 3361 5593 'LamTNC.
3382 5535 3586 5601 1,'Bod.
3606 5537 3653 5587 2.
3677 5535 3898 5586 Discent

2271 5603 2390 5656 belli
2398 5617 2577 5656 iterare
2598 5603 2704 5655 Lin.

2343 5617 2816 5718 ἓέιδιῗιῗιῖίῗυξηὲὸι-ἀθ
2842 5668 2974 5718 Lam.
3004 5665 3114 5720 NG.
3133 5666 3181 5715 1.
3212 5663 3337 5716 Thu.
3366 5661 3497 5716 Bod.
3522 5663 3572 5711 2.

2347 5726 2411 5798 t_f_
2437 5729 2544 5798 lien
2561 5729 2803 5791 juravitin
2827 5731 2941 5781 dolo
2957 5730 3058 5781 Lin.
3085 5730 3203 5798 NC._
3219 5729 3265 5778 2.
3290 5727 3497 5798 Bodl;
3514 5789 3542 5798 Α
3587 5791 3592 5798 ,

2354 5795 2412 5835 88
2446 5789 2667 5844 Haec'est
2687 5799 2943 5858 generatio
2962 5794 3291 5858 querentium
3318 5790 3424 5844 Lin.
3451 5789 3560 5843 ΝΟ.
3584 5789 3634 5837 2.
