4230 6282
319 261 425 317 713

1526 255 2090 317 TESTIMONIORUM
2129 255 2332 316 LIBER
2367 256 2433 314 II.

3523 261 3632 318 71-1

320 389 439 430 car.
482 386 699 427 κων-
743 384 884 438 quon
927 383 1040 428 ipse
1076 383 1159 428 sn‘
1205 384 1426 429 sponsus
1447 414 1462 442 ,
1490 387 1781 430 necnssuu
1828 390 1928 430 na-
1958 378 2009 435 Α
2037 373 2169 446 ignis
2198 376 2261 428 de
2285 374 2431 438 rubo,
2459 378 2519 444 et_
2541 370 2668 427 vidit
2696 370 2936 442 quoniam
2965 372 3120 429 rubus
3160 373 3359 430 arderet
3389 372 3514 446 igni,
3548 393 3636 430 ru-

396 482 527 524 BENS
588 481 861 534 SPONSAK,
917 484 986 524 DE
1049 482 1151 531 QUA
1206 483 1330 522 FILII
1379 481 1684 524 SPIRITALES
1730 483 1926 524 Μεδε-

393 575 628 616 RENTUR.

395 699 464 732 ’9’
489 697 642 770 Apud
666 696 820 754 Johel
849 713 864 752 :
893 697 1071 752 Canite
1095 696 1213 752 tuba
1227 697 1279 751 in
1298 695 1444 762 Sion,
1465 697 1778 767 sancti/icate
1798 698 1930 766 jeju-

322 794 485 856 nium,
503 803 549 848 et
566 792 773 846 indicite
788 792 1120 856 curationem,
1135 801 1404 862 aggregate
1415 792 1657 860 populum
1673 800 1722 858 ει,
1743 792 1932 845 sancti-

325 888 476 957 ficate
497 885 779 949 ecclesiam,
795 884 1013 952 excipite
1030 884 1248 954 majores
1277 893 1421 949 natu,
1450 882 1672 954 colligite
1694 883 1932 955 parvulos

324 980 600 1043 lactentes;
623 977 863 1048 procedat
882 991 1097 1046 sponsus
1109 976 1172 1029 de
1196 973 1350 1029 cubili
1380 992 1470 1029 suo
1491 975 1542 1042 ι),
1571 984 1615 1030 et
1637 992 1824 1048 sponsa
1872 975 1934 1028 de

323 1073 551 1129 thalamo
594 1088 687 1126 suo
739 1069 946 1140 (Johel
983 1085 1040 1133 Il,
1084 1068 1174 1133 15,
1240 1067 1350 1139 16).
1393 1069 1523 1123 Item
1567 1069 1706 1139 apud
1749 1068 1936 1124 Hiere-

325 1170 489 1222 miam
519 1182 532 1219 :
563 1165 627 1220 Et
656 1166 889 1235 auferam
923 1162 987 1217 de
1019 1163 1302 1217 civitatibus
1337 1160 1479 1216 Juda
1522 1171 1570 1216 et
1621 1163 1683 1217 de
1727 1163 1933 1234 quadri-

325 1263 417 1316 viis
443 1273 464 1299 ο
509 1259 833 1316 Hierusalem
871 1273 1044 1312 vocem
1085 1257 1368 1312 lwtantium
1411 1267 1457 1310 et
1499 1273 1669 1311 vocem
1709 1257 1936 1329 gauden-

329 1355 475 1421 tium,
521 1371 692 1409 vocem
727 1353 901 1423 sponsi
943 1361 992 1406 et
1035 1367 1206 1406 vocem
1251 1366 1454 1422 sponsa:
1493 1351 1668 1424 (Hier.
1714 1367 1822 1417 xw,
1854 1349 1932 1423 9).

328 1447 461 1503 Item
495 1447 546 1502 in
579 1445 792 1502 Psalmo
819 1459 948 1499 xvm
981 1460 995 1496 :
1029 1441 1096 1496 Et
1124 1443 1234 1511 ipse
1261 1443 1394 1497 velut
1432 1459 1647 1514 sponsus
1673 1442 1938 1513 egrediens

328 1542 393 1598 de
435 1542 660 1596 thalamo
689 1556 802 1594 suo.
838 1537 1124 1592 Exsultavit
1162 1545 1218 1589 ut
1253 1535 1396 1607 gigas
1416 1534 1442 1571 ἀ
1472 1536 1607 1590 viam
1640 1551 1861 1590 currere.
1893 1533 1940 1587 Α

327 1650 527 1690 summo
557 1634 668 1688 cwli
709 1630 928 1704 egressio
953 1628 1062 1700 ejus
1085 1638 1133 1695 ο,
1165 1637 1211 1682 et
1254 1628 1484 1682 decursio
1529 1630 1639 1699 ejus
1679 1643 1835 1698 usque
1870 1626 1939 1681 ad

328 1743 584 1783 summum
619 1727 751 1791 eius,
785 1731 831 1777 et
860 1738 961 1776 non
986 1729 1058 1776 est
1085 1720 1173 1790 qui
1205 1721 1358 1774 lateat
1390 1719 1407 1758 τ
1443 1737 1475 1774 a
1494 1721 1663 1775 calore
1682 1722 1790 1791 ejus
1811 1718 1932 1792 (Ps.

327 1837 484 1885 xvm,
519 1820 572 1882 6,
600 1818 675 1873 7i.
708 1816 839 1872 Item
873 1815 926 1870 in
947 1813 1269 1885 Apocalypsi
1304 1831 1317 1867 :
1364 1813 1506 1881 Veni,
1539 1815 1800 1868 ostendam
1847 1811 1936 1867 tibi

329 1931 513 1968 novam
543 1919 754 1980 nuptam
796 1924 1009 1963 uxorem
1040 1907 1173 1979 Agni
1189 1924 1209 1973 ;
1233 1916 1279 1962 et
1310 1908 1453 1962 duxit
1477 1924 1557 1963 me
1579 1909 1635 1962 in
1662 1908 1862 1980 Spiritu
1885 1909 1938 1962 in

326 2014 547 2059 montem
597 2017 859 2073 magnum,
905 2010 951 2054 et
996 2000 1213 2054 ostendit
1253 1999 1379 2054 mihi
1421 2001 1672 2054 civitatem
1709 2009 1938 2054 sanctam

332 2097 655 2154 Hierusalem
685 2094 1067 2151 descendentem
1095 2095 1158 2147 de
1177 2093 1324 2158 caelo,
1347 2111 1379 2147 a
1408 2094 1515 2149 Deo
1539 2094 1803 2149 habentem
1831 2093 1940 2148 cla-

328 2194 525 2248 ritatem
542 2201 565 2237 ε
586 2189 682 2244 Dei
700 2188 910 2262 (Apoc.,
927 2201 1039 2252 xxI,
1066 2185 1120 2253 9,
1152 2186 1264 2257 11).
1291 2186 1419 2240 Item
1445 2185 1498 2240 in
1518 2185 1940 2256 Evangeliocata

328 2281 635 2340 Joannem:
677 2278 777 2334 Vos
805 2277 930 2332 mihi
978 2286 1124 2332 testes
1150 2277 1268 2331 estis
1313 2278 1552 2348 quoniam
1592 2277 1701 2332 dixi
1743 2279 1813 2332 eis
1853 2279 1940 2348 qui

329 2377 472 2431 missi
499 2385 616 2430 sunt
643 2375 705 2427 ab
741 2370 1111 2442 Hierosolymis
1133 2370 1202 2424 ad
1230 2386 1330 2436 me,
1357 2371 1476 2441 quia
1506 2387 1608 2426 non
1634 2388 1748 2426 sum
1769 2371 1941 2426 Chris-

331 2479 432 2532 tus,
487 2469 575 2523 sed
618 2469 856 2540 quoniam
895 2465 1079 2517 missus
1128 2479 1243 2518 sum
1281 2473 1398 2518 ante
1442 2465 1609 2518 illum.
1665 2464 1768 2532 Qui
1810 2465 1943 2520 enim

335 2559 485 2614 habet
526 2574 766 2630 sponsam
808 2571 1025 2627 sponsus
1056 2563 1147 2609 est.
1194 2553 1404 2609 Anticus
1443 2565 1612 2611 autem
1652 2558 1828 2625 sponsi
1870 2568 1945 2612 est

332 2655 420 2725 qui
431 2662 532 2709 stat
545 2663 592 2708 et
611 2655 798 2726 gaudio
809 2655 953 2708 audit
970 2673 1082 2711 eum
1102 2665 1148 2711 et
1163 2656 1347 2728 gaudet
1369 2663 1574 2726 propter
1588 2669 1758 2709 vocem
1768 2652 1947 2724 sponsi

338 2748 522 2821 (Joan.
552 2763 629 2816 Ill,
659 2747 750 2812 28,
783 2748 896 2819 29).
931 2749 1099 2820 Hujus
1124 2751 1201 2805 rei
1228 2748 1541 2821 mysterium
1567 2757 1840 2803 ostensum
1866 2755 1950 2803 est

335 2839 476 2910 apud
503 2838 686 2895 Jesum
717 2839 888 2909 Nave,
911 2841 1127 2912 quando
1149 2843 1335 2912 jussus
1361 2849 1444 2897 est
1473 2839 1772 2897 excalciare
1801 2853 1863 2896 se
1887 2836 1936 2908 δ,

336 2932 480 3004 quod
523 2932 733 2989 scilicet
772 2948 1003 3004 sponsus
1043 2949 1150 2990 non
1196 2935 1310 3005 ipse
1346 2941 1508 2989 esset.
1550 2931 1681 2988 Erat
1708 2931 1854 2988 enim
1893 2931 1948 2986 in

339 3029 485 3102 Lege
514 3039 572 3084 ut
595 3030 834 3102 quisquis
863 3029 878 3066 ί
918 3032 1127 3101 nuptias
1167 3037 1443 3087 recusaret
1465 3028 1512 3096 i,
1537 3027 1948 3084 calciamentum

342 3123 638 3194 deponeret
659 3121 710 3189 ιί,
743 3122 1062 3178 calciaretur
1083 3139 1214 3180 vero
1236 3123 1331 3179 ille
1361 3123 1449 3193 qui
1479 3136 1710 3192 sponsus
1738 3118 1948 3175 futurus

343 3227 504 3276 esset.
526 3216 594 3272 Et
624 3217 815 3288 factum
833 3225 902 3273 est
925 3234 1042 3272 cum
1061 3227 1188 3274 esset
1209 3217 1361 3272 Jesus
1390 3213 1407 3254 Ι
1433 3212 1486 3270 in
1510 3213 1703 3279 Jerico,
1733 3215 1950 3268 circum-

342 3314 506 3384 spexit
523 3311 704 3376 oculis,
725 3321 770 3365 et
793 3312 915 3366 vidit
945 3311 1196 3366 hominem
1214 3319 1430 3365 stantem
1459 3316 1576 3362 ante
1603 3307 1784 3378 faciem
1803 3322 1951 3362 suam

345 3416 390 3462 et
430 3409 677 3480 frameam
715 3415 959 3461 tenentem
983 3415 1022 3442 ιη
1048 3406 1102 3458 in
1136 3419 1292 3458 manu
1321 3404 1450 3476 ejus,
1483 3411 1530 3456 et
1556 3400 1685 3456 dixit
1711 3416 1731 3455 :
1764 3397 1952 3454 Noster

346 3516 419 3567 es,
449 3517 518 3555 an
549 3500 1000 3555 adversariorum?
1028 3497 1129 3554 Ille
1152 3506 1320 3552 autem
1348 3497 1478 3551 dixit
1506 3513 1526 3550 :
1553 3493 1667 3568 Ego
1703 3510 1815 3549 sum
1843 3494 1952 3548 dux

349 3593 550 3648 virtutis
594 3592 824 3660 Domini,
867 3609 1000 3646 nunc
1041 3591 1240 3646 adveni.
1269 3588 1338 3644 Et
1366 3587 1521 3645 Iesus
1559 3588 1736 3643 cecidit
1772 3588 1827 3642 in
1866 3591 1951 3660 fa—

351 3688 480 3742 cient
501 3695 527 3722 "
557 3686 626 3740 ad
655 3696 865 3752 terram,
895 3694 943 3740 et
972 3685 1044 3740 ait
1067 3685 1143 3740 illi
1167 3702 1186 3741 :
1212 3683 1453 3750 Domine,
1483 3683 1605 3754 quid
1624 3685 1844 3756 imperas
1871 3685 1956 3754 fa-

352 3781 491 3834 mulo
511 3790 534 3815 (³
567 3779 696 3834 tuo?
727 3779 791 3833 Et
817 3781 889 3832 ait
927 3779 1035 3833 dux
1071 3778 1268 3833 virtutis
1307 3776 1558 3832 Domini:
1581 3775 1735 3831 Solve
1769 3775 1959 3829 calcia-

2033 467 2126 522 bus
2153 475 2320 520 autem
2350 483 2450 520 non
2477 466 2793 520 cremabatur
2823 478 2871 519 (ι.
2901 465 2972 520 Et
3009 468 3138 522 dixit
3168 467 3412 540 Moyses:
3440 468 3635 524 Trans-

2030 558 2138 614 iens
2176 557 2350 613 videbo
2373 569 2394 595 τ
2425 558 2520 612 hoc
2556 560 2749 630 grande
2793 560 2975 626 visum,
3007 577 3098 615 cur
3121 563 3296 633 utique
3319 579 3421 617 non
3441 579 3638 618 creata-

2034 665 2116 708 tur
2141 664 2162 690 ε
2195 652 2369 712 rubus.
2405 651 2470 708 Ut
2495 653 2619 706 vidit
2646 662 2813 707 autem
2838 655 3080 724 quoniam
3112 656 3522 725 acceditvidere,
3553 673 3643 712 vo-

2033 747 2164 800 cavit
2213 763 2324 800 eum
2363 745 2610 798 Dominus
2651 743 2794 798 Deus
2843 747 2906 799 de
2949 748 3084 816 νυὸς
3123 748 3294 804 dicens
3338 766 3356 804 :
3408 749 3634 822 Moyses,

2035 839 2260 911 Moyses.
2295 839 2394 906 Qui
2422 838 2549 892 dixit
2577 839 2597 873 ί
2637 853 2656 891 :
2687 838 2823 904 Quid
2854 838 2968 892 est?
3004 839 3066 892 Et
3094 840 3224 895 dixit
3250 857 3269 894 :
3303 840 3389 896 Ne
3415 860 3642 899 accesse-

2035 933 2108 986 ris
2127 933 2245 997 huc,
2261 932 2359 985 nisi
2378 930 2586 986 solveris
2605 931 2990 984 calciamentum
3015 932 3078 985 de
3098 933 3310 1003 pedibus
3330 937 3448 990 tuis.
3474 935 3642 991 Locus

2036 1024 2170 1076 enim
2195 1024 2248 1076 in
2276 1040 2376 1092 quo
2404 1035 2508 1077 stas
2537 1032 2670 1076 terra
2695 1032 2871 1077 sancta
2894 1032 2989 1078 est.
3022 1022 3090 1076 Et
3119 1025 3249 1079 dixit
3279 1027 3323 1079 ei
3345 1043 3364 1080 :
3394 1026 3508 1100 Ego
3529 1045 3643 1082 sum

2036 1115 2177 1171 Deus
2207 1117 2368 1186 patris
2399 1117 2534 1181 tui“,
2564 1115 2706 1171 Deus
2732 1116 3012 1183 Abraham,
3052 1126 3098 1172 et
3125 1115 3266 1171 Deus
3300 1118 3470 1186 Isaac,
3506 1121 3644 1176 Deus

2036 1209 2196 1264 Jacob
2242 1209 2445 1284 (Exod.
2482 1225 2560 1275 ιιι,
2587 1209 2749 1277 2-6).
2781 1209 2894 1266 Hoc
2923 1219 3101 1266 autem
3128 1211 3522 1268 manifestatum
3561 1224 3648 1270 est

2039 1301 2093 1357 in
2127 1302 2418 1374 Evangelia
2444 1310 2560 1357 cata
2587 1301 2849 1357 Joannem
2891 1321 2902 1356 :
2936 1301 3002 1355 Et
3043 1303 3306 1375 respondit
3338 1304 3442 1359 illis
3480 1305 3646 1361 Joan-

2040 1413 2167 1452 nes:
2194 1395 2307 1468 Ego
2335 1396 2539 1467 quidem
2560 1405 2587 1434 ν
2619 1396 2818 1467 baptizo
2865 1397 2918 1450 in
2962 1413 3096 1468 aqua
3127 1412 3146 1451 :
3187 1402 3239 1452 in
3275 1399 3438 1452 medio
3473 1378 3670 1455 autem.

2041 1505 2264 1550 vestrum
2291 1504 2390 1550 stat
2417 1510 2562 1564 quem
2590 1510 2676 1549 vos
2706 1493 2906 1548 nescitis
2927 1503 2974 1546 κ.
3007 1492 3129 1565 Ipse
3153 1504 3226 1548 est
3261 1495 3397 1549 enim
3438 1496 3502 1550 de
3545 1513 3644 1568 quo

2041 1588 2151 1644 dixi
2179 1605 2198 1642 :
2225 1587 2354 1643 Post
2380 1604 2461 1643 me
2481 1588 2681 1643 veniens
2708 1587 2857 1642 homo
2877 1597 2905 1635 .V
2933 1597 3050 1641 ante
3075 1604 3153 1642 me
3180 1590 3346 1658 factus
3374 1599 3467 1655 est,
3499 1591 3646 1660 cujus

2042 1701 2145 1740 non
2161 1701 2273 1740 sum
2293 1685 2477 1755 dignus
2503 1683 2775 1755 corrigiam
2801 1683 3118 1737 calciamenti
3141 1693 3162 1718 κ
3182 1683 3372 1737 solvere
3395 1683 3574 1754 (Joan.
3603 1700 3642 1753 ι,

1964 1774 2012 1834 Β
2038 1773 2131 1842 26,
2163 1776 2278 1848 27).
2304 1777 2432 1832 Item
2457 1785 2571 1830 cata
2589 1775 2785 1830 Lucam
2805 1792 2816 1826 :
2836 1774 2950 1828 Sint
2967 1773 3124 1827 lumbi
3143 1775 3292 1828 vestri
3313 1775 3572 1845 praecincti
3589 1785 3649 1815 ηει

2039 1879 2087 1926 et
2116 1871 2337 1924 lucernae
2372 1870 2606 1924 ardentes
2626 1866 2708 1933 δι’,
2732 1878 2780 1921 et
2809 1883 2894 1920 vos
2924 1867 3112 1921 similes
3132 1868 3419 1922 hominibus
3440 1886 3652 1939 exspec-

2042 1966 2265 2020 tantibus
2292 1965 2553 2018 dominum
2590 1979 2738 2016 suum
2756 1962 2964 2033 quando
2994 1963 3158 2015 veniat
3187 1973 3239 2001 σε
3285 1979 3316 2014 a
3343 1964 3556 2033 nuptiis,
3596 1972 3653 2018 ut

2041 2073 2158 2111 cum
2181 2057 2370 2112 venerit
2398 2065 2446 2110 et
2477 2055 2749 2126 pulsaverit
2792 2055 3024 2123 aperiant
3066 2055 3128 2108 ei.
3158 2053 3304 2109 Beati
3323 2051 3380 2092 δά
3405 2055 3536 2110 servi
3571 2054 3652 2108 illi

2041 2167 2168 2222 quos
2193 2150 2466 2204 adveniens
2495 2149 2731 2202 dominus
2761 2148 3006 2200 invenerit
3043 2148 3308 2217 vigilantes
3347 2147 3501 2216 (Luc.
3551 2164 3654 2214 xtl,

2044 2243 2257 2312 55-37).
2290 2241 2422 2297 Item
2461 2241 2512 2296 in
2563 2240 2883 2312 Apocalypsi
2913 2257 2924 2292 :
2957 2239 3206 2311 Regnavit
3236 2239 3487 2294 Dominus
3513 2238 3656 2295 Deus
3734 2282 3740 2286 .

2045 2339 2398 2406 omnipotens,
2445 2336 2759 2409 gaudeamus
2807 2344 2854 2390 et
2902 2335 3220 2399 exultemus,
3276 2346 3324 2390 et
3382 2337 3560 2391 demus
3609 2337 3660 2390 ei

2045 2431 2224 2502 gloria:
2247 2440 2300 2467 ρο
2332 2430 2636 2497 claritatem,
2666 2428 2908 2500 quoniam
2935 2438 3174 2483 venerunt
3200 2429 3396 2498 nuptia:
3427 2429 3582 2500 Agni,
3610 2438 3661 2484 et

2045 2539 2177 2579 uxor
2202 2523 2315 2596 ejus
2343 2540 2398 2578 se
2422 2521 2728 2596 praeparavit
2755 2520 2942 2594 (Apoc.
2976 2537 3088 2587 xix,
3119 2521 3178 2589 6,
3210 2519 3288 2592 7).

2084 2706 2205 2748 cn.
2261 2707 2352 2746 xx.
2425 2721 2495 2732 --
2560 2706 2700 2758 quon
2758 2705 2916 2748 cauet
2971 2706 3132 2748 tLLuu

2765 2798 2954 2839 JUDEI.

3186 2707 3371 2749 FIXURI
3426 2707 3622 2750 ESSENT

2125 2938 2281 3010 Apud
2308 2937 2554 2994 Esaiam:
2578 2937 2824 3009 Expandi
2849 2955 3030 2994 manus
3052 2956 3189 2995 meas
3223 2950 3324 2996 tota
3359 2941 3442 2997 die
3466 2943 3536 2997 ad
3555 2944 3665 3014 ple-

2052 3034 2164 3088 bem
2199 3043 2548 3089 contumacem
2574 3042 2623 3088 et
2650 3033 3078 3088 contradicentem
3111 3035 3255 3100 mihi,
3287 3035 3372 3104 qui
3397 3035 3666 3090 ambulant

2052 3127 2161 3182 vias
2195 3144 2296 3182 non
2327 3128 2482 3182 bonas
2510 3125 2530 3165 ἲ
2544 3125 2587 3196 τ,
2619 3126 2708 3181 sed
2735 3136 2849 3198 post
2879 3135 3084 3196 peccata
3125 3143 3219 3182 sua
3253 3126 3386 3196 (lsa.
3415 3143 3516 3183 va
3536 3171 3552 3194 ,
3581 3127 3666 3200 2).

2054 3221 2186 3278 Item
2226 3222 2368 3292 apud
2397 3221 2720 3277 Hieremiam
2758 3241 2770 3275 :
2820 3219 3018 3286 Venite,
3069 3221 3330 3276 mittamus
3373 3221 3568 3292 lignum
3607 3222 3668 3276 in

2053 3330 2237 3386 panem
2279 3316 2391 3384 ejus
2439 3323 2520 3377 ες,
2563 3323 2612 3368 et
2650 3313 2925 3368 credamus
2970 3309 3030 3348 λιιι
3080 3330 3112 3366 a
3164 3322 3299 3368 terra
3347 3315 3503 3366 vitam
3551 3315 3665 3386 ejus

2057 3407 2229 3483 (Hier.
2275 3423 2364 3474 xi,
2417 3407 2526 3480 19).
2561 3409 2692 3463 Item
2724 3408 2777 3462 in
2817 3407 3238 3462 Deuteronomio
3271 3425 3284 3462 :
3328 3407 3396 3462 Et
3425 3409 3518 3462 erit
3545 3425 3671 3479 pen-

2055 3503 2180 3558 dens
2205 3503 2306 3556 vita
2333 3511 2422 3556 tua
2448 3511 2567 3555 ante
2594 3501 2767 3555 oculos
2795 3510 2930 3567 tuos,
2962 3510 3007 3554 et
3029 3501 3224 3556 timebis
3251 3501 3333 3554 die
3361 3510 3407 3556 et
3428 3511 3594 3569 nocte,
3617 3511 3668 3558 et

2055 3613 2160 3651 non
2212 3596 2385 3650 credes
2436 3597 2551 3649 vita:
2603 3605 2702 3649 tute
2750 3593 2928 3662 (Deut.
2986 3609 3192 3658 xxvm,
3240 3594 3355 3658 66).
3411 3593 3542 3650 Item
3611 3595 3667 3650 in

2063 3689 2279 3745 Psalmo
2326 3704 2416 3745 χχι
2451 3705 2464 3742 :
2504 3686 2810 3754 E/foderunt
2856 3703 3036 3740 manus
3073 3703 3210 3741 meas
3246 3697 3294 3741 et
3332 3689 3483 3757 pedes
3509 3704 3667 3754 meos,

2067 3782 2520 3835 dinumeraverunt
2545 3777 2615 3810 ’θλ
2635 3777 2806 3831 omnia
2821 3792 2938 3831 ossa
2963 3793 3093 3830 mea.
3119 3775 3150 3828 1
3157 3777 3236 3845 psi
3259 3786 3428 3831 autem
3451 3788 3675 3834 contem-

354 3887 576 3933 mentum
603 3877 666 3932 de
694 3874 907 3947 pedibus
932 3874 1050 3930 tuis.
1084 3873 1249 3930 Locus
1290 3873 1424 3928 enim
1455 3873 1510 3927 in
1544 3887 1642 3941 quo
1681 3879 1788 3925 stas
1828 3880 1962 3924 terra
2065 3872 2196 3942 ptati
2216 3880 2354 3936 sunt,
2384 3879 2431 3924 et
2455 3854 2688 3924 viderunt
2707 3885 2821 3937 me,
2863 3877 2910 3924 et
2931 3868 3212 3924 diviserunt
3240 3872 3534 3926 vestimenta
3558 3887 3674 3927 mea

353 3981 532 4026 sancta
580 3979 653 4026 est
702 3969 885 4041 (Iosue
924 3984 982 4036 ν,
1021 3968 1232 4039 13-15).
1285 3967 1418 4024 Item
1450 3968 1506 4022 in
1533 3965 1723 4022 Exodo
1751 3964 1964 4037 Moyses
2065 3964 2181 4028 sibi,
2206 3971 2251 4018 et
2277 3978 2430 4032 super
2456 3970 2642 4016 vestem
2668 3977 2834 4016 meam
2857 3971 3045 4016 sortem
3070 3962 3336 4017 miserunt.
3368 3961 3448 4018 Tu
3476 3973 3670 4031 autem,

352 4063 570 4133 jubetur
584 4062 994 4119 calciamentum
1011 4059 1286 4132 deponere
1304 4070 1354 4126 ι),
1376 4059 1521 4131 quod
1543 4073 1644 4115 nec
1666 4059 1781 4129 ipse
1801 4072 1966 4128 spon-

2069 4055 2318 4120 Domine,
2364 4069 2428 4108 ne
2459 4053 2774 4125 elongaveris
2808 4053 3058 4108 auxilium
3087 4063 3230 4108 tuum
3251 4071 3285 4108 a
3312 4071 3392 4110 me
3410 4096 3424 4120 ,
3451 4056 3504 4110 in
3527 4057 3681 4112 auxi.

356 4169 452 4212 sus
475 4166 622 4212 esset
649 4173 663 4210 :
698 4155 766 4210 Et
795 4155 1038 4227 apparuit
1063 4154 1111 4208 ei
1144 4152 1368 4226 Angelus
1409 4151 1622 4208 Domini
1657 4151 1712 4205 in
1753 4151 1966 4221 flamma
2069 4148 2193 4202 lium
2221 4162 2390 4200 meum
2413 4143 2638 4199 attende.
2682 4143 2871 4201 Libera
2905 4163 2940 4199 a
2977 4145 3152 4217 gladio
3180 4147 3408 4201 animam
3432 4163 3598 4203 meam
3627 4157 3676 4205 et

1594 4262 1980 4323 LECTIONES
2019 4258 2440 4318 VARIANTES.

423 4365 456 4464 ἓ
487 4363 802 4464 gongregate
819 4361 1044 4426 p0pulum
1063 4361 1188 4414 Bod.
1209 4361 1258 4422 1,
1283 4364 1336 4413 5.

539 4426 809 4464 ρρηιιιριιιη
831 4439 920 4464 cum
949 4424 1051 4464 ηηιι
1089 4427 1132 4464 4,
1151 4427 1184 4464 9
1222 4427 1253 4464 ι

427 4425 456 4464 b
489 4426 568 4476 De
585 4424 809 4476 cubiculo
822 4424 920 4475 suo
943 4424 1067 4476 Bod.
1089 4427 1134 4480 1.
1151 4427 1202 4486 2,
1222 4427 1270 4475 4.

427 4492 453 4521 ο
475 4488 665 4539 Plateis
685 4486 962 4538 Jerusalem
975 4488 1083 4539 ΝΟ.
1105 4489 1156 4538 2.

425 4553 456 4592 d
490 4551 644 4602 Velut
667 4554 810 4614 gigas
835 4550 968 4614 Bod.
987 4552 1036 4614 1,
1053 4555 1102 4602 3.
1127 4550 1201 4602 Ad
1218 4549 1514 4603 euri-endam
1533 4550 1665 4600 viam
1690 4549 1825 4600 Lam.
1852 4547 1958 4599 Lin.

365 4616 495 4668 Bod.
520 4614 568 4672 1,
596 4615 647 4672 2,
671 4613 859 4664 5.7NC.
889 4613 998 4672 1,2.

431 4681 460 4788 ἓ
490 4675 610 4788 (ἓᾘὶ
633 4674 870 4788 ῗηξεοιίο
895 4677 1024 4728 Bod.
1048 4676 1093 4738 1,
1115 4678 1167 4739 2,
1194 4677 1243 4726 4.
1269 4673 1393 4725 Thu.
1415 4675 1554 4727 Corb.
1571 4674 1969 4726 ProcessioLam.

368 4737 476 4792 Lin.
497 4739 606 4789 ΝΟ.

434 4799 456 4838 ί
491 4801 597 4852 Nec
639 4797 824 4865 estqui
845 4813 904 4850 se
939 4802 1206 4865 abscondet
1234 4801 1337 4851 Lin.
1365 4802 1473 4852 ΝΟ.
1497 4802 1546 4864 1,
1570 4799 1617 4850 2.
1642 4799 1818 4852 Lateat
1837 4797 1970 4852 calo-

367 4877 478 4917 rem
496 4863 826 4914 Lam.NC.’2.
846 4863 975 4914 Bod.
1001 4864 1050 4921 2,
1078 4864 1128 4914 4.

435 4929 461 4966 κ
495 4925 772 4978 Claritatem
792 4928 909 4976 item
933 4929 1066 4977 Lam.

429 4986 462 5027 ιι
498 4988 564 5039 Ut
587 4989 905 5040 excalcearet
921 5003 977 5040 se
995 4987 1101 5039 Lin.

436 5051 455 5114 ἱ
496 5051 562 5114 Ut
583 5053 880 5114 quicumque
911 5055 1052 5104 Voss.
1072 5053 1123 5114 3.
1153 5051 1286 5102 Lam.
1312 5053 1420 5104 ΝΟ.
1451 5055 1497 5104 1.

440 5113 456 5178 _i
497 5113 699 5178 lfuptias
722 5113 984 5164 excusaret
1005 5113 1128 5165 Bod.
1151 5117 1196 5166 1.
1237 5119 1373 5168 Voss.
1399 5117 1446 5166 2.

437 5176 465 5216 πί
503 5175 884 5227 Excalcearetur
916 5179 1040 5229 Bod.
1064 5178 1110 5227 1.

441 5239 460 5277 1
501 5239 706 5298 Quando
725 5238 818 5289 fuit
839 5238 989 5292 Jesus
1013 5243 1144 5292 Lam.
1172 5241 1280 5294 ΝΟ.
1307 5242 1500 5294 1.Bod.
1543 5242 1588 5301 1,
1635 5239 1682 5291 4.
1724 5239 1892 5290 Jerico
1930 5239 1980 5288 in

376 5314 499 5353 auro
516 5303 656 5352 Foss.

407 5315 770 5415 g£10Ilii-:rsrieam
791 5363 1043 5418 ferentem
1074 5367 1199 5420 Thu.
1218 5368 1356 5419 Foss.
1383 5366 1528 5420 Corb.

441 5430 467 5457 η
501 5427 666 5491 Super
685 5427 864 5478 faciem
891 5429 1016 5480 Bod.
1039 5431 1086 5482 1.

440 5494 465 5522 ο
501 5491 726 5554 Imperas
749 5503 898 5542 servo
926 5494 1060 5544 Lam.

438 5556 470 5598 Ρ
503 5554 901 5606 Calceamentum
921 5555 1120 5608 solvere
1142 5557 1266 5608 Bod.
1287 5557 1334 5606 3.

2128 4355 2158 4396 *ι
2190 4353 2299 4404 Νοη
2337 4351 2742 4404 concremabatur
2767 4353 2892 4404 Bod.
2915 4353 2959 4402 1.
2986 4351 3378 4406 Comburebatur
3403 4355 3537 4407 Lam.
3563 4356 3675 4410 ΝΟ.

2063 4415 2114 4468 2.
2140 4417 2266 4467 Bod.
2291 4417 2339 4466 2.

2132 4481 2156 4510 ι’
2192 4479 2329 4530 Vado
2354 4485 2407 4529 et
2430 4478 2611 4528 videbo
2649 4477 2777 4529 Bod.
2803 4477 2850 4526 1.

2131 4544 2155 4575 ⁸
2189 4542 2301 4593 Νοιι
2324 4547 2665 4593 concrematur
2692 4539 2819 4590 Bod.
2842 4539 2890 4589 1.

1984 4592 2039 4654 D
2114 4604 2150 4671 γι
2190 4592 2400 4669 Moyses,
2425 4603 2637 4669 Moyses,
2660 4603 2745 4667 qui
2768 4602 2912 4664 dixit,
2940 4603 3058 4666 quid
3081 4609 3177 4666 est;
3202 4603 3393 4671 reliqua
3416 4606 3590 4661 desunt
3627 4607 3679 4662 in

2137 4734 2166 4803 ξ
2185 4731 2323 4803 gens
2343 4736 2550 4803 patrum
2560 4729 2820 4803 tuorumﬂ
2828 4726 2865 4777 Ο
2871 4726 2956 4803 ...1.

2134 4795 2166 4826 τ
2199 4794 2304 4858 Ego
2327 4790 2413 4843 vos
2435 4791 2635 4856 quidem
2657 4790 2852 4852 baptizo
2876 4791 3004 4842 Bod.
3031 4792 3076 4840 1.
3102 4793 3148 4842 5.
3171 4794 3218 4843 4.

2135 4859 2163 4888 κ
2199 4858 2299 4908 Vos
2317 4869 2412 4906 non
2437 4855 2588 4905 nostis
2606 4855 2652 4904 Ν
2659 4852 2712 4902 Ο.
2741 4854 2784 4901 1.
2815 4851 2934 4916 Bod.
2965 4855 3012 4913 1,
3030 4855 3137 4916 72,3,
3163 4857 3209 4907 4.
3238 4857 3342 4909 Lin.

2134 4922 2163 4962 ἲ
2197 4919 2373 4978 Homo,
2402 4924 2456 4968 et
2477 4925 2593 4966 ante
2615 4928 2696 4964 me
2720 4915 2828 4964 ΝΟ.
2847 4915 2894 4965 2.
2929 4915 3050 4966 Bod.
3070 4918 3116 4967 1.

2134 4984 2158 5012 κ
2195 4978 2821 5043 CalceamentorumALam.
2841 4979 2950 5029 ΝΟ.
2973 4978 3022 5028 2.
3045 4979 3169 5032 Bod.
3196 4981 3299 5043 1,2.

2138 5046 2197 5076 ⁸⁸
2229 5044 2398 5094 Vestri
2423 5042 2626 5092 accincti
2654 5039 2777 5092 Bod.
2805 5041 2850 5101 1,
2871 5044 2920 5102 3,
2947 5043 2994 5093 4.

2141 5105 2204 5146 ιιι)
2222 5107 2471 5158 Ardentes
2487 5106 2539 5155 in
2555 5104 2780 5154 manibus
2794 5106 2973 5154 vestris
2997 5105 3121 5158 Bod.
3134 5107 3183 5157 3.

2144 5173 2201 5204 0°
2237 5169 2738 5231 Quandorevertatur
2765 5165 2877 5231 Lin1
2905 5168 3014 5219 ΝΟ.
3036 5170 3085 5218 2.
3347 5172 3357 5178 ’

2144 5234 2204 5274 dd
2230 5229 2430 5284 Felices
2451 5230 2587 5292 servi
2623 5230 2756 5280 Lam.
2786 5229 2895 5280 ΝΟ.
2931 5231 2978 5281 1.
3006 5231 3132 5283 Bod.
3158 5231 3206 5291 1,
3225 5233 3275 5292 2,
3297 5234 3346 5285 4.

2087 5300 2204 5410 Τὶε
2229 5297 2418 5409 Ιὲἓὶιὶυθ
2440 5295 2489 5344 ei
2506 5291 2778 5344 claritatem
2797 5293 2932 5343 Lam.
2952 5292 3225 5358 Lin.NC.1,
3245 5291 3296 5348 2.
3323 5299 3450 5351 Bod.
3471 5299 3681 5365 1,2,3,4.

2163 5374 2213 5409 u.
2372 5393 2384 5406 ο

2163 5374 2213 5409 u.
2241 5371 2384 5409 Οονυ.

2150 5421 2203 5461 η
2241 5421 2336 5481 Qui
2359 5432 2458 5470 non
2483 5417 2854 5481 auibulantvias
2869 5429 3006 5481 meas
3031 5419 3157 5470 Bod.
3181 5420 3229 5472 3.

2150 5487 2208 5528 ss
2242 5479 2451 5543 Lignum
2470 5484 2521 5531 in
2545 5493 2673 5543 pane
2704 5479 2828 5531 Thu.
2854 5480 2997 5532 Corb.
3034 5487 3172 5536 Voss.

2146 5548 2212 5590 ωι
2232 5545 2484 5599 Vellamus
2499 5559 2528 5594 a
2549 5550 2688 5595 terra
2711 5545 2836 5595 Bod.
2860 5546 2909 5594 3.

1617 5662 1860 5722 STEPH.
1902 5653 2175 5717 BALUZII
2210 5653 2439 5713 NOTAE.

381 5801 396 5853 ι
456 5776 588 5836 CAP.
617 5765 763 5837 XIX.
789 5810 862 5823 -
887 5781 1016 5838 Ante
1043 5797 1122 5837 me
1152 5784 1319 5855 factus
1347 5788 1438 5836 est.
1467 5779 1600 5837 Vide
1625 5780 2001 5837 annotationcs
2019 5770 2229 5833 Erasmi
2254 5771 2307 5829 in
2335 5777 2496 5842 caput
2520 5767 2748 5842 primum
2777 5766 3056 5840 Evangelii
3084 5765 3380 5826 secundum
3407 5767 3694 5834 Joannem.

829 5874 1106 5936 PATROL.
1159 5872 1262 5934 IV.
1309 5871 1371 5934 S.
1418 5869 1724 5934 CYPRIAN.

3137 5859 3217 5921 23
