4230 6282
304 324 443 384 71Τ

1510 318 2074 382 TESTIMONIORUM
2111 324 2317 384 LIBER
2356 327 2419 384 II.

3516 332 3627 390 718

308 441 535 495 animum
563 451 727 492 meum
753 434 873 510 (Ps.
904 448 1053 504 xxxx,
1078 432 1156 507 5).
1188 433 1322 490 Item
1353 433 1405 491 in
1432 435 1647 493 Pssimo
1670 455 1766 495 xv:
1790 436 1913 494 Non
1940 440 1993 500 A
2018 455 2167 495 neum
2216 450 2245 491 «ι
2287 440 2473 513 pedum
2502 449 2720 496 tuorum.
2767 440 2971 515 Virgam
3020 441 3217 499 virtutis
3264 452 3365 499 tua:
3412 445 3571 502 mittet
3604 459 3630 486 ι’

312 536 633 606 derelinques
673 533 898 587 animum
934 546 1100 585 nicum
1140 528 1281 601 apud
1316 530 1544 603 inferos,
1588 548 1749 603 neque
1773 532 1917 589 dabis

310 638 546 685 sanctum
587 638 726 681 tuum
770 625 941 679 videre
984 625 1361 694 corruptionem
1387 632 1415 661 δ
1448 620 1619 697 (Psal.
1668 641 1756 690 xv,
1800 626 1913 696 10).

311 724 444 780 Item
476 724 528 777 in
558 722 772 777 Psalmu
794 735 850 775 ιιι
883 737 895 775 :
928 717 1039 791 Ego
1067 719 1301 783 dormivi,
1330 730 1377 774 et
1407 736 1636 776 somnum
1658 722 1767 791 cepi
1793 721 1844 786 ι),
1873 732 1920 777 et

314 815 589 879 resurrexi,
614 814 854 885 quoniam
884 812 1130 867 Dominus
1147 811 1428 868 auxiliatus
1450 824 1520 869 est
1548 814 1672 869 mihi
1697 826 1718 853 ο
1743 812 1915 888 (Psal.

319 924 398 972 ιιι,
428 907 509 979 6).
542 907 674 962 Item
717 916 836 961 cuia
887 905 1149 962 Joannem
1201 923 1216 959 :
1277 904 1446 961 Nemo
1484 910 1650 977 aufert
1697 907 1924 961 animam

323 1014 489 1055 meam
518 1014 550 1051 α
580 1014 679 1065 me,
719 997 808 1052 sed
834 1012 923 1069 ego
944 1012 977 1051 a
1000 1013 1077 1050 me
1104 1013 1237 1066 pono
1266 1013 1412 1063 eam;
1440 1007 1735 1068 potestatem
1766 1000 1923 1054 habeo

323 1092 545 1162 ponendi
572 1108 706 1159 eam,
747 1099 792 1148 et
821 1100 1115 1163 potestatem
1142 1092 1299 1147 habeo
1325 1093 1506 1147 iterum
1534 1093 1762 1148 sumendi
1789 1111 1920 1150 eam.

319 1187 437 1242 Hoc
481 1187 613 1242 enim
660 1185 958 1241 mandatum
1004 1186 1178 1257 accepi
1231 1202 1264 1241 a
1307 1185 1469 1243 Patre
1513 1205 1622 1244 meo
1654 1188 1837 1261 (Joan.
1869 1206 1921 1260 κ,

320 1284 410 1351 ιο,
438 1283 548 1355 ιι).

315 1435 436 1478 CAP.
490 1434 621 1477 ιχν.
661 1448 735 1461 ·-
768 1434 906 1486 QUOD
956 1435 1024 1476 ΑΒ
1082 1434 1294 1476 INPERIS
1352 1435 1551 1479 TERTIO
1592 1437 1680 1479 DIE
1732 1437 1929 1480 RESUR-

1028 1527 1205 1570 GERET
1213 1553 1228 1567 .

357 1694 367 1715 .
390 1652 547 1723 Apud
575 1651 713 1710 Osce
738 1669 752 1706 :
788 1650 1081 1720 Vivi/icabit
1100 1647 1129 1687 τι
1155 1666 1248 1706 nos
1277 1658 1387 1719 post
1415 1650 1644 1719 biduum,
1676 1651 1758 1707 die
1786 1651 1933 1708 tertio

321 1763 644 1819 resurgemus
699 1754 721 1783 ε
769 1742 936 1818 (Ose.
992 1760 1067 1813 rt,
1119 1743 1219 1815 2).
1277 1742 1414 1801 Item
1469 1746 1522 1800 in
1572 1744 1759 1801 Exodo
1810 1742 1934 1800 :Et

1994 530 2161 590 'Deus
2187 552 2218 589 a
2247 536 2377 592 Sion
2404 578 2419 603 ,
2451 543 2499 591 et
2526 535 2867 592 dominaberis
2894 538 2946 591 in
2973 538 3139 592 medio
3166 539 3487 596 inimicorum
3514 552 3629 598 tuo-

2020 642 2133 680 rum
2162 625 2279 699 (Ps.
2316 642 2430 695 cxx,
2468 625 2605 700 1-5).
2640 628 2769 684 Item
2801 628 2854 684 in
2883 627 3241 703 Apocalypsi:
3275 630 3341 686 Et
3366 649 3634 691 conversus

2022 719 2242 789 respexi,
2297 730 2357 774 ut
2394 721 2615 775 viderem
2647 737 2819 776 vocem
2849 738 2962 792 qua:
2988 739 3180 778 mecum
3210 724 3526 796 loquebatur.
3561 727 3631 784 Et

2024 813 2129 866 vidi
2159 823 2349 885 septem
2401 812 2709 868 candelabra
2753 831 2909 869 aurea
2939 857 2953 882 ,
3004 826 3049 869 et
3093 817 3147 871 in
3182 818 3346 873 medio
3385 821 3630 876 candela-

2024 906 2230 961 brorum
2258 908 2471 963 similent
2504 905 2643 962 Filio
2672 907 2889 963 hominis
2916 909 3148 963 vestitum
3193 913 3379 980 podere
3400 954 3416 981 ,
3447 924 3495 969 et
3525 923 3637 970 erat

2027 1002 2327 1070 prtecinctus
2357 1017 2513 1071 supra
2560 1002 2816 1056 mamillas
2860 1016 3043 1056 zonam
3107 1000 3314 1059 auream
3370 1016 3416 1061 ⁸.
3469 1005 3638 1078 Caput

2027 1102 2194 1146 autem
2222 1094 2335 1164 ejus
2377 1102 2425 1147 et
2465 1093 2643 1161 capilli
2671 1103 2815 1148 erant
2842 1093 2947 1148 albi
2984 1094 3121 1149 velut
3150 1094 3272 1151 lana
3297 1107 3387 1151 aut
3424 1098 3547 1167 nix,
3584 1108 3635 1155 et

2028 1185 2163 1239 oculi
2191 1186 2306 1257 ejus
2359 1196 2419 1241 ut
2474 1187 2686 1258 ﬂamma
2712 1188 2867 1260 ignis,
2901 1199 2947 1243 et
2970 1188 3122 1258 pedes
3144 1190 3255 1260 ejus
3272 1192 3463 1247 similes
3490 1194 3639 1248 auri-

2029 1278 2232 1347 chalco,
2280 1280 2410 1334 sicut
2440 1283 2503 1335 de
2532 1284 2743 1354 fornace
2782 1282 2918 1355 ignis
2967 1281 3014 1351 ί,
3053 1293 3100 1337 et
3128 1300 3226 1338 vox
3252 1284 3363 1357 ejus
3390 1295 3445 1340 ut
3482 1303 3637 1344 sonus

2036 1388 2286 1443 aquarum
2331 1374 2648 1442 multarum;
2678 1383 2727 1429 et
2761 1374 2973 1429 habebat
2998 1375 3052 1429 in
3081 1376 3289 1432 dextera
3327 1396 3421 1434 sua
3448 1391 3642 1451 septem

2034 1465 2210 1519 stellas
2233 1506 2249 1533 ,
2300 1474 2347 1519 et
2390 1481 2452 1520 ea:
2477 1481 2563 1521 ore
2592 1467 2701 1537 ejus
2729 1465 2933 1539 gladius
2978 1478 3192 1536 utraque
3233 1480 3378 1540 parte
3400 1481 3429 1508 ιι
3456 1482 3636 1530 acutus

2037 1557 2227 1622 exibat,
2252 1565 2298 1612 et
2326 1559 2485 1629 facies
2515 1562 2626 1630 ejus
2666 1557 2965 1630 splendebat
2990 1571 3017 1599 ν
3047 1570 3103 1616 ut
3129 1563 3209 1618 sol
3234 1564 3288 1619 in
3313 1565 3497 1621 virtute
3525 1584 3642 1624 sua.

2035 1646 2105 1704 Et
2133 1666 2251 1705 cum
2288 1651 2527 1707 vidissem
2571 1650 2705 1720 eum,
2738 1652 2898 1707 cecidi
2920 1653 2991 1707 ad
3028 1654 3180 1725 pedes
3230 1655 3339 1727 ejus
3380 1667 3643 1729 tamquam

2035 1753 2285 1811 mortuus,
2315 1755 2362 1801 et
2404 1747 2645 1817 imposuit
2690 1755 2718 1783 κ
2745 1764 2898 1818 super
2924 1764 3005 1803 me
3041 1748 3300 1804 dexteram
3357 1767 3504 1805 suam
3555 1752 3646 1808 di-

319 1841 451 1896 dixit
499 1839 751 1896 Dominus
802 1838 872 1893 ad
927 1839 1145 1912 Moysen
1187 1856 1207 1894 :
1254 1838 1514 1895 Descende
1569 1848 1616 1894 et
1666 1840 1939 1908 testiﬁcare
1966 1843 2015 1904 B
2044 1854 2161 1894 cens
2190 1855 2208 1893 :
2237 1837 2367 1893 Noli
2403 1839 2597 1907 timere,
2637 1855 2726 1911 ego
2753 1856 2863 1894 sum
2893 1839 3086 1911 primus
3131 1851 3177 1895 et
3224 1843 3562 1911 novissimus,
3595 1849 3650 1899 et

324 1935 537 2007 populo,
567 1944 616 1987 et
643 1932 908 2001 sancti/ica
932 1932 1053 1988 illos
1079 1931 1231 1987 hodie
1250 1939 1299 1986 et
1324 1948 1457 1997 cras,
1488 1942 1533 1986 et
1557 1931 1722 1986 lavent
1748 1941 1930 1985 vestem

326 2046 475 2084 suam
508 2026 558 2096 ί,
587 2036 632 2082 et
673 2028 773 2082 sint
822 2028 991 2098 parati
1024 2028 1077 2081 in
1109 2026 1439 2097 perendinum
1466 2026 1620 2080 diem.
1665 2024 1761 2080 Die
1796 2025 1931 2079 enim

321 2122 466 2177 tertio
496 2120 761 2176 descendet
782 2119 1029 2176 Dominus
1058 2121 1110 2174 in
1138 2129 1360 2174 montem
1382 2118 1512 2175 Sina
1537 2129 1561 2165 ε
1594 2117 1926 2192 (Exod.x1x,

324 2211 545 2286 10,11).
579 2212 711 2270 Item
740 2215 792 2269 in
824 2213 1113 2286 Evangelia
1146 2231 1159 2266 :
1191 2206 1467 2285 Progenies
1489 2230 1700 2284 nequam
1724 2221 1770 2269 et
1792 2213 1935 2269 adul-

324 2318 439 2364 tera
461 2312 662 2380 signum
690 2308 876 2379 quierit
898 2349 912 2372 ,
940 2316 986 2362 et
1012 2308 1215 2378 signum
1240 2316 1343 2361 no’n
1369 2304 1575 2360 dabitur
1595 2305 1675 2360 illi
1705 2306 1802 2360 nisi
1824 2305 1930 2377 sig-

323 2418 445 2457 num
469 2401 622 2457 Jonas
660 2399 692 2437 ιι
737 2402 1015 2473 prophetat.
1059 2401 1325 2470 Quomodo
1372 2402 1507 2457 enim
1550 2400 1647 2473 fuit
1688 2390 1853 2455 Ionas
1882 2401 1935 2455 in

322 2505 493 2550 ventre
517 2496 612 2549 ceti
642 2494 798 2549 tribus
825 2495 998 2549 diebus
1026 2503 1072 2549 et
1101 2494 1259 2549 tribus
1286 2495 1532 2559 noctibus,
1551 2495 1622 2549 ita
1648 2494 1740 2549 erit
1764 2491 1935 2548 Filius

332 2586 650 2641 hominis‘in
699 2586 851 2641 corde
895 2585 1081 2643 terrtei
1129 2587 1286 2644 tribus
1325 2587 1501 2642 diebus
1546 2597 1593 2642 et
1642 2585 1799 2641 tribus
1844 2602 1936 2642 no-

326 2676 486 2734 ctibus
508 2677 723 2752 (Matth.
748 2696 859 2747 xvu,
888 2679 965 2753 4).

327 2829 449 2871 CAP.
500 2829 654 2870 XXVI.
695 2844 767 2858 ·-
811 2830 970 2885 QUOD,
998 2829 1106 2873 CUI!
1157 2830 1610 2884 BESURREXISSE'I‘,
1643 2827 1938 2873 ACCIPEBET

398 2925 432 2964 Δ
482 2924 660 2965 PATER
714 2923 899 2967 οιιΝειι
959 2924 1336 2978 POTESTA'I'EI,
1368 2923 1440 2966 ET
1497 2924 1766 2966 POTESTAS
1814 2923 1940 2967 ιειυε

403 3017 630 3058 (ΕἸῈΒΝΑ
655 3017 761 3059 SIT.

407 3136 562 3207 Apud
608 3137 881 3197 Danielem
941 3159 955 3197 :
1018 3138 1263 3197 Videbunt
1309 3143 1361 3197 in
1415 3141 1527 3197 visu
1574 3150 1718 3197 nocte
1765 3140 1779 3193 ἱ
1815 3161 1834 3210 ;
1891 3148 1940 3197 et

2034 1931 2173 1987 vivus
2199 1931 2286 2003 qui
2312 1932 2512 2005 fueram
2538 1942 2808 1998 mortuus;
2837 1942 2884 1986 et
2912 1949 3024 1988 ecce
3050 1951 3163 1989 sum
3190 1936 3356 1991 vivens
3381 1936 3433 1990 in
3455 1937 3646 1995 stecula

2032 2025 2356 2092 sazculorum,
2383 2035 2429 2079 et
2455 2026 2616 2081 habeo
2645 2025 2809 2080 claves
2840 2026 3017 2080 mortis
3044 2036 3091 2080 et
3138 2027 3418 2102 inferorum
3457 2029 3646 2100 (Apoc.

2034 2134 2107 2183 ιι,
2142 2117 2351 2183 12-18).
2404 2118 2535 2185 Item
2580 2119 2634 2173 in
2682 2116 2976 2190 Evangello
3009 2117 3264 2177 Dominus
3295 2132 3418 2192 post
3456 2137 3645 2179 resur-

2035 2212 2334 2267 rectionem
2359 2220 2390 2261 γ
2411 2209 2693 2283 discipulis
2718 2211 2850 2267 dicit
2892 2230 2906 2267 :
2953 2209 3091 2265 Data
3119 2223 3192 2268 est
3220 2215 3344 2268 mihi
3371 2216 3536 2270 omnis
3560 2233 3655 2286 po-

2038 2312 2193 2360 testas
2240 2304 2294 2358 in
2322 2303 2448 2359 coelo
2473 2312 2520 2358 et
2559 2305 2611 2358 in
2659 2313 2813 2358 terra.
2848 2301 2930 2358 Ite
2969 2320 3088 2377 ergo
3114 2314 3135 2341 τ
3164 2345 3179 2371 ,
3208 2315 3255 2360 et
3280 2306 3454 2361 docete
3474 2323 3656 2363 omnes

2036 2406 2225 2471 gentes,
2250 2399 2493 2471 tingentes
2520 2406 2578 2435 ⁸³
2606 2414 2689 2453 eos
2713 2398 2766 2452 in
2792 2398 2994 2454 nomine
3021 2392 3192 2473 Patris
3216 2408 3264 2454 et
3296 2398 3423 2455 Filii
3449 2410 3495 2455 et
3523 2400 3651 2472 Spi-

2036 2493 2165 2547 ritus
2212 2492 2396 2559 sancti,
2430 2490 2665 2547 docentes
2717 2508 2800 2546 eos
2832 2490 3097 2547 observare
3124 2493 3296 2548 omnia
3323 2509 3653 2567 quacumque

2038 2585 2260 2657 praecepi
2279 2584 2415 2640 vobis
2442 2582 2503 2623 δι’
2533 2581 2749 2659 (Matth.
2786 2601 2949 2655 smn,
2984 2583 3070 2652 18,
3102 2583 3215 2656 19).

2039 2734 2158 2776 CAP.
2188 2735 2359 2775 XXVII.
2396 2746 2463 2759 --·
2494 2733 2633 2786 QUOD
2682 2734 2969 2776 PERVENIRI
3018 2735 3124 2778 NON
3180 2735 3360 2779 POSSIT
3395 2738 3463 2779 AD
3500 2734 3649 2781 DEI]!

2096 2827 2314 2872 PATBEI
2338 2826 2440 2868 N181
2468 2826 2570 2867 PER
2594 2827 2775 2867 ινιισιυιι
2799 2822 2855 2852 cc
2886 2827 3007 2869 ΕΙυῦ
3039 2827 3203 2870 JBSUI
3229 2814 3300 2850 ³³⁸
3324 2826 3615 2872 CHRISTUII.

2112 2945 2526 3018 InEvangelio:
2559 2944 2674 3019 Ego
2700 2963 2810 3001 sum
2845 2948 2925 3001 via
2951 2956 2999 3002 et
3023 2948 3208 3003 veritas
3233 2958 3280 3005 et
3312 2950 3430 3004 vita.
3483 2949 3652 3007 Nemo

2037 3039 2171 3092 venit
2196 3038 2265 3093 ad
2294 3034 2502 3094 Patrem
2533 3040 2631 3093 nisi
2659 3055 2751 3112 per
2776 3056 2854 3093 me
2886 3030 3068 3107 (Joan.
3103 3055 3212 3104 xw,
3245 3036 3323 3111 6).
3348 3040 3479 3095 Item
3504 3040 3654 3097 illic:

2041 3129 2154 3204 Ego
2184 3148 2297 3186 sum
2323 3133 2511 3187 ostium
2534 3127 2614 3184 δά.
2643 3130 2751 3187 Per
2774 3149 2854 3186 me
2878 3132 2923 3186 si
2945 3132 3057 3202 quis
3082 3132 3331 3187 introierit
3361 3142 3417 3171 ου
3439 3173 3454 3203 ,
3481 3133 3655 3190 salva-

331 3246 444 3287 eece
469 3234 521 3288 in
549 3234 763 3291 nubibus
787 3237 899 3293 cteli
924 3232 1085 3309 quasi
1111 3230 1163 3292 ΙΨ
1160 3235 1281 3293 ilius
1327 3236 1547 3292 hominis
1577 3239 1778 3293 veniens
1803 3237 1933 3292 venit

2042 3223 2176 3278 bitur
2222 3222 2436 3297 (Matth.
2471 3239 2583 3288 xm,
2627 3222 2740 3295 17).
2769 3223 2899 3279 Item
2931 3223 3041 3279 illic
3072 3243 3085 3280 :
3115 3222 3273 3279 Multi
3297 3226 3558 3297 propheta:
3605 3236 3657 3282 et

332 3341 490 3396 usque
515 3328 585 3382 ad
628 3327 849 3385 Veterem
890 3330 1109 3399 dierum,
1145 3341 1192 3386 et
1244 3332 1380 3387 stetit
1428 3330 1482 3385 in
1512 3339 1780 3400 conspectu
1809 3330 1943 3400 ejus,

332 3427 380 3474 et
444 3421 531 3491 qui
594 3424 889 3479 assistebant
945 3424 990 3479 ei
1052 3422 1079 3462 ιι
1142 3423 1432 3480 obtulerunt
1501 3436 1649 3489 eum;
1714 3432 1760 3478 et
1824 3424 1947 3477 data

333 3520 417 3571 est'
461 3519 507 3571 ei
548 3527 771 3587 potestas
812 3519 994 3590 regia,
1049 3529 1096 3574 et
1132 3535 1303 3575 omnes
1336 3535 1478 3591 reges
1518 3530 1665 3573 terrte
1714 3534 1803 3589 per
1853 3534 1943 3590 ge-

336 3623 435 3662 nus
468 3606 488 3645 1
515 3650 530 3672 ,
561 3617 608 3663 et
642 3611 802 3664 omnis
826 3611 1035 3666 claritas
1062 3613 1279 3667 serviens
1320 3614 1365 3666 ei
1395 3620 1474 3678 m;
1518 3621 1564 3666 et
1593 3620 1812 3682 potestas
1837 3611 1948 3677 eius

341 3712 555 3765 wterna,
602 3716 717 3771 quia
745 3720 848 3758 non
890 3708 1169 3777 auferetur,
1206 3714 1252 3760 et
1294 3718 1507 3776 regnum
1544 3704 1654 3775 ejus
1684 3718 1785 3758 non
1820 3718 1938 3757 cor-

338 3806 600 3870 rumpetur
656 3795 818 3869 (Dan.
858 3814 969 3866 vn,
1014 3799 1102 3866 15,
1146 3800 1259 3870 11).
1306 3797 1441 3853 Item
1481 3797 1623 3868 apud
1672 3794 1885 3850 Esaiam
1920 3810 1934 3847 :

340 3891 497 3968 Nunc
516 3906 809 3962 exsurgant,
836 3890 959 3945 dicit
980 3888 1249 3958 Dominus,
1276 3906 1411 3944 nunc
1430 3886 1777 3958 clarificabor,
1807 3896 1941 3941 nunc

338 3981 638 4048 exaltabor;
665 3998 801 4037 nunc
830 3982 1062 4038 videbitis
1080 4025 1097 4051 ,
1142 3999 1276 4038 nunc
1306 3982 1615 4053 intelligetis,
1664 3996 1800 4035 nunc
1828 3996 1947 4033 con-

343 4072 649 4142 fundentiui.
708 4071 858 4128 Vana
882 4075 977 4130 erit
1007 4075 1257 4147 fortitudo
1289 4075 1501 4147 spiritus
1530 4074 1713 4140 vestri,
1754 4072 1889 4145 ignis
1919 4080 1948 4108 ιι

340 4179 427 4218 vos
451 4174 707 4219 consumet
736 4164 868 4236 (lsa.
899 4182 1029 4233 xxx,
1056 4168 1144 4234 10,
1180 4162 1295 4236 11).
1329 4168 1469 4222 Item
1503 4167 1555 4221 in
1578 4165 1796 4221 Psalmo
1817 4178 1903 4220 cut
1932 4179 1947 4218 ι

341 4256 491 4313 Dixit
530 4258 783 4314 Dominus
829 4270 854 4297 ο
905 4261 1125 4316 Domino
1178 4278 1289 4318 meo
1326 4279 1345 4316 :
1395 4261 1531 4318 Sede
1575 4262 1643 4315 ad
1689 4261 1952 4316 dexteram

343 4367 510 4407 meam
551 4351 881 4423 quoadusque
930 4364 958 4404 ι’
1009 4371 1203 4426 ponam
1248 4355 1482 4411 inimicos
1534 4363 1647 4409 tuos
1688 4351 1950 4425 snppeda-

2040 3321 2169 3390 justi
2214 3318 2484 3391 cupierunt
2509 3317 2678 3373 videre
2702 3333 2815 3391 qua:
2842 3316 3020 3372 videtis
3044 3361 3059 3385 ,
3108 3328 3154 3372 et
3183 3335 3284 3372 non
3316 3318 3578 3386 viderunt,
3613 3328 3663 3376 et

2053 3411 2235 3466 audire
2275 3426 2390 3482 qua:
2417 3410 2607 3465 auditis
2627 3453 2641 3475 ,
2674 3419 2722 3464 et
2751 3423 2853 3464 non
2893 3408 3167 3464 audierunt
3196 3409 3378 3483 (Joan.
3427 3426 3505 3479 ιιι,
3542 3409 3660 3484 56).

2050 3506 2188 3561 Item
2221 3503 2371 3560 illic:
2409 3502 2507 3571 Qui
2533 3503 2690 3559 credit
2735 3504 2789 3557 in
2849 3500 3045 3558 Filium
3097 3502 3245 3557 habet
3304 3501 3459 3557 vitam
3508 3514 3659 3559 ceter-

2052 3614 2193 3653 nam.
2229 3592 2332 3663 Qui
2360 3597 2497 3651 dicto
2528 3593 2584 3634 ίί
2614 3612 2716 3650 non
2744 3594 2958 3649 audiens
2987 3606 3058 3650 est
3079 3595 3133 3649 in
3160 3592 3354 3649 Filium
3384 3611 3486 3649 non
3508 3594 3658 3651 habet

2052 3691 2206 3745 vitam
2229 3731 2245 3758 ,
2299 3688 2389 3744 sed
2427 3691 2507 3743 ira
2534 3682 2633 3743 Dei
2672 3687 2893 3742 manebit
2938 3705 3091 3758 super
3119 3704 3255 3742 eum.
3300 3688 3431 3743 Item
3466 3688 3666 3745 Paulus

2046 3783 2187 3856 apud
2234 3778 2545 3854 Ephesios:
2596 3780 2667 3841 Et
2703 3797 2822 3835 cum
2867 3780 3125 3845 venisset,
3175 3781 3500 3835 annuntiavit
3528 3780 3669 3837 vobis

2048 3894 2226 3949 pacem
2262 3876 2341 3930 his
2370 3875 2458 3943 qui
2499 3874 2651 3944 longe
2686 3883 2734 3926 et
2766 3888 2943 3943 pacem
2984 3872 3049 3926 iis
3083 3871 3171 3941 qui
3219 3888 3399 3943 prope,
3426 3872 3547 3940 quia
3576 3888 3669 3946 per

2047 3973 2218 4045 ipsum
2247 3969 2488 4024 habemus
2533 3983 2792 4022 accessum
2844 3975 2904 4014 88
2943 3966 3093 4021 ambo
3138 3966 3195 4021 in
3223 3983 3325 4021 uno
3368 3964 3571 4038 Spiritu
3600 3966 3672 4022 ad

2058 4064 2270 4128 Patrem
2321 4059 2538 4137 (Ephes.
2592 4074 2666 4125 ιι,
2724 4059 2815 4121 17,
2877 4056 2989 4130 18).
3036 4057 3169 4112 Item
3216 4057 3284 4112 ad
3343 4057 3664 4116 Romanos:

2061 4155 2249 4213 Omnes
2273 4154 2408 4210 enim
2434 4161 2762 4222 peccaverunt
2789 4159 2835 4205 et
2869 4159 3014 4223 egent
3041 4149 3273 4205 claritate
3303 4148 3402 4205 Dei
3424 4166 3443 4206 :
3469 4151 3669 4223 justifi-

2057 4263 2238 4310 cantur
2266 4260 2437 4306 autem
2475 4247 2609 4303 dono
2645 4246 2808 4316 ipsius
2856 4254 2903 4299 et
2947 4245 3116 4317 gratia
3145 4260 3236 4315 per
3270 4245 3671 4315 redemptionem

2057 4361 2171 4419 qua:
2196 4352 2268 4400 est
2306 4343 2363 4397 in
2392 4339 2596 4396 Christo
2636 4336 2765 4394 Iesu
2793 4336 2970 4411 (Rom.
3012 4352 3104 4405 ιιι,
3131 4334 3205 4393 25
3227 4377 3245 4405 ,
3284 4334 3405 4409 24).
3437 4335 3572 4393 Item
3614 4337 3672 4394 in

1598 4482 1981 4545 LECTIONES
2030 4473 2451 4537 VARIANTES.

410 4603 436 4632 ³
456 4602 644 4654 Videre
671 4604 925 4655 interitum
947 4606 1079 4656 Lam.
1108 4605 1233 4657 Bod.
1256 4606 1305 4655 2.
1328 4607 1377 4658 Ν
1384 4603 1437 4656 C.
1466 4605 1515 4655 1.

408 4663 438 4735 1}
471 4666 742 4735 glorior-atus
765 4681 873 4735 sum
895 4667 1000 4718 Liu.
1022 4669 1210 4735 iQuieyi
1237 4668 1344 4735 NQ.
1364 4667 1624 4735 2.Sur_rexi
1648 4664 1920 4735 Ιξράέζό.

412 4730 436 4794 (ξ
466 4727 709 4794 Dominus
732 4730 991 4781 auxiliator
1017 4727 1139 4782 Bod.
1163 4732 1213 4783 2.
1235 4734 1282 4783 5.
1311 4732 1542 4794 Suscepit
1559 4743 1640 4780 me
1660 4727 1889 4781 Lin.NG.
1905 4727 1955 4777 2.

412 4788 441 4828 εἰ
466 4790 732 4855 Yiviﬁcavit
756 4808 846 4846 nos
872 4794 1000 4844 Bod.
1028 4797 1074 4854 1,
1093 4798 1143 4844 5.
1340 4854 1343 4855 ν

416 4857 440 4924 ξ’
475 4852 742 4924 Dictertio
769 4858 888 4906 item
915 4854 1021 4924 Litt.
1051 4852 1177 4924 ΝΟζ
1194 4857 1241 4924 1,
1257 4854 1670 4924 2._Bqd._1,_2,_3,
1687 4854 1735 4905 4-

417 4913 437 4982 ξ
477 4914 788 4982 y'estimenta
808 4933 895 4969 sua
922 4921 1055 4969 Lam.
1086 4920 1197 4971 NG.
1224 4913 1270 4982 1,
1296 4922 1348 4969 2.
1375 4918 1501 4970 Bod.
1520 4913 1645 4977 ’1,’5.

415 4981 441 5019 8
478 4977 531 5027 In
554 4987 719 5031 monte
742 4981 858 5031 Sina
884 4983 1012 5034 Bod.
1039 4983 1084 5031 1.
1101 4985 1150 5032 5.

413 5039 444 5107 ξι
477 5040 579 5091 Nisi
603 5042 742 5107 Jonas
768 5047 1018 5107 prophetae
1046 5046 1172 5095 Bod.
1202 5047 1246 5104 1,
1272 5045 1322 5094 4.

416 5104 434 5144 i
478 5111 655 5156 Desunt
675 5104 781 5157 illa?
796 5104 933 5158 voces
948 5109 999 5157 in
1017 5107 1169 5158 corde
1186 5115 1337 5157 terra:
1368 5106 1492 5160 Bod.
1524 5108 1566 5157 1.
1586 5104 1721 5158 Foss.
1742 5104 1888 5158 Corb.

422 5167 436 5216 i
482 5166 535 5215 In
557 5169 660 5216 visu
687 5171 845 5219 noctis
870 5172 997 5220 Bod.
1022 5171 1070 5221 2.
1108 5172 1247 5222 Foss.

418 5229 445 5294 lt
468 5228 778 5294 Assistebam
795 5232 1084 5283 obtulerunt
1110 5232 1232 5284 Bod.
1258 5235 1306 5294 1,
1330 5233 1379 5291 2,
1397 5234 1448 5291 5,
1473 5233 1522 5282 4.

414 5291 886 5408 ᾲξὲντεὲξιῗὶἕθηε
902 5297 1061 5346 omnis
1081 5296 1220 5349 Foss.
1234 5291 1517 5348 Secundum
1541 5306 1702 5359 genus
1731 5292 1864 5343 Tert.

509 5368 671 5407 BI'VIEI.
694 5368 802 5407 ιιιη.

416 5419 465 5492 ιι.
484 5414 620 5492 Ignis
641 5432 728 5469 vos
749 5426 1009 5473 consumet
1028 5420 1134 5473 Lin.
1176 5422 1311 5474 Lam.
1334 5424 1382 5475 Ν
1390 5419 1443 5472 C.
1482 5422 1527 5472 1.
1554 5417 1676 5470 Bod.
1705 5419 1748 5480 1,
1769 5417 1819 5479 2,
1834 5414 1887 5479 5,
1912 5414 1960 5465 4.

355 5477 468 5543 lgni
492 5477 653 5532 Oxon.
1417 5496 1425 5503 ‘

423 5543 449 5573 ο
486 5542 617 5594 Dicit
634 5544 873 5596 Dominus
900 5547 1034 5599 Lam.

424 5608 453 5650 Ρ
484 5605 661 5661 Donec
683 5621 863 5674 ponam
887 5608 994 5662 Lin.
1022 5612 1160 5663 Lam.
1183 5612 1233 5666 Ν
1238 5607 1294 5662 0.
1318 5610 1367 5673 1,
1385 5608 1434 5658 2.

1979 4600 2036 4661 D
2122 4597 2152 4661 εξ
2186 4590 2466 4661 §ca_bellum
2492 4591 2628 4661 Ιιαηρζ
2675 4583 2782 4637 Lin.
2944 4584 3053 4661 1,,2.
3083 4585 3207 4661 Bod.
3232 4585 3355 4661 2L3".

2129 4659 2153 4688 ι’
2186 4657 2395 4708 Emittet
2419 4653 2557 4705 Foss.
2589 4650 2724 4701 Deus
2744 4662 2805 4700 ex
2832 4649 2946 4699 Sion
2977 4648 3107 4699 Lam.
3134 4649 3237 4699 Liu.
3260 4648 3308 4701 Ν
3316 4648 3369 4698 C.
3398 4648 3445 4705 1,
3469 4649 3517 4699 2.

2127 4722 2148 4751 ε
2185 4720 2343 4782 Supra
2368 4726 2601 4766 mammas
2609 4712 2883 4782 _Bo_d._1,_5,
2904 4711 2955 4782 :1.
2972 4709 3111 4782 zona
3132 4725 3287 4782 aurea
3307 4713 3445 4765 Foss.
3475 4711 3620 4764 Corb.

2128 4783 2146 4816 ‘
2187 4774 2406 4832 Fornace
2431 4782 2576 4840 ignea
2598 4775 2726 4827 Bod.
2750 4776 2794 4833 1,
2814 4776 2864 4831 5,
2892 4774 2938 4822 4.
2963 4775 3109 4825 Brev.
3132 4778 3249 4826 Ver.

2128 4847 2158 4876 ιι
2192 4844 2395 4895 Gladius
2418 4840 2649 4902 utrinque
2673 4843 2844 4888 acutus
2866 4838 2997 4887 Lam.
3028 4838 3131 4888 Lin.
3168 4838 3280 4891 ΝΟ.
3308 4838 3349 4889 1.
3374 4838 3565 4900 Bod.2,
3590 4838 3644 4891 1.

2126 4909 2157 4941 τ
2191 4904 2459 4971 Splendida
2474 4901 2609 4971 βοᾷ.
2624 4901 2677 4971 _1.

2131 4973 2158 5001 κ
2197 4961 2256 5019 Et
2281 4970 2442 5031 posuit
2466 4964 2592 5031 Bod.
2618 4961 2740 5031 1.}.
2790 5024 2808 5031 -
2936 5022 2986 5031 --
3060 5009 3089 5031 Α,

2131 5035 2159 5075 γ
2193 5022 2634 5092 ltes'urrectionem
2645 5024 2911 5092 dicit‘Lam.
2931 5022 3034 5078 Litt.
3051 5027 3098 5079 Ν
3107 5022 3161 5077 C.
3185 5026 3224 5077 1.
3255 5024 3365 5079 Bod
3412 5027 3458 5092 1,
3482 5024 3531 5091 2,
3554 5028 3605 5090 5,
3630 5026 3684 5082 4.

2132 5096 2155 5126 ⁸
2197 5094 2276 5145 Ite
2302 5096 2355 5141 et
2377 5092 2578 5149 docete,
2608 5091 2733 5139 Bod.
2762 5088 2807 5138 1.

2124 5148 3038 5221 estinmizamesseslfcﬂ:Iud-1’2-
3079 5214 3089 5221 .
3130 5211 3175 5221 -.

2122 5216 2186 5259 ιώ
2223 5213 2625 5279 Praecipioyoliis
2642 5216 2771 5279 Bod.
2800 5214 2842 5263 1.
2870 5213 3095 5265 Mandavi
3121 5213 3226 5266 Lin.

2128 5286 2184 5316 σο
2222 5282 2323 5332 Nisi
2345 5277 2434 5343 per
2460 5277 2592 5327 illum

2129 5346 2191 5388 (ιιι
2225 5337 2384 5394 Jatitia
2406 5342 2539 5391 Lam.
2567 5342 2676 5392 NG.
2706 5341 2749 5389 1.
2781 5338 2906 5389 Bod.
2935 5337 2982 5397 2,

2133 5414 2189 5442 οε
2224 5407 2322 5455 Per
2345 5417 2431 5468 me
2444 5404 2526 5468 qui
2544 5404 2788 5468 introierit.
2814 5401 2938 5468 Bod_.
2962 5401 3104 5468 Foss:

2132 5469 2186 5511 tt
2204 5468 2323 5580 20υὲ
2340 5470 2392 5580 ut}
2406 5463 2540 5579 (1ξὲιῖ
2557 5478 2654 5516 non
2675 5465 2884 5515 audiens
2900 5464 3032 5514 Lam.
3059 5463 3196 5516 Foss.
3220 5463 3362 5517 Corb.
3375 5465 3690 5522 inobediens.

2132 5550 2178 5580 η.
2242 5570 2252 5579 .
2329 5543 2356 5580 o
2401 5567 2413 5579 .
2470 5566 2481 5578 .
2546 5567 2557 5577 .

2117 5535 2178 5584 in.
2204 5532 2252 5581 2.
2284 5532 2413 5581 Bod.
2437 5532 2481 5579 1.
2508 5532 2557 5577 4.

2071 5537 2482 5646 “ﬁgitﬁgit;
2501 5537 2672 5658 ἕᾲοεηι
2695 5589 2840 5643 ambo
2864 5590 2998 5641 Lam.
3025 5587 3128 5641 Lin.
3151 5587 3263 5645 ac.
3285 5591 3331 5642 ι.
3358 5590 3548 5661 mea,
3570 5594 3621 5659 δ.
3638 5591 3692 5649 t.

1608 5715 1690 5774 ST
1699 5711 1852 5773 EPH.
1892 5705 2166 5768 BALUZII
2205 5698 2440 5759 NOTJE.

362 5898 366 5903 ,
433 5831 564 5892 CAP.
601 5833 863 5898 XXVI.~—
880 5834 1065 5894 Vivens
1093 5836 1147 5893 in
1173 5834 1363 5893 sarcula
1391 5833 1711 5892 “acutorum.
1736 5826 1918 5888 Codex
1944 5817 2492 5893 Gratianopolitanus,
2523 5815 2691 5872 vivens
2717 5813 2770 5871 in
2790 5811 2999 5870 ecclesia
3032 5820 3345 5872 sanctorum.
