4230 6282
595 307 717 385 719,

1972 304 2109 361 DIVI
2143 302 2466 362 CYPRIANI

3797 304 3912 365 720

592 419 836 491 Epistola
878 420 1022 477 Petri
1064 419 1292 490 apostoli
1326 435 1341 474 :
1384 419 1618 475 Christus
1643 420 1797 475 semel
1840 437 1931 490 pro
1975 421 2194 492 peccatis
2219 423 2273 483 Α
2296 422 2383 493 qui
2421 421 2707 476 inhabitant
2731 423 2783 477 in
2807 422 3168 479 monumentis.
3200 422 3362 491 Deus,
3391 423 3515 478 dum
3540 422 3774 496 prodires
3800 435 3828 475 ι·
3851 424 3907 480 in

597 517 784 571 nostris
815 523 841 552 α
870 524 1098 568 mortuus
1129 523 1222 577 est,
1256 514 1421 580 justas
1463 528 1556 585 pro
1603 514 1808 581 iniustis
1832 512 1882 582 δ,
1910 523 1966 569 ιιι
1994 532 2086 570 nos
2115 518 2177 586 of
2182 545 2195 555 -

596 611 750 682 ferret
778 605 888 662 Deo
919 605 965 679 (Ι
996 605 1136 661 Petr.
1166 621 1243 673 ιιι,
1276 603 1388 677 18).
1415 607 1546 663 Item
1592 607 1702 663 illic
1732 625 1746 662 :
1775 605 1841 662 In
1870 608 1965 662 hoc
1993 608 2128 663 enim
2151 616 2197 661 et

595 699 808 755 mortuis
852 699 1186 769 praedicatum
1225 709 1298 754 est
1342 709 1398 755 ut
1432 702 1740 756 suscitentur
1780 699 1963 774 (Ibid.
2014 718 2087 769 ιν,
2113 698 2190 774 6).

593 793 726 850 Item
774 793 828 848 in
868 793 1112 864 Epistola
1150 792 1371 850 Joannis
1404 813 1418 850 :
1475 795 1577 864 Qui
1601 803 1751 869 negat
1780 794 1830 850 F
1832 796 1997 862 ilium,
2040 811 2197 866 neque

590 884 803 942 Patrem
848 886 1015 943 habet.
1068 887 1171 957 Qui
1199 889 1469 959 conﬁtetur
1507 887 1706 944 Filium
1733 899 1792 956 ο,
1839 898 1888 944 et
1927 886 2123 943 Filium
2150 896 2198 943 et

592 979 806 1038 Patrem
836 980 985 1037 habet
1014 980 1060 1055 (Ι
1078 980 1235 1038 Joan.
1268 998 1325 1051 ιι,
1353 980 1483 1055 25).

580 1162 590 1192 ι
659 1138 782 1180 CAP.
842 1137 1037 1178 XXVIII.
1088 1153 1161 1163 --
1196 1137 1334 1189 QUOD
1362 1137 1477 1180 IPSE
1503 1139 1672 1181 JUDEX
1698 1138 1971 1181 VENTURUS
1999 1136 2104 1179 SI‘l'.

589 1262 626 1286 "
663 1258 823 1332 Apud
866 1259 1180 1316 Malacliiam
1211 1278 1225 1316 :
1270 1259 1405 1316 Ecce
1434 1260 1542 1317 dies
1581 1259 1790 1317 Domini
1837 1261 1971 1316 venit
2012 1259 2199 1314 ardens

588 1355 723 1410 velut
751 1353 1015 1419 clibanus;
1042 1364 1285 1426 eruntque
1305 1370 1477 1410 omnes
1505 1354 1808 1426 alienigena:
1832 1362 1878 1408 et
1904 1368 2077 1407 omnes
2097 1352 2198 1405 ini-

590 1446 677 1516 qui
702 1445 914 1516 stipula,
940 1454 985 1500 et
1012 1445 1281 1501 succendet
1300 1446 1419 1502 illos
1448 1446 1722 1502 adveniens
1750 1446 1889 1513 dies,
1920 1445 2044 1499 dicit
2085 1443 2197 1498 Do-

589 1538 760 1593 minus
793 1538 814 1609 (
843 1535 1074 1592 Malach.
1124 1554 1198 1607 tv,
1242 1536 1318 1609 1).
1353 1539 1486 1595 Item
1514 1539 1570 1593 in
1598 1538 1814 1593 Psalmo
1853 1553 1981 1592 λιιι
2013 1553 2027 1591 :
2057 1535 2200 1592 Deus

588 1633 800 1688 deorum
830 1628 1082 1685 Dominus
1109 1630 1309 1686 locutus
1337 1641 1432 1699 est,
1463 1641 1510 1685 et
1535 1632 1725 1686 vocavit
1753 1641 1961 1685 terram.
2012 1631 2052 1684 Α
2076 1630 2202 1686 solis

586 1735 704 1780 ortu
741 1740 899 1793 usque
922 1724 991 1777 ad
1019 1710 1254 1778 occasum
1295 1740 1359 1779 ea:
1394 1723 1525 1779 Sion
1551 1723 1744 1795 species
1769 1720 1796 1759 ἀ
1830 1722 2034 1777 decoris
2065 1724 2193 1793 ejus.

583 1816 729 1873 Deus
763 1816 1029 1888 manifeste
1065 1816 1229 1871 veniet
1260 1826 1308 1881 ε,
1356 1815 1497 1870 Deus
1530 1826 1719 1878 noster,
1766 1823 1811 1869 et
1860 1831 1963 1869 non
2009 1815 2191 1869 silebit.
2227 1827 2275 1887 Β

584 1909 736 1982 Ignis
785 1917 902 1964 ante
939 1924 1056 1963 eum
1096 1907 1312 1974 ardebit,
1364 1917 1411 1963 et
1456 1908 1511 1962 in
1556 1907 1775 1962 circuitu
1819 1910 1931 1977 ejus
1969 1908 2197 1979 procella

582 2003 743 2057 nimia
769 1999 814 2056 ί.
853 1999 1059 2055 Vocavit
1099 2000 1281 2055 caelum
1306 2016 1508 2054 sursum
1548 2009 1574 2046 8
1620 2008 1668 2055 et
1696 2008 1885 2054 terram
1912 1997 1941 2036 ιι
1967 2009 2023 2054 ιιι
2047 2016 2199 2069 sepa-

582 2103 662 2148 ret
709 2092 957 2163 pOpulum
994 2107 1163 2147 suum.
1190 2087 1428 2163 Colligite
1451 2089 1530 2145 illi
1558 2094 1721 2159 iustos
1755 2088 1769 2127 ί
1815 2091 1957 2159 eius,
1997 2107 2081 2147 eos
2108 2092 2196 2163 qui

589 2184 868 2255 disponunt
910 2191 1262 2238 testamentum
1295 2181 1309 2233 i
1352 2183 1462 2249 eius
1490 2183 1545 2236 in
1571 2182 1842 2252 sacriﬁciis
1865 2224 1881 2250 ,
1912 2191 1959 2237 et
1994 2199 2197 2239 annun-

584 2276 783 2331 tiabunt
830 2275 941 2330 cceli
974 2275 1229 2347 justitiam
1266 2276 1377 2345 ejus
1402 2316 1418 2343 ,
1455 2276 1699 2346 quoniam
1737 2274 1880 2330 Deus
1919 2277 2085 2348 judea:
2121 2287 2195 2332 est

587 2370 708 2444 (Ps.
758 2387 901 2438 xux,
940 2370 1076 2445 1-6).
1108 2368 1241 2426 Item
1265 2370 1404 2439 apud
1433 2369 1643 2425 Esaiam
1673 2385 1692 2424 :
1722 2369 1971 2426 Dominus
1995 2370 2138 2427 Deus
2166 2369 2191 2408 ιε

583 2463 825 2518 virtutum
852 2462 1072 2535 prodibit
1091 2503 1107 2530 ,
1137 2472 1185 2516 et
1213 2461 1521 2516 comminuet
1557 2460 1766 2516 bellum.
1799 2461 2058 2517 Excitabit
2089 2479 2196 2517 cer-

587 2570 796 2624 tamen,
830 2567 877 2612 et
904 2556 1144 2611 clamabit
1176 2566 1197 2604 1
1232 2572 1381 2630 super
1415 2556 1649 2611 inimicos
1673 2573 1792 2611 suos
1826 2566 1867 2594 ιιι
1895 2573 2013 2611 cum
2039 2558 2193 2628 forti-

588 2650 992 2706 tudine:Tacui
1037 2659 1098 2715 υ,
1142 2649 1390 2720 numquid
1433 2666 1631 2722 semper
1666 2650 1838 2704 tacebo
1878 2647 2013 2724 (lsa.
2058 2665 2190 2713 XLII.

586 2745 674 2806 15,
704 2737 829 2813 14)⁴ἒ
856 2741 987 2797 Item
1016 2741 1071 2796 in
1097 2741 1314 2797 Psalmo
1340 2757 1487 2798 vau
1512 2760 1527 2797 :
1565 2741 1823 2815 Exsurgat
1853 2742 1989 2799 Deus
2013 2754 2061 2798 et
2087 2744 2194 2802 dis-

580 2839 811 2907 sipentur
860 2846 884 2873 ο
912 2838 1102 2891 inimici
1125 2838 1253 2909 ejus,
1281 2848 1331 2894 et
1359 2840 1559 2910 fugiant
1587 2856 1621 2893 a
1656 2840 1787 2911 facie
1815 2842 1926 2913 ejus
1954 2843 2042 2913 qui
2065 2842 2193 2896 ode-

578 2939 700 2984 runt
726 2944 860 2983 eum.
908 2928 1055 2985 Sicut
1079 2928 1251 2997 deﬁcit
1276 2934 1446 3000 fumus
1472 2942 1500 2981 ι’
1521 2972 1536 2997 ,
1561 2931 1821 3001 deﬁciant.
1850 2932 1998 2990 Sicut
2025 2933 2192 2989 tabes-

586 3021 655 3077 cit
678 3040 795 3077 cera
821 3039 852 3075 a
880 3023 1013 3094 facie
1032 3022 1189 3094 ignis,
1217 3023 1290 3077 sic
1312 3034 1522 3096 pereant
1543 3035 1831 3095 peccatores
1854 3043 1887 3081 a
1907 3028 2041 3098 [acie
2065 3027 2188 3097 Dei,

575 3124 623 3171 et
652 3116 774 3181 iusti
824 3114 1214 3179 iucundenturq
1255 3125 1301 3169 et
1337 3116 1591 3172 exsultent
1628 3119 1684 3172 in
1708 3129 1981 3190 conspectu
2018 3118 2117 3173 Dei
2139 3129 2194 3174 et

2297 522 2565 585 conspectu
2605 515 2783 587 papuli
2825 515 2920 581 tui,
2960 515 3015 569 in
3058 516 3366 571 transeundo
3409 526 3433 553 ι
3467 516 3521 572 in
3542 515 3905 589 eremum(Ps.

2300 624 2443 663 xnvn
2469 649 2484 673 ,
2514 607 2570 676 2,
2600 607 2678 681 8).
2731 608 2862 665 Item
2889 609 2946 664 in
2975 608 3190 664 Psalmo
3217 624 3383 665 LXXXI
3414 627 3426 664 :
3461 606 3716 680 Exsurge,
3751 608 3907 676 Deus,

2290 700 2473 769 judico
2497 707 2706 767 terram,
2736 700 2980 773 quoniam
3012 709 3066 755 tu
3100 699 3460 756 exterminabis
3502 709 3560 738 αα
3600 702 3654 755 in
3678 700 3911 756 omnibus

2298 792 2527 864 gentibus
2556 792 2677 865 (Ps.
2709 808 2871 849 Lxm
2890 835 2906 859 ,
2947 792 3023 865 8).
3054 793 3189 849 Item
3219 793 3273 848 in
3305 792 3602 866 Evangelio
3630 800 3747 848 cata
3777 791 3912 848 Mat-

2298 883 2500 941 thaaum
2532 902 2548 941 τ
2598 885 2735 952 Quid
2760 886 2904 942 nobis
2929 894 2976 940 et
3006 886 3117 954 tibi,
3158 884 3237 956 ﬁli
3280 883 3453 940 David
3474 886 3500 940 2
3522 884 3681 955 ,ραὶά
3706 885 3803 939 huc
3826 900 3912 939 ve-

2299 978 2419 1034 nisti
2468 988 2587 1034 ante
2645 987 2840 1053 tempus
2890 980 3072 1052 punire
3123 992 3218 1035 nos
3257 978 3320 1019 δι)
3365 979 3581 1054 (Matth.
3633 996 3746 1045 vm,
3785 979 3905 1053 29).

2298 1073 2431 1131 Item
2457 1084 2573 1131 cata
2599 1073 2859 1132 Joannem
2888 1092 2903 1129 :
2939 1074 3089 1131 Nihil
3118 1074 3278 1132 Pater
3291 1076 3517 1148 judicat,
3539 1076 3631 1132 sed
3650 1075 3910 1148 judicium

2299 1185 2446 1225 omne
2494 1168 2634 1225 Filio
2675 1170 2833 1238 dedit,
2865 1178 2920 1225 ut
2964 1186 3138 1225 omnes
3167 1169 3505 1239 honorificent
3544 1168 3744 1224 Filium
3774 1169 3909 1225 sicut

2300 1264 2642 1334 honoriﬁcam
2674 1262 2900 1318 Patrem.
2937 1262 3040 1329 Qui
3064 1279 3167 1318 non
3208 1263 3515 1332 honori/icat
3542 1261 3773 1329 Filium,
3802 1278 3910 1319 non

2301 1357 2610 1426 honoriﬁca:
2658 1354 2867 1411 Patrem
2914 1356 3000 1427 qui
3042 1372 3156 1411 eum
3185 1356 3323 1411 misit
3366 1354 3541 1425 (Ioan.
3567 1370 3621 1423 ν,
3667 1354 3761 1421 22,
3784 1354 3904 1427 25).

2299 1445 2431 1503 Item
2464 1447 2516 1501 in
2548 1446 2786 1518 Epistola
2814 1445 2961 1501 Pauli
2986 1445 3051 1501 ad
3081 1445 3389 1502 Corinthios
3415 1445 3651 1503 secunda
3676 1463 3690 1501 :
3720 1445 3909 1504 Omnes

2300 1557 2393 1596 nos
2414 1541 2729 1612 manifestari
2753 1550 2949 1610 oportet
2977 1548 3093 1595 ante
3119 1541 3345 1596 tribunal
3366 1539 3580 1605 Christi.
3610 1550 3665 1597 ut
3685 1550 3910 1613 reportet

2300 1636 2644 1706 unusquisque
2672 1645 2726 1673 cc
2758 1634 2837 1689 sui
2855 1634 3085 1706 corporis
3107 1635 3321 1706 propria
3343 1629 3620 1691 secundum
3648 1651 3765 1708 qua
3784 1636 3905 1709 egit,

2300 1728 2404 1783 sive
2422 1728 2580 1797 bona,
2609 1727 2714 1782 sive
2736 1727 2876 1782 mala
2908 1725 2976 1797 (II
2999 1724 3120 1782 Cor.
3149 1742 3203 1793 ν,
3227 1723 3339 1799 10).

2337 1875 2455 1916 CAP.
2512 1875 2661 1915 XIIX.
2718 1888 2789 1902 —
2841 1871 2978 1922 QUOD
3033 1865 3148 1914 IPSE
3195 1872 3281 1914 SIT
3332 1873 3436 1915 REX
3498 1874 3551 1915 IN
3602 1873 3870 1916 ETERNUII

2925 1966 3292 2008 REGNA'I‘UBUS.

2370 2089 2526 2161 Apud
2557 2089 2873 2146 Zachariam
2907 2106 2923 2144 :
2958 2088 3124 2144 Dicite
3152 2088 3276 2159 ﬁlice
3303 2088 3431 2146 Sion
3456 2105 3477 2144 :
3508 2085 3641 2144 Ecce
3661 2104 3754 2144 rea:
3777 2098 3896 2145 tuus

2296 2183 2428 2237 venit
2467 2180 2554 2235 tibi
2579 2183 2753 2253 justus
2780 2190 2827 2236 et
2850 2180 3056 2237 salvans
3079 2222 3093 2246 ,
3123 2180 3286 2247 mitis,
3316 2182 3494 2237 sedens
3522 2198 3673 2254 super
3695 2182 3906 2236 asinum

2295 2273 2598 2328 indomitam
2624 2269 2682 2309 άά
2703 2272 2889 2347 (Zach.
2920 2289 2997 2341 ιιι,
3025 2273 3106 2343 9).
3136 2273 3264 2330 Item
3308 2273 3453 2343 apud
3486 2273 3698 2330 Esaiam
3725 2289 3741 2328 :
3774 2271 3909 2339 Quis

2301 2366 2555 2421 nuntiabit
2578 2366 2716 2422 vobis
2745 2366 2910 2422 locum
2954 2376 3009 2403 οε
3042 2366 3187 2422 illum
3214 2378 3460 2422 cateruam
3482 2368 3508 2422 ?
3546 2365 3825 2422 Ambulans
3851 2367 3907 2423 in

2295 2461 2523 2531 justitia,
2551 2472 2596 2516 et
2622 2478 2804 2517 manus
2830 2461 3086 2516 abstinens
3111 2478 3143 2515 a
3169 2462 3487 2528 muneribus,
3514 2476 3736 2531 gravans
3754 2476 3902 2516 aures

2306 2562 2362 2607 ut
2391 2570 2494 2608 non
2523 2553 2702 2608 audiat
2717 2553 2977 2625 judicium
2999 2552 3283 2623 sanguinis,
3313 2561 3360 2606 et
3375 2551 3714 2623 comprimens
3733 2551 3904 2607 oculos

2295 2663 2414 2703 suos
2460 2664 2522 2703 ne
2568 2647 2735 2701 videat
2776 2647 3119 2718 iujustitiam,
3165 2646 3247 2701 hic
3290 2646 3594 2701 iuhabitabit
3625 2643 3676 2684 Π
3716 2645 3769 2700 in
3799 2646 3905 2701 alta

2297 2741 2541 2811 spelunca
2587 2749 2743 2811 petra:
2767 2740 2937 2811 fortis.
2972 2739 3136 2793 Panis
3171 2737 3252 2793 illi
3280 2738 3507 2803 dabitur,
3552 2748 3602 2795 et
3628 2755 3762 2810 aqua
3788 2739 3897 2811 ejus

2297 2833 2488 2903 fidelis.
2518 2832 2707 2906 Regem
2736 2849 2851 2887 cum
2878 2831 3115 2886 claritate
3131 2829 3364 2886 videbitis
3391 2830 3527 2902 (Isa.
3576 2845 3777 2897 χχχιιι,
3805 2829 3905 2886 14-

2298 2928 2412 3002 17).
2463 2929 2595 2984 Item
2626 2928 2767 2999 apud
2802 2925 3116 2983 Malachiam
3161 2943 3176 2979 :
3220 2925 3336 2981 Rea:
3374 2942 3588 2998 magnus
3623 2941 3736 2981 sum
3782 2940 3896 2997 ego,

2296 3024 2421 3080 dicit
2434 3023 2702 3089 Dominus,
2717 3024 2786 3057 ²⁹⁷
2801 3032 2848 3077 et
2861 3037 3042 3076 nomen
3053 3036 3221 3076 meum
3243 3020 3444 3076 illustre
3466 3029 3540 3075 est
3563 3018 3705 3092 apud
3733 3028 3905 3092 gentes

2300 3115 2555 3189 (Malach.
2587 3130 2626 3181 ι,
2673 3114 2790 3185 14).
2817 3113 2948 3169 Item
2976 3113 3031 3168 in
3057 3112 3273 3169 Psalmo
3301 3128 3339 3169 ιι
3368 3130 3383 3167 :
3420 3112 3538 3185 Ego
3579 3122 3752 3168 autem
3778 3128 3905 3168 con-

580 3213 815 3265 (atteritur
847 3209 901 3263 in
935 3208 1280 3280 jucunditate.
1336 3207 1551 3264 Cantate
1585 3209 1716 3278 Deo,
1756 3212 1958 3282 psallite
1999 3212 2195 3267 nomini
2219 3222 2265 3285 ρ
2296 3213 2503 3267 stitutus
2547 3226 2661 3265 sunt
2696 3225 2789 3264 rea:
2836 3208 2902 3263 ab
2937 3225 2996 3263 eo
3046 3224 3200 3279 super
3246 3206 3377 3264 Sion
3424 3217 3644 3263 montem
3670 3215 3905 3262 sanctum

573 3305 684 3374 ejus
712 3313 733 3341 τ
754 3344 770 3367 ,
801 3299 897 3354 iter
923 3301 1075 3371 facite
1101 3301 1146 3354 ei
1189 3310 1210 3337 ⁸
1258 3301 1345 3372 qui
1372 3302 1600 3357 ascendit
1642 3304 1697 3358 in
1742 3321 2015 3373 occasum;
2043 3304 2183 3362 Deus

573 3410 756 3448 nomen
781 3391 878 3446 illi.
899 3390 1303 3445 Turbabuntura
1320 3391 1451 3461 facie
1471 3393 1580 3462 eius
1597 3394 1758 3464 patris
1786 3396 2132 3466 orphanorum
2156 3398 2175 3434 τ

575 3494 623 3539 et
646 3483 839 3555 judicis
868 3481 1158 3536 viduarum.
1198 3481 1341 3537 Deus
1363 3485 1420 3537 in
1438 3484 1549 3538 loco
1577 3496 1755 3542 sancto
1781 3504 1896 3554 suo,
1925 3487 2068 3544 Deus
2097 3490 2187 3559 qui

570 3573 859 3629 inhabitare
887 3574 1010 3644 facit
1041 3573 1306 3628 unanimes
1337 3581 1364 3609 ιι
1392 3575 1447 3629 in
1496 3576 1680 3645 domo,
1712 3578 1995 3650 producens
2018 3591 2047 3618 τ
2074 3583 2187 3637 vin-

571 3676 678 3722 ctos
711 3665 766 3720 in
794 3664 977 3719 virtute
1000 3706 1017 3733 ,
1058 3665 1292 3721 similiter
1319 3683 1404 3723 eos
1431 3669 1519 3739 qui
1555 3672 1611 3724 in
1645 3673 1778 3726 iram
1828 3684 2105 3744 provocant
2134 3685 2184 3744 ι,

2286 3306 2397 3376 ejus
2427 3313 2510 3371 εδ,
2534 3302 2843 3357 annuntians
2871 3302 3141 3373 imperium
3170 3300 3330 3371 ipsius
3358 3299 3476 3372 (Ps.
3504 3316 3563 3367 ιι,
3588 3298 3642 3366 6,
3662 3298 3737 3373 7).
3764 3298 3899 3354 Item

2286 3397 2342 3452 in
2382 3397 2598 3452 Psalmo
2643 3412 2734 3452 ιιι
2762 3414 2776 3451 :
2820 3395 3366 3452 Cummemorabuntur
3392 3393 3452 3433 ιλιι
3479 3403 3525 3450 et
3547 3402 3901 3450 convertentur

2287 3490 2356 3544 ad
2383 3488 2664 3545 Dominum
2689 3506 2864 3546 omnes
2893 3490 3093 3545 termini
3115 3498 3284 3557 teme,
3316 3498 3364 3544 et
3388 3487 3660 3543 adorabunt
3686 3486 3742 3541 in
3768 3501 3901 3541 con-

2288 3592 2462 3654 spectu
2491 3593 2578 3639 tuo
2605 3600 2781 3640 omnes
2810 3584 2993 3655 patria:
3018 3586 3282 3655 gentium;
3323 3583 3565 3654 quoniam
3590 3580 3803 3637 Domini
3830 3589 3907 3638 est

2289 3692 2525 3749 regnum,
2572 3686 2621 3732 et
2645 3677 2755 3749 ipse
2780 3676 3124 3733 dominabitur
3172 3676 3221 3716 ίί
3256 3678 3483 3733 omnium
3517 3676 3747 3749 gentium
3773 3673 3898 3748 (Ps.

1835 3786 2221 3850 LECTIONES
2255 3789 2673 3849 VARIANTES.

636 3898 663 3962 fl
696 3898 796 3962 Pro
818 3903 1034 3962 peccatis
1053 3898 1426 3962 mortuus_Bod.
1449 3899 1497 3959 1,
1518 3901 1568 3960 5,
1594 3900 1644 3951 4.

634 3953 666 3997 ι)
688 3953 862 4024 Justus
885 3973 974 4024 pro
988 3960 1177 4024 iniquis
1203 3960 1310 4024 ΝΟ.
1350 3965 1396 4011 1.
1424 3953 1557 4012 Lam.

631 4026 663 4090 0_
694 4021 961 4090 conﬁtetur
987 4021 1182 4090 Filium,
1209 4030 1262 4090 et
1281 4023 1481 4090 Patrem
1498 4025 1649 4090 habet
1669 4026 1797 4078 Bod.
1826 4028 1874 4090 1,
1899 4028 1950 4078 4.
1971 4030 2113 4083 Foss.

581 4084 671 4203 N3
693 4087 737 4197 Ai
759 4086 879 4135 Sion
904 4082 1031 4137 Bod.
1053 4086 1101 4149 1,
1124 4084 1174 4147 2,
1200 4086 1249 4136 4.
1275 4085 1484 4150 Species
1501 4088 1770 4153 elegantiae
1796 4082 1931 4142 Lam.
1962 4082 2093 4145 Bod.
2125 4096 2175 4144 2.

641 4215 665 4272 ξ’
692 4209 831 4260 Deus
848 4209 1135 4259 manifestus
1158 4209 1283 4261 Bod.
1314 4210 1355 4272 Ι,
1382 4212 1432 4271 2,
1449 4211 1498 4262 4.

636 4270 660 4309 f
701 4272 921 4337 _Cir_cuitu
946 4273 1057 4335 ejus
1076 4270 1349 4337 tempestas
1370 4270 1530 4326 valida
1558 4275 1663 4328 Litt.
1699 4278 1809 4331 ΝΟ.
1830 4278 1880 4329 2.
1910 4280 2037 4332 Bod.
2062 4284 2110 4332 3.

637 4337 665 4375 ις
691 4333 878 4387 Caelum
899 4333 1112 4394 sursum,
1134 4349 1163 4385 a
1185 4333 1319 4385 terra
1350 4338 1465 4388 Ben.
1492 4342 1611 4392 Ver.

629 4395 668 4435 ’ίι
706 4397 769 4448 Ut
790 4405 1048 4451 separaret
1069 4398 1296 4451 ponulum
1316 4398 1452 4451 Foss.
1478 4403 1611 4451 Coro.

642 4404 668 4435 ιι
708 4404 769 4448 Ut
790 4405 1048 4458 separaret
1069 4404 1296 4461 populum
1316 4404 1452 4452 Foss.
1478 4404 1620 4454 Corb.

642 4460 660 4531 ξ
690 4460 999 4531 ροιιειιοεειθ
1021 4462 1415 4531 ειιιιιῑιιοξ-ιὶζϐβζ
1432 4526 1443 4531 _

643 4524 658 4573 i
695 4523 789 4582 Qui
813 4523 1167 4575 ordinaverunt
1190 4525 1300 4574 ΝΕ.
1326 4526 1371 4575 2.
1389 4526 1491 4577 Lin.

641 4585 671 4625 ιι
691 4585 930 4634 Dominus
946 4583 1081 4643 dicit,
1108 4586 1246 4636 Deus
1268 4590 1500 4639 virtutum
1525 4589 1651 4641 Bod.
1676 4591 1726 4642 2.

644 4647 666 4685 1
703 4645 1010 4696 Exclamabit
1033 4647 1157 4698 Bod.
1187 4652 1231 4699 1.

641 4710 682 4737 ω
696 4708 951 4772 Inimicos
976 4708 1084 4772 ejus
1102 4712 1241 4763 Foss.

644 4773 675 4848 ξ
694 4770 846 4848 laeui
870 4770 1096 4848 quidem,
1110 4774 1490 4848 itumquitI'Dod.

649 4835 675 4863 ο
700 4833 1063 4897 Dispergantur
1088 4833 1268 4886 inimici
1288 4838 1412 4888 Bod.
1438 4840 1484 4888 1.
1509 4840 1554 4889 4.

640 4899 669 4965 _l’
703 4895 1140 4965 Quomododeﬁcit
1163 4898 1303 4965 ξοδδ.
1328 4900 1466 4952 Corb.
1496 4903 1687 4958 Hod.1,
1718 4903 1769 4964 2,
1800 4904 1909 4961 3.4.
1933 4904 2182 4965 Quomodo

580 4959 791 5009 tabescit
811 4972 924 5009 cera
952 4960 1071 5011 Bod.
1099 4962 1333 5022 l.2,3,4.
1357 4965 1476 5015 Cera
1505 4966 1623 5015 ﬂuet
1652 4959 1887 5019 LinfNC.
1911 4959 1961 5018 2:

642 5024 672 5065 (ι
695 5020 821 5084 Iusti
838 5021 1103 5084 epulentur
1115 5025 1245 5073 Lam.
1272 5026 1396 5076 Bod.
1421 5028 1470 5084 2,
1493 5030 1543 5078 5.
1567 5029 1675 5081 NG.
1694 5029 1744 5079 2.

644 5064 671 5115 ί
694 5064 1104 5147 ᾖὲΞῙ-ιιῖιῖιῖἆῖἆῖὲ
1385 5064 1771 5143 ita-te
1795 5094 1847 5142 in
1856 5092 1968 5144 Deo
1993 5095 2116 5147 Bod.
2129 5095 2177 5147 5.

642 5148 666 5178 ⁸
693 5145 833 5198 Viam
853 5146 1005 5197 facite
1028 5148 1078 5198 ei
1093 5150 1203 5200 ΝΟ.
1231 5153 1274 5200 1.
1301 5152 1426 5203 Bod.
1455 5152 1557 5215 1,2,
1571 5155 1622 5215 3,
1639 5154 1686 5205 4.
1714 5156 1851 5208 Foss.
1880 5157 2023 5209 Corb.

2204 4681 2259 4741 1)

2348 3901 2372 3977 ξ
2402 3902 2583 3977 Patres
2602 3904 2936 3977 orphanorum
2951 3913 3005 3958 et
3020 3904 3215 3971 iudices
3238 3902 3365 3958 Bod.
3391 3906 3499 3970 1,3,
3516 3905 3566 3957 4.
3593 3904 3733 3958 Foss.
3758 3904 3903 3958 Corb.

2345 3968 2376 3996 ιι
2402 3966 2556 4017 Unius
2579 3966 2729 4018 moris
2759 3966 2865 4020 Lin.

2346 4031 2376 4061 τ
2412 4029 2508 4089 Qui
2529 4030 2696 4082 educit
2713 4032 2905 4082 vinctos
2929 4031 2980 4080 in
3002 4030 3291 4082 fortitudine
3319 4029 3546 4084 Litt.NC.
3570 4031 3621 4080 2.

2344 4093 2374 4122 π
2398 4092 2497 4142 Eos
2533 4096 2618 4156 qui
2640 4096 2909 4144 amaricant
2934 4093 3074 4145 Corb.
3102 4093 3200 4145 Eos
3237 4099 3321 4155 qui
3357 4094 3632 4146 inhabitant
3653 4094 3706 4144 in
3727 4106 3904 4146 monu-

2287 4157 2470 4207 mentis
2487 4156 2618 4207 Lam.
2647 4158 2757 4210 NC.
2786 4159 2831 4208 1.
2855 4156 2980 4207 Bod.
3011 4159 3061 4216 2,
3085 4158 3136 4216 3,
3159 4158 3206 4208 4.
3227 4158 3369 4209 Foss.

2345 4220 2375 4283 ξ
2402 4216 2533 4283 Qum
2553 4221 2878 4283 egredereris
2896 4219 3000 4271 Litt.
3030 4220 3141 4273 ΝΟ.
3162 4221 3210 4272 2.

2349 4280 2375 4311 ι
2410 4279 2524 4341 'l‘ui,
2543 4279 2658 4332 dum
2683 4283 2942 4333 transieris
2963 4284 3101 4334 Foss.

2283 4346 2304 4406 ζ
2348 4342 3024 4410 99:1‘tlexbteredabis_Bod.
3048 4347 3098 4396 2.
3125 4345 3255 4396 Lam.
3275 4344 3548 4410 DiSperdes
3570 4348 3620 4400 Ν
3625 4346 3681 4397 C.
3704 4346 3756 4399 2.

2348 4404 2412 4445 δι’
2429 4408 2654 4458 Perdere
2679 4422 2770 4460 nos
2790 4408 2916 4458 Bod.
2941 4409 2989 4459 3.

2283 4471 2299 4499 τ
2331 4474 2405 4537 Αοο
2444 4471 2507 4522 Ut
2530 4470 2735 4537 recipiat
2758 4472 3094 4537 unusquisque
3107 4471 3364 4526 Lam.'NC.
3388 4471 3435 4522 1.
3451 4471 3595 4524 Corb.
3615 4486 3728 4537 qua:
3745 4475 3905 4537 gessit

2301 4535 2408 4584 sive
2425 4537 2553 4586 bona
2577 4533 2685 4586 ΝΟ.
2718 4536 2764 4585 1.
2791 4533 2924 4585 Lam‘.

2348 4595 2410 4636 (Μ
2432 4594 2797 4659 Superpullum
2815 4598 2941 4647 asini
2976 4596 3111 4647 Lam.
3130 4596 3241 4649 ΝΟ.
3270 4598 3317 4649 1.
3346 4596 3524 4648 Bod.2.

2352 4662 2408 4724 ἐφ
2435 4660 2555 4724 Quis
2572 4661 2818 4724 nuntiabit
2843 4659 2981 4709 vobis
3001 4662 3116 4724 quia
3157 4661 3287 4723 ignis
3316 4661 3460 4724 ardet
3481 4662 3505 4711 ?
3525 4662 3636 4724 quis
3654 4661 3904 4713 nuntiabit

2284 4722 2423 4786 vobis
2447 4719 2606 4774 locum
2630 4719 2769 4772 illum
2788 4719 3035 4773 aeternum
3055 4719 3200 4774 Lam:
3218 4723 3345 4775 Bod.
3362 4724 3412 4786 2,
3429 4723 3479 4785 3,
3506 4719 3558 4773 4ῖ
3582 4722 3688 4775 Lin.
3715 4723 3828 4775 NG.
3849 4726 3901 4786 1,

2284 4784 2333 4833 2.
2359 4785 2500 4838 Foss.
3398 4784 3404 4786 ﬁ
3466 4784 3469 4785 ν

2322 4845 2775 4922 -ςξειίοιιεδιωδίι
2790 4848 2991 4922 llod.1.
3172 4912 3204 4922 ῃ
3549 4917 3559 4922 _
3691 4909 3735 4922 ﬁ
3824 4912 3835 4922 ,

2349 4912 2409 4976 ξε
2431 4911 2890 4976 Monteni_sanctum
2909 4911 3035 4976 ejus,
3056 4912 3325 4976 prmdicans
3348 4917 3651 4976 praeceptum
3691 4909 3903 4963 Domini

2284 4976 2333 5026 Ν
2340 4975 2395 5038 _C_.
2419 4975 2468 5038 ἓ.
2491 4974 2627 5038 Foss.
2649 4972 2916 5037 Imperium
2939 4972 3048 5037 ejus
3059 4972 3199 5025 ‘Bod.
3226 4976 3271 5038 1,
3290 4972 3407 5035 2,3,
3432 4975 3482 5024 4.

2345 5034 2408 5074 ιλιι
2423 5034 2821 5087 Reminiscetitur
2838 5044 2891 5087 et
2911 5034 3265 5089 convertentur
3284 5042 3333 5091 N
3341 5034 3399 5089 ϐ.
3417 5038 3467 5087 2.

2350 5098 2398 5138 ii
2427 5097 2769 5150 Dominabitur
2790 5103 3014 5163 gentium
3045 5099 3184 5151 Foss.

1801 5263 2044 5322 STEPH.
2087 5266 2362 5328 BALUZII
2399 5270 2631 5331 NOTE.

650 5373 778 5433 CAP.
794 5375 1410 5434 XXVIII.-—Producens
1427 5378 1636 5435 vinctos.
1654 5380 1821 5435 Paulo
1838 5383 1997 5438 aliter
2018 5383 2180 5442 habet

577 5444 667 5522 hic
684 5447 898 5522 locusin
916 5449 1100 5522 codice
1116 5450 1476 5522 Burgandico,
1496 5452 1584 5506 ubi
1608 5454 1684 5508 sic
1702 5453 1923 5521 legitur:
1948 5455 2048 5522 Qui
2060 5457 2179 5511 edu-

577 5518 646 5571 cit
671 5520 933 5597 vinctos
955 5518 1273 5597 fortituatne,
1296 5524 1528 5597 similiter
1547 5540 1631 5578 eos
1655 5526 1741 5595 qui
1759 5518 1817 5579 in
1834 5518 2178 5597 irani'provo-

573 5601 712 5656 cant,
727 5592 1042 5668 quihabitant
1058 5593 1427 5668 insepulchris.
1448 5594 1604 5668 Deus,
1621 5592 1734 5649 cum
1753 5592 2060 5668 egredereris
2084 5616 2174 5654 co-

574 5662 903 5738 rain‘populo
946 5672 1061 5726 tuo,
1096 5662 1215 5738 dum
1244 5667 1662 5738 transgredereris
1707 5668 1761 5721 in
1780 5662 2006 5725 deserto.
2039 5670 2175 5726 Item

572 5730 630 5808 in
663 5730 875 5811 Psalmq
898 5748 1063 5811 Lxxtu
1089 5750 1114 5811 ε,
1139 5730 1404 5811 Exsurge;
1422 5735 1782 5811 Deus,_judi_ca
1809 5750 2015 5811 terram,
2040 5759 2172 5811 quo-

576 5802 716 5851 niam
743 5812 795 5853 tu
822 5802 1085 5870 disperdes
1100 5803 1154 5857 in
1178 5802 1410 5858 omnibus
1424 5802 1686 5863 Gentibus.
1706 5806 1840 5863 Item
1860 5812 1914 5865 in
1938 5802 2173 5885 Evange-

2281 5387 2352 5460 lio
2379 5390 2660 5445 secundum
2692 5390 2998 5447 Hatthazum
3020 5408 3040 5447 :
3064 5391 3202 5459 Quid
3226 5393 3371 5450 nobis
3395 5401 3443 5449 et
3470 5393 3585 5460 tibi,
3618 5392 3730 5448 Fili
3757 5389 3906 5447 Dei?

2285 5458 2424 5526 Quid
2462 5464 2562 5516 huc
2589 5464 2769 5518 venisti
2802 5474 2921 5519 ante
2949 5475 3147 5533 tempus
3187 5464 3400 5531 perdere
3437 5483 3530 5521 nos
3555 5458 3581 5520 ?
3611 5466 3729 5521 Duo
3763 5463 3891 5519 libri

2282 5541 2493 5608 veteres
2525 5534 2576 5588 in
2595 5534 2843 5608 editione
2871 5536 3162 5608 Anglicana
3185 5536 3384 5592 laudati
3413 5538 3617 5595 habent
3643 5536 3732 5608 qui
3756 5534 3897 5589 edu-

2277 5600 2348 5656 cit
2367 5604 2562 5676 vinctos
2586 5606 2640 5659 in
2669 5600 2990 5676 fortitudine.
3023 5607 3114 5664 Sic
3140 5608 3302 5662 etiam
3334 5610 3386 5663 in
3410 5623 3523 5665 uno
3551 5600 3699 5665 meo.

2352 5673 2495 5748 Quas
2518 5676 2627 5747 ipse
2640 5673 2941 5748 pasciturus
2957 5689 3050 5734 est.
3076 5679 3202 5734 Haec
3230 5694 3336 5734 non
3363 5679 3635 5738 habentur
3664 5680 3719 5734 in
3746 5678 3906 5748 Apoc

2275 5744 2514 5831 calypsi,
2539 5744 2595 5803 et
2620 5744 2816 5831 desunt
2842 5750 2893 5805 in
2919 5751 3238 5822 quibusdam
3268 5751 3422 5810 libris
3451 5751 3764 5817 veteribus;
3793 5744 3898 5806 de-

2272 5827 2399 5874 sunt
2426 5826 2587 5876 etiam
2619 5826 2672 5876 in
2701 5835 2896 5892 graeco.
