4214 6266
367 360 476 419 721

1579 361 2143 425 TESTIMONIORUM
2181 365 2389 424 LIBER
2428 369 2490 425 II.

3578 372 3686 430 722

371 492 485 535 xxi.
514 475 608 546 28,
625 474 740 545 29).
769 475 903 534 Item
931 476 985 534 in
1021 477 1238 535 Psalmo
1266 494 1393 534 mn
1425 497 1437 535 :
1467 478 1677 550 Auferte
1724 490 1897 551 portas
1929 491 1977 550 δ,
2010 485 2061 545 Α
2086 485 2178 539 tati
2234 493 2283 540 ι.
2343 483 2524 542 Omnis
2562 488 2650 558 qui
2689 496 2763 546 est
2803 488 2866 547 de
2900 490 3108 547 veritate
3144 490 3292 546 audit
3327 506 3496 547 vocem
3519 506 3685 549 meam

371 570 649 643 principes,
672 580 885 639 vestras,
907 580 956 626 et
981 572 1305 639 extollimini,
1337 581 1497 643 partae
1514 575 1800 642 teternales,
1818 584 1866 629 et
1891 574 1976 630 in-

371 665 545 720 troibit
570 681 663 720 rex
681 665 954 722 claritatis.
1000 665 1128 734 Quis
1158 675 1231 722 est
1254 667 1349 721 iste
1375 683 1466 722 rex
1485 665 1735 723 claritatis
1755 667 1825 723 η
1866 667 1977 723 Do-

368 759 541 814 minus
577 758 728 831 {ortis
768 766 814 814 et
841 770 1042 830 potens,
1075 758 1332 816 Dominus
1360 761 1509 833 fortis
1553 764 1606 816 in
1637 763 1834 833 prtelio.
1864 762 1975 818 Au-

369 852 498 924 ferte
556 858 730 918 portas
769 850 1028 922 principes
1078 862 1270 908 vestras
1300 895 1314 917 ,
1363 862 1413 907 et
1468 854 1774 910 extollimini
1817 865 1979 924 portte

366 942 638 1000 teternales
657 985 674 1009 ,
704 952 751 999 et
790 943 1021 999 introibit
1049 961 1142 1000 rex
1170 946 1442 1002 claritatis.
1494 946 1624 1015 Quis
1651 957 1727 1003 est
1766 949 1860 1004 iste
1886 966 1978 1006 rex

368 1037 660 1093 claritatis?
710 1035 963 1094 Dominus
1013 1039 1251 1094 uirtutum
1307 1042 1416 1112 ipse
1466 1050 1538 1097 est
1593 1060 1685 1099 rex
1729 1044 1977 1101 claritatis

368 1128 491 1207 (Ps.
518 1145 668 1198 mn,
702 1130 882 1202 7-10).
915 1130 1044 1187 Item
1067 1132 1121 1188 in
1151 1131 1366 1188 Psalmo
1401 1148 1526 1189 mv
1557 1154 1569 1189 :
1598 1134 1859 1191 Eructauit
1888 1153 1977 1193 car

368 1241 539 1280 meum
561 1240 845 1280 sermonem
880 1224 1064 1280 bonum
1089 1237 1111 1265 ε
1133 1268 1150 1294 ,
1182 1226 1295 1281 dico
1333 1244 1426 1299 ego
1465 1224 1492 1264 ἀ
1523 1244 1678 1299 apera
1706 1246 1819 1285 mea
1846 1232 1971 1302 regi.

369 1319 575 1393 Lingua
608 1336 721 1374 mea
758 1318 988 1375 calamus
1028 1321 1295 1392 scriptoris
1324 1330 1347 1359 ⁸
1375 1331 1521 1376 acute
1547 1322 1810 1377 scribentis
1837 1364 1852 1387 ,
1884 1324 1975 1379 de-

367 1430 518 1471 corus
546 1412 568 1452 ί
598 1413 763 1486 specie
790 1430 942 1485 super
967 1414 1102 1483 ﬁlios
1132 1415 1414 1469 hominum.
1443 1414 1630 1483 Eﬂ'usa
1656 1425 1728 1471 est
1760 1425 1785 1463 ε
1807 1416 1975 1487 gratia

367 1508 425 1564 in
446 1507 594 1563 labiis
623 1507 741 1573 tuis,
774 1517 1044 1579 propterea
1078 1507 1335 1563 benedixit
1378 1517 1426 1563 te
1466 1507 1605 1563 Deus
1631 1509 1686 1563 in
1710 1510 1901 1565 stecula
1924 1509 1971 1564 ιλ.

368 1599 650 1672 Accingere
674 1614 790 1654 ense
821 1607 906 1653 tuo
941 1597 957 1635 ί
1000 1598 1068 1653 ad
1090 1601 1273 1671 femur,
1306 1600 1668 1672 potentissime.
1703 1598 1888 1654 Decori
1926 1611 1973 1655 et

366 1690 553 1763 speciei
578 1700 678 1746 tua:
696 1700 741 1745 et
762 1691 966 1746 intende
985 1701 1030 1746 et
1055 1691 1219 1763 dirige
1246 1692 1259 1743 i
1300 1700 1345 1747 et
1367 1709 1521 1764 regna
1551 1703 1761 1765 propter
1783 1694 1971 1749 verita-

367 1792 468 1838 tem
496 1785 523 1821 κ
554 1791 600 1838 et
619 1782 1057 1838 mansuetudinem
1099 1794 1147 1838 et
1169 1785 1426 1858 justitiam
1465 1784 1583 1858 (Ps.
1619 1802 1765 1856 xmv,
1792 1785 1846 1854 2,
1890 1784 1968 1860 5).

2081 575 2265 651 (Joan.
2296 594 2448 647 xvm,
2479 577 2572 651 36,
2601 580 2711 653 37).

2218 732 2337 775 cur.
2386 733 2512 773 xxx.
2543 749 2616 761 —
2639 734 2780 785 οσον
2805 737 2919 779 lese
2948 724 3031 780 si'r
3058 737 3226 780 sane:
3255 738 3325 779 nr
3355 738 3461 778 ne:
3480 733 3532 779 γ.
3634 788 3651 813 κ

2155 853 2211 908 1η
2242 852 2458 910 Psalmo
2487 871 2619 912 Lm
2653 874 2666 912 :
2701 856 2839 913 Deus
2859 900 2874 926 ,
2919 859 3177 931 judicium
3200 868 3342 913 tuum
3369 859 3479 931 regi
3505 858 3573 913 da
3593 901 3607 926 ,
3637 870 3684 914 et

2024 1008 2033 1019 α
2070 932 2326 1019 justitiam
2362 958 2499 1004 tuam
2522 950 2631 1020 filio
2668 952 2834 1024 regis,
2866 952 3107 1025 judicare
3145 958 3394 1025 populum
3445 961 3588 1007 tuum
3628 953 3682 1008 in

2068 1043 2279 1114 justitia
2307 1042 2423 1114 (Ps.
2457 1060 2611 1111 uxr,
2648 1046 2699 1113 1,
2727 1045 2818 1116 2).
2853 1046 2985 1103 Item
3013 1046 3068 1102 in
3096 1046 3449 1119 Apocalypsi:
3486 1045 3552 1101 Et
3575 1047 3683 1101 vidi

2077 1136 2261 1191 cxlum
2308 1148 2540 1208 apertum
2586 1149 2649 1204 1;
2676 1149 2722 1193 et
2747 1156 2861 1195 eccs
2882 1156 3039 1211 equus
3067 1140 3213 1195 albus
3233 1182 3248 1208 ,
3280 1151 3327 1196 et
3354 1142 3438 1211 qui
3478 1140 3684 1195 sedebat

2076 1247 2229 1301 super
2252 1249 2367 1287 eum
2391 1232 2662 1288 vocabatur
2683 1233 2848 1303 ﬁdelis
2874 1243 2921 1289 et
2944 1251 3088 1290 verus
3110 1244 3191 1303 ολ,
3217 1251 3416 1304 (equum
3448 1236 3678 1306 justum-

2075 1343 2174 1396 que
2191 1327 2425 1399 judicat,
2457 1337 2505 1383 et
2534 1329 2820 1401 prteliatur.
2845 1328 3003 1384 Oculi
3032 1339 3203 1384 autem
3231 1330 3342 1402 ejus
3371 1341 3516 1385 erant
3545 1339 3677 1386 tam-

2075 1435 2228 1491 quam
2274 1422 2487 1492 ﬂamma
2531 1423 2701 1495 ignis,
2746 1434 2793 1478 et
2836 1440 2990 1495 super
3033 1434 3188 1495 caput
3232 1426 3344 1496 ejus
3388 1425 3679 1481 diademata

2076 1514 2255 1582 multa,
2270 1522 2317 1569 et
2343 1515 2575 1584 portabat
2600 1532 2782 1571 nomen
2801 1518 3048 1587 scriptum
3070 1519 3255 1574 nemini
3274 1519 3364 1574 alii
3384 1519 3483 1574 nisi
3510 1518 3667 1574 sibibb

2076 1615 2271 1661 notum.
2295 1605 2363 1661 Et
2409 1617 2517 1661 erat
2559 1619 2827 1679 coopertus
2868 1620 3051 1666 uestem
3094 1628 3355 1681 aspersam
3382 1622 3436 1651 σε
3465 1614 3674 1683 sangui-

2074 1718 2167 1767 ne,
2205 1711 2252 1755 et
2289 1700 2478 1755 dicitur
2506 1718 2689 1757 nomen
2716 1704 2828 1774 ejus
2865 1702 3085 1758 Verbum
3118 1703 3214 1759 Dei
3240 1701 3326 1769 dd;
3352 1714 3401 1758 et
3426 1706 3679 1760 exercitus

2073 1797 2160 1869 qui
2186 1805 2304 1851 sunt
2329 1796 2384 1850 in
2410 1796 2536 1871 calo
2564 1795 2904 1867 sequebantur
2934 1813 3048 1850 eum
3076 1797 3132 1851 in
3160 1797 3300 1868 equis
3324 1798 3482 1859 albis.
3514 1792 3684 1852 induti

363 1874 496 1932 Item
522 1876 574 1931 in
600 1874 820 1932 Psalmo
847 1891 883 1931 v
907 1893 921 1932 :
956 1874 1070 1932 Rex
1105 1894 1245 1933 meus
1283 1887 1331 1934 et
1359 1878 1499 1934 Deus
1526 1896 1687 1947 meus,
1728 1882 1969 1952 quoniam
1996 1886 2045 1947 B
2071 1887 2333 1959 byssinum
2357 1887 2531 1943 album
2557 1887 2803 1943 mundum
2833 1898 2889 1926 εθ
2910 1905 2929 1955 ;
2959 1898 3005 1943 et
3036 1889 3099 1943 de
3125 1906 3211 1944 ore
3238 1892 3347 1960 ejus
3373 1890 3540 1946 exibat
3566 1892 3681 1961 91a-

361 1967 434 2023 ad
468 1976 517 2023 te
556 1968 732 2035 orabo,
787 1967 1025 2036 Domine,
1067 1986 1215 2024 mane
1253 1971 1496 2026 exaudies
1540 1988 1711 2027 vocem
1758 1989 1965 2040 meam;

243 2124 256 2135 ,
361 2078 513 2118 mane
535 2063 773 2119 assistam
812 2064 903 2119 tibi
935 2062 982 2132 1,
1014 2074 1063 2120 et
1101 2067 1483 2135 contemplabor
1511 2077 1559 2122 te
1584 2067 1703 2141 (Ps.
1740 2086 1793 2137 ν,
1813 2071 1962 2135 5,4).

359 2155 495 2214 Item
526 2157 580 2213 in
607 2158 826 2215 Psalmo
847 2173 967 2216 xcvr
998 2175 1013 2214 :
1046 2158 1298 2217 Dominus
1322 2163 1575 2232 regnavit,
1599 2164 1786 2220 exultet
1806 2175 1962 2232 terra,

351 2251 701 2323 jucundentur
737 2262 777 2290 ω
816 2254 998 2310 insulx
1034 2257 1211 2309 multa:
1247 2252 1369 2326 (Ps.
1416 2271 1561 2323 xc",
1606 2256 1689 2330 1).
1736 2257 1869 2314 Item
1908 2260 1965 2314 in

360 2343 575 2402 PSalmo
601 2361 727 2402 xuv
755 2363 770 2400 :
797 2346 1002 2402 Adstitit
1021 2348 1197 2419 regina
1214 2348 1284 2402 ad
1303 2348 1566 2405 dexteram
1595 2359 1736 2405 tuam
1760 2352 1813 2405 in
1832 2362 1965 2407 veste

357 2438 599 2494 inaurata
623 2448 672 2506 η,
706 2440 895 2494 amicta
913 2448 984 2494 est
1019 2440 1279 2496 varietate.
1309 2440 1469 2507 Audi,
1504 2441 1638 2511 ﬁlia,
1667 2452 1714 2498 et
1739 2442 1853 2497 vide
1871 2486 1885 2507 ,
1915 2452 1966 2498 et

359 2530 553 2587 inclina
582 2548 758 2588 aurem
782 2540 958 2600 "tuam,
987 2541 1033 2587 et
1063 2532 1351 2589 obliviscere
1385 2534 1564 2606 papuli
1597 2536 1670 2590 tui
1712 2546 1757 2590 et
1782 2537 1967 2592 domus

361 2624 523 2697 patris
546 2636 570 2661 υ
594 2625 687 2689 tui,
716 2626 955 2695 quoniam
983 2624 1283 2680 desideravit
1308 2643 1401 2682 rex
1421 2629 1639 2699 speciem
1659 2638 1820 2695 tuam,
1843 2630 1966 2701 quia

358 2717 470 2788 ipse
497 2723 571 2770 est
597 2713 851 2770 Dominus
873 2715 1013 2771 Deus
1040 2726 1155 2771 tuus
1184 2728 1209 2766 ι)
1238 2716 1361 2788 (Ps.
1384 2734 1528 2785 xuv,
1561 2717 1779 2792 10-12).
1830 2719 1964 2776 Item

358 2810 414 2867 in
458 2810 672 2867 Psalmo
700 2826 862 2866 Lxxtn
897 2828 912 2868 :
944 2810 1085 2866 Deus
1129 2822 1295 2868 autem
1337 2828 1428 2869 rex
1466 2822 1636 2868 noster
1654 2824 1773 2870 ante
1797 2832 1962 2871 strea-

358 2908 465 2963 lum
495 2917 545 2973 τι,
572 2917 811 2975 operatus
840 2913 910 2960 est
927 2905 1144 2960 salutem
1170 2906 1224 2961 in
1252 2906 1417 2961 medio
1444 2916 1593 2963 terrae
1616 2907 1737 2977 (Ps.
1768 2923 1961 2976 tum,

359 2997 473 3071 12).
497 2996 628 3054 Item
660 2998 716 3052 in
743 2997 1037 3067 Evangelia
1060 3005 1177 3053 cata
1203 2997 1509 3054 Matthreum
1541 3016 1552 3052 :
1579 2998 1784 3055 Etcum
1808 2998 1964 3057 Iesus

358 3101 508 3149 natus
524 3102 649 3149 esset
673 3095 727 3147 in
752 3091 1048 3147 Bethlehem
1076 3090 1251 3158 Judx,
1288 3092 1344 3147 in
1365 3092 1538 3148 diebus
1562 3092 1784 3149 Herodis
1808 3095 1960 3164 regis,

359 3201 470 3241 ecce
489 3185 624 3258 magi
650 3185 714 3240 ab
747 3184 954 3240 Oriente
972 3194 1210 3240 venerunt
1234 3183 1641 3257 Hierosolymam
1654 3196 1675 3223 τ
1703 3185 1924 3242 dicentes
1945 3202 1965 3241 :

2069 1980 2186 2036 dius
2223 1981 2460 2051 utrinque
2490 1978 2543 2018 τί
2588 1988 2805 2048 acutus,
2848 1989 2902 2036 ut
2940 1997 3003 2036 ex
3041 1997 3098 2037 eo
3133 1992 3414 2050 percuteret
3449 1984 3679 2038 nationes

2066 2094 2193 2149 quas
2218 2077 2328 2148 ipse
2354 2077 2643 2147 pasciturus
2673 2086 2730 2123 88
2762 2087 2835 2131 est
2864 2077 2918 2131 in
2945 2077 3087 2149 uirga
3114 2082 3282 2151 ferrea
3300 2120 3315 2145 ,
3349 2086 3396 2133 et
3423 2078 3534 2149 ipse
3569 2079 3677 2133 cal-

2066 2168 2201 2223 cabit
2230 2170 2456 2223 torcular
2482 2168 2586 2223 vini
2613 2169 2708 2223 irte
2748 2167 2849 2222 Dei
2894 2170 3275 2240 omnipotentis.
3319 2169 3486 2224 Habet
3524 2171 3675 2224 etiam

2065 2261 2120 2316 in
2145 2271 2279 2316 ueste
2308 2270 2356 2316 et
2381 2262 2435 2315 in
2465 2264 2655 2330 femore
2690 2276 2783 2316 suo
2824 2277 3009 2317 nomen
3046 2262 3321 2332 scriptum:
3350 2262 3463 2318 Rex
3499 2278 3674 2333 regum

2065 2364 2112 2410 et
2141 2353 2396 2410 Dominus
2422 2355 2797 2409 dominantium
2820 2351 2881 2391 ιλιι
2912 2352 3109 2428 (Apoc.
3132 2370 3224 2409 xu
3241 2398 3254 2419 ,
3281 2353 3448 2409 11-16
3467 2356 3507 2423 ).
3535 2354 3663 2409 Item

2066 2446 2120 2502 in
2147 2448 2477 2520 Evangelio:
2523 2446 2651 2503 Cum
2688 2449 2877 2503 uenerit
2905 2445 3075 2503 Filius
3101 2448 3318 2503 hominis
3345 2448 3399 2503 in
3437 2447 3672 2502 claritate

2064 2557 2190 2606 sua,
2220 2550 2270 2596 et
2302 2557 2476 2596 omnes
2524 2540 2705 2613 Angeli
2751 2557 2866 2596 cum
2901 2556 2993 2605 eo,
3034 2549 3155 2595 tunc
3196 2539 3383 2595 sedebit
3407 2539 3459 2593 in
3490 2539 3673 2593 throno

2064 2633 2313 2689 claritatis
2340 2651 2448 2689 sua:
2483 2652 2502 2689 :
2539 2644 2590 2690 et
2633 2634 2935 2706 colligentur
2959 2643 3076 2688 ante
3116 2650 3231 2689 eum
3258 2650 3431 2688 omnes
3458 2641 3630 2705 gentes
3652 2674 3666 2693 .

2065 2734 2111 2781 et
2131 2726 2411 2798 segregabit
2437 2727 2557 2781 illos
2594 2724 2641 2763 ίί
2668 2728 2731 2781 ab
2754 2726 2966 2781 invicem
2988 2768 3004 2794 ,
3036 2726 3466 2797 quemadmodum
3496 2732 3671 2790 pastor

2064 2827 2293 2890 segregat
2319 2835 2433 2873 oues
2479 2817 2542 2871 ab
2583 2817 2781 2882 hatdis;
2828 2828 2875 2872 et
2918 2827 3102 2873 statuet
3144 2835 3257 2874 oves
3298 2817 3367 2872 ad
3409 2817 3670 2872 dexteram

2064 2926 2245 2977 suam,
2293 2911 2466 2966 hxdos
2506 2919 2675 2963 autem
2699 2910 2768 2963 ad
2796 2909 3053 2963 sinistram
3088 2908 3165 2963 ii.
3194 2908 3342 2964 Tunc
3380 2910 3510 2964 dicet
3556 2909 3670 2965 Rex

2064 3004 2138 3058 eis
2174 3003 2262 3074 qui
2295 3003 2364 3057 ad
2405 3002 2637 3057 dextram
2677 3003 2787 3073 ejus
2825 3009 2971 3056 erunt
3002 3018 3020 3054 :
3052 2999 3244 3067 Venite,
3267 3000 3513 3055 benedicti
3556 2999 3667 3054 Pa-

2067 3096 2159 3150 tris
2203 3098 2335 3161 mei,
2368 3094 2608 3166 percipite
2637 3110 2849 3165 regnum
2888 3092 3025 3165 quod
3065 3092 3203 3148 vobis
3233 3102 3470 3163 paratum
3497 3094 3567 3127 ’³⁸
3595 3104 3670 3147 est

2065 3191 2130 3246 ab
2157 3190 2355 3262 origine
2380 3189 2579 3243 mundi.
2611 3187 2816 3242 Esarivi
2847 3187 3012 3253 enim,
3048 3197 3094 3242 et
3124 3187 3336 3243 dedistis
3363 3188 3490 3242 mihi
3517 3206 3666 3243 man-

363 3276 462 3336 Ubi
503 3286 577 3332 est
621 3278 706 3349 qui
755 3287 903 3332 natus
933 3286 1006 3332 est
1041 3294 1133 3333 rex
1167 3276 1508 3334 Judxorum?
1563 3277 1790 3335 Vidimus
1829 3279 1962 3333 enim
1987 3285 2033 3349 C
2066 3283 2290 3349 ducare;
2317 3284 2451 3337 sitiui
2471 3325 2485 3349 ,
2517 3291 2565 3336 et
2593 3281 2802 3352 potastis
2830 3280 2911 3334 m‘e
2938 3278 3030 3347 li";
3060 3280 3242 3351 hospes
3281 3280 3390 3350 fui,
3424 3289 3471 3335 et
3500 3281 3670 3336 addu-

357 3369 558 3425 stellam
608 3370 718 3438 eius
782 3369 838 3423 in
902 3369 1108 3425 Oriente
1139 3411 1156 3437 ,
1207 3379 1252 3424 et
1306 3372 1531 3426 uenimus
1578 3372 1795 3427 adorare
1846 3389 1960 3428 eum

357 3459 572 3535 (Matth.
599 3476 659 3529 ιι,
680 3460 828 3534 1,2).
856 3461 990 3518 lum
1015 3470 1132 3518 cata
1154 3460 1416 3519 Joannem
1440 3463 1575 3520 dixit
1599 3464 1792 3520 Jesus:
1828 3464 1961 3536 Reg-

360 3571 483 3610 num
511 3572 677 3610 meum
705 3572 813 3623 non,
846 3565 919 3611 est
948 3556 1012 3611 de
1039 3558 1137 3612 isto
1157 3558 1368 3614 saeculo.
1403 3557 1467 3615 Si
1494 3559 1557 3615 de
1593 3560 1691 3614 isto
1717 3559 1907 3616 sarculo
1933 3570 1954 3598 ³

360 3656 489 3705 esset
512 3664 726 3720 regnum
758 3666 952 3716 meum,
984 3651 1201 3705 ministri
1231 3652 1330 3707 mei
1360 3653 1683 3708 turbarentur
1714 3655 1731 3691 ί
1766 3670 1831 3708 ne
1855 3664 1961 3709 tra-

360 3741 505 3798 derer
530 3740 749 3799 ludatis.
782 3741 939 3799 Nunc
965 3755 1133 3800 autem
1155 3762 1365 3818 regnum
1394 3763 1560 3801 meum
1589 3764 1692 3803 non
1717 3760 1789 3805 est
1818 3749 1955 3803 hinc.

358 3833 507 3891 Dixit
530 3834 732 3891 Pilatus
757 3838 788 3868 ¹¹
816 3855 830 3892 :
863 3835 1003 3910 Ergo
1028 3854 1120 3894 rex
1140 3853 1194 3894 es
1220 3838 1315 3893 tu?
1362 3837 1643 3912 Respondit
1660 3839 1811 3896 Iesus
1835 3856 1854 3896 :
1880 3840 1961 3896 Tu

360 3929 508 3997 dicis,
529 3931 768 4002 quoniam
805 3947 898 3986 rex
920 3947 1053 3985 sum.
1106 3929 1217 4002 Ego
1246 3932 1301 3985 in
1326 3931 1420 3986 hoc
1449 3942 1602 3988 natus
1626 3950 1738 3989 sum
1775 3944 1802 3973 ν
1833 3943 1880 3989 et
1905 3935 1959 3990 in

359 4019 456 4079 hoc
502 4022 612 4079 veni
639 4022 694 4078 in
728 4022 992 4089 sxculum,
1015 4032 1072 4077 ut
1111 4022 1449 4078 testimonium
1493 4025 1782 4094 perhibeam
1830 4028 1960 4082 veri-

2061 3376 2211 3431 xistis
2238 3391 2318 3430 me
2347 3371 2428 3439 11;
2456 3374 2652 3439 nudus,
2685 3382 2733 3427 et
2760 3372 2955 3427 texistis
2981 3387 3058 3425 me
3086 3381 3205 3436 mm;
3230 3372 3467 3440 infirmus
3496 3381 3555 3408 ιιιι
3572 3414 3589 3439 ,
3618 3384 3666 3427 et

2063 3469 2306 3523 visitastis
2343 3483 2424 3521 me
2434 3483 2454 3532 ,'
2493 3468 2548 3521 in
2587 3481 2792 3521 carcere
2833 3467 2941 3536 fui,
2974 3474 3019 3519 et
3057 3465 3263 3519 venistis
3291 3465 3361 3519 ad
3388 3482 3487 3521 me.
3521 3464 3664 3521 Tunc

2062 3559 2438 3629 respondebunt
2463 3559 2510 3613 ei
2528 3559 2660 3631 justi
2688 3558 2945 3612 dicentes:
2980 3555 3198 3612 Domine
3216 3599 3231 3625 ,
3272 3557 3480 3629 quando
3509 3567 3557 3613 te
3582 3561 3632 3613 vi
3648 3591 3663 3601 -

2063 3654 2231 3710 dimus
2258 3654 2556 3709 esurientem
2585 3662 2634 3706 et
2660 3651 2923 3720 pavimus,
2956 3651 3208 3706 sitientem
3250 3661 3299 3706 et
3338 3654 3665 3723 putavimus?

2059 3747 2265 3819 quando
2291 3754 2459 3799 autem
2481 3754 2528 3798 te
2552 3743 2768 3797 vidimus
2795 3743 3041 3812 hospitem
3066 3752 3111 3795 et
3122 3742 3434 3799 adduximus
3455 3745 3543 3798 0°?
3568 3762 3664 3799 nu-

2063 3838 2206 3904 dum,
2223 3847 2270 3892 et
2290 3836 2612 3892 vestiuimus?
2628 3835 2830 3902 quando
2851 3843 3017 3888 autem
3033 3845 3080 3888 te
3093 3835 3308 3890 vidimus
3326 3836 3587 3904 inﬁrmum
3606 3847 3664 3886 ιηι

2062 3941 2110 3986 et
2138 3931 2192 3984 in
2222 3944 2451 3995 carcere,
2484 3937 2530 3983 et
2558 3928 2785 3981 venimus
2812 3926 2882 3980 ad
2912 3926 2995 3981 te?
3036 3926 3100 3980 Et
3127 3928 3435 3998 respondens
3462 3929 3578 3985 Rex
3603 3941 3661 3980 «ιιι

2063 4024 2192 4079 dicet
2216 4021 2289 4078 eis
2307 4038 2325 4075 :
2353 4021 2512 4075 Amen
2542 4018 2658 4074 dico
2686 4019 2855 4087 vobis,
2882 4018 3125 4090 quantdiu
3145 4018 3334 4090 fecistis
3358 4022 3449 4076 uni
3481 4023 3662 4077 horum

1597 4135 1892 4193 LECTION
1901 4138 1983 4194 ES
2011 4133 2428 4193 VARIANTES.

424 4232 452 4262 ⁸
474 4231 672 4292 Tollite,
690 4237 877 4296 portas,
897 4233 1149 4296 principes
1166 4232 1300 4281 Lam.
1321 4229 1536 4296 NC.1,2.
1558 4229 1685 4280 Bod.
1708 4230 1760 4292 2,
1780 4229 1957 4281 5.1-Zle-

362 4295 564 4357 vamini,
591 4294 746 4357 portae
771 4294 1083 4357 Bod.'1,2,3.
1106 4296 1241 4346 Lam.
1267 4295 1375 4345 ΝΟ.
1401 4295 1448 4357 1.

428 4353 458 4420 ιζ
480 4353 695 4420 [Σίρι-ηιξ
720 4356 845 4409 Bod.
884 4357 932 4408 4.
956 4353 1061 4407 ne:
1114 4358 1286 4420 εισι-ιω
1312 4356 1437 4407 Bod.
1468 4355 1587 4420 1,2,
1610 4356 1835 4420 37.,Lam7._
1852 4354 1956 4405 Lin.

364 4417 475 4493 με.
502 4418 622 4493 1³,2.
645 4417 904 4493 ςιειιιὶιρῑιξ,
933 4417 1170 4493 Dominus
1182 4419 1323 4493 fortis
1345 4418 1607 4493 ιιιλξιδίιςιίοἐ
1634 4418 1771 4470 Foss.
1798 4418 1963 4471 Fortis

361 4481 416 4532 in
434 4480 619 4541 ιιι-ωηο,
642 4481 763 4530 item
786 4483 836 4532 in
858 4482 1051 4533 Psalmo
1075 4483 1208 4534 Lam.
1236 4480 1340 4534 Lin.
1362 4480 1470 4534 ΝΟ.
1498 4482 1545 4539 1,
1574 4482 1623 4531 2.

431 4545 454 4619 ξ
483 4543 575 4619 ξρι-
599 4546 980 4595 meumverbum
992 4546 1317 4619 bonumlBod.
1338 4547 1387 4608 2,
1406 4547 1454 4596 3.
1479 4543 1726 4597 Lam.Lin.
1746 4545 1794 4595 Ν
1802 4542 1962 4604 0.1,2.

428 4608 458 4646 ιι
484 4606 610 4671 Dico
628 4619 783 4671 Opera
803 4619 916 4658 mea
937 4609 1044 4671 regi
1070 4608 1196 4661 Bod.
1236 4610 1281 4660 1.

438 4647 916 4732 siiiinﬁis'éériiiie'
927 4647 1207 4723 7332'.
1233 4647 1281 4732 ἐξ
1309 4673 1358 4723 5.
1387 4671 1492 4724 Litt.
1518 4670 1630 4724 Nc.
1647 4678 1690 4731 ι,
1716 4670 1764 4720 2.
1782 4669 1970 4720 Scriba:
1993 4647 2048 4708 D

376 4731 621 4796 veloeiter
641 4733 769 4784 Lam.
796 4732 920 4784 Bod.
946 4732 994 4792 2,
1014 4734 1062 4783 3.
1089 4733 1193 4785 Lin.
1218 4735 1326 4787 ΝΟ.
1352 4735 1399 4796 1,
1419 4736 1468 4785 2.

432 4791 457 4860 ξ
481 4794 744 4860 gpgciosus
761 4796 911 4846 forma
938 4791 1037 4860 prae
1058 4796 1185 4860 ﬁliis
1207 4791 1454 4849 hominum
1477 4796 1581 4848 Litt.
1608 4796 1717 4848 NG.
1742 4796 1790 4845 2.

431 4858 459 4923 _8
481 4855 666 4923 Diﬁ'usa
687 4867 764 4909 est
785 4855 1085 4923 gratia'Bod.
1111 4859 1158 4909 2.
1176 4861 1223 4911 3.

428 4917 459 4958 h
476 4919 615 4970 Deus
640 4922 687 4970 in
712 4917 952 4972 aeternum
974 4921 1098 4973 Bod.
1119 4924 1165 4972 3.

367 4982 658 5096 B()idlititsem
682 4991 818 5035 tuum
840 4986 972 5035 Lam.
1001 4983 1125 5036 Bod.
1146 4987 1197 5049 2,
1221 4987 1271 5047 3,
1296 4985 1344 5034 4.
1370 4983 1593 5037 Gladium
1628 4983 1733 5036 Lin.
1760 4983 1869 5035 ΝΟ.
1915 4983 1961 5033 2.

437 5110 452 5175 _i
488 5109 731 5175 Prospere
757 5110 977 5175 inequita
1000 5111 1123 5175 Bod.
1143 5112 1190 5172 1,
1210 5112 1257 5160 3.
1277 5109 1504 5175 Procede
1530 5105 1634 5175 Litt.
1654 5110 1767 5175 _N_C.
1785 5109 1832 5159 2.

431 5172 459 5210 ιι
480 5171 795 5222 Sanctitatem
813 5171 870 5221 et
878 5174 1113 5232 justitiam
1137 5171 1268 5225 Lam.
1292 5171 1518 5231 Bod.1,t.
1532 5171 1953 5233 NC.1.Justitiam,

375 5238 428 5282 et
448 5234 647 5284 docebit
669 5242 721 5285 te
738 5235 979 5285 mirabilia
996 5235 1171 5286 dextra
1193 5244 1275 5286 tua
1301 5234 1425 5286 Bod.
1450 5236 1498 5284 3.

447 5294 468 5335 ι
498 5295 642 5347 Mane
666 5298 836 5348 astabo
861 5299 946 5347 tibi
971 5304 1023 5346 et
1046 5298 1221 5349 videbo
1246 5297 1349 5349 Litt.
1374 5300 1419 5349 Ν
1428 5297 1481 5346 C.
1504 5295 1552 5345 2.

429 5358 470 5387 ¹¹¹
494 5357 699 5409 Exultat
724 5368 874 5420 terra,
897 5360 1125 5410 laetentur
1154 5360 1275 5411 Bod.
1299 5360 1346 5410 2.
1367 5359 1469 5411 Litt.
1497 5361 1544 5411 Ν
1551 5359 1605 5409 C.
1629 5359 1677 5408 2.

432 5421 459 5448 ¹¹
473 5420 531 5471 In
554 5421 982 5473 vestitudeaurato
1004 5423 1356 5473 circumornata
1374 5431 1425 5473 et
1440 5425 1621 5473 variata
1643 5419 1963 5475 Litt.Circum-

368 5483 543 5597 ἓωὲἓιέ
568 5486 810 5596 uarietate
831 5486 938 5538 ΝΟ.
966 5485 1014 5534 2.
1030 5484 1392 5538 Circumamicta
1416 5491 1469 5536 et
1489 5486 1672 5536 variata
1696 5485 1959 5537 Lam.Bod.

435 5608 463 5639 ο
488 5607 699 5673 pomum
723 5610 878 5673 patris
898 5609 1044 5673 Corb.

431 5673 462 5713 1³
481 5670 859 5735 Dominus'tuus
881 5671 1005 5724 Bod.
1031 5675 1079 5724 1.
1103 5672 1154 5735 2,
1173 5674 1220 5723 3.

434 5736 462 5776 (ι
489 5733 618 5784 Ante
638 5734 818 5784 saecula
844 5736 987 5787 Corb.

437 5799 460 5863 τ
485 5795 823 5863 ᾼάῖθιιειιιιιιι
840 5799 1232 5863 κΗὶθνοεφΙγιηειιιι
1252 5800 1377 5863 Bod.
1405 5799 1451 5849 1.

434 5862 457 5890 ³
484 5858 562 5909 De
587 5859 680 5910 hoc
702 5862 919 5913 mundo:
951 5863 993 5912 si
1018 5858 1195 5912 dehoc
1216 5861 1398 5913 mundo
1414 5860 1541 5913 Bod.
1562 5861 1608 5913 2.
1636 5865 1769 5914 Lam.
1793 5863 1901 5917 ΝΟ.
1922 5861 1970 5913 2.

436 5923 456 5957 ί
485 5921 667 5985 Utique
689 5921 1009 5977 decertarent
1033 5924 1157 5975 Bod.
1176 5927 1224 5975 5.

2121 4230 2151 4257 ιι
2178 4226 2317 4277 Dixit
2336 4235 2501 4278 autem
2524 4227 2715 4277 Pilatus
2740 4226 2863 4277 Bod.
2892 4225 2938 4275 1.

2123 4293 2154 4324 τ
2187 4291 2340 4341 Natus
2360 4304 2466 4341 sum
2488 4300 2542 4341 et
2576 4293 2624 4339 in
2658 4290 2751 4341 hoc
2772 4289 2887 4339 veni
2918 4289 3050 4337 Lam.
3080 4287 3206 4339 Bod.
3236 4288 3282 4347 1,
3305 4286 3356 4348 2,
3393 4288 3443 4350 3,
3468 4288 3516 4339 4.
3557 4288 3664 4342 Lin.

2063 4351 2556 4429 N1.Egoin.hoc
2576 4351 3195 4429 xeniinszecu'luqupn;
3246 4410 3278 4429 α
3334 4412 3433 4429 ..Α
3482 4413 3497 4429 .
3552 4414 3636 4429 Μ

2125 4420 2154 4447 ι
2188 4410 2541 4468 Testimonium
2559 4415 2719 4466 dicam
2746 4417 2879 4465 Laut.
2906 4411 3011 4463 Lin.
3039 4414 3086 4462 Ν
3093 4412 3145 4461 C.
3178 4414 3224 4472 1,
3246 4410 3295 4460 2.
3325 4412 3451 4463 Bod.
3479 4413 3528 4473 1,
3552 4414 3658 4474 2,3,

2063 4481 2113 4531 ι’
2128 4479 2321 4604 rc
2341 4541 2561 4594 Christus
2574 4542 2625 4592 in
2642 4539 2741 4604 nne
2763 4537 2927 4604 5330"“
2948 4537 3101 4604 Ῑυάθᾏ
3116 4537 3330 4604 omni!“
3348 4538 3664 4604 VegieI-‘s‘bo‘

2073 4608 2152 4657 nis
2172 4600 2385 4670 praemia,
2411 4605 2553 4657 malis
2570 4602 2807 4667 supplicia
2829 4600 3126 4670 promeritis
3146 4600 3382 4651 restituet
3409 4600 3534 4653 Bod.
3551 4604 3601 4652 5.

2140 4663 2379 4721 z'Cualum
2403 4677 2560 4720 totum
2583 4663 2811 4729 apertum
2828 4663 2955 4715 Bod.
2974 4663 3021 4711 t.
3502 4680 3505 4681 ν

2132 4734 2189 4763 ﬂ
2210 4731 2397 4781 Fidelis
2420 4739 2473 4781 et
2496 4742 2644 4781 verax
2667 4726 3053 4790 Foss.Etjustus
3076 4723 3251 4790 {10:ij
3256 4724 3648 4790 ustnmjudicans

2067 4768 2406 4870 ιαινρ-ζιὲῒ-ἶῖ-
2419 4768 2689 4870 ,"ﬁrééiggof
2709 4768 3244 4842 imitatione"

2129 4856 2190 4897 Μ)
2214 4857 2317 4908 Nisi
2341 4858 2432 4919 ipsi
2454 4855 2541 4907 soli
2564 4855 2702 4905 Foss.
3610 4915 3619 4924 ,

2070 4926 2194 5037 Β
2215 4920 2369 5034 geste
2387 4931 2589 4984 aspersa
2610 4917 2750 4970 Foss.
2775 4913 2931 4967 Veste
2967 4927 3133 4979 sparsa
3170 4915 3305 4965 Lam.
3330 4918 3379 4969 Ν
3387 4914 3439 4964 C.
3474 4914 3521 4964 1.
3567 4916 3672 4966 Lm.

2132 5048 2194 5090 (ιὰ
2211 5047 2387 5098 Sermo
2400 5045 2515 5097 Dei.

2135 5116 2193 5145 θα
2213 5110 2414 5160 Bvssino
2437 5106 2617 5159 mundo
2632 5107 2769 5158 Foss.

2132 5172 2185 5212 η
2213 5162 2416 5224 Gladius
2435 5186 2501 5223 ex
2524 5178 2735 5233 utraque
2760 5171 2901 5233 parte
2935 5164 3074 5217 Corb.

2132 5240 2190 5279 εκ
2231 5236 2466 5287 Pastorus
2484 5233 2608 5285 Bod.
2631 5232 2681 5292 2,
2706 5232 2756 5292 5,
2774 5232 2825 5281 4.

2127 5272 2192 5339 ii.
2224 5272 2688 5349 ὐὸἷιιῒιὶόἶυῖιῆοῐί.
2706 5272 2756 5345 If
2781 5272 2829 5344 λζ

2132 5362 2184 5427 tt
2210 5361 2513 5427 Sesresahit
2542 5359 2653 5427 illas
2670 5356 2836 5427 ερνδκ
3232 5425 3239 5427 ξ
3280 5418 3301 5427 -
3441 5417 3488 5427 -.

2136 5424 2185 5477 ii
2230 5418 2503 5474 A'sini'stris
2539 5421 2682 5474 Corb.
2707 5420 2949 5471 Dextram
2974 5431 3112 5471 suam
3133 5425 3248 5469 sunt
3272 5418 3406 5470 Lam.
3432 5418 3538 5469 Lin.
3566 5418 3677 5470 ΝΕ.

2068 5490 2114 5553 1,
2137 5490 2189 5538 2.
2210 5486 2338 5538 Bod.
2364 5487 2412 5546 1,
2431 5485 2479 5548 2,
2504 5487 2607 5544 33.
2798 5492 2801 5495 ‘

2138 5550 2201 5591 ιιι
2238 5550 2455 5593 Dedislis
2475 5548 2596 5593 mihi
2615 5547 2792 5593 bibere
2808 5546 2939 5593 Lam.
2966 5543 3138 5593 NC.1.
3166 5544 3293 5593 Bod.
3319 5543 3351 5590 2

2138 5550 2201 5591 ιιι
2235 5544 2596 5600 Βρόίειὶειηίῒιί
2615 5547 2792 5597 bibere
2808 5546 2939 5595 Lam.
2966 5544 3138 5595 NC.1.
3166 5544 3293 5594 Bod.
3319 5544 3369 5594 2.

2138 5611 2529 5682 istiscepistis
2550 5624 2630 5659 me
2654 5610 2789 5682 Lam.
2815 5606 2925 5682 Ιιζϐ.
2948 5604 3205 5682 2.

2137 5676 2218 5705 ¹¹³¹¹¹
2234 5669 2404 5726 Nudus
2424 5679 2478 5721 et
2499 5673 2821 5734 conperuistis
2839 5671 2969 5720 Lam.
2993 5672 3039 5722 Ν
3047 5669 3102 5719 C.
3129 5671 3175 5719 1.

2139 5739 2201 5768 ³³η
2234 5736 2510 5787 Inflrmatus
2533 5739 2651 5786 Ver.

2140 5802 2199 5831 °°
2219 5800 2535 5864 suscepimus
2559 5795 2677 5864 Bod.
2693 5794 2750 5864 ἓ.
2769 5794 3065 5864 abduixmus
3091 5796 3189 5846 Ver
3201 5831 3213 5847 .-

2138 5866 2201 5907 PP
2220 5857 2452 5913 Intirm'ari
2480 5861 2603 5911 Bod.
2628 5861 2674 5921 1,
2693 5858 2742 5921 3.
2768 5857 2816 5907 4.

2138 5929 2199 5971 εἰεί
2225 5925 2495 5988 Respondit
2510 5923 2619 5975 Rex
2633 5918 2686 5974 et
2706 5920 2828 5971 dicit
2854 5919 2977 5971 Bod.
3006 5918 3051 5969 1.
