4214 6266
495 252 605 321 725

1896 253 1975 315 .DI
1983 252 2049 313 Vi
2080 249 2405 319 CYPRIANI

3702 251 3820 323 721

494 384 561 426 ea:
586 367 830 442 fratribus
854 368 978 435 meis
1002 365 1222 435 minimis
1241 407 1255 432 ,
1282 365 1407 431 mihi
1426 364 1637 441 fecistis.
1662 363 1810 427 Tunc
1831 365 1965 421 dicet
1990 365 2098 420 illis
2122 363 2177 427 Α
2201 371 2248 420 et
2276 360 2376 434 ipsi
2403 359 2661 417 dicentes:
2699 358 2947 431 Domine,
2993 365 3200 435 quando
3239 375 3290 425 te
3325 369 3548 432 uidimus
3583 376 3823 433 esurieno

498 462 587 533 qui
612 463 681 516 ad
707 462 962 517 sinistram
989 460 1098 530 ejus
1123 468 1270 513 erunt
1292 466 1343 513 ﬂ:
1362 456 1619 519 Discedite
1643 476 1675 514 a
1702 475 1798 528 me,
1818 457 2098 525 maledicti,

2211 466 2337 523 tem,
2370 463 2459 509 aut
2488 454 2777 523 sitientem,
2806 466 2895 511 aut
2920 455 3209 527 hospitem,
3235 471 3325 518 aut
3355 465 3583 534 nudum,
3612 481 3704 524 aut
3734 472 3820 526 in-

496 555 554 608 in
581 555 748 625 ignem
774 562 1022 608 aeternum
1048 568 1197 619 quem
1224 551 1421 622 paravit
1452 547 1612 605 Pater
1648 567 1788 605 meus
1823 549 2025 603 diabolo
2053 556 2100 603 et
2198 550 2409 621 ﬁrmum
2430 590 2443 614 ,
2475 558 2562 603 aut
2588 549 2643 603 in
2670 566 2906 619 carcere,
2936 560 2984 607 et
3013 570 3113 610 non
3148 556 3546 618 ministrauimus
3582 563 3715 619 tibi?
3742 564 3815 621 Et

496 646 695 716 angelis
721 646 851 714 ejus.
882 643 1090 703 Esuriui
1116 644 1249 703 enim
1268 683 1283 709 .
1311 653 1359 698 et
1400 659 1504 698 non
1541 641 1752 697 dedistis
1792 640 1916 695 mihi
1954 656 2102 693 man-

2203 642 2526 713 respondebit
2552 642 2659 698 illis
2686 638 2748 698 (ιε
2775 644 2936 700 Amen
2971 646 3086 702 dico
3121 649 3282 715 vobis,
3318 654 3566 723 quamdiu
3596 673 3703 712 non
3740 661 3823 732 [e—

502 737 726 803 ducare;
756 739 918 802 sitivi,
949 747 995 793 et
1024 755 1123 793 non
1150 739 1369 819 potastis
1403 755 1480 793 me
1503 736 1569 806 1);
1605 739 1786 811 hospes
1802 738 1880 808 [ui
1900 778 1914 801 ,
1934 745 1980 790 et
2002 752 2101 790 non
2206 734 2343 789 cistis
2370 734 2458 787 uni
2489 750 2551 789 ea:
2579 734 2799 790 minimis
2832 736 2913 791 Itis
2933 779 2947 804 ,
2979 754 3139 809 neque
3177 742 3303 797 mihi
3344 744 3555 815 fecistis.
3599 746 3672 805 Et
3707 750 3828 806 abi-

500 831 789 886 adduxistis
820 847 933 896 me;
964 832 1163 900 nudus,
1193 841 1239 889 et
1271 848 1372 888 non
1412 830 1627 885 vestistis
1666 846 1746 883 me
1777 840 1839 896 c;
1867 828 2104 895 inﬁrmus
2210 828 2330 882 bunt
2358 827 2442 881 isti
2468 827 2522 880 in
2549 827 2918 883 ambustionetn
2944 840 3187 899 teternant
3228 844 3277 903 ε,
3301 836 3433 906 justi
3457 848 3629 901 autem
3654 842 3711 898 ῇη
3740 844 3823 899 vi.

500 931 548 976 et
574 923 626 978 in
656 940 892 994 carcere,
926 935 972 979 et
998 942 1101 979 non
1130 924 1371 989 visitastis
1410 941 1508 989 me.
1548 921 1695 978 Tunc
1733 919 2106 990 respondebunt

2218 930 2322 976 tam
2353 930 2595 977 azternam
2626 920 2644 991 (
2672 920 2862 978 Matth.
2898 939 3023 992 xxv,
3054 924 3225 985 21-46

1739 1054 2122 1115 LECTIONES
2163 1056 2573 1114 VARIANTES.

564 1176 594 1244 ξ
626 1176 857 1244 Qui__sunt
877 1177 1203 1244 nisinisi“!!!
1522 1172 1762 1244 NC._1,2.
1790 1171 1918 1244 de.
1952 1173 2002 1221 2.
2029 1232 2050 1244 ﬁ
2082 1234 2093 1244 .

561 1236 592 1275 δ
625 1232 848 1291 Dedistis
870 1241 987 1290 mihi
1027 1241 1207 1291 bibere
1230 1237 1357 1301 Bod.
1382 1238 1429 1289 2.
1456 1238 1667 1301 Potastis
1688 1232 1799 1301 tne,
1826 1237 2008 1301 hospes
2029 1232 2098 1284 fui

503 1306 560 1353 et
581 1274 994 1367 ηὸἷῗξιὶέἳέιίἓὶῖἐ
1010 1274 1270 1353 ιέἱῖἳῶνῖῗ
1277 1274 1667 1363 "finivit?
1688 1274 1814 1350 ᾔὸῖἱ.
1826 1274 1885 1339 ““.

1814 1485 2089 1503 ψ

488 1487 1802 1519 .____________________.__

2269 1172 2300 1237 ς
2327 1170 2438 1237 gon
2454 1172 2659 1237 venistis
2682 1172 2741 1237 ag
2764 1185 2845 1237 me
2868 1175 2993 1227 Bod.
3016 1177 3065 1237 δ,
3093 1177 3139 1227 t.
3166 1152 3456 1231 AbduxiStis
3481 1184 3598 1235 Ver.

2275 1233 2304 1281 «ι
2327 1234 2669 1297 Respondebit
2690 1234 2789 1286 illis
2806 1236 2915 1287 Rex
2931 1233 3105 1290 dicens
3125 1241 3258 1292 Lam.
3286 1242 3398 1297 NG.
3426 1247 3472 1296 1.

2270 1301 2293 1328 θ
2331 1296 2386 1347 In
2404 1296 2575 1359 ignem
2597 1305 2841 1353 aeternum
2860 1300 2972 1356 NG.
2998 1301 3046 1355 2.

2126 1482 3808 1517 ———__-——_-—__

1495 1572 2026 1781 LIBER
2105 1651 2807 1778 TERTIUS
2892 1632 2952 1779 ί.

574 2075 871 2133 Cumanus
899 2072 1126 2144 Quirino
1154 2070 1267 2131 lilio
1295 2070 1545 2135 salutem.
1586 2069 1693 2127 Pro
1723 2069 1841 2128 iide‘
1853 2084 1918 2127 ac
1940 2070 2106 2129 devo-
2136 2074 2185 2135 B
2284 2069 2380 2128 IX.
2412 2069 2640 2127 Invicem
2665 2085 2721 2126 se
2747 2068 2936 2140 fratres
2960 2070 3209 2126 sustinere
3234 2070 3437 2128 debere.

502 2171 652 2227 tione
678 2180 702 2216 ε
736 2180 824 2225 tua
856 2183 1017 2243 quam
1054 2167 1285 2224 Domino
1320 2166 1434 2233 Deo
1468 2164 1728 2233 extribus,
1770 2164 1847 2220 ﬁli
1890 2163 2103 2223 charis-

506 2265 666 2328 sime,
698 2263 874 2335 petisti
907 2270 983 2327 ut,
1013 2261 1080 2317 ad
1110 2258 1484 2319 instruendum
1522 2268 1601 2327 te,
1644 2272 1992 2329 excerperem
2038 2257 2108 2315 de

508 2357 804 2429 Scripturis
853 2357 1056 2413 sanctis
1104 2354 1350 2428 quaedam
1399 2354 1637 2425 capitula
1680 2353 1748 2409 ad
1801 2353 2109 2425 religiosam

507 2462 671 2510 secta:
719 2459 915 2507 nostra:
959 2450 1296 2521 disciplinam
1337 2448 1691 2519 pertinentia,
1738 2447 1987 2505 lectionis
2023 2448 2108 2507 di-

508 2546 648 2601 vina:
693 2544 1019 2601 succinctam
1070 2540 1402 2613 diligentiam
1449 2547 1735 2611 qumrelts,
1784 2548 1845 2597 ut
1893 2539 2110 2597 animus

505 2639 623 2696 Deo
650 2637 863 2695 deditus
892 2652 998 2691 non
1025 2636 1200 2708 longis
1229 2643 1321 2690 aut
1361 2634 1543 2690 multis
1583 2633 1847 2691 librorum
1876 2632 2110 2688 volumi-

509 2730 671 2787 nibus
697 2729 977 2799 fatigetur,
1009 2728 1107 2785 sed
1140 2726 1382 2783 eruditus
1410 2725 1681 2795 breviario
1712 2734 2111 2797 praeceptorum

509 2822 810 2880 caelestium
842 2820 1037 2895 habent
1060 2818 1131 2875 ad
1156 2818 1444 2877 fovendam
1485 2818 1804 2883 memoriam
1845 2834 1998 2875 suam
2026 2833 2116 2875 sa-

507 2915 663 2970 lubre
688 2922 745 2969 et
782 2912 987 2985 grande
1023 2910 1425 2982 compendium.
1465 2908 1536 2965 Et
1574 2911 1700 2980 quia
1746 2910 1841 2965 tibi
1883 2910 2107 2979 plenum

509 3005 818 3063 dilectionis
861 3004 1176 3076 obsequium
1221 3002 1426 3071 debeo,
1470 3002 1571 3058 ieci
1611 3001 1755 3074 quod
1797 3002 2006 3073 petisti,
2056 3011 2116 3061 ut

508 3102 813 3157 laborarem
841 3099 1038 3168 semel,
1071 3114 1140 3156 ne
1171 3108 1227 3154 tu
1253 3114 1470 3169 semper
1506 3097 1805 3155 laborares.
1844 3098 2115 3164 Quantum

513 3194 687 3263 potuit
718 3194 899 3267 itaque
925 3190 1268 3247 mediocritas
1303 3199 1485 3246 nostra
1524 3190 1840 3261 complecti,
1885 3190 2116 3247 collecta

515 3294 641 3339 sunt
669 3299 700 3340 a
730 3300 816 3349 inc
843 3284 1087 3354 quantum
1116 3293 1388 3354 prmcepta
1419 3283 1693 3338 Dominica
1724 3295 1778 3339 et
1808 3284 2113 3354 magisteria

514 3375 728 3441 divina;
758 3389 874 3447 qua:
901 3388 1021 3435 esse
1048 3372 1223 3429 facilia
1252 3370 1280 3408 ιι
1307 3382 1361 3428 et
1386 3373 1535 3427 utilia
1558 3374 1859 3444 legentibus
1887 3374 2113 3444 possint,

515 3467 643 3523 dum
687 3468 738 3536 in
776 3466 1100 3535 breviarium
1133 3480 1298 3536 pauca
1330 3465 1536 3535 digesta
1566 3474 1621 3519 et
1649 3466 1907 3522 velociter
1936 3467 2110 3535 perle-
2141 3479 2188 3544 ρ

515 3568 715 3631 guntur
743 3570 798 3617 et
828 3559 1137 3631 frequenter
1166 3559 1450 3617 iterantur.
1492 3555 1632 3629 Opto
1661 3569 1742 3625 te,
1786 3556 1863 3613 ﬁli
1906 3557 2117 3617 charis-

516 3654 684 3721 simc,
715 3666 931 3729 semper
956 3653 1094 3710 bene
1120 3651 1320 3709 valere.

1138 3808 1502 3867 CAPITULA.

590 3952 632 4007 Ι.
663 3949 742 4005 De
767 3950 894 4004 bona
926 3949 1091 4021 operis
1117 3958 1161 4002 et
1190 3947 1549 4002 misericordia
1581 3945 1626 4000 ί.

590 4042 655 4097 II.
690 4040 754 4094 In
777 4057 927 4108 opere
947 4051 992 4094 et
1014 4041 1343 4110 eleemosynis
1358 4083 1370 4104 ,
1396 4040 1590 4094 etiamsi
1611 4056 1701 4110 per
1720 4040 2123 4107 mediocritatem

772 4135 937 4189 minus
967 4133 1092 4203 ﬁat,
1124 4135 1288 4201 ipsam
1312 4133 1621 4191 voluntatem
1655 4133 1671 4182 i
1711 4133 1833 4189 satis
1861 4149 1989 4189 esse.

594 4228 683 4285 III.
712 4228 942 4301 Agapem
968 4238 1017 4282 et
1047 4226 1365 4281 dilectionem
1393 4224 1674 4296 fraternam
1697 4225 1934 4299 religiose
1959 4236 2006 4283 et
2032 4231 2121 4300 [ir-

774 4323 921 4381 miter
943 4320 1294 4377 exercendam.

595 4418 686 4474 IV.
721 4416 785 4472 In
816 4417 960 4473 nullo
987 4415 1346 4491 gloriandum,
1376 4414 1582 4489 quando
1622 4424 1851 4483 nostrum
1881 4416 2011 4483 nihil
2034 4417 2119 4472 sit.

594 4512 662 4569 V.
697 4511 1054 4575 Humilitatem
1078 4521 1125 4568 et
1152 4512 1368 4585 quietem
1395 4512 1449 4567 in
1476 4510 1707 4568 omnibus
1734 4512 2021 4567 tenendam.

594 4608 663 4641 '9’
687 4605 778 4662 VI.
806 4605 979 4664 Bonos
997 4622 1219 4679 quosque
1243 4602 1272 4644 ιι
1299 4614 1346 4660 et
1366 4607 1536 4680 jnstos
1562 4606 1678 4677 plus
1712 4602 1729 4642 ι
1764 4604 2012 4674 laborare,
2036 4607 2125 4662 sed

815 4703 1032 4758 tolerare
1054 4701 1232 4757 debere
1251 4741 1267 4768 ,
1294 4701 1415 4773 quia
1439 4700 1739 4773 probantur.

594 4794 709 4852 VII.
743 4793 870 4851 Non
907 4795 1313 4851 contristandum
1344 4802 1387 4833 ω
1414 4794 1666 4867 Spiritum
1707 4805 1943 4852 sanctum
1977 4813 2122 4870 quem

807 4889 1115 4959 accepimus.

520 5048 523 5049 ν
592 4979 732 5037 VIII.
756 4979 1091 5037 Iracundiam
1105 4980 1404 5036 vincendum
1419 4997 1543 5049 esse,
1562 4998 1626 5041 ne
1639 4990 1786 5057 cogat
1806 4982 2115 5055 delinquere.

2284 2165 2354 2222 X.
2387 2165 2457 2222 In
2480 2165 2645 2223 Deum
2660 2167 2829 2222 solum
2846 2174 2875 2202 ιι
2894 2164 3177 2235 fidentium,
3202 2175 3250 2221 et
3264 2166 3319 2222 in
3340 2166 3453 2240 ipso
3470 2167 3825 2240 gloriandum.

2287 2261 2381 2318 XI.
2416 2260 2556 2317 Eum
2581 2261 2672 2333 qui
2701 2261 2855 2331 ﬁdem
2879 2271 3177 2316 consecutus
3205 2272 3314 2329 est,
3340 2264 3567 2334 exposito
3593 2272 3619 2300 ο
3646 2265 3825 2334 priore

2500 2357 2707 2412 homine
2726 2399 2743 2425 ,
2769 2356 2995 2412 ctelestia
3022 2368 3219 2413 tantum
3245 2368 3291 2414 et
3318 2360 3566 2431 spiritalia
3589 2361 3818 2433 cogitare

2500 2448 2680 2504 debere
2704 2465 2794 2504 nec
2817 2448 3079 2506 attendere
3101 2451 3171 2505 ad
3196 2452 3439 2508 steculum
3453 2494 3470 2523 ,
3492 2453 3576 2508 cui
3596 2454 3714 2526 jam
3736 2469 3817 2510 re-

2494 2542 2756 2599 nuntiavit
2784 2553 2832 2598 P.

2288 2635 2403 2693 XII.
2438 2635 2562 2692 Non
2577 2636 2889 2707 jurandum.

2288 2727 2431 2785 XIII.
2460 2728 2514 2783 Ν
2517 2745 2584 2783 on
2613 2729 3043 2785 maledicendum.

2291 2822 2431 2879 XIV.
2465 2821 2766 2893 Numquam
2789 2823 3188 2892 mussitandum,
3218 2824 3309 2881 sed
3336 2826 3474 2881 circa
3504 2826 3673 2883 omnia
3710 2842 3825 2898 qut:

2538 2915 2778 2970 accidunt
2805 2927 2834 2967 (ι
2858 2916 3253 2973 benedicendum
3284 2919 3470 2975 Deum.

2208 3054 2217 3063 .
2290 3009 2410 3066 XV.
2442 3009 2523 3064 Ad
2548 3010 2642 3064 hoc
2662 3012 2846 3065 tentari
2872 3011 3098 3067 homines
3117 3029 3153 3067 a
3178 3011 3287 3068 Deo
3309 3024 3367 3068 ut
3388 3013 3666 3085 probentur
3694 3025 3739 3071 τ.

2292 3104 2433 3160 XVI.
2469 3103 2545 3158 De
2571 3103 2701 3161 bono
2728 3107 2983 3177 martyrii.

2291 3198 2457 3255 XVII.
2491 3199 2700 3255 Minora
2724 3217 2833 3256 esse
2857 3216 2969 3270 qtae
2991 3200 3043 3254 in
3072 3200 3262 3254 siccato
3296 3200 3521 3268 patimur
3557 3217 3710 3271 quam
3752 3202 3822 3258 sit

2579 3294 2841 3364 prtemium
2865 3293 3001 3363 quod
3023 3293 3325 3362 promissum
3348 3301 3443 3347 est.

2295 3385 2481 3441 XVIII.
2510 3385 2784 3441 Dilectioni
2812 3384 2905 3439 Dei
2934 3401 2994 3438 ac
3018 3384 3211 3439 Christi
3237 3384 3369 3440 nihil
3398 3386 3822 3457 praeponendum.

2291 3477 2436 3535 XIX.
2479 3478 2762 3546 Voluntati,
2786 3495 2886 3533 non
2920 3487 3129 3546 noslrte,
3174 3479 3263 3533 sed
3303 3476 3429 3548 Dei,
3469 3479 3829 3551 obtemperan-

2510 3574 2655 3627 dum.

2297 3664 2417 3722 XX.
2448 3664 2864 3721 Fundamentum
2894 3672 2938 3719 et
2968 3665 3342 3736 firmamentum
3366 3665 3474 3735 spei
3502 3674 3548 3721 et
3575 3665 3697 3735 ﬁdei
3724 3682 3830 3721 esse

2545 3758 2778 3811 timorem
2806 3765 2852 3809 ε.

2297 3853 2437 3910 XXI.
2473 3852 2597 3909 Non
2628 3863 2812 3907 temere
2839 3850 2903 3906 de
2930 3853 3092 3907 altero
3111 3852 3475 3924 jndieandum.

2293 3948 2465 4006 XXII.
2496 3949 2716 4020 Accepta
2737 3946 2982 4018 injuria‘,
3002 3947 3356 4003 remittendum
3377 3959 3421 4003 et
3442 3948 3824 4021 ignoscendum.

2297 4042 2491 4100 XXIII.
2538 4041 2705 4099 Vicem
2735 4042 2883 4095 malis
2912 4058 3011 4095 non
3041 4040 3375 4095 reddendam.

2297 4137 2491 4195 XXIV.
2527 4135 2648 4192 Non
2692 4152 2839 4207 posse
2881 4135 2949 4191 ad
2996 4133 3203 4211 Patrem
3241 4142 3271 4171 ιι
3309 4135 3561 4206 perueniri
3599 4136 3698 4191 nisi
3740 4153 3829 4206 per

2609 4230 2887 4289 Christum.
3744 4212 3747 4217 ’

2297 4322 2468 4381 XXV.
2500 4324 2580 4381 Ad
2606 4339 2815 4394 regnum
2841 4320 2953 4389 Dei,
2984 4321 3081 4376 nisi
3101 4319 3390 4391 baptizatus
3415 4329 3463 4377 et
3485 4330 3691 4377 renatus
3716 4324 3830 4399 quis

2583 4418 2764 4492 fuerit,
2786 4417 3043 4489 pervenire
3068 4431 3167 4470 non
3196 4431 3361 4487 posse.

2299 4510 2490 4569 XXVI.
2522 4510 2718 4566 Parant
2747 4526 2855 4565 esse
2893 4509 3141 4585 baptizari
3183 4518 3229 4565 et
3270 4506 3644 4567 Eucharistiom
3683 4508 3825 4562 oeci-

2586 4622 2735 4676 pere,
2765 4604 2866 4661 nisi
2893 4602 3005 4677 quis
3034 4602 3185 4674 factis
3210 4609 3258 4657 et
3287 4618 3440 4675 opere
3464 4603 3719 4675 proﬁciat.

2306 4698 2522 4759 XXVII.
2553 4698 2882 4771 Baptizatum
2926 4712 3124 4768 quoque
3167 4695 3384 4767 gratiam
3428 4696 3637 4766 perdere
3678 4713 3829 4768 quam

2656 4796 2952 4845 consecutus
2979 4788 3043 4841 sit
3066 4796 3091 4823 ν
3110 4829 3125 4853 ,
3158 4787 3258 4842 nisi
3286 4787 3623 4842 innocentiam
3650 4797 3824 4843 servet.

2151 4900 2207 4962 Ι)
2308 4884 2545 4945 XXVIII.
2579 4882 2701 4939 Non
2724 4897 2872 4955 posse
2891 4882 2944 4937 in
2969 4878 3199 4937 Ecclesia
3221 4881 3403 4936 remitti
3425 4882 3468 4935 ei
3489 4881 3575 4953 qui
3596 4880 3649 4934 in
3670 4879 3831 4935 Deum

2657 4975 2945 5049 deliquerit.

1753 5121 2134 5195 LECTIONES
2175 5116 2588 5181 VARIAN'I‘ES.

586 5236 611 5278 ΐ
638 5237 962 5314 Pecapitulis
996 5237 1333 5314 mandatorum
1361 5236 1486 5314 pei,
1510 5239 1573 5311 ad
1619 5240 1895 5314 christiana:
1917 5240 2123 5305 religio-

521 5304 603 5355 nis
623 5302 924 5365 disciplinam
948 5302 1329 5365 pertinentibus.
1356 5302 1514 5365 onn.
1540 5302 1591 5352 in
1614 5311 1745 5355 nota.

585 5368 612 5407 Β
632 5363 757 5416 Fide
770 5378 827 5415 ac
846 5363 1115 5414 dilectione
1142 5364 1277 5414 Lam.
1306 5368 1352 5416 Ν
1361 5363 1414 5414 C.
1443 5365 1487 5414 1.
1520 5367 1640 5416 Ben.

583 5426 618 5467 h
641 5428 766 5478 Esse
786 5436 839 5477 et
855 5426 1012 5477 facilia
1038 5426 1148 5478 ΝΟ.
1172 5426 1219 5476 2.
1252 5427 1375 5478 Bod.
1399 5429 1444 5479 1.

589 5493 607 5529 i
639 5491 806 5551 Opere
833 5489 1184 5539 misericordiae
1211 5489 1353 5540 Corb.
1382 5493 1514 5540 Lam.
1544 5493 1588 5543 Ν
1597 5491 1649 5540 C.
1678 5492 1722 5541 I.

590 5553 605 5604 i
640 5552 745 5614 Ipsa
771 5551 1021 5602 voluntate
1040 5552 1173 5601 Lam.
1196 5552 1304 5606 NG.
1326 5555 1368 5604 1.
1399 5553 1522 5604 Βοά.
1548 5554 1589 5603 1.
1608 5555 1654 5603 4.

589 5615 621 5655 ιι
647 5615 807 5665 Bonos
832 5628 1031 5677 quoque
1059 5614 1183 5665 Bod.
1212 5616 1255 5666 1.
1284 5616 1332 5665 4.

592 5677 613 5715 1
640 5676 907 5725 Plurimum
931 5676 1153 5727 laborare
1180 5677 1325 5730 Corb.

588 5738 630 5769 π’
651 5738 761 5786 Non
780 5740 1071 5788 contristare
1100 5740 1230 5788 Lam
1260 5740 1361 5792 Lin.
1385 5742 1490 5791 ΝΟ.
1513 5742 1561 5793 1.

597 5797 622 5827 ι
646 5797 753 5846 Deo
768 5798 871 5845 solo
899 5797 1021 5849 Bod.
1051 5801 1096 5860 1,
1116 5800 1166 5848 2.
1191 5800 1539 5855 Conﬁdendum
1560 5803 1701 5853 Corb.

2292 5237 2594 5311 figxpoliato
2617 5231 3143 5311 primo_hognl_tte_TItu.

2289 5304 2318 5344 P
2340 5299 2749 5352 Renuntiavimus
2764 5299 2893 5349 Bod.
2926 5299 2969 5360 1,
2997 5301 3046 5352 5.
3069 5299 3115 5347 4.

2291 5367 2319 5406 ‘1
2333 5364 2585 5428 Accidunt,
2605 5376 2807 5428 semper
2997 5358 3398 5428 N_C._i._Bod,_2.

2293 5429 2318 5458 τ
2343 5426 2450 5475 Deo
2470 5434 2524 5475 ut
2547 5421 2872 5487 exlilor'entur
2889 5425 3000 5478 ΝΟ.
3026 5423 3073 5474 2.
3099 5421 3227 5474 Bod.
3256 5425 3302 5487 1,
3328 5423 3376 5472 4.

2292 5492 2315 5520 ³
2344 5489 2439 5539 Dei
2463 5488 2605 5540 addit
2626 5487 2755 5539 Bod.
2778 5489 2827 5537 4.

2284 5552 2321 5664 ἑ
2345 5551 2611 5663 ὲεοὲἓὲὲω
2649 5552 2879 5616 injuriam
2917 5549 3269 5601 remittendam
3308 5556 3363 5601 et
3398 5546 3657 5601 ferendam
3698 5550 3833 5609 Lam.

2228 5618 2693 5751 Ἰξίίδέιμδῗοξέεξρ
2714 5675 2876 5751 Deum
2894 5675 3094 5751 Εειςεξιι
3108 5673 3253 5751 9°C!!-
3277 5671 3470 5751 γειξξείο
3498 5675 3618 5729 Βοά-
3647 5675 3757 5742 ίιει
3786 5675 3831 5726 ‘-

2236 5739 2361 5802 Tltu.
2379 5732 2488 5789 Nisi
2508 5753 2596 5802 per
2620 5738 2863 5802 Christum
2890 5737 3088 5802 Bod.,i,
3108 5738 3160 5790 ‘2.
3189 5732 3332 5792 Corb.
3366 5732 3491 5791 rae.

2287 5806 2317 5836 τ
2336 5800 2638 5855 Consecutus
2653 5808 2733 5855 est
2761 5800 2885 5854 Thu.
2914 5800 3058 5854 Corb.
