4214 6266
388 362 499 427 725

462 473 657 535 XXIX.
685 472 766 531 De
791 475 906 531 adio
933 474 1150 531 nominis
1172 482 1291 530 ante
1314 472 1635 546 prazdictum.

463 569 636 628 XXX.
672 569 819 637 Quod
844 569 954 641 quis
982 568 1090 624 Deo
1116 569 1322 633 voverit,
1352 568 1450 621 cito
1478 565 1812 621 reddendum.

462 660 659 720 XXXI.
692 661 823 717 Eum
853 662 943 734 qui
970 678 1071 717 non
1100 659 1373 716 crediderit
1402 660 1517 730 jam
1542 659 1835 732 judicatum
1864 673 1992 714 esse.

463 756 684 813 XXXII.
716 754 793 810 De
816 755 947 810 bono
970 754 1271 828 virginitatis
1295 763 1343 810 et
1372 754 1708 810 continentiae.

466 848 707 909 XXXIII.
739 849 893 906 Nihil
919 849 1130 906 Patrem
1150 850 1417 921 judicare,
1441 848 1530 904 sed
1568 845 1783 912 Filium,
1813 854 1859 901 et
1889 843 1996 900 Pa-

807 955 949 1007 .trem
984 945 1053 1000 ab
1085 960 1143 1001 eo
1180 960 1282 999 non
1320 943 1651 1014 honoriﬁcari
1687 959 1718 996 a
1756 958 1857 1010 quo
1892 958 1996 997 non

821 1039 1183 1115 honoriﬁcetur
1208 1036 1376 1094 Filius
1401 1047 1452 1095 ⁸.

466 1131 711 1191 XXXIV.
748 1130 981 1188 Fidelem
1010 1131 1261 1204 gentiliter
1289 1131 1453 1186 vivere
1477 1146 1579 1184 non
1610 1138 1842 1199 oportere
1869 1126 1919 1182 δ.

463 1226 685 1287 XXXV.
716 1226 883 1284 Deum
911 1226 979 1282 ad
1018 1226 1113 1281 hoc
1154 1226 1426 1297 patientem
1449 1240 1575 1290 esse,
1606 1231 1661 1277 ut
1697 1239 1789 1278 nos
1830 1221 1993 1296 paeni-

785 1331 887 1381 teat
921 1332 943 1361 ο
974 1320 1167 1391 peccati
1195 1320 1358 1375 nostri
1383 1327 1429 1374 et
1456 1304 1814 1389 reformentur.

465 1415 709 1476 XXXVI.
744 1413 1012 1471 Mulierem
1040 1413 1215 1470 ornari
1239 1413 1549 1469 steculariter
1578 1426 1680 1466 non
1707 1409 1883 1465 debere
1907 1406 1954 1464 ἀ.

464 1509 732 1568 XXX-VII.
768 1506 999 1564 Fidelem
1026 1525 1129 1563 non
1173 1517 1405 1579 oportere
1446 1504 1506 1560 ob
1546 1506 1651 1560 alia
1686 1504 1871 1560 delicta
1900 1502 1996 1559 nisi

857 1603 918 1659 ob
945 1617 1127 1658 nomen
1154 1601 1320 1656 solum
1352 1599 1541 1670 puniri.

462 1694 754 1756 XXXVIII.
786 1693 1003 1753 Servum
1041 1692 1141 1750 Dei
1183 1693 1500 1748 innocentem
1542 1706 1648 1746 esse
1692 1688 1902 1755 debere,
1935 1703 1998 1743 ne

862 1789 1057 1847 incidat
1081 1789 1136 1845 in
1166 1805 1367 1862 poenam
1391 1787 1711 1843 saecularem.

466 1878 713 1944 XXXIX.
747 1881 942 1939 Datum
993 1882 1136 1939 nobis
1188 1898 1297 1937 esse
1351 1878 1640 1952 exemplum
1690 1876 1891 1933 vivendi
1943 1875 1996 1931 in
2025 1881 2073 1942 Β

826 1974 1049 2033 Christo.

466 2051 581 2129 XL.
615 2070 740 2127 Non
758 2071 1018 2142 iactanter
1044 2085 1136 2124 nec
1164 2066 1472 2123 tumultuose
1500 2062 1836 2134 operandam.

465 2167 603 2225 XLI.
639 2165 819 2238 Inepte
842 2175 889 2220 et
916 2162 1195 2220 scurriliter
1222 2170 1246 2201 ο
1277 2179 1379 2218 non
1406 2160 1736 2231 loquendum.

469 2262 539 2296 ³⁶⁰
568 2260 727 2318 XLII.
762 2258 944 2318 Fidem
984 2259 1039 2314 in
1068 2268 1226 2313 totunt
1257 2258 1273 2295 ί
1310 2255 1548 2327 prodesse
1566 2296 1580 2321 ,
1610 2264 1658 2310 et
1685 2261 1881 2308 tantum
1907 2267 1999 2308 nos

756 2370 903 2425 posse
920 2361 1163 2421 quantum
1190 2349 1461 2406 credimus.

466 2446 651 2505 XLIII.
688 2446 853 2503 Posse
876 2463 989 2502 eum
1012 2446 1180 2502 statim
1202 2442 1439 2516 consequi
1463 2440 1553 2513 qui
1570 2456 1684 2496 vere
1705 2437 1994 2495 crediderit.

467 2538 657 2599 XLIV.
695 2536 903 2594 Fideles
931 2540 1061 2592 inter
1086 2554 1141 2594 se
1166 2536 1507 2607 disceptantes
1538 2550 1641 2589 non
1669 2526 1849 2588 debere
1875 2548 1999 2604 gen-

791 2619 930 2686 tilem
947 2628 1175 2701 judicent
1202 2627 1439 2699 experiri.

469 2722 633 2781 XLV.
667 2722 829 2796 Spem
854 2726 1145 2795 futurorum
1173 2736 1312 2784 esse,
1339 2729 1385 2773 et
1410 2717 1526 2773 ideo
1542 2717 1697 2787 ﬁdem
1723 2725 1748 2764 8
1773 2715 1911 2771 circa
1939 2732 1999 2771 ea

754 2833 869 2888 qua:
892 2816 1143 2888 promissa
1164 2823 1279 2869 sunt
1306 2814 1573 2883 patientem
1601 2829 1707 2869 esse
1726 2811 1920 2868 debere.

468 2909 655 2968 XLVI.
687 2908 956 2966 Mulierem
982 2911 1035 2965 in
1064 2908 1277 2965 ecclesia
1303 2917 1467 2962 tacere
1492 2906 1690 2961 debere.

469 3001 677 3060 XLVII.
707 3000 908 3059 Delicta
946 3009 993 3058 et
1030 3002 1211 3057 merito
1238 3012 1412 3056 nostro
1439 3000 1551 3071 ﬁeri
1591 3008 1645 3054 ut
1691 2999 1996 3072 laboremus,

792 3111 882 3150 nec
908 3093 1007 3150 Dei
1037 3110 1185 3167 opem
1208 3095 1263 3149 in
1289 3094 1520 3149 omnibus
1544 3092 1841 3149 sentiamus.

469 3189 700 3248 XLVIII.
733 3189 854 3245 Non
877 3189 1248 3263 faneraudum.

468 3282 658 3341 XLIX.
689 3282 937 3339 Inimicos
963 3299 1166 3354 quoque
1194 3281 1501 3354 diligendos.

467 3378 530 3435 L.
567 3378 955 3436 Sttcramentum
981 3376 1102 3448 ﬁdei
1128 3394 1228 3431 non
1252 3391 1359 3431 esse
1384 3375 1781 3447 profanandum.

470 3471 555 3528 LI.
587 3471 736 3539 Quod
760 3487 907 3527 nemo
933 3471 987 3526 in
1014 3487 1169 3541 opere
1192 3486 1285 3524 suo
1310 3469 1485 3525 extolli
1514 3468 1710 3525 debeat.

470 3564 581 3621 LII.
611 3562 863 3621 Credendi
886 3565 971 3620 vel
998 3579 1099 3619 non
1126 3562 1366 3619 credendi
1401 3561 1682 3618 libertatem
1707 3562 1762 3618 in
1789 3558 1998 3618 arbitrio

721 3657 961 3730 positam.

469 3746 603 3807 LIII.
629 3746 728 3806 Dei
754 3766 946 3805 arcana
974 3748 1196 3821 perspici
1221 3765 1322 3804 non
1349 3764 1523 3821 posse,
1558 3756 1605 3803 et
1630 3747 1820 3804 idcirco
1845 3747 1999 3820 ﬁdem

720 3851 948 3899 nostram
973 3842 1256 3923 simplicem
1288 3858 1395 3897 esse
1422 3840 1620 3898 debere.

469 3932 603 3991 LIV.
636 3933 906 3991 Neminem
932 3934 1042 3991 sine
1065 3934 1214 3990 sorde
1245 3942 1292 3989 et
1317 3933 1426 3989 sine
1454 3942 1660 4006 peccato
1689 3948 1816 3989 esse.

469 4027 582 4086 LV.
617 4025 739 4083 Non
771 4027 1059 4083 hominibus
1080 4069 1094 4093 ,
1125 4025 1215 4082 sed
1242 4025 1350 4080 Deo
1370 4067 1384 4091 ,
1415 4024 1745 4096 placendum.

468 4119 603 4177 LVI.
640 4120 802 4175 Deum
829 4120 958 4175 nihil
983 4120 1141 4175 latere
1164 4135 1228 4173 ea:
1254 4117 1331 4172 his
1356 4133 1468 4184 qute
1492 4127 1755 4187 geruntur.

470 4213 625 4268 LVII.
661 4213 890 4269 Fidelem
916 4213 1179 4269 emendari
1204 4221 1251 4267 et
1276 4212 1546 4266 reservari.

472 4305 653 4362 LVIII.
684 4306 954 4362 Neminem
980 4306 1272 4361 contristari
1297 4312 1456 4359 morte
1481 4289 1691 4373 debere,
1721 4322 1834 4360 cum
1858 4307 1920 4362 sit
1945 4309 1998 4364 in

786 4398 995 4454 vivendo
1022 4396 1165 4453 labor
1187 4405 1232 4452 et
1272 4396 1580 4467 periculum,
1607 4396 1661 4453 in
1682 4399 1943 4455 moriendo
1969 4396 1995 4437 ιι

790 4506 893 4561 pas:
918 4499 963 4545 et
986 4488 1285 4560 resurgendi
1308 4488 1553 4544 securitas
1585 4488 1627 4542 ί.

472 4583 607 4640 LIX.
644 4581 717 4639 De
745 4583 896 4637 idolis
922 4599 1033 4652 qua:
1056 4581 1268 4653 gentiles
1292 4581 1413 4635 deos
1436 4588 1638 4651 putant.

1574 356 2131 421 TESTIWIJII
2172 356 2377 414 LIBER
2418 355 2509 413 III.
3588 346 3695 409 7%

1795 475 1804 484 ’
2011 476 2067 534 Α
2161 471 2324 528 LXII.
2360 469 2750 526 Matrimonium
2775 485 2890 525 cum
2915 468 3183 541 gentilibus
3213 483 3314 523 non
3335 466 3686 538 jungendum.

2169 564 2352 620 LXIII.
2388 563 2553 619 Grave
2576 560 2603 601 ¹ί
2631 563 2871 618 delictum
2894 578 3005 617 esse
3035 560 3406 633 fornicationis.

2168 655 2355 712 LXIV.
2389 655 2518 724 Qua:
2555 656 2655 711 sint
2694 654 2926 709 carnalia
2962 669 3077 726 quas
3116 660 3330 706 martem
3371 650 3608 720 pariant,
3648 660 3700 706 et

2486 765 2601 822 qua:
2630 749 2886 816 spiritalia
2912 764 3026 819 qua:
3049 746 3119 801 ad
3139 747 3291 800 vitam
3317 744 3507 799 ducant
3542 741 3585 798 ι.

2169 846 2329 902 LXV.
2363 845 2550 900 Omnia
2575 844 2760 899 delicta
2782 844 2838 899 in
2861 841 3128 914 Baptismo
3149 839 3356 909 deponi.

2168 941 2357 999 LXVI.
2400 938 2744 1011 Discipliruun
2789 937 2887 992 Dei
2931 937 2988 993 in
3031 932 3386 990 ecclesiasticis
3434 932 3701 1003 praceptis

2456 1030 2848 1088 observandam.

2168 1127 2376 1185 LXVII.
2408 1124 2722 1182 Prazdictum
2742 1122 2880 1194 quod
2903 1120 3232 1192 disciplinam
3252 1134 3431 1174 sanam
3457 1133 3701 1188 asperna-

2490 1220 2591 1275 turi
2614 1226 2795 1274 essent.

2170 1315 2404 1373 LXVIII.
2436 1313 2795 1370 Rccedendum
2815 1309 2877 1364 ab
2899 1326 2956 1364 eo
2975 1310 3062 1381 qui
3088 1307 3378 1362 inordinate
3393 1315 3432 1343 ω
3455 1314 3501 1360 et
3523 1314 3701 1359 contra

2513 1405 2837 1477 disciplinain
2862 1404 3015 1457 vivat.

2171 1502 2357 1559 LXIX.
2390 1500 2513 1556 Non
2538 1501 2592 1555 in
2613 1497 2863 1571 sapientia
2888 1494 3066 1549 mundi
3093 1510 3182 1549 nec
3206 1494 3261 1547 in
3283 1493 3569 1563 eloquentia
3596 1512 3702 1551 esse

2456 1611 2670 1667 regnum
2699 1593 2830 1658 Dei,
2859 1592 2949 1648 sed
2985 1591 3039 1644 in
3085 1588 3189 1658 ﬁde
3232 1587 3397 1643 crucis
3438 1597 3485 1642 et
3524 1589 3702 1645 virtute

2358 1732 2362 1737 .
2456 1688 2876 1744 conversationis.

2171 1782 2339 1839 LXX.
2369 1780 2681 1836 Parentibus
2709 1776 3105 1839 obsequendum.

2172 1874 2364 1932 LXXI.
2398 1873 2583 1929 Patres
2608 1888 2805 1944 quoque
2843 1885 3054 1938 asperos
3096 1868 3233 1923 circa
3269 1866 3407 1938 ﬁlios
3452 1883 3558 1923 esse
3601 1883 3703 1922 non

2460 1974 2658 2037 oportet
2685 1972 2734 2018 ιι.
3560 1967 3569 1976 ‘

2174 2060 2384 2118 LXXII.
2416 2060 2603 2117 Servos
2621 2098 2635 2125 ,
2668 2074 2784 2114 cum
2811 2056 3154 2124 crediderint,
3188 2053 3305 2126 plus
3330 2053 3551 2110 dominis
3580 2070 3698 2108 car-

2462 2154 2666 2210 natibus
2691 2153 2878 2209 servire
2903 2151 3101 2206 debere.

2172 2249 2406 2306 LXXIII.
2433 2248 2460 2303 Ι
2468 2259 2566 2304 tem
2593 2248 2827 2302 dominos
2849 2246 3076 2300 mitiores
3101 2258 3210 2299 esse
3229 2232 3426 2298 debere.

2173 2343 2411 2400 LXXIV.
2450 2342 2647 2398 Viduas
2675 2341 2911 2412 probatas
2939 2353 3163 2410 quasque
3187 2334 3534 2392 honorandae.

2173 2435 2386 2493 LXXV.
2421 2434 2682 2500 Suarum,
2719 2443 2769 2487 et
2802 2432 3023 2487 maxime
3061 2428 3323 2500 ﬁdelium,
3371 2444 3549 2483 curam
3588 2428 3705 2500 plus

2458 2540 2861 2597 unumquemque
2887 2524 3071 2578 habere
3108 2520 3306 2577 debere.

2171 2618 2409 2677 LXXVI.
2440 2617 2696 2689 Maiorem
2722 2628 2846 2671 natu
2871 2631 2974 2670 non
3000 2623 3185 2668 temere
3210 2613 3582 2668 accusandum.

2173 2712 2431 2769 LXXVII.
2462 2711 2767 2766 Peccantem
2794 2709 2990 2781 publice
3012 2707 3410 2779 obiurgandum.

2173 2804 2457 2861 LXXVIII.
2485 2803 2617 2859 Cum
2643 2802 2893 2859 hareticis
2918 2816 3022 2855 non
3050 2798 3378 2870 loquendum.

2176 2896 2415 2954 LXXIX.
2446 2894 2805 2952 Innocentiam
2829 2902 2854 2932 ο
2884 2893 3097 2962 ﬁdenter
3124 2899 3292 2962 petere
3316 2899 3362 2944 et
3383 2890 3675 2960 impetrare.

2175 2989 2390 3046 LXXX.
2423 2988 2573 3044 Nihil
2599 2990 2750 3042 licere
2791 2984 2993 3040 diabolo
3014 2985 3069 3038 in
3106 2982 3395 3047 hominem,
3429 2981 3528 3033 nisi
3556 2979 3696 3034 Deus
3810 3042 3813 3045 λ

2175 3174 2241 3207 ³⁰¹
2260 3088 2820 3231 ΙΑΧΧΧΙΪΞῖΖϊΖὲῑι
2843 3178 2871 3219 ι’
2900 3164 3210 3222 mercenario
3237 3164 3339 3219 cito
3364 3160 3694 3219 reddendam.

2176 3267 2439 3327 LXXXII.
2474 3266 2599 3322 Non
2627 3263 3009 3337 augurandum.

2177 3358 2467 3417 LXXXIII.
2503 3356 2707 3414 Cirrum
2737 3365 2765 3406 εἰ
2792 3355 2846 3409 in
2876 3352 3044 3424 capite
3073 3367 3174 3407 non
3202 3349 3510 3406 habendum.

2176 3451 2468 3510 LXXXIV.
2502 3449 2625 3506 Non
2654 3447 2944 3504 vellendum
2974 3457 3019 3503 ι’.

2175 3544 2440 3607 LXXXV.
2484 3542 2811 3613 Surgendum
2851 3556 2968 3596 cum
3008 3539 3280 3611 episcopus
3317 3546 3406 3593 aut
3445 3535 3706 3611 presbyter

2547 3635 2733 3690 veniat.

2176 3729 2468 3791 LXXXVI.
2498 3727 2742 3787 Schisma
2780 3740 2885 3781 non
2916 3721 3248 3796 faciendum,
3280 3720 3477 3776 etiamsi
3510 3720 3568 3776 in
3601 3736 3706 3775 una

2570 3821 2674 3891 ﬁde
2709 3828 2757 3875 et
2792 3819 2847 3874 in
2885 3818 3063 3873 eadem
3107 3814 3381 3871 traditione
3407 3824 3705 3886 permaneat

2568 3915 2657 3984 qui
2680 3912 2891 3968 recedit.

2176 4009 2488 4070 LXXXVII.
2497 4007 2703 4063 Fideles
2714 4005 2967 4078 simplices
2979 4018 3097 4059 cum
3109 4001 3378 4074 prudentia
3388 4015 3495 4057 esse
3506 3999 3703 4056 debere.

2175 4111 2316 4168 LXX
2328 4107 2515 4165 XVIII.
2549 4105 2789 4161 Fratrem
2818 4120 2919 4158 non
2944 4098 3458 4156 circumveniendum.

2175 4201 2468 4261 LXXXIX.
2500 4200 2685 4257 Subito
2716 4199 2881 4253 venire
2907 4197 3060 4267 ﬁnem
3090 4194 3289 4249 mundi.

2176 4296 2289 4353 XC.
2327 4294 2550 4351 Uxorem
2577 4309 2607 4345 a
2639 4294 2747 4346 viro
2776 4307 2877 4345 non
2918 4287 3169 4355 recedere,
3210 4296 3300 4341 aut
3336 4286 3381 4340 si
3416 4284 3701 4352 recesserit,

2394 4392 2665 4460 innuptam
2688 4401 2895 4441 manere
2918 4392 2966 4438 ⁸.

2173 4480 2310 4540 XCI.
2338 4480 2564 4537 Tantum
2592 4489 3000 4549 unumquemque
3039 4470 3226 4528 tentari
3253 4475 3502 4542 quantum
3541 4472 3705 4538 potest

2413 4573 2683 4629 sustinere.

472 4672 585 4732 LX.
636 4674 875 4731 Ciborum
924 4675 1133 4728 nimiam
1184 4671 1647 4745 concupiscentiam
1692 4688 1793 4727 non
1839 4688 1998 4745 appe-
2173 4664 2335 4724 XCII.
2370 4663 2494 4718 Non
2522 4660 2758 4733 quicquid
2782 4658 2894 4714 licet
2916 4671 3024 4713 esse
3047 4654 3361 4728 faciendum.

755 4768 958 4824 tendam
971 4810 983 4822 .

472 4860 606 4921 LXI.
643 4860 951 4918 Possidendi
984 4860 1449 4933 concupiscentiam
1477 4869 1522 4917 et
1548 4860 1817 4930 pecuniam
1842 4875 1944 4916 non
1974 4861 1989 4912 ἱ

723 4955 1088 5031 appetendam.

2180 4757 2379 4815 XCIII,
2398 4756 2711 4813 Prtedictum
2737 4753 2872 4825 quod
2894 4751 3111 4806 htereses
3136 4752 3325 4821 futura:
3350 4753 3532 4802 essent.

2177 4851 2362 4911 XCIV.
2413 4851 2543 4907 Cum
2589 4849 2767 4903 timore
2807 4852 2853 4901 et
2899 4844 3091 4902 honore
3138 4839 3520 4897 Eucharistiam
3567 4837 3702 4893 acci-

2488 4938 2743 5013 piendam.

1628 5108 2007 5169 LECTIONES
2044 5102 2459 5169 VARIAN'I‘ES.

2172 5266 2191 5306 1
2216 5265 2407 5316 Ducam
2422 5261 2773 5326 sempiternam
2800 5259 2903 5326 Lin.

2171 5331 2212 5358 ιη
2235 5328 2516 5379 Inordinate
2536 5316 2593 5374 ἐι
2617 5317 3242 5387 εῂεῳιθ-όὶδαξρῐὶηειγζορι.-
3263 5316 3547 5370 Inordinale
3572 5319 3705 5370 vadit

2116 5391 2256 5444 Corb.
2284 5391 2456 5443 Contra
2484 5381 2904 5451 disciplinzim_l_)ei
2926 5381 3068 5451 Iam.
3091 5381 3201 5451 N13.
3223 5381 3267 5451 ᾖ.

2178 5441 2347 5505 “Non
2370 5441 2761 5513 oportere'Lam.
2785 5444 2898 5513 Lin._
2914 5445 3023 5513 NI}.
3048 5446 3096 5497 1.
3128 5441 3254 5496 Bod.
3273 5442 3320 5503 2,
3349 5442 3397 5493 4.

2185 5520 2209 5547 ο
2234 5510 2551 5580 Innocéutem
2568 5511 2782 5580 ﬁdeliter
2805 5510 2917 5564 ΝΟ.
2945 5511 2989 5558 1.

2186 5583 2214 5622 P
2239 5577 2500 5630 Mercedes
2522 5610 2536 5634 ,
2561 5584 2655 5624 etc.
2680 5575 2785 5623 Litt.
2888 5604 2891 5605 ν

2189 5645 2218 5685 ιι
2242 5629 2428 5693 Cirrum
2454 5629 2548 5688 non
2566 5636 2846 5687 habendum
2868 5636 2999 5686 Lam.
3029 5632 3131 5684 Lin.
3158 5633 3268 5688 ΝΟ.
3294 5630 3338 5681 1.
3370 5629 3492 5682 Bod.
3524 5629 3568 5693 I,
3587 5630 3635 5691 Ξ,
3667 5630 3692 5679 lt

463 5284 489 5314 ⁸
512 5280 875 5333 Honoriﬂcetur
896 5281 951 5330 et
967 5274 1122 5327 Filius
1147 5275 1279 5325 Lam.
1302 5275 1349 5327 Ν
1357 5271 1411 5323 σ.
1443 5272 1485 5322 I.
1512 5270 1638 5323 Bod.
1664 5270 1712 5321 2.

462 5344 491 5382 ι)
516 5346 722 5397 Debere
749 5342 893 5394 Corb.

464 5411 485 5439 ο
516 5396 763 5458 Pmniteat
785 5421 811 5456 a
837 5404 1052 5468 peccatis
1069 5403 1247 5468 nostris
1263 5401 1396 5451 Lam.
1418 5400 1465 5452 Ν
1473 5396 1526 5448 C.
1554 5397 1574 5447 I
1588 5436 1599 5446 .
1672 5444 1675 5447 ,

460 5468 488 5508 ιι
512 5470 618 5520 Non
641 5462 875 5531 avortere
900 5466 1032 5531 Lam.
1061 5465 1168 5531 NG.
1197 5462 1239 5531 I_.

465 5537 488 5564 ί·
514 5526 686 5591 ῐιιυιριό
712 5537 761 5579 οι
786 5529 1087 5580 smcularitor
1116 5526 1239 5578 Bod.
1258 5527 1305 5575 5.

465 5592 485 5631 ί
514 5581 722 5643 Tatitum
748 5592 858 5644 ΝΟ.
881 5594 928 5641 2.
953 5591 1124 5641 Totam
1154 5592 1284 5638 Lam.
1312 5585 1418 5639 ΝΟ.
1438 5585 1484 5635 1.
1514 5585 1640 5637 Bod.
1662 5584 1712 5633 2.
1740 5581 1883 5634 Corb.

465 5660 491 5696 ιι
520 5657 693 5707 Fidem
714 5664 927 5705 nostram
952 5654 1110 5715 Impr.
1141 5650 1265 5702 Thu.
1294 5648 1437 5715 Corb.

462 5717 492 5758 ιι
520 5701 1191 5768 ixi'niiiii'éha'bhnimiam.
1221 5712 1404 5764 no.1.
1444 5707 1570 5762 Bod.
1594 5707 1641 5759 2.
1670 5704 1793 5760 Corb
2116 5701 2237 5754 Thu.
2270 5702 2413 5768 (οτι),

466 5782 484 5845 ξ
514 5761 1323 5845 ίιῖῖέρῑιῖέξιῖειῑῑέέείιῆξέξβαρ
1341 5773 1410 5845 2,.
1429 5834 1460 5845 Α
2170 5770 2193 5845 ε
2220 5761 2593 5845 utrumnam-1;

466 5810 1184 5895 Ξλ¹¹ἀὲεἶῖἷὶ⁶ἑιῗὲἕιῖἰνῖὲὗΐ
1199 5810 1410 5889 ἴᾝοῖὶῖ
1429 5834 1478 5884 2.
1690 5894 1699 5895 ί
1902 5894 1909 5895 ί
1966 5894 1971 5895 ,

2175 5810 2763 5895 ἶῖιίἱιῖέβιξιιίᾗεὼδηθισθ
2796 5826 2934 5878 Voss.
2959 5818 3219 5888 Innuptsm
3239 5824 3555 5888 permaneret
3582 5810 3696 5868 Lam

463 5887 880 5959 ὶῐέἱᾶὖίὶίὲῐόᾱξ
896 5887 1093 5969 ιζ’ἐζδξ
1103 5887 1156 5957 ’4ῖ
1180 5887 1430 5954 Forhi'cari
1450 5899 1582 5951 Lam.
1608 5894 1713 5953 N0.
1740 5894 1927 5950 1.1m.
1951 5894 2002 5950 2.
2110 5892 2221 5951 NC.
2244 5894 2286 5945 ι.
2310 5887 2437 5946 B'od.
2456 5887 2503 5940 ε.
