4214 6266
542 290 647 349 727

1943 307 2083 368 DIVI
2119 308 2446 373 CYPRIANI

3751 336 3868 399 728

611 406 775 466 XCV.
809 409 970 466 Bonis
1000 413 1363 469 convivendum
1390 424 1439 483 τι,
1471 418 1634 475 malos
1669 428 1836 477 autem
1878 424 2133 482 vitandos.
2163 431 2219 492 Α
2243 429 2313 463 ³⁰²
2341 448 2461 493 an.
2501 450 2540 490 ι.
2583 467 2654 479 -—
2696 438 2773 496 De
2800 456 2935 500 sono
2962 457 3150 504 arenis
3178 463 3249 504 ur
3277 463 3663 515 ulsemconnua
3703 457 3748 516 ι.

615 502 799 559 XCVI.
829 503 1029 572 Factis,
1056 523 1159 562 non
1182 508 1365 577 verbis,
1392 514 1707 582 aperandum
1728 515 1777 571 δ.

610 594 817 651 XCVII.
854 598 938 651 Ad
964 598 1120 668 ﬁdem
1145 610 1194 655 et
1221 602 1291 657 ad
1323 608 1731 664 consecutionem
1755 607 2137 685 properandum

929 708 1037 747 €838
1065 705 1086 731 ε
1097 737 1109 748 .

605 780 836 836 XCVIII.
866 780 1251 841 Catecuminum
1279 805 1489 859 peccare
1502 792 1620 863 jam
1645 790 1674 830 ά
1701 811 1803 850 non
1829 797 2023 854 debere.

604 872 790 930 XCIX.
817 874 851 928 J
860 876 1084 933 udicium
1109 880 1388 936 secundum
1421 892 1653 955 tempora
1682 887 1943 957 futurum,
1971 894 2134 965 aequi-

889 970 1006 1024 tatis
1032 980 1151 1026 ante
1175 971 1384 1045 Legem,
1403 977 1482 1030 vel
1500 976 1654 1049 Legis
1680 991 1795 1050 post
1819 979 2055 1055 Moysen.

603 1057 665 1113 C.
700 1058 934 1115 Gratiam
961 1063 1060 1117 Dei
1085 1069 1367 1134 gratuitam
1397 1084 1505 1124 esse
1530 1070 1728 1128 debere.

602 1149 687 1207 CI.
739 1151 998 1223 Spiritum
1038 1168 1272 1212 sanctum
1314 1159 1368 1213 in
1413 1160 1531 1232 igne
1575 1166 1863 1235 frequenter
1904 1178 1927 1205 ο
1969 1187 2132 1245 appa-

780 1247 960 1302 ruisse.

602 1336 710 1393 CII.
752 1337 1133 1412 Correptionem
1178 1342 1335 1399 bonos
1377 1360 1600 1415 quosque
1630 1346 1651 1385 τ
1700 1349 1912 1407 libenter
1950 1357 2133 1414 audire

814 1430 1011 1486 debere.

599 1520 734 1579 CIII.
759 1523 804 1577 A
835 1525 1241 1597 multiloquentia
1268 1532 1676 1602 temperandum.

599 1615 733 1671 CIV.
767 1616 891 1672 Non
919 1622 1286 1681 mentiendum.

597 1706 709 1765 CV.
740 1708 1060 1783 Frequenter
1096 1716 1441 1773 emendandos
1478 1721 1569 1790 qui
1600 1721 1904 1794 delinquunt
1944 1726 1999 1781 in
2036 1727 2130 1783 do-

812 1806 1019 1861 mestico
1044 1809 1341 1864 ministerio.

595 1892 730 1951 CVI.
767 1895 975 1968 Injuria
1008 1911 1215 1972 accepta
1246 1904 1545 1972 patientiam
1585 1918 1610 1956 ις
1642 1909 1934 1980 tenendam,
1965 1922 2010 1969 et
2043 1916 2127 1972 ul-

847 1992 1033 2047 tionem
1060 1991 1170 2049 Deo
1195 1995 1601 2065 relinquendam.

594 2080 746 2137 CVII.
782 2082 905 2138 Non
930 2086 1320 2143 detrahendum.

594 2173 771 2229 CVIII.
806 2173 929 2230 Non
951 2193 1055 2237 esse
1076 2181 1312 2250 proximo
1336 2182 1706 2243 insidiandum.

591 2266 728 2323 CIX.
758 2267 1008 2339 In/irmos
1033 2273 1334 2330 visitandos.

587 2358 709 2416 CX.
737 2361 1059 2420 Susurrones
1082 2364 1108 2401 ¹ι
1131 2367 1426 2425 maledictos
1446 2388 1572 2427 esse.

589 2450 727 2509 CXI.
763 2454 1036 2526 Sacriﬁcia
1062 2460 1315 2515 malorum
1341 2465 1675 2535 acceptabilia
1705 2484 1809 2524 non
1834 2486 1960 2526 esse.

590 2545 752 2601 CXII.
781 2546 998 2604 Gravius
1010 2551 1245 2621 judicari
1263 2554 1327 2609 de
1355 2554 1436 2610 Itis
1462 2557 1549 2626 qui
1577 2557 1632 2611 in
1657 2561 1846 2616 steculo
1875 2562 1994 2632 plus
2020 2564 2119 2620 Ita-

838 2641 1038 2698 bueriut
1058 2648 1340 2716 potestatis.

588 2732 770 2790 CXIII.
819 2736 1007 2793 Viduas
1036 2736 1051 2775 ί
1084 2748 1130 2793 et
1155 2742 1382 2811 pupillos
1411 2747 1607 2817 protegi
1631 2757 1883 2817 aportere.

587 2826 771 2883 CXIV.
802 2826 938 2884 Dum
968 2832 1022 2886 in
1050 2848 1205 2887 carne
1250 2845 1322 2890 est
1367 2837 1498 2907 quis,
1526 2835 1924 2913 Exomologesin
1949 2847 2119 2915 facere

871 2924 1072 2982 debere.

585 3012 743 3071 CXV.
773 3015 1131 3074 Adulatiouem
1156 3023 1495 3090 perniciosam
1515 3042 1642 3082 esse.

581 3108 766 3167 CXVI.
794 3111 922 3167 Plus
952 3115 1014 3168 ab
1041 3132 1099 3170 eo
1124 3117 1269 3189 diligi
1293 3117 1462 3175 Deum
1485 3123 1567 3176 cui
1593 3124 1645 3178 in
1670 3123 1936 3197 Baptismo
1961 3128 2114 3199 plura

867 3218 1077 3276 peccata
1107 3210 1452 3268 dimittuntur.

578 3292 786 3350 CXVII.
825 3296 1035 3353 Fortem
1075 3307 1481 3373 congressionem
1520 3326 1629 3365 esse
1655 3313 1897 3370 adversus
1931 3316 2113 3372 diabo-

902 3391 1029 3458 lum,
1060 3403 1106 3449 et
1139 3394 1254 3451 ideo
1289 3400 1493 3468 fortiter
1527 3418 1621 3457 nos
1652 3414 1790 3460 stare
1815 3407 2013 3478 debere,
2051 3420 2110 3465 ut

903 3499 1154 3553 possimus
1182 3499 1397 3547 vincere.

574 3566 807 3626 CXVIII.
836 3573 914 3630 De
933 3579 1253 3649 autic/iristo,
1277 3587 1415 3654 quod
1434 3587 1490 3643 in
1509 3588 1713 3646 homine
1736 3592 1750 3643 1'
1784 3595 1968 3651 veniat.

572 3660 760 3722 CXIX.
792 3665 958 3724 Grave
986 3674 1144 3743 fuisse
1166 3677 1357 3749 jugum
1385 3680 1510 3753 legis
1538 3683 1677 3754 quod
1701 3702 1733 3740 a
1762 3687 1906 3742 nobis
1934 3689 2105 3761 objec-

859 3772 967 3819 tum
991 3776 1063 3821 est
1084 3765 1133 3835 li,
1163 3780 1210 3824 et
1229 3771 1337 3827 leve
1354 3789 1463 3831 esse
1473 3776 1660 3848 jugum
1683 3775 1892 3836 Domini
1911 3785 2051 3854 quod
2075 3802 2109 3840 a

858 3858 1001 3915 nobis
1028 3875 1316 3937 susceptum
1344 3880 1438 3924 est.

568 3944 732 4002 CXX.
772 3946 1101 4011 Orationibus
1122 3957 1478 4018 insistendum.

2310 570 2352 667 .A
2361 569 2466 639 pud
2487 570 2698 629 Esaiam
2733 593 2747 630 :
2780 574 3032 634 Exclama
3050 589 3113 650 ω,
3146 582 3338 657 inquit,
3367 587 3423 644 in
3453 593 3778 667 fortitudine,
3812 608 3864 656 et

2238 658 2344 713 noli
2376 677 2615 731 parcere,
2656 665 2785 721 sicut
2812 668 2932 723 tuba
2974 674 3148 729 exaltu
3182 692 3354 734 vocem
3388 658 3563 754 tuam,
3600 658 3864 749 annuritia

2238 755 2374 826 plebi
2401 773 2526 813 mete
2552 767 2579 795 τι
2612 771 2819 831 peccata
2857 764 3089 835 ipsorum
3126 778 3173 824 et
3212 771 3388 829 domui
3413 776 3576 833 Iacob
3616 785 3861 853 facinora

2237 862 2433 904 eorum.
2469 849 2555 905 Me
2580 852 2645 908 de
2677 853 2759 909 die
2795 857 2851 911 in
2880 857 3017 915 diem
3054 874 3307 934 quaerunt,
3338 876 3386 923 et
3418 886 3722 943 cognoscere
3744 881 3861 938 vias

2237 958 2375 998 meas
2406 947 2799 1037 concupiscunt,
2829 953 2979 1022 quasi
3006 954 3149 1022 plebs
3177 975 3292 1029 qua:
3314 962 3571 1032 justitiam
3599 970 3777 1040 fecerit
3804 985 3858 1030 et

2225 1034 2481 1104 judicium
2511 1034 2611 1092 Dei
2648 1048 2673 1075 ο
2702 1034 2804 1096 non
2842 1044 3118 1102 deseruerit
3154 1060 3204 1105 Ρ.
3241 1050 3514 1111 Postulant
3546 1069 3573 1109 (ι
3599 1034 3683 1116 me
3713 1080 3859 1121 nunc

2224 1128 2486 1199 judicium
2513 1132 2751 1203 justum,
2787 1146 2836 1192 et
2866 1143 3279 1213 appropinquare
3327 1147 3439 1204 Deo
3487 1156 3859 1225 concupiscunt

2236 1221 2456 1278 dicentes
2484 1241 2503 1280 :
2539 1225 2676 1294 Quid
2704 1230 2757 1283 τί)
2780 1231 2902 1296 quia
2921 1234 3272 1306 jejunavimus
3297 1251 3345 1295 et
3379 1258 3482 1298 non
3520 1221 3713 1315 vidisti,
3747 1251 3857 1307 Itu-

2234 1314 2541 1371 miliavimus
2565 1318 2763 1376 animas
2789 1333 2989 1380 nostras
3008 1337 3055 1381 et
3080 1344 3181 1384 non
3203 1334 3481 1403 cognovisti
3500 1344 3546 1391 ³.
3572 1336 3637 1393 1η
3666 1339 3854 1399 diebus

2234 1408 2366 1461 enim
2384 1409 2577 1480 jcjunii
2610 1413 2628 1448 ι
2662 1413 2983 1471 inveniuntur
3004 1419 3288 1479 voluntates
3308 1432 3339 1461 ιι
3366 1436 3567 1485 vestrae.
3593 1431 3694 1486 Aut
3715 1436 3856 1491 enim

2234 1505 2487 1574 subjectos
2512 1510 2653 1564 vobis
2675 1511 3021 1584 subpungitis,
3048 1525 3139 1571 aut
3167 1518 3237 1572 ad
3254 1521 3460 1592 judicia
3488 1537 3537 1579 et
3565 1526 3678 1583 lites
3706 1531 3853 1601 jeju-

2233 1600 2387 1669 uatis,
2426 1611 2518 1657 aut
2546 1604 2809 1672 proximos
2833 1609 3032 1664 cteditis
3059 1612 3264 1683 pugnis.
3299 1613 3368 1670 Ut
3390 1618 3516 1688 quid
3551 1622 3679 1676 mihi
3701 1600 3850 1695 jeju-

2233 1691 2398 1760 natis,
2445 1700 2499 1746 ut
2537 1693 2689 1749 hodie
2716 1697 2960 1753 audiatur
2992 1716 3093 1755 vox
3125 1713 3293 1759 vestra
3329 1706 3383 1760 in
3419 1709 3680 1768 clamore?
3702 1691 3851 1772 VNon

2233 1783 2331 1837 hoc
2347 1784 2611 1856 jejunium
2640 1796 2667 1824 ν
2692 1804 2783 1858 ego
2807 1789 2958 1861 elegi,
2988 1792 3086 1847 nisi
3108 1801 3137 1829 ι
3181 1794 3413 1853 humiliet
3440 1800 3592 1857 homo
3617 1805 3850 1863 animans

2230 1891 2399 1931 suam.
2431 1875 2503 1930 Et
2530 1879 2575 1931 si
2611 1882 2917 1937 contorseris
2953 1886 3103 1955 quasi
3139 1886 3391 1944 circulum
3428 1894 3616 1949 collum
3653 1906 3841 1966 tuum,

2229 1977 2279 2023 et
2303 1984 2509 2023 saccum
2539 1978 2586 2023 et
2628 1971 2848 2026 cinerem
2877 1974 3210 2032 substraveris
3229 2022 3243 2043 ,
3286 1997 3379 2035 nec
3416 1983 3488 2038 sic
3513 1995 3542 2034 ι’
3568 1989 3828 2043 vocabitur

2220 2062 2484 2133 jejunium
2509 2074 2793 2135 acceptum.
2824 2065 2948 2122 Non
2979 2070 3081 2123 tale
3101 2071 3361 2143 jejunium
3398 2075 3544 2149 elegi,
3574 2079 3694 2134 dicit
3720 2080 3835 2136 Do-

2227 2156 2438 2221 minus;
2464 2157 2554 2210 sed
2582 2157 2720 2213 solve
2742 2175 2942 2215 onmem
2970 2162 3162 2217 nodum
3188 2165 3471 2237 injustitiae,
3503 2172 3697 2227 resolve
3716 2179 3833 2246 suf-

2228 2249 2508 2319 focationes
2545 2250 2903 2321 impotentium
2944 2259 3386 2316 commerciorum.
3426 2260 3639 2322 Dimitte
3673 2284 3833 2338 quas-

2224 2348 2360 2394 satos
2386 2343 2441 2394 in
2472 2342 2716 2412 requiem,
2749 2354 2796 2398 et
2833 2360 3034 2402 omnem
3070 2350 3504 2422 consignationem
3531 2356 3768 2427 injustam
3803 2368 3827 2396 ι

2225 2431 2442 2503 dissipa.
2473 2433 2684 2508 Frange
2712 2439 2955 2494 esurienti
2989 2457 3175 2513 panem
3203 2454 3347 2501 tuum
3367 2490 3383 2516 ,
3424 2458 3473 2504 et
3506 2466 3686 2522 egenos
3717 2455 3828 2511 sine

2224 2533 2352 2579 tecto
2380 2526 2536 2581 induc
2562 2530 2614 2583 iu
2645 2528 2851 2585 domum
2878 2541 3038 2589 tuam.
3071 2534 3134 2591 Si
3153 2538 3338 2595 videris
3365 2542 3580 2610 nudum,
3609 2541 3828 2613 visui“;

2223 2626 2271 2672 et
2295 2617 2596 2675 domesticos
2633 2623 2840 2679 seminis
2871 2626 2946 2680 tui
2983 2643 3085 2682 non
3124 2628 3392 2701 despicies.
3429 2632 3576 2691 Tunc
3605 2649 3832 2711 erumpet

2223 2721 2605 2783 temporaneum
2630 2715 2801 2772 lumen
2822 2727 2985 2788 tuum,
3014 2731 3062 2776 et
3091 2725 3388 2782 vestimenta
3418 2738 3506 2782 tua
3535 2731 3637 2785 cito
3664 2734 3831 2788 orien-

2221 2815 2326 2862 tur.
2361 2806 2428 2862 Et
2458 2809 2661 2879 praeibit
2687 2820 2806 2867 ante
2830 2822 2878 2866 te
2893 2814 3133 2885 justitia,
3171 2827 3218 2872 et
3248 2820 3460 2877 claritas
3485 2822 3583 2879 Dei
3612 2826 3830 2882 circum-

2220 2899 2360 2955 dabit
2392 2910 2457 2955 te.
2490 2900 2637 2956 Tunc
2671 2905 2982 2962 exclamabis
3005 2948 3023 2975 ,
3055 2918 3102 2965 et
3126 2908 3268 2967 Deus
3305 2916 3544 2971 exaudiet
3582 2930 3645 2974 te.
3692 2917 3829 2975 Dum

2218 2997 2388 3051 adhuc
2410 2997 2629 3071 loqueris
2654 3000 2787 3057 dicet
2814 3019 2833 3057 :
2858 3000 2992 3060 Ecce
3019 3006 3203 3063 adsum
3227 3006 3287 3047 Μ)
3312 3010 3470 3081 (lsa.
3503 3029 3652 3082 Lvm,
3689 3016 3828 3088 1—9).

2221 3088 2298 3146 De
2320 3090 2426 3147 hoc
2465 3092 2584 3161 ipso
2621 3094 2763 3164 apud
2806 3094 2910 3152 Job
2948 3114 2969 3152 :
3006 3099 3310 3156 Conservavi
3335 3120 3551 3174 egenum
3575 3107 3643 3160 de
3671 3125 3830 3163 manu

2139 3228 2183 3293 Ο
2218 3185 2453 3253 potentis,
2483 3195 2532 3240 et
2559 3188 2755 3259 pupillo
2783 3190 2866 3243 cui
2894 3207 2999 3247 non
3026 3203 3132 3248 erat
3155 3194 3364 3264 adjutor
3385 3198 3664 3254 auxiliatus
3682 3218 3822 3258 sum.

2230 3272 2301 3329 0s
2324 3275 2488 3331 viduae
2509 3277 2764 3335 benedixit
2791 3298 2890 3349 me,
2918 3298 3032 3338 cum
3056 3300 3210 3339 essem
3236 3287 3412 3342 oculus
3432 3303 3699 3357 caecorum,
3725 3309 3821 3362 pes

2215 3382 2417 3436 quoque
2436 3370 2737 3426 claudorum
2757 3390 2851 3445 ego
2876 3391 3048 3441 essem,
3072 3384 3120 3430 et
3148 3376 3491 3433 invalidorum
3519 3391 3664 3452 pater
3685 3380 3814 3452 (Job

2218 3476 2368 3525 nix.
2394 3463 2481 3529 12,
2514 3465 2602 3530 15,
2634 3466 2720 3533 15,
2758 3467 2871 3541 16).
2904 3469 2976 3525 De
3001 3468 3103 3526 hoc
3130 3470 3244 3541 ipso
3269 3471 3412 3542 apud
3439 3473 3666 3530 Tobiam
3701 3493 3717 3530 :
3749 3475 3820 3531 Et

2212 3553 2320 3608 dixi
2341 3552 2516 3611 Tobia:
2544 3567 2598 3597 0°
2625 3558 2735 3626 ﬁlio
2766 3576 2876 3616 meo
2903 3579 2923 3616 :
2963 3560 3133 3632 Vade,
3172 3573 3218 3619 et
3252 3565 3422 3619 adduc
3456 3583 3824 3640 quemcumque

2214 3664 2490 3721 pauperem
2528 3652 2779 3710 inveneris
2815 3671 2880 3711 ex
2918 3657 3164 3729 fratribus
3200 3659 3412 3726 nostris,
3444 3662 3531 3733 qui
3556 3671 3727 3717 tamen
3764 3665 3819 3719 iu

2211 3753 2377 3796 mente
2387 3743 2745 3801 habeatDeum
2767 3764 2831 3803 ex
2846 3758 2949 3805 toto
2973 3747 3029 3787 αδ
3049 3752 3201 3806 corde
3222 3769 3334 3807 suo.
3368 3751 3520 3809 Hunc
3542 3755 3712 3811 adduc
3735 3767 3815 3825 ευ,

2208 3842 2259 3888 et
2278 3837 2602 3893 manducabit
2621 3840 2812 3909 pariter
2836 3859 3005 3897 meum
3029 3842 3050 3882 ί
3063 3841 3082 3881 ί
3102 3846 3375 3914 prandium
3393 3848 3488 3903 hoc
3512 3865 3530 3903 :
3552 3848 3687 3907 Ecce
3703 3867 3819 3906 sus-

2208 3930 2342 3984 tineo
2368 3936 2434 3995 te,
2468 3931 2567 4001 ﬁli,
2595 3932 2756 3988 donec
2779 3934 2950 3991 venias
2975 3934 3127 4007 (Tob.
3155 3954 3214 4006 ιι,
3246 3937 3329 4012 2).
3359 3938 3488 3996 item
3514 3941 3663 3998 illic:
3689 3943 3814 4000 0m-

2208 4021 2355 4078 nibus
2383 4022 2558 4080 diebus
2573 4024 2688 4080 vita:
2715 4035 2835 4094 tua,
2866 4027 2966 4098 ﬁli,
2996 4026 3162 4087 Deum
3184 4031 3239 4086 in
3267 4042 3430 4089 mente
3457 4034 3603 4106 habe,
3630 4045 3682 4093 et
3706 4039 3814 4094 noli

1745 4169 2130 4236 LECTIONES
2169 4178 2255 4237 VA
2264 4181 2583 4241 RIANTES.

555 4298 582 4330 α
606 4298 968 4378 (ἶοηγίνιέιιιιιιιιι
996 4302 1126 4352 Lam.
1157 4298 1261 4353 ιὶιι.
1290 4302 1398 4354 NC.
1427 4302 1527 4363 1,2.
1561 4304 1686 4358 Tim.
1712 4309 1835 4362 Bod.
1864 4311 1962 4375 1,2,
1981 4316 2030 4378 5,
2051 4315 2098 4366 4.

494 4359 896 4415 Conveniendum
923 4367 1082 4417 Oxon.

555 4421 585 4461 ³³
604 4426 1055 4489 Obtemperandum
1084 4428 1208 4479 Bod.
1238 4429 1283 4479 1.

552 4492 588 4562 ο.
604 4489 971 4562 ιξςοιιθιειιόιιιη
996 4491 1154 4562 ρεξοη-
1216 4554 1236 4562 _
1380 4553 1397 4562 -
1416 4550 1427 4562 .

561 4551 591 4589 «ι
628 4552 845 4602 Peccarc
870 4566 966 4601 non
989 4553 1183 4603 debere
1208 4554 1343 4603 Lam.
1375 4551 1477 4605 Lin.
1504 4556 1553 4605 Ν
1559 4555 1613 4605 C.
1644 4557 1687 4605 1.

554 4617 579 4676 ξε
616 4612 674 4663 In
697 4617 813 4676 igne
830 4627 1029 4676 semper
1058 4617 1195 4665 Laut.
1222 4616 1331 4667 NG.
1359 4617 1408 4667 1.
1430 4616 1556 4669 Bod.
1579 4618 1629 4669 2.

550 4672 575 4711 f
612 4672 819 4740 Quoﬁue
845 4672 970 4728 Bod.
993 4677 1043 4740 2,
1060 4680 1111 4732 5.
1136 4678 1186 4728 4.

562 4740 590 4779 8
626 4738 920 4790 Patientiam
945 4738 1058 4790 esse
1086 4741 1221 4790 Lam.
1245 4742 1294 4793 Ν
1300 4741 1356 4792 C.
1384 4742 1431 4792 1.

546 4797 579 4866 ξι
612 4800 918 4866 ξιιξιιιτοιιθς
933 4812 986 4853 et
999 4802 1251 4866 bilingues
1284 4805 1417 4855 Lam.
1441 4806 1548 4857 NC.
1570 4807 1617 4858 1.
1646 4808 1774 4859 Bod.
1793 4808 1843 4859 2.
1864 4812 2004 4865 Corb.

553 4861 573 4901 ί
612 4862 817 4913 Viduam
839 4865 997 4917 Oxon.

558 4924 573 4975 i
616 4924 673 4973 ln
697 4926 944 4975 hominem
972 4929 1145 4979 veniet
1168 4927 1314 4980 Corb.

553 4990 583 5028 k
616 4989 910 5051 Susceptum
935 5002 1037 5039 non
1061 4990 1205 5042 Corb.

548 5049 584 5126 ξι
608 5048 687 5126 ρει
710 5051 839 5126 ιξοιιο
861 5063 1018 5126 opere
1036 5060 1097 5126 et
1111 5053 1450 5126 misericordia
1463 5056 1607 5126 Lam.
1636 5060 1745 5112 ΝΟ.
1774 5061 1821 5112 1.
1846 5062 1988 5116 Corb.

542 5112 585 5140 ¹¹³
618 5113 852 5163 Exclama
877 5112 927 5163 in
954 5112 1246 5167 fortitudine
1274 5118 1415 5169 Voss.
1461 5116 1510 5168 2.

541 5175 572 5203 ³³
604 5174 747 5225 Plebi
772 5181 870 5225 tute
899 5178 1038 5228 Voss.
1057 5177 1106 5225 2.

542 5238 569 5265 ⁰
604 5237 852 5288 Iudicium
876 5252 972 5289 non
1002 5242 1124 5292 Voss
1168 5241 1216 5290 4.

540 5302 573 5342 Ρ
605 5299 951 5364 Dereliquerit
975 5298 1081 5353 Lin.

537 5365 570 5406 ει
603 5362 1234 5443 Ρρξιτυιεξιιελῳιιιιᾳιιιροά.
1259 5368 1307 5419 5.
1327 5367 1581 5424 Postulant
1601 5383 1630 5425 a
1648 5386 1731 5426 me
1753 5375 1881 5429 Bod.
1898 5378 1946 5443 1,
1968 5378 2016 5430 2.

479 5424 617 5477 Lam.
643 5426 755 5479 ΝΟ.
776 5427 823 5490 1,
846 5424 914 5477 2.’
931 5427 1137 5481 Voss.2.

2271 4323 2295 4399 ξ
2328 4321 2400 4399 Et
2420 4324 3167 4399 quidjejungwimusﬁamsNC.
3190 4329 3237 4378 1.
3266 4327 3390 4381 Bod.
3418 4329 3465 4380 2.

2271 4387 2294 4415 ³
2328 4383 2394 4436 Et
2415 4383 2618 4438 nescisti
2646 4387 2754 4440 Lin.

2269 4444 2288 4478 ί
2326 4447 2634 4509 Jejuniorum
2656 4457 2931 4503 vestrorum
2955 4453 3090 4504 Lam.
3110 4454 3218 4506 ΝΟ.
3250 4455 3296 4505 1.
3325 4454 3453 4517 Bod,
3473 4456 3523 4504 2.

2266 4511 2295 4539 η
2331 4510 2623 4567 Voluptates
2646 4512 2754 4565 Lin.
2783 4515 2911 4565 Tltu.
2934 4515 3084 4567 Corb.

2266 4511 2295 4539 η
2331 4510 2453 4561 Volu
2494 4519 2623 4563 tates
2646 4512 2754 4565 Lin.
2783 4515 2911 4565 Tltu.
2934 4515 3084 4567 Corb.
3440 4510 3451 4517 ’

2263 4572 2312 4643 "_
2329 4528 2592 4639 Quodpego
2618 4577 2752 4639 elegi
2780 4578 2912 4629 Lam.
2933 4576 3040 4629 Lin.
3066 4577 3174 4629 ΝΟ.
3202 4577 3249 4628 1.
3279 4579 3403 4630 Bod.
3433 4581 3478 4643 1,
3508 4581 3555 4643 2,
3580 4581 3627 4630 4.
3659 4584 3799 4634 Voss.

2120 4630 2175 4690 D
2203 4634 2250 4684 5.
2274 4630 2398 4687 Coit.

2262 4699 2292 4729 ι
2320 4699 2424 4779 ξω
2442 4700 2969 4779 ὶιμιιιίι,ἱξιι“ᾳ1ιριιιίιιριη
2990 4702 3391 4779 Οοιιεηιθὶιιιιίιιιιι,
3410 4704 3531 4779 dicit
3545 4702 3800 4779 Dominus,

2200 4772 2294 4822 per
2314 4760 2446 4813 diem
2472 4763 2727 4814 humiliare
2768 4766 3015 4815 hominem
3039 4760 3250 4815 animum
3283 4760 3437 4823 suam,
3464 4770 3659 4818 tametsi
3685 4760 3799 4819 coni

2197 4826 2405 4937 t'orserias
2427 4828 2565 4890 quasi
2580 4826 2814 4878 circulum
2840 4828 2977 4879 Lam.
2999 4825 3102 4878 Lin.
3126 4829 3174 4880 Ν
3181 4827 3233 4878 σ.
3258 4829 3305 4878 1.
3332 4827 3457 4880 Bod.
3481 4831 3526 4893 1,
3548 4831 3601 4892 2,
3627 4831 3798 4883 4.(3011.

2251 4899 2347 4937 oss.
2404 4926 2415 4937 .

2208 4888 2426 5000 Visis;
2442 4950 2512 5001 sic
2536 4953 2629 5001 hoc
2653 4953 2786 5004 Lam.
2812 4953 2861 5003 Ν
2866 4952 2920 5004 C.
2947 4953 2992 5002 1.
3020 4953 3149 5004 Bod.
3170 4953 3220 5003 2.
3243 4953 3350 5005 Hoc
3370 4965 3468 5003 non
3485 4954 3559 5006 sic
3580 4956 3705 5008 Cott.

2256 5012 2278 5039 ³
2318 5011 2751 5075 Consignationem
2775 5016 3026 5080 iniustitiae
3050 5015 3158 5069 NC.
3185 5015 3210 5067 1

2256 5074 2466 5126 “Vesti
2484 5089 2599 5127 eum
2626 5078 2746 5131 Coll.

2251 5132 2315 5203 Ψ
2328 5137 2536 5203 Adsum
2562 5153 2713 5203 Prope
2741 5142 2862 5195 σοα-

2251 5201 2308 5268 ῗιξ
2327 5198 2467 5268 ρειςῆ
2486 5198 2668 5268 Tobias
2683 5203 2783 5268 lilio
2804 5217 2895 5268 suo
2921 5205 3055 5255 Lam.
3075 5204 3185 5256 NG.
3206 5204 3255 5256 2.
3278 5206 3406 5258 Bod.
3426 5208 3472 5268 1,
3500 5205 3549 5255 2.
3576 5207 3718 5260 Voss.
3744 5208 3795 5259 4.

2248 5260 2311 5300 dd
2332 5264 2425 5322 Qui
2447 5272 2613 5314 tamen
2632 5265 2784 5318 habet
2818 5266 3083 5318 Dominum
3104 5268 3155 5318 in
3181 5274 3284 5320 toto
3307 5268 3443 5320 Lam.
3457 5260 3513 5322 ’Ν
3520 5269 3573 5321 C.
3603 5270 3649 5320 1.

2254 5325 2830 5404 ff§99.e9d9600rb-_.
2929 5393 2960 5404 η
3026 5389 3039 5404 .
3104 5394 3127 5404 -
3268 5392 3314 5404 -.

2191 5448 2213 5498 1
2255 5384 2306 5500 f2!
2331 5386 2536 5502 ςδιΣὲθέ
2544 5402 2740 5444 mecum
2769 5389 2893 5443 ΤΙιιι.
2923 5389 3065 5445 Corb.
3097 5394 3232 5446 Lam.
3258 5392 3363 5447 Lin.
3389 5395 3438 5448 Ν
3445 5393 3563 5461 0.1,
3587 5394 3637 5447 2.
3658 5396 3789 5452 Bod.

2222 5483 2237 5511 ,
2261 5463 2331 5515 2.,
2350 5463 2486 5505 voss.
2504 5463 2554 5502 z.

1707 5590 1949 5650 STEPH.
1985 5593 2259 5658 BALUZII
2296 5601 2527 5663 NOTE.
2567 5610 2577 5673 ἶ

536 5715 667 5795 C_sp.
695 5716 747 5795 Ι..
790 5747 864 5759 -—
917 5717 988 5795 Ut
1040 5720 1165 5795 quid
1204 5721 1338 5795 mihi
1373 5724 1646 5795 jejunatis.
1677 5725 1814 5784 Vide
1842 5729 2075 5789 Fronto-

2242 5739 2639 5830 iVissLisumiliet.
2660 5742 2797 5808 Vide
2816 5748 3070 5812 Cotelerii
3103 5759 3261 5813 notas
3288 5752 3343 5812 in
3376 5763 3539 5828 caput
3565 5771 3624 5814 ιιι
3656 5754 3791 5830 Epi-

464 5786 1031 5880 nia-Eleglllflﬂg‘lll-
1051 5786 1349 5880 Ilomiliam
1373 5786 1443 5853 'vi
1474 5795 1851 5868 Chrysostomi
1876 5786 1947 5857 ad
2163 5786 2624 5877 διοῖξὴξῖἧᾷῐξξ

463 5855 645 5926 pulum
663 5856 1053 5913 Antiochenum.
