4230 6282
336 369 446 436 ’155

1550 371 2111 445 ΤΕΞΤΙΜΟΜΟΒΗΜ
2147 373 2361 439 UBER
2398 374 2486 434 lli.

3544 377 3648 439 754

338 500 434 558 est,
468 505 569 565 non
595 487 873 555 secundum
898 487 1035 561 quod
1052 497 1077 528 α
1099 505 1201 550 non
1228 489 1493 555 habuerit;
1520 505 1678 559 neque
1697 488 1761 545 sit
1787 484 1933 549 aliieb
1962 491 2016 553 Δ
2032 489 2156 561 ipso
2184 489 2238 546 in
2258 490 2501 561 Epistula
2518 488 2747 549 Joannis
2770 508 2784 547 ε
2804 489 2872 547 In
2887 490 2982 547 hac
2995 489 3063 525 ³⁸³⁸
3078 501 3325 564 apparent
3341 492 3438 562 lilii
3451 491 3591 549 fDei
3607 502 3655 564 et

336 581 682 655 refrigerium,
708 582 845 641 vobis
865 593 1032 651 autem
1054 599 1291 656 pressura
1320 581 1392 653 (II
1408 583 1524 639 Cor.
1556 582 1669 647 wit,
1697 581 1783 647 i2,
1820 579 1934 652 15).

332 754 455 800 CAP.
487 756 567 800 ιιι.
593 758 887 800 -ΑσΑιιειη
913 752 936 782 ο
961 758 1028 800 ετ
1055 758 1410 809 ιιιιεοτιοκιειι
1443 747 1759 803 murenam
1787 756 1937 796 neu-

658 851 810 893 GlOSE
850 852 919 892 ET
946 852 1206 903 FIRMJTER
1236 850 1615 892 EXERCENDAII.

406 991 563 1063 Apud
591 991 912 1050 Malschiam
942 992 1176 1066 :Nonue
1204 992 1342 1049 Deus
1384 1009 1516 1047 unus
1544 992 1772 1047 condidit
1804 990 1942 1045 nos?

335 1080 527 1141 Nonne
552 1097 698 1157 pater
737 1103 872 1145 ustus
895 1095 970 1142 est
998 1086 1225 1142 muniam
1241 1081 1559 1143 nostrai-id?
1585 1084 1726 1152 Quid
1772 1084 1942 1154 utique

332 1179 672 1249 dereliquistis
700 1189 723 1218 θ
754 1180 1095 1251 unusquisque
1143 1184 1356 1253 fratrem
1383 1197 1532 1235 suum
1572 1178 1832 1250 (Malach.
1877 1191 1937 1245 ιι,

335 1278 455 1351 10)?
488 1277 562 1333 De
607 1276 712 1333 hoc
757 1278 874 1348 ipso
902 1286 1022 1332 cata
1061 1276 1326 1333 Joannem
1358 1294 1372 1331 :
1407 1275 1598 1332 Pacem
1632 1276 1651 1314 τ
1686 1276 1826 1332 vobis
1852 1290 1939 1329 re-

326 1370 497 1438 mitto,
524 1386 698 1441 pacem
718 1386 883 1424 meam
908 1369 977 1423 do
1000 1368 1137 1424 vobis
1162 1368 1343 1441 (Joan.
1361 1385 1475 1438 xw,
1494 1367 1612 1443 27).
1634 1367 1767 1426 Item
1789 1368 1899 1425 illic
1923 1386 1937 1424 :

335 1462 456 1520 Hoc
484 1471 558 1519 est
587 1463 882 1518 mandatum
913 1477 1102 1528 meum,
1130 1470 1183 1516 ut
1224 1460 1452 1534 diligatis
1498 1462 1745 1529 invicem,
1769 1478 1943 1533 quem-

329 1555 613 1611 admodum
659 1553 815 1609 dilexs’
858 1570 967 1610 vos.
1002 1552 1256 1623 Maiorem
1300 1554 1397 1608 hac
1446 1554 1748 1609 charitatem
1797 1570 1943 1608 nemo

333 1650 510 1719 habet,
535 1666 687 1722 quam
714 1659 771 1705 at
799 1649 1025 1707 animam
1047 1665 1193 1705 suam
1212 1650 1325 1720 quis
1344 1657 1500 1720 ponat
1525 1665 1617 1721 pro
1631 1649 1812 1705 amicis
1835 1651 1943 1705 suis

333 1741 446 1817 (Ib.
479 1760 574 1810 xv,
602 1740 719 1816 15).
751 1742 883 1800 Item
910 1742 1020 1800 illic
1051 1764 1064 1799 :
1093 1741 1238 1798 Beati
1268 1752 1295 1791 8
1326 1742 1548 1813 paciﬁci,
1581 1744 1820 1814 quoniam
1845 1740 1945 1815 ipsi

333 1841 434 1911 filii
482 1837 581 1895 Dei
625 1837 937 1897 uocabantur
962 1835 1182 1910 (Matth.
1211 1853 1269 1904 v,
1294 1835 1378 1905 9).
1411 1835 1545 1893 Item
1594 1836 1704 1892 illic
1733 1851 1747 1888 :
1784 1836 1943 1893 Amen

330 1932 449 1987 dico
477 1929 635 1997 nobis,
663 1929 929 2001 quoniam,
957 1929 1005 1985 si
1024 1925 1051 1967 ιι
1082 1928 1276 1984 duobus
1300 1943 1364 1984 ea:
1397 1928 1536 1983 vobis
1567 1931 1853 1985 conuenerit
1881 1933 1937 1987 in

331 2032 469 2081 terra
496 2020 540 2089 ί,
563 2024 627 2079 de
652 2023 790 2079 onmi
818 2039 875 2078 re
902 2037 1269 2093 quamcumque
1290 2021 1552 2092 petieritis,
1567 2023 1823 2094 continget
1847 2039 1937 2078 vo—

331 2115 407 2174 bis
425 2134 458 2172 a
488 2115 646 2173 Patre
670 2132 782 2175 meo
810 2116 898 2187 qui
926 2116 980 2169 in
1009 2115 1149 2169 castis
1177 2124 1269 2169 est.
1320 2112 1636 2185 Ubicumque
1662 2115 1797 2169 enim
1826 2117 1937 2187 fue-

331 2212 436 2267 rint
456 2211 565 2267 duo
589 2218 681 2266 aut
726 2219 827 2266 tres
862 2208 1061 2265 collecti
1100 2209 1156 2264 in
1194 2209 1400 2263 nomine
1428 2224 1558 2275 meo,
1601 2223 1692 2281 ego
1718 2223 1833 2263 cuni
1864 2211 1935 2265 eis

334 2321 446 2362 sum
472 2304 689 2379 (Matth.
716 2320 868 2373 xvtu,
905 2304 1019 2376 19).
1046 2304 1121 2360 De
1166 2302 1270 2358 hoc
1296 2303 1414 2372 ipso
1442 2303 1510 2359 ad
1533 2302 1844 2359 Corinthios
1869 2302 1889 2357 Ι
1918 2319 1934 2357 :

335 2400 403 2455 Et
423 2418 517 2474 ego
565 2401 793 2471 quidem,
823 2402 1031 2473 fratres,
1082 2414 1185 2452 non
1228 2398 1371 2469 potui
1416 2397 1554 2453 vobis
1605 2396 1744 2466 loqui
1789 2396 1937 2468 quasi

334 2495 673 2567 spiritalibus,
700 2494 789 2548 sed
814 2493 958 2559 quasi
984 2491 1306 2557 carnalibus;
1337 2493 1483 2563 quasi
1518 2488 1836 2563 infantibusi
1882 2490 1936 2543 in

336 2583 561 2649 Christo,
577 2586 657 2641 lac
668 2586 805 2641 vobis
822 2596 998 2658 potum
1017 2583 1133 2640 dedi
1149 2582 1200 2649 κ,
1228 2599 1329 2637 non
1354 2578 1553 2654 escam1
1566 2624 1580 2637 .
1599 2579 1738 2636 Dum
1759 2581 1937 2635 enim"!

335 2678 506 2735 adhuc
519 2680 694 2751 pusilli
703 2681 875 2745 eratis,
892 2695 993 2734 non
1006 2678 1269 2752 poteratis,
1286 2676 1377 2732 sed
1387 2692 1548 2747 neque
1559 2691 1695 2729 nunc
1707 2675 1935 2746 potestis,

334 2771 505 2829 adhuc
518 2776 652 2833 enim
668 2775 786 2829 estis
801 2772 1051 2828 carnales.
1076 2770 1174 2828 Ubi
1189 2770 1323 2826 enim
1351 2769 1405 2825 iu
1421 2768 1559 2824 vobis
1578 2768 1837 2823 mruulatio
1850 2775 1875 2803 ιι
1888 2776 1938 2823 et

332 2870 585 2927 contentio
613 2880 660 2925 et
679 2870 1039 2935 dissensiones,
1064 2883 1233 2922 nonne
1256 2864 1491 2920 carnales
1515 2865 1657 2932 estis,
1690 2875 1737 2917 et
1761 2879 1940 2918 secun-

333 2964 458 3020 dum
485 2965 740 3019 hominem
769 2961 1042 3017 ambulatis
1080 2960 1122 3031 (I
1173 2957 1291 3014 Cor.
1323 2974 1402 3025 ιιι,
1438 2954 1594 3029 1-3)?
1628 2957 1757 3012 Item
1781 2957 1889 3011 illic
1921 2972 1936 3009 :

337 3057 452 3115 Etsi
481 3057 700 3113 habuero
746 3071 947 3111 onmem
974 3054 1151 3124 fidem,
1193 3052 1266 3106 ita
1294 3060 1350 3106 ut
1377 3058 1573 3105 montes
1605 3048 1935 3117 transferam,

335 3154 636 3211 charitatem
663 3158 833 3205 autem
858 3164 960 3203 non
989 3146 1201 3201 habeam
1218 3188 1234 3213 ,
1263 3144 1395 3199 nihil
1417 3160 1530 3198 sum
1549 3152 1598 3198 ο.
1646 3141 1762 3196 Etsi
1786 3143 1840 3199 in
1867 3143 1939 3198 ci-

334 3247 423 3303 bos
449 3257 478 3298 ιὶ
513 3240 814 3307 distribuero
856 3241 1028 3295 omnia
1079 3256 1212 3306 mea,
1267 3248 1315 3294 et
1359 3238 1404 3292 si
1447 3236 1707 3292 tradidero
1754 3250 1940 3308 corpus

332 3357 499 3397 meum
517 3350 572 3394 ut
596 3338 859 3401 ardeamQ,
877 3335 1178 3391 charitatem
1193 3344 1215 3372 τ
1243 3342 1413 3388 autem
1434 3349 1536 3388 non
1552 3332 1786 3401 habeam,
1813 3333 1941 3389 nihil

333 3437 548 3510 proﬁcio
571 3444 621 3487 ³.
661 3431 900 3488 Charitas
942 3430 1271 3502 magnanima
1296 3437 1389 3497 est,
1417 3429 1640 3483 charitas
1673 3428 1691 3465 ί
1726 3427 1943 3499 benigna

332 3541 431 3597 est,
454 3529 676 3584 charitas
692 3544 791 3583 non
814 3524 1109 3592 tumulatur,
1136 3523 1360 3578 charitas
1383 3539 1483 3577 non
1515 3523 1620 3594 agit
1650 3539 1937 3594 perperam,

336 3639 439 3677 non
484 3621 716 3693 inﬂatur,
748 3635 853 3673 non
891 3617 1141 3681 irritatur,
1186 3632 1288 3670 non
1341 3615 1530 3689 cogitat
1580 3615 1806 3687 malum,
1840 3632 1940 3671 non

333 3714 522 3787 gaudet
548 3728 701 3784 super
728 3710 1054 3789 injustitiam,
1091 3707 1379 3763 collaetatur
1412 3716 1580 3761 autem
1618 3708 1671 3761 in
1710 3708 1938 3763 veritate.

339 3805 529 3861 Omnia
556 3803 751 3874 diligit,
784 3801 956 3857 omnia
1004 3799 1185 3863 credit,
1213 3798 1385 3853 omnia
1411 3806 1602 3869 sperat,
1629 3799 1801 3853 omnia
1826 3816 1935 3854 sus.

334 3901 527 3955 tinet“.
572 3895 810 3961 Charitas
852 3910 1130 3958 numquam
1171 3893 1364 3950 excidet
1395 3893 1438 3969 (1
1472 3891 1593 3949 Cor.
1646 3910 1760 3959 xm,
1796 3895 1937 3965 2-8).

336 3991 413 4049 De
440 3991 542 4046 hoc
565 3990 680 4063 ipso
723 3989 788 4044 ad
814 3987 1029 4053 Galatas
1060 4005 1071 4040 :
1103 3984 1300 4058 Diliges
1326 3986 1613 4058 proximum
1644 3986 1731 4041 tibi
1754 3996 1780 4024 ν
1804 3996 1938 4051 tam-

335 4100 484 4155 quam
513 4094 579 4140 te.
599 4083 659 4145 Si
680 4092 847 4137 autem
877 4080 1120 4136 mordetis
1140 4088 1164 4114 ι
1185 4090 1232 4134 et
1262 4079 1506 4134 incusatis
1532 4078 1758 4144 invicem,
1780 4078 1941 4135 videte

336 4196 398 4236 ne
423 4177 791 4243 consumamini
843 4175 906 4231 ab
951 4175 1163 4231 invicem
1220 4172 1362 4246 (Gal.
1397 4187 1446 4241 ν,
1483 4170 1807 4241 14-16)..De
1838 4170 1942 4229 hoc

2039 582 2139 650 filii
2156 581 2368 637 diaboli.
2391 580 2568 636 Omnis
2593 584 2679 652 qui
2704 601 2808 639 non
2836 594 2907 638 est
2917 586 3112 656 justus,
3143 601 3243 639 non
3267 594 3340 639 est
3370 585 3435 639 de
3457 585 3585 653 Deo,
3607 594 3656 641 et

2040 676 2127 745 qui
2166 692 2265 729 non
2297 675 2464 746 diligit
2504 679 2712 746 fratrem
2758 693 2929 732 suum.
2958 662 3062 743 Qui
3097 681 3229 733 enim
3264 678 3478 750 fratrem
3507 697 3656 736 suum

2041 766 2168 832 odit,
2185 768 2438 822 homicida
2454 778 2545 823 est.
2568 768 2632 822 Et
2659 771 2797 824 scitis
2810 772 2929 841 quia
2946 773 3109 825 omnis
3127 775 3381 829 homicida
3395 791 3495 829 non
3509 775 3655 829 habet

2038 861 2094 914 in
2114 877 2168 916 se
2186 861 2339 915 vitam
2356 871 2594 916 aeternam
2616 861 2667 914 in
2694 877 2747 915 se
2768 872 3052 916 manentem
3073 864 3114 935 (1
3133 862 3288 918 Joan.
3314 866 3654 936 lv,l(i).itcm

2042 951 2152 1008 illic
2182 963 2204 990 κ
2238 972 2250 1008 :
2280 952 2466 1024 Siquis
2486 953 2668 1007 dixerit
2699 955 2937 1023 quoniam
2966 954 3135 1027 diligit
3160 956 3344 1024 Deum,
3375 969 3422 1012 et
3446 959 3657 1027 fratrem

2043 1060 2190 1100 suum
2207 1045 2334 1107 odit,
2354 1047 2574 1101 mendax
2586 1057 2680 1102 est.
2702 1047 2804 1117 Qui
2825 1047 2960 1103 enim
2976 1064 3078 1104 non
3092 1050 3262 1122 diligit
3276 1053 3489 1119 fratrem
3502 1068 3656 1107 suum
3688 1092 3695 1097 .

2038 1153 2189 1207 quem
2209 1138 2337 1193 videt
2356 1147 2433 1205 κει,
2459 1138 2624 1193 Deum
2646 1156 2795 1209 quem
2819 1156 2921 1197 non
2945 1141 3077 1196 videt
3105 1143 3357 1211 quomodo
3376 1153 3536 1213 potest
3576 1146 3657 1199 di—

2044 1228 2241 1301 ligere?
2273 1230 2347 1286 De
2380 1229 2482 1287 hoc
2511 1232 2630 1304 ipso
2676 1233 2727 1287 in
2775 1233 2998 1290 Actibus
3025 1233 3408 1305 Apostolorum
3435 1253 3448 1288 :
3477 1234 3651 1295 Turba

2046 1334 2219 1377 autem
2246 1337 2421 1378 eorum
2447 1324 2534 1396 qui
2562 1324 2886 1380 crediderant
2908 1327 3084 1381 anima
3112 1343 3174 1381 ac
3202 1336 3372 1383 mente
3394 1345 3501 1387 suta
3526 1345 3651 1399 age-

2047 1415 2190 1479 bant,
2218 1431 2311 1471 nec
2341 1417 2439 1487 fuit
2466 1418 2600 1471 inter
2622 1417 2741 1473 illos
2768 1420 3040 1475 discrimen
3062 1421 3245 1488 ullum,
3268 1438 3360 1477 uec
3388 1423 3658 1494 quicquam

2045 1523 2196 1561 suum
2223 1506 2530 1579 judicabant
2568 1526 2631 1567 etc
2670 1510 2813 1565 bonis
2826 1508 2886 1549 δι’
2913 1526 3028 1579 qua:
3053 1514 3125 1567 eis
3149 1522 3312 1579 erant,
3339 1514 3428 1569 sed
3450 1513 3659 1583 fuerunt

2045 1598 2152 1669 illis
2197 1600 2371 1654 omnia
2420 1602 2710 1656 communia
2767 1601 2902 1674 (Act.
2940 1618 3020 1670 sv,
3047 1603 3161 1676 '52).
3203 1604 3280 1659 De
3310 1604 3410 1659 hoc
3454 1605 3573 1678 ipso
3602 1606 3654 1663 in

2044 1690 2336 1762 Evangelio
2356 1702 2408 1730 οε
2430 1703 2547 1748 cata
2572 1693 2879 1750 matthaeum
2899 1711 2913 1749 :
2932 1693 2995 1752 Si
3025 1693 3265 1750 obtuleris
3294 1712 3479 1753 munus
3510 1708 3655 1753 tuum

2045 1784 2321 1853 adaltare,
2352 1793 2397 1841 et
2420 1784 2535 1845 illic
2580 1788 2885 1843 recordatus
2934 1788 3095 1858 fueris
3146 1790 3267 1860 quia
3297 1790 3489 1860 [ratrer
3538 1800 3658 1847 tuus

1971 1892 2021 1956 Β
2051 1876 2202 1935 habet
2224 1877 2425 1949 aliquid
2446 1878 2719 1937 adversum
2748 1892 2816 1949 te,
2863 1881 3093 1950 relinque
3120 1881 3228 1937 illic
3281 1898 3465 1939 manus
3515 1896 3657 1939 tuum

1965 3288 2011 3352 C

1962 1996 1963 1999 η
2051 1981 2171 2027 ante
2197 1972 2385 2036 altare,
2411 1980 2459 2025 et
2485 1973 2614 2028 vade
2638 1974 2783 2045 prius
2806 1974 3127 2029 reconciliari
3152 1976 3306 2049 fratri
3330 1984 3437 2041 tuo,
3459 1986 3508 2030 et
3534 1985 3658 2033 tunc

2038 2068 2149 2121 veni
2179 2077 2224 2121 et
2246 2067 2376 2138 oﬂ'er
2400 2065 2459 2106 ἀά
2489 2082 2675 2135 munus
2724 2076 2868 2121 tuum
2906 2066 2979 2120 ad
3002 2066 3166 2127 altare
3193 2064 3408 2136 (Matth.
3437 2083 3493 2136 ν,
3519 2068 3638 2141 25).

2038 2155 2172 2219 Item
2225 2160 2275 2214 in
2327 2159 2568 2232 Epistula
2615 2158 2883 2223 Joannis:
2916 2155 3056 2213 Deus
3106 2158 3330 2215 charitas
3370 2169 3468 2229 est,
3497 2170 3544 2216 et
3568 2163 3658 2234 qui

2039 2262 2206 2309 manet
2232 2254 2299 2311 ξιτ
2334 2254 2581 2315 charitate
2609 2262 2686 2321 (³⁸,
2731 2252 2784 2306 in
2813 2250 2923 2307 Deo
2946 2261 3146 2318 manet,
3184 2262 3234 2309 et
3264 2251 3404 2309 Deus
3426 2251 3477 2291 τί
3505 2255 3558 2309 in
3595 2272 3656 2310 eo

2045 2344 2089 2417 (Ι
2117 2344 2277 2403 Joan.
2310 2363 2382 2414 tv,
2421 2345 2532 2419 16).
2564 2346 2696 2402 Item
2730 2344 2841 2401 illic
2873 2361 2888 2398 :
2922 2343 3025 2413 Qui
3049 2343 3172 2397 dicit
3206 2360 3262 2401 se
3302 2344 3361 2399 in
3390 2344 3504 2399 luce
3546 2362 3656 2401 esse

2038 2447 2085 2494 et
2113 2440 2323 2508 fratrem
2347 2456 2495 2503 suum
2522 2438 2654 2504 fodit,
2685 2436 2906 2494 mendas:
2933 2444 3006 2492 est
3034 2444 3116 2501 ϐε,
3149 2444 3198 2490 et
3221 2435 3509 2495 intenebris
3537 2453 3650 2492 am-

2040 2529 2179 2587 bulat
2206 2548 2364 2605 usque
2389 2530 2558 2591 adhuc
2590 2529 2635 2603 (Ι
2662 2527 2820 2587 loan.
2850 2544 2906 2596 tt,
2933 2527 3013 2601 9).

2041 2725 2160 2766 CAP.
2204 2726 2276 2766 IV.
2314 2739 2384 2751 --
2434 2726 2486 2767 IN
2529 2725 2703 2769 NULLO
2731 2725 3114 2782 GLORIANDUU,
3163 2727 3372 2780 QUANDO
3410 2727 3652 2774 Νοετιιωι

2691 2819 2838 2861 NIHIL
2866 2818 2969 2861 SIT.

2117 2955 2175 3012 In
2206 2955 2496 3027 Evangelio
2524 2964 2645 3017 cata
2672 2955 2935 3013 Joannem
2961 2977 2975 3012 :
3009 2957 3176 3013 Nemo
3199 2968 3360 3031 potest
3384 2960 3653 3032 quicquam

2044 3050 2277 3122 accipere
2297 3093 2312 3119 ,
2332 3050 2428 3106 nisi
2458 3050 2632 3104 datum
2661 3050 2813 3124 fuerit
2838 3050 2916 3104 illi
2943 3050 3006 3105 de
3033 3051 3158 3106 ctelo
3184 3050 3375 3123 (Joan.
3400 3067 3456 3108 ιιι
3482 3093 3497 3120 ,
3524 3051 3646 3122 27).

2044 3144 2180 3200 ltcm
2236 3145 2287 3199 in
2323 3143 2559 3217 Epistula
2614 3142 2763 3199 Pauli
2795 3142 2861 3198 ad
2901 3141 3208 3199 Corinthios
3249 3142 3417 3215 prima
3451 3163 3465 3200 :
3516 3144 3655 3211 Quid

2045 3240 2178 3294 enim
2219 3232 2371 3293 habes
2418 3236 2555 3309 quod
2594 3254 2697 3292 non
2724 3236 2977 3306 acceperis
3011 3235 3036 3290 ?
3078 3235 3137 3293 Si
3167 3246 3334 3290 autem
3378 3238 3651 3309 accepisti,

2043 3331 2166 3403 quid
2191 3331 2451 3404 gloriaris,
2479 3330 2625 3399 quasi
2667 3345 2768 3384 non
2798 3330 3051 3401 acceperis
3084 3325 3144 3365 ιλιι
3177 3327 3242 3401 (Ι
3270 3328 3384 3385 Cor.
3423 3345 3497 3397 tv,
3532 3329 3564 3384 7
3595 3328 3654 3403 )?

2044 3420 2174 3479 Item
2222 3422 2276 3476 in
2348 3421 2580 3477 Basilina
2632 3421 2806 3491 primo
2857 3436 2871 3472 :
2930 3418 3107 3474 Nolite
3160 3420 3413 3492 gloriari,
3494 3436 3656 3490 neque

2045 3514 2325 3586 loquamini
2353 3511 2399 3551 ίί
2426 3513 2561 3568 elata
2587 3511 2667 3579 li,
2697 3522 2861 3568 etnon
2887 3511 3127 3585 procedat
3150 3512 3578 3586 magniloquentia
3596 3510 3650 3550 υτ

2044 3625 2109 3664 ea:
2162 3623 2249 3663 ore
2284 3617 2448 3661 vestro
2478 3649 2491 3673 ,
2549 3605 2667 3676 quia
2719 3602 2858 3659 Deus
2900 3605 3230 3659 scientiarum
3291 3602 3341 3643 ιι
3398 3604 3655 3677 Dominus

2042 3699 2064 3771 (
2092 3700 2115 3754 Ι
2150 3700 2277 3771 Reg.
2310 3714 2368 3764 ιι,
2397 3699 2488 3767 5).
2534 3698 2666 3752 ltem
2722 3696 2869 3751 illic:
2900 3693 3169 3751 Invalidus
3195 3699 3363 3767 factus
3400 3705 3473 3751 est
3501 3712 3653 3750 arcus

2044 3793 2344 3866 potentium,
2372 3800 2416 3847 et
2452 3790 2643 3863 infirmi
2688 3789 2903 3849 accincti
2928 3798 3049 3844 sunt
3082 3790 3265 3847 uirtute
3295 3798 3402 3843 ωω.
3442 3789 3518 3847 De
3547 3788 3652 3846 hoc

2046 3887 2161 3957 ipso
2189 3887 2241 3939 in
2272 3881 2593 3945 Macltabazis
2624 3900 2637 3936 :
2689 3880 2899 3947 Justum
2932 3890 3004 3938 est
3032 3880 3292 3936 subditum
3320 3878 3431 3939 Deo
3461 3897 3571 3935 esse
3604 3891 3652 3935 et

2047 3976 2318 4034 mortalem
2366 3991 2468 4029 non
2512 3974 2661 4045 paria
2684 3972 2795 4028 Deo
2836 3973 3069 4046 sentire(
3112 3972 3158 4029 II
3188 3971 3364 4029 Much.
3395 3989 3479 4041 ιιι,
3513 3973 3578 4028 l2
3608 3978 3649 4045 ).

2043 4072 2178 4128 Item
2222 4069 2332 4125 illic
2366 4085 2379 4123 :
2410 4065 2479 4122 Et
2517 4066 2665 4122 verba
2706 4066 2801 4121 viri
2844 4066 3121 4135 peccatoris
3161 4081 3226 4120 ne
3262 4065 3526 4120 timueritis
3556 4074 3650 4135 "",

2045 4167 2162 4241 quia
2188 4163 2350 4238 gloria
2372 4163 2482 4234 ejus
2509 4162 2563 4216 in
2598 4171 2821 4217 stercora
2851 4169 2907 4197 °°
2935 4160 3027 4216 erit
3070 4171 3117 4215 et
3150 4160 3201 4215 in
3230 4176 3440 4227 vermes.
3482 4158 3653 4215 Hodie

1582 4307 1961 4366 LECTIONES
1998 4298 2412 4365 VABIANTES.

402 4452 429 4484 ⁸
465 4453 604 4513 Quod
629 4466 726 4504 non
744 4452 916 4503 habuit
939 4452 1095 4506 Lam..

280 4532 291 4539 ι
400 4507 514 4592 biit
538 4520 601 4567 sit
621 4515 731 4592 aliis
750 4515 1073 4592 refrigerium
1091 4511 1244 4592 ggrb.
1276 4510 1400 4562 Bod.
1422 4511 1468 4571 1,
1492 4511 1545 4560 2.
1569 4508 1635 4560 Ut
1656 4509 1763 4559 aliis
1784 4507 1934 4559 refri-

335 4582 549 4643 gerium,
577 4580 717 4630 vobis
741 4575 971 4641 pressura
996 4579 1061 4627 sit
1091 4575 1212 4627 Thu.

400 4645 424 4674 θ
451 4643 751 4694 Charitatent
776 4642 911 4692 Lam.
942 4640 1049 4693 ΝΟ.
1073 4638 1122 4690 2.
1149 4637 1274 4689 Bod.
1302 4637 1348 4687 1.
1384 4640 1521 4688 Voss.
1543 4635 1593 4684 2.

400 4702 428 4743 ἀ
463 4704 723 4755 Omnium?
747 4705 876 4764 Quid
902 4703 1041 4756 Corb.

404 4770 429 4835 ξ
444 4768 679 4835 peSpicit
701 4761 1041 4835 unusquisque
1070 4764 1180 4816 ΝΟ.
1206 4764 1255 4811 2.
1285 4761 1426 4813 Corb.

401 4828 423 4868 τ
444 4820 624 4881 Pacém
650 4843 807 4879 meam
829 4820 894 4879 do
906 4820 1045 4879 vo'bis
1092 4838 1260 4890 pacem
1285 4837 1443 4875 meam
1465 4822 1693 4897 relinquo
1717 4820 1838 4873 Gott.

402 4895 428 4933 8
454 4893 652 4943 Felices
668 4891 792 4944 Bod.
819 4893 866 4944 1.
887 4890 934 4944 2.
957 4892 1003 4942 4.
1033 4867 1167 4939 Lam.
1202 4887 1325 4938 Tha.

497 4907 652 4942 elices
668 4907 792 4944 110a.
819 4907 866 4952 1,
887 4907 934 4953 Ζ,
957 4907 1003 4942 ιι.
1033 4907 1167 4939 Lam.
1188 4907 1226 4953 ,ι
1242 4907 1325 4938 tut.

399 4954 429 4993 h
455 4954 565 5004 Duo
585 4969 649 5005 ex
675 4955 814 5004 volsis
830 4945 1153 5004 convenerint
1171 4952 1305 5003 Lean.
1334 4946 1440 5000 Lin.
1468 4947 1578 5001 ΝΟ.
1594 4948 1639 4998 1.
1663 4945 1789 4999 Bod.
1809 4946 1857 5008 2,
1882 4949 1933 5001 5.

404 5019 422 5058 i
454 5017 824 5081 Superlerram
843 5018 963 5068 Gott.

404 5082 420 5132 i
456 5078 682 5130 Parvulis
706 5082 753 5129 in
778 5078 974 5130 Christo
998 5078 1119 5127 Coit.

402 5143 428 5182 ιι
464 5141 615 5205 Lacte
641 5156 723 5192 vos
745 5144 925 5205 potavi,
954 5141 1080 5192 Bod.
1107 5140 1152 5199 1,
1177 5138 1285 5199 2,L.
1314 5138 1447 5193 Lam.
1477 5134 1581 5187 Litt.
1606 5136 1715 5186 ΝΟ.
1742 5136 1788 5185 1.
1813 5137 1932 5189 Ver.

333 5206 512 5256 Benev.
544 5203 669 5255 Tha.
699 5203 843 5256 corb.

403 5267 422 5332 I
448 5268 559 5319 Non
582 5268 693 5319 cibo
716 5270 852 5319 Lam.
880 5267 987 5332 Lin.
1022 5265 1129 5318 ΝΟ.
1154 5264 1198 5313 1.
1234 5261 1359 5332 Thy.
1387 5260 1538 5332 Corp;
1568 5324 1582 5332 _
1632 5319 1679 5332 Η
1759 5323 1794 5332 __
1849 5322 1861 5332 _
1891 5321 1908 5332 δ

394 5330 436 5402 ‘f
450 5331 634 5402 .Escatn
646 5332 861 5402 nondum
887 5330 1018 5402 enim
1027 5401 1031 5402 ν
1041 5327 1438 5402 pot-eratisftun.
1448 5324 1609 5402 ΝΔ.
1623 5322 1861 5402 .1313.“de
1871 5364 1880 5373 .
1891 5322 1939 5375 2.

399 5394 430 5424 ¹¹
446 5393 501 5444 lu
525 5395 662 5444 vobis
691 5395 820 5443 cadit
844 5386 1089 5443 aemulatio
1112 5390 1239 5440 Bod.
1280 5392 1329 5440 5.
1352 5387 1504 5440 Vobis
1525 5395 1641 5437 sunt
1661 5386 1804 5438 Gott:

400 5458 427 5487 ο
452 5455 583 5507 Nihil
622 5455 822 5507 proﬁcio
845 5455 970 5506 Bod.
996 5458 1044 5507 5.
1070 5452 1179 5505 ΝΟ.
1201 5452 1250 5501 2.
1622 5484 1625 5487 λ

499 5471 583 5506 Inll
622 5471 822 5506 DFOIICIO
845 5471 970 5506 υοα.
996 5471 1044 5506 ὂ.
1070 5471 1179 5505 Νυ.
1203 5471 1250 5501 Ζ.
1622 5484 1625 5487 λ

400 5471 427 5487 ν
453 5471 583 5507 mnu
622 5471 822 5521 proneto
845 5471 970 5506 non.
996 5471 1044 5507 δ.
1070 5471 1143 5505 tu

397 5522 427 5562 Ρ
462 5519 515 5583 In
540 5520 677 5570 cibos
711 5534 983 5583 pauperum
1010 5519 1143 5583 Lam.

396 5585 425 5626 τι
454 5582 516 5633 Ut
535 5578 905 5633 ardeat-Benev.
934 5585 1052 5633 Ver.
1069 5578 1271 5646 Ορνὸομ
1357 5638 1406 5646 __
1574 5634 1587 5646 .

402 5648 425 5737 ξ
665 5646 832 5756 mi
835 5648 897 5756 ’Ν
904 5646 960 5695 Ο.
989 5646 1036 5695 1.
1063 5641 1189 5694 Tha.
1217 5638 1322 5691 Lin.
1347 5638 1433 5691 Sic
1454 5636 1637 5704 passim
1657 5636 1807 5705 infra.

398 5710 421 5737 ³
448 5708 578 5757 Nihil
605 5720 713 5757 sum
742 5708 869 5760 Cott.

398 5768 419 5804 ι
450 5770 757 5835 magnanima
779 5777 874 5833 est,
904 5769 1101 5835 patiens
1116 5772 1211 5835 est,
1231 5766 1447 5830 benigna
1467 5771 1563 5835 est,
1585 5777 1683 5815 non
1720 5761 1935 5835 inﬂatur,

334 5845 434 5882 non
456 5829 831 5894 dehonestatur,
859 5829 956 5883 non
989 5831 1168 5894 quaerit
1188 5841 1300 5892 quas
1321 5840 1411 5879 sua
1432 5832 1565 5890 sunt,
1609 5838 1711 5877 non
1755 5829 1941 5888 cogitat

328 5895 531 5960 malmu,
554 5897 797 5960 ingaudet
819 5892 1107 5961 iniustitiam
1127 5892 1248 5945 Gott.

2100 4444 2130 4473 ιι
2156 4440 2329 4493 Omnia
2348 4438 2542 4499 suffert,
2567 4438 2703 4488 Lam.
2728 4434 2835 4486 Lin.
2866 4434 2977 4488 ΝΟ.
2998 4396 3262 4499 l.'Bod.:2
3288 4432 3411 4499 Coit.

2103 4508 2131 4537 ν
2158 4492 2440 4556 l’roximum
2484 4492 2622 4563 tuum
2647 4508 2893 4563 tamquam
2921 4498 3138 4561 teipsum
3188 4496 3309 4546 Gott.
3342 4494 3468 4544 Tha.
3500 4492 3644 4545 Corb.

2044 4566 2314 4620 Lam.Lin.
2354 4562 2635 4629 ΝΟ.1,2.Α
2730 4624 2740 4629 _
2804 4625 2834 4629 _
2892 4620 2904 4629 ,
2954 4621 2968 4629 ,
3035 4620 3045 4629 ,
3212 4620 3239 4629 ν.

2105 4633 2133 4661 κ
2154 4630 2405 4688 Mordetis,
2428 4634 2482 4677 et
2502 4618 2771 4676 criminans
2797 4620 2923 4674 Bod.
2948 4621 2995 4672 1.
3022 4620 3271 4673 Accusatis
3293 4620 3427 4672 Lam.
3450 4620 3576 4671 Bod.
3596 4618 3645 4667 2.

2042 4693 2117 4744 Ad
2144 4694 2352 4743 invicem
2377 4688 2554 4742 Bod.5.

1966 4757 2021 4817 Ι)
2116 4757 2145 4796 5'
2170 4754 2501 4819 Apparelsuni.
2526 4749 2612 4819 lilii
2636 4750 2771 4798 Lam.
2945 4744 3129 4819 2LNC.
3158 4746 3206 4796 1.

2113 4819 2136 4847 ³
2169 4810 2296 4868 [tein
2322 4818 2445 4866 illic:
2472 4814 2564 4874 Qui
2588 4812 2789 4861 fratrem
2815 4810 3083 4874 ΤΙιιιηΟοζ.

2103 4882 2163 4942 PP
2190 4881 2411 4931 Fratrem
2438 4872 2586 4942 queui
2623 4874 2759 4942 videt
2776 4872 2995 4942 quotidie
3024 4873 3143 4942 Οοιζ.

2101 4940 2164 4981 δι’
2190 4930 2990 5006 Necquisqitam‘suuttthudEthat
3011 4935 3075 4984 de
3115 4933 3256 4984 bonis
3281 4930 3427 4984 Corb.

2107 5009 2161 5039 σο
2191 5006 2245 5055 lu
2269 4997 2538 5061 Evangelia
2561 5001 2734 5051 desunt
2755 4997 2806 5047 in
2836 4997 2960 5061 Thu.

2007 5080 2012 5090 '
2104 5068 2164 5107 dd
2188 5068 2327 5117 'l‘unc
2349 5059 2532 5113 offeres
2554 5064 2684 5113 Lam.
2708 5062 2835 5112 Bod.
2872 5059 2919 5109 2.
2947 5059 3057 5112 ΝΟ.
3080 5059 3125 5109 1.

2105 5134 2162 5164 ec
2191 5131 2354 5180 Manet
2378 5130 2425 5177 in
2449 5126 2717 5176 dilectione
2743 5125 2875 5173 Lam.
2895 5123 3020 5174 Bod.
3046 5120 3095 5172 2.
3123 5120 3232 5172 ΝΟ.
3257 5120 3304 5170 1.

2104 5190 2158 5257 fl
2185 5192 2323 5243 Deus
2343 5192 2393 5241 in
2417 5202 2479 5240 eo
2520 5190 2616 5238 erit
2640 5185 2833 5257 Redi).
2874 5186 2931 5237 In
2951 5186 3061 5236 Deo
3084 5190 3271 5234 manet.
3300 5180 3571 5247 ltemiBod.
3595 5182 3646 5245 2,

2044 5258 2093 5318 δ’
2106 5256 2169 5388 ξιξ
2189 5315 2321 5388 Qdit,
2337 5313 2577 5388 homicida
2610 5318 2705 5388 εει,
2719 5310 3016 5388 ,Βραλδλνη
3061 5370 3080 5388 Α
3102 5373 3107 5377 ξ

2106 5378 2170 5445 Ill}
2190 5370 2440 5445 Accépisti
2464 5378 2597 5445 Lagi.
2617 5370 2751 5445 .Bo'd.
2777 5375 2825 5439 1,
2851 5372 2900 5423 2.
2925 5371 3034 5424 ΝΟ.
3059 5370 3086 5421 1

2112 5441 2159 5483 ii
2190 5436 2494 5503 Eloquamini
2521 5436 2648 5489 Bod.
2667 5437 2714 5486 2.

2108 5507 2122 5556 ι
2142 5506 2156 5558 ι
2186 5505 2328 5559 Elate
2353 5503 2496 5553 Corb.

2105 5557 2165 5609 IIII
2187 5557 2706 5629 Magniloquela_Lam.
2734 5559 2841 5613 ΝΟ.
2866 5560 2912 5611 1.
2940 5557 3069 5629 ῥοᾷ,
3092 5558 3145 5610 2.

2106 5629 2159 5671 11
2198 5624 2522 5682 Scibutiarum
2546 5624 2785 5675 Dominus
2808 5629 2903 5674 est.
2934 5624 3054 5674 Gott.

2078 5718 2083 5723 -
2108 5694 2191 5724 ¹¹³¹¹³
2215 5690 2429 5756 Accincti
2452 5697 2567 5756 sunt
2597 5685 2800 5756 robore,
2817 5685 2947 5756 trod.
2972 5687 3018 5756 ἦ.

2107 5757 2167 5786 ¹¹¹³
2191 5754 2439 5820 Timueris
2452 5746 2730 5820 Lam._Lin.
2750 5748 2859 5820 ΝΟ.
2882 5749 3018 5820 _Bod.
3041 5746 3093 5801 4.
3123 5745 3247 5799 Coll.

2106 5820 2163 5851 °°
2187 5817 2421 5871 Stercore
2443 5815 2575 5867 Lam.
2599 5813 2704 5866 Litt.
2740 5812 2850 5869 ΝΟ.
2876 5813 2919 5864 1.
