4230 6282
569 432 681 491 ’155

1920 418 2056 476 DIVI
2092 416 2421 475 CYPRIANI

3770 415 3881 472 756

568 546 841 607 extolletur
865 552 892 581 ει
916 583 932 611 ,
964 552 1010 599 et
1033 556 1147 598 cras
1174 556 1277 596 non
1299 539 1615 595 inuenietur:
1643 538 1880 611 quoniam
1904 551 2172 592 conversus
2198 538 2251 599 Α
2278 533 2526 588 Dominus
2577 531 2805 587 contritis
2853 541 2879 581 Ρ
2932 530 3085 587 corde
3111 569 3129 598 ,
3174 538 3224 585 et
3277 528 3498 586 humiles
3540 529 3731 601 spiritu
3772 532 3887 587 sal-

569 651 645 699 est
695 641 749 693 in
804 648 991 693 terram
1042 650 1187 691 suam
1214 676 1229 702 ,
1281 641 1328 689 et
1373 632 1614 707 cogitatio
1662 630 1774 704 ejus
1829 629 1858 669 ι)
1888 627 2056 701 'periit
2103 626 2172 700 (Ι

571 731 751 789 Much.
776 746 849 799 ιι,
876 726 1019 801 62).

569 883 690 929 CAP.
751 884 806 925 ν.
888 897 957 909 -
1026 880 1391 923 ιιυιίιιιτλτειι
1438 879 1507 919 ET
1556 876 1793 929 ρῠιετειι
1846 875 1897 915 IN
1947 872 2173 915 OINIBUS

1215 973 1523 1016 TENENDAI.

644 1100 802 1175 Apud
833 1100 1049 1158 Esaiam
1075 1098 1154 1155 sic
1176 1097 1308 1155 dicit
1335 1096 1593 1153 Dominus
1616 1095 1759 1151 Deus
1784 1110 1801 1148 :
1829 1090 2023 1148 Caelum
2052 1089 2175 1143 mihi

574 1196 788 1254 thronus
816 1205 839 1234 ο
869 1237 886 1263 ,
922 1203 970 1248 et
1002 1203 1138 1248 terra
1166 1191 1443 1248 scabellum
1479 1189 1663 1259 pedum
1708 1203 1957 1242 meorum.
2008 1183 2177 1252 Quam

570 1290 700 1346 mihi
728 1289 897 1345 sedem
936 1285 966 1324 ά
1009 1285 1469 1356 ωάὶβσαὺὶιίε,αιιι
1496 1283 1609 1351 quis
1655 1281 1799 1335 locus
1841 1278 1909 1332 ad
1955 1278 2177 1348 requiem

573 1384 702 1440 ntilti
725 1384 751 1439 ?
774 1381 962 1438 Omnia
993 1381 1128 1436 enim
1165 1378 1265 1432 ista
1292 1376 1410 1450 fecit
1436 1390 1617 1429 manus
1647 1389 1760 1428 mea
1789 1414 1805 1440 ,
1833 1381 1878 1427 et
1906 1379 2025 1426 sunt
2065 1385 2178 1422 utea

572 1477 747 1533 omnia
776 1475 896 1530 ista.
916 1472 983 1528 Et
1018 1488 1172 1544 super
1207 1486 1354 1540 quem
1373 1468 1621 1538 aspiciam
1642 1478 1665 1504 υ
1688 1464 1868 1533 alium,
1894 1464 1996 1519 nisi
2025 1478 2180 1534 super

575 1570 819 1626 humilem
873 1575 922 1623 et
974 1567 1196 1637 quietum
1238 1572 1285 1619 et
1322 1558 1639 1617 trementem
1668 1559 1686 1596 ί
1736 1573 1991 1613 sermones
2040 1572 2179 1610 meos

579 1664 739 1741 (Isa.
784 1678 907 1720 mm
930 1704 946 1731 ,
992 1661 1044 1728 1,
1070 1656 1197 1731 2)?
1238 1657 1317 1713 De
1353 1657 1455 1712 hoc
1482 1656 1599 1726 ipso
1638 1654 1690 1708 in
1737 1650 2031 1722 Evangelio
2059 1658 2178 1741 cata

575 1740 884 1815 Μοιιιιωυω
908 1771 922 1809 :
974 1751 1118 1809 Beati
1146 1751 1290 1807 mites
1322 1759 1345 1797 ε
1369 1789 1385 1813 ,
1408 1746 1648 1819 quoniam
1678 1745 1777 1815 ipsi
1811 1740 2179 1798 lttcreditabunt

577 1857 764 1905 terram
810 1844 1025 1921 (blatth.
1048 1859 1081 1899 ν
1104 1885 1119 1910 ,
1149 1842 1231 1914 5).
1256 1841 1332 1897 De
1360 1839 1461 1894 hoc
1496 1839 1612 1908 ipso
1637 1846 1752 1892 cata
1787 1836 1986 1891 Lucam
2028 1851 2042 1888 :
2080 1832 2181 1900 Qui

577 1941 818 1998 minimus
855 1939 954 1993 erit
996 1933 1024 1974 ιι
1070 1937 1126 1990 in
1178 1932 1412 1991 omnibus
1459 1930 1600 1986 vobis
1623 1970 1640 1997 ,
1693 1929 1776 1983 hic
1823 1928 1916 1982 erit
1966 1942 2181 1998 magnus
2210 1943 2259 2006 Β
2286 1931 2600 2003 colaphizet,
2626 1941 2683 1987 ut
2706 1949 2810 1988 non
2838 1934 3077 1990 extollar.
3101 1933 3323 2005 Propter
3347 1937 3482 2006 quod
3505 1946 3581 1991 ter
3608 1935 3895 1992 Dominum
3980 1947 4007 1971 ’

579 2035 745 2110 (Luc.
760 2051 812 2091 Ix
831 2031 991 2105 ,48).
1010 2030 1143 2087 Item
1172 2030 1282 2085 illic
1312 2046 1327 2083 :
1362 2029 1465 2096 Qui
1493 2045 1547 2083 se
1571 2026 1771 2082 extollit
1806 2024 2174 2091 humiliabitur,

581 2137 633 2185 et
675 2127 765 2201 qui
806 2142 862 2182 se
904 2123 1245 2180 humiliaoerit
1294 2119 1602 2177 exultabitur
1656 2116 1849 2193 (Ibid.
1882 2133 2002 2185 xw,
2040 2117 2101 2172 11
2137 2114 2179 2187 ).

580 2220 661 2276 De
695 2217 802 2273 hoc
829 2216 946 2288 ipso
974 2215 1041 2271 ad
1073 2212 1347 2269 Romanos
1375 2230 1390 2267 :
1421 2210 1549 2265 Noli
1591 2210 1754 2264 altum
1782 2225 1966 2283 sapere
2001 2208 2016 2245 ί
2048 2249 2064 2276 ,
2092 2207 2183 2262 sed

585 2312 724 2367 time.
759 2309 824 2366 Si
843 2308 977 2364 enim
993 2306 1133 2362 Deus
1160 2305 1478 2360 naturalibus
1505 2305 1663 2359 ramis
1700 2318 1802 2358 non
1832 2303 2056 2374 pepercit
2081 2341 2097 2367 ,
2120 2317 2185 2356 ne

581 2402 714 2474 {orte
739 2418 831 2457 nec
856 2400 945 2456 tibi
972 2410 1149 2471 parcat
1201 2398 1392 2471 (Rom.
1428 2413 1488 2453 XI
1512 2440 1526 2464 ,
1555 2395 1627 2454 20
1657 2397 1698 2466 ).
1734 2396 1811 2452 De
1851 2394 1954 2450 hoc
1984 2395 2101 2465 ipso
2128 2395 2180 2450 in

581 2494 801 2552 Psalmo
827 2508 999 2550 xxxm
1032 2511 1046 2551 :
1077 2493 1143 2549 Et
1189 2494 1404 2549 humiles
1440 2492 1623 2562 spiritu
1667 2489 2075 2561 salvabitnltem
2116 2489 2183 2545 ad

582 2587 859 2645 Romanos
878 2606 891 2643 :
916 2587 1135 2643 Reddite
1156 2587 1387 2641 omnibus
1397 2601 1511 2657 quin
1524 2585 1765 2640 debentur
1780 2583 1793 2635 i
1810 2626 1825 2651 ,
1844 2585 1927 2638 cui
1938 2583 2183 2638 tributunt

585 2681 831 2737 tributum
859 2721 874 2747 ,
904 2680 988 2735 cui
1016 2680 1231 2752 vectigal
1259 2679 1474 2751 vectigal
1496 2720 1511 2744 ,
1544 2677 1628 2732 cui
1658 2677 1886 2731 timorem
1909 2676 2140 2731 timorem
2164 2717 2180 2743 ,

585 2777 670 2831 cui
695 2776 938 2832 honorem
968 2776 1232 2831 honorem.
1265 2772 1474 2829 Nemini
1502 2772 1770 2843 quicquam
1796 2770 2016 2825 debeatis
2040 2812 2055 2835 ,
2086 2770 2185 2824 nisi

584 2880 641 2925 ut
664 2869 880 2925 invicem
910 2868 1178 2941 diligatis(
1205 2867 1356 2923 Rom.
1390 2881 1484 2921 xm
1504 2908 1518 2932 ,
1548 2865 1639 2935 7).
1665 2863 1795 2919 ltem
1820 2863 1871 2917 in
1896 2861 2185 2933 Evangelio

585 2969 701 3015 cata
741 2959 1049 3015 Matthasum
1085 2978 1099 3014 :
1133 2957 1367 3031 Diligunt
1394 2957 1617 3028 primunt
1655 2954 1979 3011 recumbendi
2018 2953 2185 3008 locum

583 3053 638 3107 in
663 3053 814 3107 caenis
836 3048 885 3119 κ,
917 3060 964 3105 et
986 3051 1203 3123 primaut
1224 3050 1496 3106 sessionem
1521 3049 1574 3104 in
1594 3049 1888 3120 synagogis,
1918 3058 1965 3102 et
1989 3047 2183 3103 saluta-

584 3146 745 3201 tiones
778 3145 831 3199 itt
861 3148 975 3217 {oro
1005 3154 1054 3198 et
1080 3144 1252 3199 vocari
1281 3143 1345 3197 ab
1365 3142 1653 3198 hominibus
1678 3140 1841 3196 rabbi.
1879 3138 1980 3194 Vos
2019 3148 2185 3194 autent

585 3256 651 3296 ne
690 3241 986 3295 vocaveritis
1017 3238 1035 3276 1
1083 3239 1249 3293 rabbi.
1282 3237 1427 3300 Unus
1467 3247 1537 3291 est
1584 3236 1717 3292 enim
1756 3234 1894 3290 vobis
1946 3234 2187 3305 magister

2274 625 2427 680 uabit.
2468 624 2600 680 Item
2645 624 2754 680 illic
2787 643 2801 679 :
2834 620 3018 678 Multa:
3058 637 3311 695 pressum
3343 633 3372 674 ιι
3404 624 3690 692 iustorum,
3740 624 3833 680 sed
3861 634 3883 662 τ

2275 732 2339 771 ex
2384 716 2616 772 omnibus
2654 715 2759 771 illis
2801 715 3031 771 liberabit
3073 731 3160 772 eos
3189 713 3467 771 Dominus.
3527 715 3605 771 De
3634 715 3738 773 hoc
3766 717 3888 787 ipso

2275 808 2416 880 apud
2449 809 2552 866 Job
2590 827 2604 865 :
2647 808 2836 865 Nudus
2873 809 3005 865 exitu
3030 807 3094 864 de
3117 818 3261 865 utero
3296 810 3477 865 matris
3501 826 3627 866 mea:
3649 851 3664 877 ,
3716 812 3889 867 nudus

2277 901 2428 955 etiant
2464 901 2547 955 ibo
2571 911 2593 938 ε
2616 900 2707 956 sub
2747 909 2954 956 terram.
2981 898 3237 957 Dominus
3262 902 3441 974 dedit,
3483 902 3735 960 Dominus
3771 906 3892 962 abs.

2277 994 2412 1049 tulit.
2456 993 2601 1051 Sicut
2631 993 2853 1049 Domino
2882 994 3074 1065 placuit
3094 994 3115 1031 ί
3140 996 3211 1051 ita
3235 1000 3429 1067 factum
3455 1005 3549 1052 est.
3593 996 3675 1054 Sit
3704 1014 3891 1053 nomen

2278 1091 2489 1148 Domini
2518 1092 2834 1148 benedictum
2864 1100 2914 1145 ιι.
2954 1091 3025 1147 In
3064 1091 3143 1147 his
3166 1094 3399 1149 omnibus
3428 1109 3545 1166 quat
3568 1095 3890 1167 contigerunt

2280 1186 2328 1242 ei
2346 1196 2396 1255 ν,
2426 1186 2558 1242 nihil
2587 1186 2813 1254 peccavit
2844 1183 2945 1240 Job
2971 1184 3123 1241 labiis
3160 1186 3268 1242 suis
3294 1186 3350 1240 in
3379 1198 3651 1257 conspectu
3678 1185 3891 1242 Domini

2284 1278 2421 1350 (Job
2458 1295 2514 1347 ι,
2563 1278 2627 1335 2t
2666 1279 2706 1351 ).
2753 1279 2830 1334 De
2863 1277 2966 1333 hoc
3006 1277 3122 1348 ipso
3164 1280 3218 1333 in
3261 1278 3555 1350 Evangelia
3590 1288 3710 1335 cata
3750 1278 3887 1335 Mat-

2281 1371 2481 1428 tbmum
2504 1370 2681 1428 :Beati
2703 1371 2999 1443 plangentes
3027 1380 3075 1438 κ,
3104 1372 3345 1443 quoniam
3360 1372 3464 1443 ipsi
3487 1371 3893 1428 consolabuntur

2283 1466 2301 1535 (
2330 1465 2520 1522 Matth.
2549 1482 2583 1521 v
2604 1508 2619 1533 ,
2652 1464 2749 1538 4).
2778 1465 2911 1522 [tem
2927 1474 3045 1521 cata
3068 1464 3371 1522 Joannem:
3394 1465 3523 1521 Hinc
3545 1466 3744 1522 locutus
3771 1484 3887 1522 sunt

2280 1557 2419 1614 vobis
2436 1599 2453 1627 ,
2477 1567 2531 1611 ut
2557 1559 2706 1613 inme
2724 1574 2900 1629 pacem
2923 1558 3150 1614 habeatis
3168 1601 3183 1625 ,
3198 1559 3253 1613 in
3277 1559 3465 1615 sarculo
3483 1569 3655 1614 autem
3679 1576 3888 1631 pressu-

2281 1666 2433 1713 ramy
2449 1656 2715 1724 habebitis;
2726 1657 2815 1737 sed
2834 1658 2979 1728 ﬁdite
3000 1659 3294 1729 3,quoniam
3314 1675 3405 1731 ego
3424 1660 3521 1716 vici
3552 1660 3799 1717 mundum
3828 1670 3887 1699 ⁸³

2282 1746 2466 1822 (Joan.
2503 1763 2621 1817 xw,
2652 1749 2724 1806 55
2747 1746 2791 1822 ).
2819 1749 2894 1806 De
2918 1748 3022 1806 hoc
3042 1750 3161 1821 ipso
3182 1750 3249 1807 ad
3267 1749 3580 1809 Corinthios
3608 1753 3846 1810 secunda
3872 1772 3886 1808 :

2283 1838 2450 1895 Datus
2462 1848 2536 1896 est
2551 1840 2927 1905 mihistimulus
2938 1842 3106 1897 carnis
3118 1858 3244 1898 mea:
3254 1843 3793 1917 angelusSatante,qui
3810 1864 3896 1903 me

2282 2027 2455 2098 rogavi
2492 2036 2547 2080 ut
2585 2026 2862 2082 discederet
2899 2044 2932 2081 a
2976 2044 3086 2094 me,
3129 2038 3177 2083 et
3205 2028 3330 2083 dixit
3356 2029 3526 2084 mihi:
3552 2028 3752 2100 Sufﬁcit
3791 2031 3896 2085 tibi

2282 2119 2448 2189 gratia
2475 2134 2604 2173 utea.
2665 2117 2806 2173 Nam
2841 2119 3002 2174 virtus
3029 2120 3084 2174 in
3135 2120 3426 2189 inﬁrmitate
3472 2122 3733 2192 perﬁcitur
3781 2122 3804 2195 (
3835 2120 3887 2177 ll

2284 2208 2405 2266 Cor.
2436 2225 2544 2279 ιιι,
2578 2209 2731 2284 7-9).
2779 2211 2853 2268 De
2895 2210 3001 2268 hoc
3022 2211 3137 2284 ipso
3160 2212 3228 2269 ad
3258 2212 3531 2269 Romanos
3552 2212 3893 2269 :Gloriamur

2283 2304 2339 2359 in
2362 2321 2454 2376 spe
2471 2304 2718 2361 claritatis
2743 2303 2859 2372 Dei,
2879 2322 2985 2363 non
3010 2305 3179 2361 solum
3201 2315 3390 2372 autem,
3419 2306 3509 2361 sed
3534 2315 3580 2362 et
3605 2306 3893 2379 gloriantur

2284 2397 2339 2452 in
2363 2398 2612 2467 pressuris
2627 2439 2643 2465 ,
2664 2399 2875 2454 scientes
2895 2398 3137 2468 quoniam
3159 2415 3397 2471 pressura
3414 2399 3741 2455 tolerantiam
3762 2417 3889 2471 ope—

2284 2503 2429 2549 ratur
2455 2536 2469 2561 ,
2504 2492 2775 2549 tolerantia
2809 2503 2979 2549 autem
3018 2493 3407 2565 probationem,
3461 2492 3693 2564 probatio
3717 2504 3886 2551 autem

2284 2604 2447 2658 spem.
2503 2587 2635 2659 Spes
2671 2597 2837 2644 autem
2891 2604 2992 2643 non
3030 2587 3333 2660 confundit,
3365 2588 3486 2658 quia
3538 2586 3741 2643 dilectio
3790 2589 3887 2645 Dei

2283 2681 2457 2753 infusa
2474 2679 2535 2720 bb
2564 2690 2635 2737 est
2661 2683 2715 2737 in
2753 2681 2989 2737 cordibus
3021 2682 3207 2737 nostris
3248 2697 3338 2752 per
3374 2680 3631 2753 Spiritum
3656 2695 3887 2738 sanctum

2285 2773 2373 2844 qui
2395 2774 2543 2828 datus
2567 2784 2638 2829 est
2663 2774 2805 2829 nobis
2832 2774 2851 2847 (
2881 2774 3035 2830 Rom.
3074 2790 3130 2841 v,
3178 2772 3281 2829 2-5
3307 2776 3346 2845 ).
3384 2774 3461 2829 De
3492 2772 3596 2829 hoc
3622 2775 3738 2845 ipso
3767 2786 3887 2831 cata

2286 2864 2592 2921 MattltaL-um
2627 2885 2640 2922 :
2689 2866 2859 2935 Quam
2880 2868 2987 2923 lata
3004 2877 3051 2923 et
3069 2867 3295 2938 spatiosa
3313 2867 3398 2922 uia
3416 2877 3488 2923 est
3513 2883 3628 2938 quae
3653 2869 3788 2922 ducit
3815 2868 3887 2922 ad

2286 2960 2548 3015 interitum
2574 3002 2590 3027 ,
2621 2969 2669 3015 et
2697 2961 2844 3019 multi
2869 2971 2987 3015 stmt
3012 2971 3064 3000 οε
3096 2961 3183 3032 qui
3214 2961 3407 3015 intrant
3430 2976 3521 3031 per
3544 2961 3691 3015 eam!
3720 2960 3889 3029 Quam

2288 3063 2430 3107 arcta
2468 3062 2515 3107 et
2542 3064 2759 3125 angusta
2782 3054 2862 3109 uia
2889 3063 2960 3110 est
2988 3070 3101 3126 qua!
3143 3054 3283 3108 ducit
3325 3055 3394 3109 ad
3420 3054 3579 3108 vitam
3609 3096 3628 3123 ,
3662 3064 3709 3109 et
3738 3056 3887 3124 pauci

2290 3156 2405 3203 sunt
2423 3149 2509 3220 qui
2538 3165 2650 3203 eam
2675 3149 2935 3203 inveniunt
2961 3148 2981 3220 (
3011 3147 3199 3203 Matth.
3232 3162 3329 3215 vn,
3358 3148 3429 3204 15
3463 3149 3517 3220 )l
3544 3148 3618 3204 De
3644 3149 3746 3204 hoc
3774 3149 3890 3219 ipso

2292 3241 2344 3296 in
2371 3240 2579 3297 Tobia:
2624 3239 2723 3295 Ubi
2769 3249 2886 3296 sunt
2918 3241 3136 3312 justitia:
3185 3240 3337 3296 luat?
3386 3239 3517 3296 Ecce
3539 3256 3653 3311 qua:
3693 3241 3890 3311 pateris

587 3331 802 3405 (Matth.
820 3348 970 3396 χχιιι,
995 3330 1142 3400 6-8).
1177 3331 1308 3387 ltcm
1339 3330 1391 3384 in
1420 3328 1707 3399 Evangelio
1726 3338 1844 3385 cata
1870 3326 2131 3383 Joannem
2166 3342 2180 3379 :

2292 3330 2456 3405 (Tob.
2491 3349 2556 3400 ιι,
2587 3331 2659 3388 24
2685 3335 2728 3404 ).
2756 3333 2889 3389 Item
2917 3336 2970 3389 in
3019 3333 3293 3403 Sapientia
3336 3332 3668 3390 Salomonis:
3698 3331 3763 3387 In
3792 3333 3879 3387 lo-

589 3424 715 3481 Non
758 3436 831 3480 est
874 3441 1045 3480 servus
1091 3426 1258 3495 major
1307 3424 1514 3477 domino
1542 3439 1672 3489 suo,
1723 3438 1883 3493 neque
1924 3418 2187 3491 apostolus

588 3516 756 3587 major
780 3531 839 3570 eo
858 3516 947 3586 qui
972 3531 1025 3571 se
1051 3514 1207 3569 misit.
1248 3513 1375 3570 "th
1403 3515 1614 3570 scientes
1641 3514 1772 3569 beati
1798 3514 1938 3569 eritis
1959 3522 1998 3548 ω
2015 3554 2032 3579 ,
2061 3512 2105 3566 si
2128 3528 2187 3566 ea

589 3607 808 3680 feceritis
831 3605 1013 3679 (Joan.
1067 3622 1192 3673 xm,
1236 3605 1373 3679 16).
1428 3606 1560 3663 ltem
1615 3606 1668 3662 in
1711 3604 1926 3661 Psalmo
1972 3619 2188 3660 ant:

591 3698 856 3757 Humilem
894 3709 941 3756 et
979 3717 1254 3775 pauperem
1283 3701 1589 3774 justiﬁeate.

588 3849 704 3891 CAP.
742 3851 891 3893 VL—
905 3850 1071 3893 BONOS
1096 3850 1332 3903 QCOSQUE
1356 3844 1385 3873 ³³
1412 3853 1480 3893 E'l‘
1504 3849 1693 3893 JUS'I'OS
1716 3851 1849 3893 PLUS
1869 3851 2143 3893 LABOEARE
2169 3877 2185 3902 ,

771 3943 869 3985 εει)
895 3943 1178 3985 τοιιιιιλιιε
1215 3944 1422 3985 DEBERE
1448 3972 1463 3998 ,
1505 3944 1629 3995 QUIA
1668 3942 2003 3985 PROBAN'I'UR.

663 4066 817 4137 Apud
855 4066 1197 4122 Salomonem
1230 4083 1244 4121 :
1292 4065 1424 4121 Vasa
1476 4067 1622 4138 ﬁguli
1666 4067 1847 4138 probat
1878 4069 2100 4136 famam,
2141 4074 2189 4120 et

590 4157 818 4214 homines
832 4160 1004 4231 justus
1030 4157 1237 4213 tentatio
1258 4156 1327 4187 ³⁰⁶
1352 4157 1693 4211 tribulationis
1716 4156 1903 4228 (Eccli.
1922 4172 2091 4224 xxvn,
2107 4156 2184 4228 6).

586 4249 722 4307 Item
751 4249 803 4304 in
850 4249 1062 4305 Psalmo
1120 4266 1152 4305 ι.
1203 4266 1216 4302 :
1258 4248 1585 4317 Sacri/icium
1633 4247 1743 4303 Deo
1803 4249 2013 4319 spiritus
2060 4265 2188 4304 con-

591 4343 861 4400 tribulatus
884 4385 899 4411 ,
950 4360 1039 4399 cor
1084 4343 1360 4399 contritum
1407 4353 1453 4397 et
1515 4342 1838 4398 humiliatum
1890 4342 2030 4399 Deus
2092 4360 2196 4399 non

589 4439 831 4513 despiciet
867 4447 914 4495 ο.
956 4436 1089 4495 Item
1145 4440 1199 4496 in
1253 4436 1467 4494 Psalmo
1518 4452 1686 4493 xxxm
1729 4455 1743 4493 :
1802 4436 2083 4494 Proximus
2122 4449 2195 4494 est

2287 3427 2360 3481 cis
2386 3423 2445 3462 (ω
2471 3426 2745 3495 impiorum
2771 3437 2975 3498 gemunt
2988 3427 3143 3498 justi.
3170 3426 3240 3481 In
3265 3427 3465 3482 illorum
3492 3434 3658 3481 autem
3710 3426 3886 3497 perdi-

2287 3520 2475 3575 tionem
2497 3518 2825 3574 abundabunt
2850 3528 2905 3557 εε
2929 3520 3065 3592 justi
3096 3518 3282 3591 (Prov.
3314 3534 3496 3585 xum,
3516 3518 3635 3591 28).

2291 3693 2410 3736 cu.
2436 3694 2530 3734 vn.
2557 3709 2630 3721 —
2656 3692 2759 3736 nos
2784 3693 3227 3736 consmsrwnuu
3249 3691 3497 3734 spintrou
3527 3675 3547 3715 τ
3560 3674 3577 3716 ί
3612 3690 3887 3745 suerunt,

2845 3787 2989 3837 ρυειι
3015 3785 3330 3829 Αοοευιιιυε.

2366 3930 2562 3987 Paulus
2592 3940 2649 3980 σε
2678 3931 2957 4004 apostolus
2975 3932 3042 3989 ad
3065 3931 3366 4005 Ephesios:
3399 3931 3576 3988 Nolite
3596 3934 3898 3989 contristare

2293 4027 2547 4100 Spiritum
2588 4038 2821 4085 sanctum
2867 4029 2997 4097 Dei,
3043 4031 3098 4085 in
3121 4047 3221 4102 quo
3261 4031 3447 4103 signati
3475 4029 3595 4085 estis
3620 4028 3673 4082 in
3710 4027 3793 4081 die
3836 4024 3893 4062 δι’

2290 4124 2670 4198 redemptionis.
2716 4126 2895 4181 Omnis
2940 4126 3229 4180 amaritudo
3258 4135 3304 4181 et
3330 4126 3409 4180 ira
3450 4133 3499 4179 et
3536 4122 3822 4195 indignatio
3849 4132 3898 4175 et

2292 4218 2487 4273 clamor
2517 4229 2576 4276 'et
2598 4220 2912 4292 blasphemia
2945 4218 2992 4258 ίί
3026 4219 3327 4291 auferantur
3348 4236 3382 4274 a
3404 4218 3542 4274 vobis
3562 4217 3582 4290 (
3603 4215 3796 4289 Ephes.
3823 4230 3895 4281 tv,

2297 4310 2368 4368 δυ
2397 4313 2435 4383 ).

1834 4573 2213 4636 LECTIONES
2251 4577 2661 4640 VARIANTES.

655 4693 683 4724 ⁸
702 4693 971 4746 Extollitur
998 4691 1124 4744 Bod.
1150 4691 1198 4742 2.

651 4753 895 4809 1’Peribil.
931 4758 1064 4807 Lam.
1110 4753 1214 4807 Litt.
1265 4754 1389 4806 Cott.
1435 4754 1545 4807 ΝΟ.
1589 4754 1636 4804 1.
1661 4751 1930 4817 Bod.1,2,
1955 4754 2002 4804 4.
2059 4751 2184 4805 Tim.

591 4819 873 4957 οθξῡξεβςεξ
885 4882 1028 4934 συνθ-

655 4946 684 4985 ιι
708 4945 825 4996 Mihi
843 4947 1038 4997 domum
1063 4946 1193 4997 Lam.
1221 4944 1331 4995 ΝΟ.
1361 4943 1409 4993 1.
1436 4942 1561 4994 Bod.
1590 4942 1638 4992 2.
1667 4939 1809 4994 Corb.

655 5015 680 5073 εξ
705 5007 869 5073 §upcr
890 5021 1040 5071 quem
1062 5009 1310 5073 aspiciam,
1334 5008 1427 5056 nisi
1453 5006 1579 5057 Bod.
1602 5006 1650 5056 2.

655 5068 678 5108 ί
704 5068 1047 5122 Ειίἰηιριηοιιι
1073 5068 1201 5121 non.
1226 5072 1276 5119 5.

653 5136 681 5178 8
701 5132 897 5184 Felices
920 5135 1085 5190 mites,
1138 5132 1265 5183 Bod.
1291 5130 1339 5180 4.
1368 5129 1493 5181 Tlttt.

648 5193 680 5236 h
700 5196 930 5248 Minimus
949 5195 1103 5247 fuerit
1137 5194 1264 5247 Bod.
1290 5195 1340 5244 5.

657 5262 673 5300 ί
702 5259 871 5311 Altum
894 5260 1147 5311 resuicere
1175 5257 1300 5309 Bod.
1319 5258 1371 5308 5.

654 5324 670 5375 ἱ
704 5322 945 5374 Omnibus
964 5320 1130 5372 debita
1157 5320 1282 5372 Bod.
1308 5320 1357 5370 1.

650 5387 680 5425 ιι
704 5385 759 5436 In
782 5385 1088 5436 comestione
1112 5383 1241 5436 Bod.
1264 5384 1315 5433 5.

655 5448 675 5489 ὶ
698 5447 863 5501 Nolite
882 5449 1042 5500 vocari
1082 5447 1187 5500 Litt.
1212 5447 1290 5500 Ne
1313 5445 1552 5498 vocemini
1576 5443 1686 5499 ΝΟ.
1709 5442 1758 5495 2.
1784 5443 1956 5498 Vocati
1974 5441 2187 5505 fueritis,

590 5510 734 5562 Corb.

649 5576 689 5604 ¹¹³
714 5573 911 5625 Felices
934 5574 1073 5625 eritis
1096 5573 1227 5636 Bod,
1246 5574 1296 5625 1.
1326 5572 1376 5624 4.

651 5639 680 5668 η
701 5637 865 5687 Bonos
886 5649 1086 5700 quoque
1114 5635 1247 5700 ΔΒοα.
1271 5638 1318 5695 1,
1344 5636 1394 5686 2.
1421 5637 1469 5700 4.

654 5694 930 5762 °Despicit
953 5694 1151 5750 Bod.2.
1177 5694 1380 5762 Spernit
1419 5696 1525 5750 Lin.
1572 5696 1753 5751 NC.2.
1780 5697 1907 5751 Bod.
1953 5696 2002 5748 5.
2059 5694 2185 5749 Thu.

593 5760 1055 5884 cohbéontrilgulatis
1070 5822 1224 5884 corde
1247 5821 1374 5873 Bod.
1399 5823 1448 5884 1,
1471 5824 1521 5882 2,
1537 5824 1587 5884 5,
1612 5823 1661 5871 4.
1692 5821 1817 5884 Thu.
1838 5821 1980 5873 Corb.
2005 5822 2124 5873 Cott.

602 5940 639 5986 (τ
641 5880 861 5988 (331nm
885 5881 1084 5942 ﬂagella
1121 5883 1246 5930 Bod.
1294 5884 1344 5932 5.
1387 5880 1942 5935 ὶιὶιιιὲεύἰιιιιιειιὶοιιθε
1984 5884 2094 5935 NC.
2138 5884 2187 5934 2.

2208 4702 2263 4762 D

2358 4697 2380 4725 "
2401 4696 2464 4747 Et
2487 4712 2550 4749 ex
2574 4698 2821 4754 omnibus.
2847 4696 2993 4750 Corb.

2359 4763 2382 4822 ξ*
2408 4760 2496 4810 Ibo
2519 4761 2569 4809 in
2591 4770 2774 4812 terram
2800 4761 2926 4813 Bod.
2955 4762 3005 4822 1,
3031 4760 3079 4813 4.
3112 4759 3239 4811 Thu.
3268 4759 3391 4812 Coll.

2357 4820 2376 4886 Ξ
2407 4822 2616 4886 Domino
2643 4824 2802 4874 visum
2822 4833 2901 4875 est
2920 4820 3054 4875 Lam.
3082 4822 3212 4877 Bod.
3250 4823 3300 4886 1,
3320 4822 3370 4885 2,
3393 4823 3441 4874 4.
3485 4822 3591 4874 Litt.
3617 4824 3664 4876 Ν
3670 4821 3708 4870 C
3717 4858 3729 4870 .
3778 4821 3826 4880 Ι,
3850 4820 3901 4869 2.

2299 4883 2426 4935 Thu.
2456 4885 2598 4938 Corb.
2626 4886 2749 4938 Cott.

2352 4949 2382 4978 ιι
2406 4948 2730 4999 Benedictum
2763 4949 2816 4998 in
2836 4948 3016 5000 saecula
3041 4951 3175 5000 Laut.
3198 4949 3308 5002 ΝΟ.
3339 4950 3385 4999 1.
3415 4947 3539 5000 Bod.
3564 4947 3613 4997 2.

2353 5012 2382 5075 Τ
2406 5009 2757 5075 ροιιιίεεινιιιιι,
2785 5011 2915 5075 nihil
2934 5012 3061 5075 Bod.
3087 5013 3136 5061 2.

2352 5073 2381 5103 κ
2405 5070 2601 5124 ΕθΙίοὲδ
2623 5070 2751 5126 Bod.
2774 5073 2824 5138 4.
2856 5073 2979 5126 Thu.
3006 5074 3264 5138 Lugentes
3288 5072 3564 5134 Bod.1.Qui
3584 5071 3761 5135 lugent
3775 5070 3902 5121 Cott.

2451 5142 2596 5187 entes
2620 5151 2752 5188 nunc
2774 5137 2911 5187 Lam.
2936 5138 3049 5190 ΝΟ.
3068 5137 3114 5188 1.

2289 5134 3115 5263 P'i"§?2§$.2§.“§¢5‘“¥'tfﬁii;
3142 5202 3190 5263 1,
3211 5202 3261 5263 5,
3286 5201 3335 5251 4.

2353 5261 2378 5289 ε
2404 5258 2643 5314 Conﬁdite
2669 5261 2797 5313 Bod.
2836 5264 2881 5323 1,
2907 5265 2958 5314 5.

2353 5324 2417 5425 ἓξ
2440 5322 2800 5440 magiam?
2828 5322 2954 5377 Bod.
2980 5327 3025 5388 ι,
3049 5325 3255 5393 4.,ΤΙιιι.
3285 5325 3430 5378 Corb.

2356 5453 2413 5517 cf
2442 5449 2700 5504 Introeunt
2742 5451 2876 5503 Lam.
2922 5451 3027 5504 Litt.
3074 5452 3332 5517 NC.1,2.
3373 5450 3499 5506 Bod.
3539 5452 3583 5515 1,
3614 5452 3665 5502 2.
3690 5449 3740 5502 4.
3773 5448 3902 5501 Tha.

2292 5513 2435 5565 Corb.

2358 5575 2420 5616 dd
2443 5574 2501 5625 In
2521 5576 2631 5627 loco
2660 5577 2790 5631 Bod.
2813 5579 2865 5628 2.

2359 5631 2417 5708 ff
2444 5637 2729 5708 [’erditione
2754 5641 3009 5708 ululabunt
3034 5644 3155 5708 Gott,
3175 5643 3506 5708 perditionem
3529 5643 3693 5707 Impr.

2360 5698 2383 5739 ἲ
2395 5700 2414 5740 ἲ
2442 5700 2743 5753 Contristare
2769 5706 2903 5755 Lam.
2933 5704 3036 5755 Lin.
3063 5708 3112 5758 Ν
3119 5698 3245 5757 ϐ.’1.

2360 5767 2419 5829 βξ
2446 5763 2700 5829 Paulusad
2724 5768 2882 5829 Oxon.
2911 5766 3053 5820 Corb.
3081 5770 3215 5821 Lam.
3245 5767 3605 5829 Lin.NC.1,2.
3632 5766 3759 5820 Bod.
3777 5765 3827 5827 ε,
3851 5766 3903 5815 3.

2358 5826 2423 5893 ξιξι
2446 5826 2501 5893 In
2521 5828 2656 5893 diem
2682 5827 2797 5893 Thu.
2825 5831 2967 5881 Corb.
2997 5833 3132 5882 Lam.
3161 5830 3265 5884 Litt.
3291 5835 3340 5883 Ν
3348 5833 3400 5882 C.
3429 5835 3476 5893 1,
3500 5826 3550 5882 2.
3578 5830 3701 5882 Bod.
3726 5831 3776 5879 2.

2362 5890 2410 5930 ii
2439 5889 2704 5944 Auferatur
2732 5891 2855 5946 Tlttt.
2886 5894 3029 5952 Corb.
3045 5893 3091 5950 Α
3113 5896 3268 5960 vobis,
3286 5909 3399 5952 cum
3419 5887 3553 5949 omni
3575 5893 3759 5948 malitia
3787 5887 3903 5942 Vir-

2299 5952 2422 6003 Cott.
