4214 6266
314 285 422 342 757

1490 275 2051 338 TESTIMONIORUM
2091 276 2298 334 LIBER
2341 276 2429 333 Ill.

3513 276 3623 337 758

385 409 510 453 car.
555 407 668 450 vui.
716 422 787 433 —
812 406 1134 451 IRACUNDIMI
1161 408 1464 451 rtucsunu
1485 409 1722 464 esss,ue
1739 409 1909 451 οοωτ
1939 393 1986 454 Α
2016 396 2237 448 donosor
2281 408 2300 448 :
2347 391 2462 448 Rex
2489 431 2506 459 ,
2548 408 2650 447 non
2701 407 2830 462 opus
2893 402 2966 448 est
3008 393 3152 449 nobis
3216 393 3281 448 de
3342 393 3437 447 hoc
3475 395 3626 450 verba

942 502 1274 551 DELINQUERE
1285 525 1298 538 ι

387 603 543 675 Apud
566 603 931 670 Salomonem,
953 603 1007 658 in
1038 603 1342 660 Proverbiis
1369 621 1385 659 :
1417 602 1604 659 Melior
1628 613 1700 659 est
1729 603 1805 656 vir
1830 621 1921 673 pa-

315 699 444 754 tiens
489 697 630 769 forti.
663 697 765 764 Qui
793 698 928 752 enim
947 697 1269 752 iracundiam
1310 698 1530 752 continet
1559 705 1604 764 ⁸,
1641 697 1820 750 melior
1849 705 1922 751 est

316 808 470 860 quam
495 791 582 859 qui
609 789 784 844 urbem
813 790 949 861 capit
978 788 999 863 (
1023 789 1180 846 Prov.
1221 806 1304 846 xw
1322 833 1336 856 ,
1383 789 1454 847 52
1486 787 1526 861 ).
1562 790 1692 845 Item
1721 788 1746 826 ι)
1775 788 1916 844 illic:

314 887 626 958 Imprudens
653 883 831 939 eadem
865 885 948 939 die
973 886 1201 940 enuntiat
1245 885 1376 938 iram
1415 900 1562 938 suam
1593 925 1610 948 ,
1658 883 1921 938 abscondit

313 987 484 1032 autem
549 975 990 1031 inhonorationem
1033 993 1180 1032 suam
1205 987 1402 1032 astutus
1428 977 1447 1048 (
1478 975 1614 1031 Ibid.
1647 993 1746 1044 xu,
1777 977 1844 1032 16
1877 977 1918 1047 ).

313 1073 391 1129 De
447 1073 548 1126 hoc
591 1071 706 1141 ipso
740 1082 761 1109 ε
818 1069 885 1125 ad
923 1070 1184 1141 Ephesios
1217 1087 1237 1127 :
1280 1070 1575 1127 lrascimini
1598 1113 1612 1137 ,
1673 1083 1719 1128 et
1767 1075 1922 1129 nolite

315 1182 521 1237 peccare
535 1162 584 1217 ἀ.
615 1164 711 1221 Sol
749 1181 851 1219 non
893 1165 1090 1219 occidat
1141 1181 1294 1236 super
1332 1165 1653 1220 iracundiam
1676 1175 1914 1222 vestram.

316 1260 333 1330 (
364 1259 556 1330 Ephes.
587 1275 658 1323 tv,
684 1258 754 1314 26
783 1257 825 1329 ).
851 1257 983 1314 ltem
1009 1259 1061 1314 in
1091 1259 1382 1332 Evangelio
1407 1269 1526 1316 cata
1567 1259 1876 1316 Matthaeum
1902 1279 1917 1318 :

315 1353 543 1406 Audistis
589 1352 709 1423 quia
737 1349 928 1405 dictum
954 1361 1029 1406 est
1058 1361 1080 1388 θ
1112 1353 1352 1425 antiquis,
1388 1351 1510 1408 Non
1539 1353 1734 1408 occides
1762 1371 1782 1421 ;
1832 1355 1920 1426 qui

314 1455 482 1500 autem
506 1443 780 1511 occiderit,
809 1460 924 1499 reus
944 1445 1039 1498 erit
1058 1444 1279 1516 judicio.
1312 1443 1425 1517 Ego
1446 1454 1611 1499 autem
1637 1445 1750 1499 dico
1775 1446 1916 1501 vobis

314 1538 435 1608 quia
463 1538 628 1592 omnis
653 1536 738 1607 qui
765 1537 1004 1591 irascitur
1034 1536 1186 1607 fratri
1213 1553 1306 1592 suo
1331 1539 1440 1594 sine
1464 1540 1618 1593 causa
1636 1579 1653 1607 ,
1678 1555 1795 1594 reus
1824 1539 1920 1594 erit

305 1630 504 1703 judicio
525 1629 545 1704 (
568 1628 758 1686 Matth.
786 1646 840 1698 γ,
870 1629 933 1686 21
970 1629 1010 1702 ).

377 1783 496 1824 CAP.
519 1783 594 1823 II.
616 1797 690 1809 -—
717 1781 934 1824 INVICEII
961 1781 1023 1824 SE
1047 1784 1286 1827 FRATRES
1314 1783 1605 1826 SUSTINERE
1634 1785 1864 1826 DEBERE.

385 1883 467 1938 Ad
499 1881 518 1922 ί
551 1883 766 1940 Galatas
802 1899 816 1936 :
860 1882 929 1938 In
967 1883 1391 1955 contemplatione
1418 1893 1444 1932 κ
1473 1884 1710 1939 habentes
1753 1901 1914 1940 unus-

312 1978 523 2050 quisque
548 2019 564 2046 ,
596 1994 660 2032 ne
685 1987 732 2032 et
758 1993 847 2032 vos
875 1969 1155 2034 tentemini.
1189 1977 1504 2031 Alterutrum
1530 1975 1558 2014 ¹ι
1581 1993 1738 2032 onera
1756 1977 1916 2032 susti-

312 2081 425 2125 nete
453 2110 470 2138 ,
498 2079 544 2124 et
568 2071 640 2124 sic
669 2070 1010 2141 adimplebitis
1039 2069 1199 2141 legem
1225 2069 1415 2124 Christi
1445 2068 1464 2141 (
1495 2067 1612 2124 Gal.
1635 2084 1710 2137 vr,
1740 2069 1766 2124 1
1800 2065 1844 2140 ).

313 2222 434 2264 car.
468 2224 526 2264 χ.
579 2239 649 2249 -
693 2224 746 2264 ια
769 2223 914 2264 neunt
937 2221 1108 2264 somn
1142 2205 1152 2244 ί
1191 2222 1460 2264 rioeunuu
1488 2223 1554 2262 er
1579 2223 1631 2263 IN
1654 2220 1768 2264 IPSO
1793 2222 1918 2265 cto-

888 2319 1128 2360 RIANDUI
1169 2317 1317 2360 ESSE.

388 2444 548 2516 Apud
595 2445 922 2502 Hieremiam
966 2463 979 2499 :
1035 2445 1160 2502 Non
1211 2447 1458 2518 glorietur
1501 2448 1705 2517 sapiens
1755 2447 1807 2502 in
1836 2465 1919 2503 sa-

320 2537 510 2605 pientia
539 2556 632 2592 sua
660 2580 675 2604 ,
708 2555 868 2609 neque
896 2539 1142 2609 glorietur
1185 2538 1330 2608 fortis
1360 2540 1412 2592 in
1442 2539 1746 2610 fortitudine
1785 2557 1879 2594 sua
1901 2581 1916 2606 ,

320 2648 476 2702 neque
503 2633 748 2702 glorietur
778 2632 917 2686 dives
955 2633 1010 2684 in
1051 2631 1243 2685 divitiis
1289 2633 1393 2685 suis
1424 2672 1438 2695 ,
1472 2631 1561 2684 sed
1590 2631 1640 2684 in
1668 2632 1762 2684 hoc
1803 2631 1918 2701 glo-

320 2726 478 2780 rietur
503 2733 588 2796 qui
614 2726 864 2796 gloriatur
893 2728 940 2790 1,
971 2725 1253 2796 intelligere
1279 2733 1325 2779 el
1349 2742 1496 2779 nosse
1519 2725 1542 2760 ¹ί
1560 2725 1800 2794 quoniam
1829 2741 1922 2795 ego

320 2826 432 2863 sum
458 2809 705 2865 Dominus
735 2852 751 2877 ,
783 2810 866 2880 qui
893 2810 1027 2881 facio
1056 2810 1458 2865 misericordiam
1486 2819 1531 2862 et
1566 2809 1825 2879 judicium
1874 2819 1923 2862 et

313 2904 569 2976 justitiam
613 2921 769 2975 super
813 2914 1040 2970 terram,
1091 2905 1331 2974 quoniam
1373 2905 1426 2957 in
1470 2905 1548 2957 his
1588 2911 1661 2957 est
1690 2903 1923 2957 voluntas

325 3013 439 3050 mea
463 3037 477 3059 ,
519 2996 642 3050 dicit
671 2995 920 3051 Dominus
977 2995 996 3068 (
1021 2994 1169 3050 Hier.
1199 3011 1279 3061 Ix,
1308 2995 1380 3049 22
1412 2992 1453 3065 ).
1496 2995 1570 3048 De
1599 2993 1698 3049 hoc
1727 2994 1842 3065 ipso
1869 2994 1922 3050 in

323 3088 538 3144 Psalmo
576 3106 700 3146 Ltv:
734 3089 804 3144 In
837 3090 1056 3144 Domino
1087 3091 1316 3161 speravi,
1350 3107 1450 3144 non
1478 3088 1659 3143 timebo
1686 3089 1807 3158 quid
1841 3092 1920 3159 fa—

2025 486 2327 558 respondere
2357 495 2385 535 q
2412 484 2536 564 tibi.
2555 485 2650 540 Est
2691 485 2824 542 enim
2871 484 3044 554 Deus,
3075 487 3157 541 cui
3206 503 3296 541 nos
3336 488 3624 556 servimus,

2024 589 2200 647 potens
2224 579 2420 650 eripere
2449 593 2540 632 nos
2570 578 2634 632 de
2658 578 2858 632 camino
2884 577 3016 650 ignis
3039 577 3300 644 ardentis;
3344 587 3389 632 et
3415 578 3478 630 de
3506 594 3619 631 ma-

2025 670 2170 725 nibus
2201 671 2299 726 tuis
2326 711 2341 736 ,
2378 687 2470 726 rex
2497 712 2512 738 ,
2545 669 2774 725 liberabit
2798 687 2909 724 nos.
2958 669 3027 723 Et
3056 671 3098 724 si
3130 686 3261 735 non,
3291 678 3469 724 notum
3498 670 3562 724 sit
3601 679 3624 707 ι·

2027 762 2118 816 tibi
2145 763 2266 833 quia
2313 763 2412 817 diis
2459 763 2558 817 tuis
2592 779 2693 817 non
2720 764 2964 817 servimus
2983 803 2999 828 ,
3026 772 3073 816 et
3103 763 3374 834 imaginem
3421 777 3630 816 auream

2023 871 2175 926 quam
2201 856 2420 910 statuisti
2446 872 2548 910 non
2577 856 2854 911 adoramus
2883 867 2904 892 ⁸
2936 854 3099 926 (Dan.
3126 870 3184 911 ιιι
3203 896 3218 921 ,
3251 854 3468 927 16-18).
3496 854 3626 911 Ilem

2023 947 2163 1018 apud
2204 948 2526 1004 Hieremiam
2557 967 2570 1003 :
2603 948 2913 1004 Maledictus
2951 948 3102 1003 homo
3149 949 3236 1021 qui
3283 965 3425 1021 spem
3475 947 3628 1004 habet

2022 1041 2077 1095 in
2115 1041 2355 1109 homine;
2385 1051 2432 1096 et
2471 1043 2760 1098 benedictus
2797 1043 2947 1098 homo
2985 1044 3072 1116 qui
3099 1043 3216 1112 ﬁdit
3266 1045 3319 1097 in
3358 1041 3582 1098 Domino
3610 1082 3626 1109 ,

2023 1142 2069 1188 et
2093 1136 2183 1189 erit
2211 1136 2263 1190 in
2292 1135 2398 1191 Deo
2417 1154 2534 1207 spes
2562 1137 2711 1210 ejus(
2740 1137 2889 1193 Hier.
2919 1153 3048 1204 xvu,
3077 1138 3168 1210 5).
3197 1138 3274 1195 De
3304 1137 3408 1195 hoc
3429 1139 3548 1210 ipso
3575 1139 3628 1195 iu

2023 1226 2442 1287 Deuleronomio
2472 1249 2484 1285 :
2515 1231 2796 1286 Dominum
2846 1230 3014 1287 Deum
3054 1242 3197 1287 tuum
3236 1233 3475 1288 adorabis
3504 1273 3521 1300 ,
3581 1242 3629 1288 et

2019 1322 2098 1377 illi
2136 1325 2233 1380 soli
2271 1327 2457 1380 servies
2484 1324 2676 1396 (Deut.
2715 1342 2804 1402 vt,
2839 1328 2907 1382 15
2934 1325 2976 1399 ).
3013 1327 3090 1383 De
3124 1326 3228 1384 hoc
3273 1326 3391 1398 ipso
3423 1326 3490 1383 ad
3521 1327 3630 1383 Ro-

2022 1430 2251 1472 manos:
2283 1417 2350 1471 Et
2400 1418 2665 1474 coluerunt
2709 1429 2755 1474 et
2798 1421 3076 1475 servierunt
3121 1430 3404 1489 creaturaz,
3453 1422 3631 1476 relicto

2028 1508 2270 1566 Creatore
2305 1512 2352 1564 ί.
2385 1511 2608 1582 Pr0pter
2651 1513 2787 1583 quod
2826 1522 2872 1567 et
2900 1513 3108 1567 tradidit
3132 1513 3250 1568 illos
3270 1512 3408 1568 Deus
3432 1514 3484 1568 in
3508 1531 3632 1586 pas-

2025 1603 2190 1658 siones
2230 1603 2524 1675 ignominia:
2563 1606 2582 1675 (
2616 1603 2772 1658 Rom.
2813 1621 2861 1669 ι,
2891 1604 2962 1661 25
3007 1605 3046 1676 ).
3084 1605 3162 1661 De
3202 1605 3306 1662 hoc
3342 1605 3459 1676 ipso
3492 1605 3634 1677 apud

2021 1693 2285 1753 Joannem
2319 1714 2332 1750 :
2367 1696 2542 1769 Major
2567 1708 2640 1752 est
2665 1699 2752 1768 qui
2779 1697 2833 1752 in
2855 1696 2994 1753 vobis
3039 1707 3113 1753 est
3153 1715 3307 1770 quam
3335 1699 3424 1771 qui
3449 1699 3505 1754 in
3531 1698 3627 1755 hoc

1947 1799 1997 1860 Β
2022 1790 2213 1844 mundo
2241 1789 2308 1862 (Ι
2335 1789 2494 1845 Joan.
2525 1806 2610 1857 tv,
2642 1791 2738 1863 4).

2020 1939 2139 1981 CAP.
2173 1940 2246 1979 Χῐ.
2271 1955 2342 1966 ·-·-
2368 1941 2475 1981 EUII
2504 1940 2593 1989 QUI
2640 1940 2800 1982 FIDE!
2851 1940 3182 1983 CONSECUTUS
3227 1943 3346 1994 EST,
3379 1942 3633 1984 EXPOSI’I'O

2093 2033 2284 2074 PRIORE
2317 2027 2343 2055 υ
2374 2034 2606 2087 ΠΟΗΙΝΕ,
2647 2034 2927 2076 οαειεετιΑ
2971 2036 3191 2076 TANTUM
3223 2036 3291 2076 ET
3336 2035 3632 2077 εΡιιιιτΑιιΑ

2094 2127 2352 2168 COGITARE
2406 2129 2636 2181 DEBERE,
2702 2128 2804 2169 NEC
2845 2128 3168 2169 ATTENDERE
3222 2129 3291 2169 AD
3348 2128 3629 2184 SECULUM,

2095 2221 2182 2262 CUI
2210 2223 2308 2262 1AM
2330 2221 2712 2263 BENUNTIAVIT.

2093 2344 2250 2415 Apud
2279 2345 2494 2401 Esaiam
2530 2363 2543 2400 :
2575 2344 2800 2412 Quwrite
2821 2343 3138 2412 Dominum;
3160 2356 3206 2402 et
3231 2363 3348 2402 cum
3375 2347 3628 2402 inveneri-

2024 2439 2355 2505 tis,invocate
2373 2455 2512 2494 eum.
2560 2437 2688 2493 Cum
2729 2448 2900 2493 autem
2941 2439 3423 2510 appropinquaverit
3467 2439 3628 2504 vobis,

2024 2532 2276 2604 relinquat
2301 2533 2492 2604 impius
2534 2533 2643 2587 vias
2677 2549 2818 2598 suas,
2849 2542 2896 2587 et
2929 2533 3004 2586 vir
3030 2533 3350 2604 facinorosus
3377 2542 3404 2570 ν
3442 2532 3634 2604 cogita-

2027 2626 2188 2680 tiones
2207 2643 2346 2690 suas,
2374 2636 2421 2680 et
2449 2635 2772 2682 convertatur
2811 2627 2880 2680 ad
2918 2625 3218 2693 Dominum,
3267 2635 3315 2681 et
3344 2626 3636 2681 misericor-

2027 2717 2164 2771 diam
2203 2728 2558 2789 consequetur,
2601 2719 2724 2788 quia
2762 2718 2818 2772 in
2865 2719 3083 2773 multum
3114 2729 3139 2755 ι
3191 2720 3405 2774 remittet
3428 2727 3636 2790 peccata

2027 2819 2191 2864 vestra
2217 2809 2353 2881 (Isa.
2407 2826 2493 2877 ιν,
2525 2810 2602 2882 6).
2630 2811 2707 2866 De
2745 2809 2850 2865 hoc
2902 2810 3020 2880 ipso
3064 2812 3204 2882 apud
3249 2810 3632 2868 Salomonem:

2043 2900 2161 2954 Vidi
2192 2902 2426 2956 universa
2470 2919 2626 2974 opera
2672 2918 2786 2974 qua:
2831 2907 2969 2974 facta
3006 2913 3123 2958 sunt
3154 2903 3245 2959 sub
3274 2907 3400 2973 sole,
3433 2915 3479 2960 et
3523 2921 3638 2961 ecce

2031 2997 2203 3051 omnia
2248 2997 2448 3052 vanitas
2480 2996 2679 3068 (Eccle.
2709 3013 2747 3064 l,
2791 2994 2906 3068 14).
2938 2995 3014 3050 De
3039 2995 3142 3052 hoc
3166 2998 3280 3068 ipso
3310 2998 3363 3053 in
3394 2998 3586 3055 Exodo
3618 3017 3634 3053 :

2033 3088 2123 3144 Sic
2154 3099 2325 3143 autem
2363 3089 2635 3144 comedetis
2686 3106 2821 3144 eum.
2854 3089 3037 3143 Lumbi
3093 3091 3244 3144 vestri
3273 3091 3550 3157 prwcint‘ti,
3590 3098 3639 3146 et

325 3182 430 3236 ciat
457 3183 581 3236 mihi
606 3183 774 3237 homo.
810 3184 940 3238 Item
973 3181 1082 3238 illic
1114 3197 1133 3236 :
1162 3181 1285 3236 Non
1311 3182 1409 3236 nisi
1435 3182 1530 3236 soli
1560 3179 1671 3236 Deo
1701 3180 1924 3250 subjecta
1951 3203 1996 3266 ρ
2031 3184 2362 3238 calciamenta
2391 3193 2420 3232 θ’
2448 3194 2610 3238 vestra
2658 3185 2710 3237 in
2762 3183 2972 3256 pedibus
3005 3184 3202 3249 vestris,
3235 3193 3283 3238 et
3313 3185 3493 3240 bacula
3528 3201 3640 3240 ves-

323 3285 395 3330 est
430 3273 445 3312 1
472 3276 644 3329 anima
672 3292 803 3330 mea.
833 3275 966 3331 Item
994 3277 1045 3330 in
1074 3274 1294 3331 Psalmo
1345 3291 1488 3332 cxvn
1522 3295 1534 3330 :
1563 3273 1682 3329 Non
1707 3285 1927 3330 metuam

322 3367 442 3438 quid
471 3369 626 3440 faciat
649 3369 773 3422 mihi
802 3368 974 3436 homo,
1007 3367 1258 3422 Dominus
1296 3367 1422 3421 mihi
1461 3367 1739 3422 auxiliator
1761 3377 1799 3403 ιη
1831 3375 1923 3422 est.

323 3462 453 3518 Item
495 3462 607 3519 illic
663 3463 730 3495 ⁸⁰⁷
783 3483 796 3519 :
849 3463 1050 3518 Bonum
1104 3471 1176 3518 est
1227 3462 1483 3531 confidere
1537 3463 1592 3515 in
1645 3459 1868 3516 Domino
1898 3469 1925 3496 η

322 3572 474 3625 quam
509 3557 664 3626 ﬁdere
693 3556 744 3610 in
783 3564 806 3592 ο
839 3553 1061 3610 homine.
1111 3553 1313 3608 Bonum
1352 3563 1424 3608 est
1470 3570 1675 3624 sperare
1711 3554 1765 3608 in
1817 3551 1926 3608 Do-

324 3647 515 3701 minum
553 3665 706 3718 quam
741 3664 944 3718 sperare
981 3649 1034 3702 in
1083 3647 1391 3718 principibus
1440 3658 1489 3703 Ρ.
1536 3648 1611 3704 De
1661 3647 1764 3703 hoc
1812 3648 1928 3718 ipso

323 3740 465 3811 apud
540 3741 814 3798 Danielem
892 3760 905 3797 :
973 3739 1364 3811 Responderunt
1443 3751 1610 3796 autem
1676 3740 1864 3796 Sidrac
1909 3779 1926 3805 ,

327 3835 491 3894 illisae
547 3845 596 3892 et
665 3835 939 3907 Abdenago
965 3876 980 3901 ,
1049 3843 1095 3888 et
1165 3833 1403 3888 dixerunt
1458 3835 1567 3906 regi
1643 3832 1928 3889 Nabucho-

2031 3286 2111 3330 tra
2139 3277 2192 3330 in
2223 3275 2455 3330 manibus
2475 3277 2672 3340 vestris.
2704 3285 2749 3330 et
2767 3276 2922 3330 cdetis
2947 3293 3060 3330 eum
3089 3277 3409 3348 festinanter.
3431 3277 3640 3334 Pascha

2031 3375 2102 3422 est
2148 3369 2285 3422 enim
2339 3365 2549 3422 Domini
2579 3377 2601 3403 ι
2635 3366 2834 3440 (Exod.
2865 3383 2960 3433 xu,
2989 3366 3100 3439 11).
3145 3367 3221 3423 De
3268 3367 3372 3425 hoc
3421 3370 3538 3440 ipso
3582 3371 3639 3428 in

2033 3459 2327 3530 Evangelio
2371 3468 2488 3516 cata
2512 3458 2818 3515 Matthteum
2850 3477 2864 3512 :
2901 3457 3079 3514 Nolite
3126 3461 3352 3532 cogitare
3377 3462 3640 3520 dicentes:

2037 3552 2176 3621 Quid
2203 3552 2429 3617 edemus,
2460 3561 2550 3607 aut
2573 3552 2695 3624 quid
2710 3551 2934 3608 bibemus
2963 3561 3042 3621 ⁸η,
3072 3562 3160 3607 aut
3188 3554 3311 3625 quid
3337 3556 3640 3611 vestiemur?

2033 3646 2162 3702 Htec
2192 3647 2324 3702 enim
2351 3647 2580 3703 nationes
2613 3647 2879 3717 inquirunt
2900 3643 2982 3699 δι’.
3027 3646 3137 3702 Scit
3183 3656 3354 3702 autem
3387 3659 3441 3687 εο
3478 3647 3641 3704 Pater

2032 3748 2193 3794 vester
2220 3741 2339 3810 quia
2368 3743 2552 3794 horum
2581 3740 2808 3794 omnium
2849 3739 3106 3810 indigetis.
3134 3737 3362 3804 Quaerite
3417 3741 3638 3811 primunt

2033 3851 2246 3906 regnum
2274 3833 2370 3888 Dei
2391 3843 2437 3888 et
2455 3833 2714 3904 justitiam
2739 3833 2872 3903 ejus,
2905 3841 2953 3886 et
2977 3833 3155 3911 omnia
3177 3832 3276 3888 ista
3315 3844 3639 3905 opponentur

1545 3945 1928 4004 LECTIONES
1967 3945 2382 4002 VARIANTES.

389 4049 415 4078 ⁸
441 4045 739 4098 lracundiam
762 4043 1034 4096 contemnit
1058 4040 1185 4092 Bod.
1213 4042 1262 4104 5,
1291 4042 1341 4091 4.
1368 4041 1464 4102 Qui
1488 4042 1786 4092 iracundiam
1810 4054 1927 4092 con-

334 4111 462 4162 tinet
479 4112 644 4162 capiet
663 4111 838 4158 urbem
865 4108 988 4158 Cott.

389 4167 418 4207 lt
445 4172 500 4222 lu
521 4165 776 4222 Parabolis
799 4172 932 4221 Lam.
954 4168 1064 4220 ΝΟ.
1091 4169 1139 4226 1,
1168 4167 1216 4217 ‘2.
1247 4167 1374 4217 Bod.
1400 4166 1447 4216 2.
1471 4165 1716 4217 Proverb.
1745 4168 1852 4218 ΝΟ.
1878 4168 1928 4228 2,

391 4238 413 4263 ο
442 4233 622 4283 Paulus
646 4235 804 4285 Oxon.
820 4235 953 4283 Lam.
976 4233 1021 4283 Ν
1029 4232 1082 4281 C.
1104 4231 1150 4291 1,
1169 4231 1218 4295 2.
1240 4229 1364 4281 Bod.
1379 4229 1586 4295 2.ᾼάεβδι
1597 4229 1648 4281 in
1663 4227 1930 4295 impressis.

391 4295 418 4334 (ἶ
446 4296 754 4356 Delinquere
777 4298 911 4345 Lam.
939 4295 1044 4344 Lin.
1071 4295 1182 4344 ΝΟ.
1206 4294 1249 4343 1.
1279 4293 1408 4344 Bod.
1430 4293 1480 4341 2.
1504 4293 1554 4342 ιι.

395 4363 418 4421 9
445 4358 637 4421 Dictum
660 4365 734 4421 est
757 4360 819 4407 ab
841 4358 1054 4421 antiquis
1074 4358 1203 4407 Lam.
1225 4357 1337 4421 ΝΟ.
1367 4358 1413 4421 1.

397 4420 415 4457 f
455 4418 638 4469 Paulus
661 4420 818 4471 Oxon.
845 4418 976 4470 Lam:
1005 4421 1111 4472 ΝΟ.
1140 4421 1187 4479 1,
1212 4419 1259 4470 2.
1289 4420 1412 4470 Bod.
1432 4420 1480 4468 2.

394 4486 421 4524 ε
445 4481 545 4532 Vos
567 4481 764 4538 fratres.
792 4489 844 4532 et
862 4484 904 4532 si
930 4489 1299 4546 praaoccupatus
1342 4482 1493 4532 fuerit
1515 4480 1658 4546 homo
1682 4484 1730 4532 in
1768 4483 1930 4546 aliquo

329 4547 526 4606 delicto,
575 4559 660 4595 vos
702 4546 787 4607 qui
825 4543 1075 4608 ,spiritales
1116 4543 1256 4604 estis,
1286 4547 1521 4595 inscrvite
1567 4543 1928 4606 hujusmodi'in

329 4611 507 4679 spiritu
544 4607 952 4668 mansuetudinis,
997 4608 1312 4679 considerans
1334 4609 1550 4672 teipsum
1597 4621 1662 4658 ne
1696 4609 1927 4659 tenteris.
1955 4619 2010 4679 D

332 4670 384 4722 In
395 4674 549 4722 vicem
573 4684 726 4721 onera
750 4679 913 4720 vestra
935 4676 1124 4733 portate
1155 4670 1273 4721 Cott.

395 4734 421 4772 h
446 4733 585 4783 Alter
608 4733 811 4783 alterius
832 4745 982 4784 onera
1018 4733 1123 4783 NC.
1146 4734 1192 4783 2.
1223 4733 1326 4783 Lin.
1357 4733 1522 4785 Onera
1547 4737 1709 4784 vestra
1754 4733 1862 4784 NG.
1883 4733 1928 4784 1.

333 4797 460 4848 Bod.
496 4797 543 4846 2.

401 4859 416 4897 i
446 4859 557 4909 Deo
575 4857 679 4908 solo
706 4856 829 4909 Bod.
857 4859 908 4908 2.

452 4920 854 5003 (Elogieturuiortis
871 4921 1265 4986 Cott.Glorietur,
1286 4922 1366 4986 qui
1385 4922 1621 4987 gloriatur
1636 4922 1776 4974 fortis
1793 4925 1927 4973 Lam.

831 5044 955 5098 Thu.
980 5046 1045 5099 Et
1081 5048 1201 5098 sciat
1225 5049 1339 5112 quia
1376 5059 1473 5109 ego
1518 5061 1627 5098 sum
1670 5047 1928 5107 Dominus,

337 5113 458 5164 Cott.

400 5176 418 5214 1
449 5175 560 5226 Deo
582 5175 741 5225 subita
763 5172 889 5225 Bod.
907 5176 958 5224 2.

394 5239 435 5268 πη
456 5238 661 5302 Adjutor
684 5241 818 5289 Lam.
845 5241 948 5289 Lm.
970 5237 1146 5288 Bod.2.
1165 5236 1227 5290 Et
1239 5249 1336 5302 ego
1359 5237 1536 5289 videbo
1552 5238 1771 5288 inimicos
1791 5250 1932 5290 meos

2035 4039 2363 4176 cog'pomino
2393 4100 2675 4176 Thu_.‘(.'ott.1
2694 4101 3134 4176 Dominqmeawn.

2099 4165 2124 4193 υ
2149 4165 2204 4215 In
2229 4166 2455 4216 homines
2483 4164 2609 4215 Thu.
2633 4167 2762 4218 Bod.
2787 4168 2835 4216 4.
2875 4168 2997 4220 Gott.

2100 4227 2129 4268 P
2155 4227 2210 4292 In
2235 4229 2482 4292 principes
2503 4229 2629 4280 Bod.
2662 4231 2707 4288 1,
2735 4228 2781 4286 2,
2811 4230 2860 4279 4.

2100 4291 2129 4356 (ξ
2153 4291 2401 4356 germane
2423 4292 2732 4356 respondere
2757 4292 2885 4344 Bod.
2907 4292 2958 4344 2.

2106 4354 2130 4382 "
2157 4354 2220 4404 Et
2242 4366 2369 4402 nunc
2391 4354 2557 4405 notum
2580 4357 2644 4405 sit
2667 4356 2802 4406 Lam.
2827 4356 2953 4406 Bod.
2982 4358 3034 4406 2.
3077 4357 3187 4408 ΝΟ.
3224 4359 3273 4408 1.

2105 4417 2127 4445 ⁸
2157 4416 2262 4482 Nec
2284 4417 2550 4482 imaginem
2589 4431 2790 4482 auream
2807 4433 2960 4482 Aquam
2983 4421 3195 4470 statuisti
3219 4421 3477 4470 adoramus
3500 4420 3636 4471 Lant.

2034 4478 2139 4528 Lin.
2165 4481 2272 4531 ΝΟ.
2301 4480 2344 4529 1.
2368 4478 2677 4530 adorabimus
2701 4478 2845 4531 CorbI

2035 4539 2403 4656 Bo‘dCrzeatcogg,
2431 4543 2514 4605 qui
2556 4551 2633 4592 est
2656 4542 2948 4594 benedictus
2971 4544 3021 4592 in
3043 4543 3223 4595 saecula
3248 4547 3384 4597 Lam.
3419 4546 3528 4597 ΝΟ.
3564 4547 3613 4597 1.

2101 4669 2130 4696 ιι
2153 4665 2412 4731 Expoliato
2436 4669 2602 4731 priore
2634 4667 2768 4718 Tltu.

2097 4731 2127 4795 ἶ
2152 4728 2476 4795 Facinomstis
2495 4731 2699 4795 semitas
2714 4729 2855 4780 t‘orb.
2881 4731 3077 4795 iniquus
3101 4734 3304 4783 consilia
3327 4746 3414 4783 sua
3435 4734 3540 4785 Lin.

2100 4793 2128 4822 κ
2153 4793 2275 4852 Quia
2308 4793 2512 4843 multum
2536 4794 2816 4844 misericors
2839 4801 2918 4844 est
2943 4793 2996 4844 et
3011 4797 3236 4846 remittet
3279 4795 3406 4847 Bod.
3431 4798 3480 4846 4.

2037 4854 2404 4970 εέὲῡῐξιῶεἲῗεω
2427 4863 2605 4906 vestrae
2629 4856 2763 4906 Lam.
2790 4857 2899 4908 NG.
2925 4856 2973 4910 1.
3001 4857 3108 4909 Lin.
3133 4859 3260 4910 Bod.
3285 4860 3333 4922 1,
3363 4859 3410 4921 2,
3436 4861 3484 4910 4.
3511 4857 3636 4911 Thu.

2099 4981 2123 5010 ³
2151 4981 2337 5032 Pascha
2354 4988 2434 5032 est
2456 4979 2651 5031 Domini
2678 4978 2791 5033 Thu.

2101 5043 2370 5107 fléEdimus
2391 5049 2476 5092 aut
2497 5045 2614 5107 quid
2638 5045 2849 5095 bibimus
2866 5044 2988 5097 Coll.

2096 5105 2158 5175 bb
2178 5106 2414 5175 lfationes
2430 5105 2672 5175 (uiderunt
2680 5108 2817 5159 Lam.
2837 5110 2945 5162 NG.
2970 5111 3015 5161 1.
3038 5109 3161 5161 Bod.
3184 5111 3231 5172 1,‘
3248 5111 3356 5175 2,5,
3375 5113 3421 5163 4.

2100 5173 2153 5203 εο
2182 5169 2287 5220 Scit
2310 5169 2610 5221 enimPater
2635 5169 2758 5222 Cott.

1585 5321 1828 5379 STEPH.
1869 5321 2143 5380 BALUle
2179 5320 2408 5379 NOTAE.

406 5441 884 5501 Car.Vlll.—Sinc
909 5458 1082 5497 causa.
1107 5439 1522 5503 Cassianus.lib.
1549 5453 1663 5504 vui,
1692 5451 1811 5509 cap.
1843 5437 1934 5509 20,

333 5518 520 5573 scribit
549 5517 618 5570 ita
662 5516 762 5585 legi
793 5516 842 5570 in
874 5513 1190 5586 quibusdam
1233 5511 1650 5586 exemplaribus,
1694 5508 1941 5586 evadtlit

335 5587 607 5658 superﬂua
639 5580 762 5642 esse
787 5580 1091 5648 sine-causa,
1116 5594 1171 5658 et
1199 5580 1409 5658 adjecta
1435 5581 1608 5637 abhis
1632 5582 1719 5651 qui
1761 5580 1940 5650 impuo

335 5655 552 5714 taudam
569 5660 701 5713 iram
717 5673 815 5728 pro
831 5659 990 5727 justis
1012 5657 1186 5710 causis
1212 5655 1430 5728 minime
1453 5661 1794 5724 putaverunt,
1815 5667 1936 5728 cum

338 5733 522 5801 utique
535 5724 1246 5805 nullus—quainlibetabsque
1270 5727 1477 5780 ratione
1496 5724 1940 5805 commotussine

339 5799 501 5861 causa
530 5818 589 5859 se
618 5799 762 5858 dicat
783 5802 961 5858 irasci.
997 5799 1355 5871 Hieronymus
1380 5811 1594 5868 quoque
1624 5799 1676 5853 in
1701 5803 1861 5867 caput
1889 5809 1940 5850 tv

2047 5436 2301 5506 EpileItB
2320 5439 2394 5510 ad
2421 5433 2689 5507 Ephesios,
2719 5446 2775 5495 et
2799 5447 2961 5510 caput
2981 5454 3015 5493 v
3047 5438 3300 5507 Matt/tari,
3326 5441 3468 5499 unde
3491 5457 3642 5500 sum-

2045 5520 2168 5580 ptus
2198 5517 2281 5564 est
2319 5509 2407 5564 hic
2435 5510 2616 5577 locus,
2658 5511 2732 5564 ait
2777 5525 2808 5565 a
2854 5509 3170 5581 quibusdam
3202 5513 3476 5570 codicibus
3518 5513 3640 5571 addi

2044 5583 2373 5658 sine_c_ausa,_
2387 5591 2442 5658 et
2467 5581 2604 5637 istud
2634 5581 2937 5658 radendum
2960 5598 3101 5658 ess_e.
3132 5585 3256 5658 quia
3291 5586 3371 5639 ira
3395 5588 3490 5640 viri
3513 5586 3644 5658 justi

2034 5653 2305 5724 justitiam
2331 5653 2441 5724 Dei
2458 5669 2560 5707 non
2587 5665 2848 5724 operatur.
2879 5654 3010 5710 Vide
3029 5653 3241 5710 Erasini
3269 5653 3644 5714 annotationes

2046 5725 2098 5778 in
2130 5724 2269 5778 hunc
2299 5723 2534 5779 Mattha’i
2561 5723 2736 5780 locum
2763 5766 2778 5791 ,
2818 5733 2872 5782 et
2917 5725 3181 5784 Renatum
3222 5727 3545 5790 Massuetum
3586 5730 3644 5789 in

2046 5795 2141 5852 lib.
2173 5811 2224 5851 tv
2254 5795 2459 5862 Irenaei.
2493 5810 2612 5869 cap.
2648 5798 2734 5854 15.
