4230 6282
622 277 733 334 745

2044 277 2181 336 DIVI
2217 276 2538 338 CYPRIANI

3823 276 3957 337 7M

621 394 665 449 si
687 392 901 467 diligitis
926 392 1201 448 Dominum
1228 390 1397 448 Deum
1424 398 1648 448 vestrum
1679 397 1860 449 extoto
1882 392 2036 449 corde
2055 404 2219 451 vestro
2245 400 2299 460 Α
2322 396 2470 449 illam
2512 392 2690 465 (Joan.
2739 406 2834 458 xu,
2868 391 2984 464 25).
3016 390 3146 447 Item
3199 390 3343 447 illic:
3392 389 3521 447 Cum
3560 391 3732 447 autem
3770 391 3947 447 tradi-

620 496 668 542 et
698 495 886 543 extota
918 485 1093 540 anima
1130 492 1298 541 vestra
1326 483 1507 557 (Deut.
1556 502 1671 541 xui.
1698 485 1779 558 5).
1826 485 1904 543 De
1942 485 2045 542 hoc
2101 487 2219 558 ipso

620 581 675 636 in
727 579 1001 651 Sapientia
1045 577 1391 635 Salomonis:
1422 577 1490 633 Et
1532 579 1576 635 si
1601 595 1773 634 coram
1796 579 2084 635 hominibus
2109 588 2215 634 tor-

618 680 790 727 menta
815 672 954 745 passi
979 680 1119 741 sunt,
1147 687 1263 744 spes
1293 687 1470 727 eorum
1522 672 1907 727 immortalitate
1935 672 2088 743 plena
2111 682 2217 738 est;

617 777 665 822 et
699 767 752 823 in
798 766 978 840 paucis
1005 765 1194 833 vexati,
1235 766 1291 821 in
1331 765 1506 820 multis
1538 764 1664 820 bene
1708 764 2062 837 disponentur,
2085 781 2216 838 quo-

617 862 757 917 niam
799 860 937 919 Deus
985 860 1190 917 tentavit
1229 860 1347 916 illos
1373 870 1399 898 ει
1428 869 1479 914 et
1519 860 1710 915 invenit
1750 858 1868 913 illos
1907 859 2088 929 dignos
2139 877 2215 914 se.

616 952 902 1028 Tamquam
944 971 1126 1011 aurum
1161 954 1219 1009 in
1265 956 1472 1026 fornace
1522 953 1749 1026 probavit
1794 952 1948 1017 illos,
1991 962 2037 1006 et
2073 952 2220 1012 quasi

617 1048 917 1141 holocausta
971 1048 1151 1103 hostile
1174 1045 1203 1086 δ
1238 1048 1433 1118 accepit
1478 1047 1614 1113 illos,
1657 1055 1703 1099 et
1733 1046 1785 1100 in
1811 1052 2033 1116 tempore
2060 1057 2082 1085 ο
2124 1045 2218 1099 erit

615 1136 874 1212 respectus
915 1141 1128 1196 illorum
1154 1136 1207 1195 ἀ.
1261 1138 1578 1194 Judicabunt
1617 1139 1849 1193 nationes
1897 1147 1944 1193 et
1982 1137 2219 1193 domina-

614 1236 803 1292 buntur
834 1236 1064 1308 populis,
1105 1246 1152 1290 et
1199 1234 1432 1307 regnabit
1460 1232 1715 1288 Dominus
1754 1248 1926 1287 eorum
1956 1232 2012 1286 in
2038 1248 2218 1303 perpe-

614 1340 758 1388 tuum
793 1331 953 1403 (Sap.
1005 1345 1088 1398 ιιι,
1131 1328 1213 1402 4).
1259 1330 1335 1384 De
1363 1330 1466 1383 hoc
1515 1328 1632 1398 ipso
1681 1328 1735 1382 in
1795 1325 2216 1381 Machabteisc:

611 1425 875 1482 Abraham
912 1438 1081 1478 nonne
1125 1423 1179 1475 in
1225 1421 1501 1477 tentatione
1550 1420 1781 1473 inventus
1824 1426 1899 1472 est
1937 1415 2128 1486 ﬁdelis,
2167 1424 2217 1471 et

611 1518 912 1591 deputatum
951 1523 1025 1571 est
1060 1514 1107 1569 ei
1151 1512 1219 1568 ad
1244 1512 1498 1580 iustitiam
1530 1509 1577 1585 (Ι
1605 1509 1782 1565 blach.
1831 1525 1890 1576 ιι,
1920 1507 2054 1581 52)?

921 1669 1043 1712 CAP.
1082 1669 1195 1710 XVI.
1222 1667 1382 1709 —'DE
1421 1663 1559 1708 BONO
1605 1663 1879 1706 MARTYBII.

2322 487 2491 543 derint
2541 503 2652 555 vos,
2684 486 2845 541 nolite
2870 486 3095 557 cogitare
3119 484 3244 557 quid
3301 486 3604 555 loquamini.
3636 484 3761 541 Non
3798 487 3945 541 enim

2321 596 2408 634 vos
2444 580 2564 635 estis
2601 580 2689 650 qui
2730 579 3027 649 loquimini,
3059 578 3149 633 sed
3177 577 3409 649 Spiritus
3436 577 3617 634 Patris
3655 579 3810 635 vestri
3847 581 3944 650 qui

2321 671 2548 742 loquitur
2602 672 2658 725 in
2699 671 2837 726 vobis
2899 669 3118 744 (Matth.
3172 686 3225 739 κ,
3258 670 3375 740 19).
3406 671 3537 727 Item
3568 670 3716 727 illic:
3755 669 3941 728 Veniet

2322 763 2450 818 hora
2474 772 2529 817 ut
2554 763 2721 818 omnis
2746 764 2833 835 qui
2865 763 3108 833 interficit
3138 778 3226 817 vos
3252 770 3304 829 υ,
3334 762 3611 817 arbitretur
3640 772 3667 799 ν
3699 763 3939 834 ofﬁcium

2319 875 2374 914 se
2419 857 2530 913 Deo
2561 859 2759 929 'facere.
2812 857 2921 913 Sed
2947 868 2991 912 et
3041 857 3135 912 hoc
3163 858 3372 930 facient,
3415 856 3659 928 quoniam
3700 874 3804 912 non
3844 874 3938 913 co-

2322 962 2599 1023 gnoverunt
2649 950 2858 1005 Patrem
2890 967 3049 1022 neque
3096 967 3177 1006 me
3216 948 3401 1026 (Joan.
3434 966 3551 1018 xvr,
3584 948 3665 1022 2).
3708 949 3782 1006 De
3823 950 3936 1010 hoc

2320 1045 2438 1113 ipso
2491 1052 2609 1099 cata
2660 1043 3006 1102 blattlimum:
3039 1042 3185 1098 Beati
3215 1046 3303 1114 qui
3359 1043 3757 1111 persecutionem
3785 1047 3935 1115 passi

2320 1139 2508 1210 fuerint
2531 1148 2737 1209 propter
2763 1137 3023 1209 justitiam
3038 1146 3088 1205 π,
3127 1139 3370 1202 quoniam
3420 1140 3655 1210 ipsorum
3697 1151 3770 1199 est
3808 1156 3932 1212 reg-

2319 1251 2440 1290 num
2471 1236 2714 1291 cwlorum
2753 1234 2945 1289 Matth.
2992 1252 3049 1303 ν,
3103 1235 3213 1305 10).
3246 1235 3380 1292 Item
3441 1239 3585 1296 illic:
3630 1239 3715 1296 Ne
3742 1240 3930 1296 timue-

2319 1328 2432 1383 ritis
2480 1345 2567 1383 eos
2618 1329 2705 1399 qui
2752 1327 2990 1382 occidunt
3036 1345 3243 1400 corpus,
3288 1332 3516 1386 animum
3580 1344 3749 1388 autem
3818 1348 3927 1388 non

2318 1431 2531 1495 possunt
2562 1422 2812 1477 occidere.
2849 1420 3018 1494 Magis
3062 1433 3231 1478 autent
3261 1426 3467 1480 metuile
3511 1427 3732 1498 eumqui
3759 1434 3925 1499 potest

2317 1517 2542 1570 animam
2561 1525 2610 1571 et
2630 1532 2820 1586 corpus
2846 1516 3074 1571 occidere
3097 1517 3150 1571 in
3167 1517 3450 1588 gehennam
3468 1529 3496 1568 ξ’
3511 1518 3725 1590 (Matth.
3741 1518 3921 1591 x,28).

2318 1605 2449 1665 Item
2474 1608 2584 1665 illic
2607 1626 2622 1663 :
2649 1608 2968 1677 Quicumque
2994 1625 3074 1664 me
3099 1613 3364 1683 confessus
3390 1612 3543 1682 fuerit
3555 1628 3729 1667 cormn
3750 1613 3921 1667 homi-

2316 1704 2482 1769 nibus,
2513 1713 2561 1759 et
2595 1719 2688 1776 ego
2724 1704 3004 1772 conﬁtebor
3042 1704 3191 1759 illum
3226 1717 3401 1759 coram
3430 1703 3592 1761 Patre
3627 1723 3740 1762 meo
3767 1716 3790 1743 ³
3833 1708 3925 1777 qui

676 1791 737 1850 In
755 1790 1064 1851 Proverbiis
1085 1788 1426 1847 Salomonis:
1457 1786 1736 1842 Liberatde
1760 1785 1910 1841 malis
1937 1782 2204 1840 animamt

2316 1801 2372 1855 in
2415 1799 2555 1855 caelis
2581 1809 2675 1853 est.
2713 1797 2814 1866 Qui
2828 1807 2998 1853 autem
3021 1814 3104 1852 me
3130 1798 3387 1869 negaverit
3407 1815 3579 1853 coram
3603 1799 3920 1868 hominibus,

607 1899 804 1963 martyr
825 1900 851 1938 8
874 1889 1042 1961 ﬁdelis
1063 1882 1503 1962 (Prov.nv,25).
1531 1884 1661 1941 Item
1683 1883 1794 1939 illic
1814 1899 1827 1936 :
1846 1882 1987 1938 Tum:
2006 1881 2211 1938 stabunt

595 1985 731 2056 justi
764 1984 819 2038 in
850 1998 1043 2056 magna
1086 1980 1373 2037 constantia
1424 1978 1666 2034 adversm
1692 1994 1779 2033 eos
1833 1978 1919 2048 qui
1943 1992 1997 2032 se
2020 1992 2208 2048 angus-

608 2078 856 2134 tiauerunt
900 2085 948 2132 et
990 2077 1077 2147 qui
1101 2073 1420 2130 abstulerunt
1463 2071 1660 2126 labores
1680 2067 1711 2107 ¹ι
1741 2085 1937 2125 eorum.
1975 2068 2211 2123 Videntes

606 2173 939 2230 turbabuntur
978 2173 1158 2227 timore
1200 2168 1453 2235 horribili,
1500 2176 1549 2221 et
1589 2165 1908 2221 mirabuntur
1932 2165 1985 2218 in
2011 2162 2208 2218 subita-

606 2270 740 2326 tione
770 2270 1043 2338 insperatae
1062 2265 1265 2329 salutis,
1292 2264 1513 2318 dicentes
1540 2262 1672 2315 inter
1695 2276 1749 2316 se
1788 2259 1832 2327 ί,
1864 2258 2209 2331 ρωηὶιεηιὶαηι

604 2361 841 2417 habentes
876 2360 891 2412 i
923 2400 940 2427 ,
986 2368 1034 2415 et
1085 2375 1176 2431 per
1213 2357 1503 2430 angustiam
1534 2354 1743 2425 spiritus
1798 2360 2047 2423 gementes
2066 2365 2085 2404 :
2134 2348 2208 2404 Hi

602 2463 719 2509 sunt
737 2469 864 2525 quos
889 2452 1166 2524 aliquando
1198 2449 1468 2527 habuimus
1486 2448 1541 2502 in
1566 2446 1790 2502 derisum
1820 2443 1844 2483 ¹ι
1877 2456 1924 2499 et
1952 2446 2006 2499 in
2057 2443 2199 2498 simi-

604 2546 871 2602 litudinem
890 2545 1206 2617 improperii.
1234 2542 1348 2600 Nos
1384 2542 1627 2598 insensati
1665 2540 1821 2596 vitam
1844 2539 2050 2595 illorum
2068 2539 2207 2594 testi-

603 2638 867 2694 mabamus
908 2637 1163 2693 insaniam
1200 2646 1249 2692 et
1281 2636 1437 2705 finem
1455 2634 1663 2690 illorum
1688 2635 1797 2688 sine
1826 2632 2034 2687 honore.
2066 2631 2205 2698 Quo-

601 2734 754 2789 modo
780 2731 799 2771 ι
829 2733 1108 2805 computati
1151 2738 1270 2787 sunt
1290 2730 1423 2787 inter
1450 2730 1585 2798 ﬁlios
1614 2727 1732 2794 Dei,
1768 2737 1816 2782 et
1842 2729 1975 2782 inter
2002 2736 2205 2782 sanctos

601 2845 712 2885 sors
750 2829 959 2885 illorum
999 2827 1125 2883 est!
1166 2825 1306 2900 Ergo
1352 2825 1631 2881 erravimus
1670 2840 1702 2877 a
1728 2823 1810 2879 via
1840 2823 2085 2889 veritatis,
2154 2832 2203 2876 et

590 2924 809 2997 justitiat
849 2923 1021 2979 lumen
1066 2938 1173 2977 non
1222 2920 1354 2976 luxit
1391 2920 1558 2985 nobis,
1589 2928 1638 2974 et
1675 2918 1753 2974 sol
1804 2934 1905 2972 non
1937 2926 2010 2971 est
2062 2924 2203 2972 ortus

597 3016 759 3072 nobis.
791 3014 996 3071 Lassati
1021 3030 1195 3071 sumus
1216 3023 1257 3051 ιιι
1284 3014 1341 3068 in
1367 3012 1649 3083 iniquitatis
1690 3011 1772 3066 via
1799 3019 1847 3065 et
1877 3008 2197 3080 perditionis,

597 3120 645 3165 et
679 3109 1045 3165 ambulavimus
1071 3106 1371 3164 solitudines
1394 3105 1795 3177 difﬁciles.viam
1821 3112 1989 3162 autem
2017 3101 2197 3156 Domi-

2314 1903 2362 1949 et
2399 1910 2491 1965 ego
2534 1891 2727 1963 negabo
2768 1907 2882 1946 eum
2936 1907 3109 1946 coram
3169 1891 3324 1946 Patre
3369 1907 3511 1957 meo,
3541 1892 3631 1962 qui
3681 1895 3737 1947 in
3779 1892 3925 1948 ctzlis

2312 1996 2405 2044 est.
2451 1985 2551 2054 Qui
2600 1996 2772 2040 autent
2824 1986 3195 2040 sustinuerit‘In
3245 2001 3400 2057 usque
3452 1986 3505 2040 in
3578 1986 3734 2055 ﬂuent
3758 2027 3774 2052 ,
3833 1985 3929 2041 hic

2311 2083 2483 2137 salvus
2536 2085 2632 2136 erit
2688 2078 2851 2150 (Ibid.
2902 2078 3211 2153 xxxu,22).
3268 2079 3341 2135 De
3366 2078 3467 2135 hoc
3496 2079 3613 2150 ipso
3644 2087 3767 2136 cata
3806 2078 3931 2135 Lu-

2312 2191 2429 2233 cam
2462 2193 2475 2230 :
2524 2174 2671 2229 Beati
2720 2174 2860 2229 eritis
2906 2190 3023 2229 cum
3048 2190 3133 2229 vos
3174 2173 3371 2228 oderint
3401 2174 3651 2242 homines,
3688 2183 3737 2229 et
3760 2190 3928 2246 sepa-

2310 2270 2533 2324 raverint
2562 2284 2650 2323 vos
2687 2278 2735 2323 et
2758 2267 3064 2338 expulerint,
3097 2274 3141 2322 et
3157 2266 3509 2322 maledixerint
3534 2268 3730 2323 nomini
3750 2277 3925 2325 vestro

2309 2362 2455 2434 quasi
2497 2376 2711 2432 nequam
2738 2368 2943 2432 propter
2972 2359 3169 2414 Filium
3194 2360 3434 2414 hominis.
3466 2358 3698 2414 Gaudete
3739 2360 3793 2415 in
3821 2361 3923 2417 illa

2309 2454 2391 2508 die
2416 2462 2463 2508 et
2490 2453 2752 2520 exultate;
2776 2467 2890 2507 ecce
2916 2453 3051 2507 enim
3076 2467 3266 2507 merces
3285 2461 3451 2507 vestra
3477 2450 3641 2506 multa
3661 2451 3720 2491 δι’
3741 2453 3794 2509 in
3814 2469 3921 2509 cte-

2308 2546 2371 2602 lis
2403 2545 2552 2619 (Luc.
2581 2561 2666 2614 Vl,
2711 2543 2828 2618 22).
2870 2546 3001 2603 Item
3042 2544 3196 2601 illic:
3243 2545 3405 2600 Amen
3442 2544 3557 2601 dico
3585 2544 3743 2612 vobis,
3767 2562 3918 2602 nemo

2307 2651 2379 2696 est
2395 2651 2417 2679 ο
2428 2652 2448 2680 ε
2464 2641 2552 2713 qui
2566 2641 2815 2714 relinquat
2831 2637 2889 2678 *ιά
2901 2641 3128 2707 domum,
3149 2649 3237 2696 aut
3245 2652 3478 2711 parentes
3493 2650 3573 2710 α’,
3591 2652 3678 2696 aut
3695 2641 3879 2712 fratres
3890 2682 3913 2712 ,

2306 2744 2396 2791 aut
2412 2752 2641 2803 uxorem,
2662 2746 2751 2791 aut
2771 2736 2908 2805 ﬁlios
2927 2734 2979 2774 τί
2999 2746 3207 2807 propter
3227 2751 3442 2808 regnum
3457 2733 3576 2802 Dei,
3600 2745 3646 2790 et
3662 2752 3763 2791 non
3784 2736 3917 2792 reci-

2305 2829 2412 2900 piat
2440 2829 2624 2899 septies
2658 2837 2858 2883 tantum
2884 2829 2939 2882 in
2978 2828 3078 2883 isto
3117 2837 3362 2900 tempore,
3412 2829 3467 2883 in
3505 2829 3692 2884 sa'culo
3740 2838 3915 2885 autem

2304 2924 2478 2993 futuro
2503 2923 2657 2978 vitam
2677 2932 2920 2978 cateruam
2947 2931 3005 2971 σε
3035 2920 3186 2997 (Luc.
3220 2937 3378 2989 xvni,
3417 2920 3534 2995 29).
3568 2922 3643 2979 De
3660 2921 3771 2978 hoc
3791 2923 3915 2993 ipso

2305 3015 2358 3071 in
2383 3015 2704 3087 Apocalypsi
2739 3033 2753 3068 :
2786 3015 2854 3071 Et
2881 3031 2998 3070 cum
3027 3015 3309 3087 aperuisset
3333 3015 3564 3085 quintum
3590 3017 3794 3089 signum
3815 3013 3874 3053 ιιὶι
3892 3058 3913 3086 ,

2302 3110 2407 3164 vidi
2445 3109 2535 3164 sub
2573 3127 2667 3165 ara
2722 3107 2816 3164 Dei
2864 3112 3063 3164 animus
3109 3111 3387 3164 occisorum
3440 3119 3649 3181 propter
3696 3109 3915 3166 Verbum

598 3204 651 3260 ni
691 3202 1058 3277 ignoravimus.
1112 3202 1250 3271 Quid
1292 3200 1436 3256 nobis
1462 3208 1491 3235 ιι
1522 3199 1717 3271 profuit
1778 3198 2037 3269 superbia,
2106 3205 2198 3251 αυτ
2223 3210 2269 3273 C
2302 3205 2401 3261 Dei
2434 3218 2480 3259 et
2526 3204 2829 3276 martyrium
2873 3220 3046 3270 suum,
3079 3212 3127 3257 et
3166 3202 3517 3258 clamauerunt
3560 3219 3749 3276 magna
3792 3219 3914 3259 voce

596 3294 718 3365 quid
761 3294 1057 3348 divitiarum
1088 3293 1309 3364 jactatio
1364 3292 1580 3346 contulit
1604 3289 1797 3345 nobis?
1867 3287 2200 3343 Transierunt

596 3386 768 3441 omnia
787 3386 881 3440 illa
909 3395 1169 3455 tamquam
1192 3383 1374 3440 umbra
1406 3383 1563 3455 (Sap.
1582 3398 1640 3450 ν,
1666 3380 1813 3454 1-9).
1847 3382 1923 3437 De
1950 3381 2055 3437 hoc
2082 3382 2199 3452 ipso

596 3478 650 3535 in
706 3478 920 3535 Psalmo
970 3494 1075 3534 cxv
1112 3494 1132 3533 :
1179 3476 1415 3532 Pretiosa
1465 3484 1490 3513 ο
1545 3478 1601 3530 in
1664 3484 1936 3544 conspectu
1987 3473 2199 3528 Domini

596 3589 733 3629 mors
799 3581 1094 3628 sanctorum
1118 3582 1145 3621 P
1178 3572 1310 3642 eius.
1354 3568 1488 3626 Item
1516 3567 1573 3625 in
1622 3567 1839 3624 Psalmo
1884 3577 2064 3624 cnv:
2095 3565 2196 3633 Qui

595 3667 847 3722 seminant
881 3667 936 3721 in
966 3666 1226 3737 lacrgmis,
1256 3665 1312 3719 in
1351 3664 1660 3719 exultatione
1686 3672 1714 3712 (ι
1753 3669 1960 3718 metent.
1992 3661 2190 3717 Ambu-

594 3761 755 3816 lantes
784 3771 805 3799 ι·
839 3758 1164 3814 ambulabant
1185 3766 1231 3813 et
1276 3756 1544 3826 plorabant
1584 3756 1833 3812 mittentes
1859 3756 2054 3812 semina
2073 3770 2187 3822 sua,

592 3853 843 3910 venientes
864 3861 1034 3908 autem
1054 3852 1252 3907 venient
1280 3852 1335 3906 in
1356 3850 1668 3907 exultatione
1688 3848 1919 3905 tollentes
1946 3848 2141 3922 gremia
2166 3857 2188 3885 ³

592 3961 706 4001 sua.
738 3946 807 3978 ³¹⁰
834 3946 912 4002 De
946 3944 1048 4001 hoc
1076 3943 1193 4015 ipso
1220 3944 1274 3999 in
1297 3943 1587 4016 Evangelio
1607 3950 1726 4000 cata
1745 3941 2008 3998 Joannem
2044 3959 2059 3997 :
2090 3940 2192 4008 Qui

593 4046 732 4093 amat
777 4040 1002 4092 animum
1036 4053 1185 4091 suam
1207 4035 1381 4107 perdet
1429 4038 1618 4104 illaut;
1645 4046 1693 4092 et
1731 4036 1820 4107 qui
1834 4037 1942 4091 odit
1966 4036 2192 4091 animam

592 4146 741 4187 suam
790 4130 846 4185 in
893 4130 993 4185 isto
1057 4128 1268 4197 steculo,
1322 4128 1379 4184 in
1422 4130 1579 4184 vitam
1628 4139 1874 4186 cateruam
1914 4130 2131 4186 inveniet
2166 4132 2185 4168 ι

2303 3298 2523 3353 dicentes
2553 3314 2573 3352 :
2602 3296 2897 3368 Quousque,
2928 3295 3147 3350 Domine
3172 3306 3380 3351 sanctus
3408 3305 3481 3350 et.
3502 3312 3668 3359 verus.
3694 3312 3797 3351 non
3812 3297 3916 3368 ju-

2301 3391 2442 3447 dicas
2487 3402 2534 3447 et
2581 3391 2808 3447 vindieas
2855 3390 3156 3463 sanguinem
3206 3399 3433 3445 nostrum
3486 3389 3551 3442 de
3586 3388 3667 3443 his
3710 3390 3800 3456 qui
3848 3389 3917 3444 in

2301 3484 2446 3537 terris
2466 3482 2795 3538 inhabitant?
2824 3479 2890 3536 Et
2919 3481 3055 3536 datae
3087 3490 3206 3537 sunt
3234 3479 3282 3518 ίί
3305 3480 3374 3536 eis
3406 3480 3619 3552 singulis
3660 3479 3808 3536 stola:
3829 3478 3917 3534 al-

2298 3573 2394 3641 bte,
2443 3583 2490 3628 et
2531 3572 2724 3627 dictum
2773 3582 2846 3629 est
2899 3574 2970 3627 eis
3016 3581 3074 3627 ut
3121 3573 3486 3642 requiescerent
3538 3570 3677 3626 brevi
3736 3571 3910 3626 adhuc

2298 3675 2523 3738 tempore
2552 3666 2632 3735 li,
2659 3666 2819 3721 donec
2844 3665 3116 3737 impleatur
3139 3662 3196 3703 η
3224 3681 3466 3721 numerus
3486 3681 3841 3721 conservorum
3859 3671 3912 3720 et

2292 3763 2515 3832 fratrum
2568 3775 2770 3828 eorum,
2811 3761 2997 3832 quique
3030 3769 3205 3831 postea
3241 3758 3540 3814 occidentur
3574 3759 3802 3829 εωεηιριο
3827 3759 3916 3831 ip-

2293 3869 2468 3908 sorum
2495 3853 2681 3925 (Apoc.
2726 3868 2812 3922 γι,
2868 3852 3044 3927 7-11).
3096 3851 3229 3910 Item
3276 3852 3435 3909 illic:
3476 3851 3604 3908 Post
3647 3853 3753 3908 hcec
3803 3852 3916 3907 vidi

2295 3945 2496 4002 turbam
2511 3946 2743 4011 multam,
2765 3960 2920 4016 quam
2935 3945 3256 4000 dinumerare
3272 3941 3322 3982 11
3351 3944 3506 4000 exhis
3526 3959 3674 4000 nemo
3690 3953 3909 4015 poterat,

2294 4054 2358 4095 ea:
2398 4038 2537 4094 omni
2564 4046 2731 4112 gente,
2762 4046 2811 4092 et
2838 4054 2901 4093 ea;
2921 4038 3059 4093 omni
3085 4037 3238 4101 tribu,
3271 4043 3317 4092 et
3359 4053 3426 4093 ea:
3453 4037 3596 4093 omni
3625 4036 3816 4108 populo
3860 4044 3913 4091 et

2294 4133 2493 4207 lingua,
2516 4141 2708 4190 stantes
2734 4133 2792 4188 in
2816 4142 3093 4205 conspectu
3106 4132 3280 4189 throni
3308 4141 3356 4188 et
3383 4131 3437 4188 in
3463 4141 3736 4203 conspectu
3750 4130 3912 4203 Agni,

1822 4246 2211 4306 LECTIONES
2249 4249 2664 4308 VARIANTES.

656 4366 686 4397 ⁸
705 4364 943 4417 Probavit
959 4363 1089 4427 Illos,
1112 4368 1168 4416 et
1187 4364 1378 4416 invenit
1398 4362 1510 4418 illos
1529 4364 1707 4429 dignos
1731 4377 1863 4426 esse,
1891 4370 1945 4416 et
1974 4364 2203 4416 holocau-

604 4434 734 4481 stum
763 4429 885 4482 Gott.

653 4489 684 4530 ι)
705 4491 1054 4543 Holocanstum
1095 4503 1151 4541 ac
1191 4490 1402 4542 hostiam
1428 4491 1553 4544 Bod.
1592 4491 1639 4542 1.
1676 4490 1957 4542 Holocausti
1994 4491 2202 4542 hostiam

600 4555 733 4606 Lam.
752 4556 860 4607 NG.
883 4554 1007 4607 Bod.
1028 4554 1077 4615 2,
1102 4554 1150 4603 3.
1174 4551 1525 4605 Holocaustum
1541 4555 1753 4605 hostiam
1774 4556 1894 4605 Ben.
1924 4557 2044 4607 Ver.
2072 4553 2198 4605 Thu.

653 4621 678 4682 °_
705 4618 953 4682 Tempore
976 4617 1067 4682 illo;
1083 4616 1209 4669 Bod.
1235 4616 1285 4682 1_.

2299 4366 2562 4419 mittentes
2595 4366 2722 4419 Gott.

2363 4429 2386 4494 9
2415 4429 2673 4494 'l_‘oIIentes
2692 4427 2966 4494 manipulos
2985 4441 3103 4480 suos
3124 4425 3229 4494 Lin.
3260 4427 3384 4494 Bod.
3410 4428 3457 4479 1.
3481 4428 3748 4494 Portantes
3784 4425 3916 4494 Gott.

2366 4490 2386 4524 ί
2419 4492 2688 4545 Conservat
2708 4488 2841 4543 Βοάῖ
2859 4493 2908 4541 2.
2938 4493 3070 4543 Lam.
3096 4493 3206 4544 NG.
3229 4494 3274 4542 1.
3298 4492 3621 4545 Conservabit
3642 4488 3749 4541 Lin.
3778 4491 3913 4543 Bod.

2301 4554 2772 4669 "u‘bic’ii‘sﬁé’i’ég
2792 4619 2927 4669 Lam.
2952 4617 3061 4668 NG.
3088 4618 3134 4667 1.
3164 4616 3288 4669 Bod.
3316 4618 3365 4676 ι,
3390 4616 3439 4680 2,
3457 4617 3575 4680 ω.
3597 4613 3731 4680 πω.
3759 4614 3911 4680 Gorb.

653 4679 683 4720 ιι
705 4667 982 4745 nésp‘euds
1021 4667 1215 4745 illorum
1250 4676 1553 4745 fulgebunt:
1591 4687 1837 4745 tamquam
1874 4677 2097 4732 scintillae
2144 4682 2193 4732 In
2217 4667 2270 4728 D
2317 4742 2337 4745 _
2357 4681 2387 4711 τ
2412 4667 2814 4733 Putet—ofﬁcium
2835 4667 2985 4731 "non.
3015 4667 3060 4743 ι,
3096 4680 3143 4744 2,
3176 4667 3307 4743 5;}.
3353 4667 3760 4731 rth’Judicium
3795 4667 3915 4731 Deo

591 4742 893 4795 arundineto
916 4747 1120 4793 current
1144 4744 1276 4792 Lam.
1301 4742 1411 4793 NG.
1438 4745 1483 4793 1.
1510 4744 1635 4794 Bod.
1659 4742 1722 4792 2.‘
1736 4743 1854 4793 Gott.

655 4810 680 4838 °
706 4806 763 4857 In
786 4805 972 4857 Genesi
998 4806 1130 4855 Lam.
1155 4805 1265 4856 NG.
1294 4805 1342 4854 1.
1369 4806 1496 4857 Bod.
1520 4806 1567 4855 2.

652 4866 676 4906 ί
702 4868 926 4920 Animam
948 4881 1086 4919 suam
1110 4868 1245 4918 Lam.
1270 4867 1381 4919 NG.
1409 4870 1454 4918 1.
1484 4869 1606 4919 Gott.

651 4933 680 4974 Β
704 4931 885 4982 Mart"
907 4930 1000 4981 Dei
1027 4932 1153 4981 Bod.
1176 4931 1227 4978 2.

589 5058 622 5093 ο
648 4995 694 5093 1;
706 4994 799 5093 Opi
821 4991 1133 5093 gilqipulemnt
1165 4992 1368 5044 labores
1404 4994 1535 5046 Lam.
1563 4991 1671 5046 Lin.
1698 4995 1805 5047 NG.
1841 4996 1886 5059 1,
1911 4996 1961 5046 2.
1988 4996 2115 5050 Bod.
2142 4998 2188 5059 1,

590 5058 639 5122 2’
656 5056 1129 5196 i’aiéeii'ihgi'ie
1155 5118 1283 5196 ηψ-

657 5182 674 5235 i
706 5183 1058 5235 Paenitentiam
1080 5188 1289 5245 agentes
1312 5182 1435 5237 Gott.

654 5245 762 5312 k_In
785 5247 892 5298 risu
913 5254 967 5299 et
989 5248 1040 5297 in
1056 5243 1377 5299 sitnilitudine
1396 5249 1529 5299 Lam.
1552 5248 1676 5301 Bod.
1704 5249 1753 5312 1,
1772 5248 1821 5299 2.
1845 5249 1893 5300 ι.
1921 5248 2065 5302 Garb.
2086 5248 2196 5301 NG.

601 5309 645 5361 1.
676 5309 795 5361 Gott.

651 5371 1253 5489 insumatu-
1275 5375 1326 5425 ⁵·

654 5497 775 5565 ξιμι
795 5500 914 5563 quid
939 5501 1080 5551 nobis
1102 5499 1425 5565 pTOﬁIiLCOlL

654 5563 681 5592 °
705 5561 928 5613 Pretiosa
953 5569 1033 5614 est
1055 5561 1189 5614 Lam.
1216 5564 1325 5616 NG.
1352 5565 1400 5615 1.

653 5626 683 5668 1’
708 5625 841 5676 Mors
855 5626 1100 5688 iustorum
1125 5626 1252 5679 Bod.
1279 5629 1327 5679 1.
1350 5627 1399 5677 4.
1431 5626 1556 5679 Thu.

653 5691 683 5731 «ι
707 5688 764 5738 In
786 5685 964 5749 gaudio
982 5685 1089 5739 Lin.
1115 5690 1237 5742 Gott.

655 5750 680 5816 ξ’
707 5749 1029 5816 Ambulaptes
1041 5752 1176 5816 ibant
1196 5757 1250 5803 et
1265 5751 1453 5816 ﬂebant
1472 5756 1727 5816 portantes
1744 5750 1848 5806 Lin.
1869 5754 2196 5807 Ambulabant

601 5808 728 5862 Tha.
750 5810 1010 5862 Ambulant
1030 5819 1086 5864 et
1122 5812 1311 5875 plorant
1336 5808 1488 5864 σοι-υἱ
1513 5813 1701 5866 Euntes
1733 5818 1877 5869 ibunt
1913 5825 1969 5870 et
2004 5819 2196 5870 ﬂebunt

2359 4807 2388 4836 ⁸
2412 4806 2788 4870 Causajustitim
2814 4807 2949 4856 Lam.
2986 4806 3091 4857 Lin.
3115 4807 3224 4859 NG.
3252 4806 3300 4856 1.
3339 4805 3469 4858 Bod.
3489 4805 3540 4867 1,
3560 4803 3609 4854 2.

2298 4867 2654 4983 Natieciltvllge
2677 4871 2727 4921 in
2763 4870 2996 4934 gehenna
3020 4870 3154 4920 Lam.
3173 4869 3376 4920 littere
3397 4869 3448 4920 in
3464 4869 3747 4933 gehennam
3785 4866 3915 4920 Gott.

2396 4971 2407 4982 .
2433 4948 2458 4983 1
2467 4970 2478 4981 .
2511 4948 2635 4984 ιἠιι.

2362 4995 2387 5024 ³
2404 4994 2583 5059 illorum
2605 4996 2754 5046 Patre
2776 5009 2889 5047 meo
2909 5002 2964 5046 et
2985 4994 3191 5059 Angelis
3213 4993 3321 5059 ejus
3338 4995 3471 5059 ,Bod.
3498 4996 3544 5046 1.

2362 5058 2422 5123 ff
2445 5057 2540 5123 Qui
2561 5066 2730 5111 autem
2752 5057 3278 5123 perseveraverit_Lin.
3307 5058 3430 5109 Gott.

2356 5117 2421 5158 Μ)
2444 5120 2594 5175 Multa
2616 5124 2671 5172 in
2691 5117 2832 5173 ccélis
2858 5121 2981 5173 Bod.
3008 5123 3053 5177 1.
3077 5121 3124 5171 ι.
3150 5121 3357 5177 Copiosa
3376 5126 3456 5172 est
3483 5120 3608 5172 Gott.

2369 5187 2425 5217 ου
2451 5183 2610 5236 Nemo
2635 5192 2713 5235 est
2733 5184 2817 5235 hic
2841 5186 2973 5237 Lam.
3000 5184 3111 5236 NG.
3137 5185 3185 5235 1.
3214 5182 3338 5237 Bod.
3363 5183 3415 5234 2.

2367 5246 2429 5288 εἶά
2453 5247 2547 5312 Qui
2569 5247 2833 5312 reliquerit
2864 5250 2990 5301 Bod.
3017 5250 3065 5298 4.

2367 5312 2425 5343 εο
2449 5308 2659 5361 Domum
2681 5308 2767 5360 'aut
2787 5324 2960 5374 agrum
2984 5310 3125 5363 Gorb.

2367 5371 2420 5411 η
2446 5373 2546 5424 Aut
2570 5374 2697 5424 ﬁlios
2718 5381 2804 5423 aut
2827 5387 2975 5427 suros
2997 5377 3116 5427 Gott.

2365 5439 2424 5502 ββ
2448 5436 2609 5502 Yitam
2633 5436 2879 5502 aeternam
2896 5438 3169 5502 possidebit
3192 5437 3327 5489 Lam.
3353 5438 3482 5493 Bod.
3506 5436 3554 5490 2.
3580 5436 3692 5492 NG.
3720 5437 3771 5490 1.

2360 5498 2425 5537 hh
2450 5498 2683 5559 Quintum
2705 5498 2923 5561 sigillum
2950 5502 3078 5554 Bod.
3112 5501 3159 5552 1.

2365 5563 2414 5626 ti
2441 5562 2505 5626 Et
2525 5562 2638 5611 data
2662 5570 2741 5626 est
2769 5562 2978 5626 singulis
2994 5564 3119 5615 stola
3137 5563 3247 5615 alba
3275 5564 3400 5617 Thu.

2369 5625 2417 5677 ii
2448 5623 2615 5690 {Breve
2640 5624 2799 5690 adhuc
2819 5623 3021 5690 tempus
3044 5626 3189 5680 Gorb.

2365 5690 2426 5753 tu:
2445 5686 2622 5753 Donec
2641 5686 2940 5753 suppleatur
2952 5691 3079 5742 Bod.
3100 5690 3148 5742 2.

2365 5750 2419 5792 11
2445 5748 2773 5802 Dinumerare
2790 5764 2939 5803 nemo
2957 5759 3151 5818 poterat
3173 5756 3307 5808 Lam.
3324 5754 3428 5810 Lin.
3447 5754 3571 5807 Bod.
3590 5754 3638 5815 1,
3658 5751 3708 5804 2.
3726 5751 3775 5805 4.
3792 5748 3901 5804 ἄη.

2366 5372 2388 5411 f
2398 5371 2420 5411 τ
2446 5373 2546 5438 Ant
2570 5374 2697 5424 ﬁlios
2718 5381 2804 5423 aut
2821 5371 2975 5438 agros
