4214 6266
392 309 498 368 743

1582 311 2146 372 TESTIMONIORUM
2187 316 2393 374 LIBER
2433 319 2518 375 Ill.

3591 328 3698 387 746

383 436 432 480 et
461 437 605 480 erant
650 427 824 480 amicti
853 430 1012 484 stolas
1054 429 1218 493 albas,
1265 439 1310 483 et
1341 430 1527 501 palmtu
1556 432 1764 501 fuertmt
1791 431 1842 485 in
1874 449 1987 486 ma-
2017 434 2066 491 Α
2094 433 2280 498 berari,
2306 437 2611 492 durissimos
2637 438 2838 493 dolores
2886 440 3114 509 corporis
3145 442 3325 509 tolero,
3357 445 3576 517 ﬂagellis
3603 463 3697 501 va~

386 519 533 574 nibus
568 537 760 586 eorum,
808 531 852 576 et
884 539 1067 594 magno
1087 524 1312 577 clamore
1337 523 1609 577 dicebant:
1639 523 1799 579 Salus
1830 523 1938 579 Deo
1964 536 1987 561 α

389 621 566 668 nostro
603 613 797 668 sedenti
847 631 1004 685 super
1054 617 1293 670 thronum
1323 625 1369 670 et
1421 614 1585 687 Agno.
1617 615 1686 669 Et
1732 617 1990 688 respondit

383 721 518 760 unus
548 706 905 762 exsenioribus
928 707 1100 762 dicens
1133 709 1256 763 mihi
1285 707 1312 746 ι’
1345 724 1364 762 :
1388 707 1487 772 Qui
1516 708 1686 761 amicti
1712 719 1827 762 sunt
1844 709 1988 764 stolis

383 797 635 868 albis,qui
663 799 819 851 sunt?
844 807 891 852 et
911 799 1046 853 unde
1073 810 1093 838 ε
1119 810 1358 854 venerunt
1377 800 1402 852 ἰ)
1429 797 1498 852 Et
1520 798 1626 854 dixi
1650 800 1694 852 ei
1720 815 1735 854 .'
1773 798 1988 854 Domine

379 890 474 956 mi,
499 897 551 941 tu
581 889 678 942 scis
697 886 745 942 ιί.
779 888 848 942 Et
872 889 944 943 ait
971 889 1096 944 mihi
1123 907 1141 944 :
1176 889 1248 944 Ili
1270 900 1388 946 sunt
1417 891 1503 961 qui
1523 901 1760 946 venerunt
1785 907 1849 946 ea:
1878 909 1987 946 ma-

378 999 484 1054 gna
514 981 857 1047 tribulatione,
904 992 951 1036 et
978 983 1208 1038 laverunt
1245 984 1403 1038 stolas
1449 1000 1589 1050 suas,
1635 993 1682 1037 et
1736 983 1985 1038 candidas

377 1092 462 1130 eas
490 1079 714 1146 fecerunt
743 1076 797 1130 in
823 1077 1070 1148 sanguine
1089 1077 1238 1148 Agni.
1269 1076 1398 1133 Ideo
1425 1087 1543 1132 sunt
1577 1088 1600 1114 ε·
1636 1077 1689 1131 in
1713 1088 1982 1148 conspectu

377 1170 547 1224 throni
574 1168 694 1236 Dei,
747 1179 793 1224 et
818 1171 1040 1225 serviunt
1079 1171 1124 1225 ei
1150 1170 1325 1225 diebus
1352 1179 1398 1224 et
1429 1171 1659 1224 noctibus
1702 1170 1756 1222 in
1784 1170 1973 1242 templo

376 1265 507 1334 ejus,
559 1273 604 1318 et
636 1263 790 1333 isqui
835 1263 972 1320 sedet
1017 1264 1070 1317 in
1117 1266 1299 1318 throno
1330 1262 1631 1318 inhabitabit
1684 1278 1838 1334 super
1866 1279 1976 1318 eos.

376 1354 557 1426 Neque
579 1355 796 1410 esurient
824 1354 872 1422 τ,
897 1371 1058 1426 neque
1097 1356 1265 1410 sitient
1290 1373 1550 1427 umquam,
1578 1355 1668 1410 sed
1717 1373 1875 1426 neque
1903 1356 1982 1411 sol

372 1467 526 1520 super
550 1467 634 1505 eos
673 1449 838 1517 cadet,
894 1467 1050 1522 neque
1077 1451 1239 1506 ullum
1267 1462 1449 1506 aestum
1477 1453 1731 1522 patientur
1755 1461 1779 1497 ὅ
1809 1467 1828 1506 :
1856 1467 1980 1521 quo-

377 1545 518 1600 niam
549 1545 722 1616 Agnus
770 1545 856 1615 qui
906 1545 959 1598 in
1011 1545 1176 1600 medio
1222 1545 1393 1599 throni
1443 1554 1536 1608 est,
1588 1554 1712 1614 teget
1737 1541 1764 1580 ιι
1795 1560 1901 1612 eos,
1933 1553 1979 1597 et

372 1638 582 1695 deducet
627 1656 710 1694 eos
741 1638 752 1674 ί
787 1639 856 1692 ad
892 1639 1055 1708 fontes
1103 1640 1258 1694 vittei
1300 1656 1580 1710 aquarum,
1638 1649 1686 1692 et
1727 1638 1978 1710 absterget

371 1733 510 1788 Deus
553 1750 748 1788 omnem
782 1733 1058 1804 lacrymam
1104 1749 1168 1787 ex
1211 1733 1372 1787 oculis
1395 1731 1419 1769 κ
1451 1748 1626 1786 eorum
1658 1730 1840 1802 (Apoc.
1873 1746 1972 1797 vn,

2096 529 2303 598 pulans,
2333 531 2502 584 (mimo
2535 542 2704 586 autem
2736 543 2944 603 prapter
2969 535 3045 588 tui
3073 536 3239 606 ipsius
3276 549 3462 593 metum
3486 540 3698 597 libenter

2095 621 2203 674 haec
2231 624 2398 691 patior
2431 623 2497 692 (Il
2529 623 2702 678 .Ilach.
2746 641 2820 691 Vt,
2855 625 2974 697 50.)
3005 625 3136 681 Item
3181 628 3290 683 illic
3320 646 3331 682 :
3358 629 3439 683 Tu
3475 634 3695 702 quidem,

2092 714 2364 783 impotens,
2395 734 2456 770 ex
2485 719 2580 770 hac
2611 721 2845 788 prtesenti
2874 720 2976 774 vita
3006 738 3098 776 nos
3142 723 3334 793 perdis.
3377 725 3484 780 Sed
3516 730 3698 783 mundi

2091 803 2208 860 Rea:
2232 808 2496 877 defunctos
2525 827 2616 864 nos
2637 828 2730 881 pro
2759 813 2863 866 suis
2889 813 3082 884 legibus
3110 815 3163 869 in
3189 826 3433 871 aeternam
3473 820 3589 874 vita:
3611 837 3696 876 re-

2091 903 2454 958 surrectionem
2476 905 2757 959 suscitabit.
2793 906 2921 961 Item
2953 907 3062 962 illic
3091 925 3104 961 :
3132 908 3314 964 Potius
3345 922 3418 966 est
3434 914 3496 965 ab
3527 913 3696 966 Itami-

2091 991 2239 1047 nibus
2257 997 2405 1048 morti
2429 998 2574 1050 datos
2601 1009 2870 1068 expectare
2891 1017 3030 1070 spem
3057 1019 3087 1054 a
3110 1000 3241 1070 Deo,
3275 1005 3458 1058 iterum
3497 1005 3557 1059 ab
3584 1007 3694 1076 ipso

2087 1087 2429 1142 suscitandas.
2509 1089 2619 1143 Tibi
2681 1092 2814 1144 enim
2882 1094 3186 1148 resurrectio
3250 1095 3304 1148 in
3377 1098 3529 1150 vitam
3594 1118 3694 1154 non

2088 1179 2200 1232 erit.
2251 1178 2380 1234 Item
2455 1180 2599 1236 illic:
2664 1182 2976 1238 Potestatem
3028 1185 3160 1239 inter
3199 1187 3425 1242 homines
3481 1191 3688 1258 habens,

2086 1289 2200 1326 cum
2234 1274 2304 1328 sis
2330 1277 2641 1347 corruptilis,
2679 1279 2807 1348 facis
2831 1281 2968 1346 quod
2995 1279 3089 1333 vis.
3127 1279 3252 1334 Noli
3296 1292 3462 1336 autem
3515 1294 3694 1354 putare

2084 1381 2244 1435 genus
2273 1377 2498 1420 nostrum
2528 1384 2558 1420 a
2589 1367 2695 1423 Deo
2724 1386 2830 1424 esse
2860 1369 3178 1426 derelictum.
3231 1373 3438 1428 Sustine
3491 1386 3538 1429 et
3575 1377 3689 1432 vide

2085 1471 2273 1527 magna
2292 1467 2513 1526 potestas
2545 1461 2654 1530 ejus
2681 1462 2898 1530 qualiter
2918 1473 2964 1516 te
2991 1472 3035 1516 et
3062 1480 3233 1518 semen
3256 1475 3398 1518 tuum
3419 1469 3686 1537 torquebit.

2084 1549 2214 1605 Item
2247 1551 2359 1608 illic
2393 1569 2405 1607 :
2433 1552 2560 1608 Noli
2590 1555 2784 1624 [rustra
2814 1573 3006 1614 errare.
3031 1557 3148 1614 Nos
3169 1561 3304 1615 enim
3328 1572 3534 1632 propter
3561 1580 3686 1618 nos-

2081 1643 2321 1712 metipsos
2341 1646 2449 1699 hazc
2473 1646 2701 1715 patimur
2728 1660 2993 1715 peccantes
3024 1651 3078 1703 in
3110 1649 3276 1705 Deum
3305 1664 3554 1708 nostrum.
3609 1654 3686 1710 Tu

2081 1744 2248 1788 autem
2279 1753 2340 1789 ne
2384 1747 2434 1790 te
2465 1739 2722 1794 existimes
2764 1741 3078 1810 impunitum
3106 1747 3360 1811 futurum,
3415 1763 3687 1818 aggressus

370 1828 550 1897 9-I7).
589 1828 719 1884 Item
766 1829 875 1883 illic
907 1841 921 1882 :
958 1827 1059 1896 Qui
1087 1830 1271 1892 vincet,
1301 1828 1431 1882 dabo
1459 1827 1538 1881 itli
1576 1825 1724 1880 edere
1747 1827 1811 1880 de
1837 1825 1976 1896 ligno
2005 1835 2054 1896 Β
2086 1845 2314 1903 pugnare
2352 1846 2464 1884 cum
2502 1829 2612 1885 Deo
2636 1831 2700 1897 (II
2747 1831 2925 1886 Mach.
2960 1850 3052 1897 vn,
3083 1835 3264 1897 9-19).

368 1920 484 1974 vita:
514 1917 529 1956 ¹
567 1921 704 1991 quod
734 1932 804 1975 est
832 1921 886 1974 in
911 1921 1152 1992 paradiso
1188 1920 1280 1974 Dei
1330 1920 1450 1975 mei.
1501 1919 1632 1974 Item
1661 1919 1772 1975 illic
1801 1938 1814 1974 :
1850 1918 1974 1974 Esto

367 2015 534 2084 ﬁdelis
586 2031 742 2085 usque
781 2015 849 2069 ad
899 2025 1130 2082 mortem,
1174 2024 1219 2068 et
1259 2015 1389 2068 dabo
1440 2013 1531 2067 tibi
1574 2029 1818 2067 coronam
1859 2013 1978 2067 vita:

371 2105 556 2180 (Apoc.
602 2123 662 2172 ιι,
696 2107 870 2177 7-I0).
913 2107 1062 2162 Beati
1087 2116 1296 2161 merant
1340 2107 1428 2174 qui
1454 2106 1736 2178 vigilabant
1779 2116 1826 2161 et
1871 2123 1976 2162 ser-

369 2203 554 2257 vabunt
580 2211 608 2238 ιι
640 2205 932 2257 vestimenta
962 2219 1080 2269 sua,
1108 2219 1172 2256 ne
1199 2202 1323 2256 nudi
1369 2201 1631 2256 ambulent
1683 2211 1728 2257 et
1774 2201 1976 2258 videant

371 2296 734 2365 turpitudinem
779 2312 927 2350 suam
977 2294 1163 2368 (Apoc.
1219 2313 1328 2360 xw,
1400 2295 1514 2367 15).
1573 2297 1650 2352 De
1703 2298 1803 2352 hoc
1857 2297 1974 2366 ipso

368 2389 568 2445 Paulus
614 2391 681 2445 ad
709 2390 1052 2445 Timotheum
1086 2400 1109 2427 ο
1137 2391 1190 2445 in
1241 2392 1476 2447 secunda
1504 2409 1516 2445 :
1551 2390 1666 2462 Ego
1686 2393 1804 2462 jam
1850 2391 1976 2445 deli-

370 2483 461 2537 bor
486 2494 533 2549 ι’,
562 2493 608 2536 et
631 2493 826 2552 tempus
841 2485 997 2537 instat
1025 2499 1148 2538 mete
1169 2485 1531 2554 assumptionis
1549 2495 1596 2536 ιι.
1624 2485 1825 2540 Bonum
1849 2503 1977 2557 ago-

371 2589 487 2628 nem
513 2583 535 2610 τ
557 2575 771 2638 certavi,
799 2590 1004 2628 cursum
1039 2575 1246 2645 perfeci,
1280 2575 1434 2642 ﬁdem
1460 2577 1670 2629 servavi.
1719 2575 1842 2630 1am
1883 2593 1976 2631 su-

373 2674 538 2734 perest
562 2674 584 2702 ε
606 2666 730 2719 mihi
756 2682 945 2720 corona
952 2668 1188 2738 justitiaz,
1213 2684 1363 2736 quam
1383 2668 1507 2722 mihi
1533 2669 1707 2722 reddet
1729 2668 1978 2725 Dominus

371 2757 426 2811 in
473 2758 566 2812 illo
591 2758 676 2812 die
701 2759 866 2823 iustus
900 2762 916 2795 ί
943 2759 1139 2830 judex;
1175 2776 1275 2814 non
1313 2760 1478 2813 solum
1517 2771 1686 2815 autem
1712 2763 1857 2830 mihi,
1887 2763 1978 2818 sed

375 2859 424 2903 et
477 2851 714 2904 omnibus
756 2850 840 2918 qui
870 2846 1140 2906 dilexerint
1169 2851 1442 2906 adventum
1473 2855 1582 2924 ejus
1611 2853 1630 2926 (
1654 2854 1697 2909 II
1723 2853 1862 2910 Tim.
1897 2872 1972 2926 ιν,

371 2942 518 3013 6-8).
569 2945 645 3000 De
673 2944 774 3000 hoc
821 2945 937 3016 ipso
981 2945 1046 3000 ad
1087 2945 1399 3001 Romanos:
1427 2946 1620 3001 Sumus
1648 2949 1743 3016 ﬁlii
1770 2948 1886 3006 Dei.
1917 2951 1980 3006 Si

369 3046 541 3092 autem
585 3036 700 3106 ﬁlii,
746 3047 792 3091 et
839 3037 1064 3092 lueredes
1094 3036 1210 3103 Dei,
1241 3038 1529 3093 cohteredes
1557 3050 1724 3094 autem
1749 3040 1978 3108 Christi;

369 3130 617 3201 siquidem
645 3133 1013 3203 compatiamur
1039 3141 1089 3197 ιι,
1117 3142 1172 3186 ut
1199 3143 1246 3187 et
1275 3134 1770 3204 commagniﬁcemur
1796 3135 1974 3208 (Rom.

367 3237 482 3287 vui,
513 3224 626 3292 16).
659 3225 733 3279 De
757 3223 860 3280 hoc
886 3226 1002 3295 ipso
1028 3225 1078 3279 in
1104 3224 1319 3280 Psalmo
1346 3241 1508 3280 cxvm
1533 3225 1708 3280 :Beati
1740 3238 1767 3263 τ’
1796 3228 1863 3259 ³³³
1893 3246 1980 3308 συί
2006 3251 2050 3314 C

365 3317 682 3384 immaculati
708 3329 827 3374 sunt
878 3320 932 3373 in
982 3321 1062 3374 via
1107 3329 1153 3374 et
1178 3321 1268 3388 qui
1325 3319 1589 3374 ambulant
1620 3322 1674 3376 in
1728 3321 1836 3394 lege
1866 3323 1974 3380 Do-

367 3411 491 3465 ntini
517 3419 566 3466 ι.
595 3410 742 3466 Beati
768 3412 857 3482 qui
884 3419 1266 3482 perscrutantur
1291 3412 1542 3484 martyrio
1567 3415 1676 3484 ejus
1707 3424 1757 3470 γ.

370 3537 488 3577 CAP.
543 3539 676 3579 XVII.
705 3555 778 3565 -—
805 3539 1006 3579 lINORA
1049 3539 1174 3580 ESSE
1218 3540 1338 3588 ρυε
1386 3539 1439 3579 IN
1483 3539 1700 3582 εισι]ιο
1741 3541 1973 3584 PATIIUR

580 3610 723 3658 QUAI
750 3611 831 3650 SIT
857 3611 1113 3652 PBEIIIUI
1138 3611 1278 3659 QUOD
1305 3611 1602 3653 PROIISSUI
1632 3613 1754 3654 EST.

441 3685 496 3742 In
521 3685 758 3756 Epistola
773 3686 927 3742 Pauli
957 3688 1023 3742 ad
1054 3687 1327 3743 Romanos
1355 3705 1370 3742 :
1397 3687 1518 3743 Non
1539 3699 1658 3744 sunt
1701 3692 1970 3763 condigna:

365 3780 628 3852 passiones
673 3781 826 3852 hujus
854 3781 1092 3850 temporis
1142 3781 1211 3834 ad
1253 3792 1671 3853 superventuram
1700 3793 1721 3820 κ
1763 3786 1970 3839 clarita-

368 3881 466 3927 tem
515 3887 628 3943 qute
648 3873 949 3928 revelabitur
976 3874 1030 3927 in
1055 3873 1199 3928 nobis
1225 3873 1408 3949 (Rom.
1452 3890 1566 3941 vni,
1625 3873 1716 3947 I8)
1745 3875 1822 3932 De
1871 3875 1974 3932 hoc

364 3963 484 4035 ipso
534 3975 592 4002 δίει
617 3966 669 4020 in
715 3965 1037 4022 Machahzeis
1067 3965 1342 4033 :Domine,
1402 3968 1488 4037 qui
1531 3975 1761 4021 sanctam
1822 3967 1974 4023 habes

365 4060 646 4130 scientiam,
677 4059 1004 4132 manifestum
1028 4067 1101 4125 est
1120 4059 1262 4130 quia,
1289 4075 1404 4114 cum
1427 4075 1674 4129 possema
1705 4069 1866 4114 morte
1906 4060 1974 4114 li-

2153 1966 2271 2007 CAP.
2311 1964 2458 2003 χνιιι.
2491 1977 2560 1987 --
2597 1963 2894 2002 DILECTIONI
2944 1964 3031 2002 DEI
3081 1965 3146 2002 ET
3207 1964 3416 2006 CHRISTI

2656 2035 3080 2075 PBEPONENDUM.

2152 2115 2209 2170 In
2253 2113 2670 2169 Deuteronomio
2715 2128 2732 2166 :
2788 2111 2985 2182 Diliges
3021 2112 3294 2168 Dominum
3337 2115 3503 2171 Deum
3536 2126 3684 2172 tuum

2083 2209 2144 2263 de
2175 2217 2278 2262 toto
2306 2208 2458 2262 corde
2481 2221 2566 2260 tuo
2595 2217 2641 2260 et
2672 2207 2735 2260 de
2765 2215 2868 2259 tota
2899 2207 3072 2260 anima
3096 2219 3183 2260 tua
3216 2219 3262 2262 et
3293 2210 3356 2264 de
3383 2220 3490 2264 tota
3521 2212 3683 2265 virtu-

2082 2309 2224 2355 tetua
2251 2299 2596 2372 (Deut.\'|,5).
2626 2299 2756 2352 Item
2780 2298 2832 2352 in
2861 2298 3150 2366 Evangelio
3175 2308 3294 2353 cata
3323 2301 3633 2356 Malthaium
3662 2321 3675 2357 :

2086 2393 2187 2461 Qui
2213 2405 2352 2446 amat
2381 2402 2574 2463 patrem
2603 2401 2691 2444 aut
2719 2399 2932 2444 matrem
2957 2408 3109 2460 super
3129 2408 3206 2445 me
3219 2391 3277 2428 Μ)
3294 2409 3395 2446 non
3424 2404 3494 2446 est
3520 2410 3598 2447 me
3613 2395 3685 2446 di-

2081 2503 2212 2557 gnus
2239 2503 2256 2550 ;
2286 2495 2333 2539 et
2353 2486 2439 2554 qui
2471 2495 2523 2522 επ
2549 2493 2686 2536 amat
2713 2483 2877 2552 [ilium
2909 2493 2996 2536 aut
3017 2484 3179 2550 ﬁliam
3208 2500 3362 2553 super
3383 2501 3462 2538 me
3481 2500 3581 2538 non
3613 2494 3686 2538 est

2084 2594 2163 2631 me
2191 2578 2400 2648 dignus;
2430 2586 2476 2630 et
2502 2576 2589 2647 qui
2611 2592 2713 2630 non
2750 2576 2935 2644 accipit
2959 2591 3159 2630 crucem
3186 2593 3331 2630 suam
3360 2585 3408 2630 et
3461 2579 3688 2647 sequitur

2082 2685 2162 2723 me
2188 2685 2288 2723 non
2310 2679 2382 2722 est
2412 2684 2552 2722 meus
2578 2667 2864 2736 discipulus
2895 2667 3110 2740 (Matth.
3143 2685 3197 2736 χ,
3226 2669 3342 2739 57).
3375 2668 3505 2724 Item
3535 2671 3585 2722 in
3617 2669 3686 2722 E-

2085 2759 2272 2828 pistola
2303 2758 2454 2812 Pauli
2509 2758 2572 2812 ad
2623 2758 2934 2814 Romanos;
2970 2759 3096 2826 Quis
3152 2776 3244 2814 nos
3298 2761 3552 2829 separabit
3570 2757 3688 2812 “da

2081 2854 2332 2907 charitate
2357 2851 2546 2906 Christi
2571 2863 2625 2888 οε
2647 2852 2673 2904 ?
2699 2868 2956 2922 pressura,
2990 2870 3056 2905 an
3086 2855 3342 2923 angustia,
3363 2871 3428 2907 an
3456 2871 3689 2924 persecu-

2082 2948 2152 3001 tio
2187 2946 2262 3014 (ί,
2289 2964 2356 3000 an
2384 2951 2568 3017 fames,
2598 2963 2664 2999 an
2691 2947 2918 3010 nuditas,
2949 2964 3016 3000 an
3041 2947 3346 3017 periculum,
3370 2966 3434 3002 an
3452 2950 3688 3019 gladius?

2081 3040 2210 3094 sicut
2230 3039 2478 3109 scriptum
2499 3038 2853 3104 est:Quoniam
2871 3055 3026 3093 causa
3039 3041 3111 3092 tui
3130 3049 3185 3087 ὃς
3204 3040 3485 3093 occidimur
3504 3039 3562 3078 ¹ι¹ι
3582 3051 3689 3096 tota

2083 3131 2186 3198 die,
2211 3131 2441 3201 deputati
2462 3147 2637 3185 sumus
2654 3139 2832 3184 utoves
2852 3129 2866 3166 ί
2886 3129 2900 3166 ί
2922 3131 3262 3197 victimte;sed
3285 3133 3336 3185 in
3353 3132 3432 3186 his
3456 3133 3688 3188 omnibus

2083 3223 2486 3294 supervincimus
2517 3239 2610 3295 pro
2635 3239 2693 3277 eo
2720 3223 2808 3294 qui
2831 3222 3010 3276 dilexit
3033 3240 3122 3278 nos
3144 3223 3442 3296 (Bonum,
3469 3225 3687 3298 55-37).

3474 1969 3616 2008 NIHIL

2129 3352 2248 3392 CAP.
2303 3351 2416 3391 XIX.
2443 3365 2516 3376 --
2544 3350 2844 3391 VOLUN'I'A'I'I
2882 3351 2984 3391 NON
3012 3351 3256 3404 Νοετιιιις,
3285 3351 3380 3392 εει)
3406 3353 3517 3406 DEI,
3546 3355 3644 3394 OB-

2669 3422 3080 3462 TEMPERANDUI.

2149 3503 2204 3558 In
2238 3503 2531 3574 Evangelio
2552 3511 2669 3557 cata
2695 3501 2956 3557 Joannem
2987 3520 2998 3554 :
3037 3500 3158 3555 Non
3187 3502 3427 3557 descendi
3463 3504 3528 3558 de
3551 3503 3678 3562 cazlo

2075 3605 2132 3651 ut
2159 3597 2348 3668 faciam
2370 3597 2681 3651 voluntatem
2706 3612 2886 3660 meam,
2921 3595 3012 3650 sed
3039 3595 3344 3650 voluntatem
3379 3598 3488 3667 ejus
3518 3597 3562 3647 ii
3590 3601 3679 3668 qui

2076 3706 2158 3744 me
2182 3690 2318 3744 misit
2346 3689 2526 3760 (Joan.
2555 3705 2630 3752 v1,
2660 3688 2774 3760 58).
2805 3687 2881 3743 De
2910 3687 3013 3743 hoc
3035 3690 3149 3758 ipso
3175 3699 3293 3744 cata
3322 3690 3629 3747 Mutthazum
3665 3709 3680 3746 :

2080 3781 2260 3850 Pater,
2285 3784 2330 3836 si
2357 3783 2470 3851 ﬁeri
2498 3791 2679 3851 potest,
2707 3791 2933 3836 transeat
2959 3798 2991 3834 a
3016 3799 3094 3835 me
3117 3783 3255 3836 calix
3279 3784 3406 3846 iste;
3436 3796 3686 3840 verumta-

2077 3890 2192 3928 men
2217 3891 2319 3927 non
2343 3873 2479 3943 quod
2502 3889 2593 3944 ego
2614 3872 2748 3938 volo,
2772 3873 2862 3927 sed
2890 3873 3026 3939 quod
3079 3883 3132 3926 tu
3159 3870 3216 3908 ιιι(
3255 3873 3470 3945 (Matth.
3533 3892 3679 3944 xxw,

2078 3965 2193 4037 59).
2222 3965 2351 4020 Item
2383 3966 2434 4019 in
2461 3981 2620 4036 prece
2651 3963 2958 4036 quotidiana
2990 3981 3008 4021 :
3035 3963 3160 4019 Fiat
3207 3968 3438 4020 voluntas
3463 3977 3551 4022 tua
3578 3970 3680 4023 sic-

2077 4072 2131 4115 ut
2179 4061 2233 4114 in
2281 4059 2406 4114 σωιο
2457 4069 2502 4113 et
2551 4060 2787 4114 interra.
2820 4058 2951 4116 Item
3003 4068 3124 4116 cata
3167 4059 3473 4117 Mattbzeum
3507 4079 3520 4116 :
3552 4059 3681 4117 Non

1598 4191 1982 4253 LECTIONES
2023 4193 2432 4252 VARIANTES.

427 4312 457 4341 ⁸
480 4311 610 4362 Laus
627 4310 738 4362 Deo
765 4311 887 4362 Bod.
913 4311 959 4361 3.

429 4370 460 4409 b
482 4373 546 4424 Et
567 4375 870 4435 respondens
891 4385 1020 4424 unus
1042 4385 1106 4424 ex
1129 4372 1410 4422 senioribus
1428 4372 1554 4422 dixit
1573 4372 1690 4422 mihi
1712 4374 1836 4424 Bod.
1856 4375 1904 4424 3.

434 4437 460 4497 ἓ
487 4436 616 4488 Sunt
637 4439 689 4487 hi
713 4443 766 4486 et
787 4437 919 4487 unde
944 4438 1076 4486 Lam.
1104 4435 1213 4487 NG.
1242 4437 1298 4497 1.
1317 4435 1440 4485 Bod.
1465 4435 1515 4497 2,
1541 4435 1590 4484 5.

428 4495 458 4536 ἆ
480 4497 708 4557 Domine,
731 4505 780 4548 tu
803 4501 899 4549 scis
924 4497 1046 4548 Bod.
1071 4500 1114 4556 1,
1135 4501 1184 4555 2,
1207 4499 1256 4560 3,
1282 4496 1329 4546 4.

431 4562 456 4626 ‘3
482 4561 692 4626 Propter
714 4561 805 4610 hoc
825 4569 937 4612 sunt
962 4563 1092 4612 Lam.
1120 4557 1276 4626 NGJl
1292 4599 1305 4626 .
1340 4557 1462 4610 Thu.
1488 4559 1630 4626 Gorb1
1654 4561 1774 4612 Gott.

429 4621 452 4660 ί
479 4621 830 4677 Νοιίθειιτίθιιι
851 4639 1015 4688 neque
1033 4624 1240 4688 amplius
1260 4625 1430 4674 sitient
1452 4625 1556 4674 Lin.
1595 4624 1714 4674 Gott.

428 4689 456 4728 8
483 4686 643 4738 Ullum
671 4685 888 4737 dolorem
914 4689 1161 4738 patientur
1189 4686 1312 4737 Bod.
1337 4689 1384 4737 5.

431 4702 455 4728 δ
485 4702 643 4738 υιιυηι
671 4702 888 4737 amorem
914 4702 1161 4750 patientur
1189 4702 1312 4737 nou.
1337 4702 1384 4737 ὂ.

431 4747 462 4786 h
486 4749 672 4800 Throni
697 4757 791 4811 est,
821 4757 967 4811 reget
991 4749 1112 4799 Bod.
1141 4751 1188 4811 1,
1206 4751 1255 4809 2,
1273 4750 1322 4811 5,
1347 4750 1393 4799 4.
1427 4748 1551 4799 Thu.
1575 4747 1714 4799 Corb.

432 4811 450 4881 ξ
481 4811 748 4884 perlucere
779 4825 867 4884 eos
892 4813 1095 4884 Diod-A2;
1129 4874 1142 4884 _
1168 4875 1186 4884 η
1252 4881 1259 4884 Α
1568 4876 1576 4884 .

432 4874 448 4924 i
480 4875 555 4925 Ad
580 4877 760 4939 fontem
779 4877 898 4939 vita
925 4876 1045 4926 Gott.
1070 4874 1144 4926 Ad
1165 4875 1346 4925 fontem
1371 4889 1510 4939 aquae
1536 4876 1645 4923 vitae
1675 4873 1794 4924 Bod.
1821 4875 1867 4924 5.

427 4939 455 4975 ιε
481 4939 558 4986 ΔΙ)
576 4937 728 4990 oculis
755 4938 876 4988 Bod.
907 4940 950 4988 1.
979 4939 1025 4988 5.

429 4998 450 5038 1
478 4999 550 5050 Ex
576 5001 709 5066 ligno
735 5001 859 5052 Bod.
887 5003 932 5062 1,
957 5003 1004 5062 3,
1028 5002 1074 5050 4.

425 5062 465 5090 ¹¹¹
483 5062 680 5115 Felices
700 5065 823 5114 Bod.
851 5065 895 5113 I.
920 5066 968 5114 4.
999 5063 1104 5113 Thu

427 5126 455 5152 τι
481 5101 1132 5190 ῨῖέὲἴεῖἦιὶῗέρὶὶιέιὶιἮὸὰ
1159 5127 1222 5176 .1.
1251 5127 1368 5176 Gott.

430 5190 453 5216 ⁰
480 5187 605 5240 Ιιεῐω
627 5190 810 5241 Paulus
831 5190 890 5240 ad
913 5190 1226 5241 Timotheum
1253 5191 1384 5238 Lam.
1408 5189 1516 5238 NG.
1547 5189 1588 5238 ι.
1609 5187 1736 5238 Βοά.
1759 5189 1806 5236 2.
1837 5187 1958 5237 Thu.

367 5249 583 5378 coibiigo
600 5315 700 5378 jam
727 5315 852 5366 Iibor
880 5314 1002 5366 Bod.
1036 5315 1148 5374 1,2.
1188 5311 1310 5363 Tha.

427 5381 454 5449 [ι
483 5374 634 5449 Instat
656 5379 1220 5449 assumptionispodj,
1245 5379 1292 5449 ξ,
1318 5374 1699 5449 4.R§msitionis
1714 5374 1835 5426 Gott.
1953 5440 1962 5449 ο

365 5503 402 5552 C
429 5440 675 5554 :(Bouum
712 5439 966 5493 certamen
1001 5442 1125 5490 Bod.
1159 5440 1206 5488 2.
1243 5439 1361 5490 Gott.
1397 5439 1602 5490 Cursum
1639 5440 1966 5487 consummavi

404 5518 432 5552 υ
463 5540 485 5551 ν.

1988 4621 2042 4682 D

2065 4777 2069 4780 -
2131 4748 2154 4774 ⁸
2183 4747 2254 4796 Ad
2272 4747 2481 4798 futuram

2138 4312 2160 4374 ξ
2188 4307 2265 4374 De
2289 4317 2468 4360 (πρίει-ο
2491 4311 2706 4374 reposita
2742 4309 2862 4361 Gott.

2141 4372 2158 4406 ³
2188 4371 2280 4436 Ille
2299 4373 2460 4436 justus
2484 4371 2606 4423 Bod.
2637 4375 2682 4431 1,
2706 4373 2757 4433 2,
2783 4375 2829 4422 4.

2135 4437 2164 4499 ιξ
2187 4434 2545 4499 Conipatiamur
2570 4443 2623 4487 et
2653 4434 3126 4499 commagoiﬁcemur
3152 4437 3283 4486 Lam.
3311 4439 3420 4488 ΝΕ.
3458 4439 3502 4488 1.
3545 4440 3670 4491 Bod.

2068 4497 2115 4546 2.
2143 4497 2688 4560 Simul‘magnilicemur
2719 4497 2914 4560 Rodii.

2128 4562 2158 4592 '
2184 4559 2379 4612 Felices
2399 4558 2522 4611 Bod.
2552 4561 2595 4609 I.
2621 4561 2669 4609 4.
2702 4558 2824 4609 Thu.

2129 4624 2160 4652 ³
2184 4623 2447 4672 Amhulaut
2469 4626 2518 4672 in
2541 4625 2617 4672 via
2639 4622 2831 4672 Domini
2859 4622 2984 4672 Bod.
3008 4623 3054 4682 I,
3079 4623 3128 4670 2.
3161 4621 3284 4674 Thu.
3313 4624 3457 4675 Corb.

2129 4687 2158 4749 ξ’
2185 4685 2411 4749 Martyris
2438 4686 2562 4749 ejus,
2593 4691 2644 4734 et
2667 4685 2713 4732 in
2740 4691 2841 4749 toto
2860 4685 3010 4734 corde
3034 4687 3302 4749 exquirunt
3324 4701 3438 4738 eum
3463 4689 3590 4739 Bod.
3619 4689 3668 4741 Δ1.

2505 4746 2708 4808 gloriam
2735 4748 2861 4798 Bod.
2888 4750 2934 4798 I.

2129 4811 2188 4841 ⁸⁸
2221 4810 2299 4860 De.
2321 4811 2411 4877 hoc
2430 4812 2535 4871 ipso
2557 4811 2606 4877 i_n
2623 4809 2910 4877 Machahaeis
2925 4809 3205 4877 desuntista
3227 4809 3277 4877 in
3287 4813 3315 4860 Ι
3318 4814 3563 4877 inpressis,
3579 4814 3667 4866 sed

2066 4880 2326 4937 agnoscunt
2357 4876 2532 4923 Veron.
2562 4873 2696 4937 Leon.
2724 4873 2832 4923 NG.
2860 4873 2906 4923 I.
2933 4873 3056 4924 Bod.
3082 4875 3130 4922 2.
3160 4874 3298 4924 Corb.

2129 4932 2191 4972 δι’
2217 4937 2335 4986 Plus
2356 4948 2499 4986 quam
2531 4947 2613 4984 me
2638 4935 2759 4984 Gott.

2131 5001 2186 5030 οο
2215 4998 2278 5049 Et
2306 4995 2391 5059 qui
2413 4995 2573 5059 diligit
2596 4995 2739 5059 Corb.

2133 5059 2193 5099 (ιὰ
2219 5057 2342 5120 Quid
2364 5057 2611 5122 separabit
2640 5057 2764 5110 Tha.

2130 5127 2187 5184 ές
2214 5123 2288 5170 ΑΙ)
2311 5121 2469 5184 agape
2491 5121 2670 5172 Christi
2698 5124 2830 5174 Lam.
2858 5124 2966 5176 NG.
3000 5125 3046 5175 I.
3075 5125 3200 5177 Bod.
3226 5126 3274 5175 4.
3300 5125 3442 5178 Corb.

2131 5183 2152 5222 ἲ
2164 5183 2184 5222 ι
2209 5183 2498 5244 Τι’ίὶιιιιειὶὶο,
2522 5187 2744 5248 angustia
2765 5185 2885 5238 Gott.

2131 5250 2188 5290 ss
2214 5249 2449 5308 Quoniam
2466 5257 2666 5310 promer
2690 5256 2739 5298 te
2758 5249 2881 5300 Bod.
2901 5248 2948 5298 5.

2129 5309 2193 5349 hh
2216 5309 2559 5360 Mortiﬁcamur
2585 5310 2704 5360 Gott.

2136 5373 2186 5413 ii
2217 5372 2351 5424 Oves
2372 5373 2629 5423 occisionis
2655 5375 2776 5424 Bod.
2804 5373 2852 5423 1.
2887 5375 3007 5425 Gott.

2141 5435 2187 5487 il
2219 5435 2380 5498 Patris
2401 5437 2502 5498 mei
2525 5438 2606 5498 qui
2631 5450 2712 5486 me
2743 5437 2874 5487 misit
2897 5437 3020 5488 Gott.

2139 5500 2200 5539 kk
2223 5497 2322 5549 Sed
2341 5497 2472 5561 quod
2495 5497 2553 5548 tu
2572 5499 2646 5548 vis
2671 5500 2791 5549 Gott.

1629 5629 1874 5688 STEPII.
1904 5625 2177 5685 BALUZII
2201 5624 2431 5683 ΝΟΤᾸΞ.

435 5767 564 5824 CAP.
582 5767 905 5825 XVII.——De
931 5770 1023 5841 hoc
1053 5770 1164 5841 ipso
1192 5768 1244 5822 in
1276 5765 1742 5841 Machabceis._lsta
1767 5774 1821 5823 et
1839 5782 1960 5838 qua:

362 5849 668 5915 Sequuntur
709 5858 878 5909 usque
927 5840 994 5895 ad
1026 5837 1186 5896 ﬁnem
1224 5840 1466 5909 capituli,
1509 5837 1690 5893 addita
1740 5837 1961 5894 suntex

810 5936 1088 6000 PATBOL.
1135 5933 1242 5999 Π.
1291 5931 1353 5995 S.
1402 5930 1706 5993 Cyrnus.

2063 5766 2300 5842 editione
2358 5765 2676 5842 A__nglicana_
2722 5776 2778 5822 et
2852 5782 2915 5823 ex
2981 5767 3168 5826 codice
3239 5769 3518 5842 Fuxcusi,
3572 5781 3686 5835 tum

2067 5839 2229 5895 etiam
2273 5854 2340 5895 ex
2378 5837 2702 5896 ’I‘uronensi.
2747 5913 2772 5919 __

3118 5933 3194 5998 2’s
