4230 6282
601 344 707 406 ’747

1995 328 2132 392 DIVI
2169 323 2495 391 CYPBIANI

3798 318 3913 392 748

600 475 766 531 omnis
785 471 872 546 qui
888 467 1013 525 mihi
1037 466 1158 523 dicit
1182 481 1201 521 :
1226 462 1462 531 Domine,
1495 460 1731 527 Domine,
1758 456 1986 514 introibit
2032 457 2084 511 in
2114 471 2195 510 re.
2219 454 2274 515 Α
2300 454 2529 507 timorem
2558 450 2691 507 dabo
2718 450 2774 505 in
2794 465 2883 505 cor
2915 465 3119 517 eorum,
3150 456 3206 503 ut
3234 463 3339 531 non
3369 449 3633 505 discedant
3662 466 3695 503 a
3719 466 3831 516 me,
3862 460 3915 508 et

601 584 759 641 gnum
787 563 1050 628 caelorum;
1076 559 1167 615 sed
1190 558 1237 613 is
1271 557 1357 629 qui
1387 555 1509 627 facit
1531 554 1844 610 uoluntatem
1895 550 2070 605 Patris
2098 547 2199 603 mei

603 663 690 735 qui
706 662 756 716 in
777 658 914 713 caelis
931 664 1021 721 est,
1039 655 1150 727 ipse
1172 651 1398 709 introibit
1411 652 1464 706 in
1478 665 1690 721 regnum
1711 646 1952 703 caelorum
1978 642 2195 719 (Matth.

601 770 698 823 'm,
725 752 841 826 21).
862 751 993 807 Item
1020 759 1135 805 cata
1154 748 1346 807 Lucam
1365 745 1498 802 :Ille
1513 753 1686 800 autem
1710 759 1882 798 servas
1894 741 1979 812 qui
2004 752 2198 810 cogno-

605 848 698 905 scit
720 847 1028 903 voluntatem
1051 840 1246 898 domini
1270 841 1351 895 sui
1366 850 1414 895 et
1431 855 1531 895 non
1549 836 1774 910 paruerit
1793 834 2039 890 voluntati
2066 830 2196 902 ejus,

600 941 864 1015 vapulabit
893 938 1065 995 multis
1095 936 1117 959 ‘
1140 935 1295 1014 (Luc.
1326 951 1421 1003 xu,
1452 933 1567 1005 I7).
1594 932 1653 988 In
1679 928 1918 1003 Epistola
1938 925 2198 984 Ioannis:

606 1034 709 1103 Qui
725 1044 892 1089 autem
928 1031 1109 1102 fecerit
1144 1028 1453 1085 voluntatem
1494 1026 1611 1092 Dei,
1662 1034 1830 1078 manet
1861 1039 1913 1076 in
1929 1030 2198 1085 arternum,

575 1127 858 1202 ‘quomodo
885 1136 932 1183 et
962 1127 1070 1200 ipse
1100 1134 1265 1180 manet
1300 1123 1352 1178 in
1386 1132 1631 1177 acternum
1659 1118 1709 1173 ι’.
1739 1115 1787 1190 (1
1811 1116 1968 1171 Joan.
1990 1130 2049 1183 η,
2082 1110 2198 1184 Π).

675 1286 797 1329 CAP.
827 1286 923 1326 XX.
950 1280 1443 1325 —FUNDAIKNTUII
1473 1278 1542 1318 ET
1585 1276 1977 1317 FIBIAIENTUH
2027 1274 2141 1315 SPEI

1069 1355 1137 1394 ET
1155 1354 1299 1394 FIDE!
1322 1352 1449 1393 ESSE
1472 1348 1730 1391 TIIOREI.

676 1474 736 1536 In
764 1479 980 1535 Psalmo
1002 1476 1119 1533 CX.
1151 1492 1166 1529 :
1207 1475 1424 1529 Initium
1471 1472 1737 1543 sapientia:
1777 1469 1927 1523 timor
1968 1466 2197 1522 Domini.

607 1577 684 1633 De
710 1576 813 1631 hoc
841 1574 959 1645 ipso
983 1572 1037 1627 in
1064 1571 1341 1641 Sapientia
1364 1567 1671 1625 Salomonis
1707 1584 1719 1618 :
1753 1562 1968 1617 Initium
1994 1563 2203 1630 sapiam

604 1672 690 1727 tiae
707 1678 926 1724 metuere
951 1665 1116 1721 Deum
1154 1664 1346 1734 (Eccti.
1387 1676 1427 1729 ι,
1479 1659 1593 1733 16).
1622 1660 1755 1715 Item
1800 1658 1857 1712 in
1886 1656 2203 1711 Proverbiis

601 1763 843 1835 ejusdem
873 1779 887 1815 :
915 1760 1100 1815 Beatus
1131 1760 1282 1812 homo
1326 1764 1398 1811 est
1423 1757 1510 1826 qui
1539 1763 1737 1809 veretur
1765 1752 1938 1806 omnia
1966 1766 2064 1820 per
2093 1764 2204 1802 me-

2313 543 2522 597 msitabo
2551 558 2704 613 super
2723 542 2842 598 illos
2888 543 3182 612 benefacere
3202 525 3311 597 illis
3337 551 3384 597 et
3435 543 3671 613 plantare
3700 544 3818 599 illos
3846 546 3907 601 in

2304 644 2439 690 terra
2461 636 2632 690 suain
2653 636 2756 706 fide
2788 647 2836 691 et
2859 637 2913 691 in
2953 636 3094 690 omni
3122 636 3277 690 corde
3329 645 3377 690 et
3406 636 3461 690 in
3505 637 3644 691 omni
3698 638 3894 694 animo.

2304 731 2483 802 (Hier,
2514 747 2664 798 xm,
2694 728 2920 804 51-“).
2942 730 3077 787 Item
3118 732 3172 787 in
3206 732 3530 805 Apocalypsi
3561 748 3575 785 :
3605 733 3672 788 Et
3730 733 3916 805 riginti

2303 835 2521 893 quatuor
2562 825 2784 880 seniores
2809 824 2865 878 in
2892 835 3165 895 conspectu
3194 824 3421 880 sedentes
3448 829 3504 880 in
3557 827 3752 881 thronis
3802 828 3916 882 suis

2304 916 2590 971 ceciderunt
2620 932 2779 989 supra
2819 917 2974 987 facies
2998 932 3116 972 suas
3141 918 3187 971 et
3231 917 3578 973 adoraoerunt
3618 917 3785 972 Deum
3816 920 3908 973 di-

2304 1018 2470 1065 centes
2500 1026 2519 1063 :
2559 1009 2764 1065 Gratias
2781 998 2990 1082 agimus
3005 1009 3114 1077 tibi,
3140 1010 3362 1079 Domine
3378 1009 3519 1066 Deus
3538 1012 3863 1082 omnipotens
3888 1052 3904 1080 ,

2305 1103 2393 1173 qui
2412 1118 2464 1156 es
2489 1114 2536 1157 et
2564 1102 2652 1173 qui
2683 1101 2846 1174 fuisti,
2879 1098 3015 1173 quod
3052 1101 3294 1174 accepisti
3314 1111 3609 1171 potestatem
3636 1113 3777 1157 tuam
3792 1119 3913 1158 ma-

2305 1210 2460 1266 gnam
2481 1203 2528 1249 et
2552 1194 2800 1265 regnasti,
2829 1204 2874 1248 et
2900 1195 3237 1267 gentesiratte
3264 1202 3404 1261 sunt,
3435 1205 3483 1250 et
3512 1196 3648 1250 venit
3688 1195 3771 1249 ira
3820 1204 3915 1250 tua

2317 1297 2364 1341 et
2385 1297 2581 1358 tempus
2600 1303 2699 1357 quo
2729 1288 2793 1341 de
2814 1288 3033 1340 mortuis
3058 1286 3388 1353 iudicetur‘et
3411 1288 3563 1343 detur
3579 1304 3770 1344 merces
3792 1304 3912 1344 ser-

2311 1385 2387 1439 uis
2415 1384 2515 1438 tuis
2541 1381 2816 1454 PrOphetis
2835 1392 2881 1438 et
2908 1384 3098 1438 sanctis
3116 1384 3406 1439 timentibus
3432 1400 3618 1440 nomen
3640 1394 3784 1440 tuum
3811 1402 3912 1456 pu-

2314 1478 2444 1534 sillis
2472 1487 2518 1533 et
2547 1479 2766 1551 magnis,
2796 1488 2841 1532 et
2871 1477 3166 1548 disperdere
3184 1492 3270 1532 eos
3291 1479 3380 1549 qui
3425 1490 3766 1551 corruperunt
3812 1489 3914 1534 ter-

2313 1590 2427 1630 ram
2481 1574 2665 1647 (Apoc.
2696 1591 2770 1642 si,
2801 1573 3011 1645 16-18).
3046 1571 3177 1629 Item
3205 1573 3315 1629 illic
3336 1578 3360 1626 ξ
3398 1574 3462 1629 Et
3488 1574 3593 1628 ridi
3620 1575 3778 1629 alium
3806 1575 3917 1630 An-

2307 1669 2472 1741 getum
2496 1671 2748 1728 volantem
2775 1685 2866 1741 per
2890 1667 3115 1722 medium
3143 1669 3323 1722 emtum
3366 1664 3634 1724 nubentem
3681 1668 3914 1741 Evange.

2308 1762 2433 1816 tium
2482 1778 2717 1832 perenne,
2742 1762 3089 1834 euangelizare
3131 1762 3421 1817 sedenﬁbus
3467 1778 3625 1832 super
3654 1770 3841 1817 terram
3868 1770 3915 1818 et

608 1867 715 1913 lum
746 1867 767 1895 ε
798 1854 980 1928 (Prov.
1035 1866 1219 1917 XXVI“,
1264 1851 1381 1920 Η)·
1410 1850 1485 1904 De
1511 1847 1613 1903 hoc
1636 1849 1753 1917 ίβδθ
1782 1845 1923 1916 θριιά
1949 1845 2161 1900 Esaiam
2186 1865 2199 1902 ε
2233 1854 2281 1917 Β
2307 1855 2360 1910 in
2389 1870 2562 1910 omnes
2593 1855 2825 1911 nationes
2849 1864 2894 1910 et
2916 1855 3076 1910 tribus
3096 1864 3143 1910 et
3170 1854 3373 1925 linguas
3396 1864 3445 1910 et
3472 1857 3708 1927 populos,
3741 1856 3915 1911 dicen-

608 1948 680 2003 Et
703 1962 1018 2017 superquam
1038 1944 1203 2000 alium
1248 1943 1543 2014 respiciunt,
1585 1940 1689 1995 nisi
1714 1957 1867 2011 super
1888 1939 2130 1993 humilem
2158 1948 2203 1991 et

605 2044 826 2114 quietum
846 2050 891 2095 et
918 2049 1203 2095 trementem
1225 2054 1480 2093 sermones
1513 2052 1650 2090 meos
1705 2033 1840 2102 (Isa.
1895 2050 2016 2088 LXVI
2048 2074 2062 2100 ,
2100 2030 2203 2104 2)?

606 2136 686 2192 De
712 2136 815 2191 hoc
838 2135 955 2205 ipso
998 2134 1056 2189 in
1084 2132 1319 2189 Genesi:
1351 2130 1417 2184 Et
1462 2129 1654 2184 vocavit
1680 2142 1797 2182 eum
1848 2125 2070 2198 Angelus
2096 2122 2206 2179 Do-

607 2229 734 2283 ntini
756 2228 819 2283 de
842 2227 987 2293 calo,
1014 2235 1064 2280 et
1087 2226 1217 2280 dixit
1261 2225 1340 2279 illi
1371 2240 1389 2278 :
1415 2223 1673 2279 Abraham
1706 2265 1720 2289 ,
1776 2220 2054 2274 Abraham.
2105 2218 2206 2273 Ilia

607 2330 776 2378 autem
826 2321 953 2376 dixit
1001 2336 1019 2374 :
1061 2320 1190 2374 Ecce
1236 2334 1346 2391 ego.
1393 2314 1461 2371 Et
1504 2318 1635 2371 dixit
1662 2333 1681 2371 :
1716 2313 1844 2369 Noti
1884 2315 2147 2384 iniponere
2176 2311 2205 2351 ἀ

605 2430 819 2469 manum
839 2423 976 2469 tuam
999 2427 1154 2483 super
1175 2426 1572 2481 puerum,neqne
1602 2408 1784 2480 feceris
1806 2407 1885 2461 illi
1909 2406 2202 2478 quicun

609 2505 767 2561 Nunc
795 2507 926 2561 enim
952 2505 1164 2577 cognovi
1190 2504 1433 2574 quoniam
1455 2503 1598 2555 times
1638 2500 1801 2554 Deum
1852 2508 1996 2552 tuum
2027 2507 2073 2552 et
2104 2512 2207 2553 non

607 2599 872 2671 pepercisti
903 2598 1011 2669 ﬁlio
1030 2608 1118 2651 tuo
1145 2595 1469 2650 dilectissimo
1494 2603 1708 2663 propter
1743 2608 1822 2647 me
1869 2590 2025 2665 (Gen.
2068 2606 2204 2658 xx",

612 2689 862 2762 Ii).Ilem
902 2690 960 2744 in
1015 2688 1231 2744 Pssimo
1256 2703 1313 2743 ιι.
1347 2684 1542 2743 Servite
1586 2685 1808 2740 Domino
1856 2686 1909 2737 in
1952 2685 2131 2738 timore
2162 2692 2210 2739 et

609 2786 830 2841 exultate
857 2784 903 2839 ei
926 2785 981 2839 in
1000 2794 1233 2838 tremore.
1274 2782 1407 2837 Item
1436 2779 1927 2836 inDcuteronomio
1954 2778 2048 2835 Dei
2105 2795 2209 2835 vox

607 2879 674 2934 ad
701 2879 919 2951 Moysen
951 2896 967 2934 :
997 2877 1229 2933 Convoca
1259 2878 1327 2931 ad
1353 2892 1432 2931 me
1454 2876 1723 2947 populum,
1744 2884 1793 2928 et
1821 2871 2038 2928 audiant
2060 2875 2211 2929 verba

606 2989 739 3034 mea.
768 2983 822 3026 ut
852 2973 1047 3027 discant
1063 2971 1236 3025 timere
1264 2968 1335 3001 "‘
1371 2984 1452 3022 me
1477 2967 1709 3022 omnibus
1732 2966 1908 3021 diebus
1954 2981 2081 3037 quos
2111 2965 2212 3037 ipsi

600 3069 767 3122 'oivent
793 3081 945 3137 super
967 3074 1151 3119 terram
1182 3058 1361 3134 (Deut.
1404 3076 1481 3116 ιν.
1513 3061 1581 3117 It)
1610 3060 1648 3130 ).
1691 3060 1823 3115 Item
1848 3058 1989 3132 apud
2018 3059 2207 3114 Hiem-

604 3161 821 3216 miam:
869 3157 999 3213 Ecce
1024 3158 1131 3213 dies
1174 3156 1401 3222 veniunt,
1450 3156 1572 3209 dicit
1626 3153 1907 3220 Dominus,
1975 3161 2021 3206 et
2080 3167 2205 3206 oon-

2310 1958 2409 2003 tem
2426 1965 2551 2004 uoce
2572 1965 2759 2021 magna
2802 1964 2821 2003 :
2848 1946 3040 2003 Timete
3088 1947 3271 2012 Deum,
3313 1956 3358 2003 et
3405 1950 3522 2002 date
3570 1949 3615 2003 ei
3642 1940 3913 2016 beneﬁcia,

2315 2044 2558 2114 quoniam
2582 2043 2716 2097 venit
2742 2041 3064 2114 horajudicii
3086 2043 3218 2111 ejus,
3244 2045 3297 2095 et
3312 2040 3523 2095 udorute
3544 2048 3659 2095 eum
3684 2041 3770 2110 qui
3785 2040 3911 2109 fecit

2321 2138 2501 2191 caelum
2523 2146 2568 2191 et
2598 2146 2784 2191 terram
2814 2146 2860 2192 et
2881 2150 3023 2190 mare
3047 2146 3091 2190 et
3114 2139 3275 2208 fontes
3300 2149 3545 2205 aqvarum
3572 2134 3759 2207 (Apoc.
3791 2148 3910 2202 xw,

2311 2226 2365 2297 6,
2410 2228 2493 2304 7).
2524 2232 2653 2287 Item
2676 2228 2783 2287 iliic
2818 2248 2832 2286 :
2867 2230 2933 2285 Et
2964 2230 3068 2285 vidi
3095 2230 3238 2299 quasi
3261 2242 3402 2283 mare
3427 2229 3644 2284 vitreum
3690 2228 3913 2282 mixtum

2308 2326 2436 2398 igni,
2460 2336 2507 2380 et
2534 2336 2795 2396 pascentes
2813 2324 2987 2380 bestia:
3000 2339 3116 2378 cum
3142 2323 3289 2395 agnis
3315 2324 3445 2395 ejus,
3475 2331 3522 2377 et
3552 2335 3795 2376 numerus
3810 2336 3908 2375 no-

2311 2418 2462 2473 minis
2490 2418 2597 2489 ejus
2624 2432 2779 2473 ωιτν
2804 2425 2995 2472 stantes
3020 2426 3179 2487 supra
3225 2428 3364 2468 mare
3412 2416 3631 2468 vitreum
3676 2413 3914 2469 habentes

2310 2511 2537 2565 citharas
2567 2510 2681 2578 Dei,
2720 2520 2767 2565 et
2796 2518 3004 2563 cantant
3052 2507 3308 2562 canticum
3351 2507 3519 2578 Moysi
3554 2505 3688 2561 serui
3731 2505 3827 2560 Dei
3864 2514 3911 2561 et

2312 2604 2564 2656 canticum
2595 2601 2728 2672 Agni
2757 2601 2981 2657 dicentes
3004 2618 3024 2655 :
3053 2599 3249 2671 Magna
3270 2608 3317 2653 et
3342 2599 3601 2653 mirabilia
3618 2610 3777 2670 opera
3798 2607 3910 2665 tua,

2314 2680 2533 2752 Darnine
2556 2694 2691 2751 Deus
2711 2696 3202 2767 omnipotens,in
3214 2704 3265 2748 et
3277 2708 3413 2749 verae
3424 2694 3522 2748 vis
3541 2705 3642 2749 tute
3656 2692 3913 2757 θωπικαὶ

2318 2790 2570 2862 gentium.
2604 2789 2734 2857 Quis
2783 2804 2884 2842 non
2913 2789 3084 2842 timeat
3119 2794 3164 2841 et
3188 2786 3273 2840 det
3301 2786 3545 2841 honorem
3580 2786 3775 2840 nomini
3800 2786 3914 2840 tuo?

2312 2885 2433 2956 quia
2458 2885 2598 2939 solus
2618 2884 2759 2955 pius,
2790 2894 2839 2938 et
2867 2884 3109 2953 quoniam
3139 2896 3313 2935 omnes
3367 2882 3603 2935 nationes
3642 2880 3836 2932 venient
3862 2886 3911 2932 et

2313 2978 2600 3034 adorabunt
2619 2979 2672 3033 in
2705 2985 2980 3047 conspectu
3008 2987 3114 3040 tuo,
3147 2973 3389 3047 quoniam
3432 2975 3649 3044 iustitia:
3672 2982 3771 3028 tute
3792 2986 3910 3027 ma-

2310 3073 2572 3144 nifestam:
2618 3080 2736 3125 sunt
2812 3069 3015 3144 (Apoc.
3056 3082 3143 3133 xv,
3187 3066 3336 3140 Qui).
3380 3066 3513 3122 Item
3566 3069 3617 3122 in
3647 3066 3913 3122 Bonis-Ie:

2315 3162 2439 3217 Fuit
2465 3165 2543 3218 uir
2568 3163 2807 3217 habitans
2844 3162 2899 3215 in
2937 3159 3246 3232 Babylonia,
3278 3159 3362 3213 cui
3410 3172 3600 3214 nomen
3630 3168 3741 3213 erat
3786 3156 3918 3213 lou-

607 3254 870 3309 summabo
927 3267 1080 3322 super
1143 3249 1350 3304 domum
1419 3245 1588 3302 Israel
1636 3256 1683 3302 et
1744 3247 1801 3301 in
1853 3246 2004 3301 domo
2060 3244 2207 3299 Iuda

2313 3256 2465 3323 enim,
2502 3267 2548 3312 et
2571 3257 2765 3327 accepit
2793 3266 3005 3310 uxorem
3021 3252 3226 3308 nomine
3254 3253 3571 3318 Susannam,
3595 3253 3759 3323 ﬁliam
3786 3250 3916 3306 Hei-

610 3355 965 3400 testameutum
1045 3357 1253 3409 novum,
1334 3355 1438 3394 non
1502 3341 1782 3394 secundum
1853 3349 2207 3394 testamentum

612 3438 749 3509 quod
778 3438 1127 3506 disposuerant
1181 3433 1409 3504 patribus
1463 3448 1638 3487 eorum
1668 3434 1721 3486 in
1760 3432 1843 3485 die
1869 3448 1981 3485 cum
2010 3448 2204 3501 appre-

610 3531 765 3586 hendi
810 3546 1018 3585 manum
1039 3526 1269 3594 illorum,
1308 3526 1520 3581 educere
1557 3542 1642 3581 eos
1672 3527 1736 3580 de
1780 3534 1914 3579 terra
1962 3522 2206 3597 Egypti,

608 3626 727 3699 quia
756 3640 859 3679 non
890 3630 1276 3692 permanserunt
1298 3622 1351 3675 in
1376 3628 1669 3675 testamento
1688 3632 1802 3674 meo
1834 3627 1893 3681 et.
1917 3630 2008 3689 ego
2032 3618 2209 3687 negle»

608 3719 665 3775 τί
689 3732 883 3783 eorum,
916 3715 1038 3771 dicit
1066 3713 1337 3778 Dominus,
1362 3712 1487 3783 quia
1534 3713 1630 3767 hoc
1680 3720 2037 3766 testamentum
2074 3709 2210 3780 quod

618 3812 888 3884 disponam
913 3809 1088 3863 domui
1112 3806 1298 3864 Israel.
1332 3802 1458 3861 Post
1484 3804 1595 3860 dies
1621 3803 1759 3870 illos,
1795 3804 1914 3858 dicit
1935 3801 2206 3870 Dominus,

609 3908 741 3962 dans
770 3907 929 3977 legem
956 3920 1118 3960 meum
1144 3905 1196 3959 in
1222 3916 1372 3959 sensu
1402 3916 1578 3957 eorum
1607 3903 1823 3957 scribam
1851 3901 2018 3968 illam,
2052 3911 2099 3955 et
2123 3916 2209 3955 ero

611 4000 715 4056 illis
744 4001 797 4054 in
820 3999 1005 4063 Deum,
1034 4008 1079 4052 et
1101 3999 1198 4067 ipsi
1227 4006 1371 4051 erunt
1396 3996 1521 4050 mihi
1546 3995 1600 4049 in
1625 3995 1838 4065 plebem,
1871 4004 1915 4048 et
1963 4008 2066 4047 non
2112 3993 2209 4048 do-

614 4092 794 4147 cebunt
820 4091 1160 4161 unusquisque
1206 4093 1417 4161 fratrem
1453 4104 1603 4142 suum
1654 4088 2209 4159 dicentes:(}ognosce

614 4188 912 4255 Dominum,
939 4187 1061 4257 quia
1088 4200 1260 4240 omnes
1307 4187 1463 4239 scient
1494 4199 1573 4238 me
1612 4201 1645 4237 a
1699 4183 1894 4237 minore
1932 4198 2096 4253 nam
2142 4183 2213 4238 ad

612 4282 892 4337 maximum
922 4295 1116 4347 eorum,
1162 4277 1282 4350 quia
1311 4277 1562 4349 propitius
1610 4292 1699 4331 ero
1743 4276 2091 4349 iniquitatibus
2128 4292 2214 4330 eo-

610 4394 745 4440 rum,
777 4384 823 4429 et
848 4385 1170 4446 peccatorum
1200 4388 1375 4426 eorum
1398 4386 1497 4426 non
1526 4384 1615 4425 ero
1644 4387 1838 4425 institor
1876 4370 2121 4441 stripitu.
2153 4368 2215 4424 Si

612 4468 888 4524 exaltatum
919 4466 1069 4537 fuerit
1099 4466 1282 4521 coelum
1316 4464 1367 4519 in
1391 4463 1629 4531 sublime,
1660 4464 1785 4519 dicit
1829 4462 2106 4530 Dominus,
2161 4473 2210 4517 et

613 4562 655 4615 si
684 4560 951 4614 ltumiliata
979 4560 1130 4629 fuerit
1158 4570 1292 4611 terra
1317 4556 1573 4625 deorsum,
1602 4565 1654 4610 at
1680 4548 1772 4627 ego
1794 4572 1901 4611 non
1930 4554 2212 4623 reprdbttbo

2312 3351 2462 3417 cnice,
2489 3351 2771 3422 formosam
2793 3349 2947 3403 wide
2970 3359 3019 3403 et
3046 3348 3305 3402 iuuentem
3337 3346 3496 3402 Deum
3524 3361 3545 3411 ;
3572 3355 3618 3401 et
3639 3355 3788 3401 erant
3812 3360 3914 3416 pa-

2329 3455 2497 3501 rentes
2526 3445 2635 3515 ejus
2665 3443 2808 3511 iusti,
2828 3448 2877 3498 et
2910 3448 3189 3497 docuerunt
3243 3442 3402 3511 ﬁliam
3437 3456 3581 3496 suam
3628 3440 3915 3495 secundum

2312 3538 2485 3608 {qui
2515 3534 2870 3607 ﬂaysﬂbun.
2900 3550 3017 3599 xm,
3047 3535 3193 3604 1-5).
3251 3534 3379 3589 Item
3404 3531 3462 3588 in
3514 3532 3786 3587 nam:
3829 3530 3905 3586 Et

2315 3647 2489 3686 sumus
2516 3631 2736 3685 humiles
2760 3630 2814 3683 in
2839 3628 2977 3683 omni
3006 3634 3144 3682 terra
3162 3626 3313 3682 hodie
3342 3636 3771 3698 propterpecoata
3801 3642 3920 3680 nos-

2322 3733 2422 3789 tra,
2457 3735 2503 3780 et
2534 3740 2636 3779 non
2667 3733 2739 3779 est
2768 3724 2862 3777 hoc
2914 3734 3142 3796 ternpore
3188 3725 3429 3793 princeps
3450 3736 3613 3790 neque
3652 3718 3919 3791 prophetes

2318 3832 2474 3891 neque
2499 3818 2623 3883 dare,
2662 3830 2827 3889 neque
2855 3815 3154 3871 iiatscausta
3194 3830 3359 3886 neque
3384 3814 3575 3869 oblatio
3601 3828 3767 3881 neque
3806 3812 3923 3865 naso

2320 3912 2594 3977 tia,‘neque
2618 3909 2752 3976 t’hus,
2780 3920 2941 3980 neque
2964 3897 3113 3963 locus.
3134 3908 3431 3978 sacriﬁcare
3454 3918 3640 3961 coram
3667 3915 3715 3959 te
3741 3918 3787 3959 et
3830 3904 3924 3958 iub

2318 4003 2490 4057 venire
2510 3998 2913 4058 misericordiam
2939 4019 2972 4056 α
2994 4010 3048 4057 ‘te
3077 4017 3094 4056 :
3122 4010 3167 4056 et
3187 4003 3241 4056 in
3265 4001 3438 4055 anima
3468 4010 3516 4055 et
3542 4000 3726 4071 spiritu
3754 3997 3925 4053 nuntie-

2320 4097 2478 4152 litatis
2509 4107 2741 4167 acceptos
2766 4110 2860 4151 nos
2886 4092 3092 4150 habent
3134 4094 3422 4151 notamusti
3445 4095 3676 4151 victima
3698 4090 3925 4149 arietum

2310 4202 2365 4246 et
2390 4198 2727 4246 mmt'et
2756 4190 2901 4260 quasi
2943 4187 3104 4242 multa
3151 4188 3316 4242 millia
3369 4204 3622 4259 agnorum
3665 4186 3753 4258 qui
3799 4197 3927 4241 sunt

2320 4283 2657 4354 pinguissimi.
2684 4281 2773 4336 Sic
2795 4281 3085 4351 [iatltostia
3116 4291 3292 4336 nostra
3340 4298 3518 4336 coram
3564 4291 3613 4335 te
3634 4280 3791 4334 hodie
3813 4320 3831 4344 ,
3874 4287 3927 4333 et

2320 4384 2647 4430 consultetur
2672 4384 2898 4445 palm
2920 4374 3137 4429 iitum
3156 4415 3170 4440 ,
3188 4372 3443 4443 genereiam
3471 4389 3574 4427 non
3626 4371 3925 4427 mouent

2318 4469 2405 4539 qui
2429 4467 2692 4535 conﬁdunt
2710 4468 2769 4519 in
2786 4475 2857 4520 te.
2888 4462 2955 4520 Et
2971 4481 3107 4520 nunc
3127 4465 3384 4537 sequinmr
3404 4472 3512 4519 toto
3540 4464 3693 4519 corde
3711 4462 3971 4528 nostra,"

2319 4569 2367 4613 et
2392 4560 2621 4613 timemus
2651 4568 2696 4613 et
2720 4557 2996 4627 qua-risistis
3017 4557 3384 4625 faciemtuam.
3413 4554 3498 4611 Ne
3520 4572 3616 4611 suos
3645 4555 3701 4612 in
3728 4571 3927 4623 appro-

613 4670 771 4725 genus
798 4652 982 4719 Israel,
1001 4652 1123 4706 dicit
1149 4649 1421 4717 Dominus,
1448 4664 1539 4721 pro
1570 4649 1801 4705 omnibus
1828 4665 1942 4721 qute
1954 4649 2204 4720 fecerunt.
2236 4668 2289 4733 D
2316 4652 2479 4706 brium
2497 4650 2567 4683 ³¹⁸
2588 4651 2782 4716 tradas,
2808 4650 2902 4705 sed
2914 4651 3269 4725 fncnobiscum
3284 4649 3558 4707 secundum
3570 4647 3926 4719 tranquillita-

614 4747 748 4802 Ecce
769 4763 861 4818 ego
883 4745 1198 4818 congregabo
1224 4762 1307 4799 eos
1328 4760 1389 4798 ea:
1414 4745 1552 4798 omni
1570 4756 1717 4798 terra
1741 4742 2075 4813 quudispersi
2092 4741 2213 4796 illos

612 4842 667 4894 in
724 4840 801 4893 ira
869 4847 915 4893 et
968 4840 1023 4894 in
1076 4840 1247 4909 furare
1296 4850 1406 4891 meo
1460 4844 1506 4891 et
1580 4836 1635 4891 in
1671 4835 2055 4890 exacerbatione
2092 4828 2213 4889 ‘ma-

612 4949 737 5003 gna,
767 4942 814 4986 et
829 4941 1088 4986 conteram
1114 4931 1232 4985 illos
1250 4931 1302 4983 in
1334 4930 1499 4983 locum
1518 4929 1700 4994 istacin,
1714 4927 2211 4995 etutinqumillos

614 5026 669 5080 in
699 5041 902 5096 pavore,
927 5036 974 5079 et
1012 5034 1157 5079 erunt
1205 5024 1327 5077 mihi
1349 5025 1401 5077 in
1426 5022 1639 5094 plebeia,
1666 5032 1712 5078 et
1733 5020 1935 5076 eraile
1958 5024 2015 5078 in
2042 5022 2213 5077 Deum

613 5131 660 5173 et
687 5118 817 5173 dabo
832 5120 937 5173 iiiis
956 5117 1321 5174 vismaileram
1344 5115 1673 5181 et‘coraliud,
1686 5126 1747 5171 ut
1764 5118 1971 5171 timeant
1988 5134 2072 5171 me
2096 5133 2212 5170 orit-

616 5212 765 5267 nibus
785 5213 959 5267 diebus
979 5212 1030 5265 in
1062 5209 1191 5265 bona
1218 5226 1332 5263 cum
1348 5206 1486 5273 ﬁliis
1500 5208 1636 5275 suis,
1673 5219 1717 5263 et
1744 5210 2119 5264 ‘consnmmabo
2142 5209 2215 5264 eis

616 5315 969 5362 testamentum
988 5315 1236 5360 teternum
1264 5294 1398 5387 quod
1437 5320 1536 5356 non
1583 5312 1803 5358 nmium
1830 5312 1954 5371 post
1997 5302 2140 5370 dias,
2164 5313 2211 5357 et

2320 4754 2419 4799 tem
2448 4753 2688 4809 tuam,“
2712 4740 2989 4801 smdum
3021 4744 3394 4799 multitudinem
3422 4742 3794 4803 misericordiw
3818 4730 3924 4797 ita:

2320 4833 2474 4889 libera
2494 4851 2583 4889 nos
2605 4834 2764 4904 (Dan.
2799 4850 2874 4895 ιιι,
2892 4835 2981 4901 57,
3000 4833 3105 4908 I2).
3126 4835 3253 4893 [tem
3270 4830 3377 4890 Hic
3394 4833 3929 4891 :‘Etmmmenter

2320 4931 2521 5000 gavisus
2571 4938 2662 4990 est,
2707 4939 2753 4982 et
2804 4928 2957 5000 jussit
2989 4926 3343 4983 Danielemde
3388 4928 3507 4985 lactt
3530 4926 3881 4998 leonumcjici
3905 4944 3928 4992 ,'

2319 5037 2365 5078 et
2393 5024 2520 5077 nihil
2536 5026 2579 5076 ei
2606 5034 2884 5078 nocuerunt
2906 5024 3094 5088 leones,
3120 5026 3238 5094 quia
3259 5022 3545 5095 conﬁdebat
3568 5035 3617 5079 et
3635 5025 3929 5081 mdidaat

2319 5118 2373 5171 in
2400 5116 2505 5171 Deo
2533 5134 2645 5170 suo.
2681 5116 2745 5170 Et
2767 5120 2922 5188 jussit
2936 5128 3138 5182 rem-et
3164 5119 3511 5189 perduxerunt
3536 5118 3656 5175 illos
3696 5118 3928 5173 hmines

2318 5214 2407 5283 qui
2428 5222 2787 5266 accusaverunt
2808 5209 3097 5280 Danidcm,
3129 5222 3176 5266 et
3204 5214 3447 5267 adserunt
3463 5214 3583 5267 ἤνυε
3602 5212 3656 5266 in
3682 5213 3797 5266 lacu
3820 5210 3929 5268 leo-

2318 5322 2436 5359 num
2464 5315 2508 5359 et
2540 5321 2723 5359 umores
2748 5321 2919 5359 eorum
2943 5316 2989 5359 et
3001 5315 3158 5369 ,natos
3186 5321 3382 5361 eorum.
3414 5303 3775 5376 Etanthuam
3806 5320 3923 5374 per-

1826 5400 2210 5479 LEC'ttortEs
2250 5416 2667 5476 VARIANTES.

670 5519 696 5579 f
722 5516 888 5567 Multis
909 5515 1068 5579 plagis
1087 5514 1206 5565 Cott.

666 5576 696 5617 b
722 5580 861 5630 Deus
881 5576 1048 5630 manet
1072 5579 1121 5627 in
1144 5588 1383 5629 aeternum
1411 5576 1530 5626 Cott.

2383 5514 2405 5577 (ξ
2434 5511 2606 5577 ania
2630 5516 2834 5577 prapter
2853 5488 3040 5577 metum
3069 5513 3188 5563 Cott.

2383 5574 2410 5612 ιι
2436 5572 2845 5624 Inferre‘mahum
2872 5576 2991 5626 Cott.

1827 5676 2070 5739 STEPH.
2114 5674 2392 5739 BlLUZlI
2428 5678 2664 5736 NOTAE.

683 5804 813 5857 Cui.
845 5800 966 5855 XX.
986 5800 1203 5872 —Item
1243 5802 1295 5852 in
1330 5799 1739 5872 Deuteronomio.
1776 5797 2109 5872 Istiielquie
2126 5812 2220 5872 se-
2322 5796 2906 5872 num,_additags_lmt_ex
2939 5797 3125 5872 codice
3141 5800 3309 5858 sancti
3335 5799 3532 5871 Aibitti,
3554 5809 3613 5860 et
3637 5810 3703 5859 Cx
3735 5796 3931 5872 codice

614 5882 852 5946 quunlur
872 5886 1039 5940 usque
1072 5871 1139 5923 ad
1160 5869 1292 5922 Item
1324 5870 1376 5919 in
1400 5869 1593 5936 psalmo
1611 5882 1810 5924 Συρίης
1833 5866 2026 5923 Timete
2044 5866 2223 5923 Domi.

2327 5869 2691 5929 Atlrebntensi
2711 5868 2768 5927 S.
2802 5869 2986 5947 Eligii.
