4214 6266
344 368 461 439 755

1533 380 2103 441 TESTIMONIORUM
2141 382 2350 442 LIBER
2387 382 2473 442 III.

3553 384 3653 450 7934

349 491 453 560 dis,
483 500 529 548 et
553 492 712 549 redde
738 492 1002 550 Altissimo
1022 504 1138 551 vota
1166 505 1279 550 tua.
1307 493 1500 551 Invoco
1527 514 1607 552 me
1634 499 1689 553 in
1718 500 1802 553 die
1815 516 1953 569 pres-
1978 502 2029 561 Α
2056 516 2372 572 unaquaque
2388 504 2557 557 virum
2583 518 2733 559 suum
2767 504 2969 561 habeat.
3006 504 3168 561 Uxori
3190 507 3266 561 vir
3292 509 3511 566 debitum
3536 513 3653 567 red-

347 603 486 644 sura:
509 597 556 655 ιι,
598 598 647 644 et
685 590 905 644 eximant
948 598 998 646 te
1021 588 1072 657 ιδ,
1119 600 1168 644 ει
1196 590 1505 659 clariﬁcabis
1556 607 1638 646 me
1667 602 1712 645 ο.
1748 592 1824 648 De
1853 592 1955 649 hoc

347 676 470 752 ipso
496 680 550 735 in
581 681 800 737 Actibus
829 681 1211 753 Apostolorum
1253 699 1268 737 :
1294 682 1399 737 Gur
1423 685 1651 752 implevit
1681 681 1954 742 dSatanas

349 789 439 830 cor
460 781 607 828 tuum
631 784 654 812 ο
680 775 881 830 mentiri
897 784 944 831 te
967 776 1185 847 Spiritui
1200 786 1397 844 sancto,
1425 793 1540 831 cum
1560 788 1689 833 esset
1719 779 1738 816 τ
1764 779 1956 850 fundus

349 868 407 924 in
433 877 523 923 tua
560 869 834 938 potestate?
870 867 992 924 Non
1022 869 1310 924 hominibus
1348 872 1586 926 mentitus
1615 887 1684 935 es,
1730 871 1819 925 sed
1844 870 1954 927 Deo

350 958 508 1034 (Act.
567 976 624 1029 ν,
671 960 769 1031 5).
831 960 962 1017 Item
992 963 1134 1032 apud
1179 961 1502 1017 Hieremiam
1547 979 1560 1016 :
1596 962 1952 1020 Maledictuss

350 1053 439 1127 qui
465 1054 589 1124 facit
609 1070 764 1125 opera
792 1054 889 1110 Dei
914 1055 1220 1127 negligenter
1245 1055 1420 1129 (Hier.
1452 1072 1641 1123 xum,
1672 1056 1784 1128 10).

387 1207 508 1248 CAP.
541 1208 694 1248 XXXI.
718 1222 790 1233 ·-·
814 1208 924 1249 ΕΒΗ
954 1208 1040 1258 QUI
1071 1208 1173 1247 NON
1217 1208 1538 1248 CREDIDERIT
1567 1207 1662 1247 3AM
1696 1205 1920 1250 ἰυυιεΑ-

1000 1301 1108 1342 TUI
1154 1300 1301 1341 ESSE.

425 1399 484 1456 In
540 1398 841 1471 Evangelia
890 1406 1007 1454 cata
1047 1396 1311 1454 Joannem
1345 1415 1357 1452 :
1388 1397 1489 1465 Qui
1528 1414 1631 1452 non
1685 1399 1957 1454 crediderit

343 1491 461 1564 jam
477 1489 746 1561 judicatus
773 1498 868 1558 est,
900 1490 1019 1561 quia
1046 1506 1150 1545 non
1193 1477 1411 1544 credidit
1440 1489 1493 1543 in
1539 1490 1744 1545 nomine
1770 1490 1907 1544 unici
1928 1491 1955 1526 ιι

351 1582 482 1639 Filii
506 1581 621 1638 Dei.
654 1581 769 1637 Hoc
797 1593 965 1636 autent
984 1592 1055 1638 est
1062 1582 1340 1653 judicium,
1373 1583 1615 1654 quoniam
1633 1581 1726 1637 luo:
1752 1583 1881 1637 venit
1903 1586 1957 1637 in

353 1678 620 1742 saxulum,
651 1686 699 1732 et
738 1677 900 1748 magis
930 1676 1218 1731 dilexerunt
1246 1674 1259 1712 ί
1295 1675 1524 1730 homines
1551 1676 1781 1732 tenebras
1803 1692 1957 1747 quam

354 1773 521 1829 lucem
565 1772 746 1846 (Joan.
780 1787 860 1835 tu,
893 1771 1006 1842 18).
1043 1771 1116 1828 De
1142 1772 1244 1828 hoc
1272 1772 1389 1840 ipso
1412 1772 1463 1826 in
1494 1771 1709 1828 Psalmo
1742 1790 1756 1826 :
1786 1770 1957 1842 Prop-

356 1876 492 1923 terea
507 1883 607 1922 non
638 1876 902 1938 resurgent
935 1863 950 1918 i
988 1867 1135 1938 impii
1158 1867 1211 1920 in
1230 1866 1455 1938 judicio,
1489 1882 1647 1938 neque
1669 1876 1957 1938 peccatores

350 1957 408 2014 in
434 1958 649 2014 consilio
669 1960 953 2030 justorum.

388 2088 510 2131 CAP.
558 2089 727 2131 XIX".
775 2103 845 2115 ·-
889 2089 958 2129 DE
1002 2088 1137 2130 BONO
1186 2087 1537 2130 VIRGINITATIS
1591 2088 1658 2128 ET
1714 2085 1902 2127 CONTI-

1041 2181 1271 2223 NEN'I'IE.

347 2302 358 2312 ·
426 2282 486 2338 In
526 2281 721 2339 Genesi
750 2299 763 2336 :
814 2279 1173 2351 Multiplicans
1207 2280 1556 2353 multiplicabo
1590 2281 1822 2336 tristitias
1842 2290 1957 2336 tuas

351 2384 401 2430 et
425 2375 640 2446 gemitus
675 2370 876 2441 tuosk;
922 2383 970 2428 et
995 2373 1048 2426 in
1075 2373 1278 2427 tristitia
1304 2372 1470 2441 paries
1516 2372 1673 2441 ﬁlios,
1710 2381 1762 2425 et
1808 2373 1905 2426 erit
1933 2370 1950 2409 1

356 2468 620 2523 conversio
661 2477 749 2521 tua
774 2466 843 2520 ad
887 2468 1049 2520 virum
1076 2476 1251 2527 tuum,
1292 2475 1339 2519 et
1380 2467 1489 2537 ipse
1511 2465 1584 2518 tui
1616 2464 1958 2520 dominabitur

355 2559 513 2630 (Gen.
543 2576 623 2627 nt,
658 2560 768 2631 16).
832 2560 906 2615 De
936 2561 1038 2614 ltoc
1082 2560 1198 2628 ipso
1244 2558 1298 2613 iu
1328 2558 1620 2628 Evangelia
1660 2568 1778 2613 cata
1825 2558 1958 2614 Mat-

355 2654 555 2710 lhaeum
590 2672 604 2710 :
634 2652 755 2708 Non
805 2669 978 2708 omnes
1022 2652 1228 2723 capiunt
1261 2653 1483 2719 verbum,
1524 2650 1614 2706 sed
1663 2651 1741 2704 illi
1779 2650 1960 2721 quibus

357 2746 533 2801 datunt
556 2754 650 2800 est.
685 2744 819 2800 Sunt
852 2746 983 2798 enim
1008 2744 1263 2823 spadones
1283 2745 1366 2815 qui
1396 2760 1459 2797 ex
1484 2753 1626 2798 utero
1653 2745 1831 2799 matris
1853 2744 1961 2798 nati

354 2848 493 2906 sunt,
522 2850 570 2895 et
598 2848 717 2895 sunt
758 2839 1012 2910 spadones
1048 2839 1135 2909 qui
1162 2839 1325 2893 coacti
1346 2847 1465 2893 sunt
1491 2838 1555 2892 ab
1575 2837 1887 2904 hominibus,
1913 2846 1961 2891 et

354 2946 475 2994 sunt
503 2937 755 3009 spadones
785 2946 825 2971 ιιι
852 2937 939 3007 qui
966 2953 1021 2990 se
1047 2936 1185 3006 ipsos
1225 2943 1576 2990 castraveruttt
1630 2942 1839 3004 prapter
1878 2950 1961 2987 re-

356 3047 514 3101 gnum
556 3029 821 3084 cwlorum.
854 3028 955 3096 Qui
982 3036 1142 3096 potest
1172 3043 1353 3098 capere
1377 3027 1550 3097 capiat
1593 3024 1808 3098 (Matth.
1844 3040 1957 3090 xxx,

359 3106 474 3195 11).
506 3122 639 3178 Item
668 3129 785 3178 cata
820 3121 1017 3177 Lucam
1043 3138 1055 3174 :
1090 3119 1219 3174 Filii
1246 3119 1424 3176 saeculi
1449 3119 1604 3192 hujus
1640 3130 1884 3192 generant
1911 3128 1961 3174 et

355 3225 684 3289 generantur.
741 3214 841 3280 Qui
896 3222 1065 3268 autem
1105 3212 1386 3267 habuerunt
1417 3212 1766 3283 dignationem
1786 3210 1959 3267 saeculi

355 3309 495 3364 illius
538 3317 588 3364 et
638 3306 1019 3363 resurrectionis
1059 3322 1090 3358 a
1139 3304 1373 3371 mortuis,
1413 3321 1515 3358 non
1543 3304 1756 3369 nubunt,
1802 3320 1960 3375 neque
1984 3303 2031 3367 C

357 3401 613 3457 nubuntur
633 3410 681 3454 η.
717 3399 895 3469 Neque
916 3398 1050 3453 enim
1088 3397 1331 3468 incipient
1369 3398 1517 3451 mori.
1541 3395 1797 3468 quuales
1827 3396 1960 3451 enim

359 3504 479 3549 sunt
509 3493 715 3565 Angelis
762 3491 878 3559 Dei,
927 3508 1042 3546 cum
1092 3492 1193 3545 sint
1238 3490 1339 3559 ﬁlii
1374 3490 1756 3544 resurrectionis
1803 3489 1959 3562 (Luc.

360 3604 465 3656 xx,
494 3587 609 3659 54).
661 3586 961 3658 Resurgere
992 3594 1017 3621 ο
1045 3594 1222 3642 autem
1271 3596 1512 3641 mortuos
1538 3583 1747 3656 Moyses
1797 3584 1962 3656 signi-

360 3682 487 3741 ﬁcat
520 3698 641 3738 cum
680 3681 807 3737 dicit
854 3681 908 3735 in
949 3678 1083 3735 rubo
1107 3690 1133 3728 P
1165 3698 1178 3734 :
1208 3678 1454 3734 Dominus
1509 3677 1650 3733 Deus
1680 3678 1959 3743 Abraham,

364 3786 412 3832 et
440 3775 582 3831 Deus
604 3773 779 3837 Isaac,
806 3783 854 3828 et
873 3773 1012 3828 Deus
1033 3770 1217 3837 Iacob,
1243 3788 1345 3825 non
1365 3780 1438 3826 est
1459 3769 1601 3825 Deus
1622 3780 1960 3836 mortuorum,

362 3871 452 3926 sed
462 3870 687 3924 vivorum
722 3866 918 3938 (Exod.
941 3881 1022 3932 Ill,
1042 3863 1122 3937 6).
1156 3863 1342 3919 Omnes
1374 3862 1508 3918 enim
1531 3863 1610 3917 illi
1622 3862 1790 3917 vivunt
1813 3860 1966 3932 (Luc.

362 3979 455 4032 xx,
480 3962 592 4037 58).
610 3962 740 4018 ltem
757 3963 809 4017 in
828 3959 1061 4033 Epistola
1081 3957 1309 4025 Pauliad
1329 3956 1636 4012 Corinthios
1652 3957 1821 4026 prima
1839 3973 1851 4011 :
1870 3953 1971 4008 Bo-

364 4074 486 4113 num
501 4068 572 4112 est
585 4057 775 4112 homini
791 4056 1053 4111 mulierem
1068 4070 1167 4107 non
1179 4052 1469 4123 contingere
1490 4061 1540 4104 ιι.
1568 4049 1785 4120 Propter
1812 4049 1973 4118 [orni-

364 4151 614 4208 cationem
636 4160 657 4188 τ
690 4149 761 4182 ³¹⁸
785 4160 955 4204 autem
974 4147 1312 4217 unusquisque
1325 4158 1688 4198 uxoremsuam
1705 4141 1903 4208 habeat,
1927 4151 1974 4196 et

2057 593 2167 662 dat,
2200 594 2436 650 similiter
2477 606 2525 651 et
2570 613 2704 652 uxor
2731 599 2859 653 viro.
2895 587 3040 654 Uror
3067 601 3294 671 corporis
3322 603 3401 656 sui
3429 615 3654 673 potesta-

2058 696 2156 742 tem
2209 705 2312 744 non
2361 690 2543 757 habet,
2589 691 2680 747 sed
2730 694 2826 749 vir.
2883 692 3134 753 Similiter
3190 703 3238 748 et
3289 696 3365 749 vir
3415 701 3644 763 corporis

2055 779 2137 831 sui
2182 789 2477 848 potestatem
2530 800 2631 838 non
2686 784 2854 851 habet,
2882 784 2972 840 sed
3016 802 3147 840 uxor
3174 796 3221 839 ⁸.
3276 786 3452 844 Nolite
3499 794 3645 861 fraus

2058 868 2182 924 dare
2227 870 2439 927 invicem
2466 874 2583 941 nisi,
2638 891 2702 930 ex
2739 876 3067 931 conventione
3104 877 3122 914 τ
3156 878 3226 931 ad
3249 887 3443 949 tempus
3469 891 3523 934 ut
3563 899 3655 936 va~

2057 962 2176 1019 cetis
2215 966 2433 1020 orationi
2461 982 2482 1031 ;
2529 977 2577 1021 et
2619 968 2804 1023 iterum
2840 970 3149 1024 revertimini
3182 979 3208 1007 ιι
3257 972 3326 1024 ad
3366 973 3421 1025 id
3470 976 3656 1045 ipsum,

2058 1071 2121 1109 ne
2146 1066 2296 1112 tentet
2328 1074 2414 1114 vos
2450 1059 2678 1115 Satanas
2707 1070 2916 1132 propter
2958 1062 3378 1118 incontinentiam
3416 1074 3654 1121 vestram.

2058 1145 2175 1202 Hoc
2196 1150 2310 1203 dico
2333 1152 2611 1207 secundum
2625 1153 2823 1208 veniam
2843 1163 2891 1217 ν,
2910 1170 3013 1207 non
3028 1154 3305 1209 secundum
3327 1155 3629 1226 imperium‘
3642 1196 3657 1212 .

2074 1239 2202 1296 Volo
2230 1253 2399 1298 autem
2420 1262 2593 1301 omnes
2619 1246 2847 1302 homines
2877 1264 2983 1302 esse
3009 1250 3140 1302 sicut
3166 1257 3213 1304 et
3239 1266 3335 1304 me.
3370 1249 3480 1305 Sed
3498 1267 3658 1306 unus-

2055 1334 2269 1405 quisque
2312 1338 2577 1407 proprium
2601 1338 2749 1393 habet
2775 1340 2964 1393 donum
2986 1356 3016 1393 a
3048 1339 3152 1394 Deo
3174 1350 3225 1408 γ,
3257 1340 3390 1396 alius
3413 1342 3510 1408 sic,
3528 1343 3662 1398 alius

2057 1436 2228 1480 autem
2257 1428 2330 1482 sic
2374 1428 2418 1501 υ
2448 1428 2567 1485 Cor.
2595 1447 2689 1497 νη,
2716 1430 2790 1502 1).
2824 1431 2955 1487 Item
2987 1432 3095 1487 illic
3127 1451 3139 1486 :
3168 1431 3361 1489 C(elebs
3388 1438 3575 1507 cogitat
3606 1455 3663 1491 ca

2057 1533 2170 1586 qua:
2224 1528 2341 1573 sunt
2395 1518 2628 1587 Domini,
2685 1523 2939 1592 quomodo
2992 1524 3190 1594 placeat
3224 1524 3357 1581 Deo.
3411 1526 3510 1594 Qui
3549 1545 3613 1581 au
3644 1559 3662 1567 -

2058 1616 2157 1661 tem
2206 1611 2587 1666 matrimonium
2640 1614 2934 1679 contraxit,
2994 1615 3183 1686 cogitat
3256 1632 3316 1669 ea
3373 1632 3490 1687 qua:
3542 1629 3663 1672 sunt

2057 1700 2233 1755 mundi
2263 1702 2415 1773 hujus
2438 1705 2693 1774 quomodo
2722 1704 2920 1775 placeat
2947 1709 3098 1762 uxori
3122 1717 3169 1764 τ.
3205 1709 3295 1765 Sic
3318 1719 3363 1764 et
3397 1710 3580 1765 mulier
3614 1722 3660 1767 ct

2064 1792 2208 1865 virgo
2257 1801 2476 1865 innupta
2513 1797 2703 1869 cogitat
2733 1814 2792 1852 ea
2819 1813 2931 1867 (μίαν
2955 1808 3071 1854 sunt
3101 1799 3334 1865 Domini,
3365 1811 3419 1855 ut
3445 1803 3506 1856 sit
3537 1819 3665 1856 sau-

1982 1901 2033 1963 Β
2060 1894 2144 1941 cla
2175 1895 2233 1924 ειη
2260 1897 2305 1941 et
2329 1904 2543 1960 corpore
2569 1900 2617 1944 et
2637 1891 2838 1961 spiritu.
2868 1890 2994 1968 Quae
3018 1904 3185 1948 autent
3203 1894 3373 1966 nupsit
3398 1896 3586 1967 cogitat
3608 1898 3671 1951 de

2059 1980 2124 2036 iis
2150 1997 2266 2054 qua:
2292 1990 2410 2036 sunt
2454 1984 2635 2038 ntuudi
2661 1986 2835 2055 Intjus,
2863 1987 3115 2055 quomodo
3142 1989 3341 2059 placeat
3367 1989 3475 2043 viro
3498 1988 3663 2063 (Ibid.

2061 2072 2175 2147 52).
2201 2073 2333 2153 ltem
2358 2075 2408 2131 in
2439 2075 2650 2145 Exodo,
2682 2093 2806 2132 cum
2839 2080 3191 2150 praecepisset
3218 2080 3476 2136 Dominus
3499 2081 3668 2154 Moysi

2062 2177 2119 2222 ιιι
2146 2168 2510 2224 sanctiﬁcaret
2539 2170 2793 2239 populum
2828 2171 2880 2225 in
2910 2170 3051 2226 diem
3084 2173 3323 2237 tertium,
3353 2174 3658 2229 sanctifica‘

2062 2258 2136 2313 vit
2161 2259 2272 2326 ille,
2298 2270 2353 2316 et
2375 2259 2641 2330 adjecitbb
2663 2280 2677 2317 :
2701 2260 2880 2318 Estote
2892 2265 3062 2335 parati
3083 2280 3103 2319 :
3126 2264 3283 2320 tribus
3303 2267 3476 2321 diebus
3498 2279 3551 2305 ου
3567 2285 3669 2324 non

2060 2352 2311 2408 accedetis
2338 2353 2407 2406 ad
2433 2354 2668 2408 mulieres
2706 2349 2765 2390 ’Μ
2799 2353 2992 2425 (Exod.
3023 2371 3142 2423 xix,
3176 2356 3286 2426 15).
3319 2356 3452 2411 Ilctn
3484 2360 3534 2412 in
3568 2360 3670 2413 Ba—

2061 2443 2220 2499 silion
2244 2445 2417 2515 primo
2446 2462 2461 2500 :
2492 2444 2557 2499 Et
2589 2445 2847 2516 respondit
2867 2447 3106 2501 sacerdos
3132 2449 3201 2502 ad
3226 2446 3395 2502 David
3419 2458 3464 2502 et
3494 2450 3621 2504 dixit
3647 2467 3668 2509 :

2064 2534 2189 2591 Non
2212 2548 2330 2591 sunt
2358 2554 2517 2609 panes
2547 2539 2754 2610 profani
2773 2539 2828 2592 in
2861 2554 3016 2593 manu
3058 2556 3191 2607 mea,
3245 2541 3343 2594 nisi
3367 2543 3515 2610 panis
3543 2560 3664 2597 san-

2061 2637 2173 2683 ctus
2192 2645 2322 2683 uuus
2341 2638 2420 2685 εὀ.
2440 2628 2503 2685 Si
2522 2630 2895 2685 observatisunt
2920 2631 2937 2668 ί
2953 2630 2970 2668 ί
2992 2633 3136 2703 pueri
3161 2650 3194 2686 a
3211 2634 3437 2701 ntulierc,
3458 2638 3672 2692 mandu-

2063 2722 2245 2776 cabunt
2280 2721 2324 2793 (Ι
2359 2722 2488 2792 Reg.
2519 2739 2630 2789 xxi,
2654 2723 2732 2796 4).
2788 2724 2920 2779 Item
2952 2726 3003 2780 itt
3032 2725 3351 2798 Apocalypsi
3382 2743 3398 2782 :
3432 2727 3503 2782 Ili
3547 2739 3669 2783 sunt

2063 2816 2150 2886 qui
2177 2830 2293 2869 cum
2338 2815 2636 2871 mulieribus
2680 2834 2734 2871 se
2777 2834 2879 2872 non
2915 2819 3385 2891 coinquinaverunt.
3439 2820 3672 2895 Virgines

2067 2910 2199 2963 enim
2225 2905 2631 2979 permanserunt.
2664 2909 2733 2964 Hi
2758 2922 2876 2966 sunt
2897 2913 2983 2980 qui
3002 2923 3282 2985 sequuntur
3305 2915 3505 2986 Aquam
3533 2934 3664 2987 quo—

2064 3015 2279 3072 cumque
2308 3001 2423 3055 ierit
2455 3011 2511 3049 88
2539 3001 2724 3072 (Apoc.
2748 3019 2857 3066 xw,
2885 3004 2968 3075 4).

2065 3130 2183 3172 CAP.
2240 3133 2683 3174 ΧΧιιιι.-·Νιιιιῑ.
2732 3136 2945 3176 PATREM
2998 3138 3275 3192 JUDICARE,
3326 3139 3423 3180 εει)
3471 3142 3672 3195 Ριιιωι,

2135 3226 2207 3265 ΕΤ
2232 3226 2445 3266 PATREI
2469 3229 2535 3267 ΑΒ
2561 3229 2628 3269 ΕΟ
2650 3229 2754 3269 NON
2784 3229 3159 3271 HONOBIFICARI
3182 3234 3214 3271 Δ
3242 3232 3349 3282 QUO
3372 3234 3473 3276 NON
3505 3234 3673 3275 BONO‘

2136 3318 2423 3359 RIFICATUR
2439 3320 2631 3376 ι-ῖιιιυε.

2138 3403 2197 3459 In
2230 3404 2521 3474 Evangelia
2565 3414 2681 3459 cata
2710 3403 2972 3460 Joannem
3014 3421 3028 3459 :
3061 3404 3214 3461 Nihil
3248 3404 3412 3462 Pater
3429 3407 3630 3479 judicat
3655 3450 3671 3472 ,

2065 3495 2156 3549 sed
2175 3496 2434 3566 judicium
2473 3513 2622 3553 omne
2655 3495 2795 3550 Filio
2826 3497 2987 3562 dedit,
3032 3507 3087 3551 ut
3118 3514 3292 3553 omnes
3337 3499 3676 3569 honoriﬁcent

2067 3587 2261 3643 Filium
2282 3591 2411 3644 sicut
2434 3590 2772 3660 honoriﬁcam
2799 3590 3005 3645 Patrem
3023 3588 3103 3647 Ml.
3124 3590 3226 3659 Qui
3250 3609 3353 3646 non
3388 3590 3437 3630 ii
3459 3594 3676 3647 honori-

2068 3684 2189 3753 [icat
2238 3683 2454 3748 Filium,
2506 3701 2608 3739 non
2660 3685 2968 3754 houoriﬁcat
3000 3684 3209 3740 Patrem
3251 3688 3340 3752 qui
3382 3702 3497 3741 eum
3536 3688 3678 3741 misit

2075 3774 2259 3844 (Joan.
2293 3790 2344 3839 ν,
2372 3774 2490 3845 22).
2534 3775 2662 3828 Item
2708 3775 2761 3828 in
2790 3775 3006 3828 Psalmo
3028 3791 3152 3829 Lxxt
3186 3793 3199 3829 :
3230 3774 3393 3842 Deus,
3415 3777 3677 3846 judicium

2077 3876 2221 3920 tuum
2266 3866 2373 3936 regi
2402 3866 2471 3918 da
2495 3907 2510 3930 ,
2559 3874 2607 3920 et
2633 3866 2890 3937 justitiam
2932 3875 3071 3919 tuam
3101 3866 3210 3933 ﬁlio
3234 3868 3398 3938 regis,
3441 3868 3681 3938 judicare

2077 3956 2324 4027 populum
2352 3965 2490 4010 tuum
2519 3955 2564 4007 ii
2593 3957 2649 4010 in
2669 3957 2892 4028 justitia.
2920 3956 3051 4012 Item
3097 3958 3147 4012 in
3174 3956 3370 4014 Genesi
3399 3977 3412 4013 :
3443 3960 3511 4014 Et
3543 3961 3674 4030 pluit
3702 3991 3713 3998 ι

2079 4045 2334 4104 Dominus
2383 4065 2538 4123 super
2589 4049 2869 4104 Sodomam
2927 4060 2972 4104 et
3018 4047 3324 4106 Gomorrant
3370 4053 3586 4123 sulphur
3631 4064 3680 4111 et

2078 4143 2244 4214 ignem
2267 4144 2330 4198 de
2351 4145 2476 4199 calo
2501 4160 2534 4197 a
2556 4142 2775 4201 Domino
2808 4141 2961 4214 (Gen.
2991 4161 3102 4213 χιχ,
3128 4143 3247 4216 21).

1602 4275 1986 4335 LECTIONES
2023 4276 2442 4336 VABIANTES.

436 4431 463 4461 ⁸
484 4429 832 4482 Tribulationis
855 4427 973 4479 Gott.

432 4491 461 4530 Ι)
484 4493 548 4545 Et
569 4505 736 4543 eruam
763 4491 883 4543 Gott.

436 4560 459 4587 ο
488 4554 828 4619 ΜειςιλὶίὶρξίιήεΔ
843 4553 964 4619 Gott.

431 4621 460 4658 εἴ
487 4619 553 4670 Ut
568 4609 690 4680 uuid
715 4615 1168 4680 iniplevithsatanas
1197 4609 1319 4663 Thu.
1346 4612 1467 4680 Gott.
1598 4668 1646 4680 υ

435 4685 460 4713 θ
486 4669 685 4743 Mentiri
706 4685 757 4729 te
782 4669 909 4743 apud
933 4678 1167 4740 Spiritum
1188 4681 1410 4726 sanctum
1428 4676 1563 4725 Lam.
1590 4669 1698 4723 Litt.
1719 4669 1830 4724 ΝΟ.
1850 4669 1898 4730 1,
1926 4669 1974 4721 2.

369 4744 496 4795 Bod.
525 4745 570 4801 1,
596 4742 644 4802 2,
668 4744 716 4793 4.
748 4742 924 4793 Benev.
958 4745 1075 4792 Ver.

2140 4420 2163 4483 ξ
2189 4417 2291 4483 Sed
2314 4416 2493 4470 mulier
2520 4422 2653 4470 Lam.
2682 4419 2783 4470 Lin.
2808 4420 2914 4471 NG.
2939 4420 2984 4479 1,
3008 4418 3188 4469 2.Bod.
3214 4418 3263 4480 2,
3285 4420 3333 4483 5,
3357 4420 3406 4470 4.

2075 4478 2166 4593 mf:
2190 4479 2546 4591 Cpnventione,
2585 4491 2639 4533 et
2672 4483 2732 4533 ad
2771 4490 2967 4547 tempus
3000 4483 3133 4533 Lam.
3168 4478 3293 4533 Bod.
3320 4478 3380 4544 ’1,
3418 4482 3464 4531 ‘2.
3488 4484 3535 4533 4.
3576 4482 3679 4534 Litt.

2079 4603 2514 4720 Cotlrevertimini
2539 4609 2600 4659 ad
2633 4609 2790 4673 ipsum
2816 4609 2950 4658 Lam.
2974 4605 3083 4658 NG.
3121 4607 3167 4657 1.
3200 4606 3304 4658 Lin.
3330 4606 3687 4661 Convertimini

2140 4733 2170 4763 ν
2202 4731 2482 4784 Secundum
2503 4732 2757 4784 consilium
2781 4733 2907 4783 Bod.
2932 4735 2979 4783 5.

436 4770 571 4858 ista
596 4770 724 4858 3.2:
748 4770 945 4857 ἰἪὶ.
963 4770 1120 4854 ῖς)...
1143 4802 1193 4851 5.
1222 4802 1471 4866 mpm...
1508 4795 1670 4866 ιεραηι
1692 4797 1979 4866 asses...
2001 4770 2053 4830 ι)
2090 4858 2123 4866 _
2142 4796 2171 4824 κ
2202 4770 3109 4866 ἂόἷζὲἔιῗράνῶἰῖἰῌέἐίιίᾖᾘῄιῗἮρα.
3128 4796 3176 4856 1,
3195 4794 3242 4853 ε,
3266 4795 3313 4845 4.
3338 4795 3451 4846 NG.
3479 4796 3525 4845 1.

365 4869 545 4922 fundus
568 4874 612 4918 in
640 4878 740 4919 tua.
787 4870 944 4920 Oxon.
993 4867 1117 4916 Cum
1151 4870 1287 4915 esset
1303 4861 1487 4915 'fundus
1525 4861 1772 4921 venditus,
1817 4861 1868 4910 in
1883 4867 1977 4911 tua

373 4940 786 5046 θεέίῶζῖῗῖἶέ
795 4994 938 5044 homo
960 4994 1095 5044 Lam.
1122 4988 1251 5041 Bod.
1278 4990 1325 5040 1.
1352 4988 1459 5041 NG.
1484 4989 1531 5039 1.
1560 4987 1679 5039 Gott.

434 5057 465 5097 h
491 5058 741 5120 Unigeniti
767 5057 892 5109 Gott.
1096 5118 1107 5120 _
1238 5117 1264 5120 __
1325 5114 1337 5120 _
1376 5114 1404 5120 ,
1438 5108 1445 5115 .

440 5121 456 5161 ἱ
488 5108 1501 5185 ᾗ1³ίῇεῑὼιωιριἰιηιέιίξειεξῂηιξ-Βοάζ
1532 5108 1657 5161 Thu.
1682 5111 1824 5163 Corb.
1853 5108 1975 5185 Gott.

2081 4858 2260 4931 Benev.
2306 4863 2424 4931 Ver".
2460 4856 2745 4931 Secundum
2778 4856 3163 4922 indulgentiam,
3199 4865 3254 4908 et
3289 4871 3386 4907 non
3414 4859 3689 4909 secundum

2085 4923 2641 5098 ἓῖθιὲιὲἓξίέιῖιαθὶὶεωε
2664 4997 2692 5033 a
2715 4982 2831 5035 Deo
2858 4984 2990 5034 Lam.
3022 4981 3147 5036 Bod.
3173 4981 3220 5044 1,
3241 4981 3290 5044 2,
3312 4982 3362 5045 5,
3387 4982 3437 5031 4.
3468 4985 3609 5035 Voss.
3635 4985 3686 5033 5.

2146 5084 2405 5160 i'ﬁiicééi
2426 5109 2554 5161 Deo.
2577 5108 2671 5169 Qui
2694 5116 2861 5159 autem
2883 5121 2995 5159 cum
3013 5120 3203 5169 uxore;
3229 5084 3415 5169 cogitat
3436 5120 3547 5168 quas
3573 5115 3690 5157 sunt

440 5185 453 5234 i
489 5169 899 5246 Soﬁiexsmﬁent
938 5181 1061 5232 Bod.
1103 5181 1146 5229 1.
1180 5182 1316 5230 Voss.
1345 5178 1392 5227 5.
1430 5174 1550 5227 Ideo
1580 5187 1679 5225 non
1711 5180 1981 5238 resurgant
2082 5169 2248 5246 mundi
2268 5171 2432 5246 hujus,
2458 5171 2700 5246 quomodo
2719 5171 2914 5245 placeat
2950 5171 3091 5246 uxori
3113 5184 3125 5220 :
3150 5178 3201 5243 et
3221 5170 3388 5246 divisae
3405 5177 3690 5246 stultitim:

376 5247 501 5296 Gott.

440 5308 464 5347 Ιί
493 5308 711 5371 Replens
742 5305 953 5371 replebo
987 5317 1229 5371 man-ores
1264 5308 1390 5360 tuos,
1417 5301 1680 5365 suspirium
1728 5306 1894 5361 tuum,
1927 5306 1980 5351 et

373 5374 423 5422 in
442 5367 655 5433 tristitia
677 5367 844 5433 paries
865 5378 1005 5433 natos
1029 5376 1138 5433 tuos
1171 5367 1292 5433 Gott.

438 5432 457 5471 1
489 5428 825 5482 Etconversio
846 5438 928 5481 tua
958 5429 1080 5480 Bod.
1108 5429 1153 5488 1,
1177 5431 1225 5487 2,
1251 5429 1296 5477 4.
1332 5431 1468 5479 Voss.
1492 5428 1540 5475 5.

436 5495 477 5523 ¹¹³
500 5495 585 5546 Sic
613 5502 667 5544 et
689 5494 935 5558 spadones
963 5493 1087 5544 Bod.
1110 5492 1157 5558 1A.
1188 5491 1411 5558 Eunuchi
1442 5490 1565 5540 Gott.

438 5558 464 5586 ²¹
490 5558 667 5621 lSeque
690 5554 878 5607 uxores
900 5556 1085 5607 ducunt
1112 5554 1236 5605 Bod.
1260 5556 1304 5604 1.

441 5622 466 5650 ⁰
493 5620 571 5670 De
585 5611 977 5671 'resurrectione
1015 5626 1182 5669 autem
1220 5623 1528 5668 mortuorum
1565 5626 1663 5666 non
1704 5611 1899 5678 legistis
1933 5615 1986 5664 in

379 5684 509 5734 libro
531 5682 679 5733 Musis
704 5682 823 5734 Gott.

838 5744 1100 5794 Dominum
1122 5742 1282 5792 Deum
1301 5741 1561 5804 Abraham,
1582 5746 1631 5789 et
1647 5739 1812 5791 Deum
1833 5738 1989 5802 Isaac,

382 5808 620 5872 et_De_um
644 5807 798 5857 ὅποι)
830 5809 956 5859 Bod.
992 5808 1038 5868 1,
1065 5807 1113 5856 4.
1142 5804 1284 5872 Gorb.

445 5867 476 5914 ει
500 5870 761 5921 Mulierem
784 5884 884 5921 non
906 5864 1117 5933 tangere
1143 5864 1508 5933 ιᾰιπηῌοά-..ζ
1535 5864 1647 5933 NG.
1666 5865 1715 5933 1._
1748 5864 1866 5933 Gott.

453 5936 476 5963 ⁸·
504 5933 717 5996 Ρνοιιιθι·
738 5926 1088 5982 fornicationes
1114 5933 1245 5981 Lam.
1280 5928 1379 5979 Lin.
1408 5927 1512 5977 NG.
1540 5928 1585 5974 1.
1612 5927 1732 5975 Bod.
1758 5926 1805 5973 ‘2.

2082 5232 2185 5297 lter
2211 5231 2349 5285 Gottf
2364 5231 2492 5286 Veri
2507 5233 2710 5286 Placeat
2723 5231 2874 5286 'uxori
2898 5248 2911 5283 :
2934 5240 2988 5284 et
3008 5234 3149 5297 virgo
3171 5234 3376 5294 innupta
3396 5232 3532 5283 Lam.
3565 5234 3688 5283 σου.

2088 5294 2199 5347 NG.
2230 5297 2274 5345 1.
2302 5297 2497 5349 Bod.2.
3088 5294 3109 5297 '

2150 5358 2208 5388 ³³
2243 5358 2308 5410 Ut
2331 5367 2493 5410 sancta
2515 5359 2581 5409 sit
2600 5371 2806 5423 corpore
2825 5357 2950 5409 Bod.
2977 5359 3023 5418 1,
3046 5359 3093 5408 5.

2147 5416 2212 5457 ω)
2254 5424 2433 5457 Arlhmit
2457 5423 2627 5457 llic-nnc
2656 5422 2765 5457 Dm:
2817 5420 2897 5457 [in
2950 5419 3065 5457 Rnd,
3098 5421 3139 5457 1,
3166 5418 3197 5457 ‘2
3246 5419 3331 5457 ΝΠ
3376 5419 3395 5457 1
3454 5421 3574 5457 Vn.“
3617 5420 3647 5457 3

2150 5418 2212 5457 δι’
2246 5424 2438 5488 Adiecit
2457 5423 2627 5472 dicens
2649 5418 2785 5471 Lam.
2811 5420 2915 5472 Litt.
2941 5419 3069 5471 Bod.
3098 5421 3145 5484 1,
3166 5418 3215 5469 2.
3239 5419 3350 5473 NG.
3376 5419 3423 5470 1.
3454 5421 3591 5470 Voss.
3617 5420 3671 5473 5.

2150 5485 2205 5514 (³ο
2243 5485 2297 5535 In
2322 5485 2483 5535 tribus
2504 5485 2684 5535 diebus
2696 5483 2815 5533 Gott.

2148 5543 2209 5621 (ξιξ
2243 5546 2590 5621 ⁸ὲ.ιι]ιιιίιθι’ῇι)ιιξε
2606 5548 2738 5620 Lam.
2763 5545 2872 5621 N
2892 5545 2938 5595 1.
2968 5543 3161 5621 βοάηὲἷ
3230 5620 3235 5621 ν
3287 5609 3297 5619 _

2154 5617 2210 5645 (⁸ο
2244 5610 2353 5659 Non
2374 5616 2492 5660 sunt
2510 5609 2628 5658 mihi
2652 5621 2807 5674 panes
2829 5608 3041 5670 abunde,
3069 5609 3163 5659 nisi
3190 5609 3328 5671 panis
3349 5620 3492 5658 unus.

2154 5676 2176 5714 τ
2189 5675 2209 5714 f
2245 5673 2296 5722 Si
2316 5671 2541 5722 custodili
2564 5680 2679 5722 sunt
2698 5673 2815 5721 Gott.

2156 5742 2214 5781 ss
2249 5736 2568 5797 Quocumque
2587 5734 2717 5785 vadit
2742 5734 2867 5785 Bod.
2890 5734 2941 5791 5,
2974 5733 3023 5782 4.
3050 5733 3172 5783 Gott.
3210 5736 3344 5784 Voss.
3368 5731 3418 5780 4.

2155 5800 2222 5841 hh
2253 5800 2455 5849 Patrem
2477 5794 2560 5859 Qui
2588 5810 2702 5848 eum
2725 5798 2859 5848 misit
2881 5797 3016 5847 Lam.
3042 5796 3151 5849 NG.
3181 5796 3224 5847 1.
3258 5798 3396 5847 Voss.
3416 5794 3465 5844 5.

2165 5861 2215 5904 tt
2252 5862 2473 5913 Honorat
2494 5859 2613 5911 Gott.

2177 5928 2224 5978 ll
2265 5922 2481 5984 Populos
2503 5929 2614 5973 tuas
2640 5920 2761 5972 Bod.
2789 5922 2838 5973 4.
2877 5921 2999 5972 Coll.
