4230 6282
326 266 426 335 761

1513 280 2075 348 TESTIMONIORUM
2116 289 2322 350 LIBER
2359 283 2447 349 III.
2500 268 2507 278 ’

3515 292 3622 353 762

326 395 496 452 cordis
518 396 726 468 quwrite
748 396 1111 470 illqu°(Sap.
1141 416 1179 467 ι,
1208 401 1284 473 1).
1313 401 1443 457 Item
1470 403 1610 472 apud
1639 404 1920 462 eumdem:
1950 415 2001 476 Α
2031 411 2082 465 in
2135 408 2371 469 Basilina
2403 427 2419 467 ι
2446 429 2459 467 :
2505 410 2675 467 Homo
2722 410 2855 468 videt
2883 413 2935 468 in
2963 412 3093 485 facie
3120 423 3165 481 ι),
3197 412 3336 477 Deus
3374 425 3540 473 autem
3568 417 3621 472 in

336 489 437 556 Qui
470 489 701 545 ambulat
748 490 1076 564 simpliciter,
1126 494 1354 548 ambulat
1387 496 1603 565 ﬁdenter
1658 496 1838 566 (Prov.
1864 513 1920 565 ι,

330 581 421 651 9).
450 581 583 636 Item
621 581 763 653 apud
817 583 1067 640 eumdem
1098 604 1110 640 :
1141 584 1343 641 Altiora
1372 594 1420 640 te
1455 603 1519 641 ne
1553 589 1836 658 quasieris,
1877 598 1927 644 et

330 676 547 747 fortiora
598 685 647 730 te
691 692 754 730 ne
796 686 1053 741 scrutatus
1101 679 1261 749 fueris
1306 677 1502 749 (Eccle.
1532 680 1751 753 111,22).
1790 682 1925 738 Item

326 767 380 823 in
429 765 756 823 Salomone:
801 766 930 822 Noli
972 785 1079 825 esse
1114 770 1331 825 multum
1342 773 1517 842 justus
1543 770 1595 838 δ,
1616 782 1664 829 et
1701 773 1808 828 noli
1832 790 1921 829 ar-

325 864 610 935 gumentari
648 861 768 932 plus
807 879 961 933 quam
990 873 1187 934 oportet
1211 874 1235 903 ¢
1265 862 1466 936 (Eccle.
1497 881 1601 931 νιι,
1648 865 1764 940 17).
1789 866 1925 926 Item

326 954 465 1025 apud
494 954 705 1010 Esaiam
734 973 747 1009 :
790 953 985 1024 Vtequi
1024 956 1192 1028 arguti
1217 967 1337 1011 sunt
1371 958 1425 1012 in
1468 960 1746 1029 semetipsis
1787 960 1921 1030 (Isa.

326 1062 404 1112 III,
432 1046 512 1116 9).
560 1044 692 1102 Item
724 1046 780 1102 in
827 1046 1147 1104 Machabaeis
1172 1067 1183 1101 :
1213 1048 1403 1105 Daniel
1427 1052 1480 1105 in
1523 1068 1619 1106 sua
1660 1053 1923 1123 simplici-

327 1148 427 1197 tate
475 1140 714 1197 liberatus
769 1152 841 1196 est
890 1142 954 1197 de
997 1159 1085 1198 ore
1126 1144 1331 1199 leonum
1374 1144 1647 1216 (IMacII.
1681 1162 1753 1212 II,
1804 1148 1920 1220 60).

322 1233 457 1290 Item
479 1233 534 1289 in
557 1232 793 1304 Epistola
824 1233 973 1289 Pauli
1001 1233 1067 1290 ad
1108 1234 1382 1307 Romanos
1405 1232 1433 1273 ·¹
1459 1254 1474 1293 :
1508 1236 1555 1291 0
1582 1238 1809 1293 altitudo
1834 1239 1921 1295 di-

320 1326 563 1380 vitiarum
607 1327 872 1398 sapientia:
907 1336 955 1382 et
993 1327 1216 1384 scientia:
1268 1327 1388 1396 Dei,
1432 1346 1588 1401 quam
1631 1330 1918 1404 incompre-

320 1419 589 1476 hensibilia
620 1428 643 1456 ε
672 1429 789 1475 sunt
827 1421 1031 1491 judicia
1054 1422 1203 1492 ejus,
1248 1431 1295 1478 et
1343 1438 1499 1493 quam
1546 1424 1921 1497 investigabiles

317 1512 417 1568 vite
458 1513 568 1583 ejus
588 1513 612 1566 .'
644 1511 769 1579 Quis
813 1514 947 1568 enim
994 1514 1227 1585 cognovit
1277 1531 1484 1571 sensum
1534 1514 1785 1573 Domini?
1828 1527 1921 1573 aut

317 1606 432 1675 quis
471 1605 792 1661 consiliarius
836 1608 948 1678 ejus
976 1607 1119 1679 fuit?
1157 1608 1236 1663 vel
1259 1609 1374 1680 quis
1402 1610 1545 1679 prior
1582 1610 1723 1666 dedit
1757 1611 1822 1679 ei,
1871 1620 1921 1668 et

316 1698 625 1754 retribuetur
666 1697 786 1752 illi?
820 1696 1094 1766 Quoniam
1145 1716 1209 1755 ea;
1237 1700 1381 1771 ipso,
1411 1710 1462 1755 et
1491 1718 1583 1772 per
1625 1702 1817 1771 ipsum,
1868 1713 1920 1758 et

314 1796 371 1851 in
421 1795 532 1866 ipso
579 1803 699 1849 sunt
742 1793 946 1859 omnia,
989 1794 1088 1865 ipsi
1136 1795 1343 1850 claritas
1398 1796 1456 1851 in
1515 1799 1708 1859 siccata
1759 1814 1916 1854 stecu-
1943 1816 1990 1876 Β

315 1889 482 1943 lorum
554 1886 731 1959 (Rom.
787 1904 881 1955 ιι,
936 1888 1151 1961 55-56).
1220 1887 1354 1945 Item
1413 1889 1484 1947 ad
1532 1889 1913 1948 Timotheum:

315 1979 518 2037 Stultos
561 1990 736 2036 autem
759 1991 808 2037 et
836 1982 1121 2037 ineruditus
1148 1983 1450 2053 quaestiones
1497 1984 1666 2040 devita
1684 2026 1700 2050 ,
1753 1986 1917 2043 sciens

314 2073 438 2143 quia
475 2072 591 2128 lites
634 2083 905 2144 generant.
961 2074 1184 2130 Servum
1208 2084 1381 2129 autem
1426 2073 1526 2130 Dei
1573 2093 1678 2133 non
1716 2086 1915 2147 oportet

317 2162 538 2237 litigare,
569 2165 658 2221 sed
698 2150 871 2221 mitem
898 2183 1008 2224 esse
1043 2167 1112 2224 ad
1150 2169 1325 2225 omnes
1352 2167 1419 2241 (II
1443 2166 1575 2224 Tim.
1606 2184 1666 2235 II,
1688 2169 1912 2242 25,941).

314 2290 432 2332 CAP.
467 2292 574 2333 LIV.
593 2306 665 2317 -
684 2291 924 2333 NEIINBI
950 2292 1069 2334 SINE
1093 2293 1263 2335 BORDE
1276 2295 1347 2335 ΕΤ
1359 2293 1477 2335 SINE
1494 2294 1737 2337 PBCCA'I‘O
1763 2296 1908 2338 ESSE.

384 2389 542 2461 Apud
564 2390 666 2447 Job
690 2410 703 2447 :
735 2390 861 2458 Quis
881 2392 1015 2447 enim
1035 2392 1298 2447 mundusa
1319 2391 1615 2447 sordibus'?
1638 2392 1747 2449 Nec
1762 2411 1914 2464 unus,

315 2484 511 2539 etiamsi
559 2486 711 2539 unius
734 2494 758 2532 Β
782 2485 882 2539 diei
918 2486 984 2539 sit
1025 2485 1127 2540 vita
1181 2485 1292 2557 ejus
1331 2486 1385 2540 in
1410 2495 1546 2540 terra
1574 2483 1602 2523 ιι
1626 2485 1767 2559 (Job.
1795 2504 1912 2558 ιιν,

313 2576 455 2650 4,5).
498 2577 630 2633 Item
658 2578 711 2632 in
745 2576 955 2633 Psalmo
977 2594 996 2633 :
1024 2578 1158 2633 Ecce
1185 2581 1239 2632 in
1261 2577 1614 2649 iniquitatibus
1648 2577 1663 2616 ί
1696 2596 1915 2654 concep-

314 2679 395 2725 tus
438 2686 565 2737 sum,
619 2679 664 2724 et
692 2669 744 2723 in
764 2669 963 2725 delictis
1014 2670 1242 2741 concepit
1277 2669 1290 2721 i
1335 2687 1413 2725 me
1450 2680 1610 2725 mater
1649 2687 1760 2726 mea
1790 2671 1910 2745 (Ps.

314 2777 368 2830 1.,
402 2760 482 2835 7).
529 2761 659 2818 Item
709 2763 760 2817 in
818 2762 1054 2834 Epistola
1084 2761 1347 2819 Joannis:
1387 2761 1451 2818 Si
1478 2762 1756 2818 dixerimus
1792 2765 1915 2835 quia

312 2864 574 2928 peccatum
614 2872 713 2911 non
764 2856 1029 2923 habemus,
1066 2872 1158 2911 nos
1199 2856 1337 2927 ipsos
1367 2855 1669 2927 decipimus,
1707 2868 1757 2911 et
1786 2858 1915 2912 veri-

314 2958 393 3005 tas
418 2949 472 3003 in
518 2949 659 3004 nobis
687 2966 787 3005 non
835 2959 907 3004 est
938 2948 985 3017 (Ι
1012 2947 1170 3003 Joan.
1191 2964 1229 3015 I,
1259 2947 1340 3020 8).

378 3080 497 3121 CAP.
530 3080 615 3120 LV.
644 3044 712 3103 -:-
737 3078 839 3119 NON
888 3079 1187 3133 HOIINIBUS,
1220 3079 1317 3120 εει)
1342 3079 1466 3132 DEO,
1518 3081 1853 3122 PLACENDUI.

389 3180 443 3236 III
470 3181 688 3239 Psalmo
717 3199 825 3238 I.II:
862 3184 961 3251 Qui
1006 3184 1294 3238 hominibus
1345 3184 1548 3253 placent
1597 3183 1664 3215 “°
1708 3184 1913 3254 confusi

312 3284 451 3340 sunt,
504 3278 627 3347 quia
665 3275 803 3332 Deus
846 3277 977 3332 nihil
1023 3278 1144 3349 [ecit
1182 3278 1318 3332 illos.
1374 3275 1503 3333 Item
1556 3278 1609 3333 in
1669 3277 1912 3347 Epistola

314 3369 462 3426 Pauli
499 3370 566 3426 ad
597 3369 857 3427 Galatas:
887 3370 949 3427 Si
995 3371 1282 3427 hominibus
1336 3368 1365 3407 ¹ί
1412 3370 1609 3441 placere
1652 3370 1831 3426 vellem
1865 3369 1908 3440 1,

313 3459 505 3517 Christi
531 3478 700 3517 servus
726 3480 829 3518 non
856 3480 1011 3519 essent
1033 3462 1176 3535 (Gal.
1204 3479 1243 3530 I,
1266 3463 1379 3534 10).

311 3591 433 3633 CAP.
465 3592 569 3631 ινι.
600 3607 667 3617 ·-·
686 3593 830 3633 DEOI
860 3593 1004 3633 NIHIL
1034 3594 1244 3634 ωτι-ιη
1272 3594 1339 3634 Εἰ
1365 3593 1450 3634 IIIS
1469 3594 1904 3643 ροιεαεκυκτωι.

381 3690 439 3745 In
472 3689 745 3763 Sapientia
772 3691 1077 3750 Salomonis
1104 3711 1115 3747 ;
1152 3693 1218 3748 In
1245 3694 1384 3749 omni
1414 3694 1525 3749 loco
1574 3699 1905 3766 speculantur

310 3787 446 3841 oculi
483 3785 580 3842 Dei
625 3787 780 3843 bonos
809 3798 858 3842 et
908 3789 1069 3843 malos
1114 3786 1296 3863 (Prov.
1347 3806 1435 3858 xv,
1465 3792 1543 3864 5).
1586 3791 1719 3849 Item
1762 3792 1904 3865 apud

310 3879 634 3937 Hieremiam
670 3899 682 3937 :
718 3880 829 3953 Ego
863 3882 999 3937 Deus
1042 3885 1429 3955 approxintans,
1454 3896 1502 3940 et
1544 3904 1647 3942 non
1675 3887 1815 3942 Deus
1846 3889 1908 3943 tle

311 3977 585 4050 longinquo
598 3987 657 4030 ιη.
678 3976 737 4033 Si
754 3978 1078 4034 absconditus
1091 3981 1245 4053 fuerit
1276 3982 1424 4035 homo
1448 3983 1502 4037 in
1527 3983 1835 4039 absconditis
1851 3991 1904 4051 τι,

311 4086 428 4141 ergo
476 4087 566 4144 ego
596 4088 693 4126 non
728 4080 752 4106 ο
790 4073 964 4127 videbo
985 4073 1139 4127 eum?
1193 4071 1378 4129 Nonne
1416 4074 1598 4130 ctelum
1641 4086 1690 4130 et
1720 4086 1909 4131 terram

310 4179 401 4235 ego
431 4164 639 4236 impleo,
673 4165 794 4219 dicit
823 4165 1069 4220 Dominus
1118 4164 1291 4238 (llier.
1322 4182 1478 4233 χχιιι,
1510 4166 1602 4232 25,
1631 4168 1747 4240 24).
1772 4167 1904 4223 Item

2028 508 2182 559 corde
2236 504 2281 575 (Ι
2304 504 2435 575 Reg.
2466 519 2580 569 XIV,
2607 505 2686 576 7).
2737 504 2870 561 Item
2903 506 2954 560 in
2978 505 3300 579 Apocalypsi
3332 525 3345 562 :
3376 507 3441 561 Et
3467 511 3624 563 scient

2026 612 2198 652 omnes
2227 597 2449 652 ecclesia
2463 607 2492 647 (ι
2520 598 2638 669 quia
2657 615 2750 669 ego
2767 615 2878 655 sum
2904 607 3158 653 scrutator
3175 609 3198 637 τ
3216 600 3350 654 renis
3371 609 3418 654 et
3435 602 3621 667 cordis,

2026 696 2071 743 et
2104 687 2238 742 dabo
2260 689 2531 761 unicuique
2554 698 2773 744 vestrum
2799 690 3077 755 secundum
3108 706 3262 762 opera
3288 707 3379 745 sua
3398 702 3420 729 ι
3438 691 3622 764 (Apoc.

2028 798 2087 848 ιι,
2131 781 2247 854 25).
2274 783 2407 838 Item
2441 783 2492 837 in
2520 782 2742 839 Psalmo
2785 799 2919 839 xvm
2951 802 2965 841 :
2995 783 3197 839 Delicta
3223 785 3335 855 quis
3354 784 3626 856 intelligit?

2026 874 2102 929 Ab
2129 875 2341 930 occultis
2366 876 2489 931 meis
2520 876 2537 911 ί
2567 877 2761 931 munda
2788 892 2886 943 me,
2925 875 3140 932 Domine
3170 875 3289 948 (Ps.
3319 892 3468 946 xvnt,
3510 878 3619 947 15).

2025 966 2155 1022 Item
2203 967 2254 1022 in
2280 967 2515 1037 Epistola
2543 968 2690 1024 Pauli
2737 970 2802 1025 ad
2833 968 3143 1025 Corinthios
3185 969 3422 1026 secunda
3452 987 3465 1023 :
3499 970 3624 1025 0m-

2026 1076 2116 1114 nes
2143 1076 2237 1114 nos
2286 1062 2608 1133 manifestari
2658 1071 2855 1133 oportet
2894 1073 3011 1117 ante
3046 1063 3273 1118 tribunal
3319 1062 3528 1130 Christi,
3568 1073 3625 1119 ut

2023 1162 2240 1224 reportet
2260 1162 2287 1191 ιι
2317 1156 2662 1225 unusquisque
2691 1164 2718 1193 ν
2747 1156 2829 1210 sui
2851 1157 3079 1228 corporis
3098 1158 3309 1228 propria
3348 1156 3625 1213 secundum

2021 1262 2137 1317 qua:
2167 1249 2289 1320 egit,
2335 1249 2437 1303 sive
2473 1248 2623 1311 bona,
2665 1249 2768 1304 sive
2793 1249 2929 1304 mala
2956 1248 3024 1319 (II
3040 1248 3167 1305 (ἔον.
3198 1265 3252 1317 ν,
3279 1250 3391 1320 10).

2093 1398 2212 1439 CAP.
2256 1399 2381 1438 ινιι.
2407 1399 2725 1441 -ιηωειειι
2752 1400 3018 1442 EIENDAIII
3051 1403 3119 1442 ET
3159 1402 3455 1445 IESERVAIU
3502 1397 3549 1444 Χ.

2093 1498 2151 1553 In
2199 1498 2415 1556 Psalmo
2441 1514 2632 1555 cxvn:
2681 1499 2979 1559 Emendans
3027 1501 3357 1557 emendavit?
3385 1518 3466 1558 me
3512 1502 3621 1558 Do-

2022 1593 2223 1660 minus,
2284 1601 2333 1649 et
2374 1593 2527 1648 morti
2576 1608 2679 1648 non
2732 1593 2945 1648 tradidit
2987 1609 3067 1648 me
3111 1591 3230 1667 (Ps.
3285 1609 3451 1660 cxvn,
3504 1595 3620 1666 15).

2021 1685 2153 1743 Item
2199 1685 2253 1742 in
2303 1685 2517 1742 Psalmo
2570 1702 2858 1744 LXXXVIII:
2909 1686 3133 1744 Visitabo
3162 1689 3215 1743 in
3259 1688 3404 1760 virga
3437 1697 3460 1724 '-
3488 1688 3621 1759 {aci-

2023 1795 2153 1833 nora
2184 1794 2361 1834 eorum
2407 1790 2457 1834 et
2480 1780 2535 1835 in
2582 1779 2806 1852 ﬂagellis
2833 1779 3025 1836 delicta
3076 1796 3272 1835 eorum.
3328 1780 3624 1837 Misericor-

2019 1872 2160 1926 diam
2174 1880 2343 1926 autem
2356 1887 2523 1926 meam
2542 1888 2645 1927 non
2662 1872 2950 1944 dispergam
2969 1880 3027 1910 ια
3043 1872 3106 1927 ab
3119 1874 3189 1928 eis
3209 1870 3332 1940 (Ps.
3359 1889 3620 1940 LXXXVIII,

2020 1964 2134 2036 55).
2153 1965 2282 2021 Item
2307 1964 2449 2036 apud
2461 1964 2776 2021 Malachiam
2794 1983 2808 2020 :
2828 1963 2896 2019 Et
2919 1965 3106 2020 sedebit
3125 1962 3185 2004 δι’
3201 1967 3432 2036 con/laus
3459 1978 3508 2021 et
3535 1983 3622 2023 ea:-

2020 2075 2245 2130 purgans
2291 2060 2421 2113 sicut
2450 2075 2637 2113 aurum
2674 2068 2721 2114 et
2746 2067 3029 2130 argentum.
3074 2067 3122 2115 et
3160 2058 3457 2114 emundabit
3482 2060 3621 2129 ﬁlios

2020 2149 2140 2206 Levi
2189 2150 2448 2222 (Halaclt.
2478 2167 2557 2219 III,
2591 2150 2669 2224 5).
2724 2153 2855 2208 Item
2881 2151 2936 2207 in
2982 2151 3313 2222 Evangelia:
3349 2150 3471 2208 Non
3512 2156 3620 2208 exi-

2020 2247 2094 2303 bis
2110 2246 2231 2319 inde
2253 2248 2414 2303 donec
2430 2247 2658 2303 exsolvas
2680 2246 3006 2302 novissimum
3027 2246 3361 2318 quadrantem
3399 2246 3617 2318 (Matth.

2021 2356 2075 2407 ν,
2105 2339 2237 2410 26).

2020 2470 2140 2511 CAP.
2201 2472 2346 2512 LVIII.
2372 2486 2442 2497 —
2468 2471 2705 2511 NEIINEI
2748 2470 3100 2512 οοιιιτιιιετλιι
3140 2471 3321 2512 IOIITE
3380 2472 3618 2525 DEBERE,

2092 2563 2199 2603 CIII
2229 2561 2314 2603 SIT
2338 2564 2390 2603 IN
2416 2564 2645 2604 VIVENDO
2672 2563 2841 2603 LABOR
2868 2564 2936 2603 ετ
2963 2564 3287 2618 νεκιουιωι,
3311 2565 3366 2606 IN
3396 2566 3621 2606 ΗΟΗΙΕΝ·

2090 2654 2159 2695 DO
2197 2655 2301 2695 PA!
2335 2656 2404 2695 ετ
2434 2656 2758 2698 ιεεῐιιιαειηιιι
2801 2656 3083 2700 εεοῠκιτλε
3112 2653 3190 2700 ⁸ο.

2091 2754 2147 2810 III
2199 2752 2397 2811 Genesi
2429 2771 2442 2809 :
2475 2753 2621 2809 Tunc
2666 2756 2795 2810 dixit
2839 2754 3095 2813 Dominus
3132 2757 3201 2811 ad
3248 2758 3413 2812 Adam
3438 2778 3456 2815 :
3491 2759 3623 2828 Quia

2018 2851 2270 2907 exaudisti
2297 2867 2467 2907 vocem
2495 2852 2668 2907 uxoris
2681 2848 2739 2888 (Μ
2770 2860 2888 2919 tute,
2924 2861 2968 2907 et
3000 2852 3321 2907 manducasti
3338 2870 3403 2908 ea:
3425 2855 3515 2909 illa
3540 2872 3624 2909 ar-

2018 2945 2135 3000 bore
2161 2946 2225 3000 de
2242 2961 2348 3016 qua
2376 2945 2487 3000 sola
2498 2961 2835 3016 prmceperam
2867 2944 2958 2999 tibi
2976 2960 3039 2999 ne
3050 2944 3385 3002 manducares
3401 2956 3479 3011 σεο,
3511 2964 3622 3001 ma-

2018 3042 2202 3098 ledicta
2249 3053 2386 3098 terra
2419 3041 2511 3097 erit
2538 3042 2591 3096 in
2630 3040 2862 3095 omnibus
2899 3040 3135 3110 operibus
3157 3042 3278 3096 tuis.
3316 3038 3384 3096 In
3416 3042 3622 3096 tristitia

2018 3148 2068 3195 et
2107 3138 2297 3212 gemitu
2334 3138 2448 3193 edes
2477 3154 2541 3193 ea:
2580 3152 2637 3192 ea
2665 3136 2898 3191 omnibus
2924 3135 3099 3189 diebus
3126 3134 3246 3189 vine
3280 3143 3401 3190 tuae.
3433 3134 3626 3201 Spinns

1938 3225 1985 3289 C
2016 3242 2065 3289 et
2088 3232 2301 3287 tribulos
2326 3232 2490 3304 ejiciet
2512 3230 2617 3297 tibi,
2649 3239 2695 3284 et
2724 3229 2842 3284 edes
2870 3227 3116 3299 pabulum
3135 3229 3247 3300 agri
3272 3225 3326 3266 τί
3356 3228 3409 3281 in
3438 3230 3625 3282 sudore

2016 3327 2189 3383 vultus
2210 3328 2301 3381 tui.
2348 3324 2489 3381 Edes
2515 3342 2698 3397 panem
2716 3334 2859 3378 tuum
2884 3324 3043 3379 donec
3063 3323 3332 3378 revertaris
3354 3322 3408 3377 in
3436 3331 3625 3377 terram

2015 3421 2079 3475 de
2129 3436 2229 3487 qua
2285 3428 2333 3474 et
2375 3429 2607 3490 sumptus
2650 3434 2701 3474 es
2732 3434 2751 3473 :
2780 3418 2900 3487 quia
2951 3427 3087 3472 terra
3125 3434 3209 3482 es,
3252 3426 3301 3472 et
3342 3418 3396 3471 in
3429 3426 3616 3471 terram

2011 3511 2108 3567 ibis
2134 3511 2288 3583 (Gen.
2320 3528 2398 3580 III,
2430 3510 2638 3583 17-19).
2668 3509 2801 3566 Item
2829 3508 2940 3565 illic
2966 3527 2981 3565 :
3015 3505 3086 3563 Et
3113 3508 3420 3579 complacuit
3448 3507 3626 3564 Enoch

2013 3606 2156 3675 Deo;
2179 3616 2227 3662 et
2247 3623 2349 3663 non
2375 3616 2446 3661 est
2473 3608 2705 3661 inventus
2732 3615 2788 3653 κε
2817 3604 3159 3677 postmodum,
3178 3604 3297 3677 quia
3324 3602 3627 3660 Deusillum

2010 3703 2269 3757 transtulit
2305 3701 2464 3776 (Gen.
2519 3718 2578 3771 v,
2626 3700 2746 3769 21).
2784 3700 2851 3756 Et
2901 3699 3042 3772 apud
3090 3699 3304 3755 Esaiam
3366 3718 3379 3755 :
3446 3698 3625 3754 Omnis

2011 3811 2135 3849 caro
2164 3798 2379 3867 fortium,
2410 3805 2457 3850 et
2495 3796 2659 3850 omnis
2696 3795 2904 3850 claritas
2937 3797 3050 3864 ejus
3068 3804 3125 3850 ut
3154 3795 3252 3866 ﬂos
3279 3794 3427 3869 faeni.
3480 3795 3626 3849 Arnit

2010 3887 2222 3958 ftenum,
2274 3897 2322 3941 et
2347 3889 2444 3958 flos
2472 3887 2679 3943 decidit.
2716 3887 2898 3944 Sermo
2925 3884 2987 3925 ¹ι¹ι
3014 3895 3187 3943 autem
3217 3885 3423 3941 Domini
3452 3896 3623 3942 manet

2025 3978 2070 4017 ii
2106 3981 2158 4034 in
2197 3987 2443 4037 aeternum
2483 3979 2621 4052 (lsa.
2673 3997 2763 4049 XL,
2807 3980 3128 4053 6-8).Apud
3168 3979 3213 4031 ii
3247 3977 3620 4035 Ezecltielemi

2014 4070 2127 4146 Ipsi
2153 4072 2365 4128 dicunt:
2396 4072 2558 4127 Arida
2612 4075 2747 4144 facta
2765 4083 2882 4127 sunt
2912 4088 3027 4129 ossa
3074 4082 3269 4135 nostra,
3314 4071 3462 4142 periit
3506 4087 3620 4142 spes

2012 4176 2215 4233 nostra,
2242 4166 2646 4236 exspiravimus;
2675 4176 2941 4237 propterea
2968 4164 3286 4236 praphetiza,
3324 4173 3370 4218 et
3398 4163 3479 4217 dic
3509 4161 3565 4199 ιιι
3601 4179 3620 4217 :

1550 4259 1933 4318 LECTIONES
1962 4258 2380 4318 νΑιιιΑΝΤΕδ.

376 4353 400 4381 ⁸
436 4353 651 4413 Quaerite
677 4352 838 4404 Deum
868 4350 988 4403 Tha.
1021 4356 1157 4403 Voss.
1184 4352 1232 4400 4.
1269 4349 1530 4402 Dominum
1564 4352 1688 4404 Bod.
1714 4353 1761 4413 1,
1786 4354 1834 4415 2,
1858 4355 1909 4416 5,

307 4417 354 4467 4.
389 4417 520 4467 Lam.
551 4416 657 4468 Lin-
681 4416 791 4467 ΝΟ.
818 4416 865 4466 2.

372 4476 399 4573 ξ
424 4481 630 4531 Multum
648 4481 849 4545 sapiens
861 4476 964 4529 Lin.
980 4477 1181 4528 Multum
1192 4478 1394 4589 sapiens
1408 4478 1533 4542 apud
1551 4481 1768 4543 seipsum
1789 4479 1908 4532 Cott.

434 4545 588 4589 Ouum
616 4556 827 4589 necesse
851 4551 928 4589 est
956 4542 1086 4589 Lam.
1115 4539 1223 4589 ΝΟ.
1281 4576 1292 4588 .
1324 4541 1444 4589 Bod.
1471 4542 1522 4589 2.
1549 4539 1672 4589 Tha.
1699 4541 1842 4589 Corb.

372 4544 394 4573 ο
434 4545 588 4602 Quam
616 4539 827 4593 necesse
851 4551 928 4593 est
956 4542 1086 4602 Lam.
1115 4539 1223 4591 ΝΟ.
1250 4539 1292 4589 ι.
1324 4539 1452 4591 Bodl
1471 4542 1522 4591 2.
1549 4539 1672 4592 Tha.
1699 4541 1842 4593 Corb.

373 4603 401 4643 ιι
437 4600 621 4656 Paulus
644 4605 705 4656 ad
721 4604 861 4655 Rom.
892 4600 1035 4656 Corb.

2080 4355 2109 4395 α
2141 4352 2206 4405 Et
2225 4358 2387 4407 scient
2407 4368 2580 4407 omnes
2603 4362 2784 4418 gentes
2808 4359 2860 4418 et
2882 4346 3271 4418 EcclesieBod.
3301 4348 3342 4396 1.
3378 4350 3516 4398 Voss.
3540 4348 3589 4398 5.

2083 4418 2105 4446 τ
2141 4418 2260 4469 Sum
2284 4418 2523 4470 Dominus
2545 4410 2788 4468 scFutator
2814 4416 2946 4465 Lam.
2984 4410 3092 4464 NG.
3120 4411 3169 4461 1.

2081 4483 2105 4549 ξ
2141 4480 2305 4549 Opera
2329 4490 2494 4549 vestra
2520 4480 2699 4549 NC._2.
2724 4476 2892 4549 Opera

2083 4541 2100 4575 ε
2140 4533 2200 4594 A'
2219 4546 2429 4595 secretis
2464 4547 2589 4596 meis
2625 4533 2893 4594 Lam.'Lin.
2935 4537 3047 4591 NG.
3088 4537 3131 4587 1.
3161 4533 3287 4585 Bod.
3313 4535 3358 4599 1,
3405 4533 3452 4584 2.
3496 4534 3620 4587 Tha.

2017 4605 2162 4656 Corb.
2199 4611 2337 4659 Voss.
2362 4609 2410 4656 5.

375 4672 399 4698 ε
436 4672 588 4733 Quam
618 4668 950 4718 inscrutabilia
991 4668 1125 4717 Lam.
1152 4665 1256 4717 Lin.
1278 4664 1389 4723 ΝΕ.
1416 4665 1464 4716 1.
1486 4665 1615 4718 Bod.
1641 4667 1689 4730 1,
1711 4668 1763 4728 2,
1785 4668 1834 4730 5,
1860 4667 1909 4719 1.
1935 4664 1990 4727 D
2078 4670 2109 4733 Ἐξ
2143 4668 2369 4733 Becipiat
2388 4670 2724 4733 unusquisque
2748 4665 2859 4733 ΝΟ.
2894 4665 2942 4715 2.

316 4730 440 4780 Tim.
474 4732 615 4782 Corb.
648 4734 787 4783 Voss.
811 4733 860 4781 5.

375 4793 394 4831 ί
428 4795 550 4844 Sine
584 4796 810 4844 souiibus
839 4803 947 4843 Ver.
984 4792 1163 4843 Benev.

370 4861 396 4899 Β
430 4857 533 4908 Nec
556 4859 597 4908 si
619 4859 761 4907 unius
783 4857 909 4906 Bod.
937 4856 984 4904 1.

367 4919 397 4958 h
431 4919 585 4969 Terra
615 4933 626 4967 :
654 4933 750 4983 non
776 4923 944 4983 potest
969 4929 1087 4983 esse
1103 4913 1448 4983 sinequerelg
1474 4916 1595 4983 Gott.

374 4983 391 5022 ί
432 4982 558 5032 Ecce
581 4984 632 5032 in
657 4977 872 5033 facinore
898 4982 1033 5031 Lam.
1060 4977 1165 5030 Lin.
1190 4980 1236 5030 Ν
1247 4977 1302 5029 C.
1332 4980 1376 5029 1.
1406 4978 1527 5030 Bod.
1560 4980 1601 5041 1,
1626 4979 1673 5045 2,
1700 4981 1748 5031 ι.
1780 4979 1904 5033 Tlut.

310 5044 453 5095 Corb.
490 5048 627 5095 Voss.
651 5048 699 5095 5.

338 5048 453 5095 Γονῡ.
490 5048 627 5096 Voss.
651 5048 699 5095 5.
960 5096 963 5097 ,

373 5108 388 5159 i
432 5108 485 5158 In
524 5108 738 5170 peccatis
771 5107 1009 5170 concepit
1032 5106 1164 5157 Lam.
1203 5103 1309 5155 Litt.
1337 5103 1443 5155 ΝΕ.
1469 5104 1516 5154 1.
1558 5104 1682 5156 Bod.
1716 5107 1757 5168 1,
1784 5106 1833 5170 5,
1855 5108 1903 5159 1.

300 5170 439 5222 Aluit
461 5168 541 5221 me
566 5172 614 5219 in
638 5177 783 5221 utero
813 5168 949 5221 Voss.
982 5168 1031 5218 5.

369 5234 395 5273 k
429 5234 478 5284 Si
504 5234 661 5284 adhuc
683 5231 961 5283 hominibus
984 5232 1118 5281 Lam.
1143 5229 1253 5282 ΝΟ.
1280 5229 1326 5280 1.

371 5297 387 5335 1
429 5295 687 5347 Placerem
713 5296 838 5346 Bod.
868 5296 912 5347 1.
944 5294 1158 5346 Vossa’5.

364 5358 403 5387 π’
439 5358 578 5408 Deus
598 5360 662 5408 de
687 5358 837 5421 longe
863 5358 994 5409 Lam.
1026 5352 1638 5421 NC.E_longinquo_Cott.

367 5425 393 5451 “
428 5423 567 5482 Quod
604 5424 645 5472 si
680 5416 992 5471 abséonditus
1029 5416 1355 5482 t'uerit‘botno
1377 5416 1428 5466 in
1473 5416 1771 5469 absconditis
1804 5421 1907 5470 suis

310 5477 577 5536 LamfNC.
608 5488 653 5535 1.
679 5484 1004 5534 Ahsconditus
1024 5494 1146 5543 ergo
1172 5477 1311 5529 Corb.

365 5548 558 5616 ῗὲιιιο
584 5544 924 5616 actim-5;
1120 5614 1126 5616 Α
1259 5605 1270 5616 .
1458 5598 1528 5616 ...
1628 5605 1676 5616 -.

366 5613 394 5652 Ι)
426 5598 575 5661 Videt
599 5598 645 5660 in
670 5598 859 5670 faciem,
888 5609 1029 5660 Deus
1051 5614 1217 5656 autem
1258 5605 1306 5654 in
1341 5616 1426 5654 cor
1458 5598 1590 5655 Tha.
1620 5605 1724 5657 Litt.
1764 5606 1902 5658 Deus

300 5673 439 5723 Videt
459 5674 511 5722 in
534 5673 679 5724 corde
719 5673 837 5724 Cott.

2081 4732 2112 4797 Ϊ
2144 4730 2373 4797 Hostium
2398 4730 2708 4797 quod'seséit
2733 4730 2853 4797 σοατ

2082 4795 2110 4823 κ
2144 4790 2621 4848 Ιίθθεννδτίάθιηῖιθ
2646 4794 2782 4845 Lam.
2814 4793 2921 4845 ΝΟ.
2950 4790 2995 4840 1.

2073 4857 2103 4896 7
2137 4857 2656 4920 Castiganscastigavit
2674 4855 2795 4906 Gott.
2808 4856 3062 4920 Castigans
3078 4850 3356 4904 emendavit
3376 4850 3483 4904 ΝΟ.
3504 4850 3549 4910 1,
3572 4852 3619 4901 2.

2079 4919 2102 4948 ²
2124 4920 2196 4984 In
2220 4917 2355 4984 virga
2377 4917 2545 4984 ferrea
2571 4919 2692 4984 Bo_d.
2719 4920 2766 4984 _1.
2799 4924 2939 4984 Voss.
2964 4917 3013 4967 5.

2079 4983 2136 5045 f‘f‘
2171 4984 2275 5035 Non
2292 4975 2580 5045 Hispprdam
2616 4981 2754 5033 Corb.
2774 4982 3017 5045 ,Λαΐδι-ραι
3043 4977 3253 5045 Βριιςόἒ
3277 4981 3416 5045 Voss.
3442 4975 3487 5024 1.

2073 5042 2135 5082 ιιι)
2170 5046 2232 5096 Ει
2250 5037 2540 5097 sedit'Deus
2566 5047 2698 5095 Lam.
2728 5043 2833 5096 Lin.
2862 5042 2969 5094 ΝΟ.
2997 5043 3045 5093 1.
3080 5040 3199 5093 Bod.
3227 5040 3273 5090 2.
3307 5037 3431 5089 Tha.

2077 5111 2130 5139 οε
2166 5108 2228 5160 Et
2248 5111 2299 5160 in
2323 5108 2632 5169 resurgendo
2650 5110 2892 5159 securitas
2918 5104 3043 5169 Bod.
3071 5105 3118 5155 5.

2074 5170 2135 5238 ’ιά
2165 5164 2551 5238 Μυιίθιδιεμῑηι.
2580 5169 2684 5219 Lin.
2711 5171 2895 5238 No.1.
2924 5167 3048 5238 Bod.
3079 5170 3122 5228 ι,
3150 5166 3199 5227 2,
3232 5165 3287 5238 4ζ
3308 5164 3522 5238 ιποεει

2076 5237 2131 5266 εδ
2164 5234 2238 5286 Ne
2263 5233 2599 5294 manducares,
2641 5233 3035 5285 etmanducastis
3067 5225 3135 5280 ex
3158 5225 3218 5279 ea
3258 5230 3393 5279 Lam.
3428 5229 3535 5277 Nc.
3578 5225 3618 5275 ι.

2012 5298 2139 5433 Β(ῗὲ
2165 5298 2296 5433 ἔδεε
2318 5372 2497 5433 panem
2519 5366 2656 5433 tuum
2679 5357 2753 5433 de.
2767 5357 2947 5433 papula
2970 5355 3076 5419 agri
3104 5338 3245 5405 Corb.

2074 5425 2132 5466 κε
2165 5425 2272 5475 Non
2296 5420 2374 5473 e'st
2397 5425 2643 5477 inventus.
2670 5420 2788 5484 quia
2812 5420 2931 5471 Coll.

2070 5484 2133 5525 hh
2167 5487 2382 5537 Verbum
2404 5485 2583 5536 NC.2.
2619 5487 2806 5535 Manut.

2077 5550 2123 5590 ii
2166 5549 2383 5600 Manebit.
2401 5547 2526 5599 Bod.
2551 5548 2600 5600 5.
2626 5550 2688 5597 1.:

2258 5691 2407 5738 pneta
2433 5691 2487 5725 et.
2508 5691 2586 5724 me
2610 5691 2734 5725 noa.
2764 5691 2806 5735 I,
2832 5691 2878 5735 z,
2905 5691 2953 5733 ο,
2979 5691 3025 5721 4.
3055 5691 3175 5722 pou.
3217 5691 3351 5721 voss.
3377 5691 3422 5716 ι».

1557 5754 1777 5811 ΒΤΕΡΗ
1788 5799 1800 5812 .
1844 5757 2117 5818 ΒΑωΖιι
2153 5759 2381 5817 NOTAE.

373 5823 1019 5909 litinLIVw—Neminein
1044 5847 1154 5904 sine
1180 5846 1347 5904 sorde.
1380 5832 1527 5902 Citat
1548 5844 1687 5901 hunc
1732 5840 1906 5904 locum

2017 5840 2374 5923 Hieronymus
2394 5852 2444 5906 in
2459 5838 2598 5906 libro
2622 5865 2637 5904 I
2669 5826 3001 5918 Dialogorum
3021 5848 3259 5904 adversus
3282 5838 3614 5920 Pelagianos.
