4230 6282
575 377 686 453 165

1968 386 2103 451 tun
2139 384 2463 451 CYPRIANI

3774 369 3887 439 761

582 503 711 566 lites
733 508 854 567 dicit
873 504 1124 585 Dominus
1149 516 1176 548 α
1197 525 1219 566 :
1244 504 1379 569 Ecce
1398 525 1489 582 ego
1514 508 1693 582 aperio
1718 518 2043 569 monumenta
2058 523 2171 565 ves-

2293 523 2506 580 ‘andum.
2535 519 2706 577 Homo
2733 534 2867 575 enim
2902 516 3017 590 fecit
3043 515 3192 579 illos.
3225 524 3275 572 et
3298 514 3386 588 qui
3409 515 3649 586 spiritum
3704 525 3730 555 ι
3765 531 3886 571 ntu-

581 614 683 672 tra,
728 613 776 658 et
812 604 1024 661 educant
1064 620 1152 661 vos
1194 604 1257 658 de
1302 605 1639 663 monimentis
1681 606 1879 669 rostris,
1929 613 1977 659 et
2019 602 2174 659 indu-

579 712 694 751 cam
740 710 822 750 vos
855 695 911 750 in
953 705 1142 751 terram
1189 695 1377 757 Israel.
1428 696 1495 755 Et
1540 697 1679 753 dabo
1716 696 1973 768 Spiritum
2007 711 2175 755 meum

576 788 631 842 iu
658 802 796 852 (vos,
836 798 883 843 et
922 789 1113 847 vinetis.
1169 789 1236 845 Et
1278 808 1464 863 ponam
1507 808 1592 847 uos
1622 791 1675 844 in
1726 799 1914 845 terram
1935 800 2171 856 vestram,

578 892 626 935 et
674 882 988 953 cognoscetis
1040 884 1283 954 quoniam
1332 902 1425 956 ego
1481 884 1731 940 Dominus
1784 885 1980 937 lacunis
2026 898 2171 948 sunt,

578 986 626 1030 et
679 977 886 1048 faciam.
937 977 1058 1033 dicit
1114 977 1365 1035 Daumius
1406 977 1623 1048 (Bacch.
1685 992 1897 1044 χιινιι,
1954 976 2171 1047 11-11).

578 1067 710 1124 Item
742 1069 795 1123 in
835 1068 1105 1138 Sapientia
1140 1068 1487 1131 Salomonis:
1521 1070 1809 1141 Raptus‘est
1834 1070 1863 1110 δ
1892 1086 1955 1127 ne
1979 1070 2178 1126 malitia

578 1170 795 1215 mutaret
821 1162 1133 1219 intellectura
1167 1164 1327 1219 illius.
1364 1163 1571 1220 Placita
1600 1165 1733 1221 enim
1779 1175 1886 1220 erat
1923 1163 2035 1220 Deo
2057 1168 2175 1219 ani-

580 1272 665 1309 ma
705 1256 847 1313 illius
894 1253 1051 1329 (Sep.
1093 1271 1169 1322 tv,
1205 1257 1262 1313 11
1290 1255 1401 1328 lt).
1427 1256 1559 1312 Item
1604 1257 1659 1313 in
1689 1256 1903 1312 Pssimo
1928 1272 2174 1313 unm:

584 1347 754 1414 Quam
782 1347 1121 1413 dilectissime:
1146 1357 1174 1391 ο
1192 1348 1528 1409 habitationes
1557 1359 1677 1414 tua,
1731 1347 1871 1405 Deus
1911 1349 2179 1404 uirtutum!

581 1440 851 1495 Desiderat
883 1449 927 1495 et
969 1453 1209 1509 praperat
1233 1438 1261 1479 ἀ
1279 1442 1450 1496 anima
1475 1458 1586 1495 mea
1607 1441 1675 1495 ad
1713 1442 1847 1495 atria
1870 1450 1893 1478 ε
1937 1439 2036 1497 Dei
2060 1439 2175 1510 (Ps.

582 1550 802 1600 LXXXI",
834 1532 978 1605 2,3).
1024 1522 1090 1590 Et
1136 1534 1190 1590 in
1244 1534 1482 1605 EpiSloia
1535 1535 1687 1592 Pauli
1715 1535 1780 1591 ad
1827 1534 2177 1591 Thessaloni-

582 1642 810 1684 censes:
844 1627 1104 1684 Nolumus
1131 1640 1303 1685 autem
1327 1644 1414 1685 vos
1448 1631 1703 1703 ignorare.
1735 1631 1939 1702 putres,
1971 1630 2034 1685 de
2058 1630 2174 1683 dor-

583 1722 874 1788 mientibus,
908 1736 971 1778 ne
1009 1722 1376 1778 contristemini
1423 1723 1555 1777 sicut
1603 1733 1648 1777 et
1690 1725 1877 1787 caeteri,
1912 1723 2000 1792 qui
2040 1734 2181 1793 spent

583 1830 685 1869 non
732 1813 934 1868 habent.
990 1813 1051 1868 Si
1100 1815 1236 1867 enim
1280 1814 1535 1869 credimus
1582 1815 1703 1885 quia
1750 1814 1905 1869 Iesus
1951 1823 2183 1869 mortuus

586 1914 661 1960 est
702 1915 749 1959 et
790 1907 1089 1971 resurrexit,
1131 1908 1205 1961 sic
1249 1916 1295 1959 et
1344 1896 1480 1959 Deus
1523 1922 1607 1960 eos
1659 1908 1746 1977 qui
1775 1907 2089 1961 dormierunt
2124 1907 2181 1960 in
2209 1903 2256 1965 Β

587 1997 713 2052 Jesu
733 1998 950 2052 adducet
976 2013 1090 2051 eum
1110 2012 1168 2052 eo
1195 1995 1238 2068 (l
1263 1997 1444 2053 Thess.
1469 2012 1539 2063 tv,
1572 1998 1789 2069 43,14).
1822 1997 1953 2053 Item
1984 1998 2049 2051 ad
2076 1998 2181 2051 Co-

586 2090 815 2147 rinthios
859 2107 875 2146 ι
908 2108 924 2147 :
955 2092 1126 2148 Stulte
1151 2089 1199 2160 ι,
1243 2102 1296 2146 tu
1326 2092 1463 2163 quod
1500 2093 1719 2147 seminus
1746 2108 1852 2146 non
1897 2090 2186 2160 viviﬁcatur

584 2186 685 2240 nisi
727 2186 915 2255 pristes
944 2196 1199 2241 mortuum
1234 2187 1407 2256 fuerit.
1435 2187 1499 2242 Et
1524 2188 1716 2241 iterum
1747 2205 1760 2243 τ
1792 2186 1955 2243 Stella
1975 2205 2006 2241 a
2035 2187 2186 2242 stella

585 2278 756 2345 differt
783 2281 838 2333 in
876 2279 1126 2345 claritate,
1156 2280 1229 2334 sic
1274 2290 1323 2335 et
1349 2281 1649 2335 resurrectio
1678 2278 1729 2334 ιι.
1752 2281 2045 2337 Seminatur
2070 2298 2185 2335 cor-

587 2390 682 2442 pus
715 2374 769 2427 in
806 2376 1148 2443 corruptione,
1188 2376 1403 2447 resurgit
1424 2377 1533 2430 sine
1551 2376 1844 2447 corruptela
1868 2376 1913 2429 ί.
1945 2376 2185 2433 Semina—

587 2476 669 2519 tur
696 2466 750 2520 in
792 2467 1072 2536 ignominia
1102 2466 1117 2519 ἱ
1145 2509 1159 2532 ,
1202 2468 1420 2537 resurgit
1456 2469 1509 2522 in
1544 2469 1727 2539 gloria.
1792 2469 2091 2524 Seminatur
2130 2470 2184 2523 in

585 2560 906 2628 infirmitate,
958 2564 1177 2634 resurgit
1219 2564 1277 2616 in
1302 2564 1505 2619 virtute.
1539 2562 1837 2619 Seminatur
1861 2579 2049 2631 corpus
2073 2564 2187 2617 ani-

591 2651 749 2719 male,
776 2652 1276 2726 remgitkspiritole
1298 2651 1473 2725 (lCor.
1492 2670 1581 2720 xv,
1613 2653 1705 2722 56,
1735 2656 1929 2720 M—M,
1960 2655 2183 2725 55-ὕό).

593 2749 663 2803 Et
712 2749 904 2804 iterum
935 2766 950 2807 :
984 2747 1199 2820 Oportet
1242 2749 1376 2805 enim
1421 2751 1771 2819 corruptivum
1810 2750 1950 2805 istud
1974 2750 2187 2806 induere

588 2843 1025 2916 incorruptionem
1059 2851 1106 2899 et
1133 2841 1355 2901 mortale
1379 2844 1473 2897 hoc
1493 2843 1706 2899 induere
1729 2844 2183 2901 immortalitatem.

590 2935 655 2967 ³³⁸
688 2932 817 2997 Cum
836 2945 1004 2991 autem
1018 2937 1363 3007 corruptivum
1386 2936 1481 2993 hoc
1504 2937 1724 2995 induerit
1735 2938 2187 3008 incorruptionem,

590 3038 635 3084 et
667 3029 882 3086 mortale
922 3030 1018 3087 hoc
1061 3030 1283 3088 induerit
1325 3031 1788 3104 incorruptionem.
1816 3043 1936 3089 tunc
1962 3034 2049 3103 fiet
2079 3053 2190 3093 uer.

591 3130 708 3185 bum
726 3128 863 3199 quod
904 3130 1151 3201 scriptum
1175 3138 1248 3186 est
1273 3145 1291 3183 ε
1320 3129 1573 3201 Absorpta
1601 3140 1673 3186 est
1705 3147 1840 3186 mors
1871 3127 1962 3187 1in
1983 3140 2191 3189 conten-

591 3227 778 3278 tionem
797 3231 860 3279 ω.
884 3221 983 3279 Ubi
999 3233 1092 3291 est,
1111 3240 1268 3290 more,
1282 3224 1486 3283 aculeus
1508 3233 1623 3280 tuus
1637 3224 1662 3278 ?
1675 3224 1757 3280 ubi
1775 3234 1869 3291 est,
1889 3241 2044 3292 mors,
2069 3241 2189 3281 con-

2274 630 2444 676 tuatus
2480 626 2553 671 est
2584 659 2598 682 ,
2631 619 2676 671 is
2715 616 2865 684 finxit
2898 613 3040 668 illos.
3091 610 3260 666 Nemo
3303 620 3474 665 autem
3524 610 3618 667 sibi
3663 610 3883 666 similem

2276 712 2427 766 homo
2466 713 2650 782 poterit
2686 710 2837 763 deum
2883 707 3092 777 ﬁngere.
3144 701 3273 759 Cum
3327 703 3393 758 sit
3443 704 3576 757 enim
3614 704 3880 768 mortalis,

2277 815 2527 860 mortuum
2540 803 2685 876 ﬁngit
2713 811 2737 839 ⁸
2763 801 2994 855 manibus
3013 799 3219 870 iniquis.
3248 796 3435 853 Melior
3476 807 3548 853 est
3569 806 3738 851 autem
3771 798 3886 868 ipse

2277 900 2340 953 iis
2393 914 2516 968 quos
2577 895 2731 962 colit;
2797 894 3037 965 quoniam
3106 893 3218 959 ipse
3285 890 3486 959 quidem
3561 888 3688 943 vicit
3722 930 3736 954 ,
3805 889 3888 943 illi

2277 1002 2554 1060 numquam
2585 992 2602 1058 (
2635 989 2764 1059 Sap.
2796 1003 2868 1043 xv
2894 1030 2907 1052 ,
2941 986 3113 1042 15-17
3145 982 3185 1056 ).
3223 984 3297 1039 De
3346 982 3448 1037 hoc
3499 981 3616 1054 ipso
3650 998 3664 1035 :
3699 979 3888 1054 Neque

2278 1100 2433 1154 opera
2475 1082 2785 1137 attendentes
2823 1087 3165 1150 cognoverunt
3205 1075 3319 1146 quis
3360 1084 3487 1130 esset
3515 1073 3707 1144 artifex
3728 1113 3743 1139 ,
3796 1072 3888 1128 sed

2278 1188 2367 1231 aut
2404 1177 2610 1247 ignem,
2640 1184 2726 1226 aut
2752 1173 3023 1243 spiritum,
3058 1179 3147 1223 aut
3178 1169 3392 1222 citatum
3428 1182 3596 1221 aerem
3619 1205 3636 1232 ,
3677 1176 3765 1220 aut
3794 1182 3889 1237 gg.

2278 1284 2392 1322 rum
2440 1267 2747 1329 stellarum,
2796 1272 2886 1319 aut
2935 1263 3143 1316 nimiam
3202 1277 3388 1332 aquam
3412 1301 3427 1327 ,
3477 1266 3567 1313 aut
3620 1257 3778 1312 salem
3834 1266 3888 1313 et

2281 1364 2458 1418 lunam
2487 1402 2502 1427 ,
2534 1372 2752 1414 rectores
2802 1359 2937 1412 orbis
2964 1366 3113 1411 terrae
3140 1356 3263 1410 deos
3301 1359 3602 1424 putauerunt
3625 1364 3645 1405 :
3668 1364 3888 1422 quorum

2279 1458 2326 1509 si
2354 1459 2560 1522 propter
2586 1451 2801 1522 speciem
2829 1450 2926 1504 Ito'c
2949 1450 3322 1503 testimaverunt
3343 1488 3357 1511 ,
3407 1444 3571 1500 sciant
3592 1451 3785 1515 quanto
3808 1441 3887 1497 Itis

2283 1545 2540 1601 Dominus
2581 1545 2644 1599 sit
2661 1544 2972 1615 speciosior:
2999 1550 3088 1595 aut
3129 1541 3174 1595 si
3204 1522 3410 1593 virtutes
3435 1546 3484 1591 et
3510 1550 3669 1606 opera
3713 1550 3888 1589 eorum

2284 1641 2455 1695 mirati
2484 1647 2621 1704 sunt,
2639 1634 2927 1706 intelligant
2954 1631 3018 1687 ab
3037 1633 3165 1701 ipsis
3188 1633 3435 1701 quoniam
3456 1629 3545 1699 qui
3568 1626 3679 1682 lues
3701 1626 3891 1681 consti-

2285 1734 2378 1787 tuit
2407 1731 2562 1800 fortia
2591 1727 2771 1801 fortior
2795 1736 2873 1782 est
2891 1726 2997 1780 illis
3028 1726 3047 1796 (
3091 1723 3222 1793 Sap.
3278 1737 3375 1779 xm
3397 1763 3411 1787 ,
3446 1721 3549 1776 1-4
3573 1717 3613 1794 ).
3657 1718 3789 1774 Item
3831 1719 3889 1773 in

2286 1824 2500 1880 Psalmo
2527 1835 2729 1878 cxxxtv
2758 1837 2772 1874 :
2806 1817 2960 1873 ldola
3005 1817 3232 1889 gentium
3282 1825 3548 1886 argentum
3580 1823 3628 1867 et
3655 1827 3836 1865 aurum
3870 1851 3886 1875 ,

2284 1932 2414 1987 opus
2444 1928 2687 1968 mentium
2713 1912 2992 1966 hominum.
3027 1908 3100 1963 Os
3118 1908 3299 1962 habent
3321 1949 3335 1970 ,
3362 1915 3413 1960 et
3438 1922 3541 1959 non
3563 1904 3840 1974 loquuntur
3864 1943 3882 1964 ,

2285 2009 2460 2063 oculos
2478 2006 2663 2060 habent
2684 2048 2699 2070 ,
2728 2015 2896 2058 etnon
2922 2002 3092 2056 rident
3115 2041 3130 2065 ,
3161 2015 3309 2053 aures
3331 1997 3511 2053 habent
3539 2039 3553 2063 ,
3587 2005 3633 2049 et
3662 2011 3767 2049 non
3785 2010 3900 2047 ass-

2285 2103 2430 2157 dium
2458 2102 2505 2153 ι.
2535 2098 2717 2166 Neque
2743 2099 2879 2152 etaim
2903 2106 2977 2150 est
3000 2095 3210 2167 spiritus
3237 2095 3289 2147 in
3317 2106 3407 2147 ore
3426 2104 3621 2146 eorum.
3670 2087 3900 2145 Similes

2286 2196 2413 2264 ﬂant
2440 2203 2471 2233 υ
2494 2194 2598 2247 illis
2628 2193 2717 2262 qui
2760 2192 2952 2261 facltmt
2989 2202 3053 2241 ea
3082 2196 3110 2226 ν
3140 2195 3188 2241 et
3212 2198 3384 2239 omnes
3407 2184 3495 2254 qui
3528 2179 3801 2251 confidunt
3832 2180 3900 2237 its

2284 2284 2390 2344 illis
2430 2285 2549 2360 (Ps.
2593 2298 2842 2350 cxsxw,
2904 2274 3081 2339 43-48
3104 2279 3149 2355 ).
3192 2279 3321 2335 Item
3380 2279 3436 2333 in
3477 2275 3695 2332 Pssimo
3741 2288 3893 2329 xcv:

2290 2380 2481 2441 Omnes
2526 2379 2598 2435 dii
2645 2378 2869 2447 gentium
2906 2377 3185 2443 damonis.
3240 2373 3493 2433 Dominus
3537 2379 3709 2425 autem
3738 2368 3895 2424 caelos

2289 2474 2405 2544 fecit
2432 2471 2563 2548 (Ps.
2594 2487 2731 2537 xcv,
2760 2471 2851 2543 5).
2879 2471 3012 2527 ltctn
3044 2471 3099 2527 in
3124 2468 3313 2529 Exodo
3341 2484 3354 2521 ε
3385 2465 3508 2521 Non
3538 2464 3737 2534 facietis
3756 2463 3896 2517 vobis

2288 2566 2409 2623 deos
2428 2574 2689 2637 argenteos
2715 2581 2874 2638 neque
2891 2581 3071 2633 aureos
3095 2562 3292 2638 (Exod.
3318 2576 3416 2626 xx,
3432 2556 3549 2630 25).
3577 2557 3643 2612 Et
3661 2558 3850 2612 iterum
3876 2573 3889 2611 :

2293 2655 2417 2715 Non
2455 2659 2615 2729 facies
2654 2659 2744 2714 tibi
2792 2658 2985 2713 idolum
3030 2672 3120 2712 nec
3167 2655 3471 2725 cujusquam
3510 2649 3894 2706 similitudinem

2291 2750 2313 2831 (
2340 2750 2479 2807 Ibid.
2505 2766 2595 2817 xx,
2621 2749 2716 2822 1).
2748 2749 2877 2807 Item
2908 2750 2957 2804 in
2985 2746 3252 2805 Hiereluia
3281 2764 3293 2801 :
3325 2743 3451 2800 Haec
3470 2740 3846 2799 dicitDominus
3877 2753 3895 2793 :

2293 2844 2589 2903 Secundum
2614 2843 2721 2901 vias
2741 2843 2969 2914 gentium
2994 2841 3148 2899 nolite
3168 2838 3401 2894 incedere
3418 2879 3432 2902 ,
3466 2836 3586 2909 quia
3615 2835 3785 2893 timent
3801 2833 3896 2891 illa

2290 2938 2345 2993 in
2375 2937 2603 3008 personis
2627 2936 2733 2992 suis
2755 2978 2770 3002 ,
2795 2935 2914 3006 quia
2940 2934 3168 3005 legitima
3197 2930 3419 3004 gentium
3440 2944 3600 2987 vacua
3624 2934 3756 2981 sunt.
3793 2923 3857 2979 Li
3877 2957 3891 2967 -

2291 3045 2447 3102 gnum
2476 3029 2539 3083 de
2563 3028 2698 3083 saltu
2723 3028 2948 3085 excisum
2975 3043 3106 3100 opus
3131 3025 3263 3095 fabri
3279 3067 3294 3091 ,
3328 3034 3377 3079 et
3404 3024 3679 3095 conﬂatum
3713 3036 3897 3075 aurum

2291 3135 2339 3179 et
2369 3131 2636 3197 argentum
2661 3122 2886 3193 speciose
2911 3120 3189 3190 composita
3223 3128 3340 3172 sunt
3367 3159 3383 3182 ,
3414 3117 3468 3170 in
3496 3116 3736 3186 και-ταῶ
3768 3125 3815 3169 et
3844 3115 3898 3167 in

2294 3217 2455 3272 clavis
2507 3216 2935 3286 confirmaverunt
2978 3214 3098 3277 illa,
3142 3222 3188 3266 et
3215 3229 3315 3266 non
3362 3209 3728 3276 movebuntur,
3776 3209 3899 3279 quia

592 3317 747 3371 tentia
778 3317 908 3371 tua?
935 3317 1067 3373 Item
1098 3318 1148 3372 in
1181 3316 1474 3386 Evangelia
1519 3329 1636 3375 cata
1667 3318 1930 3375 Joannem
1960 3336 1974 3373 :
2010 3316 2190 3388 Pater,

2300 3310 2615 3379 conﬂatibilia
2661 3317 2796 3364 sunt.
2849 3309 3127 3380 Argentum
3155 3306 3443 3377 appositum
3486 3312 3558 3357 est
3591 3318 3625 3355 α
3656 3300 3889 3355 Titanis.

591 3423 719 3479 quos
757 3407 942 3463 dedisti
972 3407 1119 3472 mihi,
1170 3411 1282 3464 volo
1323 3410 1489 3464 utubi
1534 3428 1626 3483 ego
1663 3415 1808 3482 fuero
1850 3423 1899 3465 et
1947 3412 2046 3472 ipsi
2096 3412 2196 3469 sint

594 3512 813 3562 mecum,
869 3508 917 3552 et
960 3498 1161 3555 videant
1198 3500 1486 3559 claritatem
1535 3520 1700 3561 nteant
1746 3521 1912 3575 quam.
1937 3505 2062 3559 mihi
2104 3506 2195 3560 de-

593 3588 710 3644 disti
722 3600 839 3645 ante
856 3593 1260 3647 constitutionem
1282 3594 1461 3648 mundi
1483 3603 1508 3629 η
1542 3594 1720 3668 (toan.
1758 3612 1891 3663 xvn,
1922 3596 2034 3668 2t).
2069 3596 2196 3655 Item

595 3693 713 3741 cata
766 3684 965 3745 Lunam
997 3703 1011 3741 :
1061 3684 1218 3745 Nunc
1255 3687 1469 3747 dimittis
1507 3704 1707 3745 servum
1751 3698 1916 3757 tuum,
1949 3688 2195 3761 Domine,

591 3784 870 3841 secundum
885 3784 1086 3843 verbum
1105 3796 1271 3850 tuum,
1298 3788 1350 3840 in
1373 3804 1517 3858 pace,
1541 3786 1660 3861 quia
1682 3788 1911 3863 viderunt
1941 3789 2075 3845 oculi
2105 3792 2200 3845 mei

592 3881 821 3935 salutare
868 3889 1009 3937 tuum
1026 3880 1182 3952 (Luc.
1223 3897 1282 3948 ιι,
1333 3881 1541 3953 29,50).
1587 3882 1719 3940 Item
1749 3894 1865 3940 cata
1891 3883 2197 3943 Joannem:

596 3971 658 4026 Si
712 3989 792 4026 me
827 3972 1148 4043 dilexissetis,
1190 3974 1477 4045 gaudet-etis
1499 3984 1522 4010 ο
1553 3977 1791 4046 quoniam
1840 3977 1975 4032 vado
2002 3977 2070 4033 ad
2100 3976 2202 4033 Pa-

598 4072 748 4125 trem.
774 4065 893 4132 quia
919 4063 1077 4121 Pater
1108 4069 1274 4138 major
1311 4085 1392 4123 me
1428 4080 1501 4125 est
1530 4068 1710 4142 (Joan.
1748 4086 1856 4138 xw,
1900 4070 2016 4141 28).

625 4172 745 4212 CAP.
778 4172 885 4213 ιιι.
917 4187 986 4199 -·
1014 4174 1083 4216 ΒΕ
1122 4174 1294 4220 ιιιοιιε
1330 4175 1450 4225 ρυιε
1490 4176 1748 4219 οεητιιεε
1785 4176 1919 4219 0305
1946 4178 2174 4223 PUTANT.

538 4324 547 4335 ι
673 4249 730 4305 In
761 4250 1036 4323 Sapientia
1063 4252 1367 4312 Salomonis
1397 4272 1410 4313 :
1447 4254 1633 4311 Omnia
1659 4255 2081 4324 idolanationum
2104 4272 2202 4313 tes-

602 4343 902 4398 timaverunt
927 4344 1046 4400 deos
1066 4387 1081 4412 ,
1118 4346 1297 4415 quibus
1325 4363 1482 4418 neque
1503 4346 1764 4401 oculorum
1794 4364 1916 4403 usus
1945 4357 2017 4403 est
2043 4348 2111 4402 ad
2134 4348 2207 4403 ri—

602 4436 871 4505 dendum,
926 4456 1084 4511 neque
1132 4456 1280 4497 nares
1306 4440 1375 4493 ad
1425 4439 1804 4511 percipiendum
1850 4450 1877 4491 ιι
1928 4440 2204 4519 spiritum,
2232 4457 2285 4516 1)

600 4544 760 4600 neque
787 4546 936 4585 aures
990 4533 1058 4586 ad
1083 4533 1393 4589 audiendum
1423 4572 1440 4598 ,
1480 4548 1640 4607 neque
1681 4532 1826 4605 digiti
1879 4532 1933 4585 in
1976 4529 2208 4585 manibus

597 4621 665 4677 ad
684 4624 1099 4681 contrectandum
1120 4637 1171 4694 τι,
1197 4623 1287 4681 sed
1314 4637 1359 4681 et
1392 4623 1547 4697 pedes
1572 4641 1747 4681 eorum
1775 4625 1908 4698 pigri
1935 4623 2004 4681 ad
2032 4625 2214 4680 ambu-

2312 3402 2454 3459 Venit
2474 3418 2660 3457 aurum
2678 3402 2851 3457 Moab.
2881 3401 3053 3470 Opera
3066 3401 3321 3469 artificum
3343 3396 3523 3452 omnia.
3544 3393 3899 3466 Hyacinthum

2301 3502 2348 3552 et
2387 3510 2618 3567 purpura
2645 3496 2852 3551 uestient
2882 3510 3011 3549 eam.
3049 3493 3303 3548 Tollentes
3321 3491 3490 3546 tollent
3505 3504 3565 3543 ea
3592 3530 3607 3552 ,
3644 3489 3768 3558 quia
3795 3503 3907 3540 non

2302 3590 2557 3661 prodient.
2620 3587 2797 3643 Nolite
2832 3588 3007 3643 timere
3049 3602 3107 3641 ea
3127 3628 3142 3653 ,
3171 3586 3293 3653 quia
3321 3582 3511 3637 malum
3541 3596 3644 3634 non
3676 3578 3903 3651 faciunt,

2307 3692 2357 3740 et
2386 3684 2573 3755 bonum
2613 3690 2815 3736 nonest
2849 3682 2904 3736 in
2931 3680 3061 3737 illis.
3101 3678 3191 3737 Sic
3221 3674 3512 3735 dieite:Dii
3533 3673 3620 3744 qui
3648 3671 3831 3728 calum
3857 3682 3907 3725 ot

2306 3784 2492 3833 terram
2528 3790 2629 3831 non
2671 3777 2897 3843 fecerunt
2939 3773 3190 3829 intereunt
3227 3786 3258 3826 a
3310 3778 3445 3825 terra
3473 3777 3520 3825 et
3549 3766 3612 3821 de
3648 3764 3741 3819 sub
3780 3765 3907 3818 eicio

2304 3867 2421 3922 isto.
2476 3852 2764 3921 Exhorruit
2813 3865 3000 3923 ctelum
3043 3864 3096 3918 in
3146 3863 3239 3917 hoc
3281 3871 3326 3916 et
3383 3859 3648 3915 abhorruit
3693 3856 3909 3911 multum

2305 3959 2466 4029 magis
2513 3958 2825 4013 vehementer
2850 3998 2866 4024 ,
2897 3955 3017 4009 dicit
3049 3954 3318 4007 Dominus.
3376 3950 3500 4011 Hac
3538 3949 3763 4022 maligna
3789 3951 3909 4021 fecit

2306 4049 2448 4121 plebs
2492 4067 2627 4104 mea.
2680 4050 3069 4120 Dereliquerunt
3112 4050 3300 4120 fontem
3331 4060 3476 4119 aqua:
3502 4046 3627 4099 vitae
3649 4086 3664 4111 ,
3699 4051 3743 4096 et
3783 4040 3912 4109 εΙῙο-

2307 4147 2491 4217 derunt
2540 4144 2635 4198 sibi
2684 4143 2893 4213 laqueos
2935 4142 3145 4196 detritos
3170 4140 3255 4211 qui
3299 4154 3402 4194 non
3447 4144 3683 4208 poterant
3722 4150 3912 4205 aquam

2308 4236 2585 4291 continere.
2649 4232 2940 4290 Verberavit
2985 4243 3032 4287 te
3068 4230 3270 4287 dilectio
3302 4240 3388 4285 tua
3415 4272 3430 4295 ,
3483 4240 3529 4284 et
3560 4226 3782 4298 nequitia
3824 4233 3914 4277 tua

2308 4326 2567 4383 accusabit
2592 4335 2660 4381 te.
2692 4324 2757 4380 Et
2783 4327 2911 4380 scito
2932 4335 2978 4378 et
3005 4323 3118 4377 uide
3139 4322 3259 4392 quia
3292 4337 3524 4375 amorum
3551 4319 3640 4374 tibi
3660 4317 3750 4372 erit
3775 4315 3915 4387 quod

2310 4417 2639 4489 dereliqueris
2657 4433 2754 4485 me,
2778 4416 2899 4470 dicit
2923 4413 3175 4472 Dominus
3199 4411 3337 4469 Deus
3369 4420 3509 4479 tuus,
3538 4420 3585 4464 et
3606 4425 3709 4464 non
3733 4424 3914 4478 spera-

2318 4510 2449 4565 veris
2474 4508 2528 4563 in
2558 4527 2658 4576 me,
2690 4509 2811 4562 dicit
2836 4507 3082 4562 Dominus
3106 4505 3242 4561 Deus
3270 4516 3386 4560 tuus
3413 4545 3430 4573 ,
3460 4504 3579 4575 quia
3592 4504 3646 4557 in
3671 4502 3918 4559 saeuiunt

2321 4601 2674 4659 contribulain
2713 4603 2904 4676 jugum
2945 4616 3111 4657 meum
3150 4610 3195 4655 et
3221 4598 3455 4670 dirupisti
3484 4596 3685 4653 uincula
3713 4606 3802 4650 tua
3826 4636 3843 4661 ,
3871 4603 3917 4648 et

1853 4735 2236 4797 LECTIONES
2274 4736 2688 4821 VARIANTES.

663 4851 701 4927 ξ
726 4848 856 4927 [Dicit
879 4852 1118 4927 Dominus
1136 4851 1459 4927 pmnipo‘t‘en‘s
1638 4853 1748 4927 NG.
1773 4856 1820 4905 1.
1849 4854 1973 4927 Bod.
1997 4855 2046 4927 2:

674 4909 704 4950 δ
740 4914 925 5027 Raptus
958 4924 1034 4971 est
1050 4916 1212 4978 justus
1252 4909 1374 4963 Cott.
1400 4912 1814 4966 Commemoratus
1848 4922 1927 4967 est
1960 4920 2012 4967 in
2034 4914 2209 4983 brevi,

674 4976 801 5027 tnlev
827 4990 847 5027 t
868 4986 1106 5027 tempore.
1133 4976 1360 5027 [iacebat
1378 4978 1508 5025 enim
1534 4974 1642 5024 Deo
1666 4977 1782 5027 Gott.

621 4974 847 5039 explevit
868 4974 1106 5051 tempora,
1133 4976 1360 5040 placebat
1378 4978 1508 5025 enim
1534 4974 1642 5048 Deo
1666 4977 1782 5029 Gott.

680 5043 703 5072 °
743 5040 897 5100 Quam
920 5040 1157 5099 amabiles
1182 5039 1309 5088 Bod.
1334 5040 1390 5100 5.
1406 5038 1646 5088 Amantini
1670 5041 1985 5095 tabernacula
2014 5041 2118 5097 Lin.

674 5101 703 5142 ἀ
730 5099 1312 5169 ﬁoucupisgitetdcﬂcit
1337 5099 1442 5152 Lin.
1469 5102 1575 5154 ΝΟ.
1601 5101 1648 5152 2.

668 5169 694 5198 ⁸
728 5167 786 5217 In
809 5164 929 5217 atria
963 5166 1085 5217 Bod.
1112 5164 1158 5215 1.

668 5227 691 5267 ί
729 5230 971 5294 [nsipiens
992 5236 1042 5279 tu
1070 5229 1188 5280 Coa.

2372 4851 2411 4879 ¹¹¹
2444 4851 2563 4903 Sine
2586 4855 2905 4905 contentione
2930 4854 3063 4903 Lam.
3086 4851 3209 4903 Bod.
3233 4849 3280 4900 2.
3308 4853 3357 4903 Ν
3363 4847 3417 4901 ε.
3446 4849 3491 4899 1.

2372 4914 2402 4944 ³³
2436 4917 2714 4977 Antequam
2736 4917 2944 4967 mundus
2965 4916 3108 4966 ﬁeret
3129 4916 3248 4967 (ἴση.

2378 4980 2404 5007 υ
2440 4978 2738 5044 gauderent;
2759 4982 2930 5044 utique
2956 4978 3060 5029 Lin.

2377 5051 2405 5090 Ι)
2440 5040 2597 5091 Nares
2620 5038 2677 5089 ad
2710 5038 3005 5092 adorandum
3032 5044 3150 5093 Coll.

2318 5110 2337 5138 ι’
2374 5113 2404 5155 (ι
2441 5102 2596 5169 Digiti
2624 5116 2855 5169 manuum
2882 5106 2939 5155 ad
2963 5103 3420 5169 tractandumjnm.
3447 5099 3554 5152 ΝΟ.
3581 5099 3624 5148 1.
3656 5095 3776 5149 Bod.
3800 5095 3847 5154 1,
3870 5096 3927 5157 2,

2324 5173 2373 5225 4.
2419 5166 2622 5247 Voss}.
2652 5168 2822 5219 Manus
2839 5169 2897 5223 ad
2922 5167 3217 5281 palpandum
3243 5166 3359 5218 Coll.

2381 5239 2405 5268 ι’
2447 5239 2682 5281 nutritum
2705 5238 2893 5281 mutuat
2960 5244 3057 5281 am.
3084 5229 3191 5281 ΝΟ.
3221 5230 3265 5281 1.

2381 5239 2405 5268 ι·
2447 5232 2572 5277 Sniri

673 5238 688 5267 ι
729 5238 971 5294 lnsiptens
992 5238 1042 5279 tu
1070 5238 1188 5280 Gott.

673 5297 702 5339 ε
734 5296 838 5348 Nisi
862 5305 979 5349 ante
1004 5289 1269 5359 LamaLin.
1296 5292 1420 5359 ANQ.
1461 5294 1507 5343 1.
1534 5295 1661 5348 Bod.
1704 5296 1753 5346 2.
1803 5299 1941 5348 Voss.
1974 5298 2023 5346 5.
2060 5295 2190 5349 Steti:

2381 5239 2405 5268 ι’
2444 5238 2682 5344 ᾖρίτὶιιιω
2705 5238 2893 5281 mutuat
2922 5238 3057 5281 Lam.
3084 5238 3191 5281 NU.
3221 5238 3265 5281 1.

2382 5302 2404 5329 ⁸
2493 5294 2678 5351 artatis.
2708 5304 2949 5347 mortuum
2972 5294 3127 5359 tinget
3165 5296 3301 5343 Voss.
3335 5291 3384 5351 5,
3409 5290 3456 5339 4.

612 5362 745 5414 enim
770 5362 904 5410 Lam.
933 5362 980 5412 Ν
988 5359 1042 5410 C.
1070 5359 1114 5409 1.
1144 5356 1269 5406 Bod.
1293 5354 1340 5404 9.
1368 5357 1489 5407 Coa.

667 5421 698 5462 h
734 5423 789 5474 In
816 5426 1181 5477 resurrectione
1206 5420 1332 5475 Bod.
1359 5427 1401 5475 1.
1428 5424 1727 5475 Mortuorum
1750 5419 1891 5474 addit
1915 5423 2071 5474 Oxon.

674 5487 693 5550 ἱ
733 5486 789 5537 In
813 5488 1184 5550 incorruptione
1214 5482 1337 5536 Bod.
1365 5489 1408 5540 1.
1442 5490 1581 5538 Voss.
1603 5488 1649 5537 5.

677 5549 691 5601 i
739 5549 792 5599 In
816 5549 1122 5613 ignobilitate
1148 5551 1271 5601 Gott.

2383 5362 2403 5396 τ
2446 5359 2548 5408 Non
2568 5359 2801 5417 audiunt;
2826 5371 2971 5408 nares
2994 5351 3194 5416 habent,
3222 5361 3275 5417 ut
3298 5366 3393 5402 non
3422 5351 3725 5411 odorabunt;
3752 5360 3934 5417 manus

2318 5425 2525 5479 habent,
2551 5427 2604 5484 et
2626 5434 2734 5484 non
2748 5410 3038 5484 palpabunt;
3066 5410 3222 5482 pedes
3256 5416 3459 5475 habent,
3493 5423 3544 5464 et
3577 5426 3678 5463 non
3709 5410 3933 5462 ambula-

2322 5482 2595 5551 buntrliotl.
2624 5484 2669 5534 1.
2699 5482 2991 5551 (ἷὸηζνοδδ.
3197 5540 3245 5551 η

2382 5536 2411 5579 ’ί
2434 5536 2645 5598 Similes
2683 5548 2781 5595 sint
2815 5558 2988 5597 omnes
3013 5547 3146 5595 Lam.
3190 5540 3293 5593 Lin.
3338 5541 3447 5594 ΝΕ.
3492 5540 3540 5591 1.
3569 5538 3694 5590 Bod.
3722 5537 3768 5597 1,
3805 5536 3855 5597 2,
3880 5537 3933 5585 4.

674 5617 703 5680 s
736 5608 974 5680 Resurgit
992 5629 1171 5680 corpus
1195 5617 1321 5668 Bod.
1350 5617 1396 5666 1.
1430 5608 1570 5680 Voss.
1591 5617 1641 5666 ὅ.
1674 5679 1686 5680 7
1754 5677 1766 5680 _
1884 5675 1908 5680 Α
1961 5677 1971 5680 _

2331 5610 2623 5680 Tlt_u.nCo_rb.

679 5679 699 5718 l
737 5666 1012 5744 Absurﬁ'ptaﬁ
1029 5666 1108 5731 es't
1129 5692 1263 5731 mors
1285 5666 1419 5733 Lam.
1444 5666 1570 5731 Bod.
1597 5681 1616 5728 1
1626 5713 1643 5741 ,
1665 5679 1715 5741 ἓ,
1739 5677 1787 5728 4.
1815 5675 1925 5731 NG.
1953 5677 1999 5726 1.
2387 5678 2415 5706 ν
2453 5674 2656 5725 Faciunt
2679 5683 2760 5731 ea.
2792 5670 2919 5723 Item
2943 5671 3067 5722 Bod.
3104 5670 3151 5732 1,
3171 5670 3221 5730 2,
3244 5670 3293 5733 5,
3319 5666 3367 5717 4.

1904 5784 2264 5843 VARIORUM
2291 5781 2516 5840 NOTAE.

623 5902 633 5963 ξ
696 5899 824 5954 πλε».
853 5900 1098 5955 LIX—1
1108 5913 1204 5955 tem
1224 5901 1277 5953 in
1299 5898 1577 5954 Hieremia.
1602 5900 1873 5968 Baluzius,
1896 5898 2039 5955 haud
2066 5899 2237 5960 dubie
2333 5913 2364 5957 e
2382 5902 2493 5957 suis
2517 5896 2679 5956 codd.
2711 5895 3073 5954 addiditlocos
3096 5894 3229 5965 Jer.,
3248 5894 3351 5951 Isa.
3375 5902 3430 5950 et
3454 5893 3620 5963 Apoc.
3643 5890 3790 5962 Lips.
3812 5890 3943 5947 edd.
