4214 6266
307 341 419 413 763

1488 352 2053 429 TESTIMONIORUM
2091 358 2299 423 LIBER
2334 360 2421 420 III.

3498 352 3612 422 766

310 464 489 523 dixisti
520 483 534 522 :
579 464 702 525 Non
737 466 952 529 serviam
975 513 990 539 ,
1035 469 1126 531 sed
1157 471 1239 530 ibo
1275 489 1431 545 super
1455 491 1653 531 omnem
1688 485 1905 533 montem
1929 478 1985 541 Α
2008 494 2235 536 sitorum.
2276 478 2409 536 Item
2434 478 2547 537 illic
2575 497 2591 537 :
2626 477 2691 537 Et
2727 477 2904 538 tertius
2928 478 3157 552 Angelus
3184 488 3384 538 secutus
3410 491 3483 538 est
3522 498 3607 538 eos

311 560 569 616 excelsum
605 569 653 615 et
694 577 847 634 super
885 580 1083 623 onmem
1113 564 1294 621 collem
1319 566 1483 621 alturu
1513 576 1562 621 et
1585 582 1738 638 super
1761 584 1907 627 omne

311 654 507 727 tignum
532 653 843 711 umbrosum.
868 655 895 710 Ι
904 656 952 711 bi
976 657 1264 729 confundar
1287 658 1344 713 in
1361 659 1718 730 fornicatione.
1742 658 1908 732 Ligno

307 757 354 804 et
384 747 549 819 lapidi
571 746 807 805 dixerunt
833 751 953 831 quia
976 762 1129 831 pater
1156 768 1294 808 meus
1321 769 1370 808 es
1396 763 1451 808 tu
1477 794 1495 821 ,
1530 764 1575 807 et
1604 753 1791 825 lapidi,
1826 754 1903 811 Tu
1948 746 1963 755 ’

306 839 523 914 genuisti
569 856 668 895 me.
720 839 788 896 Et
815 829 1162 901 converterunt
1192 846 1259 901 ad
1286 862 1364 901 me
1398 846 1606 905 dorsum
1642 888 1655 911 ,
1708 856 1755 902 et
1806 864 1909 905 non

307 936 492 1008 faciem
542 952 689 990 suam
740 935 937 1009 (Hier.
966 955 999 994 x
1026 976 1042 1005 ,
1070 939 1207 1006 2-5,
1237 941 1270 997 9
1299 982 1314 1007 ,
1360 942 1419 997 11
1454 958 1470 1009 ;
1502 958 1561 1009 ιι,
1593 941 1680 1010 12,
1714 943 1806 1009 15,
1842 945 1908 1001 19

307 1027 399 1092 20,
427 1025 496 1081 27
526 1024 565 1099 ).
610 1026 668 1085 In
700 1029 857 1086 Esaia
887 1048 902 1086 ς
946 1029 1137 1087 Cecidit
1183 1031 1261 1089 vel
1303 1033 1582 1110 dissolutus
1620 1044 1694 1088 est
1730 1036 1907 1093 draco.

307 1119 471 1175 Facta
497 1126 614 1175 sunt
640 1122 897 1197 sculptilia
909 1140 1083 1179 eorum
1104 1134 1157 1181 ut
1186 1118 1356 1183 bestia:
1374 1138 1419 1185 et
1432 1144 1632 1199 pecora.
1656 1127 1911 1196 Auferetis

311 1212 381 1247 ³³³
404 1212 641 1295 illacollo
665 1212 820 1286 ligata
835 1217 979 1286 quasi
995 1221 1250 1274 sarcinam
1265 1217 1549 1277 laborantes
1560 1230 1605 1278 et
1634 1222 1909 1279 auriculas

307 1318 355 1361 et
383 1322 481 1361 non
513 1306 732 1362 valentes
771 1306 791 1381 (
820 1305 948 1367 Isai.
990 1325 1145 1379 XLVI,
1198 1312 1225 1367 1
1249 1354 1265 1380 ,
1293 1311 1333 1367 2
1354 1354 1369 1380 ,
1395 1313 1429 1370 5
1454 1311 1496 1384 ).
1543 1313 1611 1371 Et
1667 1315 1864 1371 iterum
1893 1333 1907 1369 :

307 1397 517 1455 Collecti
541 1400 693 1455 simul
719 1417 822 1458 non
844 1410 1078 1473 poterunt
1102 1404 1292 1460 salvari
1326 1406 1389 1461 de
1427 1406 1579 1465 bello.
1600 1407 1630 1464 1
1636 1409 1716 1479 psi
1740 1417 1910 1466 autem

309 1499 492 1569 captivi
518 1494 655 1553 ducti
675 1509 791 1554 sunt
818 1487 980 1554 tecum
1012 1500 1204 1574 (Hier.
1231 1520 1303 1570 LI,
1334 1504 1499 1560 15-18
1529 1504 1568 1577 ).
1599 1505 1666 1561 Et
1688 1507 1904 1562 iterum:

309 1590 407 1645 Cui
432 1604 513 1647 me
552 1590 874 1648 assimilastis
900 1593 927 1647 .’
978 1592 1155 1651 Videte
1189 1604 1234 1650 et
1270 1595 1534 1669 intelligite
1564 1598 1685 1668 quia
1724 1600 1910 1653 erratis

308 1685 483 1752 corde,
516 1686 603 1757 qui
630 1688 946 1763 committitis
974 1705 1163 1761 auruni
1183 1690 1459 1753 desacctdo
1487 1701 1535 1751 et
1562 1704 1827 1765 argentum
1855 1695 1909 1749 in

306 1787 496 1835 statera
538 1780 829 1850 ponderatis
875 1780 927 1836 in
979 1783 1213 1854 pondera
1249 1786 1604 1847 conduceret“.
1673 1785 1909 1856 Artifices

2009 569 2182 627 dicens
2210 571 2263 626 in
2284 587 2406 626 voce
2430 588 2615 644 magna
2646 589 2667 628 ε
2699 572 2760 630 8i
2785 574 2900 645 quis
2923 573 3107 629 adoret
3132 574 3341 628 bestiam
3370 584 3417 627 et
3444 575 3605 629 simu-

2008 664 2208 720 lacrum
2232 665 2375 734 ejus,
2403 674 2451 719 et
2478 666 2671 737 accepit
2698 666 3083 739 inscriptionem
3110 666 3161 720 in
3202 668 3368 737 fronte
3395 683 3488 721 sua
3518 678 3606 723 aut

2008 773 2160 828 super
2189 774 2399 812 manune
2419 775 2565 815 suam
2588 798 2605 826 ,
2635 758 2717 813 hic
2747 760 2877 817 bibet
2901 767 2963 815 de
2990 761 3109 817 vino
3144 762 3238 816 ira:
3284 761 3394 831 ejus
3428 770 3477 816 et
3518 776 3610 832 ptio

2011 849 2177 904 nietur
2204 849 2321 921 igne
2345 862 2388 904 et
2413 849 2657 919 sulphure
2684 854 2776 907 sub
2801 852 2962 907 oculis
2985 853 3293 925 Angeloruru
3318 864 3608 911 sanctorum

2011 952 2059 999 et
2103 944 2195 998 sub
2234 943 2396 998 oculis
2424 944 2559 1014 Aqui
2580 985 2598 1009 ,
2637 953 2686 1000 et
2731 949 2904 1016 fumus
2930 954 3309 1003 tormentorum
3345 960 3524 1004 eorum
3552 950 3609 1005 iu

2010 1038 2198 1093 arcula
2226 1039 2529 1093 steculoram
2553 1042 2795 1096 ascendet
2821 1038 3023 1113 (Apoc.
3052 1056 3104 1097 lx
3135 1080 3152 1109 ,
3193 1043 3249 1107 1,
3277 1041 3467 1109 13οὲ1;
3497 1060 3603 1111 xw,

2012 1133 2145 1192 9.14
2166 1133 2210 1205 ).

2009 1330 2131 1371 CAP.
2179 1330 2265 1373 ιι.
2318 1346 2390 1363 -·
2435 1333 2665 1377 CIBOBUI
2723 1334 2914 1379 ΙΙΙΙΔΙ
2965 1333 3458 1378 οοιιουιιθαιιηιλιι
3508 1338 3608 1381 κως

2620 1428 2993 1473 ΔΡΡΕΊἚΠΒΔΙ.

2081 1593 2239 1665 Apud
2280 1593 2497 1651 Esaiam
2533 1613 2549 1652 :
2602 1594 2829 1652 Edonias
2873 1606 2977 1654 aet
3004 1599 3253 1665 Manius.
3305 1616 3423 1656 cras
3466 1602 3603 1656 asins

2010 1687 2299 1742 moriemur.
2344 1685 2470 1741 Non
2498 1689 2780 1744 remittetur
2807 1690 2946 1749 vobis
2972 1700 3234 1760 peccatum
3255 1692 3394 1747 istud
3412 1694 3612 1764 quoad-

2010 1797 2167 1852 usque
2188 1782 2476 1837 moriamini
2502 1782 2648 1852 (lea.
2667 1799 2798 1851 xm,
2831 1784 2919 1850 15,
2951 1784 3077 1854 14).
3104 1785 3234 1841 Item
3254 1786 3305 1841 in
3328 1785 3519 1843 Exodo
3542 1786 3607 1845 5:

307 1875 531 1943 fecerunt
558 1888 713 1927 manu
736 1874 909 1944 facta,
934 1884 980 1929 et
1006 1874 1312 1933 inclinantes
1331 1892 1383 1935 se
1414 1876 1751 1934 adorauerunt
1775 1878 1909 1935 illud
1938 1881 1986 1942 B
2015 1873 2082 1929 Et
2132 1876 2361 1930 consedit
2412 1876 2639 1946 populus
2677 1876 2992 1933 manducare
3033 1888 3077 1933 et
3104 1878 3269 1934 bibere
3293 1921 3308 1947 ,
3348 1890 3396 1935 et
3435 1898 3609 1937 surre-

306 1971 354 2019 ct
384 1964 669 2021 levaverunt
698 1965 754 2019 in
782 1965 1006 2024 humeris
1024 2010 1039 2031 ,
1079 1978 1125 2023 et
1156 1969 1233 2025 sic.
1254 1969 1599 2029 ambulabant.
1645 1969 1709 2027 Si
1736 1981 1908 2027 autem

317 2060 583 2130 posuerint
606 2058 698 2114 illa
722 2099 741 2126 ,
776 2058 886 2114 loco
916 2063 1188 2119 attinebunt
1217 2103 1233 2130 ,
1261 2072 1309 2119 et
1336 2079 1438 2119 nou
1466 2064 1835 2129 movebuntur;
1861 2075 1909 2121 et

309 2152 397 2223 qui
422 2152 748 2209 clamaverint
776 2154 844 2209 ad
873 2155 966 2209 illa
1012 2172 1114 2212 non
1142 2158 1383 2223 audient,
1417 2175 1451 2213 a
1493 2158 1644 2214 molis
1671 2172 1773 2216 non
1802 2162 1911 2216 sal-

312 2244 499 2300 vabunt
524 2262 627 2301 eos.
668 2245 801 2302 Item
830 2246 883 2302 in
901 2247 1169 2305 Hieremin
1197 2266 1210 2304 :
1242 2249 1516 2318 Dominus,
1545 2255 1632 2323 qui
1658 2254 1777 2323 fecit
1803 2270 1908 2311 cae-

311 2334 422 2391 lum
454 2346 502 2390 et
527 2345 731 2404 terram,
750 2338 806 2392 in
841 2340 1020 2394 strnue
1057 2342 1274 2396 cerrecit
1314 2342 1486 2398 orbem
1513 2353 1692 2414 teme,
1734 2348 1788 2400 in
1816 2362 1910 2401 sua

309 2427 582 2499 prudentia
607 2429 834 2484 extendit
860 2432 1077 2498 calum,
1105 2441 1154 2487 et
1173 2434 1552 2490 multitude
1581 2452 1831 2506 aquarum
1854 2438 1911 2492 in

309 2525 467 2592 coelo,
497 2526 735 2597 perduxit
768 2526 924 2583 nubes
951 2528 1014 2584 ab
1040 2538 1262 2587 extremo
1292 2539 1474 2603 terrae,
1504 2533 1715 2604 fulgura
1732 2534 1787 2588 in
1814 2550 1912 2588 nu-

309 2616 474 2672 bibus.
508 2616 578 2672 Et
604 2620 747 2690 ejecit
772 2629 941 2678 ventos
978 2622 1041 2677 de
1068 2621 1321 2679 thesauris
1343 2624 1473 2681 suis.
1512 2623 1819 2696 lnfatuatus
1837 2637 1912 2687 est

310 2712 477 2768 omnis
500 2713 649 2768 homo
676 2714 738 2770 ab
764 2715 978 2772 scientia
1005 2733 1099 2771 sua
1118 2758 1136 2785 ,
1167 2722 1413 2790 confusus
1424 2729 1498 2775 est
1524 2721 1692 2777 omnis
1715 2723 1907 2794 artifex

308 2803 366 2860 in
390 2805 710 2872 sculptilibus
725 2807 866 2874 suis,
890 2809 1012 2879 quia
1038 2809 1227 2879 falsum
1258 2812 1522 2883 conﬂavit.
1561 2811 1683 2870 Non
1706 2826 1779 2870 est
1800 2817 1911 2885 spi-

309 2898 437 2952 ritus
465 2898 519 2951 in
542 2898 668 2953 illis.
706 2897 931 2955 Vacuata
958 2911 1076 2959 sunt
1121 2919 1275 2974 opera
1319 2905 1560 2973 inclusa,
1602 2908 1655 2964 in
1687 2918 1914 2981 tempore

311 2993 681 3061 conspectionis
726 2994 933 3051 illorum
964 2997 1217 3066 peribunt.
1265 2997 1336 3054 Et
1359 3000 1411 3055 in
1444 3001 1765 3075 Apocalypsi
1796 3022 1810 3058 :
1843 3002 1911 3058 Et

311 3092 483 3141 sextus
512 3086 737 3159 Angelus
763 3089 883 3144 tuba
901 3089 1101 3147 cecinit.
1135 3089 1202 3144 Et
1229 3090 1403 3149 audiui
1424 3108 1579 3153 unum
1601 3110 1667 3149 ex
1692 3104 1912 3164 quatuor

312 3178 516 3250 angulis
545 3195 680 3249 arcte
706 3195 876 3235 aurea:
913 3197 1027 3250 quin
1051 3192 1125 3247 est
1149 3182 1204 3237 in
1229 3194 1498 3254 conspectu
1542 3184 1637 3243 Dei
1660 3187 1913 3244 dicentem

309 3278 453 3339 sexto
471 3269 663 3342 Angela
688 3273 775 3341 qui
797 3272 1009 3332 habebat
1039 3273 1254 3331 tubam:
1276 3276 1433 3333 Solve
1457 3288 1675 3348 quatuor
1690 3281 1913 3353 Angelos
1938 3281 1985 3345 C

312 3363 495 3434 ligatos
520 3379 672 3435 super
692 3366 883 3435 ﬂumen
902 3378 1145 3438 magnum
1157 3365 1499 3439 Euphratem.
1518 3370 1586 3427 Et
1610 3373 1767 3429 soluti
1793 3385 1913 3433 sunt

312 3466 529 3528 quatuor
558 3458 740 3529 Angeli
786 3460 872 3529 qui
901 3469 1044 3514 erant
1093 3463 1263 3532 parati
1306 3463 1360 3518 in
1390 3465 1571 3519 horam
1608 3476 1654 3520 et
1686 3467 1820 3529 diem
1864 3479 1911 3524 et

312 3566 536 3604 mensem
578 3561 624 3605 et
649 3567 859 3619 annum,
907 3562 964 3607 ut
1001 3554 1284 3609 occiderent
1335 3558 1535 3613 tertiam
1584 3567 1781 3627 partem
1819 3560 1913 3615 ho-

313 3644 531 3712 minum,
560 3656 610 3699 et
632 3650 883 3701 numerus
903 3650 1217 3704 exercituum
1244 3654 1555 3722 equestrium
1592 3656 1912 3713 dismiriades

312 3737 602 3809 myriadon.
631 3737 817 3793 Audivi
844 3756 1109 3796 numerum
1135 3750 1332 3799 eorum.
1364 3744 1431 3799 Et
1455 3746 1530 3801 sic
1551 3745 1652 3802 vidi
1676 3764 1829 3820 equos
1858 3751 1911 3805 in

313 3844 423 3884 visu
446 3827 516 3885 'et
545 3829 774 3887 sedentes
798 3838 952 3904 super
998 3850 1083 3889 eos
1135 3834 1372 3893 habentes
1420 3839 1604 3896 loricas
1634 3840 1808 3913 igneas
1866 3854 1912 3900 et

315 3923 668 3994 hyacinthinus
691 3934 739 3979 et
755 3926 1081 3997 sulphureas,
1104 3940 1150 3983 et
1175 3930 1348 3997 capita
1376 3946 1638 4003 equorum,
1666 3946 1711 3990 et
1734 3952 1800 3991 ea:
1824 3954 1913 3992 ore

317 4032 490 4071 eorum
516 4018 636 4073 exiit
665 4018 797 4090 ignis
822 4029 870 4074 et
900 4020 1074 4091 fumus
1116 4030 1163 4075 et
1191 4018 1429 4092 sulphur.
1477 4022 1519 4078 Α
1558 4024 1715 4083 tribus
1746 4028 1912 4100 plagis

312 4111 422 4165 istis
448 4112 617 4166 occisa
639 4119 712 4167 est
748 4114 901 4168 tertia
923 4128 1043 4183 pars
1071 4114 1335 4169 hominum
1376 4131 1442 4170 ea
1465 4117 1583 4189 igne
1613 4127 1660 4172 et
1699 4122 1840 4189 fumo
1867 4130 1912 4174 et

313 4202 560 4272 sulphure
600 4205 735 4270 quod
783 4205 904 4259 exiit
950 4206 1013 4259 de
1051 4222 1138 4260 ore
1179 4224 1391 4275 eorum,
1437 4216 1510 4265 est
1555 4218 1602 4265 et
1639 4209 1693 4264 in
1735 4210 1912 4267 caudis

313 4309 509 4346 eorum.
553 4292 742 4349 Caudae
766 4297 899 4351 enim
926 4314 1099 4352 eorum
1133 4300 1322 4355 similes
1348 4301 1593 4373 anguillis
1617 4342 1632 4367 ,
1675 4302 1912 4360 [tabentes

2010 1976 2193 2022 xerunt
2224 1978 2245 2006 ο
2277 1968 2451 2023 ludere
2475 1967 2667 2042 (Exod.
2693 1984 2873 2035 xxxn,
2902 1968 2976 2041 6).
3003 1970 3280 2029 Paulusnd
3300 1971 3613 2047 Corinthios

2011 2060 2183 2128 prima
2222 2079 2235 2115 :
2273 2057 2425 2115 Cibus
2462 2077 2554 2115 nos
2594 2076 2695 2115 non
2716 2062 3033 2115 commendat
3051 2060 3185 2127 Deo;
3207 2080 3384 2135 neque,
3410 2065 3615 2119 simon-

2012 2155 2361 2210 ducaveriutus
2399 2150 2448 2221 ά,
2480 2151 2851 2209 abundabimus
2874 2172 2895 2222 ;
2923 2172 3103 2224 neque,
3125 2157 3170 2211 si
3199 2160 3297 2211 non
3331 2156 3613 2212 manduca-

2012 2249 2249 2314 verimus,
2277 2247 2528 2320 egebimus
2561 2258 2584 2284 ε
2618 2247 2638 2320 (
2668 2246 2687 2303 I
2712 2246 2830 2304 Car;
2859 2264 2980 2317 vm,
3005 2249 3097 2321 8).
3142 2249 3211 2305 Et
3235 2250 3464 2307 iterum:
3489 2252 3615 2307 Cum

2011 2341 2286 2397 convenitis
2311 2339 2329 2379 ί
2353 2342 2422 2396 ad
2452 2340 2869 2397 utenducandum
2889 2380 2905 2408 ,
2954 2342 3166 2397 inuicem
3185 2348 3490 2412 exspectate.
3550 2343 3613 2398 Si

2012 2434 2125 2504 quis
2165 2434 2323 2491 esurit
2351 2443 2398 2499 ε,
2430 2432 2572 2488 domi
2622 2434 2894 2490 manducet
2921 2476 2937 2501 ,
2981 2443 3034 2489 ut
3063 2450 3167 2490 non
3207 2436 3276 2490 ad
3305 2436 3555 2501 iudicium
3586 2435 3613 2475 ιι

2014 2527 2323 2582 conveniatis
2350 2527 2368 2598 (
2395 2526 2418 2583 Ι
2448 2524 2570 2581 Cor.
2604 2542 2659 2585 ιι
2680 2564 2699 2592 ς
2725 2527 2825 2593 53,
2857 2527 2933 2584 54
2950 2525 2997 2597 ).
3023 2528 3154 2585 Item
3178 2527 3251 2584 ad
3295 2527 3570 2585 Romanos
3599 2546 3616 2585 :

2015 2618 2140 2674 Non
2162 2630 2238 2675 est
2266 2636 2479 2691 regnum
2510 2618 2608 2676 Dei
2634 2635 2751 2677 esca
2775 2630 2824 2677 et
2869 2630 3050 2689 potus.
3078 2620 3167 2675 sed
3193 2620 3399 2692 justitia
3425 2629 3475 2674 et
3514 2637 3620 2691 pas:

2013 2720 2059 2766 et
2076 2711 2318 2780 gaudium
2342 2711 2394 2769 in
2418 2710 2620 2781 Spiritu
2643 2722 2819 2769 sancto
2834 2710 3013 2785 (Rom.
3042 2729 3152 2780 xw,
3173 2712 3287 2786 I7).
3316 2712 3373 2769 In
3398 2712 3415 2751 ί
3442 2713 3612 2768 Even.

2014 2805 2154 2876 gelio
2180 2817 2297 2861 cata
2317 2805 2580 2863 Joannem
2610 2805 2764 2877 :Ego
2791 2807 2960 2863 cibum
2987 2809 3146 2862 habeo
3180 2808 3197 2859 i
3230 2824 3378 2878 quem
3403 2823 3491 2863 vos
3515 2818 3620 2863 non

2015 2901 2193 2957 nostis.
2221 2898 2369 2956 Heus
2399 2900 2540 2957 cibus
2557 2909 2701 2955 estut
2722 2900 2911 2971 faciam
2950 2900 3263 2955 voluntatem
3303 2902 3411 2971 ejus
3431 2900 3620 2972 quinte

2015 2996 2151 3051 misit
2182 3004 2230 3052 et
2254 2993 2516 3067 perﬁciam
2533 2991 2561 3031 ¹ι
2590 3006 2721 3065 opus
2739 2993 2852 3061 eius
2881 2991 3064 3064 (Joau.
3085 3008 3156 3059 iv,
3174 2991 3264 3058 3%,
3291 2989 3407 3063 δι).

2014 3186 2136 3230 CAP.
2167 3184 2665 3230 LXl.—-POSSIDBNDI
2704 3183 3192 3227 οοιιαυριεοειιτιιιιι
3239 3182 3309 3226 Βῗ
3353 3182 3617 3229 PICUNMI

2560 3279 2663 3324 NON
2702 3279 3074 3323 ΔΡΩΕΤΒΝΒΑΙ.

2043 3425 2047 3429 ’
2089 3446 2246 3518 Apud
2292 3446 2637 3504 Salomonem
2687 3446 2741 3501 in
2798 3444 3182 3501 Ecclesiastico
3234 3460 3248 3496 :
3305 3442 3419 3511 Qui
3452 3441 3618 3514 ditiqit

2014 3550 2280 3612 argentum
2310 3582 2325 3607 ,
2377 3557 2479 3596 non
2526 3538 2793 3595 satiabitur
2836 3549 3046 3611 argento
3085 3538 3104 3609 (
3165 3535 3325 3591 Eccli.
3380 3551 3413 3591 v
3438 3578 3453 3601 ,
3496 3534 3529 3589 9
3563 3533 3603 3605 ).

2018 3637 2152 3692 Item
2205 3636 2257 3691 in
2316 3634 2622 3691 Proverbiis
2656 3652 2669 3688 :
2702 3632 2928 3705 Captane
2954 3646 3212 3688 annonam
3240 3627 3539 3685 maledictus
3568 3628 3620 3680 in

2017 3733 2161 3803 plebe
2207 3740 2300 3786 est.
2370 3730 2661 3785 Benedictio
2722 3739 2892 3782 autem
2946 3728 3000 3781 in
3048 3728 3160 3797 ejus
3201 3726 3368 3795 capite
3410 3732 3483 3778 est
3537 3724 3621 3794 qui

2015 3829 2351 3884 communicat
2382 3823 2397 3863 ι
2431 3822 2612 3900 (Prov.
2639 3841 2712 3891 xu,
2742 3824 2812 3879 26
2912 3819 3044 3879 Item
3071 3820 3210 3893 apud
3243 3818 3459 3877 Esaiam
3485 3837 3502 3877 :
3533 3817 3623 3875 Va:

2014 3926 2101 3995 qui
2122 3921 2489 3991 meonjungunt
2513 3919 2720 3973 domum
2750 3928 2779 3953 η
2804 3918 2872 3970 ad
2898 3917 3106 3970 domum
3134 3925 3158 3951 ο
3186 3924 3232 3969 et
3269 3928 3451 3987 agrum
3482 3922 3509 3961 Ρ
3553 3911 3621 3965 ad

2015 4033 2195 4089 agrum
2220 4014 2515 4069 continuant
2541 4054 2557 4079 ,
2591 4021 2648 4066 ut
2688 4014 2926 4083 auferant
2958 4009 3191 4080 proximo
3218 4022 3311 4063 suo
3342 4016 3369 4058 ίι
3400 4005 3618 4077 aliquid.

2018 4112 2284 4183 Numquid
2301 4109 2374 4142 ³³³
2404 4109 2694 4164 habitabitis
2722 4109 2817 4164 soli
2846 4124 2994 4177 super
3045 4116 3233 4160 terram
3282 4102 3416 4177 (lea.
3443 4114 3498 4165 ν,
3526 4099 3621 4173 5)?

2015 4202 2148 4263 Item
2178 4204 2317 4275 apud
2339 4203 2667 4277 Sophortiam
2699 4221 2712 4258 ς
2740 4198 3096 4272 AEdiﬁcabunt
3119 4200 3320 4266 domos,
3351 4207 3398 4254 et
3423 4197 3622 4252 nonin-

2016 4301 2313 4355 habitabunt
2341 4308 2362 4336 τ
2383 4336 2399 4366 ,
2430 4307 2480 4351 et
2506 4297 2770 4351 instituent
2794 4298 2969 4349 vineas
2995 4336 3009 4357 ,
3061 4304 3109 4349 et
3134 4309 3234 4348 non
3260 4291 3424 4347 bibent
3450 4290 3622 4344 vinum

2016 4409 2191 4451 earum
2216 4435 2232 4460 ,
2261 4393 2384 4462 quia
2402 4405 2562 4463 prope
2588 4399 2662 4447 est
2685 4389 2792 4444 dies
2818 4383 3027 4442 Domini
3072 4383 3277 4458 (Saph.
3305 4399 3341 4447 ι,
3367 4380 3457 4447 15,
3482 4380 3548 4437 14
3576 4377 3621 4452 ).

314 4497 416 4536 non
443 4492 561 4537 sunt
593 4484 745 4538 occisi
772 4484 826 4539 in
848 4485 958 4540 istis
983 4487 1145 4556 plagis
1169 4526 1185 4553 ,
1214 4504 1306 4544 nec
1336 4491 1679 4560 penitentiam
1705 4499 1912 4565 egerunt
2015 4490 2150 4548 Item
2197 4489 2251 4542 in
2281 4484 2574 4557 Evangelia
2602 4492 2719 4540 cata
2772 4481 2969 4537 Lucam
3002 4495 3017 4532 :
3053 4478 3191 4545 Quid
3235 4476 3368 4532 enim
3419 4473 3623 4547 prodest

315 4593 473 4650 Opera
501 4580 757 4649 factorum
782 4592 1026 4634 manuum
1066 4596 1306 4651 suarum,
1344 4593 1398 4638 ut
1428 4598 1530 4639 non
1567 4582 1779 4639 adorent
1805 4584 1912 4638 dw-
2022 4582 2213 4637 homini
2260 4581 2557 4653 lucrifacere
2585 4588 2745 4633 totum
2798 4575 3065 4641 mundum,
3134 4589 3188 4628 se
3231 4573 3405 4641 ipsum
3452 4577 3622 4625 autem

314 4670 489 4725 monia
517 4681 563 4725 et
593 4670 733 4725 idola
752 4713 768 4738 ,
826 4672 882 4726 id
910 4681 981 4727 est
1024 4676 1299 4731 simulacra
1351 4694 1508 4732 aurea
1536 4687 1580 4733 et
1605 4689 1843 4749 argentea
1872 4690 1917 4733 et
1944 4679 1998 4744 D
2024 4677 2231 4751 perdere
2254 4682 2276 4715 ⁸
2305 4677 2326 4749 (
2356 4673 2484 4730 Luc.
2514 4687 2567 4728 Ix
2592 4713 2607 4739 ,
2637 4672 2709 4727 35
2732 4668 2794 4742 )7
2824 4670 2889 4725 Et
2919 4668 3144 4723 iterum:
3173 4663 3313 4719 υίάι
3339 4671 3508 4718 Nam
3535 4660 3615 4716 mi

322 4780 463 4819 a'rea
482 4774 525 4818 et
553 4766 756 4837 lapidea
772 4776 818 4822 et
833 4767 1022 4840 lignea,
1037 4784 1150 4840 qua:
1166 4784 1322 4843 neque
1340 4773 1506 4829 videre
1532 4783 1738 4846 possunt
1761 4791 1919 4846 neque
2026 4769 2314 4826 Dominus:
2336 4769 2505 4825 Stulte
2523 4809 2537 4831 ,
2569 4766 2663 4821 hac
2684 4772 2829 4819 nocte
2851 4760 3205 4831 expostulatur
3230 4757 3248 4792 ί
3269 4755 3441 4810 anima
3460 4760 3620 4846 tua}

321 4858 626 4928 ambulare,
667 4870 715 4915 et
751 4877 854 4917 non
891 4874 1097 4934 egerunt
1140 4867 1484 4935 paenitentiam
1532 4843 1919 4926 hanticidiorum
2032 4867 2161 4936 Quas
2185 4879 2305 4940 ergo
2334 4873 2362 4900 ν
2391 4860 2606 4936 parasti,
2647 4857 2793 4928 cujus
2833 4865 2977 4911 erunt
3011 4853 3030 4921 (
3064 4850 3186 4906 Luc.
3218 4865 3312 4917 xu,
3364 4847 3435 4905 20
3462 4843 3528 4921 )‘I
3556 4844 3624 4909 Et

314 4387 447 4441 enim
477 4388 678 4458 capita,
709 4401 757 4443 et
782 4392 835 4445 in
863 4392 935 4446 eis
960 4406 1159 4449 nocent.
1215 4393 1287 4450 Et
1313 4394 1498 4468 reliqui
1527 4397 1787 4453 hominum
1825 4401 1912 4469 qui

1520 5088 1905 5152 LECTIONES
1945 5087 2354 5151 VABIAN'I‘ES.

2081 5286 2737 5416 re:
2763 5287 2813 5416 ξ·

2085 5417 2116 5447 ιι
2147 5411 2595 5482 Adiungit-domum
2619 5411 2745 5482 304-
2961 5469 3008 5482 --

2088 5482 2114 5510 ⁰
2149 5467 2461 5536 Ad'domum,
2481 5476 2641 5527 villam
2664 5475 2725 5525 ad
2749 5472 2928 5536 villam,
2944 5469 3058 5536 Lin.
3086 5467 3232 5536 Corb,

2086 5547 2115 5587 ι)
2149 5527 2334 5604 Ᾰέτιιιιι
2360 5527 2480 5605 agro
2506 5527 2977 5605 LamsLAinLNQCI.
3000 5533 3122 5605 god.
3148 5536 3199 5605 1,
3216 5527 3498 5605 ξ’),1-Αι..1’ζιιιἶ

2091 5608 2119 5651 ιι
2161 5592 2524 5655 Ρῖιυχὶιηὶέειιὶε
2549 5602 2673 5652 Bod.
2693 5599 2743 5659 2,
2767 5601 2815 5650 5.
2843 5596 2985 5650 Corb.
3012 5592 3229 5647 Proximi
3256 5592 3460 5659 Beati,
3488 5593 3535 5659 ι.

2090 5672 2115 5701 ι’
2150 5667 2258 5718 Non
2277 5665 2565 5715 habitabunt
2586 5666 2638 5714 in
2662 5656 2739 5714 eis
2763 5664 2893 5713 Lam.
2922 5662 3030 5715 HC.
3059 5661 3105 5719 1,
3129 5660 3177 5708 2.
3204 5658 3317 5721 Bod
3363 5656 3506 5721 σου]

2088 5735 2114 5765 ε
2150 5730 2203 5780 Si
2232 5729 2405 5780 animm
2428 5738 2531 5778 sum
2551 5727 2903 5778 detrimentum
2929 5728 3136 5780 patiatur
3159 5720 3269 5777 NG.
3292 5720 3346 5772 2.

2091 5738 2114 5765 ε
2150 5738 2203 5780 Si
2232 5740 2405 5780 animm
2428 5738 2531 5778 sum
2551 5738 2903 5778 detrimentum
2927 5738 2988 5841 in

2091 5792 2114 5864 ξ
2148 5791 2431 5864 Postulatur
2449 5792 2610 5864 anima
2629 5791 2765 5864 iam.
2791 5789 2900 5844 NG.
2962 5827 2974 5839 .

2088 5858 2118 5889 ιι
2153 5857 2326 5907 Anima
2351 5864 2433 5907 tua
2455 5866 2485 5904 ι
2506 5864 2557 5904 te
2584 5854 2689 5907 Lin.

2089 5922 2119 5960 '
2152 5919 2445 5986 Prsparasti
2468 5918 2604 5970 Lam.

380 5293 407 5365 ξ
440 5293 549 5365 Ιξξοιι
570 5292 824 5365 dicem;
847 5291 1132 5365 Edgmns‘et
1154 5291 1263 5348 NG.
1291 5294 1338 5346 1.

382 5351 412 5392 b
446 5356 646 5407 Exodo:
667 5351 1029 5406 ConseditBod.
1057 5355 1105 5406 1.

373 5420 397 5448 ο
434 5417 732 5469 Exsurrexit
761 5415 884 5468 Tha.
918 5421 1056 5471 Voss.
1088 5414 1135 5468 3.

376 5479 404 5519 ἀ
436 5479 698 5533 Ederimus
724 5475 847 5531 Tha.

377 5546 402 5575 θ
436 5542 738 5594 Deﬂetemus
761 5542 885 5594 Bod.
910 5540 957 5594 3.

377 5602 399 5641 ί
438 5606 556 5658 Cum
574 5607 915 5656 conveneritis
940 5606 1072 5657 Lam.
1101 5603 1212 5659 NG.
1234 5605 1283 5657 1.

376 5670 405 5708 8
443 5668 686 5717 Εθιιιθίετὶι
710 5665 837 5718 Bod.
865 5670 910 5718 1.
930 5670 978 5719 5.

373 5728 404 5794 ξι
439 5729 495 5794 In
510 5729 745 5794 judicium
778 5730 902 5782 Bod.
929 5732 977 5791 1,
1000 5735 1050 5794 3,
1076 5733 1123 5782 ι.

379 5793 398 5857 ᾖ
437 5792 561 5857 [tein
586 5796 638 5857 in
660 5792 930 5857 Evangelia
956 5792 1083 5848 Bod.
1112 5797 1160 5856 1,
1188 5796 1237 5846 4.

379 5856 395 5907 i
439 5854 611 5917 Cibum
626 5855 790 5908 habeo
801 5854 1106 5913 manducare
1130 5854 1272 5912 Corb.
1299 5857 1409 5917 ΝΟ.
1431 5857 1477 5908 2.

377 5919 407 5963 k
443 5915 504 5972 Ut
526 5918 775 5985 perﬁciam
800 5919 908 5977 NG.
942 5921 989 5971 2.
