4214 6266
277 286 380 362 ’ἱ81

1499 292 1707 354 LIBER
1742 292 1835 354 DE
1872 289 2360 358 SPECTACULIS.

3474 301 3583 362 782

345 404 552 478 singula
592 389 832 466 ludorum
868 425 1072 483 genera,
1101 427 1214 484 aute
1240 415 1341 471 sint
1368 415 1423 471 in
1447 419 1722 488 spectando
1750 419 1884 487 peri-
1905 414 1960 473 Α
1985 429 2172 470 eorum
2202 416 2254 471 in
2289 415 2392 473 hae
2419 428 2580 471 causa
2615 421 2671 472 et
2714 415 3010 488 patrocinia
3047 416 3269 475 referre.
3317 418 3443 488 Ubi,
3494 425 3585 478 in-

349 501 492 566 cula,
523 500 678 570 paulo
708 502 864 559 latius
897 521 1049 575 quam
1079 504 1312 576 Epistola
1341 512 1565 564 secunda
1601 509 1669 564 ad
1710 508 1883 566 Dona-

349 603 456 647 tum
496 596 838 666 prosequitur,
869 610 915 653 et
942 603 1220 670 prwsertim
1256 619 1428 658 eorum
1450 604 1629 674 quibus
1659 605 1879 660 «οὑπα-

356 689 552 751 uitatis,
581 691 765 759 inquit,
795 694 1137 763 magisterium
1181 697 1400 750 traditur
1427 697 1712 754 simulacris
1765 697 1878 751 libi—

349 780 502 836 dinis.
519 799 536 832 ι
559 780 825 838 Postrema
850 787 1138 856 spectacula
1163 787 1449 846 Christiano
1475 789 1676 844 homine
1702 789 1878 859 digna,

354 873 531 944 quibus
578 876 754 932 merito
799 877 1046 940 oblectare
1090 896 1143 934 se
1170 879 1366 944 debeat,
1417 891 1593 951 paucis
1638 890 1880 936 recenset.

351 964 590 1023 Imitatus
617 967 756 1026 haud
783 969 932 1024 dubie
959 971 1138 1026 librum
1169 970 1476 1030 Tertulliani
1518 973 1581 1028 de
1609 972 1885 1042 Spectacu-

347 1060 434 1127 lis,
461 1077 606 1131 quem
637 1061 826 1119 alicubi
871 1074 918 1120 et
951 1082 1115 1134 gi-wce
1159 1076 1206 1120 et
1241 1067 1400 1122 latine
1426 1084 1480 1122 se
1508 1067 1770 1135 scripsisse
1796 1065 1882 1121 ille

348 1155 562 1221 iudicat,
593 1166 698 1210 tant
738 1160 978 1228 refertum
1007 1160 1069 1214 iis
1109 1159 1338 1214 omnibus
1361 1176 1474 1231 qua:
1507 1160 1574 1214 ad
1614 1161 1710 1215 hoc
1735 1160 1882 1214 insti-

310 1310 312 1312 ν
350 1255 510 1302 tutum
536 1248 758 1319 faciunt,
787 1258 842 1310 ut
870 1251 1215 1305 commentarii
1239 1250 1349 1306 loco
1376 1268 1481 1308 esse
1505 1250 1657 1322 possit
1673 1251 1796 1308 dum
1820 1249 1884 1304 de

347 1339 750 1412 spectaculorum
775 1342 1063 1407 diversitate
1089 1344 1342 1416 agendum
1367 1353 1460 1398 est.

347 1515 387 1572 l.
421 1516 719 1574 Cvrmsuus
758 1516 902 1589 plebi
936 1517 987 1574 in
1019 1516 1313 1588 Evangelia
1338 1517 1498 1574 stanti
1531 1517 1778 1572 salutem.
1814 1513 1886 1572 Ut

273 1625 362 1665 me
393 1611 523 1665 satis
555 1610 839 1665 contristat
872 1619 925 1666 et
952 1611 1188 1668 animum
1230 1626 1408 1668 meum
1437 1611 1667 1680 graviter
1696 1608 1886 1680 affligit

273 1717 397 1757 cum
432 1703 575 1758 nulla
615 1702 744 1758 mihi
786 1703 1058 1764 scribendi
1100 1704 1164 1758 ad
1206 1719 1301 1762 vos
1332 1704 1620 1776 porrigitur
1649 1704 1880 1770 occasio,

1985 511 2192 579 quiuut,
2221 513 2421 578 scripta
2451 520 2574 564 sunt
2617 511 2738 572 ista,
2781 511 2867 566 ubi
2901 512 3202 580 prohibita?
3240 514 3488 584 Alioquin
3532 529 3587 573 et

1983 605 2165 674 auriga
2215 614 2296 660 est
2344 604 2509 659 Israel
2551 603 2749 672 Helias,
2794 615 2848 659 et
2885 618 3008 660 ante
3052 621 3228 660 arcam
3275 607 3438 662 David
3474 610 3587 676 ipse

1984 697 2218 752 stillavit.
2248 695 2435 764 Nabla,
2464 713 2711 769 cynares,
2739 713 2867 764 trra,
2903 707 3173 769 tympana,
3208 699 3384 765 tibias,
3417 700 3588 754 citha-

1984 805 2092 854 ras,
2118 789 2312 844 cboros
2343 790 2585 860 legimus.
2614 790 2906 861 Apostolus
2937 806 3146 861 quoque
3176 792 3439 846 dimicans
3469 807 3588 848 ces-

1989 890 2070 935 tus
2096 891 2148 936 et
2175 883 2570 937 colluctationis
2601 893 2796 938 uestrae
2827 883 3085 938 adversus
3114 884 3370 953 spiritalia
3403 887 3590 955 ncqui-

1985 973 2076 1027 tise
2107 976 2358 1042 preponit
2396 985 2689 1030 certamen.
2716 975 2954 1042 Rursus,
2981 991 3102 1030 cum
3135 975 3201 1031 de
3225 979 3398 1030 stadio
3427 979 3592 1034 sumit

1985 1066 2250 1132 exempla,
2285 1081 2501 1120 corona:
2545 1082 2759 1136 quoque
2800 1067 3029 1121 collocat
3057 1069 3293 1138 praemia.
3326 1068 3433 1124 Cur
3461 1086 3590 1139 ergo

1989 1154 2192 1210 homini
2238 1154 2545 1214 Christiano
2585 1158 2728 1212 fideli
2759 1174 2866 1213 non
2896 1158 3053 1214 liceat
3083 1169 3326 1229 spectare
3352 1163 3493 1232 quod
3526 1163 3591 1217 li-

1985 1251 2093 1304 cuit
2114 1250 2318 1306 divinis
2353 1253 2567 1308 Litteris
2596 1255 2872 1309 SCribere‘l
2904 1255 3013 1310 iloc
3034 1254 3086 1308 in
3115 1255 3235 1310 loco
3263 1271 3367 1312 non
3402 1257 3592 1312 imme-

1984 1342 2090 1398 rito
2117 1343 2341 1398 dixerim
2375 1344 2531 1415 longe
2571 1346 2762 1400 melius
2792 1345 2956 1402 fuisse
2986 1347 3100 1401 istis
3139 1347 3314 1402 nullas
3350 1346 3580 1407 Litteras

1987 1450 2149 1490 nosse
2173 1452 2332 1507 quam
2356 1443 2432 1492 sic
2452 1436 2686 1494 Litteras
2719 1439 2915 1508 legere.
2943 1439 3116 1494 Verba
3156 1441 3295 1494 enim
3329 1449 3385 1495 et
3409 1455 3593 1495 citem:

1987 1531 2072 1600 pla
2096 1546 2214 1600 quae
2239 1532 2306 1586 ad
2333 1530 2758 1588 exhortationem
2807 1534 3127 1604 evangelica:
3168 1535 3378 1589 virtutis
3422 1534 3593 1604 posita

1988 1635 2132 1693 sunt,
2157 1627 2222 1680 ad
2251 1628 2498 1681 vitiorum
2530 1629 2818 1696 patrocinia
2862 1628 3286 1695 transferuntur;
3341 1631 3594 1699 quoniam

1990 1733 2095 1773 non
2140 1727 2197 1774 ut
2248 1731 2624 1789 Spectarentur
2678 1724 2776 1776 ista
2805 1722 3000 1791 scripta
3023 1732 3167 1789 sunt,
3193 1722 3286 1776 sed
3311 1735 3363 1776 ιιι
3402 1724 3596 1778 animis

272 1792 658 1850 detrimentum
687 1804 770 1852 est
798 1796 941 1854 enim
969 1811 1149 1852 meum
1177 1797 1449 1854 vobiscum
1490 1814 1595 1852 non
1623 1797 1880 1866 collaqui,

1991 1812 2188 1866 nostris
2208 1813 2457 1868 instantia
2479 1815 2648 1883 major
2664 1815 2990 1869 excitaretur
3019 1818 3070 1869 in
3107 1815 3268 1869 rebus
3281 1817 3594 1886 profuturis,

271 1885 345 1941 ita
377 1887 510 1942 nihil
541 1887 670 1942 mihi
693 1898 892 1954 tantam
920 1889 1158 1944 ltutitiam
1192 1888 1626 1961 hilaritatemque
1650 1889 1886 1948 restituit

270 1994 430 2049 quam
464 1995 586 2036 cum
614 1983 767 2038 adest
806 1997 993 2038 rursus
1032 1983 1266 2040 occasio.
1305 1982 1594 2038 Vobiscum
1635 1998 1722 2038 mc
1763 1997 1885 2038 esse

269 2071 506 2130 arbitror
545 2090 668 2129 cum
712 2074 864 2137 vobis
905 2092 999 2146 per
1045 2077 1252 2136 litteras
1298 2077 1507 2145 loquor.
1549 2078 1882 2148 Quamquam

269 2167 430 2245 igitur
449 2169 517 2225 ita
547 2184 606 2224 se
633 2168 749 2225 hinc
771 2169 968 2225 habere
985 2186 1102 2242 qua:
1120 2170 1238 2226 dico
1255 2179 1431 2226 certos
1449 2186 1544 2228 vos
1562 2187 1683 2242 esse
1715 2171 1881 2226 sciam

270 2277 372 2319 nec
417 2265 700 2336 quicquam
732 2265 800 2320 de
839 2266 1125 2326 verborum
1173 2281 1416 2324 meorum
1459 2267 1686 2324 veritate
1730 2266 1887 2323 dubi-

276 2365 415 2426 tare,
459 2366 637 2414 tamen
686 2359 850 2419 etiam
877 2369 1249 2430 argumentum
1292 2361 1656 2418 sinceritatem
1693 2361 1770 2415 rei
1801 2375 1887 2416 as-

272 2453 426 2506 serit.
477 2450 636 2514 Nam,
669 2465 791 2505 cum
840 2451 982 2504 nulla
1034 2466 1253 2520 prorsus
1300 2453 1602 2523 praeteritur
1652 2453 1886 2521 occasio,

274 2543 536 2613 probatur
573 2543 807 2600 affectio.
846 2543 1102 2611 Quamvis
1146 2559 1275 2614 ergo
1304 2556 1483 2600 certus
1521 2545 1622 2598 sim
1654 2560 1748 2600 vos
1778 2559 1885 2599 non

280 2635 464 2690 minus
497 2650 618 2691 esse
659 2635 711 2690 in
742 2638 865 2690 vita:
903 2644 1024 2689 actu
1053 2650 1244 2707 graves
1275 2652 1436 2706 quam
1468 2637 1520 2692 in
1552 2646 1888 2696 sacramento

273 2725 486 2796 fideles,
534 2736 735 2794 tamen,
782 2726 1034 2796 quoniam
1068 2743 1174 2782 non
1207 2727 1402 2782 desunt
1431 2728 1680 2792 vitiorum
1713 2741 1892 2782 asser-

277 2827 424 2875 tores
451 2819 630 2875 blandi
658 2831 713 2876 et
739 2819 1082 2894 indulgentes
1109 2820 1318 2890 patroni
1349 2819 1437 2891 qui
1464 2827 1722 2890 prmstant
1749 2818 1892 2874 vitiis

276 2911 651 2967 auctoritatem
696 2919 770 2979 et,
801 2911 947 2983 quod
987 2920 1068 2968 est
1101 2910 1361 2978 deterius,
1391 2925 1675 2982 censuram
1707 2910 1889 2980 Scrip-

279 3011 518 3059 turarum
570 3004 869 3061 caelestium
900 3004 956 3060 in
995 3003 1405 3074 advocationem
1441 3005 1729 3070 criminum
1760 3019 1893 3059 con-

277 3106 519 3166 vertunt,
541 3098 690 3172 quasi
709 3099 842 3152 sicut
862 3099 1120 3160 innocens
1137 3097 1567 3168 spectaculorum
1604 3097 1671 3160 ad
1701 3099 1893 3156 remis-

279 3188 486 3243 sionem
526 3189 691 3246 animi
734 3199 1013 3259 appetatur
1043 3189 1289 3260 voluptas
1327 3207 1340 3242 :
1377 3205 1500 3260 nam
1537 3200 1589 3244 ct
1619 3205 1690 3260 eo.
1722 3205 1892 3262 usque
1920 3207 1964 3271 ρ

280 3293 567 3347 enervatus
616 3292 698 3338 est
751 3282 1134 3344 ecclesiastica-
1176 3282 1474 3352 disciplina:
1519 3284 1666 3353 vigor
1711 3291 1764 3338 et
1822 3283 1891 3340 ita

283 3375 430 3430 omni
460 3375 719 3446 languore
744 3375 989 3444 vitiorum
1023 3373 1389 3448 prmcipitatur
1418 3375 1468 3430 in
1492 3390 1670 3445 peius,
1696 3383 1753 3430 ut
1779 3377 1892 3445 jam

283 3483 390 3523 non
416 3468 562 3523 vitiis
589 3470 863 3523 excusatio
890 3467 985 3524 scd
1015 3468 1306 3524 auctoritas
1335 3467 1513 3536 detur,
1544 3468 1738 3538 placuit
1763 3483 1894 3538 pau-

279 3561 360 3616 cis
389 3575 482 3624 vos
516 3577 656 3615 nunc
687 3577 794 3616 non
823 3561 1114 3628 instruere,
1140 3561 1234 3616 sed
1263 3561 1552 3632 instructos
1577 3563 1892 3629 admonere,

284 3670 373 3723 ne,
396 3655 519 3723 quia
552 3653 690 3708 male
722 3663 847 3710 sunt
873 3656 1049 3709 vincta
1081 3653 1322 3721 vulnera,
1360 3656 1606 3722 sanitatis
1644 3656 1892 3710 obducite

281 3757 634 3816 perrumpant
671 3746 1005 3803 cicatricem.
1042 3746 1259 3802 Nullum
1292 3749 1434 3816 enim
1467 3749 1667 3808 malum
1699 3748 1894 3806 diffici—

284 3837 385 3894 lius
414 3839 744 3910 extinguitur
765 3855 923 3910 quam
948 3839 1091 3912 quod
1122 3840 1305 3895 faciles
1329 3841 1529 3897 reditus
1558 3841 1742 3910 habet,
1766 3844 1892 3900 dum

285 3944 339 3989 et
380 3934 742 3992 multitudinis
788 3948 1060 3992 consensu
1108 3934 1389 4003 asseritur,
1445 3943 1501 3992 et
1545 3937 1896 3992 excusatione

285 4026 575 4092 blanditur.

356 4124 416 4178 ll.
443 4123 559 4179 Non
584 4122 766 4195 pudet,
791 4137 897 4179 non
945 4121 1129 4192 pudet,
1159 4121 1395 4194 inquam,
1423 4120 1610 4185 fideles
1645 4121 1893 4184 homines

273 4226 338 4270 'et
372 4218 646 4274 christiani
677 4216 776 4269 sibi
799 4217 1032 4270 nominis
1047 4219 1420 4274 auctoritatem
1440 4216 1790 4282 vindicantes,
1807 4233 1897 4274 su-

287 4309 632 4380 peratitiones
661 4324 824 4364 vanas
859 4311 1135 4379 gentilium
1169 4325 1288 4364 cum
1335 4312 1656 4380 spectaculis
1700 4314 1895 4368 mixtas

289 4401 357 4458 de
385 4402 675 4470 Scripturis
703 4404 1012 4458 cmlestibus
1044 4403 1317 4458 vindicare
1347 4415 1402 4460 et
1429 4405 1662 4460 divinam
1706 4417 1890 4462 aucto~

288 4499 501 4554 ritatem
523 4497 836 4560 idololatria:
863 4498 1129 4558 conferre.
1172 4496 1330 4565 Nam,
1367 4499 1639 4569 quomodo
1671 4499 1720 4554 id
1752 4498 1895 4568 quod

289 4590 344 4645 in
375 4590 580 4654 honore
609 4590 836 4660 alicujus
865 4590 992 4645 idoli
1022 4590 1089 4645 ab
1114 4590 1344 4646 ethnicis
1372 4591 1549 4661 agitur
1577 4607 1606 4646 a
1650 4592 1892 4653 fidelibus
1918 4609 1971 4668 ι)

288 4682 607 4738 Christianis
653 4683 961 4754 spectaculo
1006 4682 1411 4753 frequentatur,
1477 4693 1532 4738 et.
1590 4684 1891 4752 idololatria

290 4777 510 4847 gentilis
539 4778 821 4843 asseritur,
851 4787 906 4832 et
927 4777 978 4830 in
1010 4777 1385 4831 contumeliam
1418 4776 1512 4833 Dei
1550 4765 1737 4849 religio
1764 4795 1890 4835 vera

288 4879 342 4926 ct
371 4869 546 4926 divina
594 4870 875 4930 calcatur?
919 4869 1098 4926 Pudor
1139 4885 1228 4927 me
1265 4879 1407 4928 tenet
1459 4873 1891 4944 praescriptiones

1985 1905 2110 1960 dum
2149 1914 2294 1960 tanta
2324 1916 2408 1962 est
2434 1907 2572 1976 apud
2599 1908 2844 1964 ethnicos
2875 1909 2926 1964 in
2958 1910 3118 1965 rebus
3145 1925 3251 1966 non
3281 1912 3595 1980 profuturis.

2059 2039 2143 2094 lli.
2167 2048 2550 2112 Argumentum
2565 2052 2646 2097 est
2665 2059 2794 2114 ergo
2814 2044 3113 2100 excitanda:
3143 2044 3211 2114 ³ἓ⁰
3243 2045 3472 2112 virtutis,
3494 2060 3601 2106 non

1987 2135 2275 2203 permissio
2316 2136 2429 2190 sive
2468 2136 2688 2194 libertas
2728 2139 3003 2208 spectandi
3045 2139 3260 2212 gentilis
3289 2140 3512 2206 erroris,
3543 2147 3602 2196 ut

1989 2241 2087 2294 per
2116 2225 2218 2280 hoc
2247 2229 2458 2284 animus
2491 2228 2609 2297 plus
2637 2229 2962 2300 accendatur
2990 2230 3056 2288 ad
3095 2233 3454 2302 evangelicam
3489 2230 3601 2286 vir-

1988 2325 2157 2373 tutem
2189 2330 2407 2390 propter
2432 2321 2610 2376 divina
2639 2323 2859 2394 praemia
2885 2337 3006 2378 cum
3050 2339 3146 2394 per
3175 2325 3415 2380 omnium
3455 2325 3603 2380 labo-

1988 2427 2109 2467 rum
2139 2423 2191 2467 et
2211 2412 2457 2468 dolorum
2485 2415 2848 2478 calamitatem
2877 2416 3203 2478 concedatur
3233 2418 3512 2494 pervenire
3534 2417 3604 2474 ad

1992 2517 2194 2561 aeterna
2225 2508 2563 2578 compendia.
2589 2508 2720 2570 Nam
2750 2509 2890 2579 quod
2921 2509 3100 2568 llelias
3116 2511 3297 2579 auriga
3325 2522 3404 2566 est
3434 2511 3602 2566 Israc-

1990 2596 2058 2652 lis
2103 2615 2207 2652 non
2240 2602 2605 2672 patrocinatur
2629 2601 2933 2672 spectandis
2964 2602 3297 2658 circensibus
3328 2621 3341 2658 :
3373 2604 3424 2658 in
3455 2603 3603 2658 nullo

1991 2691 2133 2744 enim
2173 2690 2218 2743 is
2254 2691 2398 2746 circo
2450 2692 2704 2746 cucurrit.
2741 2692 2805 2756 Et
2846 2693 2986 2764 quod
3020 2694 3183 2761 David
3217 2695 3268 2750 in
3312 2707 3606 2768 conspectu

1997 2782 2092 2836 Dei
2137 2782 2336 2838 choros
2381 2785 2488 2854 egit
2535 2785 2666 2838 nihil
2706 2785 2922 2853 adjuvat
2969 2787 3020 2842 in
3077 2785 3286 2842 theatro
3355 2789 3606 2844 sedentes

1995 2874 2092 2930 Chi
2107 2873 2328 2931 istianos
2343 2875 2525 2936 tideles
2545 2894 2557 2928 :
2581 2876 2721 2929 nulla
2741 2877 2883 2932 enim
2898 2879 3165 2933 obsccenis
3189 2879 3426 2934 motibus
3440 2896 3610 2936 mem-

1994 2968 2088 3023 bra
2126 2970 2470 3038 distorquens
2511 2968 2800 3022 desaltavit
2838 2984 3027 3039 gramm
3072 2969 3306 3024 libidinis
3350 2971 3606 3030 fabulam.

1995 3061 2239 3129 Nabulre,
2286 3078 2524 3136 cynartr,
2578 3062 2742 3132 tibiae,
2786 3071 3061 3134 tympana,
3107 3063 3326 3116 citharae
3380 3063 3609 3118 Domino

1997 3157 2339 3222 servierunt,
2395 3172 2501 3212 non
2552 3155 2729 3220 idolis.
2761 3155 2875 3210 Non
2921 3155 3082 3226 igitur
3133 3157 3509 3228 praescribalur
3554 3168 3612 3213 ut

2000 3257 2314 3324 spectentur
2344 3249 2574 3312 illicita;
2623 3263 2652 3301 a
2694 3247 2908 3316 diabolo
2958 3247 3163 3303 artifice
3208 3264 3272 3303 ex
3317 3251 3516 3304 sanctis
3556 3252 3610 3305 in
3647 3241 3650 3244 ⁴

1997 3343 2178 3398 illicita
2231 3351 2429 3395 tnutata
2481 3349 2624 3395 sunt.
2675 3339 2994 3394 Prmscribat
3040 3340 3198 3409 igitur
3250 3341 3364 3394 istis
3416 3341 3607 3412 pudor,

1997 3435 2208 3490 etiamsi
2253 3452 2358 3488 non
2403 3445 2627 3504 possunt
2673 3443 2871 3487 sani-tte
2912 3433 3148 3490 Litterae.
3181 3434 3435 3500 Quardam
3465 3436 3608 3489 enim

1996 3529 2273 3598 Scriptura
2319 3529 2488 3600 magis
2530 3528 2769 3606 providet
2819 3530 2868 3580 in
2913 3528 3291 3597 praecipiendo.
3335 3527 3609 3584 Verecun-

1996 3623 2137 3678 diam
2173 3639 2348 3694 passa,
2384 3623 2500 3694 plus
2533 3620 2824 3688 interdixit,
2846 3621 3418 3692 quiatacuit.\'critas,
3451 3625 3494 3675 si
3537 3623 3602 3677 ad

1998 3714 2116 3770 batc
2160 3731 2327 3786 usque
2371 3714 2744 3778 descenderet,
2800 3714 3028 3780 pessime
3074 3711 3142 3764 de
3198 3711 3444 3766 fidelibus
3495 3715 3608 3770 suis

1997 3809 2276 3862 sensisset.
2328 3805 2458 3860 Nam
2503 3815 2556 3858 et
2587 3806 2901 3875 plerumque
2942 3804 2994 3855 in
3041 3804 3322 3872 praeceptis
3359 3804 3605 3873 qua-dam

1998 3901 2182 3955 utilius
2217 3908 2455 3953 tacentur
2483 3915 2496 3951 :
2522 3897 2812 3950 admonent
2849 3910 2992 3966 sirpe
3013 3896 3139 3950 dum
3181 3897 3594 3953 interdicuntur.

1998 3992 2072 4046 ita
2124 3992 2283 4046 etiam
2337 4000 2577 4044 tacentur
2620 3989 2743 4044 dum
2789 3989 2838 4042 in
2882 3986 3098 4042 Litteris
3141 3991 3336 4059 scripta
3364 4001 3509 4055 sunt,
3551 3999 3606 4047 et

1997 4094 2390 4158 prazceptorum
2419 4085 2537 4139 loco
2565 4085 2824 4138 severitas
2872 4081 3127 4152 loquitur,
3172 4091 3227 4138 et
3270 4085 3404 4138 ratio
3443 4085 3602 4140 docet

1997 4197 2116 4252 qua:
2163 4179 2434 4249 Scriptura
2481 4178 2756 4234 conticuit.
2802 4175 2995 4240 Secum
3043 4178 3410 4232 tantummodo
3438 4193 3603 4233 unus-

1998 4275 2224 4345 quisque
2263 4273 2542 4334 deliberet,
2589 4282 2642 4325 ct
2681 4285 2801 4324 cum
2849 4284 3074 4338 persona
3115 4269 3461 4337 proteSsionis
3490 4285 3601 4324 sua:

1998 4366 2267 4436 IOquatur,
2315 4373 2368 4419 et
2422 4363 2551 4417 nihil
2586 4378 2836 4431 umquam
2883 4361 3194 4414 indecorum
3246 4371 3414 4429 geret.
3475 4360 3600 4415 l’lus

1999 4463 2142 4516 enim
2175 4459 2424 4530 ponderis
2452 4457 2672 4513 habebit
2699 4455 3024 4511 conscientia
3053 4469 3169 4525 quae
3207 4455 3336 4507 nulli
3359 4469 3418 4509 se
3444 4453 3596 4509 alteri

2000 4553 2216 4609 debebit
2245 4554 2345 4610 nisi
2377 4551 2499 4607 sibi.

2073 4688 2161 4744 ιγ.
2223 4685 2360 4754 Quid
2411 4685 2685 4754 Scriptura
2734 4679 3056 4735 interdixit?
3107 4678 3383 4734 Prohibuit
3449 4679 3593 4734 enim

1994 4779 2222 4850 Spectari
2246 4778 2386 4852 quod
2415 4773 3034 4848 probibetgeri.0mnia,
3068 4773 3418 4844 inquam,ista
3443 4788 3595 4844 spec-

1993 4875 2290 4930 taculorum
2319 4888 2514 4944 genera
2541 4870 2818 4927 damnavit
2844 4869 3059 4939 quando
3089 4868 3444 4924 idololatriam
3475 4884 3594 4926 sus-

1523 5031 1766 5091 STEPH.
1809 5035 2079 5094 BALUZII
2119 5033 2340 5091 ΝΟΤέΕ.

287 5175 539 5252 Cypriani
572 5177 792 5252 factum,
824 5177 998 5252 etiam
1025 5171 1417 5252 illustrissimus
1445 5172 1735 5252 cardinalis
1762 5173 1882 5252 Bel-

289 5241 550 5303 la'rininus
589 5241 800 5304 videtur
844 5247 1182 5302 existimasse
1213 5259 1333 5299 esse
1360 5241 1631 5315 Cypriani.
1668 5245 1800 5315 Ego,
1828 5247 1879 5300 in

288 5335 350 5392 ea
393 5323 703 5392 opinionum
781 5319 1091 5375 diversitate
1137 5317 1336 5370 nemini
1383 5316 1755 5392 pra-judicans,
1797 5331 1886 5392 alf-

287 5388 518 5446 bitraius
547 5408 663 5446 sum
713 5408 816 5446 non
848 5407 970 5447 esse
1004 5401 1204 5442 temere
1235 5388 1621 5456 seiungcznduru
1649 5404 1677 5440 a
1709 5388 1882 5457 legiti-

287 5465 390 5516 mis
420 5466 588 5518 sancti
623 5463 870 5534 Martyris
897 5458 1168 5534 Operibtts,
1204 5461 1500 5534 prtesertim
1541 5476 1668 5534 eum
1695 5460 1881 5534 obser-

287 5543 469 5590 vatum
496 5552 524 5587 a
558 5528 834 5590 nonnullis
858 5535 925 5589 sit
948 5547 1051 5585 non
1085 5531 1156 5584 ita
1187 5528 1493 5600 discrepare
1515 5547 1544 5585 a
1566 5532 1709 5602 style
1741 5531 1878 5601 ejus,

287 5616 346 5665 ut
373 5606 586 5674 quidam
618 5608 1009 5662 exisdmarunt.

361 5671 490 5748 11—5
514 5677 657 5732 Plebi
685 5681 735 5732 in
771 5675 1047 5748 Evangelia
1081 5671 1358 5748 stanti._Si_c
1375 5672 1508 5748 liber
1525 5671 1803 5748 Noratiaui
1829 5675 1890 5730 de

287 5746 412 5803 cibis
462 5747 721 5813 Juduicis,
753 5751 798 5802 si
831 5742 956 5802 vera
985 5755 1066 5800 est
1101 5742 1400 5815 inscriptio,
1439 5745 1726 5817 inscriptus
1770 5753 1886 5805 est:

290 5818 439 5886 Plebi
464 5821 518 5876 in
539 5818 818 5894 Evangelia
847 5817 1108 5893 perstanti.

2061 5172 2325 5230 Scribeudi
2351 5171 2566 5225 occasio.
2605 5169 2794 5226 Plures
2828 5179 2952 5224 sunt
2980 5167 3150 5225 sancti
3179 5168 3427 5244 Martyris
3455 5171 3586 5244 Είιὶε

1987 5245 2142 5303 εωιςρ
2163 5244 2352 5299 eodem
2374 5260 2532 5297 sensu
2565 5245 2795 5308 scriptae.

2069 5317 2197 5370 Vitio
2226 5326 2362 5371 actu.
2395 5315 2570 5369 Codex
2601 5313 2882 5378 Fuxensis,
2896 5314 3054 5384 justis
3084 5313 3295 5367 actibus.

2069 5387 2237 5442 Vitiis.
2273 5388 2415 5440 Idem
2446 5386 2634 5451 codex,
2659 5386 2890 5454 ﬂagitiis.

2060 5460 2206 5513 Sicut
2237 5461 2494 5511 innocens.
2527 5457 2751 5511 Veteres
2773 5455 2908 5519 libri,
2939 5456 3048 5509 sine
3071 5456 3222 5524 culpa
3253 5457 3506 5512 innocens.

2056 5530 2119 5586 Il.
2149 5560 2220 5570 -—
2244 5529 2316 5582 De
2345 5530 2625 5596 Scriptor-is
2660 5526 2959 5580 coelestibus.
2991 5529 3187 5581 Lodem
3213 5529 3372 5583 modo
3401 5539 3591 5585 tractat.

1988 5600 2091 5656 hoc
2119 5611 2487 5670 argumentum
2535 5599 2787 5666 magister
2832 5601 3080 5669 Lypriani
3126 5597 3485 5656 Tertullianus
3533 5603 3587 5656 in

1992 5673 2130 5728 libro
2158 5687 2256 5726 suo
2283 5673 2346 5723 de
2374 5673 2706 5739 Spectaculis.

2069 5741 2262 5798 Noble.
2306 5742 2439 5798 Vide
2468 5742 2873 5812 Hospittianum,
2898 5741 2988 5797 lib.
3030 5757 3066 5797 ιι
3101 5742 3164 5798 de
3188 5741 3434 5816 Templis,
3465 5760 3582 5817 cap.

1994 5815 2086 5884 23,
2122 5831 2239 5888 pag.
2266 5815 2388 5873 509.
