4230 6282
567 341 674 401 785
706 352 707 357 ‘

1968 323 2109 385 DIVI
2143 321 2464 385 CYPRIANI

3777 309 3886 379 784

575 460 716 525 tulit,
738 454 983 514 ludorum
1009 450 1248 508 omnium
1262 455 1512 513 matrem,
1536 444 1679 501 unde
1706 444 1821 500 hare
1846 443 2098 499 vanitatis
2118 452 2170 498 et
2198 445 2249 504 Α
2276 440 2415 512 quod
2463 438 2689 510 pigrior,
2740 447 2911 493 annos
2952 433 3164 507 pecoris
3207 437 3523 507 computare
3561 476 3577 503 ,
3630 436 3887 494 consules

574 550 806 606 levitatis
852 553 1089 600 monstra
1131 549 1413 596 venerunt.
1445 537 1597 609 Quod
1632 537 1777 592 enim
1812 537 2176 608 spectaculum

575 643 692 697 sine
721 637 906 694 idolo?
932 635 1053 707 quis
1078 633 1235 689 ludus
1260 633 1377 688 sine
1414 630 1713 688 sacrificio?
1735 631 1876 700 quod
1905 638 2176 685 certamen

579 750 684 787 non
713 738 1084 786 consecratum
1108 725 1353 781 mortuo?
1380 722 1516 791 Quid
1545 723 1689 777 inter
1717 721 1833 778 haec
1846 719 2181 777 Christianus

580 824 756 880 ﬁdelis
784 820 951 878 facit?
974 820 1031 877 Si
1062 818 1418 874 idololatrian)
1451 814 1602 888 fugit,
1633 813 1759 885 quid
1794 814 1883 884 qui
1923 812 2032 884 jam
2059 826 2182 867 san-

580 929 699 973 etus
727 917 801 971 sit
827 914 896 972 de
936 912 1100 969 rebus
1145 909 1451 966 criminosis
1486 906 1818 978 voluptatem
1844 904 2019 975 capit?
2044 902 2184 971 Quid

579 1022 765 1069 contra
799 1010 966 1063 Deum
1010 1002 1423 1075 superstitiones
1452 1000 1663 1072 probat,
1701 1012 1834 1068 quas
1871 1005 2016 1052 amat
2054 995 2183 1051 dum

582 1110 791 1173 spectat
806 1097 1144 1164 ?-Cteterum,
1161 1094 1295 1150 sciat
1309 1091 1488 1149 omnia
1513 1092 1631 1147 haec
1654 1091 1867 1145 inventa
1893 1088 2187 1144 daemonio-

583 1213 705 1254 rum
735 1210 878 1262 esse,
904 1207 1012 1249 non
1042 1190 1157 1245 Dei.
1188 1187 1536 1259 lmpudenter
1561 1185 1614 1241 in
1648 1183 1888 1239 Ecclesia
1923 1183 2186 1238 daemonia

583 1288 854 1346 exoreizat
881 1298 1113 1356 quorum
1144 1281 1449 1351 voluptates
1470 1277 1522 1333 in
1546 1275 1867 1348 spectaculis
1896 1273 2104 1339 laudat;
2135 1282 2191 1329 et

586 1394 707 1436 cum
738 1376 909 1433 semel
936 1372 1014 1430 illi
1042 1371 1376 1435 renuntiatis,
1408 1367 1637 1423 rescissa
1680 1366 1749 1420 sit
1782 1381 1868 1420 res
1914 1365 2090 1419 omnis
2133 1365 2187 1420 in

587 1469 939 1541 Baptismate,
968 1464 1095 1520 dum
1135 1471 1254 1534 post
1279 1459 1555 1521 Christum
1586 1456 1651 1513 ad
1691 1455 1891 1512 diaboli
1918 1466 2193 1526 spectacu-

588 1561 699 1617 lum
730 1558 894 1623 vadit,
924 1555 1142 1612 Christo
1188 1562 1455 1621 tamquam
1483 1548 1696 1605 diabolo
1740 1548 2029 1603 renuntiat.
2071 1545 2191 1602 ldo-

587 1656 818 1718 lolatria,
867 1658 925 1706 ut
964 1650 1073 1721 jam
1114 1646 1244 1712 dixi,
1294 1645 1541 1699 ludorum
1581 1640 1821 1698 omnium
1866 1649 2039 1697 mater
2075 1648 2189 1705 est;

589 1762 710 1819 quae
750 1754 807 1800 ut
852 1742 920 1799 ad
968 1756 1026 1798 se
1069 1737 1363 1796 Christiani
1406 1735 1592 1792 ﬁdeles
1635 1735 1873 1802 veniant,
1925 1732 2195 1789 blanditur

2284 548 2463 600 nosse,
2495 543 2683 587 aetates
2705 531 2935 591 discere,
2970 529 3273 601 prosapiam
3307 527 3612 599 designare,
3641 544 3770 585 avos
3801 530 3885 602 ip-

2282 640 2373 681 sos
2401 634 2696 694 atavosque
2722 634 3151 678 commemorare
3177 620 3191 674 ι
3218 618 3388 688 Quam
3413 621 3517 673 hoc
3555 628 3725 675 totum
3749 622 3889 676 otio-

2282 734 2400 776 sum
2439 719 2732 789 negotium,
2772 717 2940 771 immo
2965 728 3123 780 quam
3165 721 3319 783 turpe
3353 722 3409 770 et
3447 713 3887 785 ignominiosum,

2285 810 3010 881 hunc,inquam,memoriter
3026 818 3190 864 totam
3207 810 3387 881 equini
3406 807 3626 881 generis
3641 807 3890 866 sobolem

2286 911 2681 973 computantem
2695 910 2751 956 et
2765 900 2882 957 sine
2903 899 3107 957 offensa
3130 901 3422 969 spectaculi
3444 916 3565 957 cum
3589 916 3781 973 magna
3800 917 3894 959 ve-

2285 995 2502 1051 locitate
2515 992 2867 1049 referentem!
2889 992 3146 1049 Parentes
3175 991 3398 1061 Christi,
3423 993 3467 1048 si
3484 1009 3772 1064 praerogcs,
3792 1009 3894 1050 ne-

2288 1087 2409 1153 scit,
2429 1098 2487 1142 ut
2508 1085 2775 1143 infelicius
2790 1087 2858 1141 sit
2872 1096 2924 1141 et
2944 1087 3104 1143 scire.
3121 1085 3275 1156 Quod
3296 1087 3340 1142 si
3358 1102 3570 1144 rursum
3597 1102 3892 1159 prmrogem

2289 1196 2396 1253 quo
2432 1180 2499 1236 ad
2537 1179 2752 1247 aliquod
2780 1180 3145 1250 spectaculum
3186 1181 3379 1249 nescit,
3413 1192 3505 1237 aut
3531 1181 3816 1250 infelicior,
3848 1183 3895 1240 si

2290 1272 2582 1342 scit.Quod
2611 1274 2655 1327 si
2679 1288 2891 1329 rursum
2918 1288 3214 1345 prrerogem
3229 1290 3336 1344 quo
3360 1273 3427 1329 ad
3441 1275 3656 1346 aliquod
3684 1284 3897 1348 Specta-

2292 1367 2472 1422 culum
2507 1367 2698 1422 itinere
2739 1367 3062 1438 pervenerit,
3095 1368 3442 1425 confitebitur
3482 1383 3579 1440 per
3623 1369 3893 1440 luparum,

2302 1477 2401 1532 per
2431 1463 2830 1533 prostitutarum
2866 1461 3004 1516 nuda
3027 1477 3275 1534 corpora,
3305 1478 3404 1534 per
3431 1463 3695 1534 publicam
3720 1463 3897 1521 libidi-

2294 1572 2440 1624 nem,
2473 1573 2568 1628 per
2598 1555 2829 1612 dedecus
2853 1556 3146 1627 publicum,
3174 1571 3271 1628 per
3297 1558 3570 1630 vulgarem
3599 1557 3895 1627 lasciviam,

2295 1664 2391 1720 per
2410 1663 2748 1705 communem
2775 1650 3015 1704 omnium
3038 1649 3438 1706 contumeliam.
3468 1650 3564 1707 Cui
3589 1660 3645 1707 ut
3672 1666 3780 1707 non
3804 1652 3901 1707 ob-

2291 1741 2473 1813 jiciam
2495 1743 2634 1812 quod
2662 1743 2891 1799 fortasse
2914 1743 3204 1811 commisit,
3228 1742 3361 1799 vidit
3392 1756 3568 1801 tamen
3590 1745 3734 1817 quod
3755 1759 3903 1800 com-

587 1843 695 1897 illis
740 1855 838 1911 per
879 1836 1161 1893 oculorum
1201 1843 1257 1888 et
1298 1830 1513 1886 aurium
1549 1828 1898 1898 voluptatein.
1933 1826 2194 1882 Romulus
2221 1842 2272 1903 Β
2302 1834 2617 1890 mittendum
2651 1850 2757 1889 non
2800 1833 2919 1900 fuit,
2954 1843 3008 1889 ει
3031 1834 3220 1891 oculos
3244 1834 3311 1891 ad
3344 1835 3659 1891 idololatriae
3686 1844 3903 1907 specta.

590 1936 793 2001 Conso,
816 1931 971 2003 quasi
991 1926 1201 1984 consilii
1240 1924 1366 1992 deo,
1396 1922 1467 1979 ob
1506 1921 1789 1993 rapiendas
1831 1920 2060 1977 Sabinas
2098 1919 2197 1974 cir-

591 2043 802 2093 censes,
829 2024 1031 2094 primus
1074 2019 1430 2076 consecravit.
1481 2018 1749 2072 Caeterum
1804 2015 2015 2087 reliqui,
2067 2013 2194 2071 dum

597 2122 792 2181 Urbem
826 2119 993 2175 fames
1019 2123 1356 2186 occupasset,
1392 2111 1457 2167 ad
1484 2112 1850 2166 avocationem
1889 2109 2071 2180 populi
2109 2124 2198 2164 ac-

596 2213 776 2283 quisiti
804 2219 927 2267 sunt
953 2207 1064 2264 ludi
1087 2205 1310 2270 scenici,
1337 2202 1522 2260 Cereri
1559 2211 1613 2258 et
1640 2201 1835 2257 Libero
1863 2200 2023 2257 dicati
2054 2213 2198 2272 post-

598 2302 814 2360 modum
852 2299 1176 2371 reliquisque
1209 2296 1368 2351 idolis
1392 2304 1442 2350 et
1470 2294 1714 2349 mortuis.
1753 2291 1939 2349 Grmca
1969 2291 2057 2347 illa
2087 2308 2204 2348 ccr-
2234 2324 2241 2330 ι

599 2396 798 2452 lamina
826 2393 909 2449 vel
941 2394 995 2447 in
1033 2390 1301 2456 cantibus,
1340 2388 1422 2444 vel
1451 2387 1503 2443 in
1532 2372 1748 2453 fidibus,
1774 2387 1858 2441 vel
1883 2387 1934 2441 in
1959 2386 2201 2452 vocibus,

596 2486 684 2543 vel
714 2487 765 2541 in
793 2484 997 2540 viribus
1022 2481 1283 2554 praesides
1306 2492 1437 2534 suos
1461 2477 1661 2534 habent
1687 2477 1835 2532 varia
1857 2476 2207 2542 d:emonia;et

599 2577 850 2652 quicquid
878 2588 963 2634 est
986 2575 1130 2631 aliud
1158 2572 1299 2645 quod
1327 2571 1681 2644 spectantium
1710 2581 1801 2625 aut
1820 2570 2008 2627 oculos
2030 2577 2209 2626 movet

602 2683 696 2730 aut
724 2671 916 2728 delinit
958 2684 1141 2736 aures,
1170 2669 1215 2723 si
1257 2682 1380 2723 cum
1415 2665 1621 2737 origine
1650 2679 1747 2720 sua
1783 2672 1839 2721 et
1877 2664 2210 2720 institutione

604 2774 898 2837 quaeratur,
927 2777 1142 2818 causam
1173 2760 1391 2830 praefert
1417 2767 1512 2813 aut
1539 2755 1739 2812 idolum
1768 2764 1859 2810 aut
1883 2756 2212 2811 daemonium

608 2867 705 2915 aut
747 2867 1040 2913 mortuum.
1081 2854 1154 2908 Ita
1186 2851 1430 2909 diabolus
1456 2851 1667 2919 artifex,
1701 2850 1825 2921 quia
1853 2848 2211 2905 idololatriam

606 2968 706 3025 per
745 2966 805 3007 se
849 2948 1044 3005 nudam
1079 2946 1283 3003 sciebat
1316 2943 1564 3014 horreri,
1612 2942 1932 3015 spectaculis
1976 2942 2211 3008 miscuit,

608 3055 667 3103 ut
713 3059 809 3117 per
841 3045 1171 3113 voluptatem
1214 3049 1396 3112 posset
1432 3038 1626 3095 amari.

675 3138 743 3194 ν.
793 3136 955 3192 Plura
998 3133 1250 3206 prosequi
1294 3129 1421 3203 quid
1476 3141 1560 3187 est
1608 3144 1851 3197 necesse,
1880 3128 1969 3185 vel
2018 3126 2217 3184 sacriﬁ-

2299 1929 2476 1984 culum
2510 1943 2605 1997 per
2637 1927 2913 1985 libidinem
2942 1928 3116 1996 duxit,
3162 1943 3325 1985 ausus
3360 1943 3541 1986 secum
3571 1939 3817 1985 sanctum
3852 1931 3909 1987 in

2302 2020 2525 2089 lupanar
2564 2021 2783 2087 ducere,
2827 2021 2872 2075 si
2914 2021 3210 2091 potuisset;
3242 2022 3327 2092 qui
3358 2019 3616 2077 festinans
3653 2021 3718 2074 ad
3744 2034 3908 2092 spec-

2304 2115 2562 2183 taculum,
2585 2113 2849 2187 dimissus.
2865 2129 2897 2170 e
2918 2114 3195 2170 Dominico
3216 2124 3267 2170 et
3284 2114 3457 2170 adhuc
3475 2129 3667 2185 gerens
3691 2128 3912 2181 secum,

2304 2216 2364 2263 ut
2392 2208 2612 2274 assolet,
2642 2206 3059 2273 Eucharistiam,
3087 2207 3225 2263 inter
3252 2221 3477 2279 corpora
3509 2207 3765 2262 obscaena
3793 2220 3917 2262 me-

2306 2301 2559 2357 retricum
2582 2299 2780 2356 Christi
2803 2310 3047 2356 sanctum
3075 2314 3270 2369 corpus
3295 2297 3527 2354 inﬁdelis
3548 2299 3650 2354 iste
3677 2299 3918 2354 circum-

2310 2393 2445 2458 tulit,
2496 2393 2614 2463 plus
2650 2392 3010 2449 damnationis
3047 2392 3273 2449 meritus
3306 2390 3375 2447 de
3398 2392 3603 2460 itinere
3628 2405 3789 2463 quam
3843 2389 3918 2448 de

2308 2487 2594 2558 spectaculi
2644 2487 2939 2558 voluptate.

2386 2579 2472 2634 Vl.
2514 2579 2641 2648 Sed,
2692 2587 2754 2635 ut
2794 2579 2862 2636 de
2891 2578 2993 2634 hoc
3033 2594 3211 2635 secure
3251 2578 3655 2649 inquinamento
3702 2575 3915 2632 invere-

2312 2672 2489 2730 cundo
2525 2672 2635 2744 jam
2676 2673 2956 2729 transitum
3002 2672 3194 2729 faciam
3220 2718 3234 2739 ,
3268 2671 3435 2744 pudet
3459 2670 3665 2728 referre
3689 2687 3810 2743 qua
3835 2671 3921 2728 di-

2314 2774 2532 2833 cuntur,
2560 2764 2726 2836 pudet
2748 2764 2910 2820 etiam
2941 2779 3194 2821 accusare
3216 2780 3336 2835 quae
3368 2764 3533 2831 ﬁunt,
3566 2771 3915 2835 arguntento-

2314 2871 2435 2912 rum
2463 2857 2747 2928 strophas,
2789 2856 3153 2913 adulterorum
3194 2856 3433 2913 fallacias
3455 2901 3469 2923 ,
3505 2856 3785 2913 mulierum
3818 2857 3927 2911 im-

2316 2949 2625 3020 pudicitias,
2653 2951 2905 3007 scurriles
2947 2950 3132 3021 jocos,
3164 2952 3431 3022 parasitos
3475 2951 3742 3019 sordidos,
3771 2951 3927 3022 ipsos

2318 3055 2530 3112 quoque
2572 3041 2984 3113 patresfamilias
3013 3052 3223 3113 togatos
3248 3042 3412 3098 modo
3440 3043 3687 3114 stupidas
3707 3085 3723 3111 ,
3757 3041 3927 3100 modo

2319 3139 2641 3204 obsctenos,
2684 3135 2737 3191 in
2766 3135 3015 3192 omnibus
3037 3136 3263 3193 stolidos
3286 3185 3302 3209 ,
3334 3137 3384 3192 in
3417 3137 3672 3192 omnibus
3711 3137 3927 3194 invere-

604 3235 811 3292 ciorum
839 3233 890 3286 in
913 3229 1054 3285 ludis
1078 3242 1274 3299 genera
1319 3234 1663 3280 monstruosa
1703 3223 2031 3289 describere,
2077 3222 2217 3278 inter
2243 3235 2290 3300 ο
2321 3229 2548 3286 cnndos.
2571 3229 2639 3284 Et
2661 3244 2784 3285 cum
2809 3228 2939 3284 nulli
2972 3227 3250 3285 hominum
3271 3237 3364 3283 aut
3387 3228 3571 3300 generi
3596 3236 3691 3285 aut
3718 3230 3930 3298 profes-

609 3342 731 3398 quze
775 3336 1173 3392 nonnumquam
1217 3327 1272 3375 et
1312 3317 1474 3373 homo
1510 3316 1568 3371 ﬁt
1607 3316 1782 3371 hostia
1818 3315 2103 3371 latrocinio
2140 3329 2220 3370 sa-

610 3418 865 3482 cerdoﬁs,
891 3416 1020 3471 dum
1045 3428 1206 3467 cruor
1231 3412 1393 3467 etiam
1416 3409 1484 3465 de
1509 3408 1696 3479 jugulo
1725 3408 1929 3464 calidus
1955 3416 2214 3477 exceptus

609 3509 883 3581 spumanti
918 3516 1123 3578 patera,
1149 3504 1276 3561 dum
1306 3502 1480 3559 adhuc
1518 3502 1712 3568 fervet,
1741 3511 1797 3558 et
1824 3502 1974 3574 quasi
2015 3502 2217 3558 sitienti

615 3605 758 3663 idolo
806 3604 859 3658 itt
908 3601 1099 3659 faciem
1146 3600 1380 3671 jactatus
1421 3596 1716 3653 crudeliter
1761 3597 2114 3668 propinatur,
2165 3605 2221 3655 et

614 3702 757 3757 inter
784 3698 1085 3769 voluptates
1112 3693 1466 3768 spectantium
1510 3691 1863 3764 quorumdam
1909 3705 2056 3747 mors
2099 3706 2218 3747 ero-

619 3803 793 3868 gatur,
827 3800 878 3845 ut
910 3806 1005 3862 per
1033 3797 1314 3844 cruentum
1339 3784 1703 3856 spectaculum
1748 3785 1944 3839 szevire
1963 3783 2222 3852 discatur,

617 3886 769 3957 quasi
809 3898 994 3955 parum
1023 3882 1093 3936 sit
1123 3880 1325 3935 homini
1359 3879 1563 3949 privata
1591 3894 1685 3933 sua
1714 3877 1912 3943 rabies,
1942 3878 2042 3933 nisi
2078 3879 2223 3934 illam

616 3978 683 4009 ³η
725 3985 777 4031 et
830 3974 1041 4044 publice
1071 3972 1259 4027 discat.
1296 3970 1353 4026 In
1391 3985 1600 4039 pmnam
1640 3970 1872 4025 hominis
1900 3969 2008 4025 fera
2040 3970 2224 4027 rabida

620 4067 855 4123 nutritur
892 4066 944 4119 in
989 4063 1218 4124 deliciis,
1250 4072 1306 4115 ιιι
1332 4061 1433 4116 sub
1460 4060 1813 4131 spectantium
1840 4061 2008 4118 oculis
2030 4062 2224 4117 crude-

620 4161 726 4215 lius
752 4156 999 4213 insaniat.
1033 4153 1223 4210 Erudit
1246 4153 1436 4209 artifex
1464 4152 1695 4208 belluam
1714 4194 1729 4219 ,
1762 4169 1881 4226 qua:
1906 4154 2224 4212 clementior

620 4252 845 4308 fortasse
890 4247 1080 4303 fuisset
1123 4246 1166 4301 si
1222 4260 1327 4301 non
1368 4244 1513 4299 illam
1545 4246 1797 4316 magister
1821 4246 2092 4303 crudelior
2117 4264 2223 4304 sae-

618 4344 737 4400 vire
756 4342 1051 4397 docuisset.
1078 4339 1243 4410 Ergo,
1278 4346 1336 4393 ut
1365 4346 1566 4392 taceam
1590 4338 1838 4407 quicquid
1870 4339 2025 4395 latius
2050 4340 2223 4396 idolo-

621 4437 776 4492 latria
809 4433 1019 4506 probat,
1063 4446 1222 4504 quam
1264 4446 1398 4485 vana
1432 4439 1556 4484 sunt
1603 4431 1712 4500 ipsa
1747 4432 2061 4499 certamina,
2104 4433 2227 4490 lites

621 4529 677 4585 in
703 4527 998 4592 coloribus,
1029 4524 1401 4580 contentiones
1429 4524 1479 4577 in
1510 4523 1775 4589 cursibus,
1806 4526 2015 4579 favores
2040 4526 2092 4580 in
2124 4527 2223 4581 ho-

2321 3322 2460 3378 sioni
2487 3323 2554 3378 ab
2590 3318 2959 3392 improborum
3003 3322 3229 3375 istorum
3274 3334 3518 3375 sermone
3549 3327 3820 3388 parcatur,
3848 3320 3932 3377 ab

2323 3414 2575 3471 omnibus
2619 3424 2796 3468 tamen
2838 3410 2904 3467 ad
2963 3412 3326 3482 spectaculum
3369 3410 3703 3467 convenitur.
3753 3411 3930 3467 Com-

2325 3523 2485 3564 mune
2513 3507 2750 3563 dcdecus
2774 3506 3043 3575 delectat,
3076 3507 3260 3563 videre
3285 3506 3365 3563 vel
3394 3521 3787 3576 recognoscere
3811 3506 3931 3565 otia

2323 3600 2407 3656 vel
2444 3598 2677 3656 discere.
2719 3598 3075 3656 Concurritur
3103 3600 3216 3656 illic
3250 3599 3317 3654 ad
3358 3598 3616 3671 pudorem
3648 3598 3924 3669 publicum

2328 3694 2619 3766 lupanaris,
2652 3692 2718 3749 ad
2745 3693 3115 3750 obscaenitatis
3144 3693 3534 3765 magisterium,
3564 3706 3632 3748 ne
3661 3690 3791 3763 quid
3830 3706 3920 3749 se-

2331 3798 2481 3843 creto
2522 3787 2701 3842 minus
2740 3796 2928 3858 agatur
2961 3801 3121 3856 quam
3153 3785 3294 3857 quod
3330 3786 3383 3840 in
3426 3783 3641 3855 publico
3667 3784 3930 3851 discitur;

2341 3890 2397 3936 et
2426 3880 2567 3935 inter
2595 3879 2739 3949 ipsas
2763 3879 2911 3949 leges
2934 3877 3159 3933 docetur
3186 3875 3442 3948 quidquid
3474 3875 3682 3947 legibus
3708 3874 3933 3932 interdi-

2336 3972 2495 4029 citur.
2523 3971 2663 4041 Quid
2695 3972 2834 4027 inter
2863 3968 3329 4027 haccChriStianus
3356 3968 3527 4024 ﬁdelis
3554 3969 3677 4025 facit
3694 3967 3781 4024 cui
3803 3967 3933 4023 vitia

2329 4080 2439 4120 non
2472 4063 2598 4119 licet
2627 4078 2725 4119 nec
2754 4062 3032 4135 cogitare?
3057 4061 3184 4135 quid
3207 4062 3508 4117 oblectatur
3532 4059 3837 4117 simulacris
3861 4060 3932 4116 li-

2327 4157 2525 4213 bidinis
2545 4165 2645 4224 ,~ut
2672 4156 2724 4211 in
2753 4158 2882 4227 ipsis
2915 4154 3161 4226 deposita
3192 4152 3513 4211 verecundia
3543 4151 3794 4208 audacior
3831 4149 3940 4208 ﬁat

2325 4250 2393 4307 ad
2445 4252 2712 4308 crimina?
2763 4250 2928 4306 Discit
2979 4257 3034 4304 et
3082 4246 3264 4304 facere
3315 4247 3443 4302 dum
3497 4246 3804 4302 consuescit
3846 4245 3939 4300 vi-

2328 4345 2476 4400 dere.
2531 4343 2642 4399 Illa:
2690 4352 2867 4399 tamen
2895 4355 3031 4413 quas
3081 4341 3368 4397 infelicitas
3401 4355 3496 4396 sua
3522 4338 3590 4395 ad
3613 4339 3934 4396 servitutem

2333 4436 2563 4491 inseruit
2593 4445 2647 4491 et
2673 4434 2983 4505 prostravit,
3016 4431 3267 4489 libidines
3296 4432 3538 4503 publicas
3562 4431 3856 4496 occultant,
3877 4436 3942 4485 et

2330 4528 2564 4586 dedecus
2594 4543 2749 4583 suum
2794 4527 2867 4584 de
2919 4525 3139 4581 latebris
3177 4525 3543 4582 consolantur.
3590 4524 3944 4580 Erubescunt

625 4620 867 4685 noribns,
892 4617 1127 4690 gaudere
1152 4616 1294 4687 quod
1324 4630 1494 4687 equus
1517 4615 1758 4670 velocior
1784 4614 1964 4684 fuerit,
1997 4633 2231 4679 mterere
2252 4615 2307 4676 Ι)
2335 4622 2502 4679 videri
2529 4622 2691 4677 etiam
2717 4635 2838 4693 quae
2864 4619 3125 4694 pudorem
3159 4618 3541 4676 vendiderunt.
3573 4620 3641 4674 At
3667 4617 3811 4675 istud
3832 4632 3943 4689 pu-

1862 4727 2104 4786 STEPll.
2145 4733 2417 4794 BALUZII
2453 4733 2682 4791 NOTE.

694 4845 1135 4907 lV.-—Ludorum
1163 4842 1385 4898 omnium
1406 4840 1774 4896 matremNide
1793 4840 2041 4898 Ovidium
2064 4845 2161 4902 lib.
2187 4862 2223 4903 v

626 4922 933 4984 Fastorum,
982 4928 1035 4972 et
1085 4916 1301 4970 Petrum
1345 4912 1578 4967 Fahrum
1607 4912 1982 4982 Sanjnrianum
2027 4917 2120 4973 lih,
2166 4933 2224 4974 ιν

626 4992 982 5065 Agonistigatt,
1012 5003 1131 5065 cap.
1156 4988 1230 5065 _5,_
1250 4985 1337 5065 ubi
1360 4984 1484 5039 fuse
1509 4985 1606 5065 ista
1638 4987 1886 5054 explicat.
1909 4985 2040 5044 Vide
2061 4991 2222 5046 etiam

622 5055 818 5121 librum
852 5058 1166 5116 Tertulliani
1198 5057 1259 5109 de
1281 5055 1620 5125 Spectaculis.

693 5132 945 5190 Romulus
972 5128 1152 5183 Conso.
1184 5127 1315 5181 Vide
1335 5141 1495 5196 supra
1529 5141 1647 5195 pag.
1680 5125 1804 5183 569.

693 5200 949 5272 Cantibus;
991 5200 1173 5272 Codex
1209 5198 1488 5272 Fuxensis,
1518 5198 1734 5267 ﬂetibus.
1767 5199 1898 5268 Qua:
1930 5213 2113 5272 postea
2137 5219 2224 5259 se-

619 5270 1085 5352 qttu_tttur,__Faber
1104 5286 1226 5352 cap.
1317 5272 1427 5352 fer-is
1459 5280 1610 5352 putat
1636 5287 1754 5352 esse
1783 5287 1849 5326 ex
1874 5270 2216 5352 glossemate,

696 5349 758 5404 ν,
787 5343 1122 5400 -Ρανριιιεε
1150 5341 1357 5397 (.‘Im'sti.
1389 5340 1463 5394 lta
1495 5341 1660 5397 codex
1695 5340 1974 5399 anensis.
1997 5345 2149 5401 Alius
2169 5358 2223 5403 et

617 5420 785 5478 editio
812 5417 1053 5480 Manutii,
1079 5425 1266 5481 partes,
1312 5427 1497 5467 errore
1528 5413 1810 5469 manifesto
1843 5432 1856 5469 :
1890 5418 2224 5481 comparatio

616 5504 701 5549 est
746 5493 887 5548 inter
936 5485 1303 5557 genealogiam
1336 5483 1458 5557 equi
1489 5495 1545 5557 et
1595 5486 1963 5557 genealogiam
1985 5483 2221 5556 Christi;

615 5566 717 5620 scit
765 5564 866 5617 iste
896 5554 1233 5630 Christianus
1261 5554 1802 5630 genealogiautequi,
1828 5554 2000 5613 nescit
2023 5554 2224 5630 genea4

610 5636 808 5704 logiam
842 5629 1059 5686 Christi.
1087 5626 1354 5704 Turpe‘et
1377 5625 1702 5704 miserabile.

693 5686 882 5774 Secum
924 5686 1454 5774 ,ςιιιιιςιιιιιις(ἷρόειιε⁵
1479 5697 1762 5774 Fuxrnsis,
1819 5716 1989 5774 secum
2038 5718 2226 5774 corpus

619 5773 757 5842 quod
785 5779 864 5842 est
898 5778 1151 5842 sanctum.
1182 5765 1368 5821 Codex
1418 5766 1704 5825 llemensis
1735 5780 1791 5827 et
1824 5772 2107 5841 editiones,
2128 5765 2224 5830 ’κ-

623 5839 741 5896 cum
772 5839 1023 5906 Spiritum
1044 5845 1295 5889 sanctum.
2097 5839 2100 5841 '
2195 5850 2201 5859 η

2404 4847 2651 4903 Dimissus
2672 4865 2699 4902 e
2721 4846 3008 4904 Dominico.
3035 4844 3217 4905 Codex
3247 4863 3313 4903 ex
3339 4863 3445 4919 quo
3468 4847 3603 4904 liber
3631 4848 3733 4903 iste
3753 4846 3947 4905 editus

2327 4930 2409 4975 ρει
2452 4935 2480 4971 a
2523 4918 2779 4988 Manutio,
2809 4937 2914 4976 non
2941 4920 3173 4976 habebat
3193 4937 3220 4974 e
3244 4918 3534 4984 Dominico,
3565 4927 3619 4974 et
3643 4930 3947 4990 propterea

2327 4992 2621 5063 appositus
2647 5003 2730 5047 est
2762 4992 2837 5063 _in
2887 4991 2981 5063 illa
3017 4992 3251 5063 editione
3277 4991 3671 5063 asteriscus,_ut
3701 4990 3947 5061 intelligi

2328 5060 2548 5118 daretur
2575 5060 2777 5132 aliquid
2802 5062 2925 5118 huic
2954 5061 3167 5118 deesse.
3197 5062 3467 5118 Pamclius
3498 5060 3679 5116 laudat
3737 5060 3952 5116 manti-

2331 5136 2588 5206 scriptum
2614 5134 2665 5206 in
2696 5150 2802 5205 quo
2831 5134 3087 5206 scriptum
3106 5143 3222 5189 erat
3243 5133 3482 5206 dimissus
3506 5132 3851 5206 eDogtinico,
3881 5141 3960 5190 ut

2331 5206 2384 5260 in
2415 5202 2600 5261 codice
2629 5202 2913 5271 Reinensi;
2944 5202 3211 5261 Fuxeusis
3240 5205 3399 5260 habet
3416 5205 3605 5260 amisso
3629 5202 3947 5271 Dominico,

2328 5291 2428 5347 per
2455 5291 2693 5332 errorem
2723 5277 2944 5331 librarii.

2406 5346 2594 5403 Geram
2625 5348 3021 5403 Encltaristiam.
3050 5347 3182 5419 Vide
3208 5362 3393 5419 supra,
3415 5363 3536 5419 pag.
3575 5345 3705 5415 ιθι,
3737 5356 3792 5403 et
3811 5361 3958 5418 quas

2326 5430 2509 5475 notata
2539 5427 2663 5475 sunt.
2683 5420 2752 5474 ad
2780 5420 2971 5475 librum
2999 5421 3062 5472 de
3091 5418 3235 5474 Βωιο
3265 5418 3557 5474 Patientia.

2400 5491 2588 5545 Christi
2612 5500 2865 5547 sanctum.
2895 5491 3250 5545 Emendatnm
3290 5506 3357 5545 ex
3391 5489 3528 5545 libro
3558 5488 3819 5546 Fuxensi.

2401 5561 2988 5633 VL—Argumentorum
3010 5562 3266 5631 strepitus.
3282 5560 3356 5633 lla
3380 5571 3590 5617 veteres
3600 5560 3963 5633 libri..§ntea

2328 5632 2608 5705 legebatur
2637 5631 2896 5705 agentium
2915 5635 3175 5703 strepitus,
3208 5632 3357 5688 nullo
3383 5648 3567 5705 sensu.
3593 5632 3744 5705 Vide‘
3770 5631 3970 5689 Lexin-

2328 5702 2429 5761 con
2456 5702 2689 5760 Martinii
2727 5715 2782 5760 et
2807 5702 3214 5778 EtymolOgieon
3246 5704 3441 5776 lingua:
3473 5703 3679 5760 Latinae
3704 5702 3962 5762 Cetarii

2327 5775 2553 5832 Joannis
2576 5775 2777 5832 Vossii.

2360 5790 2553 5834 oannts
2584 5790 2614 5831 Υ
2625 5790 2777 5832 08811.

2402 5846 2554 5906 Inter
2573 5849 2715 5922 ipsas
2735 5848 2891 5923 teges.
2914 5847 3047 5908 Vide
3066 5864 3231 5923 supra
3252 5861 3374 5922 pag.
3402 5845 3529 5906 381.
