4230 6282
282 324 393 386 785

1518 329 1719 390 LIBER
1760 329 1850 387 DE
1890 329 2375 390 SPECTACULIS.

3484 326 3589 386 786

284 443 487 500 blicum
543 452 845 499 monstrum
904 444 1156 500 omnibus
1202 443 1502 501 videntibus
1551 444 1786 516 geritur,
1832 453 1887 499 et
1912 449 1962 509 A
1993 444 2120 511 ciet,
2148 444 2195 501 si
2216 444 2374 502 fuerit
2401 442 3012 515 impulsa?Avocandus
3064 454 3147 499 est
3196 444 3353 514 igitur
3377 443 3587 499 animus

280 537 690 611 prostitutarum
745 539 1001 593 transitur
1046 539 1393 596 obscuenitas.
1449 538 1744 607 Quaesitum
1796 544 1881 594 est

280 630 555 702 quomodo
582 628 902 685 adulterium
927 631 1095 686 oculis
1123 630 1515 687 admitteretur.
1555 630 1689 686 Huic
1713 629 1879 686 dede-

280 722 394 780 cori
425 721 752 792 condignum
785 720 1020 778 dedecus
1049 722 1447 793 superducitur.
1484 722 1655 777 llomo
1684 720 1884 777 fractus

282 816 536 874 omnibus
577 815 870 883 membris,
898 824 956 871 ct
986 816 1066 871 vir
1091 816 1228 871 ultra
1257 816 1573 871 muliebrem
1603 814 1882 872 mollitiem

282 907 579 965 dissolutus
602 947 618 973 ,
645 908 730 963 cui
771 921 861 962 ars
905 906 975 962 sit
1023 907 1186 962 verba
1232 907 1479 962 manibus
1515 905 1801 977 expedire;
1832 914 1889 961 et

285 1011 505 1074 propter
547 1015 711 1055 unum
744 999 927 1055 nescio
950 1014 1111 1070 quem
1140 1012 1242 1055 nec
1266 1001 1438 1054 virum
1468 1014 1567 1055 nec
1607 999 1883 1065 feminam,

284 1102 656 1152 commovetur
684 1092 871 1149 civitas
884 1101 1017 1157 tota,
1044 1100 1104 1146 ut
1127 1090 1465 1148 desaltentur
1495 1091 1755 1147 fabulosae
1781 1107 1883 1146 an-

285 1189 594 1261 tiquitatum
621 1185 891 1243 libidines.
930 1184 1005 1241 Ita
1048 1193 1259 1240 amatur
1307 1182 1569 1256 quidquid
1596 1198 1703 1238 non
1727 1184 1885 1249 licet,

286 1289 351 1339 ut
376 1297 499 1354 quae
525 1280 689 1335 etiam
717 1286 849 1334 tetas
882 1275 1271 1344 absconderat,
1315 1274 1417 1331 sub
1454 1274 1733 1331 oculorum
1776 1289 1892 1332 me-

291 1377 522 1436 moriam
547 1373 892 1430 reducantur.

362 1468 482 1529 Vll.
521 1468 638 1527 Non
669 1478 754 1524 est
783 1466 988 1523 libidini
1017 1466 1150 1523 satis
1188 1467 1343 1522 malis
1371 1467 1483 1522 suis
1507 1467 1581 1522 uti
1615 1466 1893 1537 praesenti-

195 1559 199 1563 ’
282 1566 408 1632 bus,
439 1563 538 1620 nisi
569 1576 725 1619 suum
751 1560 820 1616 de
848 1560 1154 1630 spectaculo
1185 1562 1345 1614 faciat
1387 1560 1441 1614 in
1471 1574 1581 1630 quo
1609 1559 1769 1614 etiam
1801 1573 1893 1613 su-

285 1658 467 1728 perior
491 1662 623 1708 retas
643 1659 933 1709 erraverat.
961 1649 1006 1707 Ν
1027 1668 1077 1706 )ll
1100 1651 1225 1706 licet
1272 1649 1362 1715 ³³³,
1406 1652 1623 1721 inquam
1652 1688 1670 1718 ,
1704 1648 1895 1706 adesse

285 1746 615 1805 Christianis
645 1742 915 1806 fidelibus,
943 1758 1048 1797 non
1079 1743 1205 1799 licet
1231 1743 1472 1810 omnino,
1498 1757 1596 1797 nec
1626 1742 1734 1796 illis
1759 1755 1895 1809 quos

1987 536 2055 592 ab
2082 536 2218 592 istis.

2060 627 2151 683 IX.
2194 627 2361 684 Habet
2387 625 2722 691 Christianus
2743 629 3047 698 spectacqu
3079 628 3321 698 meliora,
3347 630 3391 684 si
3422 630 3579 693 velit;

1991 719 2150 775 habet
2171 734 2326 776 veras
2350 727 2405 775 et
2434 720 2739 791 profuturas
2763 720 3062 791 voluptates
3085 762 3100 787 ,
3132 721 3174 776 si
3220 736 3281 777 se
3319 736 3583 792 recogno-

1988 814 2146 866 verit.
2180 811 2269 879 Et,
2292 820 2352 866 ut
2382 811 2628 867 omittam
2672 811 2761 868 illa
2791 827 2910 884 quas
2959 812 3196 867 nondum
3237 814 3585 882 contemplari

1991 917 2244 977 possunt,
2285 905 2446 962 habet
2489 908 2644 962 istam
2672 908 2855 963 mundi
2901 907 3352 979 pulchritudinem
3377 949 3391 971 ,
3429 924 3585 976 quam

1993 1001 2167 1057 videat
2219 1013 2381 1073 atque
2433 1001 2679 1067 miretur,
2727 1002 2858 1057 solis
2898 1011 3079 1057 ortum
3112 1002 3375 1072 aspiciat,
3406 1017 3591 1056 rursus

1992 1108 2243 1150 occasum
2276 1096 2475 1150 mutuis
2512 1094 2718 1150 vicibus
2758 1094 2877 1150 dies
2907 1104 3199 1164 noctesque
3229 1102 3589 1159 revocantem,

1993 1187 2211 1258 globum
2245 1188 2386 1243 luna:
2419 1195 2721 1257 temporum
2752 1202 2942 1243 cursus
2968 1186 3318 1242 incrementis
3353 1187 3465 1241 suis
3504 1185 3597 1241 de-

1995 1280 2395 1350 crementisque
2423 1280 2750 1350 signantem,
2774 1288 3043 1335 astrorum
3066 1279 3380 1334 micantium
3402 1277 3597 1333 choros

1995 1381 2052 1429 et
2093 1373 2309 1429 assidue
2339 1372 2407 1428 de
2450 1387 2658 1428 summa
2705 1372 3003 1428 mobilitate
3042 1372 3329 1443 fulgentes.
3360 1374 3486 1427 anui
3517 1383 3598 1426 too

1998 1470 2105 1526 tius
2137 1484 2231 1539 per
2269 1468 2415 1523 vices
2452 1482 2658 1523 summa
2705 1468 2775 1524 de
2810 1481 3024 1522 summo
3051 1467 3297 1522 membra
3326 1467 3512 1531 divisa,
3546 1476 3603 1523 et

2000 1563 2120 1619 dies
2146 1563 2293 1633 ipsos
2322 1577 2444 1616 cum
2470 1561 2718 1621 noetibns
2746 1577 2841 1632 per
2865 1561 3119 1617 horarum
3150 1560 3319 1633 spatia
3342 1562 3599 1631 digestos,

2004 1662 2164 1710 terra:
2188 1653 2385 1709 molem
2422 1653 2667 1708 libratam
2696 1667 2818 1708 cum
2861 1652 3152 1719 montibus,
3186 1664 3240 1709 et
3271 1653 3471 1723 proflua
3504 1653 3603 1708 flu-

2004 1750 2147 1803 mina
2166 1763 2288 1804 cum
2310 1752 2424 1804 suis
2453 1747 2688 1804 fontibus
2708 1791 2723 1811 .
2750 1757 2972 1804 extensa
3000 1750 3163 1804 maria
3191 1751 3313 1804 cuin
3335 1751 3446 1805 suis
3473 1750 3603 1804 flue-

288 1840 360 1897 ad
390 1839 738 1897 delinimenla
783 1837 991 1892 aurium
1037 1835 1103 1891 ad
1131 1849 1322 1890 omnes
1361 1834 1558 1905 ubi-tne
1582 1832 1787 1889 Graecia
1817 1832 1898 1887 in-
1927 1856 1976 1916 Β
2005 1843 2148 1898 tibus
2191 1852 2352 1910 atque
2401 1842 2692 1909 littoribus,
2739 1842 2955 1898 interim
3010 1852 3344 1900 constantem
3402 1844 3604 1914 pariter

286 1942 527 1992 structos
571 1930 683 1988 suis
730 1930 884 1985 vanis
921 1928 1127 1984 artibus
1178 1928 1359 1983 mittit.
1410 1925 1704 1997 Clangorcs
1756 1926 1898 1982 tubae

289 2025 514 2082 bellicos
551 2025 690 2078 alter
729 2023 967 2078 imitatur
1008 2036 1221 2083 raucos,
1259 2021 1397 2075 alter
1444 2020 1695 2091 lugubres
1734 2033 1900 2074 sonos

291 2115 484 2190 spiritu
531 2115 715 2170 tibiam
747 2111 966 2170 inflante
996 2110 1519 2187 moderaturhalter,
1551 2126 1672 2166 cum
1718 2110 1902 2167 choris

294 2219 352 2269 et
377 2225 498 2267 cum
531 2208 765 2265 hominis
791 2222 986 2263 canora
1015 2221 1149 2262 voce
1177 2205 1510 2262 contendens
1537 2206 1727 2276 spiritu
1777 2219 1895 2274 suo,

298 2320 458 2375 quem
486 2304 554 2358 de
591 2302 888 2359 visceribus
916 2300 1026 2356 suis
1058 2301 1111 2355 in
1142 2300 1419 2371 superiora
1450 2300 1693 2370 corporis
1724 2303 1902 2355 nitens

302 2400 594 2461 hauserat,
659 2394 906 2448 tibiarum
976 2392 1327 2447 foraminibus
1376 2391 1710 2460 modulatur;
1760 2406 1903 2447 nunc

302 2488 503 2557 effuso,
547 2497 599 2543 et
644 2502 783 2543 nunc
823 2488 965 2541 intus
1003 2485 1220 2541 occluso
1267 2495 1429 2555 atque
1476 2486 1529 2538 in
1571 2499 1750 2539 aerem
1806 2498 1902 2553 pro

303 2584 472 2641 certis
509 2582 828 2638 foraminum
857 2580 1119 2645 meatibus
1151 2580 1385 2640 emisso.
1422 2592 1561 2632 nunc
1597 2578 1649 2632 in
1677 2577 1903 2633 articulo

306 2692 500 2735 sonum
529 2675 799 2746 frangens,
834 2673 976 2744 loqui
1004 2671 1183 2743 digitis
1213 2671 1476 2738 elaborat,
1510 2672 1748 2740 ingratus
1775 2671 1907 2725 arti—

307 2771 393 2827 fici
443 2768 533 2840 qui
576 2769 807 2837 linguam
844 2766 1010 2822 dedit.
1046 2765 1183 2834 Quid
1213 2766 1400 2836 loquar
1423 2764 1657 2821 comicas
1688 2775 1741 2819 et
1780 2763 1905 2819 inu-

309 2863 430 2919 tiles
458 2860 644 2917 curas?
669 2859 793 2931 quid
829 2859 946 2914 illas
976 2874 1196 2930 magnas
1226 2858 1441 2929 tragicae
1470 2857 1618 2913 vocis
1644 2856 1905 2912 insanias?

307 2956 435 3029 quid
465 2970 660 3011 nervos
684 2969 804 3010 cum
836 2952 1071 3008 clamore
1126 2950 1484 3008 commissos?
1533 2950 1658 3005 llaec
1697 2951 1906 3006 etiamsi

310 3066 419 3108 non
442 3059 624 3106 essent
649 3048 953 3105 simulacris
975 3047 1168 3112 dicata,
1193 3045 1439 3102 adeunda
1469 3053 1645 3100 tamen
1671 3055 1725 3100 et
1753 3059 1907 3115 Spec-

314 3142 471 3198 tanda
503 3157 610 3197 non
630 3149 810 3196 essent
831 3139 1150 3195 Christianis
1179 3138 1457 3204 fidelibus;
1494 3137 1773 3208 quoniam,
1802 3136 1905 3191 etsi

2003 1951 2210 1993 summa
2256 1938 2661 2007 conspiratione
2698 1936 3029 2007 nexibusque
3069 1936 3370 1993 concordiae
3410 1945 3602 1991 exten-

2001 2045 2120 2087 sum
2150 2046 2329 2088 aerem
2350 2030 2588 2087 medium
2621 2031 2884 2087 tenuitate
2907 2046 3004 2086 sua
3025 2043 3217 2087 cuncta
3243 2022 3601 2101 vegetautetn,

2003 2138 2148 2179 nunc
2174 2123 2375 2179 imbres
2404 2123 2697 2178 contractis
2725 2123 2957 2180 nubibus
2984 2122 3429 2193 profundentem,
3464 2138 3605 2176 nunc

2004 2214 2349 2271 serenitatem
2368 2213 2565 2271 refecta
2585 2216 2802 2270 raritate
2818 2223 3183 2280 revocantem,
3201 2224 3256 2270 ct
3278 2215 3330 2269 in
3357 2213 3607 2268 omnibus

2003 2310 2121 2365 istis
2153 2308 2356 2365 incolas
2386 2309 2663 2379 proprios,
2692 2307 2745 2363 in
2772 2322 2899 2364 aere
2924 2322 3050 2363 aves
3069 2349 3085 2375 ,
3113 2307 3166 2362 in
3198 2308 3351 2376 aquis
3391 2308 3561 2376 pisces
3588 2346 3603 2371 ,

2003 2403 2057 2459 in
2083 2413 2221 2458 terra
2247 2402 2537 2458 hominem.
2574 2400 2719 2466 Haec,
2746 2401 2983 2471 inquam,
3014 2409 3068 2457 et
3094 2399 3197 2454 alia
3235 2415 3396 2469 opera
3428 2397 3606 2452 divina

2003 2496 2113 2552 sint
2135 2495 2456 2553 Christianis
2502 2495 2746 2553 fidelibus
2776 2496 3102 2569 spectacula.
3160 2495 3313 2562 Quod
3342 2495 3605 2550 theatrum

2006 2587 2255 2645 humanis
2291 2590 2536 2646 manibus
2571 2599 2899 2645 exstructum
2953 2589 3069 2644 istis
3121 2589 3371 2658 Operibus
3415 2594 3613 2658 potert

2007 2682 2346 2751 comparari?
2399 2681 2602 2751 Magnis
2647 2681 2774 2737 licet
2812 2683 3047 2751 lapidum
3088 2682 3317 2736 molibus
3363 2692 3606 2735 exstrua-

2008 2783 2093 2830 tur
2115 2814 2129 2837 ,
2161 2776 2337 2831 crista:
2362 2777 2757 2831 suntmontium
2791 2777 3029 2843 altiores,
3060 2785 3115 2831 et
3148 2791 3280 2832 auro
3318 2778 3445 2832 licet
3475 2783 3611 2829 tecta

2008 2866 2275 2937 laquearia
2308 2866 2706 2937 reSpleudeaut,
2745 2880 3007 2922 astrorum
3054 2867 3259 2936 fulgore
3299 2868 3602 2920 vincentur.

2008 2958 2306 3029 Numquam
2334 2957 2564 3012 humana
2587 2974 2746 3028 opera
2773 2959 3054 3013 mirabitur
3078 2957 3317 3027 quisquis
3354 2970 3414 3011 se
3455 2970 3612 3010 recu-

2008 3051 2253 3124 gnoverit
2295 3052 2460 3106 filium
2490 3050 2603 3105 Dei.
2627 3051 2811 3120 Dejicit
2835 3066 2894 3106 se
2914 3052 2981 3106 de
3024 3052 3256 3106 culmine
3279 3049 3550 3120 generosit
3569 3068 3614 3098 l-

2011 3142 2080 3197 lis
2117 3157 2228 3196 sua:
2261 3143 2351 3214 qui
2377 3141 2626 3197 admirari
2667 3141 2863 3212 aliquid
2894 3151 3088 3212 praeter
3111 3141 3392 3196 Dominum
3416 3149 3611 3209 potest.

313 3251 420 3291 non
452 3234 713 3291 haberent
740 3234 945 3289 crimen
969 3275 983 3298 ,
1017 3231 1215 3287 habent
1243 3231 1294 3286 in
1323 3247 1382 3286 se
1411 3230 1699 3287 maximam
1725 3238 1780 3285 et
1811 3245 1907 3302 pa-
1934 3237 1981 3299 (ζ
2086 3235 2155 3289 X.
2195 3234 2507 3306 Scripturis,
2534 3237 2768 3305 inquam,
2789 3237 2954 3289 sacris
2978 3234 3248 3288 incumbat
3268 3232 3605 3289 Christianus

312 3346 433 3387 rum
462 3335 844 3399 congruentem
876 3324 1120 3380 fidelibus
1147 3325 1457 3379 vanitatem.

387 3421 525 3479 Vlll.
567 3420 699 3476 Nam
729 3420 814 3476 illa
847 3420 1015 3475 altera
1044 3418 1375 3487 reliquorum
1399 3416 1669 3473 dementia
1690 3424 1775 3471 est
1794 3430 1911 3469 ma-

317 3513 512 3571 nifesta
538 3512 727 3569 otiosis
753 3512 1066 3567 hominibus
1106 3509 1433 3581 negotiatio;
1485 3519 1540 3565 et
1578 3509 1749 3579 prima
1800 3509 1912 3562 \‘ic‘

321 3607 458 3664 toria
502 3615 586 3662 est
628 3614 685 3659 ut
714 3603 852 3659 ultra
885 3602 1103 3657 modum
1136 3601 1427 3657 humanum
1473 3612 1662 3656 venter
1708 3602 1916 3656 esurire

318 3700 562 3775 potuisse
602 3712 765 3768 super
808 3695 963 3751 titulo
1003 3704 1274 3751 coronatae
1311 3693 1593 3749 edacitatis
1641 3691 1918 3762 flagitiosa:

322 3797 579 3856 nundinae
606 3813 620 3859 ;
652 3793 845 3850 ictibus
883 3792 1162 3847 vulnerum
1183 3789 1360 3846 infelix
1401 3789 1563 3843 facies
1597 3787 1822 3851 locatur,
1864 3794 1927 3866 ut

325 3889 588 3947 infelicior
611 3895 801 3943 venter
826 3885 1120 3955 saginetur.
1151 3882 1322 3952 Quam
1357 3879 1497 3935 fmda
1526 3888 1788 3950 praeterea
1819 3878 1920 3933 ista

324 3982 648 4047 luctamina,
688 3981 770 4036 vir
797 3977 937 4034 infra
982 3978 1158 4031 virum
1190 3975 1377 4045 jacens
1403 3972 1743 4043 amplexibus
1766 3969 1924 4025 inho-

328 4086 496 4142 nestis
522 4092 577 4140 et
604 4081 838 4139 nexibus
869 4076 1171 4147 implicatur
1196 4075 1209 4127 !
1240 4072 1296 4127 In
1338 4071 1428 4127 tali
1455 4070 1747 4126 certamine
1775 4066 1926 4122 vide-

329 4179 402 4235 rit
424 4178 508 4232 vel
538 4177 741 4239 vincat,
771 4171 940 4243 pudor
971 4180 1147 4225 tamen
1178 4165 1355 4221 victus
1377 4172 1479 4218 est.
1504 4163 1644 4217 Ecce
1667 4160 1760 4215 tibi
1792 4160 1929 4214 alter

331 4269 511 4325 nudus
541 4267 663 4321 salit
690 4306 705 4331 ,
759 4265 897 4318 alter
925 4260 1111 4316 orbem
1141 4271 1340 4311 aereum
1366 4253 1635 4310 contentis
1666 4252 1718 4305 in
1747 4265 1931 4306 aerem

330 4361 538 4417 viribus
559 4358 739 4428 iactat.
771 4354 896 4410 Haec
923 4352 1090 4423 gloria
1121 4366 1227 4408 non
1257 4358 1360 4413 est,
1390 4347 1483 4404 sed
1512 4346 1806 4403 dementia.
1840 4345 1936 4400 De-

334 4453 498 4524 nique
546 4462 763 4506 remove
813 4453 1211 4516 spectatorem,
1271 4440 1569 4498 reddideris
1621 4439 1931 4493 vanitatem.

334 4543 609 4617 Fugienda
634 4553 762 4597 sunt
794 4542 895 4596 ista
927 4555 956 4594 a
980 4534 1298 4592 Christianis
1323 4533 1590 4599 ﬁdelibus.
1620 4540 1676 4586 ut
1696 4533 1807 4603 jam
1834 4530 1939 4585 fre-

2016 3328 2219 3394 fidelis;
2245 3339 2298 3384 et
2325 3329 2395 3384 ibi
2420 3328 2490 3361 ³⁵³
2534 3328 2767 3384 inveniet
2818 3328 3080 3398 condigna
3115 3328 3234 3382 tidei
3280 3325 3604 3397 spectacula.

2020 3420 2231 3476 Videbit
2248 3420 2610 3476 instituentem
2629 3421 2794 3476 Deum
2820 3421 3072 3475 mundum
3096 3434 3272 3487 suum,
3300 3430 3493 3474 etcum
3513 3434 3616 3473 cu!-

2019 3513 2150 3567 teris
2174 3513 2494 3567 animalibus
2513 3512 2749 3567 hominis
2780 3512 2923 3566 illam
2956 3511 3326 3566 admirabilem
3356 3509 3615 3565 fabricam

2020 3607 2404 3681 melioremque
2439 3604 2745 3660 facientem.
2779 3604 3058 3673 Spectabit
3092 3603 3347 3659 mundmn
3378 3603 3432 3657 in
3456 3601 3620 3658 delic-

2022 3701 2088 3755 tis
2119 3701 2252 3765 suis,
2275 3700 2415 3769 jnsta
2439 3697 2736 3769 naufragia,
2765 3699 2971 3767 piorum
3004 3697 3219 3765 praemia
3241 3737 3256 3760 ,
3300 3696 3620 3764 impiorum-

2024 3807 2129 3861 quc
2158 3791 2444 3860 supplicia,
2475 3790 2641 3843 maria
2674 3789 2870 3857 populo
2897 3788 3092 3841 siccata
3114 3829 3129 3851 ,
3152 3796 3208 3841 et
3229 3785 3297 3841 de
3322 3793 3472 3855 petra
3500 3800 3621 3838 rur-

2026 3896 2118 3938 sus
2155 3884 2350 3952 populo
2402 3879 2566 3934 maria
2600 3889 2868 3951 porrecta.
2920 3878 3193 3949 Spectabit
3245 3877 3315 3934 de
3354 3876 3495 3933 caelo
3534 3875 3627 3931 de-
3678 3882 3681 3885 '

2028 3974 2349 4031 scandentes
2376 3988 2601 4042 messes,
2632 3988 2738 4027 non
2763 3989 2827 4027 ex
2857 3983 3036 4029 aratro
3064 3973 3374 4041 impressas,
3405 3970 3624 4026 flumina

2029 4069 2285 4122 transitus
2311 4066 2485 4121 siccos
2510 4065 2812 4120 refrteuatis
2840 4079 3098 4135 aquarum
3126 4063 3436 4136 agminibus
3462 4062 3624 4118 exhi-

2031 4160 2229 4215 bentia.
2268 4157 2481 4214 Videbit
2510 4160 2561 4214 in
2591 4159 2911 4231 quibusdam
2942 4160 3099 4214 fidem
3128 4174 3249 4214 cum
3273 4157 3394 4229 igne
3419 4157 3629 4213 luctan-

2037 4261 2167 4320 tem,
2217 4253 2358 4307 fcras
2393 4252 2653 4324 religione
2684 4262 2964 4321 superatas
2991 4263 3045 4308 et
3084 4253 3135 4307 in
3166 4249 3627 4306 minsuetudinczu

2039 4359 2353 4401 conversas.
2399 4343 2696 4401 lntnebilur
2723 4356 2780 4403 et
2799 4346 3007 4400 animas
3032 4345 3100 4398 ab
3129 4344 3240 4412 ipsa
3268 4341 3428 4395 etiam
3459 4351 3633 4394 morte

2035 4447 2334 4494 revocatas.
2350 4436 2725 4493 Considerabit
2745 4439 2907 4492 etiam
2931 4436 2997 4490 de
3025 4434 3327 4503 sepulchris
3342 4431 3635 4487 admirabi-

2042 4533 2121 4587 les
2149 4532 2383 4601 ipsorum
2410 4539 2849 4601 consumptorum
2887 4529 2996 4598 jam
3030 4528 3096 4582 ad
3137 4528 3300 4581 vitam
3345 4539 3632 4594 corporum

337 4612 569 4713 quenter
595 4635 852 4701 diximus,
886 4643 994 4688 tam
1027 4646 1184 4696 vana,
1216 4637 1322 4683 tam
1354 4626 1677 4698 perniciosa,
1713 4634 1819 4679 tam
1848 4639 1935 4678 sa-
1965 4637 2016 4698 ι)
2045 4623 2313 4690 reductas,
2341 4624 2469 4678 etin
2500 4621 2586 4678 bis
2617 4621 2867 4677 omnibus
2898 4618 3070 4689 majus
3105 4612 3452 4689 jam‘videbit
3480 4631 3636 4686 spec-

338 4733 535 4802 crilega
577 4727 878 4799 spectacula
900 4767 914 4789 ,
953 4740 985 4780 a
1024 4722 1217 4794 quibus
1244 4728 1299 4776 et
1324 4718 1467 4774 oculi
1498 4718 1668 4773 nostri
1695 4726 1749 4773 et
1778 4731 1937 4772 aures

340 4832 523 4885 essent
559 4820 942 4879 custodiendae.
990 4819 1112 4874 Cito
1160 4817 1213 4871 in
1266 4814 1367 4869 hoc
1410 4813 1771 4869 assuescimus
1795 4809 1940 4882 quod

342 4921 608 4983 audimus,
641 4916 782 4989 quod
813 4914 1076 4970 videmus.
1101 4909 1394 4973 Nanncum
1424 4921 1578 4962 mens
1612 4904 1846 4960 hominis
1873 4902 1941 4959 ad

342 5013 470 5070 vitia
515 5012 627 5082 ipsa
670 5009 916 5071 ducatur,
949 5003 1076 5076 quid
1106 5002 1285 5066 faciet,
1332 4998 1378 5055 si
1418 4997 1663 5054 habuerit
1698 4995 1943 5067 exempla

328 5116 550 5175 _natur.e
570 5100 815 5172 corporis
838 5098 1041 5155 lubrica
1064 5110 1185 5167 qua:
1212 5101 1405 5164 spente
1436 5089 1680 5147 corruit?
1706 5088 1833 5161 quid
1868 5088 1949 5145 fa-

2042 4717 2297 4781 taculnm,
2320 4714 2589 4771 diabolum
2614 4715 2788 4777 illum,
2819 4712 2907 4782 qui
2943 4720 3111 4766 totum
3137 4707 3638 4779 detriumpbaverat

2042 4809 2300 4865 mttndum
2321 4851 2336 4876 ,
2369 4811 2469 4865 sub
2496 4809 2720 4879 pedibus
2749 4806 2953 4862 Christi
2990 4806 3283 4875 jacentem.
3327 4803 3499 4872 Quam
3537 4802 3642 4858 hoc

2046 4906 2304 4962 decorum
2356 4902 2756 4976 spectaculum,
2808 4899 3045 4964 fratres,
3097 4912 3257 4969 quam
3309 4894 3639 4968 jucundum,

2045 5014 2206 5070 quam
2233 4998 2631 5063 necessarium,
2674 4993 2871 5051 intueri
2915 5007 3130 5063 semper
3166 5005 3318 5062 spem
3350 5004 3501 5046 suam
3528 5030 3543 5054 ,
3584 4997 3641 5041 et

2051 5093 2239 5149 oculos
2276 5091 2487 5164 aperire
2524 5089 2593 5147 ad
2633 5088 2860 5146 salutem
2899 5086 3084 5142 suam!
3111 5083 3225 5141 Hoc
3253 5092 3338 5139 est
3364 5087 3645 5153 spectacu-

1493 5283 1496 5287 η
1589 5249 1831 5309 8ΤΕΡΗ.
1873 5250 2142 5310 BALUZII
2177 5250 2406 5309 ΝΟΤΕ.

426 5432 499 5467 ⁸⁸³
536 5429 860 5488 Adulterium
880 5426 1059 5484 oculis.
1102 5421 1236 5479 Vide
1265 5432 1426 5489 supra
1454 5432 1509 5489 ι).
1541 5413 1667 5489 579.

426 5482 1185 5577 Fris—nisumaithmembris.
1225 5482 1360 5549 Vide
1388 5482 1621 5577 sttprap:
1649 5482 1778 5540 380.

434 5557 739 5631 Muliebrem
768 5571 1051 5628 mollitiem.
1085 5566 1221 5643 Vi_de
1250 5576 1409 5643 suam
1438 5557 1644 5643 ὑπ’-ὅθεν
1702 5627 1714 5643 ,
1815 5625 1848 5643 _.

433 5627 1109 5711 ἱξξξῡεὶήιιηιρῆαυεταίτ
1131 5627 1488 5711 Tertullianus
1506 5629 1557 5683 in
1582 5627 1907 5698 Apologett'co
1935 5640 1955 5681 :

362 5720 500 5776 .lllos
535 5733 815 5787 numquam
847 5704 1029 5782 'magis
1076 5704 1525 5787 detriumphamus
1546 5716 1697 5787 quam
1714 5715 1837 5787 [cum
1864 5714 1956 5787 pro

512 5770 845 5863 obstinatione
870 5770 1638 5863 damnamur:Minujitts‘ffelii
1698 5770 1850 5863 gnos
1865 5786 1958 5863 pg-

372 5841 674 5935 puluuerarit
695 5855 1099 5925 detriumphatos
1123 5847 1287 5904 colere
1304 5842 1675 5914 cmperuntﬁic
1694 5842 1852 5897 etiam
1877 5841 1959 5897 di-

2063 5414 2262 5469 cebant
2290 5413 2599 5483 depompare
2617 5422 2723 5483 pro
2738 5404 3044 5462 contumelia
3071 5404 3287 5483 afﬁcere,
3320 5401 3394 5483 uti
3417 5399 3656 5483 pluribus

2061 5485 2325 5555 exemplis
2349 5472 2764 5556 ostendimusin
2784 5494 2927 5556 _nova
2959 5472 3142 5556 nostra
3179 5473 3495 5556 collectione
3514 5472 3660 5556 con:

2061 5543 2306 5612 ciliort'tm
2337 5571 2390 5626 p.
2439 5553 2563 5617 716,
2615 5552 2742 5608 72$.
2784 5550 2844 5606 In
2889 5548 3104 5615 antiqua
3151 5547 3399 5601 versione
3445 5543 3660 5598 concilii

2062 5630 2197 5666 caui
2261 5631 2473 5666 nmium:
2514 5624 2582 5666 19
2644 5625 2695 5666 in
2731 5621 2968 5666 Rnislnln
3016 5617 3187 5666 Samii
3229 5616 3332 5666 Cp.
3377 5612 3448 5666 ad
3481 5612 3657 5666 Hono-

2062 5630 2232 5696 sexti,
2260 5616 2475 5683 actione
2514 5616 2601 5683 12,
2644 5625 2695 5677 in
2731 5621 2968 5693 Epistula
3016 5617 3187 5688 Sergii
3229 5616 3332 5671 ΟΡ.
3377 5616 3448 5666 ad
3481 5616 3656 5666 Hono-

2060 5700 2195 5754 rium
2224 5697 2423 5769 Papam
2455 5697 2649 5769 legitur
2678 5713 2693 5751 :
2725 5693 2856 5769 Dum
2882 5690 3222 5763 redurgttt'sset
3254 5695 3404 5756 atque
3441 5682 3656 5753 deponi.

2062 5781 2228 5842 paml
2257 5766 2466 5832 pravam
2490 5766 2600 5835 eius
2627 5766 2954 5837 impietatem.
