4230 6282
333 299 445 370 789

1491 303 1696 360 LIBER
1739 303 1828 361 DE
1868 303 2103 363 LAUDE
2147 305 2504 364 MAR'I‘YRII.

3553 317 3660 376 790

339 417 564 478 facultas
592 427 641 488 ⁸,
670 427 788 489 qua:
819 417 983 490 ipsius
1010 420 1186 492 operis
1230 421 1472 477 oratione
1498 422 1701 476 munita
1749 421 1776 459 ἲ»
1806 437 1940 493 rage
1969 430 2020 490 Α
2047 423 2366 479 crudelitate
2409 425 2717 481 carnificum
2750 427 2869 496 plus
2895 439 2998 499 pro
3025 443 3132 499 quo
3162 429 3362 496 patitur
3406 429 3654 491 Christus

341 515 532 573 fundat
554 525 575 552 ε
601 512 742 584 quod
769 511 1042 568 adicendo
1069 515 1240 582 impar
1264 513 1459 585 ingenii
1485 515 1811 570 conscientia
1825 516 1945 571 sub-

341 609 613 668 movebat.
637 607 767 663 Curti
798 607 980 678 igitur,
1001 607 1193 664 fratres
1220 607 1545 673 citarissimi,
1579 616 1656 662 tot
1681 609 1945 678 tantisque

341 704 504 761 rebus
521 701 786 770 impliciti,
806 701 871 756 ad
891 701 1326 773 comprobandns
1339 699 1558 758 dsalutis
1579 701 1806 756 etimios
1829 700 1942 771 pul-

341 795 754 865 cherrimaeque
798 805 1091 864 proventus
1137 796 1283 849 omni
1306 795 1485 850 studio
1509 811 1570 850 ac
1596 795 1780 851 labore
1810 796 1947 850 uita-

341 908 484 958 mur,
518 904 625 944 non
647 897 840 944 vereor
864 904 932 944 ne
955 903 1062 960 quo
1089 888 1314 958 ignaviae
1341 898 1487 944 metu
1515 889 1734 944 territus
1753 889 1835 944 vel
1859 903 1948 946 re-

341 1000 506 1042 vocet
522 984 606 1039 vel
628 982 933 1053 extinguar,
959 996 1082 1038 cum
1111 982 1157 1036 si
1182 981 1304 1052 quis
1332 981 1398 1037 ad
1423 982 1475 1036 id
1502 983 1732 1038 voluerit
1751 983 1819 1038 de
1837 997 1946 1053 quo

342 1079 552 1149 agitnus
585 1076 799 1145 intueri,
830 1089 928 1146 spe
973 1073 1276 1130 devotionis
1321 1087 1584 1145 expensa,
1629 1083 1788 1144 atque
1833 1076 1943 1144 ipsa

343 1169 462 1241 ejus
491 1167 855 1239 magnitudine
883 1166 1195 1236 ponderats,
1251 1167 1423 1239 magis
1475 1167 1699 1222 miretur
1746 1168 1947 1223 audere

343 1261 585 1335 potuisse
611 1261 664 1315 in
691 1275 799 1329 quo
816 1259 886 1292 ³⁸⁵
918 1274 1003 1314 me
1027 1262 1258 1330 positum
1289 1269 1343 1312 et
1369 1258 1665 1330 amplitudo
1695 1261 1770 1315 rei
1816 1275 1942 1330 pre-

343 1366 518 1411 meret
543 1363 598 1410 et
621 1352 894 1408 confusam
921 1352 1116 1424 gaudio
1141 1359 1376 1408 mentem
1405 1353 1458 1406 in
1488 1352 1759 1424 angustias
1781 1354 1947 1410 animi

343 1448 454 1503 voti
498 1447 580 1502 sui
621 1446 802 1502 fervor
828 1457 1061 1517 urgeret.
1092 1444 1223 1500 Nam
1270 1446 1395 1516 quis
1433 1453 1515 1500 est
1533 1459 1692 1516 quem
1716 1459 1822 1500 non
1845 1447 1947 1501 ista

341 1557 432 1599 res
455 1541 695 1598 terreat?
717 1541 835 1613 quis
863 1545 1024 1611 quem
1064 1553 1170 1597 non
1221 1540 1590 1596 admirationis
1613 1551 1725 1597 sure
1753 1553 1949 1613 pavore

342 1633 659 1690 subvertet?

415 1731 480 1786 ll.
522 1726 616 1786 Est
654 1729 796 1786 enim
851 1723 1111 1800 profecto,
1162 1728 1264 1783 nisi
1310 1727 1483 1796 fallor,
1538 1729 1783 1784 etiamin
1829 1727 1948 1798 ipso

2049 516 2162 585 ipse
2193 517 2443 585 patiatur.
2474 515 2605 570 Nam
2641 517 2875 588 quando,
2918 521 2962 574 si
3019 521 3291 590 negaverit
3330 521 3614 578 Dominum
3638 567 3652 591 ,

2045 625 2146 682 pro
2183 625 2249 665 eo
2299 611 2503 665 crimen
2555 611 2746 666 subeat
2775 625 2872 681 pro
2898 627 3006 683 quo
3042 613 3240 669 vicisse
3282 613 3530 678 debebat,
3561 633 3655 672 ne-

2048 718 2196 760 cesse
2219 712 2302 758 est
2345 719 2467 758 eum
2498 703 2663 758 videri
2689 715 2881 760 cuncta
2918 706 3152 762 tolerare
3179 708 3263 762 cui
3293 708 3514 765 victoria
3557 710 3652 768 de-

2048 797 2204 854 betur
2225 807 2278 853 et
2297 811 2455 868 pinna
2485 795 2534 852 ιι.
3305 803 3317 816 ·

2120 888 2408 960 lV.lgitur,
2439 891 2688 958 quoniam
2715 905 2806 947 res
2835 899 3044 946 summa
3069 895 3383 966 martyrium
3411 901 3512 961 est,
3546 901 3650 954 tria

2045 993 2174 1039 sunt
2212 999 2332 1054 quas
2371 997 2440 1039 ex
2475 997 2540 1038 eo
2595 975 2749 1039 nobis
2798 988 3175 1055 proposuimus
3204 1003 3326 1042 esse
3380 989 3604 1045 dicenda
3639 1011 3649 1046 :

2046 1076 2172 1148 quid
2197 1077 2265 1130 sit
2295 1075 2338 1141 ί,
2367 1085 2625 1146 quantum
2653 1076 2742 1142 sit,
2772 1078 2856 1132 cui
2910 1079 2984 1131 rei
3021 1079 3212 1147 prosit.
3241 1080 3376 1148 Quid
3418 1091 3494 1135 est
3527 1097 3654 1151 ergo

2047 1169 2405 1240 martyrium?
2438 1171 2761 1225 Delictornm
2795 1172 2936 1235 finis,
2964 1173 3184 1241 periculi
3231 1175 3512 1240 terminus,
3546 1175 3654 1232 dux

2045 1264 2254 1328 salutis,
2289 1264 2559 1333 patienti-.2
2603 1264 2861 1334 magister
2889 1265 2934 1330 i,
2962 1265 3153 1319 domus
3183 1268 3322 1331 vitm,
3383 1285 3485 1336 quo
3528 1285 3656 1340 pro-

2050 1359 2194 1415 fecto
2224 1359 2384 1413 etiam
2409 1373 2470 1413 ea
2502 1358 2754 1414 occidunt
2781 1369 2897 1428 quae
2926 1359 2976 1412 in
3007 1359 3181 1414 futuro
3207 1360 3517 1418 discriminc
3564 1379 3659 1432 po-

2049 1452 2282 1506 tuissent
2309 1459 2571 1504 tormenta
2628 1450 2883 1514 reputari.
2911 1451 3014 1505 Per
3054 1443 3156 1506 lioc
3205 1462 3259 1508 et
3291 1453 3652 1510 testimonium

2051 1543 2254 1598 nomini
2283 1542 2542 1608 redditur,
2576 1550 2630 1596 et
2654 1542 2905 1613 majestas
2931 1544 3164 1598 nominis
3221 1545 3606 1617 redampliatnr
3641 1567 3653 1612 ;

2051 1644 2160 1690 non
2189 1634 2330 1703 quod
2364 1643 2459 1705 per
2485 1647 2545 1689 se
2584 1635 2697 1704 ipse
2723 1635 2889 1689 minui
2921 1637 3088 1702 possit
3114 1639 3195 1692 Vel
3243 1638 3311 1692 de
3339 1639 3545 1695 scelere
3571 1638 3661 1695 re;

2049 1725 2370 1782 tractantisk
2391 1726 2701 1797 magnitudo
2727 1725 2840 1796 eius
2859 1727 3095 1797 infringi,
3111 1729 3206 1785 sed
3227 1731 3366 1798 quod
3393 1731 3660 1789 redundet

341 1822 690 1880 conscientiae
711 1821 906 1876 robore
933 1820 1247 1875 admiranda
1272 1819 1540 1876 lbi-mido‘
1558 1833 1678 1890 quae
1695 1831 1792 1875 nos
1812 1831 1945 1876 exa-
1975 1821 2022 1890 Β
2050 1819 2118 1875 ad
2163 1820 2352 1891 gloria:
2403 1820 2699 1885 cumulum,
2754 1819 2881 1874 dum
2929 1821 3426 1893 circumstrepentis
3480 1825 3659 1896 pupilli

339 1916 474 1988 gitet
514 1917 713 1986 pariter
729 1921 786 1969 et
808 1914 1134 1978 inflammet;
1163 1913 1317 1984 cujus
1343 1923 1543 1984 quanto
1572 1914 1802 1983 penititts
1853 1913 1940 1968 in-
1971 1945 1974 1947 λ

337 2007 583 2077 spexeris
614 2011 953 2076 potestatem,
983 2013 1134 2060 tento
1158 2017 1228 2059 ex
1251 2005 1368 2074 ipso
1389 2004 1706 2060 veneranda:
1723 2004 1942 2060 clarita-

341 2105 408 2160 tis
429 2111 649 2172 aspectu
677 2101 950 2174 religionis
975 2107 1085 2156 sua:
1112 2100 1400 2170 premittat
1425 2099 1702 2154 horrorem
1729 2097 1774 2155 ί.
1803 2098 1945 2155 Con-

341 2197 582 2253 siderare
608 2196 749 2251 enim
781 2195 964 2265 utique
1005 2192 1216 2249 debetis
1256 2199 1469 2264 quantm
1489 2192 1562 2247 sit
1588 2191 1773 2262 gloria;
1821 2193 1943 2248 vita:

343 2292 635 2364 quamlibet
656 2289 918 2346 maculam
941 2293 996 2344 et
1018 2287 1206 2344 sordes
1229 2285 1418 2356 polluti
1440 2287 1682 2357 corporis
1703 2297 1757 2342 et
1789 2286 1942 2358 longa

344 2387 594 2441 vitiorum
643 2383 765 2440 labe
811 2386 1064 2439 concreto
1099 2381 1346 2451 contagia
1391 2381 1643 2450 tantoque
1689 2379 1945 2449 temporis

346 2485 523 2535 tractu
567 2477 752 2532 mundi
779 2476 984 2532 crimen
1030 2482 1315 2544 exceptum
1351 2473 1664 2527 uniusictus
1692 2472 1944 2527 remediis

354 2571 593 2640 expiare,
615 2577 723 2638 (tuo
747 2575 801 2622 et
830 2568 1010 2637 augeri
1039 2575 1246 2621 merces
1277 2574 1334 2620 et
1358 2567 1562 2620 crimen
1617 2565 1805 2634 possit
1849 2578 1942 2619 ex-

345 2663 512 2720 cludi.
536 2662 690 2720 Unde
711 2663 886 2718 omnis
907 2660 1301 2716 consummatio
1324 2663 1376 2714 et
1397 2665 1569 2714 status
1587 2658 1708 2713 vitm
1732 2659 1783 2712 in
1811 2673 1945 2713 mar-

347 2757 487 2828 tyrio
513 2765 595 2812 est
616 2754 927 2810 collocatus.
959 2753 1076 2809 Hoc
1101 2751 1505 2807 fundamentum
1536 2749 1661 2805 vita!
1687 2758 1744 2805 et
1773 2749 1894 2805 fidei
1924 2794 1939 2818 ,

346 2849 450 2905 hoc
469 2848 774 2920 prtesidintn
802 2847 1011 2914 salutis,
1059 2845 1160 2900 hoc
1185 2844 1454 2898 vinculum
1487 2843 1746 2898 liber-uitis
1769 2851 1824 2898 et
1850 2842 1944 2896 lto-

349 2944 530 3011 noris';
557 2952 612 2999 et
657 2941 903 3014 quamvis
927 2942 1038 2996 sint
1083 2949 1140 2994 et
1167 2940 1270 2994 alia
1316 2954 1412 3010 per
1437 2949 1555 3008 quae
1602 2937 1822 3003 adipisci
1855 2937 1942 2992 lux

351 3031 540 3106 possit,
571 3043 747 3088 tamen
782 3035 850 3089 ad
899 3033 1296 3104 proximitatem
1346 3032 1586 3086 muneris
1634 3029 1944 3101 repromissi

353 3127 528 3199 poenis
558 3121 1012 3196 patntcinantlbus
1041 3124 1236 3179 melius
1257 3123 1584 3193 pervenitur.

2051 1923 2225 1970 terror
2240 1913 2537 1983 impavidos
2558 1913 2766 1968 animos
2791 1913 2884 1968 dat
2909 1914 3103 1980 dolori,
3132 1925 3186 1970 et
3217 1917 3376 1972 minis
3397 1917 3656 1975 frenden-

2026 1992 2117 2063 ths
2149 2006 2362 2062 invidia:
2408 1999 2559 2062 addit
2582 2005 2648 2060 ad
2681 2005 2888 2061 titulum
2917 2009 3058 2078 quod
3100 2015 3304 2064 tantum
3355 2010 3457 2066 sibi
3503 2027 3659 2068 mens

2047 2109 2254 2155 crescat
2303 2100 2355 2155 in
2401 2113 2576 2172 pugna
2604 2109 2863 2170 quantum
2909 2115 2968 2156 se
3009 2101 3100 2157 ille
3143 2106 3410 2172 putaverit
3441 2109 3657 2163 vincere

2045 2208 2145 2266 per
2171 2207 2330 2266 quem
2354 2193 2599 2249 Christus
2622 2193 2892 2249 hominem
2924 2195 3155 2249 voluerit
3187 2205 3466 2252 coronare.
3499 2198 3655 2254 ’l‘nnc

2045 2300 2177 2359 ergo
2201 2301 2365 2342 omne
2395 2286 2517 2342 fidei
2539 2286 2704 2341 robur
2727 2286 3029 2356 espeditur,
3053 2295 3180 2342 tunc
3199 2287 3489 2343 credulitas
3515 2299 3656 2344 eom~

2047 2380 2327 2449 probatur,
2356 2393 2480 2434 cum
2535 2378 2588 2432 in
2643 2390 2924 2434 sermones
2962 2379 3104 2449 vulgi
3160 2386 3324 2448 atque
3353 2381 3404 2434 in
3457 2389 3654 2452 oppro-

2048 2472 2222 2528 brium
2254 2473 2485 2538 veneris,
2509 2487 2739 2543 cumque
2769 2483 2821 2527 te
2849 2479 3035 2526 contra
3067 2472 3189 2527 illas
3216 2474 3475 2543 populare
3507 2476 3653 2528 insa-

2047 2566 2164 2619 nias
2191 2562 2442 2634 religiosa
2495 2573 2674 2620 mente
2703 2563 3024 2626 firmaverls,
3056 2565 3396 2622 convincens
3446 2567 3653 2622 scilicet

2045 2672 2110 2714 ac
2161 2669 2467 2728 repugnans
2492 2658 2744 2729 quicquid
2773 2659 2871 2713 sub
2899 2668 3131 2729 persona
3162 2667 3252 2714 tua
3297 2660 3351 2715 in
3405 2661 3651 2732 iniuriam

2047 2749 2246 2804 Christi
2290 2751 2541 2820 profanus
2594 2765 2774 2805 sermo
2798 2751 3114 2820 jactaverit;
3149 2761 3208 2806 ut
3257 2767 3380 2808 cum
3426 2754 3655 2810 adverso

2049 2845 2185 2900 mari
2212 2844 2382 2899 moles
2426 2844 2670 2914 opposita
2721 2844 3037 2908 reluctatur,
3067 2843 3258 2898 teriam
3287 2845 3413 2899 licet
3439 2843 3654 2908 ﬂuctus,

2047 2946 2100 2991 et
2126 2935 2426 2991 revolutum
2471 2949 2660 3005 aequor
2689 2933 2983 2989 identidem
3037 2934 3232 3002 pulset,
3280 2945 3457 2989 tamen
3487 2937 3658 2992 lueret

2051 3029 2338 3084 immobilis
2367 3029 2559 3092 virtus,
2603 3041 2703 3083 nec
2729 3028 2885 3083 undis
2912 3027 3493 3097 oircumspumantibus
3519 3024 3654 3083 ado-

2049 3132 2201 3193 perta
2225 3123 2544 3186 succumbit,
2593 3121 2772 3178 donec
2813 3133 2910 3192 per
2951 3121 3204 3190 scopulos
3232 3121 3314 3176 vis
3364 3121 3566 3192 digesta
3598 3133 3656 3179 ec

425 3220 512 3276 lli.
553 3220 776 3290 Quantae
800 3220 943 3276 enim
968 3221 1038 3274 sit
1063 3219 1248 3290 glorite
1295 3218 1607 3287 pouderate,
1639 3216 1795 3287 hujus
1823 3217 1946 3271 vitae
1972 3230 2017 3295 ρ
2051 3217 2366 3286 supprimat,
2394 3225 2448 3270 et
2473 3215 2821 3284 superjacens
2849 3213 2994 3269 saxis
3019 3214 3075 3268 lu
3103 3224 3289 3284 aperta
3311 3215 3508 3270 littoris
3531 3231 3656 3286 spa-

351 3311 733 3383 cupiditetibus
753 3311 1002 3382 relegatis
1031 3320 1080 3378 ε,
1103 3319 1263 3380 atque
1279 3309 1347 3366 ab
1365 3311 1508 3364 omni
1535 3309 1771 3364 animum
1794 3316 1949 3363 natu-

355 3420 432 3462 ra:
483 3406 771 3474 mundique
813 3405 1139 3459 commercio
1165 3410 1518 3474 segregatum,
1545 3411 1729 3457 contra
1759 3403 1950 3457 adver—

357 3499 524 3553 santis
559 3493 849 3551 discrimen
899 3505 1191 3565 opponere,
1226 3503 1326 3549 nec
1367 3495 1628 3549 Stevitiam
1655 3494 1952 3564 turquentis

360 3593 602 3656 horrere,
623 3591 848 3646 animari
872 3587 1143 3644 hominem
1163 3589 1352 3644 dolore
1372 3599 1478 3657 quo
1499 3589 1748 3644 credatur
1777 3588 1952 3643 estin-

2053 3308 2125 3362 tia
2156 3307 2354 3361 victum
2377 3321 2562 3376 aequor
2585 3305 2794 3360 evadat.

2128 3400 2194 3456 γ.
2235 3401 2372 3469 Quid
2394 3401 2538 3456 enim
2559 3409 2643 3456 est
2673 3400 2724 3454 in
2757 3399 2864 3455 illis
2888 3399 3032 3455 aliud
3057 3414 3216 3472 quam
3249 3415 3432 3456 sermo
3462 3417 3659 3456 vacuus

2055 3506 2111 3552 et
2141 3497 2299 3550 inane
2323 3494 2650 3565 colloquium
2677 3502 2732 3549 et
2780 3493 3018 3548 inanium
3060 3493 3305 3564 voluptas
3330 3509 3495 3563 prava
3540 3505 3662 3548 vcr-

2059 3587 2270 3653 bon-tm,
2299 3588 2438 3642 sicut
2477 3586 2739 3656 scriptum
2765 3595 2849 3641 est
2875 3603 2890 3641 :
2921 3585 3116 3640 Oculos
3162 3585 3346 3639 habent
3387 3597 3434 3640 et
3471 3601 3573 3640 non
3589 3588 3664 3640 vi-

358 3686 468 3758 gui,
502 3695 552 3740 ct
573 3684 626 3739 id
655 3684 754 3740 sibi
785 3685 838 3758 in
867 3692 1210 3754 augmentum
1256 3682 1464 3736 virtutis
1507 3695 1783 3736 assumere
1811 3679 1952 3750 quod
2055 3678 2198 3747 dent,
2244 3695 2395 3733 aures
2424 3678 2607 3732 habent
2650 3687 2698 3732 et
2744 3694 2846 3731 non
2892 3677 3107 3731 audiunt
3133 3675 3309 3747 (Paul.
3338 3691 3491 3738 cxnn,
3547 3677 3661 3745 15).

359 3776 616 3834 cruciatui
661 3779 811 3845 potiit
841 3773 1098 3845 prodesse
1113 3773 1205 3843 qui
1229 3772 1397 3842 punit.
1422 3770 1554 3826 Nam
1603 3772 1956 3842 prmduranti-
2059 3770 2339 3826 Graoatnm
2359 3781 2431 3824 est
2457 3786 2546 3824 cor
2563 3770 2808 3836 insipiens
2825 3785 3022 3830 eorum.
3068 3768 3338 3838 nequando
3357 3776 3659 3820 convertan-

363 3869 461 3925 bus
479 3870 602 3925 licet
619 3869 786 3924 costis
816 3865 1085 3923 resultans
1111 3866 1306 3936 ungula
1338 3876 1579 3920 recurrat
1624 3866 1676 3918 in
1725 3866 1917 3919 vulnus
1939 3905 1955 3929 ,
2059 3872 2142 3916 tur
2161 3872 2209 3916 et
2229 3878 2403 3916 sanam
2423 3860 2540 3916 illos
2571 3858 2588 3898 1
2622 3859 2757 3931 (lea.
2783 3875 2854 3923 Vl,
2878 3857 2991 3931 10).
3027 3859 3142 3914 Non
3168 3859 3312 3914 enim
3337 3858 3556 3913 dubium
3579 3869 3664 3914 est

362 3971 418 4017 et
441 3962 690 4018 euntibus
715 3961 898 4032 ﬂagris
937 3967 1058 4015 cum
1087 3960 1269 4014 avulsa
1297 3959 1542 4028 corporis
1567 3966 1718 4026 parte
1747 3958 1959 4013 rediens
2061 3958 2188 4030 quin
2219 3959 2319 4014 hoc
2342 3957 2412 4012 de
2441 3956 2690 4012 ontnibus
2733 3953 2804 3988 ⁸³⁸
2844 3955 3041 4012 dixerit
3082 3969 3308 4026 quorum
3341 3954 3471 4009 dura
3513 3969 3665 4010 mrns

365 4070 529 4110 avena
552 4053 794 4116 ducatur,
828 4061 935 4108 stat
957 4051 1248 4107 immobilis
1286 4061 1460 4106 tamen
1493 4051 1663 4119 ptenis
1707 4052 1823 4106 suis
1852 4050 1961 4105 for-
2062 4067 2285 4122 semper
2304 4062 2358 4107 et
2381 4051 2645 4106 obstinata
2671 4050 2902 4120 pectoris
2927 4048 3113 4106 feritas
3132 4064 3165 4104 a
3203 4049 3492 4106 devotione
3514 4048 3662 4103 vituli

365 4149 488 4215 tior,
531 4148 636 4204 ltoc
656 4148 832 4204 solum
873 4153 1055 4204 sebum
1083 4146 1198 4217 ipse
1225 4145 1574 4212 convolvens,
1607 4142 1748 4216 quod
1779 4145 1829 4197 in
1873 4143 1962 4197 illa
2069 4142 2248 4215 fugata
2275 4143 2543 4210 dissentit,
2569 4143 2798 4200 ducente
2821 4144 3112 4210 dementia,
3161 4142 3343 4199 furore
3385 4144 3626 4214 rapiente
3652 4183 3666 4209 ,

1610 4279 1993 4340 LECTIONES
2032 4279 2442 4339 VARIANTES.

437 4398 468 4495 ε
500 4393 930 4508 seems:
1102 4397 1254 4512 agr
1412 4398 1470 4510 ξ·

440 4526 462 4553 ο
502 4520 663 4584 Larga
687 4523 847 4572 Oxon.
869 4522 1008 4584 ἵκεις
1031 4524 1198 4574 fundat
1225 4526 1355 4573 Lam.
1383 4522 1487 4573 Litt.
1513 4522 1660 4574 Ebur.
1685 4523 1730 4572 Ν
1740 4522 1792 4571 C.
1817 4522 1861 4572 l.

441 4585 467 4624 tl
502 4581 897 4634 Corroborandos
922 4581 1056 4635 Eam.
1077 4586 1223 4636 Ebor.
1249 4588 1358 4637 ΝΟ.
1387 4587 1430 4634 1.

445 4653 467 4679 θ
507 4646 764 4699 Fortitudo
793 4648 926 4697 Lam.

448 4709 464 4747 ἱ
506 4715 756 4762 Honorem
783 4711 911 4758 Lam.
940 4710 1087 4759 Ebor.
1113 4710 1222 4759 ΝΟ.
1249 4709 1296 4759 1.
1324 4708 1430 4760 Litt.

451 4776 475 4813 ε
509 4774 762 4826 Relevatis
786 4774 917 4822 Lam.
945 4766 1088 4822 Ebur.
1113 4774 1158 4823 Ν
1166 4774 1221 4821 C.
1248 4768 1294 4821 l.

2145 4395 2174 4463 ξι
2210 4398 2297 4463 εἰσ
2319 4400 2475 4463 Oxon.
2505 4400 2640 4463 Lam.
2661 4397 2808 4463 Ebor.
2833 4399 3085 4463 NC.}._et
3112 4399 3242 4463 Imp.

2151 4458 2170 4529 ξ
2209 4460 2420 4529 Quidsu
2443 4461 2534 4529 hoc
2560 4461 2694 4529 Lam:
2713 4453 2997 4529 ~EborLItiC.
3022 4461 3066 4529 l_.

2154 4521 2168 4572 i
2211 4521 2298 4573 Sic
2314 4524 2451 4590 Lam:
2475 4521 2615 4575 Ebur.
2646 4525 2755 4576 ΝΟ.
2780 4525 2826 4572 1.
2847 4524 3006 4575 0m.
3034 4522 3139 4573 Iter
3161 4525 3429 4588 patientiae,
3451 4527 3690 4590 magister

2009 4606 2062 4667 Ι)
2087 4585 2394 4667 όορ-ιιιέιιτίιῖειέ
2421 4587 2548 4667 Ιηιζζἒ

2153 4647 2182 4714 ξι
2219 4647 2303 4714 ξξε
2330 4647 2466 4714 Lam.
2493 4648 2639 4714 liber.
2661 4648 2770 4714 NQ.
2798 4649 2844 4714 l.
2870 4647 3140 4714 'l‘ractantis
3163 4649 3293 4714 Imp.

2154 4708 2173 4746 1
2214 4711 2297 4760 Sic
2324 4713 2461 4761 Lam.
2492 4713 2637 4763 Ebor.
2661 4712 2770 4761 ΝΟ.
2797 4711 2844 4762 1.
2867 4709 3063 4762 Saltem
3096 4708 3251 4763 Oxon:

1616 4878 1860 4941 STEPH.
1906 4880 2179 4940 BALUZII
2211 4882 2441 4942 NOTE.

456 5024 520 5078 In
548 5022 828 5093 eloquendo
861 5021 1102 5093 facultas.
1149 5018 1226 5074 lla
1264 5017 1428 5093 editio
1454 5016 1692 5093 Mattulil.
1726 5016 1856 5072 Nam
1887 5033 1987 5093 an-
2091 5020 2250 5093 latis,
2281 5021 2369 5075 alii
2396 5021 2643 5077 revelatis.

389 5106 468 5151 tra
521 5089 798 5165 legebatur
848 5089 1014 5163 ﬁdes,
1050 5107 1207 5160 quam
1261 5090 1541 5146 lectiontm
1591 5089 1785 5143 habent
1830 5092 1988 5145 etiam

391 5167 603 5239 quidam
630 5166 749 5220 liln‘i
777 5175 1005 5239 veteres.

456 5237 701 5292 Oratione
722 5238 937 5290 munita.
959 5236 1029 5288 ita
1064 5243 1270 5289 veteres
1292 5232 1554 5288 editiones
1577 5241 1629 5285 et
1654 5232 1832 5301 plures
1864 5231 1983 5287 libri

381 5320 609 5366 veteres.
638 5307 922 5363 ereusis
971 5306 1131 5361 habet
1174 5307 1454 5360 orationem
1502 5305 1698 5357 muniat
1744 5319 1806 5356 ac
1839 5318 1982 5373 uage.

453 5381 516 5436 11.
542 5381 686 5422 -θθθ
710 5379 981 5434 Formido.
1006 5377 1122 5433 Non
1161 5391 1278 5448 qtm-
1308 5386 1528 5441 terreat,
1557 5375 1649 5430 sed
1677 5390 1799 5444 qua:
1826 5376 1986 5443 proli-

378 5453 597 5509 ciscitur
622 5467 686 5507 ex
714 5452 1012 5506 reverentia
1040 5465 1139 5519 qun
1171 5451 1543 5519 prosrquinmr
1583 5459 1689 5519 eos
1717 5460 1852 5514 quos
1879 5460 1979 5519 νει-

381 5538 563 5580 remur
594 5533 648 5579 et
674 5523 1021 5587 honorati-us,
1051 5515 1110 5575 ut
1135 5515 1249 5574 dixi
1281 5515 1569 5574 sd'librum
1599 5534 1617 5573 ι
1647 5515 1988 5571 Testimonio-

386 5613 502 5666 runt
537 5613 656 5666 cup.
681 5595 781 5666 Ἡ.
805 5610 856 5662 p.
887 5593 986 5666 ‘28l
1017 5633 1028 5651 .
1063 5593 1115 5646 itt
1147 5599 1276 5666 votae
1307 5590 1643 5666 formidolosi.

474 5659 617 5720 l't'tte'
653 5677 701 5720 et
748 5659 888 5735 ﬁdei.
941 5663 1168 5732 Quidam
1219 5663 1338 5718 libri
1380 5673 1591 5717 veteres
1639 5676 1744 5716 non
1793 5659 1994 5716 habent

387 5740 528 5802 eius,
559 5751 666 5793 etc.

458 5807 548 5869 ΙΙΙ.
571 5839 641 5852 —
667 5809 941 5883 Relegatis.
967 5806 1193 5881 Quidam
1214 5807 1335 5865 libri
1365 5814 1574 5863 veteres
1601 5807 1798 5866 habent
1814 5803 1987 5860 debet-

2169 5090 2260 5166 ιγ.
2297 5122 2367 5131 -
2408 5093 2817 5161 Iicdampliatur.
2862 5087 2917 5149 Id
2947 5099 3022 5150 est
3057 5103 3297 5166 augetur.

2163 5165 2629 5236 Circumstreprntis
2660 5167 2856 5237 populi.
2899 5167 3032 5222 Vide
3056 5165 3213 5237 supra
3242 5183 3296 5237 p.
3326 5169 3448 5224 455.

2174 5237 2463 5291 Inmtobilt's
2489 5239 2666 5290 virtus.
2714 5239 2823 5292 Vox
2867 5241 3056 5300 virtus,
3086 5254 3205 5308 qua:
3235 5255 3338 5308 non
3381 5252 3463 5296 est
3508 5257 3695 5297 remees.

2094 5311 2233 5364 saria
2261 5351 2274 5372 ,
2309 5311 2463 5382 deest
2493 5311 2542 5362 in
2584 5308 2897 5378 quibusdam
2940 5307 3424 5382 liln'isivelcribus.
3473 5313 3539 5368 Et
3572 5329 3700 5382 pto-

2086 5397 2222 5507 lnum
2265 5391 2348 5437 est
2385 5381 2692 5436 existimare
2733 5395 2917 5434 vocem
2948 5380 3216 5434 inmobilis
3245 5382 3436 5439 referri
3465 5385 3528 5439 ad
3571 5380 3688 5439 m0-

2106 5468 2211 5507 cm.

2102 5473 2376 5609 fluvidum
2425 5540 2617 5595 wquor.
2659 5520 2884 5590 Quidam
2934 5522 3054 5579 libri
3099 5525 3288 5593 ictum,
3351 5541 3489 5583 unus
3539 5537 3690 5583 mens

2094 5613 2284 5652 meum.

2152 5613 2284 5652 sum.

2117 5613 2344 5792 py.‘—
2381 5667 2648 5723 Inanittm.
2701 5666 2966 5738 Quinque
3030 5665 3150 5723 libri
3202 5677 3412 5726 veteres
3475 5667 3682 5725 alium!

2117 5755 2268 5792 unm.

2093 5755 2268 5794 αηιηιι.
