4230 6282
562 312 663 373 791

1962 314 2099 371 DIVI
2135 312 2456 371 CYPRIANI

3771 307 3873 377 799

563 430 718 485 omni
753 429 985 500 denique
1012 429 1131 485 illos
1160 426 1492 483 immanitate
1511 438 1757 493 vexantc,
1783 443 1888 499 qna
1909 428 2169 500 instigan—
2195 434 2247 492 Α
2273 429 2740 484 circumstantium
2784 427 2996 500 gladios
3035 428 3301 486 libertatis
3346 444 3458 486 sua:
3487 429 3772 488 Dominum
3810 449 3875 493 ac

567 535 659 582 tur
683 525 884 597 pariter
929 537 995 578 ac
1034 522 1303 589 feruntur;
1341 532 1539 577 utcum
1566 521 1672 576 illis
1717 521 1784 578 ad
1818 536 2028 590 pinnam
2067 535 2165 577 sua

566 621 710 678 facta
736 617 1066 683 sufﬁcerent,
1098 632 1312 689 poenam
1342 617 1509 688 ipsam
1541 616 1929 686 persecutionis
1955 616 2165 686 agitatis

560 713 772 769 crimen
799 718 1066 766 oneraret.

638 802 730 857 Vl.
763 801 957 857 Totum
982 802 1083 857 hoc
1110 801 1162 856 in
1196 800 1408 857 laudem
1442 800 1683 873 martyrii
1712 807 1941 871 spectat,
1994 808 2165 855 totum

574 894 803 967 gloriam
828 892 1093 964 passionis
1122 893 1421 961 illuminat;
1446 894 1498 948 in
1529 908 1633 965 qua
1660 907 1784 964 spes
1826 891 1989 948 futuri
2031 901 2168 949 tem-

572 988 722 1060 poris
745 986 1007 1052 cernitur,
1041 986 1094 1041 in
1125 1000 1231 1057 qua
1255 986 1502 1042 Christus
1526 984 1644 1054 ipse
1692 994 1966 1055 operatur,
2013 983 2168 1053 cujus

566 1092 799 1151 aguntur
848 1078 1095 1148 exempla
1135 1094 1254 1149 quae
1303 1078 1556 1149 petimus,
1585 1077 1846 1147 cujus‘et
1874 1078 2044 1132 virtus
2087 1085 2171 1132 est

567 1186 673 1242 qua
693 1185 1076 1242 repugnamus.
1103 1171 1170 1226 Et
1190 1170 1311 1242 quia
1331 1172 1385 1225 in
1412 1169 1513 1225 hoc
1546 1169 1666 1226 loco
1691 1170 1890 1240 aliquid
1919 1168 2167 1239 proferre

574 1263 836 1334 suppetit,
862 1277 1073 1318 summa
1111 1261 1368 1317 nimirum
1406 1270 1491 1317 est
1527 1261 1626 1316 ista
1654 1271 1815 1331 atque
1858 1260 2169 1316 adtniranda

574 1357 835 1429 dignatio,
860 1364 913 1412 ct
942 1371 1101 1427 quam
1144 1370 1242 1412 nec
1287 1364 1468 1410 mente
1507 1354 1794 1426 concipere
1842 1369 1944 1410 nec
1998 1354 2172 1409 verbis

570 1452 849 1508 valeamus
869 1449 1112 1521 implere.
1141 1448 1279 1519 Quid
1300 1450 1443 1504 enim
1465 1448 1621 1504 nobis
1649 1447 1879 1519 amplius
1913 1449 2174 1517 potuisset

575 1547 722 1617 larga
748 1545 950 1616 pietate
980 1543 1162 1613 largiri
1192 1558 1352 1614 quam
1386 1553 1442 1597 ut
1470 1542 1522 1597 in
1548 1557 1609 1598 se
1642 1541 1844 1612 primus
1865 1540 2175 1597 ostenderet

571 1638 717 1710 quod
745 1638 799 1694 in
824 1637 946 1692 aliis
991 1636 1313 1693 coronaret?
1353 1635 1593 1709 Mortalis
1650 1633 1822 1690 factus
1850 1643 1933 1690 est
1970 1645 2029 1691 ut
2069 1635 2172 1691 im-

571 1731 829 1788 mortales
852 1745 974 1786 esse
1003 1744 1305 1800 possemus,
1347 1738 1402 1785 et
1426 1729 1674 1784 humanae
1719 1730 1880 1785 sortis
1919 1730 2122 1785 exitum
2145 1738 2172 1767 ει

2266 521 2455 577 salutis
2483 531 2756 578 auctorem
2784 523 3025 593 repetita
3067 522 3266 593 saepius
3312 538 3446 580 voce
3495 525 3780 596 proﬁteri?
3818 538 3874 585 et

2270 615 2506 669 maxime
2528 614 2572 668 si
2600 624 2728 670 ante
2752 614 2941 670 oculos
2965 624 3086 671 tuos
3123 629 3294 686 ponas
3341 614 3474 672 nihil
3504 616 3874 678 detestabilius

2268 721 2391 763 esse
2412 706 2706 775 dedecore,
2739 708 2874 763 nihil
2903 706 3103 764 foedius
3122 708 3404 778 servitute,
3453 709 3587 767 nihil
3630 712 3775 768 aliud
3822 724 3874 771 te

2268 802 2594 874 deberejam
2640 812 2844 873 petere,
2899 801 3046 859 aliud
3087 813 3277 874 optare
3320 817 3480 876 quam
3536 807 3872 877 eripiendum

2268 908 2391 950 esse
2432 893 2681 950 cladibus
2736 894 2943 960 saeculi,
3000 895 3307 952 exuendum
3360 897 3517 953 malis
3563 899 3770 965 mundi,
3819 910 3874 957 et

2270 985 2411 1041 inter
2440 986 2623 1042 ruinas
2647 986 2795 1043 orbis
2817 986 2931 1057 jam
2953 986 3174 1058 jamque
3197 988 3422 1058 perituri
3451 991 3684 1046 alienum
3705 1008 3734 1047 a
3767 1001 3872 1048 ter-

2272 1094 2402 1135 rena
2450 1080 2772 1151 contagione
2802 1080 3042 1135 versari?
3092 1080 3232 1148 Quid
3276 1082 3420 1138 enim
3461 1083 3557 1138 tibi
3594 1098 3717 1140 cum
3770 1084 3872 1142 hac
3923 1094 3943 1111 '

2273 1169 2415 1234 luce,
2439 1170 2529 1227 cui
2559 1170 2652 1227 lux
2703 1181 2907 1228 attenta
2952 1172 3215 1240 promissa
3253 1174 3373 1229 est?
3423 1174 3561 1243 Quid
3603 1191 3727 1233 cum
3772 1176 3876 1234 hoc

2272 1263 2394 1318 vita:
2425 1273 2738 1335 naturaque
2762 1265 3092 1321 commercio
3117 1281 3281 1336 quem
3307 1267 3431 1326 cteli
3462 1269 3765 1341 amplitudo
3782 1269 3877 1328 de-

2275 1356 2489 1425 poscit?
2515 1354 2658 1414 Sane
2704 1365 2886 1413 teneat
2908 1356 3178 1427 cupiditas
3209 1359 3311 1415 ista
3340 1360 3578 1425 vivendi,
3604 1361 3699 1416 sed
3743 1378 3876 1433 quos

2274 1448 2582 1518 inexpiabili
2610 1449 2754 1505 malo
2779 1450 3011 1506 saeviens
3037 1449 3180 1521 ignis
3213 1461 3419 1508 aeterna
3461 1454 3727 1509 scelerum
3780 1457 3878 1511 ul-

2274 1540 2420 1596 tione
2466 1540 2757 1610 torquebit.
2799 1539 3002 1597 Teneat
3033 1540 3302 1611 cupiditas
3342 1543 3442 1598 ista
3496 1544 3732 1613 vivendi,
3784 1546 3878 1603 sed

2274 1631 2469 1701 quibus
2497 1641 2552 1687 et
2580 1633 2713 1687 mori
2754 1647 2910 1704 ptena
2936 1643 3020 1689 est
3058 1643 3113 1688 et
3140 1631 3339 1690 durare
3378 1645 3727 1694 tormentum.
3761 1638 3875 1694 Tibi

2269 1721 2382 1793 jam
2419 1732 2473 1778 et
2512 1723 2745 1779 mundus
2768 1723 2885 1795 ipse
2932 1725 3237 1782 succumbit
3289 1735 3355 1801 et.
3396 1739 3537 1789 terra
3589 1729 3757 1795 cedit,
3788 1731 3878 1800 qui

572 1824 813 1896 pertulit,
838 1838 934 1894 per
953 1837 1113 1893 quem
1135 1830 1394 1892 reguntur
1429 1822 1696 1887 humana;
1724 1832 1905 1892 atque,
1938 1832 1998 1876 nt
2022 1822 2178 1881 nobis
2207 1829 2255 1890 Β
2283 1816 2642 1873 morientibus
2669 1817 2879 1873 cunctis
2906 1817 2973 1875 ad
3016 1817 3120 1875 hoc
3156 1830 3463 1878 reservatus
3508 1839 3569 1880 es
3597 1833 3656 1880 ut
3674 1834 3881 1898 martyr

577 1916 848 1973 videretur
873 1915 1188 1986 prostitisse
1216 1914 1361 1986 quod
1389 1929 1578 1984 passus
1631 1923 1734 1979 est,
1776 1913 2173 1972 cunfessionem

577 2009 784 2077 tribuit,
815 2011 1070 2082 martyria
1098 2009 1349 2079 subjecit,
1374 2008 1553 2065 omnia
1588 2008 1822 2080 denique
1846 2011 2040 2081 quibus
2086 2011 2175 2067 lux

580 2102 814 2175 opprimi
836 2101 866 2141 ι)
885 2113 1066 2174 posset
1092 2104 1143 2158 in
1170 2102 1470 2159 remedium
1500 2102 1736 2159 salutare
1758 2105 2049 2160 nativitatis
2065 2120 2177 2161 sua:

580 2195 791 2254 meritis
814 2197 1093 2269 relegavit,
1126 2196 1428 2253 humilitate
1450 2198 1736 2267 praecipua,
1759 2199 1953 2254 virtute
1972 2197 2172 2254 divina.

580 2292 747 2363 Cujus
774 2292 853 2347 rei
881 2292 1079 2364 quique
1104 2291 1249 2363 digni
1278 2304 1402 2348 esse
1432 2299 1746 2346 meruerunt
1782 2301 1959 2348 morte
1991 2307 2181 2350 carue-

582 2393 740 2452 runt,
766 2400 981 2441 omnem
1006 2384 1143 2440 hanc
1167 2384 1353 2440 mundi
1386 2383 1739 2451 teterrimam,
1762 2383 1937 2443 labem
1958 2384 2178 2442 subacta

581 2479 773 2534 mortis
797 2476 1130 2544 conditione,
1164 2476 1424 2531 vicerunt.

653 2568 767 2625 VII.
791 2569 910 2626 Non
936 2569 1081 2627 enim
1109 2568 1330 2626 dubium
1360 2578 1443 2626 est
1461 2579 1720 2641 quantum
1745 2586 1775 2626 a
1801 2569 2031 2627 Domino
2051 2585 2182 2628 con-

581 2672 877 2735 sequantur
903 2666 993 2736 qui
1024 2664 1183 2720 saluti
1206 2679 1321 2721 sua:
1351 2679 1547 2721 nomen
1581 2665 1674 2721 Dei
1709 2665 2081 2735 praetulerunt.
2105 2647 2181 2721 ἰιι

576 2759 633 2816 in
688 2759 778 2814 illa
827 2759 1014 2830 jndicii
1056 2758 1146 2815 die
1174 2759 1423 2815 meliores
1475 2774 1635 2815 cruor
1676 2759 1897 2826 faceret,
1931 2760 2177 2831 sanguis-

580 2868 688 2925 que
740 2852 891 2909 fnsns
947 2853 1320 2909 intmaculatos
1373 2867 1495 2910 esse
1538 2865 1561 2893 ο
1619 2863 1968 2912 monstraret.
2038 2854 2181 2912 Mors

580 2947 781 3017 quippe
810 2947 1154 3017 integriorem
1202 2947 1324 3002 facit
1352 2949 1536 3014 vitam,
1567 2963 1716 3004 mors
1742 2949 1913 3020 magis
1962 2947 2181 3006 deducit

581 3039 649 3096 ad
674 3040 923 3110 gloriam.
950 3039 1040 3095 Sic
1055 3040 1522 3112 quotiescumque,
1554 3041 1860 3098 lactantibus
1886 3042 2099 3112 stipulis
2126 3040 2178 3107 ει,

584 3132 816 3190 distenta
846 3134 1107 3191 imbribus
1153 3134 1420 3191 frumenta
1454 3144 1764 3206 turgescunt
1813 3151 1878 3191 ac
1915 3135 2179 3192 fmcundze

486 3226 489 3229 ⁷
581 3241 789 3283 messes
811 3237 1077 3298 coguntur
1098 3236 1286 3284 aestate
1316 3238 1363 3291 ε,
1392 3228 1470 3283 sic
1506 3229 1715 3299 quoties
1748 3228 1894 3285 ferro
1915 3229 2036 3285 vitis
2080 3230 2175 3286 ab-

2280 1921 2400 1962 esse
2437 1909 2719 1979 potuisses.
2762 1912 2976 1967 Annon
3001 1911 3310 1981 quotidiana
3355 1915 3623 1973 cernimus
3651 1916 3867 1982 funera,

2281 1998 2553 2054 cernimus
2594 2016 2766 2065 novos
2792 2001 2969 2058 exitus
2992 2005 3233 2074 corporis
3261 2005 3349 2060 diu
3379 2007 3530 2061 tracti
3565 2006 3612 2071 ιι,
3645 2010 3880 2064 saevien—

2283 2090 2447 2163 tibus
2474 2092 2677 2148 morbis
2707 2093 2997 2163 inexperta:
3038 2094 3313 2165 cujusdam
3363 2096 3529 2155 cladis
3567 2100 3754 2167 exitia,
3808 2115 3879 2156 ac

2282 2194 2514 2257 stragem
2572 2189 2938 2259 populatarum
2979 2190 3187 2246 urbium
3212 2190 3498 2259 intuemur,
3540 2191 3722 2248 uudei
3759 2209 3885 2263 pos-

2281 2278 2450 2334 simus
2509 2295 2808 2350 agnoscere
2865 2290 3061 2352 quanta
3118 2283 3361 2355 martyrii
3404 2282 3647 2340 habenda
3695 2284 3768 2341 sit
3803 2284 3884 2341 diu

2283 2372 2478 2443 gnitas,
2508 2372 2574 2428 ad
2595 2374 2749 2445 cujus
2768 2375 2999 2446 gloriam
3027 2392 3125 2433 nos
3153 2391 3348 2448 cogere
3373 2378 3537 2435 etiam
3556 2379 3672 2435 lues
3696 2382 3877 2451 erepit.

2355 2466 2449 2523 ιχ.
2486 2469 2732 2539 Etenim,
2789 2470 3093 2529 cbarissimi
3149 2471 3366 2539 fratres,
3399 2472 3653 2542 respicite
3694 2472 3765 2505 “‘
3814 2471 3880 2529 ad

2283 2560 2407 2629 hoc,
2455 2577 2639 2633 quaeso
2659 2578 2774 2631 vos,
2799 2563 3027 2634 plenius,
3062 2564 3113 2619 in
3135 2579 3245 2636 quo
3291 2573 3348 2621 et
3389 2565 3536 2621 salus
3560 2566 3787 2623 vertitur
3827 2574 3880 2621 et

2284 2655 2586 2712 sublimitas
2610 2664 2975 2726 computatur,
2998 2656 3125 2713 licet
3153 2672 3260 2713 non
3316 2657 3419 2714 sim
3468 2658 3681 2717 nescius
3720 2659 3879 2714 etiam

2286 2763 2380 2804 vos
2426 2749 2732 2820 plenissime
2762 2766 2922 2807 nosse
2962 2751 3217 2807 stantium
3244 2751 3485 2809 omnium
3538 2765 3638 2809 nos
3661 2751 3878 2823 judieiis

2285 2845 2574 2914 contineri,
2612 2859 2786 2916 neque
2828 2845 3077 2916 ignorare
3115 2846 3252 2901 hanc
3275 2859 3402 2903 esse
3443 2846 3600 2921 nobis
3636 2846 3881 2903 traditam

2285 2936 2645 3010 disciplinam,
2678 2940 2873 2997 utsine
2903 2939 3013 2995 ullo
3037 2950 3245 2997 terrore
3258 2941 3466 2997 militia:
3491 2943 3596 2997 vim
3623 2941 3752 2997 tanti
3782 2954 3883 2996 no-

2285 3032 2450 3088 minis
2479 3042 2762 3097 tueamur;
2788 3031 2989 3102 quippe
3016 3048 3155 3103 quos
3191 3032 3398 3103 pridem
3425 3049 3456 3088 a
3483 3033 3754 3091 desiderio
3805 3034 3881 3089 lu-

2285 3124 2363 3178 cis
2388 3125 2539 3179 istius
2568 3124 2831 3194 cupiditas
2853 3135 3072 3181 :eternxc
3110 3126 3387 3181 memoriae
3425 3125 3884 3195 deduxerinquos

2285 3215 2584 3273 futurorum
2614 3225 2738 3277 vota
2783 3217 3091 3274 divellerint
3118 3219 3166 3285 i,
3210 3232 3454 3290 quosque
3507 3219 3577 3275 ab
3624 3220 3879 3275 omnibus

579 3319 865 3385 scinditur,
898 3320 1304 3390 erumpentibus
1344 3321 1609 3390 prunpinis
1644 3321 1838 3377 melius
1864 3338 1964 3376 uva
2013 3321 2173 3378 vesti-

2285 3312 2428 3370 vitiis
2457 3312 2691 3383 optanda
2712 3302 2921 3369 Christi
2947 3279 3182 3370 societas
3209 3279 3521 3386 segregarit,
3548 3312 3652 3368 nisi
3683 3313 3730 3368 si
3758 3314 3883 3369 exi-

576 3423 686 3465 tur.
719 3409 851 3466 Nam
879 3412 930 3465 in
962 3423 1015 3466 et
1053 3422 1396 3483 augmentum
1445 3414 1756 3482 proventnri
1789 3417 2046 3482 temporis
2090 3429 2182 3469 ce-

587 3502 667 3558 dit
714 3502 966 3574 quicquid
1016 3504 1209 3573 injuria
1234 3519 1331 3559 sua
1380 3506 1610 3575 prolicit.
1659 3504 1926 3561 Flammas
1980 3507 2180 3577 quippe

582 3598 899 3671 plerumque
920 3600 1062 3670 agris
1086 3599 1226 3669 juvit
1255 3600 1546 3657 immittere
1582 3615 1690 3667 quo
1725 3601 1907 3657 calore
1941 3601 2180 3672 vagantis

577 3692 813 3748 incendii
849 3708 990 3749 caeca
1020 3701 1180 3749 terrm
1205 3695 1531 3764 spiramenta
1552 3694 1817 3749 laxentur.
1856 3693 2001 3750 Juvit
2034 3694 2179 3750 leves

574 3785 794 3856 stipulas
821 3786 1104 3857 crepitanti
1138 3788 1259 3857 igne
1296 3795 1523 3853 torrere,
1569 3794 1628 3841 ut
1653 3802 1715 3842 se
1762 3786 1920 3843 altius
1961 3787 2179 3859 gravida

575 3894 738 3951 seges
758 3880 972 3935 tolleret
1000 3890 1055 3936 et
1077 3881 1498 3951 parturientibus
1527 3881 1723 3939 culmis
1748 3882 1970 3938 densior
2012 3883 2178 3937 arista

578 3976 798 4029 ﬂoreret
845 3973 888 4029 τ.
921 3974 1088 4044 Igitur
1103 3976 1223 4031 talis
1247 3984 1303 4031 et
1331 3976 1573 4059 martyrii
1607 3978 1779 4045 primo
1807 3991 1981 4042 casus,
2034 3988 2182 4048 post-

576 4066 797 4122 modum
831 4066 1031 4123 frnctus
1075 4077 1180 4133 est,
1204 4067 1294 4138 qui
1339 4077 1565 4125 mortem
1614 4078 1720 4124 tam
1768 4079 2078 4127 contemnat
2122 4082 2180 4128 ttt

576 4162 740 4217 vitam
769 4171 943 4216 morte
961 4161 1247 4217 custodiat.

646 4254 760 4309 VIII
814 4252 951 4323 Quid
983 4256 1127 4310 enim
1159 4264 1266 4310 tam
1316 4256 1570 4310 eximium
1604 4266 1763 4328 atque
1797 4258 2029 4318 sublime
2069 4271 2172 4329 est,

572 4362 733 4418 quam
779 4347 918 4403 inter
971 4354 1051 4403 tot
1098 4348 1452 4403 instrumenta
1521 4350 1831 4406 carnilicnm
1893 4352 2176 4409 devotione

569 4442 792 4498 robusta
843 4450 1090 4497 cunctam
1141 4441 1266 4499 fidei
1311 4456 1591 4500 reservare
1630 4445 1878 4504 virtutem
1925 4448 1993 4504 ts?
2035 4448 2172 4519 Quid

570 4545 679 4590 tam
716 4547 969 4604 magnum
994 4542 1156 4605 atque
1202 4534 1653 4605 pulcherrimum,
1695 4552 1856 4609 quam
1897 4539 2036 4596 inter
2096 4551 2173 4597 tot

2285 3408 2362 3460 tio
2406 3406 2777 3473 succumbere,
2832 3405 2993 3462 morti
3036 3408 3268 3462 animam
3307 3406 3608 3463 dubitamns
3646 3404 3873 3474 oll‘erre,

2285 3513 2383 3553 occ
2407 3498 2519 3566 jam
2546 3497 2823 3553 retinenda
2853 3506 2980 3553 sunt
2998 3498 3151 3554 nobis
3162 3507 3220 3553 et
3231 3496 3605 3567 amplectenda
3617 3495 3886 3553 beneﬁcia

2281 3589 2458 3649 divina
2484 3606 2714 3663 quorum
2738 3590 2872 3645 ultra
2897 3605 3076 3646 rerum
3122 3589 3366 3647 ardorem
3396 3598 3541 3645 tanta
3580 3589 3654 3644 sit
3677 3604 3887 3646 merces

2283 3695 2541 3757 quantum
2572 3687 2626 3742 in
2648 3684 2879 3742 dicendo
2909 3686 3141 3742 humana
3185 3684 3533 3743 mediocritas
3580 3687 3667 3742 vix
3717 3686 3887 3755 possit

2284 3780 2532 3851 implere.
2593 3781 2849 3853 Sanguini
2917 3791 3104 3838 nostro
3151 3792 3296 3852 patet
3360 3782 3582 3850 celum,
3640 3782 3885 3853 sanguini

2284 3888 2469 3936 nostro
2494 3877 2755 3949 gehennae
2803 3877 2950 3934 cedit
2987 3877 3371 3944 habitaculum,
3404 3890 3463 3934 et
3511 3880 3653 3934 inter
3703 3879 3883 3933 omnia

2280 3971 2467 4042 gloriae
2497 3970 2774 4041 pulchrior
2798 3972 3077 4045 sanguinis
3106 3971 3293 4027 titulus
3314 3980 3365 4027 et
3395 3971 3656 4044 integrior
3679 3985 3883 4028 corona

2280 4064 2542 4135 signatur.
2587 4106 2591 4110 .

2354 4158 2422 4214 Χ.
2437 4158 2549 4226 Sic,
2577 4160 2787 4231 quoties
2799 4158 2867 4214 de
2889 4157 3043 4214 hoste
3066 4156 3478 4229 triumphalibus
3504 4159 3691 4230 spoliis
3712 4169 3887 4212 onus-

2283 4266 2371 4312 tus
2388 4255 2545 4311 miles
2571 4254 2883 4326 ingreditur,
2903 4253 3216 4309 vulneribus
3237 4252 3349 4308 suis
3366 4253 3580 4324 gaudet.
3605 4253 3717 4321 Sic,
3739 4266 3881 4321 quo-

2282 4354 2383 4410 tics
2431 4351 2843 4423 tempestatibus
2888 4350 2977 4405 diu
3025 4359 3182 4405 nauta
3234 4347 3483 4420 fatigatus
3539 4347 3723 4403 littora
3769 4356 3881 4401 tuta

2278 4448 2582 4518 contigerit,
2616 4446 2921 4502 felicitatem
2949 4460 3102 4501 suam
3137 4442 3206 4500 de
3226 4458 3484 4514 perpesso
3514 4440 3759 4513 periculo
3784 4439 3888 4496 du—

2276 4544 2369 4599 cit.
2403 4542 2501 4599 Est
2547 4543 2689 4599 enim
2736 4540 2999 4613 profecto,
3048 4540 3151 4596 nisi
3183 4539 3359 4605 fallor,
3395 4538 3549 4595 labor
3579 4537 3734 4593 lzetus
3787 4551 3889 4608 per

1851 4654 2143 4714 LECTION
2149 4658 2231 4715 ES
2267 4656 2681 4715 VARIANTES.

625 4767 653 4796 ⁸
686 4764 903 4817 Exilium
930 4766 1064 4819 Lam.
1091 4766 1237 4819 Ebur.
1264 4768 1375 4820 ΝΟ.
1398 4768 1448 4819 1.

620 4826 651 4896 1}
685 4827 903 4896 Qpprimi
929 4830 1065 4896 Lam.
1091 4828 1237 4881 Ebor.
1263 4832 1313 4896 1v
1318 4831 1373 4881 C.
1414 4830 1728 4896 1:7Supprimi
1756 4841 1912 4885 Oxon.

623 4893 647 4921 ο
684 4890 747 4941 Et
767 4890 969 4963 sanguis
989 4904 1244 4963 suus‘esse
1273 4894 1408 4943 Lam.
1433 4890 1714 4944 Ebor'fNC.
1741 4897 1783 4946 1.
1811 4898 1946 4957 Quos
1965 4898 2171 4963 sanguis

562 4962 944 5016 suns_martyres
967 4966 1080 5004 esse
1105 4956 1261 5016 Oxon.

624 5014 653 5053 d
685 5014 977 5078 Latentibus
998 5014 1195 5078 stipulis
1217 5018 1351 5066 Lam.
1378 5015 1521 5068 Ebor.
1549 5020 1597 5069 Ν
1603 5019 1658 5070 C.
1684 5020 1731 5071 1.

621 5081 646 5109 θ
671 5075 956 5142 Coquuntur
986 5075 1161 5129 testate
1196 5081 1355 5132 Oa'ou.
1380 5093 1445 5132 ex
1476 5081 1623 5133 codd.
1650 5083 1785 5135 Lam.
1812 5083 1958 5137 Ebor.
1984 5089 2031 5138 Ν
2039 5087 2092 5137 C.
2118 5088 2167 5138 1.

2195 4779 2247 4841 D
2338 4772 2361 4841 ξ
2399 4774 2563 4841 arista
2586 4774 2763 4841 floreat
2787 4775 2922 4841 Lo_m.
2951 4772 3095 4841 Ebur;
3117 4772 3227 4841 NG.
3254 4772 3300 4823 1.
3337 4807 3347 4820 .

2339 4840 2366 4879 8
2400 4836 2645 4886 Reserarc
2670 4839 2805 4887 Lam.
2830 4835 2977 4888 Βίων.
3001 4835 3112 4886 NC.
3140 4837 3183 4885 l.

2334 4899 2363 4939 ιι
2395 4901 2570 4952 Exitus
2590 4901 2807 4959 corporis
2828 4898 2912 4948 diu
2946 4900 3137 4950 tractati
3164 4898 3297 4948 Lam.
3326 4895 3468 4947 Ebur.

2341 4962 2355 5001 ί
2402 4964 2541 5013 Unde
2565 4957 2807 5024 possimus
2831 4962 2963 5012 Lam.
2986 4959 3134 5012 Ebur.
3162 4959 3268 5011 Litt.
3296 4959 3362 5011 Ut
3383 4958 3625 5024 possimus
3648 4957 3811 5011 Oxon.

2342 5026 2355 5075 i
2398 5024 2495 5077 Diu
2520 5023 2789 5077 fefellerint
2810 5024 2914 5077 Litt.

1808 5191 2049 5249 STEPH.
2090 5194 2359 5255 BALUle
2396 5196 2619 5255 NOTAE.

620 5299 708 5356 Vl.
763 5332 821 5343 —
837 5300 1174 5358 Telerrimam
1201 5301 1383 5359 labem.
1406 5303 1588 5359 Codex
1607 5305 1774 5360 sancti
1800 5305 2061 5373 Arnulpbi
2092 5318 2148 5363 et

545 5372 824 5447 Tltuangus,
855 5374 1198 5430 deterrimam.
1225 5374 1498 5447 Nicolaus,
1524 5375 1701 5431 Faber
1750 5379 1923 5447 posuit
1968 5379 2021 5434 itt
2049 5394 2147 5435 suo

539 5443 680 5517 libro
708 5445 1007 5508 deterrima,
1038 5462 1145 5517 quo
1172 5445 1335 5501 etiam
1381 5446 1541 5502 modo
1570 5443 1827 5517 scriptum
1858 5459 1941 5505 est
1966 5451 2019 5506 in
2053 5465 2146 5508 co-

536 5516 1121 5591 dtce_§ancti__l)iitny;sii
1154 5518 1456 5591 Retttensis.

608 5586 721 5644 VII.
740 5617 811 5627 —
841 5585 1037 5643 Messes
1080 5600 1349 5661 coguntur.
1373 5588 1611 5658 Quatuor
1634 5589 1752 5646 libri
1786 5601 2016 5660 veteres,
2044 5609 2135 5648 co-

531 5670 780 5726 qutmmr.

604 5726 1184 5805 Vil‘llz—lnslrumenlg.
1201 5729 1379 5785 Codex
1410 5733 1576 5787 sancti
1597 5731 2135 5805 Arnulpbi,strameu-

532 5796 774 5866 «ατ-γωδ
802 5812 961 5866 supra
993 5814 1047 5866 p.
1080 5798 1205 5852 464.

601 5860 691 5916 IX.
722 5890 793 5901 ——
820 5860 1206 5920 Novas-exitus.
1234 5867 1348 5922 Duo
1368 5868 1485 5923 libri
1513 5879 1722 5927 veteres
1742 5881 1796 5928 et
1821 5873 1988 5931 editio
2022 5874 2136 5931 Mo-

2257 5312 2395 5385 rellii
2426 5353 2444 5376 ,
2475 5313 2639 5385 exitus
2666 5313 2893 5369 diversos
2917 5313 3066 5385 factis
3091 5322 3138 5369 et
3163 5313 3501 5385 servientibus.

2327 5382 2461 5437 Luce
2491 5384 2662 5444 coepit.
2689 5385 2748 5440 la
2772 5382 3094 5455 quibusdam
3125 5384 3278 5440 libris
3297 5385 3575 5440 veteribus
3600 5384 3883 5455 scriptum

2242 5465 2332 5509 est
2353 5455 2577 5522 ets-perit.
2612 5455 2847 5526 Respicit
2874 5465 3052 5511 autem
3083 5466 3273 5511 auctor
3291 5456 3362 5511 ad
3398 5456 3542 5512 luem
3568 5465 3621 5510 et
3657 5468 3883 5526 pestem

2246 5539 2368 5594 qua;
2393 5535 2519 5600 tunc
2545 5525 2765 5600 depasta
2796 5538 2883 5600 est
2898 5527 3086 5600 orbem
3105 5568 3128 5600 ,ί
3141 5526 3301 5600 cujus
3329 5529 3612 5583 occasione
3640 5525 3887 5600 Cypria-

2245 5610 2346 5651 nus
2367 5597 2585 5665 scripsit
2615 5597 2813 5656 librum
2842 5599 2906 5653 de
2933 5596 3272 5654 Hortalitate.

2315 5668 2594 5741 Statilium.
2637 5667 2816 5725 Codex
2846 5671 3012 5741 sancti
3035 5669 3299 5741 Arnulplti
3342 5679 3394 5725 et
3418 5669 3680 5726 Thuanus
3700 5676 3881 5726 statu.

2317 5737 2458 5813 Inter
2483 5741 2654 5813 ottmia
2680 5742 2886 5813 glorias.
2928 5737 3328 5813 Cptlexdsa—ncli
3373 5740 3674 5807 Arnttlpbi,
3722 5741 3880 5813 inter

2242 5812 2418 5883 omnia
2440 5810 2743 5883 gloriarum.
2787 5813 2878 5871 Sic
2914 5811 3078 5868 etiam
3106 5811 3396 5879 Thoantis,
3445 5813 3548 5870 nisi
3574 5813 3715 5883 quod
3748 5812 3867 5869 lm-

2241 5882 2333 5936 bet
2359 5882 2605 5937 omnium.
