4230 6282
372 328 484 395 795

1516 302 1723 400 Lmen
1764 344 1855 402 us
1892 343 2127 405 cauos
2165 348 2528 411 naarvnn.

3570 353 3673 416 79b

370 468 538 526 quem
569 456 828 511 securitas
856 454 1140 514 invenitur.
1170 457 1334 530 Igitur
1372 459 1649 515 toleranda
1680 469 1806 516 sunt
1858 476 1974 517 om-
1999 464 2053 525 Λ
2078 463 2340 536 obsequio
2367 468 2532 524 timor
2573 470 2763 525 mortis
2796 469 3087 528 inhiberet.
3120 469 3270 528 Unde
3306 485 3404 544 per
3446 473 3671 543 gratiam

377 550 489 617 nia,
516 550 762 619 patienda
790 562 1004 620 cuncta,
1032 567 1132 608 nec
1155 553 1513 623 appetendum
1532 554 1803 624 quomodo
1822 555 1971 612 brevi

378 641 614 712 gaudeas
637 650 878 714 tempore
906 654 960 700 et
983 657 1239 717 perpetuo
1267 646 1502 717 punisris
1529 646 1744 704 ardore.
1787 649 1972 705 Memi-

379 737 526 793 nisse
551 738 697 794 enim
743 738 911 796 debes
935 741 1085 797 velut
1125 742 1355 814 quadam
1389 752 1442 799 te
1482 742 1704 799 foederis
1726 744 1973 815 pactione

377 830 753 895 constrictum,
785 847 849 888 ex
876 849 979 903 qua
1007 845 1099 890 aut
1118 834 1462 905 capessenda!
1486 836 1677 892 salutis
1729 838 1799 893 sit
1828 838 1971 909 justa

377 924 635 992 conditio,
678 934 773 979 aut
800 940 973 995 postue
1012 928 1201 982 merita
1229 927 1661 994 formidolositas,
1695 930 1835 986 inter
1878 930 1974 985 ad.

377 1028 530 1070 versa
559 1015 760 1085 pariter
778 1031 842 1072 ac
867 1032 1142 1087 prospera,
1162 1034 1308 1074 arma
1332 1018 1472 1075 inter
1499 1028 1553 1075 et
1579 1020 1713 1087 tela;
1744 1021 1975 1092 hincque

378 1125 433 1173 te
462 1115 737 1171 saecularis
764 1116 1007 1184 ambitio,
1043 1116 1165 1173 inde
1194 1118 1432 1174 cmleStis
1477 1119 1733 1176 admonet
1768 1121 1977 1192 magni-

377 1209 528 1266 tudo.

450 1302 541 1361 XI.
568 1302 627 1362 Si
656 1304 885 1361 salutem
914 1303 1074 1361 times
1092 1305 1344 1378 perdere,
1371 1308 1509 1364 scito
1535 1316 1588 1364 te
1617 1308 1752 1363 mori
1794 1323 1971 1379 posse.

374 1395 551 1454 Porro
579 1405 757 1454 autem
778 1399 1173 1454 contemnenda
1200 1398 1292 1459 tibi
1320 1413 1469 1455 mors
1489 1408 1593 1468 est,
1615 1400 1701 1456 cui
1726 1400 1973 1457 Christus

375 1491 589 1548 occisus
612 1499 714 1547 est.
743 1492 882 1547 Ante
905 1492 1088 1548 oculos
1101 1493 1217 1560 tibi,
1232 1507 1437 1564 quaeso,
1451 1505 1777 1551 concurrant
1794 1496 1973 1552 Domi-

376 1586 512 1642 nicae
540 1586 809 1659 passionis
832 1588 1102 1659 exempla,
1131 1600 1454 1647 concurrant
1477 1590 1657 1647 oblata
1680 1602 1732 1647 et
1755 1594 1974 1664 praemia

375 1688 432 1734 et
456 1689 637 1748 parata
684 1680 1020 1750 discrimina,
1048 1692 1103 1739 et
1151 1695 1405 1757 quantam
1458 1685 1600 1741 inter
1651 1701 1712 1742 se
1743 1687 1977 1745 habeant

374 1769 743 1827 dimcultatem
785 1787 875 1827 res
903 1783 1159 1846 utrasque
1192 1778 1509 1848 eonspicito.
1538 1777 1648 1835 Nec
1695 1782 1841 1835 enim
1883 1796 1975 1851 po-

2074 555 2284 613 Domini
2313 556 2512 614 factum
2540 570 2624 617 est
2657 574 2717 617 ut
2762 563 2921 619 sicin
2970 562 3078 621 illis
3105 579 3203 620 rex
3251 565 3424 634 potius
3462 565 3671 621 videre.

2075 660 2163 707 tur
2191 654 2408 723 punitus
2431 668 2574 721 esse,
2602 654 2730 710 dum
2757 655 3143 728 evaduntquos
3163 672 3222 713 sc
3257 656 3560 714 crediderat
3582 673 3673 715 oc-

2073 745 2276 802 cidere.

2148 837 2282 894 XIII.
2312 838 2465 895 Nunc
2491 839 2601 910 jam
2632 840 2698 895 ad
2722 840 2792 875 “7
2820 856 2940 897 eam
2961 856 3098 911 rem,
3131 830 3323 899 fratres
3347 841 3669 909 cbarissimi,

2075 933 2285 987 veniam
2302 938 2380 987 'ex
2407 948 2511 1001 qua
2542 933 2833 990 Ostendere
2861 934 2992 990 satis
3020 936 3219 1005 possim
3245 944 3443 1006 quanta
3466 943 3670 1005 marty-

2074 1026 2139 1080 rii
2181 1026 2354 1080 virtus
2392 1025 2682 1093 habeatur;
2727 1042 2846 1097 quae
2887 1027 3096 1083 tametsi
3127 1027 3380 1084 omnibus
3422 1036 3505 1084 est
3549 1034 3672 1083 nota

2075 1133 2282 1190 proque
2308 1119 2557 1190 ingenitae
2599 1119 2860 1193 claritatis
2883 1119 3183 1191 insignibus
3227 1121 3547 1191 expetenda,
3596 1130 3675 1174 ta-

2075 1227 2198 1267 men
2229 1212 2345 1282 plus
2365 1211 2573 1268 addidit
2596 1212 2888 1268 necessitas
2911 1213 3171 1283 temporis
3190 1212 3461 1269 desiderio
3480 1213 3672 1270 volun-

2077 1305 2201 1361 tatis
2250 1305 2296 1359 τ.
2343 1304 2556 1361 Etenim
2602 1315 2686 1361 est
2733 1306 2786 1360 in
2835 1305 3149 1362 muneribus
3187 1304 3397 1377 magnis
3438 1314 3488 1372 κ,
3524 1306 3567 1363 si
3609 1320 3675 1362 eo

2079 1408 2322 1469 tempore
2360 1398 2480 1469 quis
2510 1405 2800 1454 coronetur
2825 1413 2932 1467 quo
2958 1406 3274 1454 coronatum
3305 1414 3365 1453 se
3396 1407 3578 1468 putat,
3628 1398 3675 1453 si

2075 1489 2215 1546 forte
2241 1489 2520 1546 moriatur.
2544 1489 2730 1561 Igitur,
2756 1505 2879 1546 cum
2909 1490 2983 1546 sit
3023 1489 3253 1545 sublime
3278 1490 3664 1560 excelsumque

2077 1583 2418 1655 martyrium,
2476 1598 2618 1639 nunc
2668 1586 2838 1655 magis
2901 1594 2985 1639 est
3047 1584 3411 1639 necessarium
3459 1584 3675 1655 quando

2082 1676 2319 1732 mundus
2344 1678 2459 1748 ipse
2506 1676 2856 1744 subvertitur,
2902 1676 3203 1748 partimque
3237 1678 3370 1734 urbe
3407 1692 3675 1734 concusso

2080 1780 2265 1825 natura
2283 1768 2537 1825 deﬁciens
2558 1769 2733 1825 ultimi
2758 1780 2936 1826 exitus
2960 1780 3231 1826 momenta
3263 1779 3507 1827 testatur.
3538 1769 3670 1826 Nam

375 1864 504 1919 teris
522 1864 786 1932 conﬁteri,
812 1865 915 1921 nisi
956 1868 1097 1925 scias
1133 1881 1388 1941 quantum
1420 1885 1614 1926 noceas
1667 1881 1694 1910 ι
1723 1872 1769 1929 si
1812 1888 1973 1946 nega-
1999 1862 2050 1923 Β
2076 1870 2131 1918 ει
2154 1876 2274 1916 cum
2321 1860 2462 1919 C(Blo
2491 1861 2662 1917 imber
2706 1861 2987 1930 incumbit,
3038 1863 3269 1932 Piuvjﬂm
3325 1863 3532 1919 lrislem
3580 1878 3677 1919 θοι*

371 1956 537 2010 veris.
591 1954 746 2011 Caelo
804 1970 1070 2031 martyres
1129 1962 1385 2033 gaudent,
1435 1964 1679 2020 veritatis
1727 1965 1972 2020 inimicos

372 2048 512 2118 ignis
553 2050 821 2107 absumet.
868 2052 1156 2111 Paradisus
1184 2056 1277 2112 Dei
1324 2057 1551 2113 testibus
1586 2056 1766 2128 ﬂoret,
1813 2074 1973 2130 nega-

375 2152 517 2198 tores
532 2143 777 2215 gehenna
792 2148 1069 2218 complexa
1102 2158 1336 2205 aeternus
1365 2151 1504 2221 ignis
1526 2152 1850 2209 inardescet.
1879 2152 1968 2220 Et,

375 2244 435 2291 ut
477 2236 546 2292 de
587 2239 802 2294 caeteris
845 2249 1075 2308 taceam,
1114 2239 1217 2298 hoc
1267 2258 1368 2299 nos
1396 2244 1582 2316 utique
1604 2246 1775 2315 magis
1814 2245 1975 2302 debet

380 2330 609 2401 hortari,
645 2333 787 2404 quod
815 2335 1084 2393 confessio
1116 2338 1262 2393 vocis
1290 2339 1447 2394 unius
1493 2338 1691 2395 Christi
1717 2350 1970 2412 perpetua

376 2423 715 2482 confessione
776 2438 1047 2497 servetur,
1106 2430 1243 2486 sicut
1290 2432 1545 2502 scriptum
1573 2444 1656 2489 est
1689 2452 1704 2489 :
1743 2433 1846 2502 Qui
1894 2451 1975 2491 me

378 2516 640 2587 confessus
667 2519 820 2591 fuerit
849 2521 902 2575 in
929 2522 1078 2577 terris
1105 2538 1278 2577 curam
1306 2524 1613 2592 hominibus,
1643 2535 1692 2579 et
1725 2542 1819 2597 ego
1844 2543 1967 2581 cun-

377 2609 556 2681 ﬁtrbur
604 2629 718 2667 eum
769 2630 940 2669 curam
978 2613 1135 2671 Putre
1178 2633 1290 2671 meo
1322 2627 1373 2672 et
1415 2635 1587 2672 curam
1617 2619 1828 2691 Angelis
1864 2621 1974 2689 ejus

381 2702 534 2776 (Luc.
567 2721 695 2775 xxu,
725 2706 805 2779 8).
854 2706 1041 2765 Adhuc
1066 2710 1330 2766 accedunt
1368 2710 1433 2765 ad
1482 2711 1665 2781 gloriae
1698 2715 1971 2768 cumulum

374 2808 689 2855 ornamenta
735 2802 1011 2860 virtutum.
1046 2804 1139 2861 Ait
1162 2806 1303 2860 enim
1335 2824 1349 2862 :
1376 2805 1670 2879 Fulgebunl
1685 2809 1819 2880 justi
1838 2818 1971 2864 lam-

369 2906 523 2962 quam
551 2893 788 2948 scintillae
840 2896 894 2950 in
923 2898 1228 2952 arundinem
1254 2898 1615 2965 discurrentes,
1659 2901 1973 2974 judicabant

378 2986 633 3050 nationes,
665 2998 711 3041 et
738 2989 1139 3046 dominabuntur
1165 2992 1367 3064 pupulis
1401 2991 1555 3064 (Sup.
1585 3011 1663 3062 III,
1693 2994 1771 3069 7).

449 3078 772 3151 XllJIagna
803 3094 885 3138 est
912 3085 1079 3154 enim,
1127 3068 1320 3143 fratres
1372 3086 1697 3154 charissimi,
1750 3090 1971 3145 claritas

372 3174 537 3229 vitam
587 3174 777 3230 salutis
824 3187 1040 3233 aiternre
1088 3180 1369 3238 honestate
1431 3184 1694 3253 passionis
1748 3200 1961 3252 ornare,

2078 1956 2361 2025 pnetendit
2386 1952 2436 2021 ιι,
2482 1966 2537 2012 et
2565 1955 2775 2027 quoties
2802 1965 2917 2011 atra
2949 1964 3241 2027 tempestas
3271 1955 3511 2013 horrenti
3564 1957 3666 2013 im.

2076 2048 2246 2103 minet
2275 2048 2487 2120 pelago,
2518 2063 2615 2119 per
2645 2048 2786 2103 inter
2813 2057 2999 2118 aperta
3024 2049 3247 2104 nubium
3283 2059 3441 2105 nocte
3483 2064 3671 2105 corus-

2075 2142 2311 2197 cantium
2335 2142 2552 2196 fulmina
2570 2141 2949 2207 relucescunt;
2974 2142 3068 2197 sed
3091 2153 3283 2198 etcum
3301 2158 3450 2198 mare
3468 2144 3674 2215 magnis

2074 2234 2325 2309 ﬂuctibus
2353 2235 2606 2299 volvitur,
2652 2234 2903 2306 paulatim
2932 2233 3071 2291 unda
3097 2249 3157 2290 se
3205 2236 3362 2303 tollit,
3395 2238 3677 2306 paulatim-

2075 2345 2179 2401 quc
2230 2345 2416 2401 aequor
2457 2330 2703 2397 albescit,
2748 2328 2924 2386 donec
2963 2344 3155 2385 cernas
3207 2330 3280 2385 ita
3331 2329 3671 2400 postmodum

2076 2440 2236 2480 ruere
2270 2435 2327 2479 ut
2377 2424 2429 2479 in
2461 2423 2564 2478 illis
2587 2422 2623 2460 -ί
2658 2424 2853 2495 quibus
2892 2422 3197 2478 retunditur
3237 2422 3384 2478 saxis
3426 2438 3672 2494 spumam

2074 2517 2237 2572 altius
2257 2516 2422 2588 jaciat
2451 2533 2610 2588 quam
2664 2517 2861 2571 undam
2909 2515 3171 2572 tumidum
3205 2515 3423 2586 pelagus
3467 2531 3675 2587 expue-

2074 2612 2187 2667 bat.
2228 2611 2387 2684 Legis
2430 2613 2687 2683 scriptum
2732 2626 2854 2668 esse
2907 2625 3077 2681 usque
3120 2609 3472 2681 quadrantem
3509 2610 3523 2660 i
3574 2624 3672 2664 nos

2076 2703 2322 2759 ultimum
2373 2704 2618 2761 reddere.
2649 2704 2757 2761 Sed
2808 2703 2833 2742 ¹ί
2884 2704 3015 2762 solis
3058 2704 3173 2760 lucc
3216 2719 3338 2776 pars
3373 2714 3457 2760 est
3495 2704 3671 2760 ablata

2075 2800 2421 2870 martyribus.
2451 2798 2666 2854 Etenim
2708 2799 2799 2868 qui
2828 2799 3017 2854 salutis
3045 2808 3262 2855 :eternze
3288 2799 3669 2870 cupiditatibus

2076 2892 2196 2949 freti
2251 2893 2372 2948 vita:
2404 2892 2625 2963 hujusce
2674 2891 2938 2948 desideria
2981 2895 3243 2959 vicerunt,
3286 2894 3383 2948 hos
3416 2902 3671 2963 expertes

2074 2987 2281 3043 doloris
2322 2986 2555 3041 universi
2586 2985 2798 3041 Domini
2828 2995 3097 3056 prmcepta
3138 2984 3382 3040 fecerunt
3411 2983 3455 3039 ι.
3506 2985 3671 3056 Igitur

2076 3080 2202 3136 hinc
2232 3080 2483 3150 primum.
2506 3078 2806 3135 charissimi
2834 3078 3050 3145 fratres,
3078 3079 3374 3150 poterimus
3390 3093 3670 3151 exponere

2073 3185 2269 3243 quanta
2302 3173 2545 3246 martyrii
2573 3173 2741 3228 virtus
2766 3172 2936 3244 possit
2966 3172 3215 3244 implere.

371 3283 560 3339 magna
614 3271 916 3327 sublimitas
982 3282 1108 3329 ante
1161 3289 1251 3329 ora
1307 3271 1520 3332 Domini
1576 3261 2030 3349 aspectumqueC
2105 3269 2246 3326 XIV.
2275 3270 3055 3339 Atque,uttranseamcuncta,
3076 3268 3383 3325 meminisse
3402 3269 3666 3325 debemus

368 3360 564 3417 Christi
597 3365 882 3434 potestatis
923 3364 1172 3422 humana:
1195 3376 1460 3424 tormenta
1487 3379 1837 3426 contemnere
1869 3386 1968 3428 nec

369 3451 609 3509 horrere.
641 3454 732 3509 Sic
759 3456 942 3512 Daniel
972 3460 1145 3516 minas
1194 3462 1336 3531 regis
1372 3470 1420 3515 et
1465 3462 1678 3518 leonum
1729 3463 1967 3521 fremen-

338 3547 500 3612 ,tium
526 3548 727 3603 rabiem
767 3566 863 3620 per
882 3555 1238 3609 constantiam
1282 3554 1403 3611 fidei
1439 3555 1467 3595 δ
1510 3572 1622 3612 suze
1645 3559 1795 3624 vicit,
1840 3560 1966 3618 dum

368 3640 697 3698 adorandum
724 3645 930 3700 nullum
955 3646 1119 3703 alium
1145 3662 1266 3705 esse
1294 3664 1455 3719 quam
1506 3650 1672 3706 Deum
1716 3653 1964 3709 credidit.

368 3731 458 3789 Sic
488 3735 541 3788 in
566 3736 777 3791 camino
794 3738 974 3808 pueris
998 3740 1304 3796 constitutis
1322 3743 1372 3796 in
1395 3757 1453 3797 se
1473 3744 1604 3799 arsit
1632 3745 1960 3813 incendium,

365 3825 489 3879 dum
517 3827 667 3898 ignes
688 3830 816 3898 justi
845 3832 1075 3888 tolerant
1101 3850 1238 3904 tutos
1268 3845 1290 3874 ε
1326 3834 1393 3890 de
1432 3837 1679 3907 gehenua
1729 3838 1962 3894 Domino

364 3919 633 3978 credendo
662 3925 993 3981 metuebant.
1024 3927 1177 3985 Unde
1198 3940 1253 3985 et
1276 3931 1509 3989 retulere
1534 3934 1822 4006 condigna,
1856 3951 1962 3992 non

366 4011 417 4067 in
445 4025 719 4085 posterum
750 4018 925 4084 tracti,
955 4036 1060 4075 non
1090 4022 1279 4077 salutis
1306 4033 1524 4079 arturus:
1543 4027 1766 4095 przemio
1789 4041 1963 4083 reser-

364 4107 490 4161 vati.
531 4108 716 4166 Fidem
771 4109 984 4166 illnrum
1035 4113 1175 4168 Deus
1214 4115 1369 4179 vidit,
1417 4125 1475 4170 ut
1526 4118 1669 4188 quod
1713 4119 1816 4174 sibi
1843 4127 1964 4189 post

364 4198 579 4254 exitnm'
617 4202 976 4271 promiserant
1013 4205 1199 4261 videre
1239 4216 1580 4264 mererentur
1622 4212 1675 4265 in
1712 4224 1962 4282 corpore.

364 4286 475 4346 Nec
500 4294 640 4348 enim
672 4297 1137 4365 poteritaestimari
1177 4309 1374 4370 quanta
1407 4302 1459 4357 in
1485 4306 1734 4373 praesenti
1788 4307 1962 4363 tribu-

365 4382 563 4441 latione
584 4388 654 4442 sit
689 4405 895 4446 merces
923 4390 974 4459 ά,
1022 4394 1065 4448 si
1111 4394 1313 4450 smvitia
1349 4394 1505 4469 fugit,
1544 4398 1591 4453 si
1623 4400 1785 4456 cessit
1809 4399 1963 4457 ﬂam-

361 4493 446 4534 ma
494 4490 539 4536 θ.
573 4480 705 4538 Erat
732 4486 876 4541 enim
915 4503 1019 4543 una
1048 4503 1200 4545 mens
1221 4489 1491 4557 omnibus,
1532 4507 1689 4562 quam
1719 4509 1819 4551 nec
1851 4496 1966 4552 vio-

2070 3376 2268 3436 quanta
2296 3365 2366 3420 sit
2390 3364 2559 3435 gloria
2589 3362 2655 3418 ad
2701 3361 2975 3417 Christum
3012 3361 3407 3418 immaculatum
3433 3363 3619 3419 venire
3647 3403 3662 3429 ,

2070 3469 2375 3513 consortem
2423 3454 2684 3526 passionis
2710 3455 2943 3509 existere
2972 3495 2989 3520 ,
3020 3464 3385 3526 perpetuaque
3411 3469 3532 3510 cum
3567 3455 3673 3511 Do-

2071 3553 2217 3607 mino
2239 3551 2539 3607 aeternitate
2566 3563 2790 3616 regnare
2811 3590 2826 3615 ,
2860 3563 3048 3603 carere
3064 3547 3242 3603 exitiis
3270 3547 3672 3603 imminentibus

2071 3645 2252 3700 saeculi
2282 3686 2299 3711 ,
2343 3659 2443 3699 nec
2469 3644 2612 3699 inter
2634 3650 2911 3697 cruentam
2952 3640 3259 3696 morborum
3300 3640 3669 3710 populantitun

2068 3751 2299 3811 stragem
2330 3738 2601 3795 communi
2624 3752 2747 3793 cum
2773 3735 2984 3791 caeteris
3009 3743 3156 3790 sorte
3182 3733 3417 3790 misceri.
3463 3738 3663 3805 Atque,

2071 3849 2128 3893 ut
2151 3836 2336 3893 sileam
2366 3836 2432 3889 de
2458 3848 2655 3889 corona
2681 3874 2698 3900 ,
2743 3834 2787 3888 si
2837 3830 2927 3887 tibi
2974 3830 3027 3885 in
3074 3828 3159 3885 his
3196 3837 3400 3883 natura:
3452 3827 3672 3883 lubricis

2070 3930 2226 3985 malis
2285 3929 2461 3998 posito
2507 3927 2635 3981 vita:
2684 3924 3083 3996 prorniiteretur
3133 3934 3395 3978 excessus
3425 3961 3441 3986 ,
3492 3935 3671 3976 nonne

2066 4025 2212 4081 omni
2251 4032 2432 4079 mente
2456 4021 2717 4091 gauderes
2746 4020 2770 4074 ?
2823 4018 2905 4083 Si,
2936 4018 3152 4088 inquam
3204 4026 3245 4054 ιιι
3274 4059 3290 4084 ,
3338 4025 3392 4074 te
3421 4018 3473 4072 in
3512 4015 3670 4087 hujus

2065 4116 2248 4173 mundi
2305 4114 2602 4172 turbinibus
2649 4112 2997 4168 ﬂuctuantem
3036 4110 3206 4166 vicina
3244 4119 3542 4167 arcesseret
3580 4125 3671 4167 re-

2066 4211 2258 4282 quies,
2312 4224 2494 4265 nonne
2555 4217 2785 4263 mortem
2846 4222 2942 4276 pro
2994 4206 3234 4263 remedio
3285 4205 3671 4276 compntares?

2067 4304 2280 4360 Positus
2327 4302 2467 4356 inter
2512 4314 2662 4356 arma
2708 4298 3021 4355 earnilicum
3071 4312 3135 4353 ac
3166 4297 3270 4353 tela
3325 4298 3670 4368 probantium

2066 4393 2424 4466 quaestionum
2458 4433 2475 4457 ,
2511 4401 2661 4448 stans
2707 4392 2952 4447 sublimis
2977 4406 3040 4446 ac
3070 4389 3224 4445 fortis
3256 4433 3270 4457 ,
3318 4389 3670 4445 considerans

2067 4498 2265 4562 quanta
2310 4491 2380 4543 sit
2427 4501 2584 4557 pinna
2616 4500 2812 4555 negare
2838 4499 2904 4539 eo
2931 4493 3173 4556 tempore
3192 4498 3310 4555 quo
3336 4482 3436 4537 frui
3468 4483 3668 4540 saeculo

361 4572 521 4631 lentia
547 4574 836 4649 frangeret,
857 4596 958 4638 nec
978 4581 1058 4640 ira
1077 4583 1441 4650 subverteret,
1466 4600 1568 4657 nec
1596 4602 1627 4642 a
1649 4588 1954 4647 devotionis
1977 4583 2032 4645 D
2056 4601 2311 4660 nequeas,
2356 4583 2512 4656 cujus
2537 4596 2697 4641 causa
2720 4594 2945 4652 negares
2971 4598 2984 4635 :
3007 4579 3263 4653 quoniam
3293 4577 3508 4651 quidem
3533 4593 3664 4649 gra-

1575 4726 1869 4786 LECTION
1874 4728 1956 4787 ES
1992 4724 2405 4789 VABIANTES.

423 4859 449 4889 τι
481 4857 668 4911 Noceat
695 4860 829 4911 Lam.
853 4859 998 4911 Ebur.
1025 4859 1134 4912 ΝΟ.
1164 4864 1208 4911 1.

420 4918 449 4958 ι)
481 4922 580 4972 Per
602 4923 921 4973 substantiam
945 4923 1061 4983 fidei
1089 4925 1223 4975 Lam.
1248 4921 1392 4976 Ebur.
1421 4926 1525 4977 Lin.
1552 4925 1661 4979 NG.
1692 4929 1737 4978 1.

422 4988 445 5015 ο
483 4984 615 5043 Quos
634 4985 752 5036 Lam
795 4987 942 5036 Ebur.
972 4987 1075 5037 Lin.
1102 4987 1213 5038 ΝΟ.
1245 4988 1286 5037 1.

420 5046 447 5117 τι
483 5048 722 5117 Pnesenti
757 5048 1074 5117 tribulatione
1099 5051 1232 5101 Lam.
1264 5048 1411 5101 Ebur.
1437 5050 1546 5103 NG.
1575 5052 1619 5102 1.
1643 5050 1701 5101 In
1724 5055 1957 5117 praesenti

359 5110 536 5159 tributa
560 5111 625 5159 sit
644 5124 840 5162 merces
862 5111 1022 5165 0am.

421 5178 444 5203 ι’
479 5171 717 5243 Consedit_
746 5174 864 5243 Lam
899 5171 1045 5226 Ebur.
1072 5174 1182 5227 NG.
1204 5176 1249 5225 1.
1275 5174 1328 5227 Si
1350 5176 1536 5227 saevitia
1557 5175 1664 5240 fuit,
1691 5180 1871 5243 cessit;
1915 5181 1957 5230 si

352 5234 543 5285 ﬂamma
564 5237 783 5287 constitit
806 5237 963 5288 Oxon.

356 5295 743 5411 Ongesiderio
766 5298 1026 5353 voluntatis
1047 5301 1181 5354 Lam.
1225 5299 1373 5354 Ebur.
1416 5301 1528 5355 ΝΟ.
1583 5302 1634 5354 1.
1676 5302 1957 5367 Voluptatis

2128 4868 2153 4930 β
2188 4865 2276 4930 Est
2296 4863 2520 4914 muneris
2539 4860 2703 4930 magni
2729 4859 2866 4930 Lam.
2887 4855 3031 4930 Ebur.
3054 4856 3165 4930 hic.
3185 4858 3237 4930 Δ1.
3286 4918 3316 4930 η

2123 4927 2154 4969 ιι
2188 4928 2382 4979 Pluvias
2396 4939 2484 4976 aer
2495 4918 2649 4976 tristis
2663 4922 2877 4973 ostendit
2895 4922 3052 4973 Oxon.
3070 4918 3342 4971 Pra-teudit
3363 4921 3498 4970 Lam.
3521 4919 3661 4971 Ebur.

2064 4994 2170 5093 ΒΤ
2193 4989 2513 5103 lﬁicsisiéxon.
2537 5047 2764 5101 excudit.
2787 5047 2923 5098 Lam.
2947 5045 3093 5097 Ebur.
3119 5044 3227 5096 ΝΟ.
3253 5046 3298 5095 1.
3322 5045 3453 5106 Imp.
3474 5043 3532 5094 In
3550 5045 3662 5095 illis.

2130 5117 2144 5167 Ξ
2190 5115 2353 5174 Usque
2378 5113 2437 5163 ad
2463 5114 2776 5163 novissimum
2798 5108 3118 5174 quadrantem
3145 5109 3279 5159 Lam.
3306 5106 3452 5157 Ebur.
3482 5108 3592 5158 NC.
3620 5110 3661 5158 t.

2130 5129 2144 5167 Ι
2191 5129 2222 5164 L'
2290 5129 2353 5164 ne
2378 5129 2437 5163 aa
2463 5129 2776 5163 novutsunum
2798 5129 3118 5174 quauruutelu
3145 5129 3279 5159 nam.
3306 5129 3452 5157 nuur.
3482 5129 3518 5158 .v
3536 5129 3592 5158 ιι.
3622 5129 3635 5158 1

2126 5129 2289 5245 ξιξῇ
2306 5183 2383 5245 est
2402 5175 2520 5245 solis
2542 5175 2678 5227 Laut.
2698 5174 2843 5245 Ebur.
3004 5171 3146 5245 ιω.
3195 5233 3209 5245 .
3266 5232 3305 5245 “
3396 5234 3403 5241 ο
3449 5233 3456 5242 Ι
3626 5234 3635 5245 .

2127 5239 2146 5281 1
2189 5240 2428 5289 Promissa
2462 5238 2689 5288 fecerunt
2714 5238 2847 5287 Lam.
2882 5234 3027 5285 Ebur.
3055 5233 3163 5285 NG.
3190 5233 3237 5283 1.
3266 5232 3459 5284 Domini
3500 5234 3660 5297 prolu-

2060 5305 2195 5354 tiatio
2217 5310 2417 5352 coronat
2442 5303 2599 5354 Oxon.

2122 5367 2162 5397 ⁸¹¹
2193 5364 2248 5416 Si
2270 5377 2370 5429 qua
2393 5364 2525 5417 Lam.
2549 5361 2698 5415 Ebur.
2726 5360 2831 5412 Litt.
2856 5358 2965 5413 NC.
2990 5358 3014 5409 1

1602 5468 1845 5528 STEPH.
1887 5469 2160 5529 BALUZII
2197 5467 2427 5527 NOTAE.

383 5652 395 5664 _
425 5582 518 5667 XI.
545 5582 921 5640 —Dominica:
951 5584 1226 5656 passionis.
1260 5583 1428 5641 Iidem
1468 5587 1681 5643 codices
1736 5591 1954 5662 promis-

350 5668 536 5850 ῐῐῗίὲῗ
555 5757 622 5767 -
647 5724 911 5785 Occidere.
952 5724 1118 5783 Iidem
1143 5725 1356 5783 codices
1380 5739 1436 5785 et
1460 5731 1674 5801 quidam
1703 5732 1795 5787 alii
1823 5732 1955 5787 occi-

388 5813 401 5849 l
432 5813 456 5850 8
490 5837 503 5849 .

388 5812 503 5850 isse.

421 5858 559 5924 XIII.
602 5899 672 5911 -—
700 5868 852 5926 Nunc
881 5872 1061 5945 magis.
1093 5869 1319 5931 Codices
1362 5871 1531 5928 sancti
1582 5871 1845 5946 Arnulphi
1897 5884 1951 5931 et

2059 5588 2347 5674 Thoantis,
2381 5600 2554 5641 nonne
2572 5584 2772 5674 magis.

2135 5659 2338 5713 Domini
2362 5662 2637 5728 praecepta.
2674 5653 2722 5710 Ὺ
2728 5668 2814 5709 res
2832 5653 2959 5728 libri
2988 5663 3221 5728 veteres,
3247 5655 3516 5728 promissa.

2130 5725 2419 5785 Exuunere.
2464 5725 2641 5784 Codex
2674 5726 2845 5797 sancti
2868 5725 3150 5797 Arnulphi,
3182 5725 3487 5795 expendere.

2129 5800 2266 5858 XIV.
2292 5831 2365 5842 —
2391 5799 2778 5867 Pupulantium.
2800 5796 2935 5854 Male
2959 5797 3312 5867 uipttlantium
3366 5798 3417 5853 in
3466 5799 3656 5858 codice

2057 5874 2224 5931 δαμοιὶ
2254 5872 2536 5944 Arnulplii.
