4230 6282
555 326 675 393 ,⁸199

1968 326 2101 384 DIVI
2129 324 2452 383 CYPBIANI

3772 320 3880 387 800

566 446 895 503 constrictos
924 444 1209 502 adhaerens
1232 443 1445 515 corpori
1479 458 1677 518 corpus
1709 444 1963 510 includit,
2009 455 2068 500 ut
2112 455 2167 501 et
2191 443 2246 504 Δ
2270 454 2392 500 rent
2438 444 2745 515 interempti
2788 444 2878 516 qui
2925 444 3166 508 viventes
3206 445 3668 517 compntabantur
3685 450 3872 505 occisi.

567 538 816 596 absumat
852 535 1160 593 incendium
1184 579 1199 605 ,
1231 546 1285 594 et
1309 547 1496 609 gravet
1526 538 1725 595 ferrum
1748 581 1764 606 ,
1804 548 1860 595 et
1885 556 1943 595 sc
1965 540 2169 596 cruciet

566 633 723 689 turba
746 630 1056 687 multorum.
2038 660 2042 685 ι

640 724 786 781 XXI.
835 724 1041 791 Quibus
1077 732 1254 781 autem
1286 725 1573 797 inquisitus
1615 741 1830 795 semper
1878 726 1977 782 fuit
2027 726 2169 781 Deus

564 827 662 876 aut
681 828 876 885 notus,
918 833 1210 890 numquam
1238 818 1434 875 excidit
1470 817 1670 875 Christi
1701 819 1880 884 locus;
1913 819 1999 875 ubi
2026 819 2167 889 jacet

568 911 775 984 gratia,
805 911 895 968 ubi
922 911 1224 967 virentibus
1246 912 1451 982 campis
1481 921 1618 969 terra
1652 911 1928 967 luxurians
1951 913 2173 967 alumno

571 1003 644 1037 ⁸⁸⁸
671 1018 731 1060 se
749 1002 923 1059 induit
953 1005 1228 1075 gramine,
1258 1012 1312 1058 et
1338 1003 1613 1060 redolente
1635 1004 1868 1073 pascitur
1888 1005 2056 1067 ﬂore;
2080 1002 2167 1058 ubi

569 1097 741 1155 altum
772 1111 995 1152 nemora
1034 1096 1289 1152 tolluntur
1320 1096 1371 1151 in
1405 1096 1659 1152 verticem
1681 1138 1696 1157 ,
1738 1106 1789 1150 et
1823 1095 1912 1151 ubi
1951 1094 2171 1151 densior

574 1189 827 1248 arborem
884 1203 1037 1244 coma
1092 1188 1255 1244 vestit
1303 1187 1555 1259 quicquid
1604 1180 1954 1243 curv'antibus
2008 1187 2170 1243 ramis

574 1297 738 1341 scena
768 1281 1030 1353 dejiciens
1058 1281 1397 1337 inumbrarit.
1428 1279 1616 1336 Omnia
1646 1280 1754 1335 illic
1780 1295 1888 1335 non
1925 1279 2167 1349 frigoris,

573 1389 679 1432 nec
702 1373 946 1440 ardoris,
988 1387 1089 1430 nec
1137 1382 1194 1427 ut
1239 1373 1290 1428 in
1333 1380 1589 1427 autumno
1628 1386 1755 1426 arva
1798 1370 2169 1440 requiescant,

576 1476 671 1524 aut
722 1466 915 1522 iterum
975 1480 1104 1520 vere
1156 1478 1297 1519 novo
1370 1463 1527 1519 tellus
1591 1462 1838 1519 faciunda
1893 1462 2169 1532 parturiat.

576 1558 750 1618 Unius
776 1568 969 1615 cuncta
1008 1564 1135 1611 sunt
1174 1556 1463 1626 temporis,
1519 1555 1677 1609 unius
1729 1569 1883 1624 poma
1932 1552 2175 1608 feruntur

574 1651 814 1717 aestatis;
859 1650 1054 1723 quippe
1101 1663 1223 1703 cum
1267 1662 1366 1702 nec
1408 1647 1685 1703 mensibus
1714 1647 1827 1701 suis
1877 1657 1999 1699 tunc
2053 1646 2173 1699 luna

577 1745 867 1812 deserviat,
910 1759 1006 1799 nec
1028 1758 1127 1815 per
1156 1742 1408 1796 horarum
1448 1741 1525 1794 sol
1575 1749 1844 1795 mmnenta
1884 1739 2170 1804 decurrat,

2269 535 2413 591 Mors
2442 537 2639 607 quippe
2666 536 3012 606 integriorem
3038 534 3166 592 facit
3196 536 3359 593 vitam
3378 578 3396 602 ,
3444 552 3594 595 mors
3614 540 3871 596 amissam

2270 628 2471 683 invenit
2490 628 2735 698 gloriam.
2750 627 2882 683 Nam
2916 627 3019 684 hoc
3045 642 3172 700 spes
3193 630 3307 701 jam
3334 630 3533 687 amissa
3560 632 3872 703 percipitur,

2271 722 2376 779 hoc
2426 723 2572 779 salus
2635 732 2825 780 cuncta
2883 731 3182 795 reparatur.
3250 723 3342 782 Sic
3414 740 3537 781 cum
3603 727 3881 783 arentibus

2270 813 2478 886 campis
2509 826 2530 853 ε
2555 825 2799 871 semente
2819 814 3152 882 defecerint,
3183 825 3239 872 et
3264 814 3451 873 herbis
3473 826 3616 874 terra
3641 819 3882 877 morien—

2273 906 2414 962 tibus
2456 907 2732 974 mstuarit,
2761 907 2972 977 supinis
3015 923 3047 965 e
3086 908 3315 965 collibus
3360 908 3584 967 fluvium
3620 913 3883 982 juviteli-

2270 1012 2396 1054 ccre
2415 1008 2470 1054 et
2492 999 2911 1056 scaturientibus
2938 1000 3071 1056 rivis
3099 1015 3231 1056 arva
3268 1002 3508 1060 sitientia
3537 1014 3879 1076 temperare,

2273 1105 2467 1162 quose
2511 1091 2565 1146 in
2611 1090 2806 1148 uberes
2845 1090 3057 1148 culmos
3104 1092 3244 1148 victa
3290 1096 3406 1164 agri
3445 1094 3708 1166 jejunitas
3756 1095 3883 1151 fun-

2271 1182 2460 1251 deret,
2520 1193 2575 1239 et
2639 1183 2855 1255 pluviali
2926 1183 3100 1241 imbre
3146 1187 3373 1241 mentito
3430 1201 3588 1259 seges
3649 1187 3870 1243 densior

2273 1274 2595 1333 inhorreret.

2346 1366 2536 1424 XXIV.
2559 1367 2697 1437 Quid
2724 1370 2884 1441 igitur
2902 1413 2916 1438 ,
2949 1369 3141 1450 fratres
3164 1371 3465 1429 charissimi
3482 1413 3499 1439 ,
3527 1372 3869 1445 potissimum

2276 1460 2533 1527 referant,
2564 1462 2763 1533 quidve
2799 1462 3008 1520 dicam?
3033 1463 3125 1521 Sic
3154 1465 3205 1520 in
3235 1481 3399 1521 unum
3433 1467 3891 1525 convenientibus

2279 1553 2446 1608 titulis
2474 1553 2767 1625 dignitatis,
2797 1556 3044 1611 turbatur
3074 1559 3320 1625 animus,
3349 1558 3640 1615 deducitur
3664 1575 3886 1627 sensus,

2280 1654 2334 1700 et
2360 1645 2412 1700 in
2443 1645 2561 1718 ipso
2597 1656 2793 1703 conatu
2836 1647 3057 1704 nitentis
3081 1649 3281 1720 eloquii
3336 1651 3513 1720 impar
3559 1667 3741 1707 sermo
3792 1666 3891 1707 va-

2282 1738 2472 1793 nescit.
2533 1738 2671 1808 Quid
2714 1741 2859 1795 enim
2902 1749 2988 1798 est
3023 1739 3129 1797 dici
3173 1742 3317 1813 quod
3357 1744 3489 1798 satis
3523 1759 3648 1801 esse
3686 1745 3888 1815 possit,

578 1849 673 1894 aut
717 1838 769 1893 in
800 1845 1010 1892 noctem
1041 1836 1134 1889 lux
1177 1834 1353 1903 fugata
1390 1832 1676 1888 Concedat.
1730 1831 1902 1887 liabet
1950 1830 2177 1901 pepulos
2208 1841 2255 1902 Β
2284 1845 2403 1885 cum
2449 1832 2494 1886 si
2551 1831 2659 1886 vim
2712 1841 2931 1889 aeternae
2976 1834 3167 1890 salutis
3219 1837 3585 1906 expresseris,
3638 1849 3894 1894 occurrat

580 1929 736 2002 quies
761 1929 882 1983 lmta
905 1970 919 1994 ,
965 1925 1125 1982 sedes
1153 1934 1300 1981 tenet
1324 1923 1533 1994 placida
1554 1964 1569 1990 ,
1601 1923 1688 1977 ubi
1719 1922 1838 1977 fons
1880 1922 2181 1977 scaturiens

582 2019 795 2079 medius
829 2020 954 2077 sinu
993 2018 1129 2074 alvei
1183 2018 1580 2088 prorumpentis
1617 2017 1876 2087 emergit,
1926 2025 1981 2070 et
2023 2030 2182 2072 rauco

584 2128 684 2186 per
725 2110 1006 2168 intervalla
1047 2112 1273 2166 circuitu
1317 2111 1551 2164 sinuosis
1578 2108 1808 2163 flexibus
1856 2107 2070 2173 labitur,
2127 2116 2184 2162 ut

585 2207 641 2263 in
680 2220 777 2261 ora
829 2204 1161 2261 nascentium
1217 2203 1317 2258 sibi
1364 2201 1644 2256 fluminum
1688 2199 1981 2255 dividatur.
2050 2198 2184 2255 Hinc

585 2314 714 2371 ergo
764 2313 953 2370 magna
1002 2298 1118 2352 laus
1166 2310 1493 2368 martyrum,
1554 2294 1677 2350 hinc
1737 2293 1931 2351 nobilis
1982 2308 2182 2349 corona

585 2395 875 2461 victorum,
904 2392 1096 2465 quibus
1120 2391 1320 2460 majora
1349 2392 1430 2445 his
1455 2390 1780 2459 repromissa
1809 2399 1958 2457 sunt,
1988 2389 2184 2461 quibus

586 2486 824 2543 auctiora
862 2493 989 2543 sunt
1018 2484 1260 2556 praemia.
1295 2482 1448 2553 Quod
1494 2497 1625 2539 vero
1679 2481 1765 2538 vel
1810 2480 1939 2537 feris
1989 2495 2186 2551 corpus

588 2580 856 2652 objicitur,
904 2578 987 2633 vel
1030 2578 1318 2633 imminens
1342 2576 1553 2648 gladius
1586 2592 1696 2632 non
1725 2577 1963 2642 timetur,
1995 2575 2183 2647 digna-

592 2674 752 2732 tionis
780 2672 1078 2729 ostenditur
1099 2671 1271 2737 ratio,
1304 2669 1680 2726 manifestatur
1706 2668 1923 2725 electio.
1971 2667 2184 2724 Etenim

591 2770 952 2840 incongruens
997 2767 1169 2822 fuerat
1200 2775 1255 2820 ut
1294 2780 1451 2835 quem
1496 2780 1711 2835 tequum
1756 2763 1886 2818 tanti
1949 2762 2188 2817 muneris

584 2862 903 2935 iudicasset,
933 2862 1072 2916 inter
1101 2870 1316 2915 terrena
1347 2859 1471 2914 vitia
1495 2857 1794 2929 sordesque
1816 2857 2092 2912 retineret.

663 2954 831 3010 XXII.
873 2952 1063 3009 Merito
1103 2953 1247 3009 enim
1281 2950 1409 3006 nihil
1457 2950 1640 3017 vobis,
1683 2965 1717 3006 ο
1743 2950 1866 3006 boni
1889 2961 2187 3020 martyres,

592 3046 939 3118 denegatum,
970 3061 1104 3116 quos
1146 3059 1271 3115 spes
1299 3043 1615 3099 aeternitatis
1646 3043 1741 3097 alit
1768 3050 1822 3097 et
1849 3042 2019 3110 lueis,
2058 3057 2193 3111 quo-

589 3153 821 3212 rumque
870 3138 1083 3194 devotio
1136 3137 1384 3193 nniversa
1433 3145 1488 3192 et
1541 3151 1696 3192 mens
1755 3136 1961 3191 scelesti
2014 3134 2190 3189 dedita

2285 1920 2540 1988 ambitio,
2562 1923 2616 1978 'si
2641 1924 2902 1980 ambitum
2937 1925 3138 1982 dixeris
3159 1967 3175 1994 ,
3218 1930 3511 1998 praeveniat
3536 1931 3892 2001 magnitudo?

2286 2014 2396 2070 Res
2435 2015 2703 2088 simulque
2731 2029 3033 2089 congruunt
3075 2020 3342 2092 simulque
3378 2033 3734 2089 concurrunt;
3781 2037 3887 2077 nec

2285 2117 2369 2163 est
2420 2107 2564 2179 quod
2616 2108 2834 2181 dignum
2881 2111 3262 2181 proferendum
3308 2128 3430 2170 esse
3480 2113 3746 2171 videatur.
3800 2113 3885 2169 ita

2288 2201 2518 2273 impetus
2564 2203 2826 2259 orationis
2869 2203 3119 2261 audentis
3158 2206 3305 2262 velut
3354 2207 3640 2277 implicitos
3700 2207 3890 2262 irrcti-

2288 2303 2475 2365 tosipte
2516 2298 2726 2353 obviam
2753 2313 2821 2354 ex
2844 2298 3074 2355 adverso
3116 2301 3360 2372 martyrii
3405 2302 3650 2373 exempla
3702 2313 3894 2360 tenue-

2288 2398 2435 2445 runt.
2458 2388 2589 2457 Quae
2616 2406 2748 2458 vox,
2770 2406 2893 2461 quae
2922 2392 3110 2458 latera,
3139 2408 3262 2464 qua:
3286 2394 3431 2450 vires
3455 2395 3627 2450 instar
3651 2398 3892 2452 muneris

2289 2482 2423 2536 tanti
2484 2483 2700 2552 capiant
2751 2482 3057 2539 sustinere?
3114 2482 3469 2541 Confessione
3529 2488 3676 2543 vocis
3732 2491 3891 2545 unius

2289 2574 2513 2630 adversit
2539 2575 2930 2644 succumbunt,
2960 2576 3077 2632 lzeta
3108 2579 3452 2647 proveniunt,
3483 2590 3666 2650 patent
3703 2596 3888 2653 regna,

2293 2675 2546 2739 parantur
2576 2668 2794 2739 imperia
2813 2711 2828 2736 ,
2857 2668 3160 2726 devincitur
3186 2686 3347 2742 prmia
3367 2715 3384 2739 ,
3409 2688 3555 2730 mors
3578 2674 3889 2746 subjicitur,

2292 2760 2398 2814 vita
2448 2758 2746 2831 profertur,
2774 2770 2828 2817 et
2852 2760 2919 2793 ³⁸¹
2951 2762 3252 2820 infestantis
3298 2764 3503 2820 inimici
3540 2768 3887 2837 repugnantia

2292 2867 2439 2907 arma
2467 2854 2746 2909 solvuntur
2773 2854 2821 2909 ά.
2857 2854 2913 2912 Si
2936 2855 3195 2912 delictum
3232 2867 3350 2924 est,
3396 2857 3631 2925 occidit;
3681 2859 3725 2914 si
3775 2860 3882 2914 cri-

2292 2964 2451 3013 men,
2485 2948 2715 3004 absistit.
2749 2947 2938 3017 Unde,
2971 2964 3156 3020 quaeso
3196 2965 3290 3006 vos
3311 2992 3325 3016 ,
3370 2952 3564 3008 vestris
3604 2951 3706 3008 hoc
3739 2967 3890 3009 meu-

2298 3042 2438 3098 tibus
2467 3042 2791 3112 ponderate,
2831 3052 3147 3114 tantumque
3175 3044 3243 3100 de
3283 3054 3467 3101 nostra
3496 3047 3742 3103 oratione
3779 3062 3894 3117 per-

2295 3136 2461 3205 cipite
2486 3144 2746 3205 quantum
2785 3135 2968 3191 sciatis
2998 3152 3094 3192 vos
3119 3151 3276 3208 posse
3300 3138 3522 3194 sentire.

589 3233 829 3290 cernitur
854 3232 1120 3289 servituti.
1143 3232 1354 3298 Merito,
1385 3230 1601 3303 inquam
1621 3272 1636 3297 ,
1668 3229 1862 3286 merito
1886 3229 2015 3284 nihil
2040 3228 2191 3283 vobis
2217 3233 2263 3295 C
2366 3227 2535 3285 XXV.
2570 3229 2756 3285 Veniat
2779 3240 2904 3286 ante
2946 3231 3134 3287 oculos
3170 3241 3382 3289 vestros
3407 3233 3495 3303 qui
3521 3232 3635 3289 dies
3682 3233 3776 3289 ille
3825 3233 3894 3288 sit

591 3326 731 3382 velle
791 3340 895 3380 non
952 3324 1196 3389 licitum,
1251 3337 1481 3394 quorum
1529 3322 1711 3378 animo
1771 3320 2061 3391 despectus
2104 3320 2189 3377 hic

593 3416 825 3474 mundus
851 3426 905 3473 et
953 3416 1179 3472 alienata
1215 3413 1399 3470 smculi
1447 3414 1608 3469 facies
1653 3413 1798 3469 velut
1843 3412 2067 3468 confusa
2114 3421 2193 3468 te-

595 3508 887 3567 nebrarum
932 3508 1199 3564 inhorruit
1248 3507 1499 3572 accitas,
1558 3507 1643 3562 cui
1703 3516 1787 3561 est
1833 3521 2048 3575 semper
2107 3505 2192 3560 hic

595 3604 829 3661 mundus
858 3604 977 3661 loco
1012 3604 1278 3667 carceris,
1330 3610 1468 3657 tecta
1519 3616 1616 3672 pro
1652 3600 1936 3667 claustris,
1986 3602 2038 3655 in
2087 3602 2193 3656 vita

596 3714 814 3770 semper
857 3698 1034 3754 habita
1079 3705 1434 3754 commeatus.
1478 3694 1569 3753 Sic
1594 3695 1793 3767 quippe
1833 3693 2193 3762 triumphante

596 3794 819 3849 victoria
850 3792 917 3848 de
949 3793 1032 3848 his
1075 3792 1229 3846 malis
1277 3790 1483 3861 rapitur
1532 3804 1689 3860 quem
1738 3805 1843 3844 non
1890 3788 2193 3860 pompatico

597 3901 783 3958 gressu
813 3900 944 3940 vana
974 3885 1199 3954 subjecit
1246 3883 1469 3938 ambitio
1494 3925 1509 3948 ,
1557 3890 1651 3936 aut
1690 3882 1960 3952 popularis
1997 3880 2198 3936 extulit

598 3977 944 4049 magnitudo,
993 3977 1086 4032 St‘tl
1118 3992 1273 4045 quem
1306 3975 1514 4031 ctelesti
1545 3973 1838 4045 cupiditate
1878 3972 2213 4045 flagrantem.

597 4087 696 4129 suo
719 4071 964 4125 Christus
988 4068 1191 4123 addidit
1217 4084 1402 4138 regno.
2158 4135 2166 4143 .

616 4146 621 4149 ἓ
672 4162 861 4220 XXIII.
895 4160 1036 4217 Nihil
1079 4162 1256 4231 itaque
1303 4170 1408 4215 tam
1453 4176 1702 4230 magnum
1736 4170 1895 4230 atque
1935 4176 2199 4216 veneran-

598 4256 725 4313 dum
766 4271 925 4327 quant
955 4254 1096 4326 quod
1145 4253 1336 4308 liberat
1376 4270 1405 4306 a
1462 4262 1632 4307 morte
1654 4240 1706 4307 et
1752 4253 1874 4308 facit
1921 4253 2102 4309 vivere
2145 4263 2201 4307 ct

600 4350 692 4407 dat
726 4358 984 4421 perpetuo
1015 4363 1259 4419 regnare.
1306 4346 1515 4402 Sanctis
1547 4345 1640 4399 Dei
1672 4347 1771 4400 huc
1820 4354 2001 4415 aptum
2024 4387 2037 4409 ,
2091 4346 2197 4399 mi-

600 4445 740 4501 seris
778 4442 1174 4506 necessarium,
1208 4440 1458 4495 omnibus
1501 4448 1749 4510 gratum,
1794 4454 1901 4509 quo
1951 4441 2201 4493 lmtantur

602 4535 749 4599 boni,
787 4534 1093 4589 relevantur
1130 4530 1322 4601 abjccti
1349 4573 1362 4595 ,
1395 4540 1723 4587 coronantur
1762 4529 1942 4586 electi.
1990 4530 2199 4585 Etenim

2293 3339 2413 3379 cum
2428 3333 2704 3395 spectante
2720 3324 2933 3396 populo,
2958 3338 3117 3397 atque
3131 3326 3456 3383 intuentibus
3467 3326 3687 3389 cunctis,
3704 3337 3888 3382 contra

2295 3425 2539 3473 terrenas
2553 3433 2743 3473 cruces
2773 3427 2828 3474 et
2846 3418 3211 3476 minassmculi
3238 3420 3543 3476 inconcussa
3570 3420 3787 3477 devotio
3814 3435 3891 3475 re-

2296 3509 2547 3577 lnctetur,
2574 3524 2737 3580 quam
2757 3511 3001 3582 suspensi
3025 3512 3187 3567 animi
3214 3522 3523 3584 mentesque
3553 3513 3803 3569 sollicita:
3829 3512 3897 3568 de

2296 3607 2512 3676 ancipiti
2544 3607 2918 3677 trepidatione,
2951 3608 3327 3675 gratulantiqu
3364 3606 3660 3663 formidinis
3697 3607 3901 3676 pavida:

2296 3698 2602 3767 quatiantur
2641 3700 2886 3766 horrore,
2917 3714 3038 3771 qua:
3076 3699 3185 3755 illic
3211 3701 3457 3756 anxietas
3485 3716 3607 3770 qua:
3629 3701 3900 3773 exoptatio

2298 3804 2540 3860 precum,
2571 3809 2691 3864 qum
2719 3803 2840 3849 vota
2863 3804 3250 3860 memorentur,
3283 3809 3407 3850 cum
3445 3794 3625 3852 adhuc
3683 3806 3901 3850 iuuante

2298 3886 2538 3948 victoria,
2588 3885 2830 3956 atquein
2870 3886 3102 3942 incertos
3148 3888 3326 3942 exitus
3352 3900 3482 3942 casu
3528 3890 3717 3943 victrix
3745 3891 3903 3959 capiti

2299 3992 2498 4034 corona
2520 3976 2840 4046 dependeat,
2871 3992 3101 4049 cumque
3124 3977 3211 4032 illa
3241 3979 3499 4049 pestilens
3525 3995 3588 4034 ac
3620 3980 3903 4035 furibunda

2299 4069 2568 4127 confessio
2607 4070 2930 4125 accendatur
2976 4071 3074 4133 ira,
3110 4070 3472 4126 inllammetur
3510 4071 3906 4135 insania,omni

2301 4162 2531 4231 denique
2565 4162 2796 4229 pectoris
2822 4161 2966 4216 rabie
2994 4176 3057 4216 ac
3101 4163 3260 4217 minis
3303 4162 3673 4218 [renidentibus
3698 4172 3907 4217 terrm.

2304 4263 2390 4308 tur
2436 4252 2646 4307 Etenim
2678 4262 2934 4324 quantum
2965 4253 3066 4310 hoc
3091 4254 3161 4309 sit
3185 4254 3305 4325 quis
3331 4253 3562 4325 ignorat,
3594 4265 3651 4310 ut
3687 4269 3793 4310 non
3817 4253 3915 4308 do-

2305 4346 2511 4400 loribus
2556 4345 2856 4411 vulnerum,
2908 4328 3013 4399 non
3070 4346 3262 4402 ictibus
3318 4347 3714 4417 quaestionum,
3764 4347 3918 4402 velut

2303 4439 2556 4510 despecta
2582 4449 2764 4496 nostra
2810 4439 3065 4512 fragilitas
3106 4450 3163 4496 et
3202 4441 3450 4497 humana:
3495 4439 3712 4497 virtutis
3739 4439 3921 4510 inopi-

2305 4542 2426 4587 nata
2457 4532 2612 4588 cedat
2644 4534 2862 4589 audacia
2881 4576 2897 4602 ,
2924 4544 3065 4589 stare
3094 4534 3361 4590 hominem
3413 4526 3510 4589 nec
3539 4533 3764 4600 moveri,
3800 4544 3920 4589 tor-

606 4632 748 4687 Deus
775 4629 1015 4685 omnium
1058 4627 1233 4682 cultor
1280 4625 1423 4681 velut
1470 4625 1737 4696 quoddam
1781 4625 2038 4696 martyrio
2066 4634 2092 4661 τι
2118 4639 2204 4681 re-
2230 4631 2282 4691 D
2309 4628 2459 4697 queri
2493 4642 2591 4684 nec
2640 4638 2816 4684 tamen
2876 4628 3035 4693 vinci,
3089 4627 3181 4685 sed
3216 4643 3371 4699 paena
3416 4628 3532 4700 ipsa
3586 4629 3761 4700 potius
3811 4644 3922 4701 qua

606 4722 840 4778 medium
884 4720 1007 4775 vita:
1053 4717 1202 4775 dedit
1244 4716 1460 4789 quando
1507 4716 1628 4769 aliis
1681 4714 1808 4770 illud
1865 4730 1961 4786 pro
2013 4715 2207 4771 merito

606 4831 791 4874 eorum
822 4813 1037 4880 tribuit,
1080 4813 1200 4868 aliis
1247 4826 1343 4882 pro
1392 4807 1759 4866 misericordia
1813 4823 1907 4864 sua
1965 4809 2200 4865 tradidit.

607 4909 851 4966 Vidimus
904 4907 1102 4979 quippe
1155 4904 1222 4959 ad
1281 4905 1421 4959 hunc
1472 4901 1707 4957 nominis
1756 4900 1784 4939 δ
1837 4901 2047 4956 titulum
2100 4902 2207 4958 fide

606 5003 817 5060 nobiles
862 5001 1077 5057 venisse
1125 4998 1407 5069 plerosque
1437 5005 1495 5051 ut
1537 4994 1843 5051 devotionis
1888 4995 2205 5067 obsequium

610 5112 757 5153 mors
787 5095 1118 5151 honestaret.
1154 5090 1259 5148 Sed
1294 5100 1349 5147 et
1373 5090 1507 5145 alios
1557 5086 1864 5159 frequenter
1901 5090 2209 5159 aspeximus

610 5190 886 5248 interritos
909 5189 1159 5251 stetisse,
1208 5183 1517 5241 utadmissa
1573 5193 1786 5254 peccata
1837 5183 2206 5249 redimentes,

610 5297 805 5340 cruore
831 5297 932 5338 suo
960 5280 1053 5336 loti
1083 5279 1413 5337 haberentur
1438 5277 1493 5332 in
1520 5276 1782 5349 sanguine
1799 5325 1813 5345 ,
1839 5286 1893 5331 et
1918 5275 2211 5334 revivisce-

2312 4721 2583 4775 cruciatur
2604 4721 2823 4775 armari.

2382 4806 2572 4870 XXVI.
2614 4814 2964 4872 Considerate
3020 4815 3147 4886 quid
3198 4817 3297 4882 sit,
3344 4815 3644 4873 cbarissimi
3702 4815 3926 4882 fratres,

2310 4920 2525 4963 omnem
2546 4909 2786 4981 martyrii
2819 4908 3126 4965 ﬁrmitatem
3155 4909 3403 4966 sensibus
3455 4908 3647 4965 vestris
3691 4910 3929 4964 animis.

2311 5012 2415 5071 que
2439 4998 2738 5070 proponite.
2762 5000 2906 5057 Ecce
2952 5000 3094 5056 enim
3142 5002 3193 5057 in
3226 5001 3472 5073 passione
3501 4998 3789 5071 cujuslibet
3826 5017 3932 5058 vo-

2312 5093 2416 5149 cati
2464 5092 2697 5163 gaudent
2722 5093 3042 5166 jampridem
3090 5095 3245 5152 acciti
3290 5110 3323 5150 e
3373 5094 3573 5152 saeculo
3625 5102 3930 5165 martyres,

2313 5184 2548 5257 gaudent
2598 5185 2861 5242 bonorum
2914 5188 3155 5244 omnium
3194 5188 3389 5253 nuntii,
3442 5187 3676 5260 gaudent
3718 5188 3939 5258 pariter

2314 5276 2492 5335 electi.
2518 5276 2592 5333 lbi
2629 5277 2840 5334 laetatur
2864 5278 3033 5336 milite
3079 5295 3180 5338 suo
3221 5280 3500 5351 Dominus,
3528 5279 3743 5337 laetatur
3790 5288 3938 5337 teste

1772 5466 1777 5471 Q
1862 5374 2250 5449 LECTIONES
2287 5390 2707 5449 VARIANTES.

677 5521 824 5587 {sic
849 5517 1249 5587 [nip.puoddam
1262 5517 1310 5567 in
1327 5515 1560 5587 martyrio
1583 5509 2089 5568 Oxon.Lam.Ebor.N
2096 5509 2204 5562 (1.1.

671 5585 703 5625 δ
722 5578 961 5637 Homines
982 5578 1118 5634 me.
1143 5579 1289 5633 Ebor.
1319 5578 1428 5633 NG.
1457 5579 1501 5630 f.

2375 5512 2398 5543 α
2426 5508 2598 5562 Glebis
2622 5512 2754 5563 Lam.
2781 5510 2926 5564 Ebor.
2948 5511 3059 5565 ΝΕ.
3086 5513 3133 5565 1.

2376 5571 2405 5613 (ι
2425 5573 2774 5626 Resolvuntur.
2797 5575 2929 5629 Lam.
2949 5577 3090 5628 Ebor.
3113 5574 3223 5629 NG.
3247 5576 3297 5627 1.

1848 5680 2094 5743 STEPH.
2134 5680 2411 5742 BALUZII
2447 5683 2678 5742 NUTE.

680 5808 838 5866 ΧΧΠ.
888 5832 960 5845 --
985 5802 1137 5860 Nihil
1160 5803 1300 5863 vobis
1326 5802 1655 5871 denegatum.
1687 5799 1881 5869 Supra.
1905 5797 2083 5871 Epist.
2101 5814 2173 5856 xv
2193 5840 2210 5871 ,

603 5895 651 5946 p.
688 5879 757 5933 26
787 5897 802 5931 .-
832 5876 984 5946 Quid
1019 5871 1154 5927 enim
1182 5872 1356 5948 potius
1384 5867 1801 5942 devindulgentin
1829 5869 2042 5928 Domini
2082 5867 2218 5940 quod

2323 5816 2422 5858 non
2450 5800 2718 5874 impetrare
2739 5803 3051 5861 mereamini.
