4230 6282
345 255 449 313 80!

1503 248 1704 309 LIBER
1747 249 1835 309 DE
1875 245 2111 311 LAUDE
2150 247 2508 307 MARTYRII.

3541 245 3652 306 802

344 367 580 426 nominis
615 365 697 424 sui
739 365 1004 424 Christus.
1038 365 1231 425 Parum
1267 374 1351 423 est
1392 365 1534 438 quod
1579 365 1721 429 dico,
1749 364 1943 422 fratres
1969 367 2019 426 A
2046 371 2102 418 et
2124 363 2379 420 saeculum
2406 361 2643 430 Christo,
2687 371 2747 420 ut
2787 362 3044 436 scriptum
3094 369 3221 419 est:
3262 361 3491 419 Mundus
3519 361 3649 417 mihi

344 458 671 525 charis-simi,
714 474 898 528 parum
947 466 1052 515 est.
1084 456 1159 514 Ita
1187 472 1376 529 magna
1413 457 1544 512 mihi
1583 459 1719 513 ratio
1764 458 1815 512 in
1843 457 1947 514 hoc

345 566 544 624 genere
564 549 777 607 dicendi
801 566 866 606 ac
892 552 1060 608 moles
1102 549 1411 606 admiranda
1441 560 1688 619 suscepta
1709 558 1815 613 est;
1850 548 1946 605 sed

346 642 576 707 arbitrii,
606 656 791 713 quaeso
838 658 955 712 vos,
1004 643 1236 715 gravitas
1277 641 1346 698 ab
1392 641 1689 697 intentione
1735 641 1947 712 propria

348 748 457 790 non
503 733 663 803 desit,
721 733 901 792 sciens
951 743 1159 790 tantum
1206 733 1275 790 de
1323 732 1579 805 martyrio
1633 748 1789 804 posse
1842 732 1949 789 dici

348 837 604 899 quantum
650 827 881 896 potuerit
917 825 1193 883 aestimari.
1224 824 1377 882 Unde
1418 834 1474 880 et
1516 825 1632 881 haec
1674 824 1787 880 sola
1822 839 1951 881 exe-

348 918 578 991 quenda:
607 917 781 975 laudis
809 918 905 974 fuit
944 931 1128 983 causa,
1169 932 1276 973 non
1307 932 1415 988 quo
1444 931 1625 988 parem
1653 932 1738 972 me
1764 917 1949 989 gloria:

350 1010 467 1081 ejus
499 1020 659 1082 atque
698 1008 946 1067 idoneum
974 1008 1296 1081 iudicarem,
1322 1009 1417 1066 sed
1465 1008 1607 1081 quod
1645 1019 1845 1065 tantam
1897 1010 1950 1066 in

353 1100 446 1159 illo
470 1120 747 1161 cernerem
773 1104 895 1160 esse
919 1103 1191 1172 virtutem,
1207 1112 1284 1171 ut,
1300 1103 1399 1159 etsi
1419 1119 1605 1173 parum
1632 1103 1699 1159 de
1718 1118 1785 1159 eo
1802 1103 1946 1160 dice-

353 1211 490 1264 rem,
513 1195 799 1268 plurimum
817 1210 905 1252 me
929 1194 1130 1252 dixisse
1155 1197 1456 1268 proﬁterer.
1483 1194 1619 1251 Nam
1643 1197 1954 1266 praeferatur

355 1295 484 1351 licet
512 1294 653 1349 bono
677 1293 798 1350 fidei
823 1292 1063 1350 custodia
1085 1291 1310 1363 iustitia,
1340 1292 1721 1363 melioremque
1737 1306 1797 1348 se
1813 1292 1953 1348 inter

355 1388 595 1444 omnium
623 1384 808 1443 laudes
838 1386 1113 1457 virginitas
1142 1384 1486 1441 immaculata
1520 1395 1830 1457 cognoscat,
1858 1399 1953 1441 ce-

357 1482 448 1539 dat
500 1491 676 1536 tamen
750 1493 970 1535 necesse
1020 1486 1102 1534 est
1154 1477 1401 1549 sanguini
1432 1486 1457 1515 ι
1485 1478 1955 1547 summittaturque

356 1575 555 1632 cruori.
603 1572 680 1630 Illi
727 1572 1010 1644 elegerunt
1059 1571 1281 1639 bonum,
1311 1571 1365 1627 hi
1409 1570 1599 1629 imitati
1650 1579 1776 1627 sunt
1798 1568 1955 1627 Chri-

356 1679 522 1727 stum.

2051 459 2330 526 cruci/incus
2373 468 2468 526 est,
2513 468 2559 513 et
2599 475 2692 530 ego
2743 459 2936 516 ntundo
2976 457 3118 530 (Gal.
3149 473 3221 524 Vl,
3269 458 3384 529 14).
3436 456 3647 513 Nemini

2049 550 2296 608 amabilis
2338 549 2438 606 fuit
2500 551 2734 607 mundus
2777 567 2935 623 quem
2993 566 3100 606 non
3144 558 3270 605 ante
3317 549 3651 605 damnaverit

2052 644 2329 713 Dominus,
2383 659 2482 700 nec
2526 645 2700 701 salute
2742 647 2910 716 potuit
2936 643 3039 699 frui
3093 651 3290 699 aeterna
3318 641 3409 713 qui
3464 640 3650 699 mundi

2050 738 2309 810 gloriatus
2329 747 2413 795 est
2439 738 2567 793 vita.
2596 736 2714 794 Vox
2757 749 2840 794 est
2869 738 2967 794 ista
3011 735 3208 793 Christi
3245 735 3473 791 dicentis
3502 752 3515 788 :
3548 733 3653 801 Qui

2052 831 2106 885 in
2134 832 2231 886 hoc
2254 830 2443 887 sacqu
2471 830 2716 885 amaverit
2741 831 2966 885 animam
2988 847 3154 897 suam,
3173 831 3237 915 in
3281 835 3452 902 futuro
3476 829 3653 901 perdet

2051 923 2235 990 illam;
2257 925 2344 995 qui
2373 933 2543 979 autem
2563 924 2617 979 in
2642 924 2738 978 hoc
2777 923 2967 979 sarculo
3012 923 3176 979 oderit
3198 923 3366 991 illaut,
3397 923 3451 978 in
3477 923 3654 992 futuro

2053 1016 2267 1072 inveniet
2287 1034 2399 1073 eam
2426 1016 2644 1090 (Matth.
2674 1032 2704 1072 x
2723 1059 2740 1086 ,
2769 1016 2888 1089 39).
2906 1015 3013 1073 Sed
3042 1025 3099 1073 et
3126 1017 3402 1087 apostolus
3422 1015 3652 1073 Paulus:

2053 1108 2365 1177 lmitatores,
2413 1110 2601 1182 inquit,
2657 1110 2755 1165 mei
2804 1118 2959 1166 estote
2981 1152 2998 1176 ,
3043 1111 3174 1166 sicut
3221 1118 3271 1166 et
3320 1125 3411 1182 ego
3464 1107 3657 1165 Christi

2059 1200 2103 1274 (I
2123 1201 2338 1268 Cor.vt,
2382 1201 2461 1272 1).
2509 1202 2579 1257 Et
2623 1202 2751 1257 alibi
2783 1211 2806 1240 ε
2838 1203 2953 1272 ipse
2987 1219 3002 1258 :
3056 1200 3182 1257 Volo
3221 1216 3310 1258 vos
3337 1218 3532 1269 omnes,
3559 1200 3652 1271 ait,

2056 1294 2101 1348 si
2125 1295 2239 1363 ﬁeri
2259 1304 2441 1366 potest,
2468 1295 2747 1350 imitatores
2767 1311 2907 1351 meos
2930 1311 3039 1350 esse
3061 1292 3109 1369 (I
3138 1294 3257 1351 Cor.
3285 1311 3382 1362 vn,
3409 1292 3489 1368 7).

2132 1387 2324 1444 XXIX.
2357 1386 2500 1444 Dixit
2539 1387 2645 1445 hoc
2679 1388 2771 1444 ille
2796 1389 2887 1460 qui
2916 1403 3109 1459 passus
3134 1398 3218 1444 est
3244 1398 3300 1445 et
3335 1386 3424 1460 qui
3446 1387 3514 1443 ad
3555 1386 3659 1445 hoc

2059 1496 2247 1553 passus
2268 1490 2353 1537 est
2391 1490 2449 1536 ut
2477 1481 2778 1538 imitaretur
2818 1480 3126 1549 Dominum,
3158 1483 3342 1553 utique
3367 1491 3421 1537 et
3464 1494 3564 1537 nos
3588 1480 3659 1537 ad

2059 1575 2163 1632 hoc
2182 1576 2346 1632 voluit
2368 1576 2475 1648 pati
2502 1587 2561 1631 ut
2590 1590 2684 1648 per
2710 1577 2882 1649 ipsum
2905 1577 3240 1632 imitaremur
3279 1575 3576 1632 Christum.
3601 1573 3660 1632 Si

2053 1672 2235 1742 justus
2260 1686 2321 1729 es
2343 1682 2397 1727 et
2426 1671 2539 1730 Deo
2580 1672 2779 1741 credis,
2811 1672 2937 1744 quid
2979 1688 3077 1744 pro
3097 1688 3164 1729 eo
3193 1672 3508 1745 sanguinem
3539 1671 3662 1728 fun-

433 1761 650 1820 XXVII.
684 1759 837 1817 Nunc
877 1775 1031 1829 vero,
1059 1759 1591 1827 charissimil‘ratres,
1622 1773 1690 1817 ne
1714 1760 1835 1831 quis
1872 1773 1962 1817 me
1988 1765 2038 1827 B
2066 1766 2193 1822 dere
2215 1768 2408 1823 metuis
2434 1754 2595 1838 quem
2630 1783 2725 1838 pro
2751 1776 2802 1823 te
2829 1769 2987 1824 toties
3028 1783 3243 1839 passum
3286 1783 3408 1825 esse
3457 1782 3661 1839 cogno-

360 1856 651 1912 arbitrctur
669 1868 883 1911 omnem
897 1854 1124 1911 salutem
1141 1870 1245 1910 non
1269 1855 1376 1911 alio
1386 1864 1527 1910 statu
1548 1870 1707 1925 quam
1723 1854 1778 1909 in
1818 1869 1960 1910 mar-

355 1951 494 2022 tyrio
506 1950 821 2019 collocasse,
842 1950 943 2006 hoc
958 1951 1132 2022 primo
1146 1948 1383 2021 profecto
1397 1949 1667 2021 respiciat,
1683 1964 1857 2019 neque
1872 1964 1959 2005 me

359 2055 728 2102 tantumessc
770 2046 862 2117 qui
907 2045 1054 2117 loqui
1099 2045 1298 2110 videor,
1346 2043 1606 2115 uequeita
1656 2059 1717 2100 se
1761 2043 1960 2100 habere

354 2138 599 2195 ordinem
672 2152 893 2206 rerum,
959 2145 1015 2192 ut
1099 2135 1515 2193 immortalitatis
1579 2150 1706 2207 spes
1774 2150 1962 2206 repro-

355 2231 520 2287 missa
566 2229 726 2286 unius
771 2230 934 2302 partis
984 2229 1150 2287 latere
1188 2229 1410 2286 nitatur.
1443 2228 1573 2295 Sed,
1614 2230 1864 2300 quoniam
1888 2229 1959 2285 ita

358 2326 615 2383 Dominus
636 2340 737 2381 suo
765 2340 859 2382 ore
899 2333 1122 2381 testatus
1147 2334 1248 2388 est,
1276 2338 1398 2380 esse
1457 2321 1755 2378 habitacula
1796 2337 1962 2393 penes

358 2430 563 2490 patrem
598 2420 784 2484 multa,
828 2418 957 2474 nihil
990 2418 1161 2489 majus
1190 2415 1392 2473 credidi
1419 2432 1480 2472 ea
1517 2416 1686 2487 gloria
1718 2433 1820 2487 qua
1846 2432 1963 2487 pro—

356 2514 552 2569 bantur
590 2514 640 2568 hi
688 2514 929 2571 homines
976 2513 1064 2585 qui
1111 2513 1356 2569 saeculari
1396 2512 1595 2582 indigni
1627 2521 1749 2566 sunt
1779 2513 1884 2565 vita
1908 2511 1958 2565 ι).

358 2606 539 2677 Igitur,
562 2607 863 2663 charissimi
895 2606 1112 2673 fratres,
1141 2605 1332 2661 aemula
1367 2605 1627 2675 religione
1671 2613 1956 2671 certantes,

357 2702 503 2758 velut
551 2703 816 2758 incentivo
847 2701 1079 2773 quodam
1129 2699 1392 2756 mercedis
1445 2698 1624 2770 agitati
1662 2710 1708 2765 ο,
1747 2713 1961 2753 omnem

356 2795 549 2852 virium
580 2796 791 2868 copiam
834 2794 1279 2865 tolerantiamque
1325 2792 1635 2848 Subeamus.
1673 2789 1788 2847 Non
1818 2791 1961 2846 enim

361 2906 581 2948 movere
607 2907 707 2947 nos
744 2890 943 2947 debent
981 2890 1202 2956 caduca,
1239 2904 1359 2960 quae
1402 2902 1616 2958 semper
1647 2887 1698 2941 in
1727 2886 1965 2941 eversio-

360 3001 483 3042 nem
516 3000 688 3054 suam,
720 3001 824 3041 non
853 2984 1014 3040 modo
1053 2984 1171 3055 lege
1200 2981 1494 3053 proposita,
1528 2980 1621 3035 sed
1653 2981 1813 3035 etiam
1845 2980 1963 3051 ipso

360 3079 470 3134 ﬁne
502 3079 759 3147 temporis
801 3085 1077 3148 urgentur.
1110 3074 1389 3130 Exclamat
1433 3072 1668 3128 Joannes
1691 3081 1745 3127 et
1782 3071 1912 3126 dicit
1943 3087 1956 3125 :

2062 1858 2281 1915 scis‘llu
2307 1859 2464 1914 Esaia
2513 1869 2714 1927 sectus,
2746 1861 2801 1915 in
2850 1860 2982 1917 Abel
3025 1860 3257 1928 occisus,
3287 1861 3339 1916 in
3370 1859 3521 1915 Isaac
3563 1860 3663 1916 im-

2064 1954 2316 2021 molatus,
2345 1953 2397 2008 in
2430 1951 2630 2024 Joseph
2653 1953 3011 2023 venundatus,
3042 1955 3096 2009 in
3127 1954 3347 2014 homine
3374 1953 3664 2012 cruciﬁxus

2063 2058 2163 2105 est.
2188 2048 2279 2116 Et,
2306 2047 2375 2105 de
2401 2048 2614 2104 caeteris
2654 2049 2870 2120 quidem
2903 2059 3074 2115 taceo,
3102 2066 3221 2121 quae
3248 2064 3349 2105 nec
3374 2047 3546 2105 oratio
3568 2064 3666 2120 po-

2064 2151 2169 2197 test
2195 2142 2375 2198 dicere
2406 2155 2507 2197 nec
2526 2142 2738 2197 animus
2763 2142 3049 2197 sustinere.
3077 2140 3320 2198 Vincitur
3336 2141 3666 2198 conscientia

2064 2235 2380 2291 humilitatis
2425 2235 2704 2306 exemplo:
2733 2246 2787 2291 et
2811 2249 3009 2307 quanta
3047 2236 3351 2291 considerat
3380 2251 3499 2308 quae
3538 2235 3666 2291 dum

2066 2337 2338 2398 pateretur
2380 2327 2698 2392 acciderint,
2741 2331 2962 2383 miratur
3003 2342 3217 2399 passum
3262 2338 3479 2400 propter
3503 2343 3668 2400 quem

2064 2429 2256 2478 cuncta
2281 2420 2619 2494 trepidarint.
2650 2421 2775 2478 Dies
2800 2421 2933 2492 fugit
2959 2421 3011 2478 in
3055 2431 3289 2489 noctem,
3324 2423 3375 2478 in
3418 2422 3670 2480 tenebras

2068 2518 2158 2572 lux
2202 2527 2394 2574 cuncta
2445 2517 2733 2582 concessit,
2763 2525 2923 2588 atque
2976 2517 3230 2571 inclinato
3281 2532 3378 2589 per
3432 2516 3670 2573 alternas

2066 2611 2212 2666 vices
2243 2609 2499 2681 pondere,
2522 2609 2698 2664 omnis
2720 2620 2859 2663 terra
2881 2620 3153 2664 commota
3184 2608 3442 2676 dissiluit,
3470 2607 3671 2664 turbati

2067 2719 2288 2769 manes,
2342 2713 2686 2759 monumenta
2734 2704 2927 2758 nudata
2977 2714 3143 2768 sunt,
3177 2714 3229 2758 ct
3276 2703 3577 2775 sepulchris
3617 2703 3671 2760 itt

2067 2796 2268 2852 hiatum
2296 2795 2702 2851 dehiscentibus
2739 2806 2917 2861 terras,
2952 2794 3159 2850 reddita
3196 2795 3298 2849 luci
3330 2810 3556 2862 corpora
3584 2808 3673 2850 re-

2065 2889 2319 2944 stiterunt
2361 2886 2406 2954 ί,
2441 2888 2586 2943 ﬂuxu
2614 2886 2889 2958 sanguinis
2918 2885 3149 2940 mundus
3179 2885 3476 2951 intremuit,
3504 2885 3674 2944 scissa

2067 2997 2186 3051 quae
2226 2981 2428 3036 foribus
2466 2979 2844 3049 dependebant
2891 2977 3027 3044 vela,
3077 2977 3334 3047 templum
3367 2992 3525 3032 omne
3553 2992 3675 3033 mu—

2066 3075 2179 3145 giit.
2214 3072 2364 3129 Unde
2394 3087 2644 3143 maguum
2686 3079 2768 3127 est
2809 3070 3004 3126 imitari
3033 3084 3166 3125 eum
3197 3069 3289 3141 qui
3338 3068 3619 3125 moriendo
3646 3077 3674 3120 ε

359 3171 483 3226 Jam
513 3174 702 3229 securis
727 3172 795 3226 ad
832 3169 1056 3225 radicem
1094 3167 1290 3222 arboris
1336 3166 1500 3236 posito
1550 3173 1623 3219 est
1651 3162 1829 3235 (Joan.
1863 3177 1959 3230 xu,
1990 3163 2036 3227 C
2069 3166 2245 3237 arguit
2272 3166 2545 3221 szcculum.
2571 3163 2755 3236 Igitur,
2790 3177 2915 3219 cum
2944 3163 3010 3218 ad
3046 3162 3351 3233 exemplum
3382 3161 3677 3217 Dominicm

361 3268 477 3342 55),
508 3277 813 3323 monstrans
838 3265 1043 3321 scilicet
1070 3271 1124 3320 et
1144 3260 1431 3318 ostendens
1455 3258 1694 3314 ultimam
1725 3272 1846 3313 esse
1875 3272 1965 3313 re-

362 3379 480 3419 rum
505 3361 742 3417 omnium
772 3367 1125 3417 senectutem.
1155 3355 1260 3413 Sed
1283 3364 1336 3409 et
1355 3354 1468 3421 ipse
1499 3351 1754 3407 Dominus
1784 3368 1800 3407 :
1839 3352 1966 3405 Am-

366 3455 556 3521 bulate,
612 3456 804 3526 inquit,
859 3452 982 3507 dum
1024 3451 1185 3506 lucem
1244 3446 1457 3513 habetis,
1513 3461 1575 3500 ne
1615 3461 1703 3501 vos
1751 3445 1967 3500 tenebrat:

367 3549 795 3622 comprehendant
820 3546 1034 3621 (Matth.
1065 3542 1282 3615 ttt,10).
1325 3541 1476 3609 Quod
1517 3540 1562 3594 si
1599 3539 1694 3595 illo
1725 3547 1969 3610 tempore

366 3646 743 3705 ambulandum
775 3643 928 3698 nobis
955 3654 1076 3697 esse
1118 3638 1381 3711 praedixit,
1419 3634 1602 3706 utique
1647 3643 1703 3689 ιιι
1732 3649 1830 3690 nos
1856 3649 1969 3688 ma-

367 3743 448 3815 gis
474 3737 501 3779 ά
531 3739 928 3795 ambularemus
969 3732 1222 3789 ostendit.

439 3831 678 3890 XXVIII.
712 3834 886 3903 Atque
913 3837 970 3884 ut
994 3826 1059 3882 ad
1090 3823 1300 3880 laudem
1326 3823 1567 3894 martyrii
1598 3820 1836 3889 redeam,
1864 3833 1970 3875 vox

369 3938 450 3984 est
506 3924 799 3982 beatissimi
839 3920 987 3976 Pauli
1032 3917 1307 3973 dicentis:
1348 3913 1576 3968 Nescitis
1620 3914 1861 3984 quoniam
1885 3910 1973 3980 qui

368 4021 421 4075 in
452 4034 614 4091 agone
660 4022 893 4080 currunt,
924 4011 1075 4066 multi
1123 4018 1338 4075 certant,
1389 4021 1523 4060 unus
1576 4015 1742 4060 autem
1789 4004 1975 4075 accipit

373 4109 642 4185 palmam?
675 4108 778 4164 Vos
802 4117 971 4161 autem
998 4103 1072 4158 sic
1091 4101 1281 4156 currite
1305 4108 1357 4154 ut
1384 4114 1556 4153 omnes
1582 4097 1976 4167 comprehenda-

375 4209 439 4263 tis
469 4206 511 4280 (ι
539 4205 658 4262 Cor.
717 4221 800 4270 ις,
841 4201 958 4272 24).
987 4198 1094 4255 Sed
1121 4205 1176 4253 et
1211 4195 1356 4261 alibi,
1384 4192 1524 4265 quod
1561 4194 1627 4247 ad
1662 4191 1975 4264 martyrium

376 4295 784 4372 possithortari,
816 4291 1128 4351 colueredes
1170 4304 1268 4345 nos
1313 4286 1511 4343 Christi
1554 4284 1787 4339 vocavit.
1834 4283 1976 4351 Quin

375 4396 562 4463 etiam,
595 4406 663 4447 ne
709 4387 837 4461 quid
892 4386 1199 4450 omitteret,
1257 4382 1317 4439 Si
1364 4396 1478 4433 cum
1517 4378 1740 4446 Christo,
1783 4379 1974 4451 inqttit,

374 4486 674 4546 conuuortui
696 4484 833 4549 estis,
849 4480 972 4554 quid
992 4490 1247 4550 tamquam
1262 4477 1481 4530 viventes
1502 4474 1557 4528 in
1573 4474 1668 4528 hoc
1682 4474 1871 4529 sucula
1889 4472 1980 4528 de-

2066 3257 2333 3330 passionis
2360 3266 2520 3327 atque
2562 3255 2628 3311 ad
2684 3270 2845 3310 omne
2886 3254 3250 3310 testimonium
3303 3253 3505 3309 Christi
3551 3252 3677 3309 ani-

2068 3367 2210 3407 mam
2270 3363 2411 3406 tuam
2465 3365 2631 3421 ponas
2678 3364 2779 3406 nec
2809 3348 3035 3405 fundere
3080 3350 3393 3420 sanguinem
3442 3357 3675 3419 metuas,

2071 3445 2330 3517 martyrio
2357 3454 2527 3500 totum
2552 3457 2775 3500 necesse
2801 3451 2887 3499 est
2907 3442 3084 3499 cedat.
3111 3440 3352 3514 Martyrii
3379 3442 3677 3498 inaestima-

2077 3537 2201 3592 bilis
2228 3538 2418 3609 gloria,
2464 3536 2672 3591 inlinita
2721 3551 2993 3601 mensura,
3042 3534 3381 3590 immaculata
3434 3533 3678 3602 victoria,

2072 3630 2463 3687 inasstimabilis
2504 3629 2721 3696 titulus,
2772 3629 3072 3697 triumphus
3100 3625 3433 3692 immensus;
3483 3626 3685 3698 quippe

2078 3726 2170 3796 qui
2209 3735 2264 3779 et
2317 3724 2530 3793 propria
2579 3720 2884 3777 conﬁtentis
2924 3718 3080 3775 laude
3111 3717 3138 3756 ιι
3180 3719 3478 3790 ιη’ωῐθηιιιο,
3536 3718 3686 3775 velut

2084 3818 2235 3873 socio
2261 3815 2457 3870 Christi
2483 3829 2677 3870 cruore
2695 3812 3001 3869 decoratur.
3359 3828 3369 3834 ·

2148 3908 2317 3965 XXX.
2346 3907 2550 3979 Itaque,
2576 3906 2881 3963 charissimi
2927 3907 3137 3973 fratres,
3167 3906 3295 3964 licet
3337 3906 3408 3963 sit
3448 3905 3551 3963 hoc
3609 3912 3684 3962 to-

2078 4018 2188 4061 ttnu
2226 4002 2517 4059 Dominiczc
2537 4001 2909 4072 promissionis
2938 4010 2996 4057 et
3023 4000 3284 4068 muneris,
3315 4000 3548 4072 licetque
3588 3999 3686 4056 tri-

2080 4098 2274 4153 buatur
2322 4110 2387 4152 ex
2430 4095 2560 4161 alto,
2592 4109 2694 4150 nec
2736 4093 2978 4165 capiatur
3001 4093 3103 4149 nisi
3154 4094 3273 4163 ejus
3314 4093 3566 4167 imperio,
3588 4091 3688 4151 sed

2079 4205 2180 4247 nec
2205 4201 2296 4246 aut
2330 4197 2512 4243 mente
2538 4186 2752 4257 concipi
2793 4195 2889 4242 aut
2929 4185 3157 4258 exprimi
3201 4185 3380 4241 verbis
3435 4198 3528 4240 aut
3565 4200 3689 4241 ora-

2080 4290 2226 4343 tione
2252 4284 2487 4356 percurri
2513 4291 2606 4337 aut
2629 4280 2958 4351 quibuslibet
2982 4278 3307 4350 eloquentia:
3330 4278 3534 4334 viribus
3558 4293 3688 4349 pos-

2079 4380 2150 4432 sit
2171 4374 2404 4448 impleri,
2429 4382 2606 4429 tamen
2631 4373 2735 4428 erit
2761 4373 2864 4427 hoc
2904 4372 3292 4428 benevolentia:
3331 4379 3550 4440 vestrm,
3582 4371 3689 4430 erit

2078 4472 2356 4527 charitatis
2385 4478 2441 4526 et
2461 4470 2680 4533 amoris,
2707 4465 2755 4521 si
2781 4463 3057 4521 volueritis
3093 4467 3259 4521 nostri
3285 4481 3553 4523 memores
3567 4481 3694 4526 esse

375 4582 578 4638 cernitis
603 4578 821 4652 (Coloss.
852 4592 910 4639 ιι,
933 4570 1052 4638 20)?
1070 4571 1300 4634 Etenim,
1343 4568 1413 4599 π’
1440 4564 1741 4621 eltarissimi
1767 4566 1975 4632 fratres,
2004 4559 2059 4620 D
2084 4580 2207 4620 cum
2238 4566 2290 4619 in
2320 4562 2468 4618 vobis
2497 4560 2754 4616 Dominus
2785 4557 3102 4630 martyrium
3131 4558 3358 4629 creuerit
3397 4559 3690 4616 honorare.

378 4677 465 4747 qui
525 4669 934 4730 resurrectionis
980 4665 1195 4737 pnrmia
1258 4660 1603 4722 sustinemus,
1657 4659 1746 4728 qui
1790 4658 1982 4729 judicii

377 4770 520 4827 diem
549 4770 859 4840 qumrimus,
888 4764 980 4837 qui
1006 4762 1238 4832 denique
1257 4767 1573 4829 regnaturos
1597 4768 1693 4811 nos
1712 4770 1979 4825 esse_cum

378 4865 597 4920 Christo
641 4857 985 4921 confidimus,
1036 4854 1237 4912 smculo
1285 4851 1479 4906 mortui
1525 4865 1644 4906 esse
1695 4848 1974 4905 debemus.

378 4957 513 5015 Nam
541 4970 641 5012 nec
691 4953 892 5025 poteris
920 4959 1106 5021 optare
1147 4944 1485 5017 martyrium,
1531 4943 1629 4998 nisi
1657 4951 1781 4998 ante
1802 4942 1982 4998 oderis

378 5050 657 5111 smeulum,
681 5061 782 5102 nec
822 5043 1103 5116 pervenire
1142 5042 1208 5095 ad
1254 5039 1346 5094 Dei
1375 5036 1673 5108 prannium,
1706 5036 1809 5092 nisi
1837 5052 1985 5093 ama-

379 5145 526 5201 veris
541 5141 838 5198 Christum.
873 5137 973 5207 Qui
1004 5143 1184 5191 autem
1210 5143 1352 5188 amat
1378 5130 1669 5197 Christum,
1696 5145 1803 5186 non
1841 5141 1990 5188 amat

381 5239 663 5296 smculum.
693 5233 939 5290 Christus
985 5230 1130 5286 enim
1181 5226 1420 5296 abjectus
1472 5232 1558 5280 est
1595 5223 1812 5290 saeculo,
1849 5225 1990 5279 sicut

2086 4658 2196 4714 Vos
2224 4658 2362 4713 intra
2405 4671 2465 4711 se
2509 4659 2752 4709 sanetum
2777 4650 2904 4705 illud
2948 4652 3137 4716 altare.
3167 4668 3264 4708 vos
3306 4653 3443 4709 intra
3468 4668 3529 4709 se
3570 4669 3691 4708 ma-

2084 4767 2189 4824 gna
2211 4752 2299 4808 illa
2330 4745 2624 4807 venerandi
2658 4746 2892 4800 nominis
2922 4745 3102 4811 sedes,
3125 4744 3286 4800 veluti
3315 4745 3436 4800 sinu
3456 4744 3690 4816 quodam

2087 4844 2274 4917 gremii
2316 4840 2695 4913 amplecteotis
2745 4836 2988 4905 includit,
3038 4851 3133 4892 vos
3174 4835 3399 4907 imperia
3440 4837 3695 4908 perennis

2088 4937 2345 5008 temporis
2382 4936 2669 4995 sustinent.
2717 4942 2779 4989 et
2819 4930 2951 4987 illud
3006 4943 3113 5003 quo
3154 4930 3425 5001 t'egnaturi
3478 4945 3696 5001 semper

2087 5031 2220 5086 estis
2244 5041 2566 5099 semperque
2610 5025 2827 5081 victuri.
2859 5023 2904 5079 0
2931 5022 3073 5080 beati
3121 5030 3178 5079 et
3229 5020 3421 5093 quibus
3456 5037 3583 5078 vere
3612 5020 3697 5077 di-

2087 5125 2249 5181 missa
2293 5133 2419 5179 sunt
2463 5131 2684 5194 peccata
2709 5133 2726 5185 ;
2750 5119 2796 5175 si
2826 5128 3004 5173 tamen
3042 5117 3132 5189 qui
3176 5114 3377 5172 Christi
3408 5129 3691 5185 compares

2070 5220 2236 5299 testis,
2267 5215 2557 5285 aliquando
2583 5212 2865 5286 peccastis.
2897 5211 2944 5267 Ο
2964 5212 3104 5269 beati
3155 5226 3290 5282 quos
3330 5225 3359 5265 a
3403 5206 3696 5281 primordio

1593 5333 1981 5394 LEC'I‘IONES
2018 5328 2440 5393 VARIAN'I‘ES.

449 5472 476 5500 ⁸
496 5468 655 5522 Cedat
676 5474 841 5518 tamen
862 5461 1089 5526 sanguini
1128 5460 1285 5511 Oxon.
1310 5442 1531 5503 Necesse
1553 5459 1631 5502 est
1672 5442 1806 5505 Lam.
1832 5452 1979 5504 Ebor.

613 5595 746 5643 Lam.
774 5589 915 5641 Ebor.
944 5591 992 5639 Ν
1001 5584 1054 5633 C.
1082 5585 1130 5634 I.
1152 5575 1502 5645 Inqplndigni
1519 5582 1650 5627 sunt.
1678 5575 1855 5640 Igitur.

450 5662 473 5690 ο
496 5643 941 5719 Agitatiouelam.
967 5647 1113 5719 Ebpr.
1144 5643 1268 5719 NQ.

448 5720 475 5759 ιι
496 5700 988 5782 ἑῗᾰῑήὶρἷῦξῆὧιρ,
1013 5713 1173 5782 οπρρρ.
1201 5706 1333 5782 Lam.
1360 5700 1502 5753 Ebor.
1526 5701 1637 5753 NC.
1668 5704 1710 5753 ι.

454 5787 479 5816 θ
503 5780 590 5833 Sic
615 5771 747 5832 Laut.
766 5780 909 5831 Ebor.
931 5774 1039 5827 Litt.
1063 5772 1171 5826 NG.
1198 5771 1245 5820 1.

2155 5444 2534 5522 ΐᾼςξοιιειὶιιξιιηιιι
2559 5445 2715 5497 Oxon.
2736 5457 2802 5496 ea;
2839 5438 2985 5494 codd.
3014 5441 3149 5491 Lam.
3192 5438 3332 5493 πῦον.
3356 5439 3465 5495 NC.
3486 5441 3533 5492 1.
3559 5440 3693 5506 Imp.

2087 5516 2477 5640 Γῡῗέῃὲἒὲῗυιῗῦἶιε
2518 5569 2666 5622 Ebor.
2686 5567 2802 5640 με.
2830 5568 2878 5618 1.
2915 5568 3046 5631 Imp.
3255 5581 3367 5640 quas
3390 5566 3579 5640 foribus
3601 5566 3695 5619 de-

2091 5636 2375 5703 pendebant
2402 5632 2530 5695 vela,
2549 5632 2788 5696 templum
2804 5628 3184 5702 omnemugiit:
3212 5628 3299 5696 qui
3321 5628 3597 5681 moriendo.

2156 5696 2187 5738 ιι
2208 5696 2539 5751 Consistentis
2563 5697 2699 5748 Lam.
2721 5693 2872 5747 Ebor.
2910 5694 3014 5744 Lm.
3039 5693 3150 5744 ΝΟ.
3180 5695 3226 5746 1.
