  <div class='ocr_page' id='page_1' title='image "/cluster/home/n/w/nwhite01/storage/ocr_20150623/4/hvd.32044048207708/408.png"; bbox 0 0 4230 6282; ppageno 0'>
   <div class='ocr_carea' id='block_1_1' title="bbox 296 312 386 379">
    <p class='ocr_par' dir='ltr' id='par_1_1' title="bbox 296 312 386 379">
     <span class='ocr_line' id='line_1_1' title="bbox 296 312 386 379; baseline -0.022 0"><span class='ocrx_word' id='word_1_1' title='bbox 296 312 386 379; x_wconf 73' lang='lat'><strong>803</strong></span> 
     </span>
    </p>
   </div>
   <div class='ocr_carea' id='block_1_2' title="bbox 294 408 1869 509">
    <p class='ocr_par' dir='ltr' id='par_1_2' title="bbox 294 408 1869 509">
     <span class='ocr_line' id='line_1_2' title="bbox 294 408 1869 509; baseline -0.018 -19"><span class='ocrx_word' id='word_1_2' title='bbox 294 433 413 509; x_wconf 76' lang='lat' dir='ltr'><strong>tyrii,</strong></span> <span class='ocrx_word' id='word_1_3' title='bbox 442 430 584 506; x_wconf 90' lang='lat' dir='ltr'><strong>stylo</strong></span> <span class='ocrx_word' id='word_1_4' title='bbox 609 427 869 495; x_wconf 89' lang='lat' dir='ltr'><strong>oratorio,</strong></span> <span class='ocrx_word' id='word_1_5' title='bbox 895 423 1170 496; x_wconf 84' lang='lat' dir='ltr'><strong>magisque</strong></span> <span class='ocrx_word' id='word_1_6' title='bbox 1196 418 1490 480; x_wconf 84' lang='lat' dir='ltr'><strong>elaborato,</strong></span> <span class='ocrx_word' id='word_1_7' title='bbox 1526 426 1685 509; x_wconf 83' lang='lat' dir='ltr'><strong>quam</strong></span> <span class='ocrx_word' id='word_1_8' title='bbox 1705 408 1869 509; x_wconf 62' lang='lat' dir='ltr'><strong>indu-</strong></span> 
     </span>
    </p>
   </div>
   <div class='ocr_carea' id='block_1_3' title="bbox 293 501 1875 597">
    <p class='ocr_par' dir='ltr' id='par_1_3' title="bbox 293 501 1875 597">
     <span class='ocr_line' id='line_1_3' title="bbox 293 501 1875 597; baseline -0.019 -13"><span class='ocrx_word' id='word_1_9' title='bbox 293 501 436 583; x_wconf 71' lang='lat' dir='ltr'><strong>bitata</strong></span> <span class='ocrx_word' id='word_1_10' title='bbox 462 501 523 582; x_wconf 27' lang='lat' dir='ltr'><strong>Si.</strong></span> <span class='ocrx_word' id='word_1_11' title='bbox 553 521 806 597; x_wconf 77' lang='lat' dir='ltr'><strong>Cypriani</strong></span> <span class='ocrx_word' id='word_1_12' title='bbox 836 516 1090 591; x_wconf 86' lang='lat' dir='ltr'><strong>opuscula</strong></span> <span class='ocrx_word' id='word_1_13' title='bbox 1110 558 1125 581; x_wconf 91' lang='lat'><strong>,</strong></span> <span class='ocrx_word' id='word_1_14' title='bbox 1169 513 1215 566; x_wconf 92' lang='lat' dir='ltr'><strong>si</strong></span> <span class='ocrx_word' id='word_1_15' title='bbox 1258 509 1549 580; x_wconf 82' lang='lat' dir='ltr'><strong>Epistolam</strong></span> <span class='ocrx_word' id='word_1_16' title='bbox 1598 503 1666 558; x_wconf 84' lang='lat' dir='ltr'><strong>ad</strong></span> <span class='ocrx_word' id='word_1_17' title='bbox 1696 501 1875 597; x_wconf 58' lang='lat' dir='ltr'><strong>[lana-</strong></span> 
     </span>
    </p>
   </div>
   <div class='ocr_carea' id='block_1_4' title="bbox 294 594 1872 691">
    <p class='ocr_par' dir='ltr' id='par_1_4' title="bbox 294 594 1872 691">
     <span class='ocr_line' id='line_1_4' title="bbox 294 594 1872 691; baseline -0.019 -14"><span class='ocrx_word' id='word_1_18' title='bbox 294 633 387 678; x_wconf 86' lang='lat' dir='ltr'><strong>tum</strong></span> <span class='ocrx_word' id='word_1_19' title='bbox 428 594 702 691; x_wconf 75' lang='lat' dir='ltr'><strong>excipias,</strong></span> <span class='ocrx_word' id='word_1_20' title='bbox 742 614 1105 683; x_wconf 85' lang='lat' dir='ltr'><strong>conscriptus.</strong></span> <span class='ocrx_word' id='word_1_21' title='bbox 1140 606 1432 665; x_wconf 78' lang='lat' dir='ltr'><strong>Erasmus,</strong></span> <span class='ocrx_word' id='word_1_22' title='bbox 1484 609 1538 655; x_wconf 89' lang='lat' dir='ltr'><strong>et</strong></span> <span class='ocrx_word' id='word_1_23' title='bbox 1570 607 1691 669; x_wconf 79' lang='lat' dir='ltr'><strong>post</strong></span> <span class='ocrx_word' id='word_1_24' title='bbox 1728 594 1872 649; x_wconf 89' lang='lat' dir='ltr'><strong>hunc</strong></span> 
     </span>
    </p>
   </div>
   <div class='ocr_carea' id='block_1_5' title="bbox 291 692 1873 774">
    <p class='ocr_par' dir='ltr' id='par_1_5' title="bbox 291 692 1873 774">
     <span class='ocr_line' id='line_1_5' title="bbox 291 692 1873 774; baseline -0.02 -3"><span class='ocrx_word' id='word_1_25' title='bbox 291 712 507 771; x_wconf 81' lang='lat' dir='ltr'><strong>Joannes</strong></span> <span class='ocrx_word' id='word_1_26' title='bbox 538 709 722 766; x_wconf 83' lang='lat' dir='ltr'><strong>Fellus</strong></span> <span class='ocrx_word' id='word_1_27' title='bbox 747 750 761 774; x_wconf 91' lang='lat'><strong>,</strong></span> <span class='ocrx_word' id='word_1_28' title='bbox 803 705 1025 764; x_wconf 83' lang='lat' dir='ltr'><strong>etEiias</strong></span> <span class='ocrx_word' id='word_1_29' title='bbox 1055 700 1229 770; x_wconf 84' lang='lat' dir='ltr'><strong>anin</strong></span> <span class='ocrx_word' id='word_1_30' title='bbox 1257 692 1337 768; x_wconf 76' lang='lat' dir='ltr'><strong>(ll</strong></span> <span class='ocrx_word' id='word_1_31' title='bbox 1358 738 1373 762; x_wconf 93' lang='lat'><strong>,</strong></span> <span class='ocrx_word' id='word_1_32' title='bbox 1406 692 1558 747; x_wconf 88' lang='lat' dir='ltr'><strong>illum</strong></span> <span class='ocrx_word' id='word_1_33' title='bbox 1590 696 1873 759; x_wconf 75' lang='lat' dir='ltr'><strong>propterea</strong></span> 
     </span>
    </p>
   </div>
   <div class='ocr_carea' id='block_1_6' title="bbox 295 778 1876 878">
    <p class='ocr_par' dir='ltr' id='par_1_6' title="bbox 295 778 1876 878">
     <span class='ocr_line' id='line_1_6' title="bbox 295 778 1876 878; baseline -0.018 -16"><span class='ocrx_word' id='word_1_34' title='bbox 295 806 345 863; x_wconf 86' lang='grc'><strong>8.</strong></span> <span class='ocrx_word' id='word_1_35' title='bbox 371 802 637 878; x_wconf 83' lang='lat' dir='ltr'><strong>Cypriane</strong></span> <span class='ocrx_word' id='word_1_36' title='bbox 666 798 1061 869; x_wconf 84' lang='lat' dir='ltr'><strong>abjudicarunt,</strong></span> <span class='ocrx_word' id='word_1_37' title='bbox 1085 802 1137 847; x_wconf 91' lang='lat' dir='ltr'><strong>ct</strong></span> <span class='ocrx_word' id='word_1_38' title='bbox 1162 786 1437 858; x_wconf 89' lang='lat' dir='ltr'><strong>cujusdam</strong></span> <span class='ocrx_word' id='word_1_39' title='bbox 1458 778 1876 878; x_wconf 28' lang='lat' dir='ltr'><strong>otiosi‘ora-tnris</strong></span> 
     </span>
    </p>
   </div>
   <div class='ocr_carea' id='block_1_7' title="bbox 218 872 1876 954">
    <p class='ocr_par' dir='ltr' id='par_1_7' title="bbox 218 872 1876 954">
     <span class='ocr_line' id='line_1_7' title="bbox 218 872 1876 954; baseline -0.017 -1"><span class='ocrx_word' id='word_1_40' title='bbox 218 938 222 943; x_wconf 66' lang='grc' dir='ltr'><em>ς</em></span> <span class='ocrx_word' id='word_1_41' title='bbox 295 872 463 954; x_wconf 70' lang='grc' dir='ltr'><strong>ισθιυὶπί</strong></span> <span class='ocrx_word' id='word_1_42' title='bbox 501 908 623 951; x_wconf 76' lang='lat' dir='ltr'><strong>esse</strong></span> <span class='ocrx_word' id='word_1_43' title='bbox 665 897 1012 948; x_wconf 88' lang='lat' dir='ltr'><strong>censuerunt.</strong></span> <span class='ocrx_word' id='word_1_44' title='bbox 1045 884 1244 940; x_wconf 88' lang='lat' dir='ltr'><strong>Contra</strong></span> <span class='ocrx_word' id='word_1_45' title='bbox 1297 878 1558 943; x_wconf 77' lang='lat' dir='ltr'><strong>throttitts</strong></span> <span class='ocrx_word' id='word_1_46' title='bbox 1592 875 1675 946; x_wconf 71' lang='lat'><strong>(2)</strong></span> <span class='ocrx_word' id='word_1_47' title='bbox 1715 872 1876 927; x_wconf 84' lang='lat' dir='ltr'><strong>Eras-</strong></span> 
     </span>
    </p>
   </div>
   <div class='ocr_carea' id='block_1_8' title="bbox 294 971 1874 1054">
    <p class='ocr_par' dir='ltr' id='par_1_8' title="bbox 294 971 1874 1054">
     <span class='ocr_line' id='line_1_8' title="bbox 294 971 1874 1054; baseline -0.014 -10"><span class='ocrx_word' id='word_1_48' title='bbox 294 1004 421 1044; x_wconf 88' lang='lat' dir='ltr'><strong>mum</strong></span> <span class='ocrx_word' id='word_1_49' title='bbox 456 986 527 1042; x_wconf 84' lang='lat' dir='ltr'><strong>ob</strong></span> <span class='ocrx_word' id='word_1_50' title='bbox 575 983 744 1040; x_wconf 87' lang='lat' dir='ltr'><strong>solam</strong></span> <span class='ocrx_word' id='word_1_51' title='bbox 788 981 912 1054; x_wconf 80' lang='lat' dir='ltr'><strong>styli</strong></span> <span class='ocrx_word' id='word_1_52' title='bbox 952 976 1314 1034; x_wconf 78' lang='lat' dir='ltr'><strong>diii&#39;erentiam</strong></span> <span class='ocrx_word' id='word_1_53' title='bbox 1373 971 1451 1026; x_wconf 87' lang='lat' dir='ltr'><strong>sic</strong></span> <span class='ocrx_word' id='word_1_54' title='bbox 1497 978 1874 1027; x_wconf 69' lang='lat' dir='ltr'><strong>censurantem</strong></span> 
     </span>
    </p>
   </div>
   <div class='ocr_carea' id='block_1_9' title="bbox 293 1062 1874 1151">
    <p class='ocr_par' dir='ltr' id='par_1_9' title="bbox 293 1062 1874 1151">
     <span class='ocr_line' id='line_1_9' title="bbox 293 1062 1874 1151; baseline -0.013 -15"><span class='ocrx_word' id='word_1_55' title='bbox 293 1081 511 1151; x_wconf 77' lang='lat' dir='ltr'><strong>graviter</strong></span> <span class='ocrx_word' id='word_1_56' title='bbox 539 1073 920 1148; x_wconf 88' lang='lat' dir='ltr'><strong>reprehendit,</strong></span> <span class='ocrx_word' id='word_1_57' title='bbox 951 1081 1005 1127; x_wconf 92' lang='lat' dir='ltr'><strong>et</strong></span> <span class='ocrx_word' id='word_1_58' title='bbox 1032 1086 1095 1125; x_wconf 71' lang='lat' dir='ltr'><strong>ex</strong></span> <span class='ocrx_word' id='word_1_59' title='bbox 1125 1069 1184 1125; x_wconf 88' lang='grc'><strong>8.</strong></span> <span class='ocrx_word' id='word_1_60' title='bbox 1216 1067 1512 1138; x_wconf 81' lang='lat' dir='ltr'><strong>Augustino</strong></span> <span class='ocrx_word' id='word_1_61' title='bbox 1544 1062 1625 1138; x_wconf 73' lang='grc' dir='ltr'><strong>(ὅ)</strong></span> <span class='ocrx_word' id='word_1_62' title='bbox 1650 1062 1838 1133; x_wconf 87' lang='lat' dir='ltr'><strong>probat</strong></span> <span class='ocrx_word' id='word_1_63' title='bbox 1859 1101 1874 1125; x_wconf 90' lang='lat'><strong>,</strong></span> 
     </span>
    </p>
   </div>
   <div class='ocr_carea' id='block_1_10' title="bbox 292 1155 1877 1243">
    <p class='ocr_par' dir='ltr' id='par_1_10' title="bbox 292 1155 1877 1243">
     <span class='ocr_line' id='line_1_10' title="bbox 292 1155 1877 1243; baseline -0.012 -15"><span class='ocrx_word' id='word_1_64' title='bbox 292 1170 345 1229; x_wconf 86' lang='grc'><strong>8.</strong></span> <span class='ocrx_word' id='word_1_65' title='bbox 382 1169 704 1243; x_wconf 82' lang='lat' dir='ltr'><strong>Cyprianum</strong></span> <span class='ocrx_word' id='word_1_66' title='bbox 744 1180 852 1222; x_wconf 92' lang='lat' dir='ltr'><strong>non</strong></span> <span class='ocrx_word' id='word_1_67' title='bbox 893 1158 1083 1219; x_wconf 81' lang='lat' dir='ltr'><strong>eodeni</strong></span> <span class='ocrx_word' id='word_1_68' title='bbox 1112 1175 1329 1231; x_wconf 85' lang='lat' dir='ltr'><strong>semper</strong></span> <span class='ocrx_word' id='word_1_69' title='bbox 1366 1155 1634 1213; x_wconf 90' lang='lat' dir='ltr'><strong>scribendi</strong></span> <span class='ocrx_word' id='word_1_70' title='bbox 1678 1167 1877 1225; x_wconf 78' lang='lat' dir='ltr'><strong>genere</strong></span> 
     </span>
    </p>
   </div>
   <div class='ocr_carea' id='block_1_11' title="bbox 293 1245 1880 1326">
    <p class='ocr_par' dir='ltr' id='par_1_11' title="bbox 293 1245 1880 1326">
     <span class='ocr_line' id='line_1_11' title="bbox 293 1245 1880 1326; baseline -0.013 -6"><span class='ocrx_word' id='word_1_71' title='bbox 293 1279 433 1320; x_wconf 87' lang='lat' dir='ltr'><strong>usum</strong></span> <span class='ocrx_word' id='word_1_72' title='bbox 460 1262 646 1326; x_wconf 86' lang='lat' dir='ltr'><strong>fuisse,</strong></span> <span class='ocrx_word' id='word_1_73' title='bbox 669 1260 761 1316; x_wconf 76' lang='lat' dir='ltr'><strong>sed</strong></span> <span class='ocrx_word' id='word_1_74' title='bbox 790 1257 950 1315; x_wconf 87' lang='lat' dir='ltr'><strong>modo</strong></span> <span class='ocrx_word' id='word_1_75' title='bbox 972 1256 1254 1319; x_wconf 81' lang='lat' dir='ltr'><strong>submisso,</strong></span> <span class='ocrx_word' id='word_1_76' title='bbox 1287 1251 1417 1307; x_wconf 92' lang='lat' dir='ltr'><strong>utin</strong></span> <span class='ocrx_word' id='word_1_77' title='bbox 1446 1250 1603 1311; x_wconf 90' lang='lat' dir='ltr'><strong>libro,</strong></span> <span class='ocrx_word' id='word_1_78' title='bbox 1636 1262 1730 1302; x_wconf 92' lang='lat' dir='ltr'><strong>seu</strong></span> <span class='ocrx_word' id='word_1_79' title='bbox 1752 1245 1880 1315; x_wconf 78' lang='grc' dir='ltr'><strong>Ειιίο</strong></span> 
     </span>
    </p>
   </div>
   <div class='ocr_carea' id='block_1_12' title="bbox 293 1340 1877 1423">
    <p class='ocr_par' dir='ltr' id='par_1_12' title="bbox 293 1340 1877 1423">
     <span class='ocr_line' id='line_1_12' title="bbox 293 1340 1877 1423; baseline -0.011 -11"><span class='ocrx_word' id='word_1_80' title='bbox 293 1355 415 1412; x_wconf 83' lang='lat' dir='ltr'><strong>stula</strong></span> <span class='ocrx_word' id='word_1_81' title='bbox 453 1371 616 1423; x_wconf 77' lang='lat' dir='ltr'><strong>um,</strong></span> <span class='ocrx_word' id='word_1_82' title='bbox 644 1353 713 1410; x_wconf 88' lang='lat' dir='ltr'><strong>de</strong></span> <span class='ocrx_word' id='word_1_83' title='bbox 754 1352 920 1408; x_wconf 90' lang='lat' dir='ltr'><strong>calice</strong></span> <span class='ocrx_word' id='word_1_84' title='bbox 951 1347 1158 1403; x_wconf 85' lang='lat' dir='ltr'><strong>Domini</strong></span> <span class='ocrx_word' id='word_1_85' title='bbox 1194 1345 1263 1399; x_wconf 86' lang='lat' dir='ltr'><strong>ad</strong></span> <span class='ocrx_word' id='word_1_86' title='bbox 1299 1344 1631 1400; x_wconf 73' lang='lat' dir='ltr'><strong>Cmciliamtm</strong></span> <span class='ocrx_word' id='word_1_87' title='bbox 1658 1385 1672 1403; x_wconf 90' lang='lat'><em>.</em></span> <span class='ocrx_word' id='word_1_88' title='bbox 1715 1340 1877 1396; x_wconf 90' lang='lat' dir='ltr'><strong>modo</strong></span> 
     </span>
    </p>
   </div>
   <div class='ocr_carea' id='block_1_13' title="bbox 296 1433 1878 1522">
    <p class='ocr_par' dir='ltr' id='par_1_13' title="bbox 296 1433 1878 1522">
     <span class='ocr_line' id='line_1_13' title="bbox 296 1433 1878 1522; baseline -0.011 -19"><span class='ocrx_word' id='word_1_89' title='bbox 296 1459 557 1522; x_wconf 78' lang='lat' dir='ltr'><strong>tcntperam</strong></span> <span class='ocrx_word' id='word_1_90' title='bbox 579 1490 594 1514; x_wconf 91' lang='lat'><strong>,</strong></span> <span class='ocrx_word' id='word_1_91' title='bbox 637 1456 695 1503; x_wconf 90' lang='lat' dir='ltr'><strong>ut</strong></span> <span class='ocrx_word' id='word_1_92' title='bbox 736 1447 788 1500; x_wconf 88' lang='lat' dir='ltr'><strong>iu</strong></span> <span class='ocrx_word' id='word_1_93' title='bbox 817 1444 957 1499; x_wconf 86' lang='lat' dir='ltr'><strong>libro</strong></span> <span class='ocrx_word' id='word_1_94' title='bbox 1001 1442 1065 1496; x_wconf 85' lang='lat' dir='ltr'><strong>de</strong></span> <span class='ocrx_word' id='word_1_95' title='bbox 1095 1438 1382 1507; x_wconf 72' lang='lat' dir='ltr'><strong>Disciplina</strong></span> <span class='ocrx_word' id='word_1_96' title='bbox 1410 1446 1457 1491; x_wconf 87' lang='lat' dir='ltr'><strong>et</strong></span> <span class='ocrx_word' id='word_1_97' title='bbox 1504 1435 1680 1489; x_wconf 75' lang='lat' dir='ltr'><strong>habitu</strong></span> <span class='ocrx_word' id='word_1_98' title='bbox 1718 1433 1878 1505; x_wconf 79' lang='lat' dir='ltr'><strong>virgi-</strong></span> 
     </span>
    </p>
   </div>
   <div class='ocr_carea' id='block_1_14' title="bbox 294 1527 1876 1611">
    <p class='ocr_par' dir='ltr' id='par_1_14' title="bbox 294 1527 1876 1611">
     <span class='ocr_line' id='line_1_14' title="bbox 294 1527 1876 1611; baseline -0.012 -13"><span class='ocrx_word' id='word_1_99' title='bbox 294 1559 423 1610; x_wconf 82' lang='lat' dir='ltr'><strong>num,</strong></span> <span class='ocrx_word' id='word_1_100' title='bbox 457 1543 616 1599; x_wconf 90' lang='lat' dir='ltr'><strong>modo</strong></span> <span class='ocrx_word' id='word_1_101' title='bbox 638 1542 799 1598; x_wconf 88' lang='lat' dir='ltr'><strong>etiam</strong></span> <span class='ocrx_word' id='word_1_102' title='bbox 822 1537 1025 1611; x_wconf 78' lang='lat' dir='ltr'><strong>grandi,</strong></span> <span class='ocrx_word' id='word_1_103' title='bbox 1058 1548 1108 1591; x_wconf 90' lang='lat' dir='ltr'><strong>ut</strong></span> <span class='ocrx_word' id='word_1_104' title='bbox 1142 1535 1193 1587; x_wconf 91' lang='lat' dir='ltr'><strong>in</strong></span> <span class='ocrx_word' id='word_1_105' title='bbox 1216 1533 1316 1587; x_wconf 90' lang='lat' dir='ltr'><strong>hoc</strong></span> <span class='ocrx_word' id='word_1_106' title='bbox 1340 1529 1529 1585; x_wconf 86' lang='lat' dir='ltr'><strong>eodem</strong></span> <span class='ocrx_word' id='word_1_107' title='bbox 1559 1528 1717 1592; x_wconf 89' lang='lat' dir='ltr'><strong>libro,</strong></span> <span class='ocrx_word' id='word_1_108' title='bbox 1751 1527 1876 1579; x_wconf 88' lang='lat' dir='ltr'><strong>dum</strong></span> 
     </span>
    </p>
   </div>
   <div class='ocr_carea' id='block_1_15' title="bbox 292 1622 1881 1709">
    <p class='ocr_par' dir='ltr' id='par_1_15' title="bbox 292 1622 1881 1709">
     <span class='ocr_line' id='line_1_15' title="bbox 292 1622 1881 1709; baseline -0.01 -17"><span class='ocrx_word' id='word_1_109' title='bbox 292 1653 374 1694; x_wconf 88' lang='lat' dir='ltr'><strong>res</strong></span> <span class='ocrx_word' id='word_1_110' title='bbox 400 1636 469 1692; x_wconf 92' lang='lat' dir='ltr'><strong>ita</strong></span> <span class='ocrx_word' id='word_1_111' title='bbox 508 1644 784 1709; x_wconf 88' lang='lat' dir='ltr'><strong>posceret,</strong></span> <span class='ocrx_word' id='word_1_112' title='bbox 829 1634 898 1689; x_wconf 90' lang='lat' dir='ltr'><strong>ab</strong></span> <span class='ocrx_word' id='word_1_113' title='bbox 932 1647 997 1687; x_wconf 91' lang='lat' dir='ltr'><strong>eo</strong></span> <span class='ocrx_word' id='word_1_114' title='bbox 1026 1628 1222 1709; x_wconf 85' lang='lat' dir='ltr'><strong>factum</strong></span> <span class='ocrx_word' id='word_1_115' title='bbox 1260 1640 1413 1686; x_wconf 83' lang='lat' dir='ltr'><strong>esse,</strong></span> <span class='ocrx_word' id='word_1_116' title='bbox 1458 1623 1514 1679; x_wconf 68' lang='lat' dir='ltr'><strong>S&#39;.</strong></span> <span class='ocrx_word' id='word_1_117' title='bbox 1551 1622 1881 1693; x_wconf 73' lang='lat' dir='ltr'><strong>Augustinus</strong></span> 
     </span>
    </p>
   </div>
   <div class='ocr_carea' id='block_1_16' title="bbox 290 1708 1878 1788">
    <p class='ocr_par' dir='ltr' id='par_1_16' title="bbox 290 1708 1878 1788">
     <span class='ocr_line' id='line_1_16' title="bbox 290 1708 1878 1788; baseline -0.01 -5"><span class='ocrx_word' id='word_1_118' title='bbox 290 1729 472 1786; x_wconf 80' lang='lat' dir='ltr'><strong>ibidem</strong></span> <span class='ocrx_word' id='word_1_119' title='bbox 512 1708 775 1785; x_wconf 78' lang='lat' dir='ltr'><strong>observat.</strong></span> <span class='ocrx_word' id='word_1_120' title='bbox 828 1724 972 1779; x_wconf 83' lang='lat' dir='ltr'><strong>Idem</strong></span> <span class='ocrx_word' id='word_1_121' title='bbox 1019 1708 1556 1788; x_wconf 62' lang='lat' dir='ltr'><strong>Fellus°0pusculnm</strong></span> <span class='ocrx_word' id='word_1_122' title='bbox 1603 1715 1704 1768; x_wconf 86' lang='lat' dir='ltr'><strong>huc</strong></span> <span class='ocrx_word' id='word_1_123' title='bbox 1755 1713 1878 1767; x_wconf 83' lang='lat' dir='ltr'><strong>inde</strong></span> 
     </span>
    </p>
   </div>
   <div class='ocr_carea' id='block_1_17' title="bbox 1691 264 2221 347">
    <p class='ocr_par' dir='ltr' id='par_1_17' title="bbox 1691 264 2221 347">
     <span class='ocr_line' id='line_1_17' title="bbox 1691 264 2221 347; baseline -0.017 0"><span class='ocrx_word' id='word_1_124' title='bbox 1691 264 2221 347; x_wconf 65' lang='lat' dir='ltr'><strong>ruetecoueua.</strong></span> 
     </span>
    </p>
   </div>
   <div class='ocr_carea' id='block_1_18' title="bbox 1901 380 3573 471">
    <p class='ocr_par' dir='ltr' id='par_1_18' title="bbox 1901 380 3573 471">
     <span class='ocr_line' id='line_1_18' title="bbox 1901 380 3573 471; baseline -0.015 -12"><span class='ocrx_word' id='word_1_125' title='bbox 1901 406 1949 467; x_wconf 85' lang='grc' dir='ltr'><strong>Λ</strong></span> <span class='ocrx_word' id='word_1_126' title='bbox 1981 420 2105 458; x_wconf 89' lang='lat' dir='ltr'><strong>num</strong></span> <span class='ocrx_word' id='word_1_127' title='bbox 2136 399 2275 471; x_wconf 90' lang='lat' dir='ltr'><strong>apud</strong></span> <span class='ocrx_word' id='word_1_128' title='bbox 2298 398 2510 453; x_wconf 84' lang='lat' dir='ltr'><strong>Patrem</strong></span> <span class='ocrx_word' id='word_1_129' title='bbox 2537 390 2898 452; x_wconf 88' lang='lat' dir='ltr'><strong>testimonium</strong></span> <span class='ocrx_word' id='word_1_130' title='bbox 2925 400 3080 446; x_wconf 88' lang='lat' dir='ltr'><strong>suum</strong></span> <span class='ocrx_word' id='word_1_131' title='bbox 3110 384 3220 444; x_wconf 88' lang='lat' dir='ltr'><strong>illis</strong></span> <span class='ocrx_word' id='word_1_132' title='bbox 3247 380 3573 454; x_wconf 86' lang='lat' dir='ltr'><strong>promissum</strong></span> 
     </span>
    </p>
   </div>
   <div class='ocr_carea' id='block_1_19' title="bbox 3467 259 3580 319">
    <p class='ocr_par' dir='ltr' id='par_1_19' title="bbox 3467 259 3580 319">
     <span class='ocr_line' id='line_1_19' title="bbox 3467 259 3580 319; baseline 0 0"><span class='ocrx_word' id='word_1_133' title='bbox 3467 259 3580 319; x_wconf 76' lang='lat'><strong>806</strong></span> 
     </span>
    </p>
   </div>
   <div class='ocr_carea' id='block_1_20' title="bbox 1979 472 3575 565">
    <p class='ocr_par' dir='ltr' id='par_1_20' title="bbox 1979 472 3575 565">
     <span class='ocr_line' id='line_1_20' title="bbox 1979 472 3575 565; baseline -0.016 -15"><span class='ocrx_word' id='word_1_134' title='bbox 1979 494 2346 565; x_wconf 84' lang='lat' dir='ltr'><strong>perbibcutem</strong></span> <span class='ocrx_word' id='word_1_135' title='bbox 2396 489 2616 545; x_wconf 79' lang='lat' dir='ltr'><strong>auribus</strong></span> <span class='ocrx_word' id='word_1_136' title='bbox 2661 485 2859 542; x_wconf 70' lang='lat' dir='ltr'><strong>nostris</strong></span> <span class='ocrx_word' id='word_1_137' title='bbox 2905 482 3135 552; x_wconf 88' lang='lat' dir='ltr'><strong>quodam</strong></span> <span class='ocrx_word' id='word_1_138' title='bbox 3182 475 3345 533; x_wconf 87' lang='lat' dir='ltr'><strong>modo</strong></span> <span class='ocrx_word' id='word_1_139' title='bbox 3399 472 3575 528; x_wconf 77' lang='lat' dir='ltr'><strong>sensi-</strong></span> 
     </span>
    </p>
   </div>
   <div class='ocr_carea' id='block_1_21' title="bbox 1979 567 3573 649">
    <p class='ocr_par' dir='ltr' id='par_1_21' title="bbox 1979 567 3573 649">
     <span class='ocr_line' id='line_1_21' title="bbox 1979 567 3573 649; baseline -0.014 -10"><span class='ocrx_word' id='word_1_140' title='bbox 1979 600 2113 640; x_wconf 85' lang='lat' dir='ltr'><strong>mus.</strong></span> <span class='ocrx_word' id='word_1_141' title='bbox 2152 605 2174 636; x_wconf 72' lang='lat' dir='ltr'><strong>r</strong></span> <span class='ocrx_word' id='word_1_142' title='bbox 2210 585 2424 637; x_wconf 93' lang='lat' dir='ltr'><strong>Certum</strong></span> <span class='ocrx_word' id='word_1_143' title='bbox 2458 583 2618 649; x_wconf 78' lang='lat' dir='ltr'><strong>igitur</strong></span> <span class='ocrx_word' id='word_1_144' title='bbox 2646 591 2724 634; x_wconf 83' lang='lat' dir='ltr'><strong>est</strong></span> <span class='ocrx_word' id='word_1_145' title='bbox 2746 619 2758 635; x_wconf 90' lang='lat'><strong>.</strong></span> <span class='ocrx_word' id='word_1_146' title='bbox 2786 574 2856 632; x_wconf 83' lang='grc'>’8.</span> <span class='ocrx_word' id='word_1_147' title='bbox 2898 575 3228 645; x_wconf 73' lang='lat' dir='ltr'><strong>Cyprianum</strong></span> <span class='ocrx_word' id='word_1_148' title='bbox 3276 567 3573 637; x_wconf 68' lang='lat' dir='ltr'><strong>Martyrum</strong></span> 
     </span>
    </p>
   </div>
   <div class='ocr_carea' id='block_1_22' title="bbox 1978 661 3577 748">
    <p class='ocr_par' dir='ltr' id='par_1_22' title="bbox 1978 661 3577 748">
     <span class='ocr_line' id='line_1_22' title="bbox 1978 661 3577 748; baseline -0.012 -14"><span class='ocrx_word' id='word_1_149' title='bbox 1978 680 2031 734; x_wconf 90' lang='lat' dir='ltr'><strong>in</strong></span> <span class='ocrx_word' id='word_1_150' title='bbox 2064 678 2215 734; x_wconf 74' lang='lat' dir='ltr'><strong>caelis</strong></span> <span class='ocrx_word' id='word_1_151' title='bbox 2234 676 2480 748; x_wconf 77' lang='lat' dir='ltr'><strong>gloriam,</strong></span> <span class='ocrx_word' id='word_1_152' title='bbox 2503 673 2807 741; x_wconf 71' lang='lat' dir='ltr'><strong>Christique</strong></span> <span class='ocrx_word' id='word_1_153' title='bbox 2822 669 2960 738; x_wconf 85' lang='lat' dir='ltr'><strong>apud</strong></span> <span class='ocrx_word' id='word_1_154' title='bbox 2993 669 3157 722; x_wconf 88' lang='lat' dir='ltr'><strong>Deum</strong></span> <span class='ocrx_word' id='word_1_155' title='bbox 3180 667 3391 722; x_wconf 80' lang='lat' dir='ltr'><strong>Patrem</strong></span> <span class='ocrx_word' id='word_1_156' title='bbox 3422 661 3577 720; x_wconf 81' lang='lat' dir='ltr'><strong>teSti-</strong></span> 
     </span>
    </p>
   </div>
   <div class='ocr_carea' id='block_1_23' title="bbox 1979 754 3574 834">
    <p class='ocr_par' dir='ltr' id='par_1_23' title="bbox 1979 754 3574 834">
     <span class='ocr_line' id='line_1_23' title="bbox 1979 754 3574 834; baseline -0.012 -6"><span class='ocrx_word' id='word_1_157' title='bbox 1979 773 2217 828; x_wconf 88' lang='lat' dir='ltr'><strong>tuonimn</strong></span> <span class='ocrx_word' id='word_1_158' title='bbox 2265 772 2404 824; x_wconf 90' lang='lat' dir='ltr'><strong>inter</strong></span> <span class='ocrx_word' id='word_1_159' title='bbox 2432 768 2532 822; x_wconf 86' lang='lat' dir='ltr'><strong>alia</strong></span> <span class='ocrx_word' id='word_1_160' title='bbox 2567 766 2696 834; x_wconf 82' lang='lat' dir='ltr'><strong>ipsis</strong></span> <span class='ocrx_word' id='word_1_161' title='bbox 2736 762 3080 834; x_wconf 71' lang='lat' dir='ltr'><strong>proposuisse</strong></span> <span class='ocrx_word' id='word_1_162' title='bbox 3106 800 3121 825; x_wconf 92' lang='lat'><strong>,</strong></span> <span class='ocrx_word' id='word_1_163' title='bbox 3165 768 3222 813; x_wconf 91' lang='lat' dir='ltr'><strong>ut</strong></span> <span class='ocrx_word' id='word_1_164' title='bbox 3258 758 3479 814; x_wconf 88' lang='lat' dir='ltr'><strong>eosdem</strong></span> <span class='ocrx_word' id='word_1_165' title='bbox 3506 754 3574 809; x_wconf 90' lang='lat' dir='ltr'><strong>ad</strong></span> 
     </span>
    </p>
   </div>
   <div class='ocr_carea' id='block_1_24' title="bbox 1981 842 3573 937">
    <p class='ocr_par' dir='ltr' id='par_1_24' title="bbox 1981 842 3573 937">
     <span class='ocr_line' id='line_1_24' title="bbox 1981 842 3573 937; baseline -0.01 -17"><span class='ocrx_word' id='word_1_166' title='bbox 1981 866 2297 937; x_wconf 87' lang='lat' dir='ltr'><strong>martyrium</strong></span> <span class='ocrx_word' id='word_1_167' title='bbox 2316 842 2687 916; x_wconf 72' lang='lat' dir='ltr'><strong>vehementius</strong></span> <span class='ocrx_word' id='word_1_168' title='bbox 2710 858 2985 917; x_wconf 70' lang='lat' dir='ltr'><strong>t‘Xt&#39;ilill’Bl,</strong></span> <span class='ocrx_word' id='word_1_169' title='bbox 3013 855 3130 909; x_wconf 84' lang='lat' dir='ltr'><strong>.lam</strong></span> <span class='ocrx_word' id='word_1_170' title='bbox 3158 867 3287 908; x_wconf 86' lang='lat' dir='ltr'><strong>vero</strong></span> <span class='ocrx_word' id='word_1_171' title='bbox 3308 850 3573 922; x_wconf 85' lang='lat' dir='ltr'><strong>geminam</strong></span> 
     </span>
    </p>
   </div>
   <div class='ocr_carea' id='block_1_25' title="bbox 1978 947 3573 1030">
    <p class='ocr_par' dir='ltr' id='par_1_25' title="bbox 1978 947 3573 1030">
     <span class='ocr_line' id='line_1_25' title="bbox 1978 947 3573 1030; baseline -0.009 -19"><span class='ocrx_word' id='word_1_172' title='bbox 1978 960 2196 1030; x_wconf 87' lang='lat' dir='ltr'><strong>quidem</strong></span> <span class='ocrx_word' id='word_1_173' title='bbox 2236 959 2404 1012; x_wconf 84' lang='lat' dir='ltr'><strong>sancti</strong></span> <span class='ocrx_word' id='word_1_174' title='bbox 2436 954 2687 1025; x_wconf 80' lang='lat' dir='ltr'><strong>Martyris</strong></span> <span class='ocrx_word' id='word_1_175' title='bbox 2720 950 2973 1023; x_wconf 84' lang='lat' dir='ltr'><strong>Cypriani</strong></span> <span class='ocrx_word' id='word_1_176' title='bbox 3001 950 3067 1003; x_wconf 88' lang='lat' dir='ltr'><strong>ad</strong></span> <span class='ocrx_word' id='word_1_177' title='bbox 3094 948 3312 1003; x_wconf 90' lang='lat' dir='ltr'><strong>eosdem</strong></span> <span class='ocrx_word' id='word_1_178' title='bbox 3357 947 3573 1018; x_wconf 81' lang='lat' dir='ltr'><strong>Episto-</strong></span> 
     </span>
    </p>
   </div>
   <div class='ocr_carea' id='block_1_26' title="bbox 1982 1039 3577 1118">
    <p class='ocr_par' dir='ltr' id='par_1_26' title="bbox 1982 1039 3577 1118">
     <span class='ocr_line' id='line_1_26' title="bbox 1982 1039 3577 1118; baseline -0.008 -12"><span class='ocrx_word' id='word_1_179' title='bbox 1982 1055 2085 1107; x_wconf 91' lang='lat' dir='ltr'><strong>lam</strong></span> <span class='ocrx_word' id='word_1_180' title='bbox 2120 1051 2406 1112; x_wconf 82' lang='lat' dir='ltr'><strong>habemus,</strong></span> <span class='ocrx_word' id='word_1_181' title='bbox 2439 1063 2667 1118; x_wconf 85' lang='lat' dir='ltr'><strong>quarum</strong></span> <span class='ocrx_word' id='word_1_182' title='bbox 2698 1046 2859 1100; x_wconf 75' lang='lat' dir='ltr'><strong>altera</strong></span> <span class='ocrx_word' id='word_1_183' title='bbox 2890 1059 2992 1111; x_wconf 77' lang='lat' dir='ltr'><strong>xv,</strong></span> <span class='ocrx_word' id='word_1_184' title='bbox 3029 1043 3197 1097; x_wconf 87' lang='lat' dir='ltr'><strong>altera</strong></span> <span class='ocrx_word' id='word_1_185' title='bbox 3229 1056 3363 1107; x_wconf 76' lang='lat' dir='ltr'><strong>xxv,</strong></span> <span class='ocrx_word' id='word_1_186' title='bbox 3400 1050 3483 1095; x_wconf 85' lang='lat' dir='ltr'><strong>est</strong></span> <span class='ocrx_word' id='word_1_187' title='bbox 3523 1039 3577 1094; x_wconf 92' lang='lat' dir='ltr'><strong>in</strong></span> 
     </span>
    </p>
   </div>
   <div class='ocr_carea' id='block_1_27' title="bbox 1980 1132 3577 1205">
    <p class='ocr_par' dir='ltr' id='par_1_27' title="bbox 1980 1132 3577 1205">
     <span class='ocr_line' id='line_1_27' title="bbox 1980 1132 3577 1205; baseline -0.008 -5"><span class='ocrx_word' id='word_1_188' title='bbox 1980 1143 2217 1200; x_wconf 89' lang='lat' dir='ltr'><strong>editione</strong></span> <span class='ocrx_word' id='word_1_189' title='bbox 2267 1141 2468 1196; x_wconf 81' lang='lat' dir='ltr'><strong>Baluzii</strong></span> <span class='ocrx_word' id='word_1_190' title='bbox 2522 1139 2753 1202; x_wconf 81' lang='lat' dir='ltr'><strong>Veneta,</strong></span> <span class='ocrx_word' id='word_1_191' title='bbox 2803 1152 2904 1205; x_wconf 88' lang='lat' dir='ltr'><strong>qua</strong></span> <span class='ocrx_word' id='word_1_192' title='bbox 2937 1136 3164 1198; x_wconf 87' lang='lat' dir='ltr'><strong>utimur;</strong></span> <span class='ocrx_word' id='word_1_193' title='bbox 3205 1132 3299 1188; x_wconf 89' lang='lat' dir='ltr'><strong>sed</strong></span> <span class='ocrx_word' id='word_1_194' title='bbox 3336 1132 3577 1203; x_wconf 83' lang='lat' dir='ltr'><strong>quamvis</strong></span> 
     </span>
    </p>
   </div>
   <div class='ocr_carea' id='block_1_28' title="bbox 1981 1214 3574 1308">
    <p class='ocr_par' dir='ltr' id='par_1_28' title="bbox 1981 1214 3574 1308">
     <span class='ocr_line' id='line_1_28' title="bbox 1981 1214 3574 1308; baseline -0.011 -15"><span class='ocrx_word' id='word_1_195' title='bbox 1981 1249 2207 1308; x_wconf 89' lang='lat' dir='ltr'><strong>utraque</strong></span> <span class='ocrx_word' id='word_1_196' title='bbox 2234 1214 2478 1306; x_wconf 62' lang='lat' dir='ltr'><strong>quaedam</strong></span> <span class='ocrx_word' id='word_1_197' title='bbox 2505 1233 2575 1288; x_wconf 88' lang='lat' dir='ltr'><strong>sit</strong></span> <span class='ocrx_word' id='word_1_198' title='bbox 2612 1231 2679 1286; x_wconf 91' lang='lat' dir='ltr'><strong>ad</strong></span> <span class='ocrx_word' id='word_1_199' title='bbox 2709 1229 2955 1285; x_wconf 88' lang='lat' dir='ltr'><strong>eumdem</strong></span> <span class='ocrx_word' id='word_1_200' title='bbox 2989 1241 3214 1298; x_wconf 79' lang='lat' dir='ltr'><strong>agonem</strong></span> <span class='ocrx_word' id='word_1_201' title='bbox 3237 1224 3540 1280; x_wconf 77' lang='lat' dir='ltr'><strong>exhortatio</strong></span> <span class='ocrx_word' id='word_1_202' title='bbox 3559 1265 3574 1289; x_wconf 96' lang='lat'><strong>,</strong></span> 
     </span>
    </p>
   </div>
   <div class='ocr_carea' id='block_1_29' title="bbox 1982 1314 3578 1395">
    <p class='ocr_par' dir='ltr' id='par_1_29' title="bbox 1982 1314 3578 1395">
     <span class='ocr_line' id='line_1_29' title="bbox 1982 1314 3578 1395; baseline -0.009 -11"><span class='ocrx_word' id='word_1_203' title='bbox 1982 1330 2035 1384; x_wconf 91' lang='lat' dir='ltr'><strong>in</strong></span> <span class='ocrx_word' id='word_1_204' title='bbox 2067 1340 2252 1384; x_wconf 89' lang='lat' dir='ltr'><strong>neutra</strong></span> <span class='ocrx_word' id='word_1_205' title='bbox 2285 1339 2461 1383; x_wconf 87' lang='lat' dir='ltr'><strong>tamen</strong></span> <span class='ocrx_word' id='word_1_206' title='bbox 2478 1326 2717 1383; x_wconf 76' lang='lat' dir='ltr'><strong>rrelestis</strong></span> <span class='ocrx_word' id='word_1_207' title='bbox 2738 1324 2906 1395; x_wconf 89' lang='lat' dir='ltr'><strong>gloria</strong></span> <span class='ocrx_word' id='word_1_208' title='bbox 2923 1332 3243 1395; x_wconf 83' lang='lat' dir='ltr'><strong>martyrum,</strong></span> <span class='ocrx_word' id='word_1_209' title='bbox 3263 1326 3354 1372; x_wconf 80' lang='lat' dir='ltr'><strong>aut</strong></span> <span class='ocrx_word' id='word_1_210' title='bbox 3373 1314 3578 1373; x_wconf 83' lang='lat' dir='ltr'><strong>Christi</strong></span> 
     </span>
    </p>
   </div>
   <div class='ocr_carea' id='block_1_30' title="bbox 1988 1416 3578 1487">
    <p class='ocr_par' dir='ltr' id='par_1_30' title="bbox 1988 1416 3578 1487">
     <span class='ocr_line' id='line_1_30' title="bbox 1988 1416 3578 1487; baseline -0.001 -12"><span class='ocrx_word' id='word_1_211' title='bbox 1988 1420 2351 1476; x_wconf 86' lang='lat' dir='ltr'><strong>testimonium</strong></span> <span class='ocrx_word' id='word_1_212' title='bbox 2400 1428 2770 1483; x_wconf 89' lang='lat' dir='ltr'><strong>memoratur,</strong></span> <span class='ocrx_word' id='word_1_213' title='bbox 2820 1416 3045 1487; x_wconf 85' lang='lat' dir='ltr'><strong>ideoque</strong></span> <span class='ocrx_word' id='word_1_214' title='bbox 3110 1417 3251 1472; x_wconf 84' lang='lat' dir='ltr'><strong>aliud</strong></span> <span class='ocrx_word' id='word_1_215' title='bbox 3309 1418 3578 1486; x_wconf 82' lang='lat' dir='ltr'><strong>quoddam</strong></span> 
     </span>
    </p>
   </div>
   <div class='ocr_carea' id='block_1_31' title="bbox 1983 1512 3579 1585">
    <p class='ocr_par' dir='ltr' id='par_1_31' title="bbox 1983 1512 3579 1585">
     <span class='ocr_line' id='line_1_31' title="bbox 1983 1512 3579 1585; baseline 0 -18"><span class='ocrx_word' id='word_1_216' title='bbox 1983 1515 2219 1585; x_wconf 74' lang='lat' dir='ltr'><strong>ejusdem</strong></span> <span class='ocrx_word' id='word_1_217' title='bbox 2249 1514 2432 1570; x_wconf 82' lang='lat' dir='ltr'><strong>Sancti</strong></span> <span class='ocrx_word' id='word_1_218' title='bbox 2462 1513 2774 1584; x_wconf 83' lang='lat' dir='ltr'><strong>opusculum</strong></span> <span class='ocrx_word' id='word_1_219' title='bbox 2799 1512 2977 1567; x_wconf 84' lang='lat' dir='ltr'><strong>verbis</strong></span> <span class='ocrx_word' id='word_1_220' title='bbox 2998 1512 3290 1584; x_wconf 64' lang='lat' dir='ltr'><strong>praccilatis</strong></span> <span class='ocrx_word' id='word_1_221' title='bbox 3312 1527 3407 1567; x_wconf 89' lang='lat' dir='ltr'><strong>eos</strong></span> <span class='ocrx_word' id='word_1_222' title='bbox 3433 1512 3579 1567; x_wconf 88' lang='lat' dir='ltr'><strong>desi-</strong></span> 
     </span>
    </p>
   </div>
   <div class='ocr_carea' id='block_1_32' title="bbox 1982 1602 3579 1679">
    <p class='ocr_par' dir='ltr' id='par_1_32' title="bbox 1982 1602 3579 1679">
     <span class='ocr_line' id='line_1_32' title="bbox 1982 1602 3579 1679; baseline -0.001 -18"><span class='ocrx_word' id='word_1_223' title='bbox 1982 1623 2198 1679; x_wconf 71' lang='lat' dir='ltr'><strong>gnasse,</strong></span> <span class='ocrx_word' id='word_1_224' title='bbox 2224 1622 2447 1663; x_wconf 57' lang='lat' dir='ltr'><strong>necesse</strong></span> <span class='ocrx_word' id='word_1_225' title='bbox 2468 1615 2569 1661; x_wconf 87' lang='lat' dir='ltr'><strong>est.</strong></span> <span class='ocrx_word' id='word_1_226' title='bbox 2603 1608 2761 1676; x_wconf 79' lang='lat' dir='ltr'><strong>Atqui</strong></span> <span class='ocrx_word' id='word_1_227' title='bbox 2789 1614 3072 1675; x_wconf 84' lang='lat' dir='ltr'><strong>utrumque</strong></span> <span class='ocrx_word' id='word_1_228' title='bbox 3101 1602 3243 1659; x_wconf 90' lang='lat' dir='ltr'><strong>istud</strong></span> <span class='ocrx_word' id='word_1_229' title='bbox 3283 1605 3334 1658; x_wconf 92' lang='lat' dir='ltr'><strong>in</strong></span> <span class='ocrx_word' id='word_1_230' title='bbox 3362 1605 3579 1659; x_wconf 81' lang='lat' dir='ltr'><strong>laudato</strong></span> 
     </span>
    </p>
   </div>
   <div class='ocr_carea' id='block_1_33' title="bbox 1985 1697 3581 1772">
    <p class='ocr_par' dir='ltr' id='par_1_33' title="bbox 1985 1697 3581 1772">
     <span class='ocr_line' id='line_1_33' title="bbox 1985 1697 3581 1772; baseline 0 -18"><span class='ocrx_word' id='word_1_231' title='bbox 1985 1701 2124 1756; x_wconf 87' lang='lat' dir='ltr'><strong>libro</strong></span> <span class='ocrx_word' id='word_1_232' title='bbox 2145 1701 2381 1756; x_wconf 82' lang='lat' dir='ltr'><strong>delaude</strong></span> <span class='ocrx_word' id='word_1_233' title='bbox 2411 1700 2649 1772; x_wconf 78' lang='lat' dir='ltr'><strong>Martyrii</strong></span> <span class='ocrx_word' id='word_1_234' title='bbox 2676 1700 2928 1755; x_wconf 87' lang='lat' dir='ltr'><strong>occurrit.</strong></span> <span class='ocrx_word' id='word_1_235' title='bbox 2963 1701 3020 1755; x_wconf 85' lang='lat' dir='ltr'><strong>In</strong></span> <span class='ocrx_word' id='word_1_236' title='bbox 3054 1700 3239 1770; x_wconf 86' lang='lat' dir='ltr'><strong>primis</strong></span> <span class='ocrx_word' id='word_1_237' title='bbox 3274 1699 3342 1755; x_wconf 92' lang='lat' dir='ltr'><strong>de</strong></span> <span class='ocrx_word' id='word_1_238' title='bbox 3367 1697 3581 1756; x_wconf 84' lang='lat' dir='ltr'><strong>Christo</strong></span> 
     </span>
    </p>
   </div>
   <div class='ocr_carea' id='block_1_34' title="bbox 289 1796 3580 1891">
    <p class='ocr_par' dir='ltr' id='par_1_34' title="bbox 289 1796 3580 1891">
     <span class='ocr_line' id='line_1_34' title="bbox 289 1796 3580 1891; baseline 0.001 -43"><span class='ocrx_word' id='word_1_239' title='bbox 289 1829 535 1891; x_wconf 50' lang='lat' dir='ltr'><strong>prmmrea</strong></span> <span class='ocrx_word' id='word_1_240' title='bbox 562 1826 852 1889; x_wconf 50' lang='lat' dir='ltr'><strong>oppugnat,</strong></span> <span class='ocrx_word' id='word_1_241' title='bbox 885 1813 1028 1887; x_wconf 59' lang='lat' dir='ltr'><strong>quod</strong></span> <span class='ocrx_word' id='word_1_242' title='bbox 1058 1812 1124 1868; x_wconf 70' lang='lat' dir='ltr'><strong>dc</strong></span> <span class='ocrx_word' id='word_1_243' title='bbox 1152 1813 1237 1867; x_wconf 67' lang='lat' dir='ltr'><strong>[ne</strong></span> <span class='ocrx_word' id='word_1_244' title='bbox 1263 1821 1373 1866; x_wconf 68' lang='lat' dir='ltr'><strong>mm</strong></span> <span class='ocrx_word' id='word_1_245' title='bbox 1404 1818 1686 1881; x_wconf 55' lang='lat' dir='ltr'><strong>grassante</strong></span> <span class='ocrx_word' id='word_1_246' title='bbox 1718 1808 1770 1862; x_wconf 77' lang='grc' dir='ltr'><strong>ίη</strong></span> <span class='ocrx_word' id='word_1_247' title='bbox 1805 1821 1871 1861; x_wconf 68' lang='grc' dir='ltr'><strong>ευ</strong></span> <span class='ocrx_word' id='word_1_248' title='bbox 1902 1803 1949 1864; x_wconf 75' lang='grc' dir='ltr'>Β</span> <span class='ocrx_word' id='word_1_249' title='bbox 1982 1797 2119 1866; x_wconf 90' lang='lat' dir='ltr'><strong>apud</strong></span> <span class='ocrx_word' id='word_1_250' title='bbox 2164 1797 2375 1891; x_wconf 85' lang='lat' dir='ltr'><strong>Patrem</strong></span> <span class='ocrx_word' id='word_1_251' title='bbox 2418 1813 2574 1851; x_wconf 84' lang='lat' dir='ltr'><strong>suum</strong></span> <span class='ocrx_word' id='word_1_252' title='bbox 2616 1807 2847 1852; x_wconf 74' lang='lat' dir='ltr'><strong>testante</strong></span> <span class='ocrx_word' id='word_1_253' title='bbox 2873 1799 2945 1891; x_wconf 81' lang='lat' dir='ltr'><strong>ait</strong></span> <span class='ocrx_word' id='word_1_254' title='bbox 2979 1814 2999 1891; x_wconf 15' lang='lat' dir='ltr'><strong>:A</strong></span> <span class='ocrx_word' id='word_1_255' title='bbox 3089 1796 3246 1891; x_wconf 8' lang='lat' dir='ltr'><strong>Etgut</strong></span> <span class='ocrx_word' id='word_1_256' title='bbox 3272 1798 3340 1852; x_wconf 89' lang='lat' dir='ltr'><strong>de</strong></span> <span class='ocrx_word' id='word_1_257' title='bbox 3368 1798 3580 1891; x_wconf 73' lang='lat' dir='ltr'><strong>cmteris</strong></span> 
     </span>
    </p>
   </div>
   <div class='ocr_carea' id='block_1_35' title="bbox 288 1899 1871 1977">
    <p class='ocr_par' dir='ltr' id='par_1_35' title="bbox 288 1899 1871 1977">
     <span class='ocr_line' id='line_1_35' title="bbox 288 1899 1871 1977; baseline -0.007 -12"><span class='ocrx_word' id='word_1_258' title='bbox 288 1909 376 1966; x_wconf 80' lang='lat' dir='ltr'><strong>flat</strong></span> <span class='ocrx_word' id='word_1_259' title='bbox 394 1911 615 1975; x_wconf 84' lang='lat' dir='ltr'><strong>mentio,</strong></span> <span class='ocrx_word' id='word_1_260' title='bbox 646 1918 701 1964; x_wconf 87' lang='lat' dir='ltr'><strong>et</strong></span> <span class='ocrx_word' id='word_1_261' title='bbox 742 1919 919 1963; x_wconf 86' lang='lat' dir='ltr'><strong>tamen</strong></span> <span class='ocrx_word' id='word_1_262' title='bbox 957 1904 1149 1977; x_wconf 75' lang='lat' dir='ltr'><strong>Moysi,</strong></span> <span class='ocrx_word' id='word_1_263' title='bbox 1189 1913 1245 1960; x_wconf 90' lang='lat' dir='ltr'><strong>et</strong></span> <span class='ocrx_word' id='word_1_264' title='bbox 1286 1902 1548 1969; x_wconf 75' lang='lat' dir='ltr'><strong>Maximo,</strong></span> <span class='ocrx_word' id='word_1_265' title='bbox 1580 1911 1626 1957; x_wconf 87' lang='lat' dir='ltr'><strong>et</strong></span> <span class='ocrx_word' id='word_1_266' title='bbox 1661 1899 1871 1957; x_wconf 65' lang='lat' dir='ltr'><strong>caeteris</strong></span> 
     </span>
    </p>
   </div>
   <div class='ocr_carea' id='block_1_36' title="bbox 282 1994 1870 2069">
    <p class='ocr_par' dir='ltr' id='par_1_36' title="bbox 282 1994 1870 2069">
     <span class='ocr_line' id='line_1_36' title="bbox 282 1994 1870 2069; baseline -0.007 -11"><span class='ocrx_word' id='word_1_267' title='bbox 282 2002 675 2058; x_wconf 86' lang='lat' dir='ltr'><strong>confessoribus</strong></span> <span class='ocrx_word' id='word_1_268' title='bbox 711 1999 1026 2069; x_wconf 82' lang='lat' dir='ltr'><strong>inscriptum</strong></span> <span class='ocrx_word' id='word_1_269' title='bbox 1071 1998 1142 2052; x_wconf 89' lang='lat' dir='ltr'><strong>sit</strong></span> <span class='ocrx_word' id='word_1_270' title='bbox 1171 2016 1184 2051; x_wconf 92' lang='lat'>:</span> <span class='ocrx_word' id='word_1_271' title='bbox 1219 2011 1341 2050; x_wconf 90' lang='lat' dir='ltr'><strong>nam</strong></span> <span class='ocrx_word' id='word_1_272' title='bbox 1371 2011 1493 2050; x_wconf 89' lang='lat' dir='ltr'><strong>cum</strong></span> <span class='ocrx_word' id='word_1_273' title='bbox 1541 1994 1600 2050; x_wconf 92' lang='grc'><strong>8.</strong></span> <span class='ocrx_word' id='word_1_274' title='bbox 1634 1994 1870 2066; x_wconf 86' lang='lat' dir='ltr'><strong>Moyscm</strong></span> 
     </span>
    </p>
   </div>
   <div class='ocr_carea' id='block_1_37' title="bbox 284 2089 1870 2161">
    <p class='ocr_par' dir='ltr' id='par_1_37' title="bbox 284 2089 1870 2161">
     <span class='ocr_line' id='line_1_37' title="bbox 284 2089 1870 2161; baseline -0.007 -10"><span class='ocrx_word' id='word_1_275' title='bbox 284 2095 379 2151; x_wconf 86' lang='lat' dir='ltr'><strong>sub</strong></span> <span class='ocrx_word' id='word_1_276' title='bbox 417 2093 607 2161; x_wconf 84' lang='lat' dir='ltr'><strong>Decio,</strong></span> <span class='ocrx_word' id='word_1_277' title='bbox 641 2107 786 2147; x_wconf 88' lang='lat' dir='ltr'><strong>anno</strong></span> <span class='ocrx_word' id='word_1_278' title='bbox 810 2089 1220 2160; x_wconf 69' lang='lat' dir='ltr'><strong>25l,martyrio</strong></span> <span class='ocrx_word' id='word_1_279' title='bbox 1261 2098 1576 2143; x_wconf 88' lang='lat' dir='ltr'><strong>coronatum</strong></span> <span class='ocrx_word' id='word_1_280' title='bbox 1618 2097 1870 2152; x_wconf 88' lang='lat' dir='ltr'><strong>constet,</strong></span> 
     </span>
    </p>
   </div>
   <div class='ocr_carea' id='block_1_38' title="bbox 284 2180 1872 2260">
    <p class='ocr_par' dir='ltr' id='par_1_38' title="bbox 284 2180 1872 2260">
     <span class='ocr_line' id='line_1_38' title="bbox 284 2180 1872 2260; baseline -0.006 -18"><span class='ocrx_word' id='word_1_281' title='bbox 284 2197 479 2260; x_wconf 80' lang='lat' dir='ltr'><strong>pestem</strong></span> <span class='ocrx_word' id='word_1_282' title='bbox 508 2200 645 2241; x_wconf 84' lang='lat' dir='ltr'><strong>vero</strong></span> <span class='ocrx_word' id='word_1_283' title='bbox 672 2183 872 2249; x_wconf 77' lang='lat' dir='ltr'><strong>Fellus,</strong></span> <span class='ocrx_word' id='word_1_284' title='bbox 920 2183 1218 2253; x_wconf 82' lang='lat' dir='ltr'><strong>imperante</strong></span> <span class='ocrx_word' id='word_1_285' title='bbox 1251 2181 1409 2237; x_wconf 88' lang='lat' dir='ltr'><strong>Gallo</strong></span> <span class='ocrx_word' id='word_1_286' title='bbox 1436 2180 1671 2252; x_wconf 88' lang='lat' dir='ltr'><strong>primum</strong></span> <span class='ocrx_word' id='word_1_287' title='bbox 1708 2196 1872 2235; x_wconf 80' lang='lat' dir='ltr'><strong>exor-</strong></span> 
     </span>
    </p>
   </div>
   <div class='ocr_carea' id='block_1_39' title="bbox 291 2273 1875 2346">
    <p class='ocr_par' dir='ltr' id='par_1_39' title="bbox 291 2273 1875 2346">
     <span class='ocr_line' id='line_1_39' title="bbox 291 2273 1875 2346; baseline -0.004 -11"><span class='ocrx_word' id='word_1_288' title='bbox 291 2290 391 2335; x_wconf 82' lang='lat' dir='ltr'><strong>tam</strong></span> <span class='ocrx_word' id='word_1_289' title='bbox 449 2292 610 2346; x_wconf 86' lang='lat' dir='ltr'><strong>esse,</strong></span> <span class='ocrx_word' id='word_1_290' title='bbox 664 2286 896 2343; x_wconf 83' lang='lat' dir='ltr'><strong>statuat;</strong></span> <span class='ocrx_word' id='word_1_291' title='bbox 945 2276 1072 2332; x_wconf 88' lang='lat' dir='ltr'><strong>hinc</strong></span> <span class='ocrx_word' id='word_1_292' title='bbox 1124 2274 1291 2330; x_wconf 89' lang='lat' dir='ltr'><strong>infert</strong></span> <span class='ocrx_word' id='word_1_293' title='bbox 1314 2274 1510 2329; x_wconf 88' lang='lat' dir='ltr'><strong>librum</strong></span> <span class='ocrx_word' id='word_1_294' title='bbox 1555 2273 1706 2328; x_wconf 88' lang='lat' dir='ltr'><strong>illum</strong></span> <span class='ocrx_word' id='word_1_295' title='bbox 1752 2287 1875 2328; x_wconf 87' lang='lat' dir='ltr'><strong>esse</strong></span> 
     </span>
    </p>
   </div>
   <div class='ocr_carea' id='block_1_40' title="bbox 285 2366 1873 2442">
    <p class='ocr_par' dir='ltr' id='par_1_40' title="bbox 285 2366 1873 2442">
     <span class='ocr_line' id='line_1_40' title="bbox 285 2366 1873 2442; baseline -0.004 -15"><span class='ocrx_word' id='word_1_296' title='bbox 285 2370 555 2442; x_wconf 82' lang='lat' dir='ltr'><strong>scriptoris</strong></span> <span class='ocrx_word' id='word_1_297' title='bbox 575 2370 644 2426; x_wconf 90' lang='lat' dir='ltr'><strong>de</strong></span> <span class='ocrx_word' id='word_1_298' title='bbox 666 2370 829 2426; x_wconf 90' lang='lat' dir='ltr'><strong>rebus</strong></span> <span class='ocrx_word' id='word_1_299' title='bbox 866 2369 935 2424; x_wconf 83' lang='lat' dir='ltr'><strong>ab</strong></span> <span class='ocrx_word' id='word_1_300' title='bbox 978 2377 1138 2424; x_wconf 60' lang='lat' dir='ltr'><strong>artate</strong></span> <span class='ocrx_word' id='word_1_301' title='bbox 1180 2383 1275 2423; x_wconf 88' lang='lat' dir='ltr'><strong>sua</strong></span> <span class='ocrx_word' id='word_1_302' title='bbox 1316 2366 1541 2422; x_wconf 86' lang='lat' dir='ltr'><strong>remotis</strong></span> <span class='ocrx_word' id='word_1_303' title='bbox 1569 2381 1758 2438; x_wconf 88' lang='lat' dir='ltr'><strong>parum</strong></span> <span class='ocrx_word' id='word_1_304' title='bbox 1788 2367 1873 2421; x_wconf 54' lang='lat' dir='ltr'><strong>in-</strong></span> 
     </span>
    </p>
   </div>
   <div class='ocr_carea' id='block_1_41' title="bbox 289 2457 1874 2531">
    <p class='ocr_par' dir='ltr' id='par_1_41' title="bbox 289 2457 1874 2531">
     <span class='ocr_line' id='line_1_41' title="bbox 289 2457 1874 2531; baseline -0.002 -15"><span class='ocrx_word' id='word_1_305' title='bbox 289 2461 491 2517; x_wconf 89' lang='lat' dir='ltr'><strong>structi.</strong></span> <span class='ocrx_word' id='word_1_306' title='bbox 522 2460 602 2516; x_wconf 78' lang='lat' dir='ltr'><strong>Ad</strong></span> <span class='ocrx_word' id='word_1_307' title='bbox 631 2460 747 2517; x_wconf 69' lang='lat' dir='ltr'><strong>haec</strong></span> <span class='ocrx_word' id='word_1_308' title='bbox 785 2461 973 2531; x_wconf 89' lang='lat' dir='ltr'><strong>reponi</strong></span> <span class='ocrx_word' id='word_1_309' title='bbox 1006 2468 1198 2531; x_wconf 86' lang='lat' dir='ltr'><strong>potest,</strong></span> <span class='ocrx_word' id='word_1_310' title='bbox 1222 2473 1344 2513; x_wconf 90' lang='lat' dir='ltr'><strong>cum</strong></span> <span class='ocrx_word' id='word_1_311' title='bbox 1364 2457 1734 2523; x_wconf 86' lang='lat' dir='ltr'><strong>Tillemontio,</strong></span> <span class='ocrx_word' id='word_1_312' title='bbox 1768 2474 1874 2513; x_wconf 91' lang='lat' dir='ltr'><strong>non</strong></span> 
     </span>
    </p>
   </div>
   <div class='ocr_carea' id='block_1_42' title="bbox 290 2550 1873 2623">
    <p class='ocr_par' dir='ltr' id='par_1_42' title="bbox 290 2550 1873 2623">
     <span class='ocr_line' id='line_1_42' title="bbox 290 2550 1873 2623; baseline -0.001 -15"><span class='ocrx_word' id='word_1_313' title='bbox 290 2552 497 2623; x_wconf 82' lang='lat' dir='ltr'><strong>probari</strong></span> <span class='ocrx_word' id='word_1_314' title='bbox 541 2560 748 2622; x_wconf 86' lang='lat' dir='ltr'><strong>pestem</strong></span> <span class='ocrx_word' id='word_1_315' title='bbox 804 2552 952 2608; x_wconf 78' lang='lat' dir='ltr'><strong>illam</strong></span> <span class='ocrx_word' id='word_1_316' title='bbox 990 2552 1092 2608; x_wconf 89' lang='lat' dir='ltr'><strong>sub</strong></span> <span class='ocrx_word' id='word_1_317' title='bbox 1117 2550 1276 2608; x_wconf 86' lang='lat' dir='ltr'><strong>Gallo</strong></span> <span class='ocrx_word' id='word_1_318' title='bbox 1312 2550 1539 2621; x_wconf 88' lang='lat' dir='ltr'><strong>primum</strong></span> <span class='ocrx_word' id='word_1_319' title='bbox 1569 2550 1873 2617; x_wconf 78' lang='lat' dir='ltr'><strong>exarsisse,</strong></span> 
     </span>
    </p>
   </div>
   <div class='ocr_carea' id='block_1_43' title="bbox 288 2644 1879 2717">
    <p class='ocr_par' dir='ltr' id='par_1_43' title="bbox 288 2644 1879 2717">
     <span class='ocr_line' id='line_1_43' title="bbox 288 2644 1879 2717; baseline -0.001 -17"><span class='ocrx_word' id='word_1_320' title='bbox 288 2644 412 2701; x_wconf 78' lang='lat' dir='ltr'><strong>licet</strong></span> <span class='ocrx_word' id='word_1_321' title='bbox 434 2654 545 2701; x_wconf 80' lang='lat' dir='ltr'><strong>tum</strong></span> <span class='ocrx_word' id='word_1_322' title='bbox 572 2646 819 2704; x_wconf 83' lang='lat' dir='ltr'><strong>acerbius</strong></span> <span class='ocrx_word' id='word_1_323' title='bbox 849 2654 1088 2717; x_wconf 78' lang='lat' dir='ltr'><strong>grassata</strong></span> <span class='ocrx_word' id='word_1_324' title='bbox 1110 2645 1304 2710; x_wconf 12' lang='lat' dir='ltr'><strong>afuerit;</strong></span> <span class='ocrx_word' id='word_1_325' title='bbox 1333 2654 1494 2716; x_wconf 82' lang='lat' dir='ltr'><strong>atque</strong></span> <span class='ocrx_word' id='word_1_326' title='bbox 1520 2644 1656 2699; x_wconf 84' lang='lat' dir='ltr'><strong>adeo</strong></span> <span class='ocrx_word' id='word_1_327' title='bbox 1683 2659 1755 2700; x_wconf 82' lang='lat' dir='ltr'><strong>ex</strong></span> <span class='ocrx_word' id='word_1_328' title='bbox 1779 2644 1879 2699; x_wconf 87' lang='lat' dir='ltr'><strong>hoc</strong></span> 
     </span>
    </p>
   </div>
   <div class='ocr_carea' id='block_1_44' title="bbox 288 2734 1879 2807">
    <p class='ocr_par' dir='ltr' id='par_1_44' title="bbox 288 2734 1879 2807">
     <span class='ocr_line' id='line_1_44' title="bbox 288 2734 1879 2807; baseline -0.002 -15"><span class='ocrx_word' id='word_1_329' title='bbox 288 2736 459 2804; x_wconf 86' lang='lat' dir='ltr'><strong>capite</strong></span> <span class='ocrx_word' id='word_1_330' title='bbox 486 2734 758 2795; x_wconf 77' lang='lat' dir='ltr'><strong>laudatum</strong></span> <span class='ocrx_word' id='word_1_331' title='bbox 804 2736 1004 2791; x_wconf 79' lang='lat' dir='ltr'><strong>librum</strong></span> <span class='ocrx_word' id='word_1_332' title='bbox 1031 2734 1092 2791; x_wconf 97' lang='grc'><strong>8.</strong></span> <span class='ocrx_word' id='word_1_333' title='bbox 1123 2734 1397 2807; x_wconf 81' lang='lat' dir='ltr'><strong>Cypriane</strong></span> <span class='ocrx_word' id='word_1_334' title='bbox 1435 2734 1729 2805; x_wconf 82' lang='lat' dir='ltr'><strong>abjudicari</strong></span> <span class='ocrx_word' id='word_1_335' title='bbox 1771 2749 1879 2789; x_wconf 89' lang='lat' dir='ltr'><strong>non</strong></span> 
     </span>
    </p>
   </div>
   <div class='ocr_carea' id='block_1_45' title="bbox 288 2828 1877 2901">
    <p class='ocr_par' dir='ltr' id='par_1_45' title="bbox 288 2828 1877 2901">
     <span class='ocr_line' id='line_1_45' title="bbox 288 2828 1877 2901; baseline -0.003 -14"><span class='ocrx_word' id='word_1_336' title='bbox 288 2844 461 2901; x_wconf 79' lang='lat' dir='ltr'><strong>posse.</strong></span> <span class='ocrx_word' id='word_1_337' title='bbox 506 2830 758 2887; x_wconf 71' lang='lat' dir='ltr'><strong>Balusius</strong></span> <span class='ocrx_word' id='word_1_338' title='bbox 798 2830 851 2886; x_wconf 91' lang='lat' dir='ltr'><strong>in</strong></span> <span class='ocrx_word' id='word_1_339' title='bbox 902 2831 1187 2886; x_wconf 81' lang='lat' dir='ltr'><strong>Annotatis</strong></span> <span class='ocrx_word' id='word_1_340' title='bbox 1225 2830 1335 2884; x_wconf 82' lang='lat' dir='ltr'><strong>alio</strong></span> <span class='ocrx_word' id='word_1_341' title='bbox 1377 2843 1642 2898; x_wconf 85' lang='lat' dir='ltr'><strong>responso</strong></span> <span class='ocrx_word' id='word_1_342' title='bbox 1689 2828 1877 2896; x_wconf 88' lang='lat' dir='ltr'><strong>utitur,</strong></span> 
     </span>
    </p>
   </div>
   <div class='ocr_carea' id='block_1_46' title="bbox 290 2918 1882 2993">
    <p class='ocr_par' dir='ltr' id='par_1_46' title="bbox 290 2918 1882 2993">
     <span class='ocr_line' id='line_1_46' title="bbox 290 2918 1882 2993; baseline -0.001 -16"><span class='ocrx_word' id='word_1_343' title='bbox 290 2922 530 2993; x_wconf 83' lang='lat' dir='ltr'><strong>negando</strong></span> <span class='ocrx_word' id='word_1_344' title='bbox 557 2923 763 2979; x_wconf 81' lang='lat' dir='ltr'><strong>scilicet</strong></span> <span class='ocrx_word' id='word_1_345' title='bbox 795 2922 916 2977; x_wconf 90' lang='lat' dir='ltr'><strong>libri</strong></span> <span class='ocrx_word' id='word_1_346' title='bbox 940 2921 1346 2992; x_wconf 84' lang='lat' dir='ltr'><strong>inscriptionem</strong></span> <span class='ocrx_word' id='word_1_347' title='bbox 1371 2918 1541 2993; x_wconf 63' lang='lat' dir='ltr'><strong>Moysi</strong></span> <span class='ocrx_word' id='word_1_348' title='bbox 1563 2928 1618 2975; x_wconf 90' lang='lat' dir='ltr'><strong>et</strong></span> <span class='ocrx_word' id='word_1_349' title='bbox 1642 2919 1882 2975; x_wconf 76' lang='lat' dir='ltr'><strong>Maximo</strong></span> 
     </span>
    </p>
   </div>
   <div class='ocr_carea' id='block_1_47' title="bbox 290 3014 1882 3095">
    <p class='ocr_par' dir='ltr' id='par_1_47' title="bbox 290 3014 1882 3095">
     <span class='ocr_line' id='line_1_47' title="bbox 290 3014 1882 3095; baseline -0.002 -23"><span class='ocrx_word' id='word_1_350' title='bbox 290 3017 341 3072; x_wconf 91' lang='lat' dir='ltr'><strong>iu</strong></span> <span class='ocrx_word' id='word_1_351' title='bbox 385 3017 630 3087; x_wconf 78' lang='lat' dir='ltr'><strong>plurimis</strong></span> <span class='ocrx_word' id='word_1_352' title='bbox 654 3017 932 3095; x_wconf 69' lang='lat' dir='ltr'><strong>codicibus</strong></span> <span class='ocrx_word' id='word_1_353' title='bbox 957 3017 1182 3086; x_wconf 88' lang='lat' dir='ltr'><strong>optimis</strong></span> <span class='ocrx_word' id='word_1_354' title='bbox 1207 3026 1263 3072; x_wconf 87' lang='lat' dir='ltr'><strong>et</strong></span> <span class='ocrx_word' id='word_1_355' title='bbox 1290 3014 1667 3071; x_wconf 75' lang='lat' dir='ltr'><strong>vetustiSsimis</strong></span> <span class='ocrx_word' id='word_1_356' title='bbox 1687 3058 1702 3082; x_wconf 94' lang='lat'><strong>,</strong></span> <span class='ocrx_word' id='word_1_357' title='bbox 1746 3029 1882 3084; x_wconf 86' lang='lat' dir='ltr'><strong>quos</strong></span> 
     </span>
    </p>
   </div>
   <div class='ocr_carea' id='block_1_48' title="bbox 292 3105 1881 3180">
    <p class='ocr_par' dir='ltr' id='par_1_48' title="bbox 292 3105 1881 3180">
     <span class='ocr_line' id='line_1_48' title="bbox 292 3105 1881 3180; baseline -0.001 -18"><span class='ocrx_word' id='word_1_358' title='bbox 292 3107 566 3172; x_wconf 83' lang='lat' dir='ltr'><strong>habuerit,</strong></span> <span class='ocrx_word' id='word_1_359' title='bbox 601 3110 823 3180; x_wconf 86' lang='lat' dir='ltr'><strong>reperiri</strong></span> <span class='ocrx_word' id='word_1_360' title='bbox 855 3110 1156 3179; x_wconf 83' lang='lat' dir='ltr'><strong>asseritque</strong></span> <span class='ocrx_word' id='word_1_361' title='bbox 1195 3107 1252 3162; x_wconf 92' lang='lat' dir='ltr'><strong>in</strong></span> <span class='ocrx_word' id='word_1_362' title='bbox 1296 3105 1380 3162; x_wconf 87' lang='lat' dir='ltr'><strong>his</strong></span> <span class='ocrx_word' id='word_1_363' title='bbox 1430 3115 1637 3162; x_wconf 87' lang='lat' dir='ltr'><strong>tantum</strong></span> <span class='ocrx_word' id='word_1_364' title='bbox 1689 3107 1881 3162; x_wconf 88' lang='lat' dir='ltr'><strong>simili-</strong></span> 
     </span>
    </p>
   </div>
   <div class='ocr_carea' id='block_1_49' title="bbox 1981 1888 3580 1961">
    <p class='ocr_par' dir='ltr' id='par_1_49' title="bbox 1981 1888 3580 1961">
     <span class='ocr_line' id='line_1_49' title="bbox 1981 1888 3580 1961; baseline 0.001 -18"><span class='ocrx_word' id='word_1_365' title='bbox 1981 1898 2224 1950; x_wconf 86' lang='lat' dir='ltr'><strong>taceam,</strong></span> <span class='ocrx_word' id='word_1_366' title='bbox 2276 1890 2377 1943; x_wconf 85' lang='lat' dir='ltr'><strong>hoc</strong></span> <span class='ocrx_word' id='word_1_367' title='bbox 2409 1904 2506 1943; x_wconf 82' lang='lat' dir='ltr'><strong>nos</strong></span> <span class='ocrx_word' id='word_1_368' title='bbox 2540 1891 2723 1961; x_wconf 87' lang='lat' dir='ltr'><strong>utique</strong></span> <span class='ocrx_word' id='word_1_369' title='bbox 2754 1889 2924 1960; x_wconf 87' lang='lat' dir='ltr'><strong>magis</strong></span> <span class='ocrx_word' id='word_1_370' title='bbox 2972 1889 3133 1944; x_wconf 78' lang='lat' dir='ltr'><strong>debet</strong></span> <span class='ocrx_word' id='word_1_371' title='bbox 3163 1889 3398 1958; x_wconf 88' lang='lat' dir='ltr'><strong>hortari,</strong></span> <span class='ocrx_word' id='word_1_372' title='bbox 3437 1888 3580 1960; x_wconf 88' lang='lat' dir='ltr'><strong>quod</strong></span> 
     </span>
    </p>
   </div>
   <div class='ocr_carea' id='block_1_50' title="bbox 1981 1980 3580 2055">
    <p class='ocr_par' dir='ltr' id='par_1_50' title="bbox 1981 1980 3580 2055">
     <span class='ocr_line' id='line_1_50' title="bbox 1981 1980 3580 2055; baseline 0.001 -19"><span class='ocrx_word' id='word_1_373' title='bbox 1981 1980 2269 2037; x_wconf 80' lang='lat' dir='ltr'><strong>Confessio</strong></span> <span class='ocrx_word' id='word_1_374' title='bbox 2309 1981 2456 2037; x_wconf 88' lang='lat' dir='ltr'><strong>vocis</strong></span> <span class='ocrx_word' id='word_1_375' title='bbox 2496 1982 2655 2037; x_wconf 85' lang='lat' dir='ltr'><strong>unius</strong></span> <span class='ocrx_word' id='word_1_376' title='bbox 2679 1982 2880 2037; x_wconf 75' lang='lat' dir='ltr'><strong>Chrlsu</strong></span> <span class='ocrx_word' id='word_1_377' title='bbox 2926 1992 3181 2055; x_wconf 89' lang='lat' dir='ltr'><strong>perpetua</strong></span> <span class='ocrx_word' id='word_1_378' title='bbox 3223 1982 3580 2039; x_wconf 82' lang='lat' dir='ltr'><strong>Confessionc</strong></span> 
     </span>
    </p>
   </div>
   <div class='ocr_carea' id='block_1_51' title="bbox 1977 2074 3585 2145">
    <p class='ocr_par' dir='ltr' id='par_1_51' title="bbox 1977 2074 3585 2145">
     <span class='ocr_line' id='line_1_51' title="bbox 1977 2074 3585 2145; baseline 0.001 -16"><span class='ocrx_word' id='word_1_379' title='bbox 1977 2086 2241 2139; x_wconf 86' lang='lat' dir='ltr'><strong>servetur,</strong></span> <span class='ocrx_word' id='word_1_380' title='bbox 2275 2076 2413 2131; x_wconf 90' lang='lat' dir='ltr'><strong>sicut</strong></span> <span class='ocrx_word' id='word_1_381' title='bbox 2440 2075 2698 2145; x_wconf 85' lang='lat' dir='ltr'><strong>scriptqu</strong></span> <span class='ocrx_word' id='word_1_382' title='bbox 2722 2084 2805 2131; x_wconf 90' lang='lat' dir='ltr'><strong>est</strong></span> <span class='ocrx_word' id='word_1_383' title='bbox 2835 2091 2849 2130; x_wconf 90' lang='lat'><strong>:</strong></span> <span class='ocrx_word' id='word_1_384' title='bbox 2874 2074 2974 2142; x_wconf 80' lang='lat' dir='ltr'><strong>Qui</strong></span> <span class='ocrx_word' id='word_1_385' title='bbox 3003 2091 3088 2131; x_wconf 86' lang='lat' dir='ltr'><strong>me</strong></span> <span class='ocrx_word' id='word_1_386' title='bbox 3109 2076 3392 2132; x_wconf 88' lang='lat' dir='ltr'><strong>confessus</strong></span> <span class='ocrx_word' id='word_1_387' title='bbox 3421 2074 3585 2133; x_wconf 87' lang='lat' dir='ltr'><strong>fuerit</strong></span> 
     </span>
    </p>
   </div>
   <div class='ocr_carea' id='block_1_52' title="bbox 1980 2169 3582 2240">
    <p class='ocr_par' dir='ltr' id='par_1_52' title="bbox 1980 2169 3582 2240">
     <span class='ocr_line' id='line_1_52' title="bbox 1980 2169 3582 2240; baseline 0.001 -16"><span class='ocrx_word' id='word_1_388' title='bbox 1980 2170 2030 2224; x_wconf 89' lang='lat' dir='ltr'><strong>iu</strong></span> <span class='ocrx_word' id='word_1_389' title='bbox 2050 2170 2205 2224; x_wconf 88' lang='lat' dir='ltr'><strong>terris</strong></span> <span class='ocrx_word' id='word_1_390' title='bbox 2218 2171 2399 2225; x_wconf 89' lang='lat' dir='ltr'><strong>coram</strong></span> <span class='ocrx_word' id='word_1_391' title='bbox 2418 2169 2742 2230; x_wconf 76' lang='lat' dir='ltr'><strong>hominibus</strong></span> <span class='ocrx_word' id='word_1_392' title='bbox 2760 2179 2810 2224; x_wconf 92' lang='lat' dir='ltr'><strong>et</strong></span> <span class='ocrx_word' id='word_1_393' title='bbox 2829 2185 2928 2240; x_wconf 87' lang='lat' dir='ltr'><strong>ego</strong></span> <span class='ocrx_word' id='word_1_394' title='bbox 2942 2169 3238 2224; x_wconf 86' lang='lat' dir='ltr'><strong>confitebor</strong></span> <span class='ocrx_word' id='word_1_395' title='bbox 3249 2185 3371 2224; x_wconf 90' lang='lat' dir='ltr'><strong>eum</strong></span> <span class='ocrx_word' id='word_1_396' title='bbox 3398 2184 3520 2225; x_wconf 87' lang='lat' dir='ltr'><strong>cora</strong></span> <span class='ocrx_word' id='word_1_397' title='bbox 3529 2184 3582 2226; x_wconf 91' lang='lat' dir='ltr'><strong>m</strong></span> 
     </span>
    </p>
   </div>
   <div class='ocr_carea' id='block_1_53' title="bbox 1979 2261 3582 2334">
    <p class='ocr_par' dir='ltr' id='par_1_53' title="bbox 1979 2261 3582 2334">
     <span class='ocr_line' id='line_1_53' title="bbox 1979 2261 3582 2334; baseline 0 -17"><span class='ocrx_word' id='word_1_398' title='bbox 1979 2262 2139 2317; x_wconf 89' lang='lat' dir='ltr'><strong>Patre</strong></span> <span class='ocrx_word' id='word_1_399' title='bbox 2167 2278 2309 2329; x_wconf 90' lang='lat' dir='ltr'><strong>meo,</strong></span> <span class='ocrx_word' id='word_1_400' title='bbox 2326 2270 2380 2317; x_wconf 90' lang='lat' dir='ltr'><strong>et</strong></span> <span class='ocrx_word' id='word_1_401' title='bbox 2403 2277 2585 2317; x_wconf 89' lang='lat' dir='ltr'><strong>coram</strong></span> <span class='ocrx_word' id='word_1_402' title='bbox 2607 2263 2782 2333; x_wconf 54' lang='lat' dir='ltr'><strong>Agella</strong></span> <span class='ocrx_word' id='word_1_403' title='bbox 2798 2263 2934 2332; x_wconf 87' lang='lat' dir='ltr'><strong>ejus.</strong></span> <span class='ocrx_word' id='word_1_404' title='bbox 2965 2281 2982 2315; x_wconf 77' lang='grc' dir='ltr'><strong>ι</strong></span> <span class='ocrx_word' id='word_1_405' title='bbox 3020 2262 3095 2318; x_wconf 90' lang='lat' dir='ltr'><strong>De</strong></span> <span class='ocrx_word' id='word_1_406' title='bbox 3121 2261 3413 2334; x_wconf 77' lang='lat' dir='ltr'><strong>Martyrum</strong></span> <span class='ocrx_word' id='word_1_407' title='bbox 3444 2278 3582 2332; x_wconf 85' lang='lat' dir='ltr'><strong>quo-</strong></span> 
     </span>
    </p>
   </div>
   <div class='ocr_carea' id='block_1_54' title="bbox 1978 2357 3584 2429">
    <p class='ocr_par' dir='ltr' id='par_1_54' title="bbox 1978 2357 3584 2429">
     <span class='ocr_line' id='line_1_54' title="bbox 1978 2357 3584 2429; baseline 0.001 -18"><span class='ocrx_word' id='word_1_408' title='bbox 1978 2373 2084 2429; x_wconf 91' lang='lat' dir='ltr'><strong>que</strong></span> <span class='ocrx_word' id='word_1_409' title='bbox 2108 2358 2275 2427; x_wconf 89' lang='lat' dir='ltr'><strong>gloria</strong></span> <span class='ocrx_word' id='word_1_410' title='bbox 2307 2357 2506 2412; x_wconf 87' lang='lat' dir='ltr'><strong>ibidem</strong></span> <span class='ocrx_word' id='word_1_411' title='bbox 2538 2357 2723 2412; x_wconf 89' lang='lat' dir='ltr'><strong>multis</strong></span> <span class='ocrx_word' id='word_1_412' title='bbox 2749 2357 2998 2422; x_wconf 84' lang='lat' dir='ltr'><strong>disserit,</strong></span> <span class='ocrx_word' id='word_1_413' title='bbox 3030 2366 3084 2413; x_wconf 90' lang='lat' dir='ltr'><strong>et</strong></span> <span class='ocrx_word' id='word_1_414' title='bbox 3110 2357 3211 2412; x_wconf 90' lang='lat' dir='ltr'><strong>sub</strong></span> <span class='ocrx_word' id='word_1_415' title='bbox 3234 2357 3396 2413; x_wconf 85' lang='lat' dir='ltr'><strong>linem</strong></span> <span class='ocrx_word' id='word_1_416' title='bbox 3426 2357 3584 2413; x_wconf 85' lang='lat' dir='ltr'><strong>deni-</strong></span> 
     </span>
    </p>
   </div>
   <div class='ocr_carea' id='block_1_55' title="bbox 1979 2448 3581 2523">
    <p class='ocr_par' dir='ltr' id='par_1_55' title="bbox 1979 2448 3581 2523">
     <span class='ocr_line' id='line_1_55' title="bbox 1979 2448 3581 2523; baseline 0.001 -20"><span class='ocrx_word' id='word_1_417' title='bbox 1979 2466 2084 2522; x_wconf 87' lang='lat' dir='ltr'><strong>que</strong></span> <span class='ocrx_word' id='word_1_418' title='bbox 2111 2449 2187 2505; x_wconf 90' lang='lat' dir='ltr'><strong>ait</strong></span> <span class='ocrx_word' id='word_1_419' title='bbox 2218 2467 2232 2504; x_wconf 90' lang='lat'><strong>:</strong></span> <span class='ocrx_word' id='word_1_420' title='bbox 2268 2468 2286 2501; x_wconf 86' lang='grc' dir='ltr'><strong>ι</strong></span> <span class='ocrx_word' id='word_1_421' title='bbox 2323 2448 2369 2505; x_wconf 94' lang='grc' dir='ltr'><strong>Ο</strong></span> <span class='ocrx_word' id='word_1_422' title='bbox 2389 2450 2564 2516; x_wconf 86' lang='lat' dir='ltr'><strong>beati,</strong></span> <span class='ocrx_word' id='word_1_423' title='bbox 2595 2465 2735 2523; x_wconf 90' lang='lat' dir='ltr'><strong>quos</strong></span> <span class='ocrx_word' id='word_1_424' title='bbox 2776 2466 2804 2506; x_wconf 88' lang='lat' dir='ltr'><strong>a</strong></span> <span class='ocrx_word' id='word_1_425' title='bbox 2834 2451 3124 2522; x_wconf 91' lang='lat' dir='ltr'><strong>primordio</strong></span> <span class='ocrx_word' id='word_1_426' title='bbox 3149 2451 3334 2507; x_wconf 89' lang='lat' dir='ltr'><strong>mundi</strong></span> <span class='ocrx_word' id='word_1_427' title='bbox 3370 2452 3581 2508; x_wconf 90' lang='lat' dir='ltr'><strong>Domiui</strong></span> 
     </span>
    </p>
   </div>
   <div class='ocr_carea' id='block_1_56' title="bbox 1981 2542 3584 2615">
    <p class='ocr_par' dir='ltr' id='par_1_56' title="bbox 1981 2542 3584 2615">
     <span class='ocr_line' id='line_1_56' title="bbox 1981 2542 3584 2615; baseline 0.003 -19"><span class='ocrx_word' id='word_1_428' title='bbox 1981 2544 2200 2614; x_wconf 86' lang='lat' dir='ltr'><strong>sanguis</strong></span> <span class='ocrx_word' id='word_1_429' title='bbox 2240 2543 2459 2609; x_wconf 89' lang='lat' dir='ltr'><strong>infecit,</strong></span> <span class='ocrx_word' id='word_1_430' title='bbox 2500 2553 2554 2598; x_wconf 90' lang='lat' dir='ltr'><strong>et</strong></span> <span class='ocrx_word' id='word_1_431' title='bbox 2595 2558 2732 2615; x_wconf 85' lang='lat' dir='ltr'><strong>quos</strong></span> <span class='ocrx_word' id='word_1_432' title='bbox 2780 2544 2973 2599; x_wconf 91' lang='lat' dir='ltr'><strong>merito</strong></span> <span class='ocrx_word' id='word_1_433' title='bbox 2999 2542 3257 2613; x_wconf 85' lang='lat' dir='ltr'><strong>splendor</strong></span> <span class='ocrx_word' id='word_1_434' title='bbox 3306 2545 3408 2599; x_wconf 91' lang='lat' dir='ltr'><strong>iste</strong></span> <span class='ocrx_word' id='word_1_435' title='bbox 3442 2546 3584 2601; x_wconf 86' lang='lat' dir='ltr'><strong>nivei</strong></span> 
     </span>
    </p>
   </div>
   <div class='ocr_carea' id='block_1_57' title="bbox 1983 2637 3581 2704">
    <p class='ocr_par' dir='ltr' id='par_1_57' title="bbox 1983 2637 3581 2704">
     <span class='ocr_line' id='line_1_57' title="bbox 1983 2637 3581 2704; baseline 0.003 -13"><span class='ocrx_word' id='word_1_436' title='bbox 1983 2640 2211 2692; x_wconf 53' lang='lat' dir='ltr'><strong>amictus</strong></span> <span class='ocrx_word' id='word_1_437' title='bbox 2234 2637 2488 2704; x_wconf 90' lang='lat' dir='ltr'><strong>induerit,</strong></span> <span class='ocrx_word' id='word_1_438' title='bbox 2520 2648 2573 2693; x_wconf 90' lang='lat' dir='ltr'><strong>et</strong></span> <span class='ocrx_word' id='word_1_439' title='bbox 2596 2637 2799 2694; x_wconf 85' lang='lat' dir='ltr'><strong>candor</strong></span> <span class='ocrx_word' id='word_1_440' title='bbox 2833 2641 2985 2696; x_wconf 62' lang='lat' dir='ltr'><strong>stolae</strong></span> <span class='ocrx_word' id='word_1_441' title='bbox 3012 2641 3305 2697; x_wconf 85' lang='lat' dir='ltr'><strong>ambientis</strong></span> <span class='ocrx_word' id='word_1_442' title='bbox 3335 2640 3581 2697; x_wconf 86' lang='lat' dir='ltr'><strong>ornavit!</strong></span> 
     </span>
    </p>
   </div>
   <div class='ocr_carea' id='block_1_58' title="bbox 1983 2730 3580 2806">
    <p class='ocr_par' dir='ltr' id='par_1_58' title="bbox 1983 2730 3580 2806">
     <span class='ocr_line' id='line_1_58' title="bbox 1983 2730 3580 2806; baseline 0.001 -20"><span class='ocrx_word' id='word_1_443' title='bbox 1983 2730 2184 2787; x_wconf 79' lang='lat' dir='ltr'><strong>Videor</strong></span> <span class='ocrx_word' id='word_1_444' title='bbox 2210 2732 2444 2803; x_wconf 86' lang='lat' dir='ltr'><strong>denique</strong></span> <span class='ocrx_word' id='word_1_445' title='bbox 2472 2732 2586 2801; x_wconf 84' lang='lat' dir='ltr'><strong>ipse</strong></span> <span class='ocrx_word' id='word_1_446' title='bbox 2612 2732 2739 2786; x_wconf 88' lang='lat' dir='ltr'><strong>mihi</strong></span> <span class='ocrx_word' id='word_1_447' title='bbox 2766 2732 2877 2803; x_wconf 88' lang='lat' dir='ltr'><strong>jam</strong></span> <span class='ocrx_word' id='word_1_448' title='bbox 2909 2748 3164 2801; x_wconf 89' lang='lat' dir='ltr'><strong>cernere,</strong></span> <span class='ocrx_word' id='word_1_449' title='bbox 3203 2750 3408 2806; x_wconf 91' lang='lat' dir='ltr'><strong>proque</strong></span> <span class='ocrx_word' id='word_1_450' title='bbox 3434 2733 3580 2789; x_wconf 90' lang='lat' dir='ltr'><strong>arbi-</strong></span> 
     </span>
    </p>
   </div>
   <div class='ocr_carea' id='block_1_59' title="bbox 1985 2825 3585 2897">
    <p class='ocr_par' dir='ltr' id='par_1_59' title="bbox 1985 2825 3585 2897">
     <span class='ocr_line' id='line_1_59' title="bbox 1985 2825 3585 2897; baseline 0.002 -19"><span class='ocrx_word' id='word_1_451' title='bbox 1985 2825 2089 2878; x_wconf 90' lang='lat' dir='ltr'><strong>trio</strong></span> <span class='ocrx_word' id='word_1_452' title='bbox 2113 2826 2306 2879; x_wconf 89' lang='lat' dir='ltr'><strong>mentis</strong></span> <span class='ocrx_word' id='word_1_453' title='bbox 2331 2825 2579 2878; x_wconf 66' lang='lat' dir='ltr'><strong>humana:</strong></span> <span class='ocrx_word' id='word_1_454' title='bbox 2608 2833 2730 2879; x_wconf 88' lang='lat' dir='ltr'><strong>ante</strong></span> <span class='ocrx_word' id='word_1_455' title='bbox 2751 2826 2938 2881; x_wconf 90' lang='lat' dir='ltr'><strong>oculos</strong></span> <span class='ocrx_word' id='word_1_456' title='bbox 2965 2838 3018 2882; x_wconf 89' lang='lat' dir='ltr'><strong>et</strong></span> <span class='ocrx_word' id='word_1_457' title='bbox 3040 2835 3316 2897; x_wconf 85' lang='lat' dir='ltr'><strong>aspectum</strong></span> <span class='ocrx_word' id='word_1_458' title='bbox 3344 2826 3585 2881; x_wconf 81' lang='lat' dir='ltr'><strong>divinum</strong></span> 
     </span>
    </p>
   </div>
   <div class='ocr_carea' id='block_1_60' title="bbox 1987 2915 3587 2990">
    <p class='ocr_par' dir='ltr' id='par_1_60' title="bbox 1987 2915 3587 2990">
     <span class='ocr_line' id='line_1_60' title="bbox 1987 2915 3587 2990; baseline 0.003 -20"><span class='ocrx_word' id='word_1_459' title='bbox 1987 2917 2117 2972; x_wconf 88' lang='lat' dir='ltr'><strong>illud</strong></span> <span class='ocrx_word' id='word_1_460' title='bbox 2147 2917 2275 2971; x_wconf 89' lang='lat' dir='ltr'><strong>mihi</strong></span> <span class='ocrx_word' id='word_1_461' title='bbox 2306 2915 2589 2987; x_wconf 88' lang='lat' dir='ltr'><strong>etinsigne</strong></span> <span class='ocrx_word' id='word_1_462' title='bbox 2622 2921 2929 2984; x_wconf 84' lang='lat' dir='ltr'><strong>concurrit;</strong></span> <span class='ocrx_word' id='word_1_463' title='bbox 2963 2918 3168 2980; x_wconf 86' lang='lat' dir='ltr'><strong>videor,</strong></span> <span class='ocrx_word' id='word_1_464' title='bbox 3191 2918 3428 2990; x_wconf 87' lang='lat' dir='ltr'><strong>inquam,</strong></span> <span class='ocrx_word' id='word_1_465' title='bbox 3457 2920 3587 2975; x_wconf 88' lang='lat' dir='ltr'><strong>mihi</strong></span> 
     </span>
    </p>
   </div>
   <div class='ocr_carea' id='block_1_61' title="bbox 1982 3010 3589 3081">
    <p class='ocr_par' dir='ltr' id='par_1_61' title="bbox 1982 3010 3589 3081">
     <span class='ocr_line' id='line_1_61' title="bbox 1982 3010 3589 3081; baseline 0.006 -19"><span class='ocrx_word' id='word_1_466' title='bbox 1982 3010 2092 3081; x_wconf 86' lang='lat' dir='ltr'><strong>jam</strong></span> <span class='ocrx_word' id='word_1_467' title='bbox 2129 3027 2374 3075; x_wconf 88' lang='lat' dir='ltr'><strong>cernere,</strong></span> <span class='ocrx_word' id='word_1_468' title='bbox 2405 3022 2461 3066; x_wconf 91' lang='lat' dir='ltr'><strong>ut</strong></span> <span class='ocrx_word' id='word_1_469' title='bbox 2499 3011 2586 3068; x_wconf 85' lang='lat' dir='ltr'><strong>ille</strong></span> <span class='ocrx_word' id='word_1_470' title='bbox 2614 3028 2740 3068; x_wconf 91' lang='lat' dir='ltr'><strong>vere</strong></span> <span class='ocrx_word' id='word_1_471' title='bbox 2766 3014 2959 3069; x_wconf 89' lang='lat' dir='ltr'><strong>nobilis</strong></span> <span class='ocrx_word' id='word_1_472' title='bbox 2990 3029 3245 3070; x_wconf 89' lang='lat' dir='ltr'><strong>numerus</strong></span> <span class='ocrx_word' id='word_1_473' title='bbox 3272 3015 3474 3071; x_wconf 89' lang='lat' dir='ltr'><strong>Christi</strong></span> <span class='ocrx_word' id='word_1_474' title='bbox 3505 3015 3589 3071; x_wconf 90' lang='lat' dir='ltr'><strong>sui</strong></span> 
     </span>
    </p>
   </div>
   <div class='ocr_carea' id='block_1_62' title="bbox 1988 3106 3589 3180">
    <p class='ocr_par' dir='ltr' id='par_1_62' title="bbox 1988 3106 3589 3180">
     <span class='ocr_line' id='line_1_62' title="bbox 1988 3106 3589 3180; baseline 0.002 -20"><span class='ocrx_word' id='word_1_475' title='bbox 1988 3107 2233 3177; x_wconf 87' lang='lat' dir='ltr'><strong>gloriam,</strong></span> <span class='ocrx_word' id='word_1_476' title='bbox 2271 3108 2479 3176; x_wconf 88' lang='lat' dir='ltr'><strong>iterque</strong></span> <span class='ocrx_word' id='word_1_477' title='bbox 2512 3107 2818 3163; x_wconf 89' lang='lat' dir='ltr'><strong>comitetur.</strong></span> <span class='ocrx_word' id='word_1_478' title='bbox 2871 3106 2945 3163; x_wconf 89' lang='lat' dir='ltr'><strong>lbi</strong></span> <span class='ocrx_word' id='word_1_479' title='bbox 2985 3119 3111 3164; x_wconf 88' lang='lat' dir='ltr'><strong>ante</strong></span> <span class='ocrx_word' id='word_1_480' title='bbox 3160 3122 3252 3165; x_wconf 89' lang='lat' dir='ltr'><strong>ora</strong></span> <span class='ocrx_word' id='word_1_481' title='bbox 3309 3109 3426 3180; x_wconf 84' lang='lat' dir='ltr'><strong>ejus</strong></span> <span class='ocrx_word' id='word_1_482' title='bbox 3462 3109 3589 3164; x_wconf 78' lang='lat' dir='ltr'><strong>felix</strong></span> 
     </span>
    </p>
   </div>
   <div class='ocr_carea' id='block_1_63' title="bbox 291 3200 3592 3274">
    <p class='ocr_par' dir='ltr' id='par_1_63' title="bbox 291 3200 3592 3274">
     <span class='ocr_line' id='line_1_63' title="bbox 291 3200 3592 3274; baseline 0.002 -17"><span class='ocrx_word' id='word_1_483' title='bbox 291 3207 370 3257; x_wconf 86' lang='lat' dir='ltr'><strong>ter</strong></span> <span class='ocrx_word' id='word_1_484' title='bbox 415 3203 668 3274; x_wconf 66' lang='lat' dir='ltr'><strong>praemitti</strong></span> <span class='ocrx_word' id='word_1_485' title='bbox 722 3220 737 3258; x_wconf 88' lang='lat'><strong>:</strong></span> <span class='ocrx_word' id='word_1_486' title='bbox 788 3201 983 3273; x_wconf 77' lang='lat' dir='ltr'><strong>Incipit</strong></span> <span class='ocrx_word' id='word_1_487' title='bbox 1025 3203 1089 3256; x_wconf 81' lang='lat' dir='ltr'><strong>de</strong></span> <span class='ocrx_word' id='word_1_488' title='bbox 1132 3201 1285 3256; x_wconf 70' lang='lat' dir='ltr'><strong>laude</strong></span> <span class='ocrx_word' id='word_1_489' title='bbox 1334 3200 1609 3272; x_wconf 77' lang='lat' dir='ltr'><strong>Martyrii,</strong></span> <span class='ocrx_word' id='word_1_490' title='bbox 1651 3201 1736 3257; x_wconf 87' lang='lat' dir='ltr'><strong>vel</strong></span> <span class='ocrx_word' id='word_1_491' title='bbox 1789 3200 1957 3264; x_wconf 89' lang='lat' dir='ltr'><strong>ali-C</strong></span> <span class='ocrx_word' id='word_1_492' title='bbox 1991 3212 2204 3257; x_wconf 83' lang='lat' dir='ltr'><strong>caterva</strong></span> <span class='ocrx_word' id='word_1_493' title='bbox 2252 3203 2542 3269; x_wconf 90' lang='lat' dir='ltr'><strong>victorum,</strong></span> <span class='ocrx_word' id='word_1_494' title='bbox 2607 3211 2659 3258; x_wconf 89' lang='lat' dir='ltr'><strong>et</strong></span> <span class='ocrx_word' id='word_1_495' title='bbox 2714 3217 2774 3259; x_wconf 86' lang='lat' dir='ltr'><strong>se</strong></span> <span class='ocrx_word' id='word_1_496' title='bbox 2819 3200 3169 3258; x_wconf 87' lang='lat' dir='ltr'><strong>densautibus</strong></span> <span class='ocrx_word' id='word_1_497' title='bbox 3210 3205 3419 3269; x_wconf 84' lang='lat' dir='ltr'><strong>turmis,</strong></span> <span class='ocrx_word' id='word_1_498' title='bbox 3447 3204 3592 3263; x_wconf 87' lang='lat' dir='ltr'><strong>velut</strong></span> 
     </span>
    </p>
   </div>
   <div class='ocr_carea' id='block_1_64' title="bbox 294 3293 1882 3365">
    <p class='ocr_par' dir='ltr' id='par_1_64' title="bbox 294 3293 1882 3365">
     <span class='ocr_line' id='line_1_64' title="bbox 294 3293 1882 3365; baseline 0.001 -18"><span class='ocrx_word' id='word_1_499' title='bbox 294 3293 417 3363; x_wconf 79' lang='lat' dir='ltr'><strong>quid</strong></span> <span class='ocrx_word' id='word_1_500' title='bbox 447 3294 643 3351; x_wconf 82' lang='lat' dir='ltr'><strong>simile.</strong></span> <span class='ocrx_word' id='word_1_501' title='bbox 672 3293 811 3351; x_wconf 79' lang='lat' dir='ltr'><strong>Hinc</strong></span> <span class='ocrx_word' id='word_1_502' title='bbox 839 3294 959 3365; x_wconf 87' lang='lat' dir='ltr'><strong>ipse</strong></span> <span class='ocrx_word' id='word_1_503' title='bbox 997 3295 1051 3349; x_wconf 92' lang='lat' dir='ltr'><strong>in</strong></span> <span class='ocrx_word' id='word_1_504' title='bbox 1086 3294 1322 3350; x_wconf 85' lang='lat' dir='ltr'><strong>editione</strong></span> <span class='ocrx_word' id='word_1_505' title='bbox 1345 3309 1439 3349; x_wconf 89' lang='lat' dir='ltr'><strong>sua</strong></span> <span class='ocrx_word' id='word_1_506' title='bbox 1474 3294 1707 3363; x_wconf 86' lang='lat' dir='ltr'><strong>priorem</strong></span> <span class='ocrx_word' id='word_1_507' title='bbox 1738 3293 1882 3349; x_wconf 84' lang='lat' dir='ltr'><strong>illam</strong></span> 
     </span>
    </p>
   </div>
   <div class='ocr_carea' id='block_1_65' title="bbox 293 3386 1878 3460">
    <p class='ocr_par' dir='ltr' id='par_1_65' title="bbox 293 3386 1878 3460">
     <span class='ocr_line' id='line_1_65' title="bbox 293 3386 1878 3460; baseline -0.001 -16"><span class='ocrx_word' id='word_1_508' title='bbox 293 3388 694 3460; x_wconf 70' lang='lat' dir='ltr'><strong>inscriptionem</strong></span> <span class='ocrx_word' id='word_1_509' title='bbox 721 3430 736 3454; x_wconf 96' lang='lat'><strong>,</strong></span> <span class='ocrx_word' id='word_1_510' title='bbox 769 3390 918 3445; x_wconf 77' lang='lat' dir='ltr'><strong>velut</strong></span> <span class='ocrx_word' id='word_1_511' title='bbox 945 3389 1015 3445; x_wconf 75' lang='lat' dir='ltr'><strong>ab</strong></span> <span class='ocrx_word' id='word_1_512' title='bbox 1059 3388 1165 3443; x_wconf 83' lang='lat' dir='ltr'><strong>alio</strong></span> <span class='ocrx_word' id='word_1_513' title='bbox 1198 3387 1469 3451; x_wconf 82' lang='lat' dir='ltr'><strong>additam,</strong></span> <span class='ocrx_word' id='word_1_514' title='bbox 1517 3386 1878 3458; x_wconf 80' lang='lat' dir='ltr'><strong>praetermisit.</strong></span> 
     </span>
    </p>
   </div>
   <div class='ocr_carea' id='block_1_66' title="bbox 297 3481 1886 3553">
    <p class='ocr_par' dir='ltr' id='par_1_66' title="bbox 297 3481 1886 3553">
     <span class='ocr_line' id='line_1_66' title="bbox 297 3481 1886 3553; baseline 0.001 -16"><span class='ocrx_word' id='word_1_515' title='bbox 297 3481 553 3538; x_wconf 80' lang='lat' dir='ltr'><strong>Eamdem</strong></span> <span class='ocrx_word' id='word_1_516' title='bbox 599 3498 629 3536; x_wconf 86' lang='lat' dir='ltr'><strong>a</strong></span> <span class='ocrx_word' id='word_1_517' title='bbox 680 3484 852 3539; x_wconf 86' lang='lat' dir='ltr'><strong>tribus</strong></span> <span class='ocrx_word' id='word_1_518' title='bbox 880 3483 1157 3540; x_wconf 80' lang='lat' dir='ltr'><strong>codicibus</strong></span> <span class='ocrx_word' id='word_1_519' title='bbox 1196 3482 1432 3553; x_wconf 84' lang='lat' dir='ltr'><strong>antiquis</strong></span> <span class='ocrx_word' id='word_1_520' title='bbox 1468 3486 1669 3552; x_wconf 88' lang='lat' dir='ltr'><strong>pariter</strong></span> <span class='ocrx_word' id='word_1_521' title='bbox 1693 3483 1886 3538; x_wconf 87' lang='lat' dir='ltr'><strong>abesse</strong></span> 
     </span>
    </p>
   </div>
   <div class='ocr_carea' id='block_1_67' title="bbox 290 3573 1884 3631">
    <p class='ocr_par' dir='ltr' id='par_1_67' title="bbox 290 3573 1884 3631">
     <span class='ocr_line' id='line_1_67' title="bbox 290 3573 1884 3631; baseline -0.001 0"><span class='ocrx_word' id='word_1_522' title='bbox 290 3573 529 3631; x_wconf 72' lang='lat' dir='ltr'><strong>Joannes</strong></span> <span class='ocrx_word' id='word_1_523' title='bbox 567 3574 748 3631; x_wconf 73' lang='lat' dir='ltr'><strong>Folius</strong></span> <span class='ocrx_word' id='word_1_524' title='bbox 786 3584 1034 3631; x_wconf 80' lang='lat' dir='ltr'><strong>testatur.</strong></span> <span class='ocrx_word' id='word_1_525' title='bbox 1067 3578 1136 3630; x_wconf 84' lang='lat' dir='ltr'><strong>At</strong></span> <span class='ocrx_word' id='word_1_526' title='bbox 1170 3590 1393 3631; x_wconf 84' lang='lat' dir='ltr'><strong>necesse</strong></span> <span class='ocrx_word' id='word_1_527' title='bbox 1424 3589 1529 3630; x_wconf 91' lang='lat' dir='ltr'><strong>non</strong></span> <span class='ocrx_word' id='word_1_528' title='bbox 1557 3584 1640 3629; x_wconf 90' lang='lat' dir='ltr'><strong>est</strong></span> <span class='ocrx_word' id='word_1_529' title='bbox 1666 3574 1768 3629; x_wconf 91' lang='lat' dir='ltr'><strong>huc</strong></span> <span class='ocrx_word' id='word_1_530' title='bbox 1793 3589 1884 3629; x_wconf 53' lang='lat' dir='ltr'><strong>re:</strong></span> 
     </span>
    </p>
   </div>
   <div class='ocr_carea' id='block_1_68' title="bbox 288 3667 1885 3741">
    <p class='ocr_par' dir='ltr' id='par_1_68' title="bbox 288 3667 1885 3741">
     <span class='ocr_line' id='line_1_68' title="bbox 288 3667 1885 3741; baseline -0.001 -17"><span class='ocrx_word' id='word_1_531' title='bbox 288 3682 530 3736; x_wconf 83' lang='lat' dir='ltr'><strong>currere,</strong></span> <span class='ocrx_word' id='word_1_532' title='bbox 552 3682 674 3725; x_wconf 87' lang='lat' dir='ltr'><strong>cum</strong></span> <span class='ocrx_word' id='word_1_533' title='bbox 702 3668 762 3725; x_wconf 83' lang='grc'><strong>8.</strong></span> <span class='ocrx_word' id='word_1_534' title='bbox 798 3667 1017 3741; x_wconf 77' lang='lat' dir='ltr'><strong>Moysis,</strong></span> <span class='ocrx_word' id='word_1_535' title='bbox 1047 3667 1292 3736; x_wconf 72' lang='lat' dir='ltr'><strong>Maximi,</strong></span> <span class='ocrx_word' id='word_1_536' title='bbox 1322 3667 1631 3734; x_wconf 82' lang='lat' dir='ltr'><strong>Nicostrati,</strong></span> <span class='ocrx_word' id='word_1_537' title='bbox 1660 3676 1885 3723; x_wconf 66' lang='lat' dir='ltr'><strong>emero-</strong></span> 
     </span>
    </p>
   </div>
   <div class='ocr_carea' id='block_1_69' title="bbox 289 3760 1879 3833">
    <p class='ocr_par' dir='ltr' id='par_1_69' title="bbox 289 3760 1879 3833">
     <span class='ocr_line' id='line_1_69' title="bbox 289 3760 1879 3833; baseline 0 -18"><span class='ocrx_word' id='word_1_538' title='bbox 289 3775 517 3828; x_wconf 73' lang='lat' dir='ltr'><strong>ruutque</strong></span> <span class='ocrx_word' id='word_1_539' title='bbox 531 3760 899 3817; x_wconf 63' lang='lat' dir='ltr'><strong>confecerunt</strong></span> <span class='ocrx_word' id='word_1_540' title='bbox 916 3760 1282 3817; x_wconf 69' lang='lat' dir='ltr'><strong>Romanorum</strong></span> <span class='ocrx_word' id='word_1_541' title='bbox 1308 3761 1572 3833; x_wconf 80' lang='lat' dir='ltr'><strong>Epistola,</strong></span> <span class='ocrx_word' id='word_1_542' title='bbox 1595 3776 1713 3831; x_wconf 85' lang='lat' dir='ltr'><strong>quae</strong></span> <span class='ocrx_word' id='word_1_543' title='bbox 1734 3774 1879 3827; x_wconf 79' lang='lat' dir='ltr'><strong>xxvi,</strong></span> 
     </span>
    </p>
   </div>
   <div class='ocr_carea' id='block_1_70' title="bbox 293 3854 1884 3925">
    <p class='ocr_par' dir='ltr' id='par_1_70' title="bbox 293 3854 1884 3925">
     <span class='ocr_line' id='line_1_70' title="bbox 293 3854 1884 3925; baseline -0.001 -17"><span class='ocrx_word' id='word_1_544' title='bbox 293 3854 541 3908; x_wconf 84' lang='lat' dir='ltr'><strong>estinter</strong></span> <span class='ocrx_word' id='word_1_545' title='bbox 591 3854 977 3925; x_wconf 81' lang='lat' dir='ltr'><strong>Cypriauieas,</strong></span> <span class='ocrx_word' id='word_1_546' title='bbox 1024 3854 1245 3909; x_wconf 77' lang='lat' dir='ltr'><strong>minime</strong></span> <span class='ocrx_word' id='word_1_547' title='bbox 1296 3854 1455 3908; x_wconf 78' lang='lat' dir='ltr'><strong>inane</strong></span> <span class='ocrx_word' id='word_1_548' title='bbox 1512 3864 1884 3924; x_wconf 85' lang='lat' dir='ltr'><strong>argumentum</strong></span> 
     </span>
    </p>
   </div>
   <div class='ocr_carea' id='block_1_71' title="bbox 287 3947 1882 4019">
    <p class='ocr_par' dir='ltr' id='par_1_71' title="bbox 287 3947 1882 4019">
     <span class='ocr_line' id='line_1_71' title="bbox 287 3947 1882 4019; baseline -0.002 -15"><span class='ocrx_word' id='word_1_549' title='bbox 287 3948 524 4017; x_wconf 72' lang='lat' dir='ltr'><strong>praebeat</strong></span> <span class='ocrx_word' id='word_1_550' title='bbox 558 3964 657 4019; x_wconf 88' lang='lat' dir='ltr'><strong>pro</strong></span> <span class='ocrx_word' id='word_1_551' title='bbox 693 3949 886 4007; x_wconf 81' lang='lat' dir='ltr'><strong>eodem</strong></span> <span class='ocrx_word' id='word_1_552' title='bbox 922 3949 1061 4004; x_wconf 81' lang='lat' dir='ltr'><strong>libre</strong></span> <span class='ocrx_word' id='word_1_553' title='bbox 1098 3949 1156 4004; x_wconf 85' lang='grc'><strong>8.</strong></span> <span class='ocrx_word' id='word_1_554' title='bbox 1202 3948 1477 4019; x_wconf 68' lang='lat' dir='ltr'><strong>Cypriane</strong></span> <span class='ocrx_word' id='word_1_555' title='bbox 1524 3947 1882 4012; x_wconf 86' lang='lat' dir='ltr'><strong>vindicando,</strong></span> 
     </span>
    </p>
   </div>
   <div class='ocr_carea' id='block_1_72' title="bbox 284 4038 1888 4111">
    <p class='ocr_par' dir='ltr' id='par_1_72' title="bbox 284 4038 1888 4111">
     <span class='ocr_line' id='line_1_72' title="bbox 284 4038 1888 4111; baseline -0.001 -17"><span class='ocrx_word' id='word_1_556' title='bbox 284 4040 429 4110; x_wconf 83' lang='lat' dir='ltr'><strong>quod</strong></span> <span class='ocrx_word' id='word_1_557' title='bbox 459 4040 929 4099; x_wconf 75' lang='lat' dir='ltr'><strong>Etuiuentissimus</strong></span> <span class='ocrx_word' id='word_1_558' title='bbox 956 4040 1313 4097; x_wconf 71' lang='lat' dir='ltr'><strong>Bellarmiuus</strong></span> <span class='ocrx_word' id='word_1_559' title='bbox 1337 4038 1480 4096; x_wconf 85' lang='lat' dir='ltr'><strong>libro</strong></span> <span class='ocrx_word' id='word_1_560' title='bbox 1506 4038 1574 4096; x_wconf 87' lang='lat' dir='ltr'><strong>de</strong></span> <span class='ocrx_word' id='word_1_561' title='bbox 1596 4038 1888 4111; x_wconf 83' lang='lat' dir='ltr'><strong>Scriptori-</strong></span> 
     </span>
    </p>
   </div>
   <div class='ocr_carea' id='block_1_73' title="bbox 285 4128 1894 4205">
    <p class='ocr_par' dir='ltr' id='par_1_73' title="bbox 285 4128 1894 4205">
     <span class='ocr_line' id='line_1_73' title="bbox 285 4128 1894 4205; baseline -0.001 -18"><span class='ocrx_word' id='word_1_562' title='bbox 285 4128 387 4187; x_wconf 74' lang='lat' dir='ltr'><strong>ltus</strong></span> <span class='ocrx_word' id='word_1_563' title='bbox 410 4133 795 4193; x_wconf 77' lang='lat' dir='ltr'><strong>ecclesiasticis</strong></span> <span class='ocrx_word' id='word_1_564' title='bbox 835 4134 887 4188; x_wconf 89' lang='lat' dir='ltr'><strong>in</strong></span> <span class='ocrx_word' id='word_1_565' title='bbox 923 4133 981 4189; x_wconf 89' lang='grc'><strong>8.</strong></span> <span class='ocrx_word' id='word_1_566' title='bbox 1008 4132 1281 4205; x_wconf 74' lang='lat' dir='ltr'><strong>Cypriane</strong></span> <span class='ocrx_word' id='word_1_567' title='bbox 1302 4131 1446 4188; x_wconf 78' lang='lat' dir='ltr'><strong>haud</strong></span> <span class='ocrx_word' id='word_1_568' title='bbox 1469 4132 1631 4189; x_wconf 89' lang='lat' dir='ltr'><strong>dubie</strong></span> <span class='ocrx_word' id='word_1_569' title='bbox 1653 4133 1894 4187; x_wconf 79' lang='lat' dir='ltr'><strong>insinua-</strong></span> 
     </span>
    </p>
   </div>
   <div class='ocr_carea' id='block_1_74' title="bbox 284 4218 1893 4298">
    <p class='ocr_par' dir='ltr' id='par_1_74' title="bbox 284 4218 1893 4298">
     <span class='ocr_line' id='line_1_74' title="bbox 284 4218 1893 4298; baseline 0.001 -21"><span class='ocrx_word' id='word_1_570' title='bbox 284 4222 398 4291; x_wconf 85' lang='lat' dir='ltr'><strong>vit,</strong></span> <span class='ocrx_word' id='word_1_571' title='bbox 449 4222 578 4280; x_wconf 89' lang='lat' dir='ltr'><strong>dum</strong></span> <span class='ocrx_word' id='word_1_572' title='bbox 621 4218 698 4280; x_wconf 77' lang='lat' dir='ltr'><strong>aii</strong></span> <span class='ocrx_word' id='word_1_573' title='bbox 736 4235 1108 4283; x_wconf 80' lang='lat' dir='ltr'><strong>:memoratos</strong></span> <span class='ocrx_word' id='word_1_574' title='bbox 1137 4225 1491 4282; x_wconf 72' lang='lat' dir='ltr'><strong>Confessum</strong></span> <span class='ocrx_word' id='word_1_575' title='bbox 1533 4228 1586 4282; x_wconf 90' lang='lat' dir='ltr'><strong>in</strong></span> <span class='ocrx_word' id='word_1_576' title='bbox 1633 4227 1893 4298; x_wconf 80' lang='lat' dir='ltr'><strong>praedicta</strong></span> 
     </span>
    </p>
   </div>
   <div class='ocr_carea' id='block_1_75' title="bbox 283 4314 1885 4392">
    <p class='ocr_par' dir='ltr' id='par_1_75' title="bbox 283 4314 1885 4392">
     <span class='ocr_line' id='line_1_75' title="bbox 283 4314 1885 4392; baseline 0.006 -23"><span class='ocrx_word' id='word_1_577' title='bbox 283 4314 532 4386; x_wconf 77' lang='lat' dir='ltr'><strong>Epistula</strong></span> <span class='ocrx_word' id='word_1_578' title='bbox 548 4315 616 4372; x_wconf 87' lang='lat' dir='ltr'><strong>de</strong></span> <span class='ocrx_word' id='word_1_579' title='bbox 640 4332 703 4372; x_wconf 81' lang='lat' dir='ltr'><strong>ea</strong></span> <span class='ocrx_word' id='word_1_580' title='bbox 734 4318 1059 4373; x_wconf 76' lang='lat' dir='ltr'><strong>mentionem</strong></span> <span class='ocrx_word' id='word_1_581' title='bbox 1085 4317 1285 4375; x_wconf 83' lang='lat' dir='ltr'><strong>facere.</strong></span> <span class='ocrx_word' id='word_1_582' title='bbox 1304 4318 1438 4376; x_wconf 78' lang='lat' dir='ltr'><strong>Rem</strong></span> <span class='ocrx_word' id='word_1_583' title='bbox 1453 4320 1622 4391; x_wconf 86' lang='lat' dir='ltr'><strong>ipsam</strong></span> <span class='ocrx_word' id='word_1_584' title='bbox 1650 4336 1885 4392; x_wconf 80' lang='lat' dir='ltr'><strong>expono.</strong></span> 
     </span>
    </p>
   </div>
   <div class='ocr_carea' id='block_1_76' title="bbox 283 4406 1889 4485">
    <p class='ocr_par' dir='ltr' id='par_1_76' title="bbox 283 4406 1889 4485">
     <span class='ocr_line' id='line_1_76' title="bbox 283 4406 1889 4485; baseline 0.004 -20"><span class='ocrx_word' id='word_1_585' title='bbox 283 4406 641 4465; x_wconf 72' lang='lat' dir='ltr'><strong>Confessures</strong></span> <span class='ocrx_word' id='word_1_586' title='bbox 660 4408 736 4463; x_wconf 80' lang='lat' dir='ltr'><strong>illi</strong></span> <span class='ocrx_word' id='word_1_587' title='bbox 763 4409 901 4465; x_wconf 86' lang='lat' dir='ltr'><strong>inter</strong></span> <span class='ocrx_word' id='word_1_588' title='bbox 920 4420 1114 4466; x_wconf 68' lang='lat' dir='ltr'><strong>caetera</strong></span> <span class='ocrx_word' id='word_1_589' title='bbox 1142 4409 1260 4467; x_wconf 65' lang='lat' dir='ltr'><strong>huic</strong></span> <span class='ocrx_word' id='word_1_590' title='bbox 1284 4412 1529 4468; x_wconf 86' lang='lat' dir='ltr'><strong>scribunt</strong></span> <span class='ocrx_word' id='word_1_591' title='bbox 1554 4431 1567 4467; x_wconf 86' lang='lat'><strong>:</strong></span> <span class='ocrx_word' id='word_1_592' title='bbox 1589 4431 1610 4465; x_wconf 77' lang='grc' dir='ltr'><strong>ι</strong></span> <span class='ocrx_word' id='word_1_593' title='bbox 1637 4413 1889 4485; x_wconf 83' lang='lat' dir='ltr'><strong>Percepi-</strong></span> 
     </span>
    </p>
   </div>
   <div class='ocr_carea' id='block_1_77' title="bbox 1988 3292 3586 3367">
    <p class='ocr_par' dir='ltr' id='par_1_77' title="bbox 1988 3292 3586 3367">
     <span class='ocr_line' id='line_1_77' title="bbox 1988 3292 3586 3367; baseline 0.001 -19"><span class='ocrx_word' id='word_1_594' title='bbox 1988 3292 2118 3348; x_wconf 91' lang='lat' dir='ltr'><strong>solis</strong></span> <span class='ocrx_word' id='word_1_595' title='bbox 2171 3303 2361 3349; x_wconf 80' lang='lat' dir='ltr'><strong>exortu</strong></span> <span class='ocrx_word' id='word_1_596' title='bbox 2395 3304 2565 3349; x_wconf 87' lang='lat' dir='ltr'><strong>totmn</strong></span> <span class='ocrx_word' id='word_1_597' title='bbox 2614 3295 2972 3350; x_wconf 71' lang='grc' dir='ltr'>ἱηιιιιιίιιίιιηιῐι</span> <span class='ocrx_word' id='word_1_598' title='bbox 3018 3311 3209 3367; x_wconf 87' lang='lat' dir='ltr'><strong>agmen</strong></span> <span class='ocrx_word' id='word_1_599' title='bbox 3258 3296 3449 3351; x_wconf 81' lang='lat' dir='ltr'><strong>inferet</strong></span> <span class='ocrx_word' id='word_1_600' title='bbox 3490 3310 3586 3367; x_wconf 91' lang='lat' dir='ltr'><strong>po-</strong></span> 
     </span>
    </p>
   </div>
   <div class='ocr_carea' id='block_1_78' title="bbox 1988 3386 3592 3459">
    <p class='ocr_par' dir='ltr' id='par_1_78' title="bbox 1988 3386 3592 3459">
     <span class='ocr_line' id='line_1_78' title="bbox 1988 3386 3592 3459; baseline 0.004 -20"><span class='ocrx_word' id='word_1_601' title='bbox 1988 3393 2235 3440; x_wconf 87' lang='lat' dir='ltr'><strong>testatem</strong></span> <span class='ocrx_word' id='word_1_602' title='bbox 2287 3404 2300 3440; x_wconf 90' lang='lat'><strong>:</strong></span> <span class='ocrx_word' id='word_1_603' title='bbox 2344 3395 2398 3442; x_wconf 91' lang='lat' dir='ltr'><strong>et</strong></span> <span class='ocrx_word' id='word_1_604' title='bbox 2438 3388 2641 3441; x_wconf 90' lang='lat' dir='ltr'><strong>utinam</strong></span> <span class='ocrx_word' id='word_1_605' title='bbox 2697 3386 3004 3459; x_wconf 84' lang='lat' dir='ltr'><strong>perabjecto</strong></span> <span class='ocrx_word' id='word_1_606' title='bbox 3053 3388 3184 3442; x_wconf 86' lang='lat' dir='ltr'><strong>mihi</strong></span> <span class='ocrx_word' id='word_1_607' title='bbox 3218 3388 3358 3442; x_wconf 85' lang='lat' dir='ltr'><strong>istud</strong></span> <span class='ocrx_word' id='word_1_608' title='bbox 3408 3388 3592 3446; x_wconf 88' lang='lat' dir='ltr'><strong>videre</strong></span> 
     </span>
    </p>
   </div>
   <div class='ocr_carea' id='block_1_79' title="bbox 1987 3478 3589 3550">
    <p class='ocr_par' dir='ltr' id='par_1_79' title="bbox 1987 3478 3589 3550">
     <span class='ocr_line' id='line_1_79' title="bbox 1987 3478 3589 3550; baseline 0.004 -21"><span class='ocrx_word' id='word_1_609' title='bbox 1987 3478 2296 3549; x_wconf 74' lang='lat' dir='ltr'><strong>contingat!</strong></span> <span class='ocrx_word' id='word_1_610' title='bbox 2330 3498 2349 3531; x_wconf 76' lang='grc' dir='ltr'><strong>ι</strong></span> <span class='ocrx_word' id='word_1_611' title='bbox 2388 3479 2532 3545; x_wconf 68' lang='lat' dir='ltr'><strong>Hzec,</strong></span> <span class='ocrx_word' id='word_1_612' title='bbox 2557 3480 2790 3549; x_wconf 85' lang='lat' dir='ltr'><strong>aliaque,</strong></span> <span class='ocrx_word' id='word_1_613' title='bbox 2817 3495 2936 3550; x_wconf 67' lang='lat' dir='ltr'><strong>quae</strong></span> <span class='ocrx_word' id='word_1_614' title='bbox 2967 3480 3242 3539; x_wconf 86' lang='lat' dir='ltr'><strong>studiosus</strong></span> <span class='ocrx_word' id='word_1_615' title='bbox 3268 3480 3437 3536; x_wconf 89' lang='lat' dir='ltr'><strong>lector</strong></span> <span class='ocrx_word' id='word_1_616' title='bbox 3458 3496 3589 3536; x_wconf 88' lang='lat' dir='ltr'><strong>con-</strong></span> 
     </span>
    </p>
   </div>
   <div class='ocr_carea' id='block_1_80' title="bbox 1987 3573 3592 3646">
    <p class='ocr_par' dir='ltr' id='par_1_80' title="bbox 1987 3573 3592 3646">
     <span class='ocr_line' id='line_1_80' title="bbox 1987 3573 3592 3646; baseline 0.004 -19"><span class='ocrx_word' id='word_1_617' title='bbox 1987 3573 2248 3641; x_wconf 84' lang='lat' dir='ltr'><strong>fessorum</strong></span> <span class='ocrx_word' id='word_1_618' title='bbox 2300 3575 2592 3646; x_wconf 83' lang='lat' dir='ltr'><strong>Epistolam</strong></span> <span class='ocrx_word' id='word_1_619' title='bbox 2645 3592 2766 3631; x_wconf 91' lang='lat' dir='ltr'><strong>cum</strong></span> <span class='ocrx_word' id='word_1_620' title='bbox 2816 3576 3031 3630; x_wconf 84' lang='lat' dir='ltr'><strong>laudato</strong></span> <span class='ocrx_word' id='word_1_621' title='bbox 3075 3575 3213 3631; x_wconf 87' lang='lat' dir='ltr'><strong>libro</strong></span> <span class='ocrx_word' id='word_1_622' title='bbox 3258 3575 3592 3633; x_wconf 84' lang='lat' dir='ltr'><strong>cenferendo</strong></span> 
     </span>
    </p>
   </div>
   <div class='ocr_carea' id='block_1_81' title="bbox 1988 3664 3591 3740">
    <p class='ocr_par' dir='ltr' id='par_1_81' title="bbox 1988 3664 3591 3740">
     <span class='ocr_line' id='line_1_81' title="bbox 1988 3664 3591 3740; baseline 0.001 -20"><span class='ocrx_word' id='word_1_623' title='bbox 1988 3664 2373 3737; x_wconf 87' lang='lat' dir='ltr'><strong>deprehendet,</strong></span> <span class='ocrx_word' id='word_1_624' title='bbox 2407 3684 2655 3740; x_wconf 86' lang='lat' dir='ltr'><strong>magnam</strong></span> <span class='ocrx_word' id='word_1_625' title='bbox 2683 3669 3043 3738; x_wconf 85' lang='lat' dir='ltr'><strong>suspicionem</strong></span> <span class='ocrx_word' id='word_1_626' title='bbox 3078 3677 3318 3731; x_wconf 87' lang='lat' dir='ltr'><strong>movent,</strong></span> <span class='ocrx_word' id='word_1_627' title='bbox 3351 3668 3491 3722; x_wconf 88' lang='lat' dir='ltr'><strong>lumc</strong></span> <span class='ocrx_word' id='word_1_628' title='bbox 3521 3667 3591 3721; x_wconf 89' lang='lat' dir='ltr'><strong>ab</strong></span> 
     </span>
    </p>
   </div>
   <div class='ocr_carea' id='block_1_82' title="bbox 1988 3754 3589 3817">
    <p class='ocr_par' dir='ltr' id='par_1_82' title="bbox 1988 3754 3589 3817">
     <span class='ocr_line' id='line_1_82' title="bbox 1988 3754 3589 3817; baseline 0.001 -6"><span class='ocrx_word' id='word_1_629' title='bbox 1988 3754 2092 3814; x_wconf 89' lang='lat' dir='ltr'><strong>illis</strong></span> <span class='ocrx_word' id='word_1_630' title='bbox 2122 3758 2319 3815; x_wconf 90' lang='lat' dir='ltr'><strong>lectum</strong></span> <span class='ocrx_word' id='word_1_631' title='bbox 2350 3759 2532 3814; x_wconf 81' lang='lat' dir='ltr'><strong>fuisse.</strong></span> <span class='ocrx_word' id='word_1_632' title='bbox 2584 3758 2719 3814; x_wconf 85' lang='lat' dir='ltr'><strong>Hinc</strong></span> <span class='ocrx_word' id='word_1_633' title='bbox 2762 3760 3012 3814; x_wconf 89' lang='lat' dir='ltr'><strong>laudatus</strong></span> <span class='ocrx_word' id='word_1_634' title='bbox 3040 3759 3347 3817; x_wconf 84' lang='lat' dir='ltr'><strong>Cardinalis</strong></span> <span class='ocrx_word' id='word_1_635' title='bbox 3380 3759 3589 3815; x_wconf 88' lang='lat' dir='ltr'><strong>Bellar-</strong></span> 
     </span>
    </p>
   </div>
   <div class='ocr_carea' id='block_1_83' title="bbox 1989 3841 3584 3923">
    <p class='ocr_par' dir='ltr' id='par_1_83' title="bbox 1989 3841 3584 3923">
     <span class='ocr_line' id='line_1_83' title="bbox 1989 3841 3584 3923; baseline 0.004 -21"><span class='ocrx_word' id='word_1_636' title='bbox 1989 3850 2167 3906; x_wconf 89' lang='lat' dir='ltr'><strong>minus</strong></span> <span class='ocrx_word' id='word_1_637' title='bbox 2198 3850 2345 3903; x_wconf 89' lang='lat' dir='ltr'><strong>illum</strong></span> <span class='ocrx_word' id='word_1_638' title='bbox 2374 3851 2514 3906; x_wconf 89' lang='lat' dir='ltr'><strong>inter</strong></span> <span class='ocrx_word' id='word_1_639' title='bbox 2534 3849 2693 3906; x_wconf 87' lang='lat' dir='ltr'><strong>dubia</strong></span> <span class='ocrx_word' id='word_1_640' title='bbox 2712 3841 2776 3906; x_wconf 48' lang='lat' dir='ltr'><strong>&#39;S.</strong></span> <span class='ocrx_word' id='word_1_641' title='bbox 2807 3851 3063 3923; x_wconf 87' lang='lat' dir='ltr'><strong>Cypriani</strong></span> <span class='ocrx_word' id='word_1_642' title='bbox 3094 3865 3261 3923; x_wconf 89' lang='lat' dir='ltr'><strong>opera</strong></span> <span class='ocrx_word' id='word_1_643' title='bbox 3291 3853 3584 3920; x_wconf 83' lang='lat' dir='ltr'><strong>recensuit,</strong></span> 
     </span>
    </p>
   </div>
   <div class='ocr_carea' id='block_1_84' title="bbox 1990 3942 3592 4019">
    <p class='ocr_par' dir='ltr' id='par_1_84' title="bbox 1990 3942 3592 4019">
     <span class='ocr_line' id='line_1_84' title="bbox 1990 3942 3592 4019; baseline 0.004 -22"><span class='ocrx_word' id='word_1_644' title='bbox 1990 3956 2095 3997; x_wconf 90' lang='lat' dir='ltr'><strong>non</strong></span> <span class='ocrx_word' id='word_1_645' title='bbox 2124 3942 2265 4015; x_wconf 90' lang='lat' dir='ltr'><strong>quod</strong></span> <span class='ocrx_word' id='word_1_646' title='bbox 2298 3944 2447 3998; x_wconf 89' lang='lat' dir='ltr'><strong>illum</strong></span> <span class='ocrx_word' id='word_1_647' title='bbox 2491 3944 2648 3999; x_wconf 86' lang='lat' dir='ltr'><strong>talem</strong></span> <span class='ocrx_word' id='word_1_648' title='bbox 2681 3943 2996 4016; x_wconf 78' lang='lat' dir='ltr'><strong>jndicaret,</strong></span> <span class='ocrx_word' id='word_1_649' title='bbox 3041 3946 3138 4002; x_wconf 87' lang='lat' dir='ltr'><strong>sed</strong></span> <span class='ocrx_word' id='word_1_650' title='bbox 3159 3945 3301 4019; x_wconf 85' lang='lat' dir='ltr'><strong>quod</strong></span> <span class='ocrx_word' id='word_1_651' title='bbox 3332 3945 3592 4007; x_wconf 85' lang='lat' dir='ltr'><strong>Erasmus</strong></span> 
     </span>
    </p>
   </div>
   <div class='ocr_carea' id='block_1_85' title="bbox 1989 4036 3592 4114">
    <p class='ocr_par' dir='ltr' id='par_1_85' title="bbox 1989 4036 3592 4114">
     <span class='ocr_line' id='line_1_85' title="bbox 1989 4036 3592 4114; baseline 0.007 -22"><span class='ocrx_word' id='word_1_652' title='bbox 1989 4036 2057 4092; x_wconf 89' lang='lat' dir='ltr'><strong>de</strong></span> <span class='ocrx_word' id='word_1_653' title='bbox 2102 4053 2168 4093; x_wconf 89' lang='lat' dir='ltr'><strong>eo</strong></span> <span class='ocrx_word' id='word_1_654' title='bbox 2210 4036 2535 4095; x_wconf 85' lang='lat' dir='ltr'><strong>dubitasset.</strong></span> <span class='ocrx_word' id='word_1_655' title='bbox 2579 4038 2688 4095; x_wconf 90' lang='lat' dir='ltr'><strong>Sed</strong></span> <span class='ocrx_word' id='word_1_656' title='bbox 2733 4055 2833 4096; x_wconf 89' lang='lat' dir='ltr'><strong>nec</strong></span> <span class='ocrx_word' id='word_1_657' title='bbox 2872 4041 3071 4114; x_wconf 89' lang='lat' dir='ltr'><strong>stylum</strong></span> <span class='ocrx_word' id='word_1_658' title='bbox 3124 4058 3153 4097; x_wconf 89' lang='lat' dir='ltr'><strong>a</strong></span> <span class='ocrx_word' id='word_1_659' title='bbox 3198 4042 3410 4099; x_wconf 69' lang='lat' dir='ltr'><strong>caeteris</strong></span> <span class='ocrx_word' id='word_1_660' title='bbox 3447 4042 3592 4102; x_wconf 86' lang='lat' dir='ltr'><strong>illius</strong></span> 
     </span>
    </p>
   </div>
   <div class='ocr_carea' id='block_1_86' title="bbox 1989 4130 3592 4209">
    <p class='ocr_par' dir='ltr' id='par_1_86' title="bbox 1989 4130 3592 4209">
     <span class='ocr_line' id='line_1_86' title="bbox 1989 4130 3592 4209; baseline 0.004 -24"><span class='ocrx_word' id='word_1_661' title='bbox 1989 4130 2262 4201; x_wconf 88' lang='lat' dir='ltr'><strong>cpusculis</strong></span> <span class='ocrx_word' id='word_1_662' title='bbox 2290 4130 2556 4188; x_wconf 85' lang='lat' dir='ltr'><strong>dissidere</strong></span> <span class='ocrx_word' id='word_1_663' title='bbox 2585 4132 2873 4189; x_wconf 82' lang='lat' dir='ltr'><strong>arbitratus</strong></span> <span class='ocrx_word' id='word_1_664' title='bbox 2903 4142 2988 4190; x_wconf 87' lang='lat' dir='ltr'><strong>est</strong></span> <span class='ocrx_word' id='word_1_665' title='bbox 3015 4177 3030 4202; x_wconf 87' lang='lat'><strong>,</strong></span> <span class='ocrx_word' id='word_1_666' title='bbox 3076 4135 3178 4190; x_wconf 87' lang='lat' dir='ltr'><strong>nisi</strong></span> <span class='ocrx_word' id='word_1_667' title='bbox 3201 4177 3215 4201; x_wconf 96' lang='lat'><strong>,</strong></span> <span class='ocrx_word' id='word_1_668' title='bbox 3250 4136 3393 4208; x_wconf 91' lang='lat' dir='ltr'><strong>quod</strong></span> <span class='ocrx_word' id='word_1_669' title='bbox 3422 4136 3592 4209; x_wconf 89' lang='lat' dir='ltr'><strong>magis</strong></span> 
     </span>
    </p>
   </div>
   <div class='ocr_carea' id='block_1_87' title="bbox 1989 4226 3587 4301">
    <p class='ocr_par' dir='ltr' id='par_1_87' title="bbox 1989 4226 3587 4301">
     <span class='ocr_line' id='line_1_87' title="bbox 1989 4226 3587 4301; baseline 0.002 -20"><span class='ocrx_word' id='word_1_670' title='bbox 1989 4226 2293 4282; x_wconf 85' lang='lat' dir='ltr'><strong>elaboratus</strong></span> <span class='ocrx_word' id='word_1_671' title='bbox 2320 4227 2410 4295; x_wconf 90' lang='lat' dir='ltr'><strong>sit,</strong></span> <span class='ocrx_word' id='word_1_672' title='bbox 2444 4242 2604 4299; x_wconf 87' lang='lat' dir='ltr'><strong>quam</strong></span> <span class='ocrx_word' id='word_1_673' title='bbox 2632 4228 2757 4291; x_wconf 89' lang='lat' dir='ltr'><strong>alia,</strong></span> <span class='ocrx_word' id='word_1_674' title='bbox 2788 4227 2884 4287; x_wconf 85' lang='lat' dir='ltr'><strong>sed</strong></span> <span class='ocrx_word' id='word_1_675' title='bbox 2909 4245 3013 4287; x_wconf 91' lang='lat' dir='ltr'><strong>non</strong></span> <span class='ocrx_word' id='word_1_676' title='bbox 3047 4229 3249 4301; x_wconf 87' lang='lat' dir='ltr'><strong>magis,</strong></span> <span class='ocrx_word' id='word_1_677' title='bbox 3281 4244 3439 4301; x_wconf 89' lang='lat' dir='ltr'><strong>quam</strong></span> <span class='ocrx_word' id='word_1_678' title='bbox 3465 4243 3587 4284; x_wconf 89' lang='lat' dir='ltr'><strong>om-</strong></span> 
     </span>
    </p>
   </div>
   <div class='ocr_carea' id='block_1_88' title="bbox 1992 4318 3589 4391">
    <p class='ocr_par' dir='ltr' id='par_1_88' title="bbox 1992 4318 3589 4391">
     <span class='ocr_line' id='line_1_88' title="bbox 1992 4318 3589 4391; baseline 0.004 -16"><span class='ocrx_word' id='word_1_679' title='bbox 1992 4319 2108 4387; x_wconf 85' lang='lat' dir='ltr'><strong>nia;</strong></span> <span class='ocrx_word' id='word_1_680' title='bbox 2158 4334 2281 4374; x_wconf 89' lang='lat' dir='ltr'><strong>cum</strong></span> <span class='ocrx_word' id='word_1_681' title='bbox 2309 4318 2548 4391; x_wconf 79' lang='lat' dir='ltr'><strong>Epistula</strong></span> <span class='ocrx_word' id='word_1_682' title='bbox 2596 4318 2665 4374; x_wconf 85' lang='lat' dir='ltr'><strong>ad</strong></span> <span class='ocrx_word' id='word_1_683' title='bbox 2698 4319 2956 4376; x_wconf 81' lang='lat' dir='ltr'><strong>Donatum</strong></span> <span class='ocrx_word' id='word_1_684' title='bbox 2997 4321 3120 4376; x_wconf 86' lang='lat' dir='ltr'><strong>huic</strong></span> <span class='ocrx_word' id='word_1_685' title='bbox 3153 4320 3375 4376; x_wconf 89' lang='lat' dir='ltr'><strong>minime</strong></span> <span class='ocrx_word' id='word_1_686' title='bbox 3407 4320 3589 4381; x_wconf 73' lang='lat' dir='ltr'><strong>cedat.</strong></span> 
     </span>
    </p>
   </div>
   <div class='ocr_carea' id='block_1_89' title="bbox 1991 4412 3585 4488">
    <p class='ocr_par' dir='ltr' id='par_1_89' title="bbox 1991 4412 3585 4488">
     <span class='ocr_line' id='line_1_89' title="bbox 1991 4412 3585 4488; baseline 0.004 -21"><span class='ocrx_word' id='word_1_687' title='bbox 1991 4412 2096 4468; x_wconf 85' lang='lat' dir='ltr'><strong>Pro</strong></span> <span class='ocrx_word' id='word_1_688' title='bbox 2123 4412 2311 4468; x_wconf 89' lang='lat' dir='ltr'><strong>eodem</strong></span> <span class='ocrx_word' id='word_1_689' title='bbox 2343 4424 2530 4470; x_wconf 91' lang='lat' dir='ltr'><strong>sancto</strong></span> <span class='ocrx_word' id='word_1_690' title='bbox 2569 4414 2785 4488; x_wconf 83' lang='lat' dir='ltr'><strong>Martyri</strong></span> <span class='ocrx_word' id='word_1_691' title='bbox 2824 4416 3117 4473; x_wconf 78' lang='lat' dir='ltr'><strong>asserenda</strong></span> <span class='ocrx_word' id='word_1_692' title='bbox 3144 4416 3303 4471; x_wconf 88' lang='lat' dir='ltr'><strong>etiam</strong></span> <span class='ocrx_word' id='word_1_693' title='bbox 3331 4415 3585 4473; x_wconf 84' lang='lat' dir='ltr'><strong>observat</strong></span> 
     </span>
    </p>
   </div>
   <div class='ocr_carea' id='block_1_90' title="bbox 281 4498 3580 4579">
    <p class='ocr_par' dir='ltr' id='par_1_90' title="bbox 281 4498 3580 4579">
     <span class='ocr_line' id='line_1_90' title="bbox 281 4498 3580 4579; baseline 0.002 -20"><span class='ocrx_word' id='word_1_694' title='bbox 281 4512 411 4559; x_wconf 70' lang='lat' dir='ltr'><strong>mus</strong></span> <span class='ocrx_word' id='word_1_695' title='bbox 438 4498 630 4570; x_wconf 80' lang='lat' dir='ltr'><strong>igitur,</strong></span> <span class='ocrx_word' id='word_1_696' title='bbox 673 4498 869 4557; x_wconf 83' lang='lat' dir='ltr'><strong>iterum</strong></span> <span class='ocrx_word' id='word_1_697' title='bbox 897 4501 1145 4570; x_wconf 80' lang='lat' dir='ltr'><strong>dicimus,</strong></span> <span class='ocrx_word' id='word_1_698' title='bbox 1178 4503 1345 4560; x_wconf 82' lang='lat' dir='ltr'><strong>frater</strong></span> <span class='ocrx_word' id='word_1_699' title='bbox 1364 4504 1665 4576; x_wconf 79' lang='lat' dir='ltr'><strong>Cypriane,</strong></span> <span class='ocrx_word' id='word_1_700' title='bbox 1695 4521 1885 4576; x_wconf 84' lang='lat' dir='ltr'><strong>magna</strong></span> <span class='ocrx_word' id='word_1_701' title='bbox 1991 4505 2244 4563; x_wconf 84' lang='lat' dir='ltr'><strong>Baluzius</strong></span> <span class='ocrx_word' id='word_1_702' title='bbox 2272 4508 2324 4563; x_wconf 90' lang='lat' dir='ltr'><strong>in</strong></span> <span class='ocrx_word' id='word_1_703' title='bbox 2353 4509 2641 4570; x_wconf 88' lang='lat' dir='ltr'><strong>annotatis,</strong></span> <span class='ocrx_word' id='word_1_704' title='bbox 2671 4509 2816 4563; x_wconf 89' lang='lat' dir='ltr'><strong>illum</strong></span> <span class='ocrx_word' id='word_1_705' title='bbox 2849 4508 3045 4579; x_wconf 86' lang='lat' dir='ltr'><strong>ubique</strong></span> <span class='ocrx_word' id='word_1_706' title='bbox 3074 4508 3125 4562; x_wconf 90' lang='lat' dir='ltr'><strong>iu</strong></span> <span class='ocrx_word' id='word_1_707' title='bbox 3152 4508 3403 4567; x_wconf 88' lang='lat' dir='ltr'><strong>omnibus</strong></span> <span class='ocrx_word' id='word_1_708' title='bbox 3431 4509 3580 4565; x_wconf 87' lang='lat' dir='ltr'><strong>codi-</strong></span> 
     </span>
    </p>
   </div>
   <div class='ocr_carea' id='block_1_91' title="bbox 280 4589 3591 4672">
    <p class='ocr_par' dir='ltr' id='par_1_91' title="bbox 280 4589 3591 4672">
     <span class='ocr_line' id='line_1_91' title="bbox 280 4589 3591 4672; baseline 0.003 -27"><span class='ocrx_word' id='word_1_709' title='bbox 280 4589 482 4660; x_wconf 77' lang='lat' dir='ltr'><strong>gaudia</strong></span> <span class='ocrx_word' id='word_1_710' title='bbox 504 4631 523 4659; x_wconf 90' lang='lat'><strong>,</strong></span> <span class='ocrx_word' id='word_1_711' title='bbox 569 4606 763 4664; x_wconf 72' lang='lat' dir='ltr'><strong>magna</strong></span> <span class='ocrx_word' id='word_1_712' title='bbox 813 4594 1001 4649; x_wconf 74' lang='lat' dir='ltr'><strong>solatia</strong></span> <span class='ocrx_word' id='word_1_713' title='bbox 1022 4635 1039 4660; x_wconf 93' lang='lat'><strong>,</strong></span> <span class='ocrx_word' id='word_1_714' title='bbox 1091 4610 1282 4666; x_wconf 83' lang='lat' dir='ltr'><strong>magna</strong></span> <span class='ocrx_word' id='word_1_715' title='bbox 1320 4596 1553 4652; x_wconf 79' lang='lat' dir='ltr'><strong>fomenta</strong></span> <span class='ocrx_word' id='word_1_716' title='bbox 1576 4638 1592 4665; x_wconf 93' lang='lat'><strong>,</strong></span> <span class='ocrx_word' id='word_1_717' title='bbox 1658 4598 1890 4654; x_wconf 83' lang='lat' dir='ltr'><strong>maxime</strong></span> <span class='ocrx_word' id='word_1_718' title='bbox 1912 4598 1970 4660; x_wconf 87' lang='lat' dir='ltr'><strong>D</strong></span> <span class='ocrx_word' id='word_1_719' title='bbox 1993 4598 2145 4654; x_wconf 91' lang='lat' dir='ltr'><strong>cibus</strong></span> <span class='ocrx_word' id='word_1_720' title='bbox 2176 4601 2409 4672; x_wconf 84' lang='lat' dir='ltr'><strong>antiquis</strong></span> <span class='ocrx_word' id='word_1_721' title='bbox 2442 4600 2461 4671; x_wconf 93' lang='lat'><strong>(</strong></span> <span class='ocrx_word' id='word_1_722' title='bbox 2485 4600 2624 4655; x_wconf 92' lang='lat' dir='ltr'><strong>inter</strong></span> <span class='ocrx_word' id='word_1_723' title='bbox 2650 4613 2784 4668; x_wconf 87' lang='lat' dir='ltr'><strong>quos</strong></span> <span class='ocrx_word' id='word_1_724' title='bbox 2812 4615 2974 4653; x_wconf 92' lang='lat' dir='ltr'><strong>unum</strong></span> <span class='ocrx_word' id='word_1_725' title='bbox 3004 4599 3422 4670; x_wconf 86' lang='lat' dir='ltr'><strong>Seguieriarum,</strong></span> <span class='ocrx_word' id='word_1_726' title='bbox 3449 4600 3591 4656; x_wconf 87' lang='lat' dir='ltr'><strong>litte-</strong></span> 
     </span>
    </p>
   </div>
   <div class='ocr_carea' id='block_1_92' title="bbox 278 4682 3591 4765">
    <p class='ocr_par' dir='ltr' id='par_1_92' title="bbox 278 4682 3591 4765">
     <span class='ocr_line' id='line_1_92' title="bbox 278 4682 3591 4765; baseline 0.002 -24"><span class='ocrx_word' id='word_1_727' title='bbox 278 4682 433 4752; x_wconf 69' lang='lat' dir='ltr'><strong>Quod</strong></span> <span class='ocrx_word' id='word_1_728' title='bbox 471 4685 815 4756; x_wconf 74' lang='lat' dir='ltr'><strong>etglorioeas</strong></span> <span class='ocrx_word' id='word_1_729' title='bbox 833 4686 1157 4763; x_wconf 70' lang='lat' dir='ltr'><strong>Hartyrum,</strong></span> <span class='ocrx_word' id='word_1_730' title='bbox 1190 4702 1296 4744; x_wconf 86' lang='lat' dir='ltr'><strong>non</strong></span> <span class='ocrx_word' id='word_1_731' title='bbox 1324 4690 1500 4747; x_wconf 78' lang='lat' dir='ltr'><strong>dicam</strong></span> <span class='ocrx_word' id='word_1_732' title='bbox 1524 4700 1759 4757; x_wconf 83' lang='lat' dir='ltr'><strong>mortes,</strong></span> <span class='ocrx_word' id='word_1_733' title='bbox 1787 4692 1884 4749; x_wconf 88' lang='lat' dir='ltr'><strong>sed</strong></span> <span class='ocrx_word' id='word_1_734' title='bbox 1987 4691 2062 4747; x_wconf 90' lang='lat' dir='ltr'><strong>ris</strong></span> <span class='ocrx_word' id='word_1_735' title='bbox 2116 4692 2423 4761; x_wconf 72' lang='lat' dir='ltr'><strong>maiusculis</strong></span> <span class='ocrx_word' id='word_1_736' title='bbox 2448 4699 2572 4748; x_wconf 88' lang='lat' dir='ltr'><strong>ante</strong></span> <span class='ocrx_word' id='word_1_737' title='bbox 2596 4690 2742 4746; x_wconf 88' lang='lat' dir='ltr'><strong>mille</strong></span> <span class='ocrx_word' id='word_1_738' title='bbox 2775 4706 2947 4747; x_wconf 88' lang='lat' dir='ltr'><strong>annos</strong></span> <span class='ocrx_word' id='word_1_739' title='bbox 2985 4692 3264 4765; x_wconf 85' lang='lat' dir='ltr'><strong>scriptum,</strong></span> <span class='ocrx_word' id='word_1_740' title='bbox 3306 4693 3591 4763; x_wconf 82' lang='lat' dir='ltr'><strong>numerat)</strong></span> 
     </span>
    </p>
   </div>
   <div class='ocr_carea' id='block_1_93' title="bbox 277 4777 1880 4858">
    <p class='ocr_par' dir='ltr' id='par_1_93' title="bbox 277 4777 1880 4858">
     <span class='ocr_line' id='line_1_93' title="bbox 277 4777 1880 4858; baseline 0.004 -21"><span class='ocrx_word' id='word_1_741' title='bbox 277 4777 722 4841; x_wconf 71' lang='lat' dir='ltr'><strong>immtatitatee</strong></span> <span class='ocrx_word' id='word_1_742' title='bbox 750 4781 1000 4854; x_wconf 79' lang='lat' dir='ltr'><strong>gloriosis</strong></span> <span class='ocrx_word' id='word_1_743' title='bbox 1023 4792 1081 4839; x_wconf 86' lang='lat' dir='ltr'><strong>et</strong></span> <span class='ocrx_word' id='word_1_744' title='bbox 1105 4784 1386 4855; x_wconf 76' lang='lat' dir='ltr'><strong>condignis</strong></span> <span class='ocrx_word' id='word_1_745' title='bbox 1415 4784 1663 4841; x_wconf 83' lang='lat' dir='ltr'><strong>laudibus</strong></span> <span class='ocrx_word' id='word_1_746' title='bbox 1690 4801 1880 4858; x_wconf 79' lang='lat' dir='ltr'><strong>prose-</strong></span> 
     </span>
    </p>
   </div>
   <div class='ocr_carea' id='block_1_94' title="bbox 274 4872 1880 4949">
    <p class='ocr_par' dir='ltr' id='par_1_94' title="bbox 274 4872 1880 4949">
     <span class='ocr_line' id='line_1_94' title="bbox 274 4872 1880 4949; baseline 0.006 -21"><span class='ocrx_word' id='word_1_747' title='bbox 274 4879 443 4929; x_wconf 83' lang='lat' dir='ltr'><strong>outus</strong></span> <span class='ocrx_word' id='word_1_748' title='bbox 468 4886 549 4931; x_wconf 76' lang='lat' dir='ltr'><strong>es.</strong></span> <span class='ocrx_word' id='word_1_749' title='bbox 579 4872 739 4931; x_wconf 76' lang='lat' dir='ltr'><strong>Tales</strong></span> <span class='ocrx_word' id='word_1_750' title='bbox 763 4875 909 4931; x_wconf 78' lang='lat' dir='ltr'><strong>enim</strong></span> <span class='ocrx_word' id='word_1_751' title='bbox 924 4890 1196 4932; x_wconf 79' lang='lat' dir='ltr'><strong>excessus</strong></span> <span class='ocrx_word' id='word_1_752' title='bbox 1217 4876 1415 4933; x_wconf 83' lang='lat' dir='ltr'><strong>talibus</strong></span> <span class='ocrx_word' id='word_1_753' title='bbox 1434 4878 1663 4934; x_wconf 60' lang='lat' dir='ltr'><strong>vocibus</strong></span> <span class='ocrx_word' id='word_1_754' title='bbox 1690 4895 1880 4949; x_wconf 86' lang='lat' dir='ltr'><strong>prose-</strong></span> 
     </span>
    </p>
   </div>
   <div class='ocr_carea' id='block_1_95' title="bbox 275 4963 1881 5043">
    <p class='ocr_par' dir='ltr' id='par_1_95' title="bbox 275 4963 1881 5043">
     <span class='ocr_line' id='line_1_95' title="bbox 275 4963 1881 5043; baseline 0.006 -23"><span class='ocrx_word' id='word_1_755' title='bbox 275 4964 489 5034; x_wconf 76' lang='lat' dir='ltr'><strong>queadi</strong></span> <span class='ocrx_word' id='word_1_756' title='bbox 514 4963 753 5034; x_wconf 72' lang='lat' dir='ltr'><strong>filerunt,</strong></span> <span class='ocrx_word' id='word_1_757' title='bbox 783 4976 860 5035; x_wconf 80' lang='lat' dir='ltr'><strong>ut,</strong></span> <span class='ocrx_word' id='word_1_758' title='bbox 887 4982 1012 5041; x_wconf 72' lang='lat' dir='ltr'><strong>qua:</strong></span> <span class='ocrx_word' id='word_1_759' title='bbox 1032 4969 1424 5038; x_wconf 79' lang='lat' dir='ltr'><strong>referebantur,</strong></span> <span class='ocrx_word' id='word_1_760' title='bbox 1453 4972 1535 5027; x_wconf 81' lang='lat' dir='ltr'><strong>sic</strong></span> <span class='ocrx_word' id='word_1_761' title='bbox 1551 4971 1881 5043; x_wconf 76' lang='lat' dir='ltr'><strong>dicerentur,</strong></span> 
     </span>
    </p>
   </div>
   <div class='ocr_carea' id='block_1_96' title="bbox 271 5058 1884 5138">
    <p class='ocr_par' dir='ltr' id='par_1_96' title="bbox 271 5058 1884 5138">
     <span class='ocr_line' id='line_1_96' title="bbox 271 5058 1884 5138; baseline 0.005 -25"><span class='ocrx_word' id='word_1_762' title='bbox 271 5058 518 5127; x_wconf 82' lang='lat' dir='ltr'><strong>qualiter</strong></span> <span class='ocrx_word' id='word_1_763' title='bbox 561 5059 698 5119; x_wconf 76' lang='lat' dir='ltr'><strong>facta</strong></span> <span class='ocrx_word' id='word_1_764' title='bbox 726 5070 874 5119; x_wconf 82' lang='lat' dir='ltr'><strong>sunt.</strong></span> <span class='ocrx_word' id='word_1_765' title='bbox 906 5063 989 5118; x_wconf 78' lang='lat' dir='ltr'><strong>Ex</strong></span> <span class='ocrx_word' id='word_1_766' title='bbox 1006 5064 1112 5118; x_wconf 86' lang='lat' dir='ltr'><strong>tuis</strong></span> <span class='ocrx_word' id='word_1_767' title='bbox 1136 5077 1267 5134; x_wconf 86' lang='lat' dir='ltr'><strong>ergo</strong></span> <span class='ocrx_word' id='word_1_768' title='bbox 1295 5064 1487 5119; x_wconf 79' lang='lat' dir='ltr'><strong>litteris</strong></span> <span class='ocrx_word' id='word_1_769' title='bbox 1506 5065 1737 5120; x_wconf 71' lang='lat' dir='ltr'><strong>vidimus</strong></span> <span class='ocrx_word' id='word_1_770' title='bbox 1764 5068 1884 5138; x_wconf 79' lang='lat' dir='ltr'><strong>glo-</strong></span> 
     </span>
    </p>
   </div>
   <div class='ocr_carea' id='block_1_97' title="bbox 274 5151 1887 5228">
    <p class='ocr_par' dir='ltr' id='par_1_97' title="bbox 274 5151 1887 5228">
     <span class='ocr_line' id='line_1_97' title="bbox 274 5151 1887 5228; baseline 0.006 -22"><span class='ocrx_word' id='word_1_771' title='bbox 274 5151 469 5207; x_wconf 81' lang='lat' dir='ltr'><strong>riosos</strong></span> <span class='ocrx_word' id='word_1_772' title='bbox 495 5152 618 5211; x_wconf 83' lang='lat' dir='ltr'><strong>illos</strong></span> <span class='ocrx_word' id='word_1_773' title='bbox 641 5163 942 5226; x_wconf 75' lang='lat' dir='ltr'><strong>martyrum</strong></span> <span class='ocrx_word' id='word_1_774' title='bbox 997 5156 1334 5228; x_wconf 83' lang='lat' dir='ltr'><strong>triumphos,</strong></span> <span class='ocrx_word' id='word_1_775' title='bbox 1383 5167 1443 5212; x_wconf 90' lang='lat' dir='ltr'><strong>et</strong></span> <span class='ocrx_word' id='word_1_776' title='bbox 1474 5158 1650 5213; x_wconf 88' lang='lat' dir='ltr'><strong>oculis</strong></span> <span class='ocrx_word' id='word_1_777' title='bbox 1689 5160 1887 5216; x_wconf 90' lang='lat' dir='ltr'><strong>nostris</strong></span> 
     </span>
    </p>
   </div>
   <div class='ocr_carea' id='block_1_98' title="bbox 268 5243 1884 5320">
    <p class='ocr_par' dir='ltr' id='par_1_98' title="bbox 268 5243 1884 5320">
     <span class='ocr_line' id='line_1_98' title="bbox 268 5243 1884 5320; baseline 0.006 -23"><span class='ocrx_word' id='word_1_778' title='bbox 268 5243 518 5311; x_wconf 84' lang='lat' dir='ltr'><strong>quodam</strong></span> <span class='ocrx_word' id='word_1_779' title='bbox 539 5246 701 5303; x_wconf 79' lang='lat' dir='ltr'><strong>modo</strong></span> <span class='ocrx_word' id='word_1_780' title='bbox 724 5247 922 5305; x_wconf 64' lang='lat' dir='ltr'><strong>emittm</strong></span> <span class='ocrx_word' id='word_1_781' title='bbox 945 5246 1066 5304; x_wconf 85' lang='lat' dir='ltr'><strong>illos</strong></span> <span class='ocrx_word' id='word_1_782' title='bbox 1100 5257 1344 5319; x_wconf 65' lang='lat' dir='ltr'><strong>petentes</strong></span> <span class='ocrx_word' id='word_1_783' title='bbox 1362 5249 1632 5320; x_wconf 83' lang='lat' dir='ltr'><strong>prosecuti</strong></span> <span class='ocrx_word' id='word_1_784' title='bbox 1659 5264 1845 5306; x_wconf 76' lang='lat' dir='ltr'><strong>sumus</strong></span> <span class='ocrx_word' id='word_1_785' title='bbox 1868 5295 1884 5320; x_wconf 92' lang='lat'><strong>,</strong></span> 
     </span>
    </p>
   </div>
   <div class='ocr_carea' id='block_1_99' title="bbox 265 5336 1888 5413">
    <p class='ocr_par' dir='ltr' id='par_1_99' title="bbox 265 5336 1888 5413">
     <span class='ocr_line' id='line_1_99' title="bbox 265 5336 1888 5413; baseline 0.005 -22"><span class='ocrx_word' id='word_1_786' title='bbox 265 5346 330 5392; x_wconf 88' lang='lat' dir='ltr'><strong>et</strong></span> <span class='ocrx_word' id='word_1_787' title='bbox 362 5338 507 5393; x_wconf 85' lang='lat' dir='ltr'><strong>inter</strong></span> <span class='ocrx_word' id='word_1_788' title='bbox 532 5336 772 5409; x_wconf 69' lang='lat' dir='ltr'><strong>Angelos</strong></span> <span class='ocrx_word' id='word_1_789' title='bbox 800 5355 865 5396; x_wconf 69' lang='lat' dir='ltr'><strong>se</strong></span> <span class='ocrx_word' id='word_1_790' title='bbox 890 5339 1215 5405; x_wconf 83' lang='lat' dir='ltr'><strong>Potestates,</strong></span> <span class='ocrx_word' id='word_1_791' title='bbox 1246 5340 1754 5413; x_wconf 80' lang='lat' dir='ltr'><strong>Dominatiouesque</strong></span> <span class='ocrx_word' id='word_1_792' title='bbox 1777 5359 1888 5399; x_wconf 77' lang='lat' dir='ltr'><strong>eoe-</strong></span> 
     </span>
    </p>
   </div>
   <div class='ocr_carea' id='block_1_100' title="bbox 1994 4784 3589 4861">
    <p class='ocr_par' dir='ltr' id='par_1_100' title="bbox 1994 4784 3589 4861">
     <span class='ocr_line' id='line_1_100' title="bbox 1994 4784 3589 4861; baseline 0.003 -24"><span class='ocrx_word' id='word_1_793' title='bbox 1994 4803 2014 4837; x_wconf 83' lang='grc'><strong>‹</strong></span> <span class='ocrx_word' id='word_1_794' title='bbox 2048 4785 2270 4856; x_wconf 90' lang='lat' dir='ltr'><strong>reperiri</strong></span> <span class='ocrx_word' id='word_1_795' title='bbox 2298 4796 2611 4847; x_wconf 88' lang='lat' dir='ltr'><strong>constanter</strong></span> <span class='ocrx_word' id='word_1_796' title='bbox 2638 4785 2776 4841; x_wconf 85' lang='lat' dir='ltr'><strong>inter</strong></span> <span class='ocrx_word' id='word_1_797' title='bbox 2796 4801 2858 4842; x_wconf 90' lang='lat' dir='ltr'><strong>ea</strong></span> <span class='ocrx_word' id='word_1_798' title='bbox 2885 4801 3046 4861; x_wconf 87' lang='lat' dir='ltr'><strong>opera</strong></span> <span class='ocrx_word' id='word_1_799' title='bbox 3077 4785 3133 4843; x_wconf 89' lang='lat' dir='ltr'><strong>S.</strong></span> <span class='ocrx_word' id='word_1_800' title='bbox 3161 4784 3437 4860; x_wconf 85' lang='lat' dir='ltr'><strong>Cypriani,</strong></span> <span class='ocrx_word' id='word_1_801' title='bbox 3468 4802 3589 4857; x_wconf 64' lang='lat' dir='ltr'><strong>quae</strong></span> 
     </span>
    </p>
   </div>
   <div class='ocr_carea' id='block_1_101' title="bbox 1988 4878 3585 4957">
    <p class='ocr_par' dir='ltr' id='par_1_101' title="bbox 1988 4878 3585 4957">
     <span class='ocr_line' id='line_1_101' title="bbox 1988 4878 3585 4957; baseline 0 -22"><span class='ocrx_word' id='word_1_802' title='bbox 1988 4879 2190 4936; x_wconf 89' lang='lat' dir='ltr'><strong>nullam</strong></span> <span class='ocrx_word' id='word_1_803' title='bbox 2224 4880 2422 4937; x_wconf 90' lang='lat' dir='ltr'><strong>habent</strong></span> <span class='ocrx_word' id='word_1_804' title='bbox 2449 4879 2842 4948; x_wconf 86' lang='lat' dir='ltr'><strong>difficultatem,</strong></span> <span class='ocrx_word' id='word_1_805' title='bbox 2868 4880 2995 4953; x_wconf 89' lang='lat' dir='ltr'><strong>quin</strong></span> <span class='ocrx_word' id='word_1_806' title='bbox 3026 4881 3133 4935; x_wconf 91' lang='lat' dir='ltr'><strong>sint</strong></span> <span class='ocrx_word' id='word_1_807' title='bbox 3156 4880 3213 4943; x_wconf 88' lang='grc'><strong>8.</strong></span> <span class='ocrx_word' id='word_1_808' title='bbox 3254 4878 3527 4957; x_wconf 87' lang='lat' dir='ltr'><strong>Cypriani.</strong></span> <span class='ocrx_word' id='word_1_809' title='bbox 3563 4899 3585 4935; x_wconf 77' lang='grc' dir='ltr'><strong>ι</strong></span> 
     </span>
    </p>
   </div>
   <div class='ocr_carea' id='block_1_102' title="bbox 1988 4970 3588 5049">
    <p class='ocr_par' dir='ltr' id='par_1_102' title="bbox 1988 4970 3588 5049">
     <span class='ocr_line' id='line_1_102' title="bbox 1988 4970 3588 5049; baseline -0.001 -19"><span class='ocrx_word' id='word_1_810' title='bbox 1988 4970 2259 5031; x_wconf 75' lang='lat' dir='ltr'><strong>Prteterea</strong></span> <span class='ocrx_word' id='word_1_811' title='bbox 2288 4974 2468 5027; x_wconf 88' lang='lat' dir='ltr'><strong>laudat</strong></span> <span class='ocrx_word' id='word_1_812' title='bbox 2502 4973 2643 5028; x_wconf 82' lang='lat' dir='ltr'><strong>Flori</strong></span> <span class='ocrx_word' id='word_1_813' title='bbox 2674 4970 3050 5047; x_wconf 80' lang='lat' dir='ltr'><strong>Lugdunensis</strong></span> <span class='ocrx_word' id='word_1_814' title='bbox 3078 4983 3330 5045; x_wconf 79' lang='lat' dir='ltr'><strong>excerpta</strong></span> <span class='ocrx_word' id='word_1_815' title='bbox 3362 4990 3427 5030; x_wconf 80' lang='lat' dir='ltr'><strong>ex</strong></span> <span class='ocrx_word' id='word_1_816' title='bbox 3453 4989 3588 5049; x_wconf 87' lang='lat' dir='ltr'><strong>ope-</strong></span> 
     </span>
    </p>
   </div>
   <div class='ocr_carea' id='block_1_103' title="bbox 1990 5062 3588 5137">
    <p class='ocr_par' dir='ltr' id='par_1_103' title="bbox 1990 5062 3588 5137">
     <span class='ocr_line' id='line_1_103' title="bbox 1990 5062 3588 5137; baseline -0.001 -15"><span class='ocrx_word' id='word_1_817' title='bbox 1990 5067 2135 5122; x_wconf 62' lang='lat' dir='ltr'><strong>ribus</strong></span> <span class='ocrx_word' id='word_1_818' title='bbox 2163 5064 2220 5122; x_wconf 90' lang='lat' dir='ltr'><strong>S.</strong></span> <span class='ocrx_word' id='word_1_819' title='bbox 2250 5065 2500 5137; x_wconf 88' lang='lat' dir='ltr'><strong>Cypriani</strong></span> <span class='ocrx_word' id='word_1_820' title='bbox 2528 5107 2541 5131; x_wconf 94' lang='lat'><strong>,</strong></span> <span class='ocrx_word' id='word_1_821' title='bbox 2578 5064 2631 5119; x_wconf 92' lang='lat' dir='ltr'><strong>in</strong></span> <span class='ocrx_word' id='word_1_822' title='bbox 2662 5065 2855 5137; x_wconf 90' lang='lat' dir='ltr'><strong>quibus</strong></span> <span class='ocrx_word' id='word_1_823' title='bbox 2894 5066 3071 5120; x_wconf 83' lang='lat' dir='ltr'><strong>varios</strong></span> <span class='ocrx_word' id='word_1_824' title='bbox 3101 5065 3246 5119; x_wconf 88' lang='lat' dir='ltr'><strong>locos</strong></span> <span class='ocrx_word' id='word_1_825' title='bbox 3287 5080 3355 5122; x_wconf 84' lang='lat' dir='ltr'><strong>ex</strong></span> <span class='ocrx_word' id='word_1_826' title='bbox 3394 5062 3588 5121; x_wconf 87' lang='lat' dir='ltr'><strong>eodem</strong></span> 
     </span>
    </p>
   </div>
   <div class='ocr_carea' id='block_1_104' title="bbox 1991 5155 3587 5224">
    <p class='ocr_par' dir='ltr' id='par_1_104' title="bbox 1991 5155 3587 5224">
     <span class='ocr_line' id='line_1_104' title="bbox 1991 5155 3587 5224; baseline -0.002 -10"><span class='ocrx_word' id='word_1_827' title='bbox 1991 5159 2127 5214; x_wconf 86' lang='lat' dir='ltr'><strong>libro</strong></span> <span class='ocrx_word' id='word_1_828' title='bbox 2152 5174 2439 5213; x_wconf 86' lang='lat' dir='ltr'><strong>occurrere</strong></span> <span class='ocrx_word' id='word_1_829' title='bbox 2460 5157 2535 5212; x_wconf 89' lang='lat' dir='ltr'><strong>ait</strong></span> <span class='ocrx_word' id='word_1_830' title='bbox 2559 5198 2574 5224; x_wconf 92' lang='lat'><strong>,</strong></span> <span class='ocrx_word' id='word_1_831' title='bbox 2616 5173 2736 5212; x_wconf 82' lang='lat' dir='ltr'><strong>cum</strong></span> <span class='ocrx_word' id='word_1_832' title='bbox 2782 5167 2958 5213; x_wconf 87' lang='lat' dir='ltr'><strong>tamen</strong></span> <span class='ocrx_word' id='word_1_833' title='bbox 2990 5166 3182 5212; x_wconf 65' lang='lat' dir='ltr'><strong>caetera</strong></span> <span class='ocrx_word' id='word_1_834' title='bbox 3230 5155 3408 5211; x_wconf 87' lang='lat' dir='ltr'><strong>omnia</strong></span> <span class='ocrx_word' id='word_1_835' title='bbox 3436 5164 3587 5212; x_wconf 87' lang='lat' dir='ltr'><strong>certe</strong></span> 
     </span>
    </p>
   </div>
   <div class='ocr_carea' id='block_1_105' title="bbox 1989 5248 3589 5322">
    <p class='ocr_par' dir='ltr' id='par_1_105' title="bbox 1989 5248 3589 5322">
     <span class='ocr_line' id='line_1_105' title="bbox 1989 5248 3589 5322; baseline -0.001 -17"><span class='ocrx_word' id='word_1_836' title='bbox 1989 5248 2239 5322; x_wconf 88' lang='lat' dir='ltr'><strong>Cypriani</strong></span> <span class='ocrx_word' id='word_1_837' title='bbox 2290 5250 2417 5306; x_wconf 90' lang='lat' dir='ltr'><strong>sint.</strong></span> <span class='ocrx_word' id='word_1_838' title='bbox 2468 5249 2690 5305; x_wconf 86' lang='lat' dir='ltr'><strong>Difﬂteri</strong></span> <span class='ocrx_word' id='word_1_839' title='bbox 2739 5258 2915 5304; x_wconf 88' lang='lat' dir='ltr'><strong>tamen</strong></span> <span class='ocrx_word' id='word_1_840' title='bbox 2964 5264 3067 5303; x_wconf 89' lang='lat' dir='ltr'><strong>non</strong></span> <span class='ocrx_word' id='word_1_841' title='bbox 3094 5262 3409 5318; x_wconf 85' lang='lat' dir='ltr'><strong>possumus,</strong></span> <span class='ocrx_word' id='word_1_842' title='bbox 3460 5249 3589 5318; x_wconf 90' lang='lat' dir='ltr'><strong>quin</strong></span> 
     </span>
    </p>
   </div>
   <div class='ocr_carea' id='block_1_106' title="bbox 1990 5328 3588 5415">
    <p class='ocr_par' dir='ltr' id='par_1_106' title="bbox 1990 5328 3588 5415">
     <span class='ocr_line' id='line_1_106' title="bbox 1990 5328 3588 5415; baseline -0.001 -16"><span class='ocrx_word' id='word_1_843' title='bbox 1990 5355 2187 5415; x_wconf 78' lang='lat' dir='ltr'><strong>prtclcr</strong></span> <span class='ocrx_word' id='word_1_844' title='bbox 2206 5328 2574 5399; x_wconf 79' lang='lat' dir='ltr'><strong>diversitatem</strong></span> <span class='ocrx_word' id='word_1_845' title='bbox 2605 5342 2728 5413; x_wconf 88' lang='lat' dir='ltr'><strong>styli</strong></span> <span class='ocrx_word' id='word_1_846' title='bbox 2762 5341 2887 5397; x_wconf 89' lang='lat' dir='ltr'><strong>hinc</strong></span> <span class='ocrx_word' id='word_1_847' title='bbox 2917 5351 2970 5397; x_wconf 90' lang='lat' dir='ltr'><strong>et</strong></span> <span class='ocrx_word' id='word_1_848' title='bbox 2992 5341 3115 5396; x_wconf 88' lang='lat' dir='ltr'><strong>inde</strong></span> <span class='ocrx_word' id='word_1_849' title='bbox 3132 5342 3292 5396; x_wconf 81' lang='lat' dir='ltr'><strong>etiam</strong></span> <span class='ocrx_word' id='word_1_850' title='bbox 3316 5341 3588 5398; x_wconf 67' lang='lat' dir='ltr'><strong>nonnulla:</strong></span> 
     </span>
    </p>
   </div>
   <div class='ocr_carea' id='block_1_107' title="bbox 265 5429 3587 5508">
    <p class='ocr_par' dir='ltr' id='par_1_107' title="bbox 265 5429 3587 5508">
     <span class='ocr_line' id='line_1_107' title="bbox 265 5429 3587 5508; baseline 0 -21"><span class='ocrx_word' id='word_1_851' title='bbox 265 5429 453 5487; x_wconf 82' lang='lat' dir='ltr'><strong>lestes</strong></span> <span class='ocrx_word' id='word_1_852' title='bbox 478 5432 803 5491; x_wconf 76' lang='lat' dir='ltr'><strong>constitutos</strong></span> <span class='ocrx_word' id='word_1_853' title='bbox 834 5434 1184 5504; x_wconf 72' lang='lat' dir='ltr'><strong>contemplati</strong></span> <span class='ocrx_word' id='word_1_854' title='bbox 1219 5447 1430 5489; x_wconf 78' lang='lat' dir='ltr'><strong>eumue.</strong></span> <span class='ocrx_word' id='word_1_855' title='bbox 1470 5430 1577 5490; x_wconf 84' lang='lat' dir='ltr'><strong>Sed</strong></span> <span class='ocrx_word' id='word_1_856' title='bbox 1614 5444 1670 5490; x_wconf 92' lang='lat' dir='ltr'><strong>et</strong></span> <span class='ocrx_word' id='word_1_857' title='bbox 1704 5435 1890 5490; x_wconf 83' lang='lat' dir='ltr'><strong>Domi-</strong></span> <span class='ocrx_word' id='word_1_858' title='bbox 1992 5438 2213 5508; x_wconf 85' lang='lat' dir='ltr'><strong>phrases</strong></span> <span class='ocrx_word' id='word_1_859' title='bbox 2257 5436 2600 5492; x_wconf 87' lang='lat' dir='ltr'><strong>obscuriores</strong></span> <span class='ocrx_word' id='word_1_860' title='bbox 2648 5433 2699 5488; x_wconf 90' lang='lat' dir='ltr'><strong>in</strong></span> <span class='ocrx_word' id='word_1_861' title='bbox 2739 5450 2805 5489; x_wconf 88' lang='lat' dir='ltr'><strong>eo</strong></span> <span class='ocrx_word' id='word_1_862' title='bbox 2858 5433 3128 5503; x_wconf 86' lang='lat' dir='ltr'><strong>legantur,</strong></span> <span class='ocrx_word' id='word_1_863' title='bbox 3152 5447 3287 5502; x_wconf 89' lang='lat' dir='ltr'><strong>quas</strong></span> <span class='ocrx_word' id='word_1_864' title='bbox 3319 5434 3370 5487; x_wconf 93' lang='lat' dir='ltr'><strong>in</strong></span> <span class='ocrx_word' id='word_1_865' title='bbox 3402 5431 3587 5491; x_wconf 86' lang='lat' dir='ltr'><strong>Sancti</strong></span> 
     </span>
    </p>
   </div>
   <div class='ocr_carea' id='block_1_108' title="bbox 1989 5523 3585 5602">
    <p class='ocr_par' dir='ltr' id='par_1_108' title="bbox 1989 5523 3585 5602">
     <span class='ocr_line' id='line_1_108' title="bbox 1989 5523 3585 5602; baseline -0.003 -16"><span class='ocrx_word' id='word_1_866' title='bbox 1989 5530 2242 5602; x_wconf 87' lang='lat' dir='ltr'><strong>operibus</strong></span> <span class='ocrx_word' id='word_1_867' title='bbox 2267 5528 2576 5585; x_wconf 88' lang='lat' dir='ltr'><strong>indubitatis</strong></span> <span class='ocrx_word' id='word_1_868' title='bbox 2600 5542 2702 5582; x_wconf 91' lang='lat' dir='ltr'><strong>non</strong></span> <span class='ocrx_word' id='word_1_869' title='bbox 2729 5525 2883 5587; x_wconf 77' lang='lat' dir='ltr'><strong>facile</strong></span> <span class='ocrx_word' id='word_1_870' title='bbox 2909 5530 3152 5602; x_wconf 83' lang='lat' dir='ltr'><strong>reperire</strong></span> <span class='ocrx_word' id='word_1_871' title='bbox 3177 5535 3281 5585; x_wconf 74' lang='lat' dir='ltr'><strong>est.</strong></span> <span class='ocrx_word' id='word_1_872' title='bbox 3308 5523 3414 5591; x_wconf 75' lang='lat' dir='ltr'><strong>Sed</strong></span> <span class='ocrx_word' id='word_1_873' title='bbox 3444 5537 3497 5583; x_wconf 85' lang='lat' dir='ltr'><strong>et</strong></span> <span class='ocrx_word' id='word_1_874' title='bbox 3529 5527 3585 5585; x_wconf 77' lang='lat' dir='ltr'><strong>iu</strong></span> 
     </span>
    </p>
   </div>
   <div class='ocr_carea' id='block_1_109' title="bbox 1985 5616 3588 5692">
    <p class='ocr_par' dir='ltr' id='par_1_109' title="bbox 1985 5616 3588 5692">
     <span class='ocr_line' id='line_1_109' title="bbox 1985 5616 3588 5692; baseline -0.002 -15"><span class='ocrx_word' id='word_1_875' title='bbox 1985 5622 2278 5679; x_wconf 84' lang='lat' dir='ltr'><strong>inferorum</strong></span> <span class='ocrx_word' id='word_1_876' title='bbox 2313 5622 2484 5692; x_wconf 57' lang='lat' dir='ltr'><strong>panis</strong></span> <span class='ocrx_word' id='word_1_877' title='bbox 2510 5618 3006 5677; x_wconf 76' lang='lat' dir='ltr'><strong>commemorandis</strong></span> <span class='ocrx_word' id='word_1_878' title='bbox 3040 5633 3253 5675; x_wconf 63' lang='lat' dir='ltr'><strong>uxorem</strong></span> <span class='ocrx_word' id='word_1_879' title='bbox 3280 5616 3588 5675; x_wconf 74' lang='lat' dir='ltr'><strong>Gentilium</strong></span> 
     </span>
    </p>
   </div>
   <div class='ocr_carea' id='block_1_110' title="bbox 1984 5707 3592 5787">
    <p class='ocr_par' dir='ltr' id='par_1_110' title="bbox 1984 5707 3592 5787">
     <span class='ocr_line' id='line_1_110' title="bbox 1984 5707 3592 5787; baseline -0.005 -17"><span class='ocrx_word' id='word_1_880' title='bbox 1984 5714 2226 5772; x_wconf 86' lang='lat' dir='ltr'><strong>nonnihil</strong></span> <span class='ocrx_word' id='word_1_881' title='bbox 2242 5716 2504 5784; x_wconf 86' lang='lat' dir='ltr'><strong>sequitur,</strong></span> <span class='ocrx_word' id='word_1_882' title='bbox 2531 5714 2672 5787; x_wconf 75' lang='lat' dir='ltr'><strong>quod</strong></span> <span class='ocrx_word' id='word_1_883' title='bbox 2690 5709 2829 5767; x_wconf 80' lang='lat' dir='ltr'><strong>hami</strong></span> <span class='ocrx_word' id='word_1_884' title='bbox 2843 5713 2974 5777; x_wconf 86' lang='lat' dir='ltr'><strong>scio,</strong></span> <span class='ocrx_word' id='word_1_885' title='bbox 3008 5725 3075 5775; x_wconf 77' lang='lat' dir='ltr'><strong>an</strong></span> <span class='ocrx_word' id='word_1_886' title='bbox 3113 5721 3357 5766; x_wconf 87' lang='lat' dir='ltr'><strong>sanetum</strong></span> <span class='ocrx_word' id='word_1_887' title='bbox 3370 5707 3592 5779; x_wconf 67' lang='lat' dir='ltr'><strong>Cypria~</strong></span> 
     </span>
    </p>
   </div>
   <div class='ocr_carea' id='block_1_111' title="bbox 1978 5801 3599 5884">
    <p class='ocr_par' dir='ltr' id='par_1_111' title="bbox 1978 5801 3599 5884">
     <span class='ocr_line' id='line_1_111' title="bbox 1978 5801 3599 5884; baseline -0.006 -17"><span class='ocrx_word' id='word_1_888' title='bbox 1978 5824 2105 5867; x_wconf 87' lang='lat' dir='ltr'><strong>num</strong></span> <span class='ocrx_word' id='word_1_889' title='bbox 2128 5808 2257 5866; x_wconf 83' lang='lat' dir='ltr'><strong>satis</strong></span> <span class='ocrx_word' id='word_1_890' title='bbox 2285 5808 2475 5883; x_wconf 84' lang='lat' dir='ltr'><strong>sapiat.</strong></span> <span class='ocrx_word' id='word_1_891' title='bbox 2510 5807 2723 5884; x_wconf 84' lang='lat' dir='ltr'><strong>itaque,</strong></span> <span class='ocrx_word' id='word_1_892' title='bbox 2756 5805 2883 5865; x_wconf 81' lang='lat' dir='ltr'><strong>licet</strong></span> <span class='ocrx_word' id='word_1_893' title='bbox 2931 5806 3157 5864; x_wconf 86' lang='lat' dir='ltr'><strong>multum</strong></span> <span class='ocrx_word' id='word_1_894' title='bbox 3189 5801 3560 5881; x_wconf 81' lang='lat' dir='ltr'><strong>propendeam</strong></span> <span class='ocrx_word' id='word_1_895' title='bbox 3579 5837 3599 5883; x_wconf 60' lang='grc' dir='ltr'>δ</span> 
     </span>
    </p>
   </div>
   <div class='ocr_carea' id='block_1_112' title="bbox 354 5572 1895 5717">
    <p class='ocr_par' dir='ltr' id='par_1_112' title="bbox 354 5572 1895 5717">
     <span class='ocr_line' id='line_1_112' title="bbox 354 5572 1895 5717; baseline 0.006 -77"><span class='ocrx_word' id='word_1_896' title='bbox 354 5584 443 5661; x_wconf 87' lang='grc' dir='ltr'><strong>(ι)</strong></span> <span class='ocrx_word' id='word_1_897' title='bbox 480 5586 677 5658; x_wconf 88' lang='lat' dir='ltr'><strong>Dupin,</strong></span> <span class='ocrx_word' id='word_1_898' title='bbox 719 5587 964 5674; x_wconf 66' lang='grc' dir='ltr'>Βιιιμυιίι.</span> <span class='ocrx_word' id='word_1_899' title='bbox 991 5600 1029 5647; x_wconf 87' lang='grc' dir='ltr'>ι.</span> <span class='ocrx_word' id='word_1_900' title='bbox 1057 5572 1519 5717; x_wconf 52' lang='lat'><strong>1.367(4278;</strong></span> <span class='ocrx_word' id='word_1_901' title='bbox 1551 5591 1895 5659; x_wconf 74' lang='lat' dir='ltr'><strong>Tillomout.,</strong></span> 
     </span>
     <span class='ocr_line' id='line_1_113' title="bbox 357 5660 1875 5717; baseline 0.004 -6"><span class='ocrx_word' id='word_1_902' title='bbox 357 5675 420 5712; x_wconf 88' lang='grc' dir='ltr'>ιι.</span> <span class='ocrx_word' id='word_1_903' title='bbox 448 5674 520 5717; x_wconf 83' lang='lat' dir='ltr'><strong>tv.</strong></span> <span class='ocrx_word' id='word_1_904' title='bbox 553 5669 664 5715; x_wconf 89' lang='lat' dir='ltr'><strong>not.</strong></span> <span class='ocrx_word' id='word_1_905' title='bbox 690 5660 778 5717; x_wconf 74' lang='grc'><strong>14.</strong></span> <span class='ocrx_word' id='word_1_906' title='bbox 808 5678 859 5715; x_wconf 83' lang='grc' dir='ltr'>ιη</span> <span class='ocrx_word' id='word_1_907' title='bbox 884 5661 1067 5717; x_wconf 50' lang='lat' dir='ltr'><strong>Cum;</strong></span> <span class='ocrx_word' id='word_1_908' title='bbox 1166 5663 1355 5717; x_wconf 87' lang='lat' dir='ltr'><strong>etllter.</strong></span> <span class='ocrx_word' id='word_1_909' title='bbox 1401 5674 1528 5717; x_wconf 86' lang='lat' dir='ltr'><strong>tum.</strong></span> <span class='ocrx_word' id='word_1_910' title='bbox 1561 5680 1635 5717; x_wconf 91' lang='grc' dir='ltr'>ιιι.</span> <span class='ocrx_word' id='word_1_911' title='bbox 1669 5684 1719 5717; x_wconf 83' lang='grc' dir='ltr'><strong>ι).</strong></span> <span class='ocrx_word' id='word_1_912' title='bbox 1752 5666 1875 5717; x_wconf 69' lang='grc'><strong>154.</strong></span> 
     </span>
    </p>
   </div>
   <div class='ocr_carea' id='block_1_113' title="bbox 264 5660 1875 5737">
    <p class='ocr_par' dir='ltr' id='par_1_113' title="bbox 264 5660 1875 5737">
     <span class='ocr_line' id='line_1_114' title="bbox 264 5660 1875 5737; baseline 0.004 -23"><span class='ocrx_word' id='word_1_913' title='bbox 264 5660 520 5737; x_wconf 29' lang='lat' dir='ltr'><strong>mutant,</strong></span> <span class='ocrx_word' id='word_1_914' title='bbox 553 5669 664 5715; x_wconf 89' lang='lat' dir='ltr'><strong>not.</strong></span> <span class='ocrx_word' id='word_1_915' title='bbox 690 5660 859 5737; x_wconf 59' lang='lat' dir='ltr'><strong>ii,_in</strong></span> <span class='ocrx_word' id='word_1_916' title='bbox 884 5661 1077 5737; x_wconf 44' lang='lat' dir='ltr'><strong>Cyam;</strong></span> <span class='ocrx_word' id='word_1_917' title='bbox 1119 5660 1375 5737; x_wconf 48' lang='lat' dir='ltr'><strong>Ceillier,</strong></span> <span class='ocrx_word' id='word_1_918' title='bbox 1401 5674 1528 5718; x_wconf 86' lang='lat' dir='ltr'><strong>tum.</strong></span> <span class='ocrx_word' id='word_1_919' title='bbox 1561 5680 1636 5731; x_wconf 84' lang='grc' dir='ltr'>ιιι,</span> <span class='ocrx_word' id='word_1_920' title='bbox 1669 5684 1719 5737; x_wconf 89' lang='lat' dir='ltr'><strong>p.</strong></span> <span class='ocrx_word' id='word_1_921' title='bbox 1752 5666 1875 5722; x_wconf 71' lang='grc'><strong>154.</strong></span> 
     </span>
    </p>
   </div>
   <div class='ocr_carea' id='block_1_114' title="bbox 377 5727 1632 5805">
    <p class='ocr_par' dir='ltr' id='par_1_114' title="bbox 377 5727 1632 5805">
     <span class='ocr_line' id='line_1_115' title="bbox 377 5727 1632 5805; baseline 0.007 -26"><span class='ocrx_word' id='word_1_922' title='bbox 480 5729 697 5805; x_wconf 59' lang='lat' dir='ltr'><strong>parum,</strong></span> <span class='ocrx_word' id='word_1_923' title='bbox 725 5733 795 5785; x_wconf 90' lang='lat' dir='ltr'><strong>ad</strong></span> <span class='ocrx_word' id='word_1_924' title='bbox 810 5727 947 5805; x_wconf 15' lang='lat' dir='ltr'><strong>iann&#39;.</strong></span> <span class='ocrx_word' id='word_1_925' title='bbox 972 5733 1284 5805; x_wconf 16' lang='lat' dir='ltr'><strong>255,7num.</strong></span> <span class='ocrx_word' id='word_1_926' title='bbox 1308 5735 1377 5789; x_wconf 79' lang='lat'><strong>&#39;57</strong></span> <span class='ocrx_word' id='word_1_927' title='bbox 1396 5748 1447 5789; x_wconf 89' lang='lat' dir='ltr'><strong>et</strong></span> <span class='ocrx_word' id='word_1_928' title='bbox 1480 5727 1632 5805; x_wconf 70' lang='lat' dir='ltr'><strong>seqq.</strong></span> 
     </span>
    </p>
   </div>
   <div class='ocr_carea' id='block_1_115' title="bbox 384 5799 1869 5879">
    <p class='ocr_par' dir='ltr' id='par_1_115' title="bbox 384 5799 1869 5879">
     <span class='ocr_line' id='line_1_116' title="bbox 384 5799 1869 5879; baseline 0.008 -25"><span class='ocrx_word' id='word_1_929' title='bbox 384 5799 445 5873; x_wconf 79' lang='lat'><strong>5)</strong></span> <span class='ocrx_word' id='word_1_930' title='bbox 477 5799 777 5877; x_wconf 86' lang='lat' dir='ltr'><strong>Augustin.,</strong></span> <span class='ocrx_word' id='word_1_931' title='bbox 808 5804 901 5861; x_wconf 88' lang='lat' dir='ltr'><strong>lib.</strong></span> <span class='ocrx_word' id='word_1_932' title='bbox 928 5820 979 5863; x_wconf 87' lang='lat' dir='ltr'><strong>Iv</strong></span> <span class='ocrx_word' id='word_1_933' title='bbox 1018 5805 1081 5861; x_wconf 86' lang='lat' dir='ltr'><strong>de</strong></span> <span class='ocrx_word' id='word_1_934' title='bbox 1095 5804 1346 5861; x_wconf 80' lang='lat' dir='ltr'><strong>Doctrina</strong></span> <span class='ocrx_word' id='word_1_935' title='bbox 1373 5799 1682 5879; x_wconf 67' lang='lat' dir='ltr'><strong>Christiana,</strong></span> <span class='ocrx_word' id='word_1_936' title='bbox 1705 5825 1755 5866; x_wconf 91' lang='lat' dir='ltr'><strong>c.</strong></span> <span class='ocrx_word' id='word_1_937' title='bbox 1782 5811 1869 5866; x_wconf 74' lang='grc'>21.</span> 
     </span>
    </p>
   </div>
  </div>
