4230 6282
606 305 710 365 807
1464 299 1555 361 DE
1591 296 1901 361 SCRIPTIS
1938 295 2076 356 DIVI
2115 293 2434 357 CYPRIANI
2471 297 2815 360 OPERIBUS
2854 296 3076 359 DUBIIS
3799 296 3914 360 808

605 434 669 482 ut
711 421 981 480 laudatum
1010 422 1204 479 librum
1258 422 1357 493 ipsi
1398 420 1696 478 adscribam
1720 461 1734 485 ,
1770 418 1819 474 id
1845 429 2020 474 tamen
2047 426 2197 472 certo
2227 414 2278 475 Α
2304 432 2463 487 quam
2498 419 2686 472 ttccius
2732 418 3101 482 suscitaverat,
3141 415 3571 487 persecutionem
3613 428 3899 487 memorat,

606 521 788 577 facere
815 533 918 573 non
943 517 1136 572 ausim.
1166 515 1505 572 Ceusuerunt
1523 514 1737 585 quidem
1768 512 1994 584 primum
2023 509 2195 566 Leva-

2306 508 2359 563 in
2384 524 2484 580 qua
2516 508 2813 578 posteriore
2840 508 3059 572 mullos,
3083 508 3170 578 qui
3196 508 3248 563 in
3277 508 3445 577 prima
3473 508 3802 576 ceciderant,
3821 508 3906 564 iu-

609 614 821 669 nienses
846 626 910 667 ac
942 610 1137 667 deinde
1162 611 1325 666 etiam
1364 610 1695 665 Parisienses
1729 622 1954 679 operum
1988 606 2048 661 8.
2089 604 2200 660 Au-
2301 602 2471 656 victos
2521 601 2737 656 stetisse
2763 610 3056 656 asseverat.
3108 600 3467 669 Quamobrem
3515 600 3765 656 Illarauus
3803 599 3908 672 (ι),

604 704 801 776 gustiui
828 703 1084 769 editores,
1114 701 1361 759 eumdem
1389 702 1582 758 librum
1615 717 1643 755 a
1669 711 1857 767 sancto
1884 699 2115 755 Doctore
2145 697 2197 752 in

607 796 748 852 libro
774 812 825 862 ι,
852 809 973 866 cap.
1002 793 1094 863 50,
1124 802 1311 850 contra
1342 792 1700 850 Gaudentium
1728 790 1919 854 citari;
1963 788 2057 845 sed
2080 803 2202 860 qua:

608 888 725 960 ipse
751 903 817 944 ex
848 887 905 945 8.
938 885 1207 960 Cypriane
1238 886 1309 942 ibi
1339 894 1632 949 meruerat,
1685 883 1904 953 proprie
1943 896 2007 936 ac
2034 881 2203 935 multo

608 980 848 1054 pressius
880 978 1142 1036 habentur
1164 979 1218 1033 in
1241 977 1482 1048 Epistula
1512 977 1580 1031 ad
1602 974 1881 1030 Donatum.

687 1072 771 1129 ΙΙΙ.
798 1072 1019 1129 Librum
1046 1072 1110 1126 de
1130 1069 1420 1143 Disciplina
1449 1080 1496 1124 et
1524 1069 1655 1124 bono
1675 1068 1933 1139 pudicitiw
1957 1066 2205 1123 Baluzius

610 1169 751 1225 inter
773 1167 1028 1237 opuscula
1054 1165 1111 1223 S.
1135 1164 1403 1238 Cypriano
1421 1163 1577 1234 vulgo
1602 1162 1867 1231 adscripta
1898 1161 2069 1230 primo
2092 1159 2208 1214 loco

610 1261 900 1327 recensuit,
931 1258 1284 1315 Bellartuiuus
1321 1267 1374 1313 et
1432 1255 1699 1311 Parnelius
1735 1254 2023 1325 genuinum
2061 1251 2209 1319 ejus-

610 1354 735 1411 dem
788 1353 972 1411 ltetum
1013 1366 1134 1409 esse
1179 1364 1440 1406 censuere
1487 1358 1671 1403 contra
1718 1345 2001 1402 Erasrunm
2051 1343 2213 1399 alios-

613 1462 719 1519 que
750 1442 850 1519 (l).
880 1444 970 1516 qui
998 1443 1145 1498 illum
1175 1451 1391 1513 propter
1423 1441 1547 1512 styli
1595 1436 2085 1493 dissimilitudinem
2127 1434 2211 1489 ei-

613 1539 735 1596 dem
760 1536 1152 1609 abjndiearunt.
1178 1541 1467 1591 Auctorem
1489 1542 1637 1590 certe
1672 1531 1852 1587 habuit
1900 1530 2213 1602 episcopum

613 1651 642 1690 a
664 1648 826 1706 grege
845 1647 944 1688 suo
967 1632 1266 1699 absentem,
1292 1628 1488 1701 quique
1508 1643 1632 1685 eum
1659 1626 1927 1683 coutinuis
1954 1624 2213 1680 exhorta-

617 1725 849 1781 tionibus
869 1722 935 1780 ad
963 1724 1220 1779 virtutum
1249 1721 1426 1777 studia
1451 1722 1686 1778 excitare
1710 1719 1935 1782 solebat,
1970 1728 2121 1790 prout
2148 1732 2216 1773 ex

2306 710 2426 750 eum
2457 702 2575 765 post
2627 693 3048 764 persecutionem
3070 691 3207 749 Galli
3262 694 3313 749 in
3358 691 3596 765 pacificis
3642 692 3915 749 Valeriani

2307 785 2518 856 imperii
2594 784 2901 855 primordiis
2971 785 3253 855 scripsisse
3313 785 3504 841 merito
3592 785 3910 841 autumavit.

2308 878 2571 934 Eumdcm
2600 877 2782 932 Afrum
2801 876 2985 944 fuisse,
3009 877 3206 947 passim
3237 877 3495 949 colligunt
3524 877 3748 943 eruditi,
3768 874 3919 949 quod

2306 970 2373 1026 ad
2399 971 2713 1027 Felicissimi
2763 969 3008 1026 Sehisrna
3041 972 3093 1025 in
3127 969 3304 1026 Africa
3335 970 3450 1026 fere
3491 972 3651 1028 unice
3701 983 3915 1043 uotum,

2307 1062 2547 1117 alludere
2596 1062 2856 1129 videatur,
2885 1062 3012 1117 dum
3065 1063 3141 1117 ait
3171 1079 3185 1116 :
3221 1080 3239 1113 ι
3276 1061 3416 1131 Quid
3445 1062 3515 1119 ad
3542 1064 3641 1118 ista
3690 1078 3919 1135 respou-

2311 1155 2472 1211 drant
2495 1154 2885 1224 perversissimi
2911 1154 3211 1223 Novatiani,
3235 1157 3319 1212 vel
3344 1172 3487 1212 nunc
3541 1156 3920 1215 Israucrssuu

2314 1247 2505 1319 pauci?
2534 1267 2552 1300 ι
2587 1246 2643 1303 8.
2683 1247 2913 1302 Cornelii
2963 1263 3097 1320 opus
3141 1262 3247 1304 non
3274 1264 3414 1318 esse,
3444 1259 3502 1304 ut
3550 1251 3810 1307 Erasmus
3837 1267 3923 1307 su-

2313 1342 2547 1410 Spieatns
2572 1350 2675 1407 est,
2707 1340 2935 1396 suadent
2982 1342 3082 1406 ista
3125 1341 3365 1412 ejusdem
3425 1344 3589 1399 verba
3622 1364 3637 1400 :
3672 1364 3690 1396 ι
3726 1345 3923 1403 Sacra-

2316 1444 2555 1490 meutnm
2605 1435 2969 1507 Baptismatis,
2996 1436 3137 1507 quod
3188 1437 3237 1490 in
3295 1437 3524 1493 salutem
3571 1440 3786 1513 generis
3817 1440 3924 1496 ltu-

2318 1532 2457 1585 rnani
2484 1530 2773 1600 provisum,
2804 1541 2858 1586 et
2877 1531 2980 1586 soli
3008 1530 3267 1612 Ecclesia:
3296 1533 3504 1590 C(Blesti
3533 1536 3744 1592 ratione
3779 1535 3926 1592 cele-

2319 1623 2479 1679 brare
2536 1621 2823 1696 (Christus)
2864 1639 2959 1694 per
3008 1640 3072 1681 os
3100 1641 3256 1681 suum
3310 1628 3681 1698 pt‘mustetttlit.
3732 1648 3753 1682 ι
3795 1629 3928 1686 Haec

2319 1717 2377 1774 S.
2406 1717 2658 1791 Cypriani
2686 1734 2924 1775 errorem
2951 1719 3018 1775 de
3035 1719 3422 1776 Hiereticorum
3454 1721 3727 1792 Baptismo
3750 1723 3924 1793 olent,

615 1820 734 1891 ipso
781 1818 900 1875 libri
946 1816 1169 1874 exordio
1215 1814 1571 1870 indubitatum
1631 1824 1734 1870 est.
1779 1811 2046 1882 Scriptum
2094 1826 2216 1867 esse
2246 1816 2293 1876 Β
2321 1827 2350 1866 a
2377 1827 2483 1882 quo
2513 1810 2569 1867 S.
2600 1810 2883 1868 Cornelius
2909 1812 3300 1869 remotissimus
3322 1830 3538 1886 semper
3562 1815 3681 1871 fuit.

618 1912 1050 1983 persecutionum
1082 1908 1414 1979 temporibus
1431 1906 1686 1978 colligere
1721 1905 1880 1961 etiam
1917 1904 2059 1969 licet,
2088 1903 2215 1959 dum

620 2005 672 2059 in
723 2019 789 2060 eo
841 2002 1037 2058 dicitur
1071 2022 1084 2057 :
1121 2020 1139 2055 ι
1170 2000 1604 2056 Persecutionem
1657 2012 1763 2054 non
1809 2006 1983 2067 potest
2032 1997 2218 2050 timere

620 2092 954 2169 (Virginitas)
993 2094 1121 2151 dum
1171 2092 1323 2149 illum
1367 2091 1435 2148 de
1481 2091 1768 2146 securitate
1814 2098 1989 2160 potest
2021 2102 2216 2157 provo-

620 2204 766 2246 care.
805 2209 825 2242 ι
860 2187 996 2244 Hinc
1022 2185 1292 2243 Pamclius
1318 2185 1566 2256 opinatus
1605 2192 1720 2248 est,
1767 2183 1818 2237 in
1862 2196 2076 2238 secessu
2118 2180 2220 2236 sub

622 2282 784 2337 Decio
807 2280 1006 2336 editum
1040 2294 1197 2335 esse:
1225 2292 1411 2333 verum
1445 2275 1547 2331 hoc
1585 2290 1772 2345 parum
1802 2274 2090 2329 verisimile
2114 2282 2217 2338 est,

621 2390 743 2430 cum
773 2373 995 2430 Pontius
1022 2372 1166 2429 illius
1195 2387 1303 2427 non
1332 2368 1671 2434 meminerit,
1695 2368 1784 2438 qui
1816 2383 1879 2420 ex
1911 2365 2163 2437 operibus
2190 2379 2220 2418 a

621 2469 818 2524 Sancto
866 2465 1023 2523 editis
1067 2466 1348 2521 utilitatem
1395 2475 1642 2518 secessus
1685 2459 1927 2531 ejusdem
1969 2470 2073 2513 tam
2103 2468 2219 2512 stu-

622 2562 775 2619 diose
801 2560 1216 2626 commendavit,
1246 2558 1473 2630 ideoque
1491 2557 1606 2612 sine
1630 2555 1793 2610 dubio
1823 2554 2055 2609 maxime
2074 2567 2223 2607 corn-

626 2662 982 2713 memorasset
1052 2652 1250 2709 librum
1298 2651 1353 2705 in
1404 2652 1523 2720 ipso
1567 2661 1783 2703 secessu
1835 2644 2219 2715 conscriptum.

627 2751 828 2807 Praeter
877 2745 999 2820 atyli
1047 2742 1462 2815 discrepantiam
1510 2740 1883 2797 'l‘illemontius
1930 2737 2009 2811 (2)
2068 2738 2119 2792 in
2159 2751 2259 2795 eo.

627 2852 891 2916 praeterea
916 2838 1339 2912 deprehendisse
1368 2835 1468 2892 sibi
1492 2835 1638 2890 visus
1666 2845 1748 2889 est
1776 2833 2008 2902 aliquem
2039 2829 2107 2886 de
2145 2828 2226 2884 di-

625 2936 969 3008 vinzogratia
1022 2933 1219 2995 locum,
1268 2947 1333 2988 ex
1380 2946 1486 3000 quo
1541 2928 1772 2998 scriptor
1822 2926 1877 2980 S.
1925 2923 2226 2995 Augustino

626 3026 1133 3102 posteriorjudicari
1166 3035 1364 3096 posset,
1396 3023 1497 3078 nisi
1525 3021 1593 3078 de
1623 3018 2000 3092 persecutione
2030 3017 2225 3073 ibidem

627 3125 782 3183 ﬁeret
835 3121 1067 3188 mentio,
1127 3134 1285 3190 quam
1334 3126 1511 3172 tamen
1576 3115 1746 3185 ipsam
1804 3111 1868 3165 :ul
1924 3110 2224 3173 Vandalos,

2391 1907 2462 1961 At
2491 1922 2615 1961 vero
2668 1905 2915 1961 Maranus
2963 1915 3158 1976 printer
3184 1907 3310 1979 styli
3357 1907 3738 1965 dissonantiam
3776 1907 3934 1966 aliud

2322 1998 2593 2068 quidpiam
2620 2001 2670 2052 in
2699 2000 2888 2054 eodem
2917 1998 3214 2057 advertisse
3232 2010 3451 2068 censet,
3475 2002 3545 2057 ob
3563 2003 3703 2073 quod
3729 2012 3936 2060 sancto

2322 2092 2540 2163 martyri
2575 2092 2734 2149 tribui
2764 2107 2869 2148 non
2910 2094 3094 2163 possit.
3127 2093 3566 2159 l.ibrtnu,anctor
3593 2098 3671 2153 sic
3689 2111 3938 2154 exorsus

2323 2193 2405 2238 est
2454 2201 2468 2238 :
2538 2203 2556 2237 ι
2609 2184 2876 2255 Cogitanti
2929 2185 3099 2253 mihi,
3160 2196 3217 2242 et
3278 2188 3681 2245 intolerabiliter
3740 2188 3939 2246 animo

2323 2281 2592 2346 zestuanti,
2623 2279 2875 2350 quidnam
2911 2296 3070 2353 agerc
3087 2281 3343 2338 deberem
3377 2282 3446 2339 de
3468 2283 3787 2341 miserandis
3818 2283 3936 2341 fra-

2325 2373 2517 2439 tribus,
2534 2372 2623 2443 qui
2642 2372 2906 2429 vulnerati
2930 2388 3033 2429 non
3048 2376 3261 2445 propria
3286 2376 3582 2442 voluntate,
3611 2376 3707 2433 sed
3729 2377 3936 2435 diaboli

2325 2467 2605 2522 srevientis-
2636 2467 2959 2536 irruptione,
2981 2466 3157 2525 adhuc
3202 2482 3391 2538 usque,
3425 2468 3528 2525 hoc
3554 2479 3657 2537 est,
3687 2486 3781 2542 per
3808 2470 3933 2527 lon-

2326 2574 2444 2629 gam
2478 2569 2777 2630 temporum
2802 2560 2998 2615 seriem
3025 2570 3262 2632 agentes,
3312 2575 3524 2632 penam
3549 2562 3773 2631 darent;
3803 2579 3935 2622 ecce

2326 2665 2392 2707 ex
2418 2650 2645 2707 adverso
2663 2653 2887 2708 obortus
2910 2662 2992 2707 est
3011 2652 3150 2709 alius
3179 2652 3352 2709 hostis
3369 2696 3385 2720 ,
3412 2663 3468 2709 et
3494 2653 3664 2725 ipsius
3693 2666 3931 2726 paterna:

2327 2744 2541 2817 pietatis
2586 2746 2948 2817 adversarius,
2990 2746 3274 2805 haereticus
3301 2748 3648 2814 Novatianns,
3677 2761 3782 2807 etc.
3816 2771 3835 2804 ι
3861 2751 3932 2807 Et

2327 2854 2516 2895 rursus
2544 2850 2826 2911 postquam
2850 2840 3092 2906 dixisset,
3117 2842 3314 2899 multos
3340 2857 3405 2898 ex
3435 2844 3521 2909 iis,
3534 2845 3626 2915 qui
3641 2845 3691 2898 in
3714 2862 3735 2896 ι
3756 2843 3932 2915 prima

2328 2931 2445 2987 acie
2476 2950 2497 2985 ι
2531 2932 2581 2988 id
2608 2942 2721 2998 est,
2754 2932 2981 2990 Deciana
3005 2935 3393 3004 persecutione,
3424 2935 3686 2992 vulnerati
3710 2935 3935 2993 fuerunt

2336 3042 2457 3080 ιη..
2472 3039 2677 3095 p05tea,
2699 3023 2750 3079 id
2771 3024 3100 3082 estsecuudo
3115 3026 3417 3098 pra:lio.....
3448 3027 3660 3084 fortiter
3686 3044 3936 3099 perseve-

2331 3132 2502 3179 rasse,
2515 3136 2533 3170 ι
2556 3117 2827 3189 subiunxit
2846 3134 2860 3171 :
2885 3137 2903 3170 ι
2916 3117 3056 3175 Ecce
3070 3134 3229 3190 quam
3253 3119 3515 3190 gloriosos
3529 3137 3692 3193 quam
3710 3122 3935 3179 Domino

627 3220 870 3289 aliosque
908 3214 1190 3271 haereticos
1237 3211 1416 3267 forsan
1457 3209 1725 3279 pertinere
1769 3206 2067 3275 suSpicatns
2122 3213 2222 3258 est.
2254 3213 2298 3275 ρ
2335 3224 2507 3274 raros,
2536 3210 2869 3265 Schismatici
2895 3210 2983 3267 isti
3018 3210 3181 3282 ligna,
3211 3211 3436 3279 frenum,
3463 3213 3716 3284 stipulam
3741 3214 3933 3285 appel-

594 3340 601 3351 ~
628 3309 828 3367 Verum
858 3307 925 3362 ad
949 3306 1063 3360 haec
1091 3312 1237 3359 recte
1264 3301 1501 3370 reposuit
1529 3299 1771 3355 Maranns
1805 3298 1880 3372 (5)
1910 3298 2084 3353 mirms
2107 3310 2230 3366 pro-

630 3402 864 3459 babilem
897 3413 1018 3455 esse
1063 3396 1201 3451 hanc
1230 3394 1616 3465 conjecturam,
1652 3406 1775 3448 cum
1824 3393 1874 3446 in
1918 3388 2231 3446 indubitatis

630 3492 688 3549 8.
706 3491 956 3563 Cypriani
999 3487 1252 3560 operibus
1280 3485 1450 3542 multo
1490 3485 1641 3556 plura
1668 3483 1967 3553 ejusmodi,
1991 3497 2054 3538 ac
2095 3480 2233 3535 forte

634 3584 970 3657 expressiora
1020 3580 1089 3638 de
1127 3579 1305 3635 divina
1359 3579 1525 3651 gratia
1574 3575 1875 3633 testimonia
1927 3582 2233 3631 occurrant.

642 3679 905 3736 Cieteruru
949 3683 1098 3732 notat
1129 3673 1398 3730 Pamelius
1421 3671 1614 3727 librum
1646 3668 1788 3724 hunc
1819 3679 1928 3724 tum
1957 3668 2010 3723 in
2038 3667 2233 3738 insigni

633 3781 689 3829 et
712 3777 923 3826 vetusto
951 3767 1134 3823 codice
1150 3763 1448 3821 Carthusiae
1474 3759 1831 3831 Coloniensis,
1861 3767 1995 3815 teate
2015 3757 2232 3825 Gravio,

635 3875 747 3922 tum
792 3864 844 3919 in
874 3862 1149 3920 codicibus
1177 3858 1430 3917 Ludovici
1468 3856 1761 3926 Carrionis,
1786 3866 1840 3913 et
1866 3855 1924 3912 S.
1955 3855 2238 3911 Pantaleo-

637 3959 723 4015 nis
782 3955 1021 4013 Colonia:
1071 3952 1420 4026 S.Cypriauo
1472 3950 1724 4016 inscribi;
1788 3960 2062 4006 auctorem
2109 3962 2239 4004 vero

638 4050 862 4106 multum
890 4049 1151 4103 imitatum
1181 4062 1300 4102 esse
1330 4035 1717 4100 Tertullianum
1760 4042 1812 4097 in
1844 4043 1982 4098 libro
2034 4041 2103 4097 de
2127 4040 2238 4097 Ριιο

640 4141 841 4209 dicitia,
888 4150 945 4197 et
990 4156 1055 4196 ex
1105 4156 1171 4197 eo
1220 4138 1447 4209 plurima
1497 4137 1908 4208 transumpsisse
1940 4153 1952 4189 :
1980 4136 2118 4205 quod
2172 4137 2241 4194 ad

639 4237 836 4310 stylum
868 4245 1044 4291 autem
1075 4240 1302 4305 spectat,
1333 4229 1597 4303 ejusmodi
1642 4230 1829 4286 breves
1872 4230 2163 4291 sententias
2188 4237 2245 4285 et

639 4329 1038 4401 enthymemata
1079 4325 1240 4381 etiam
1284 4323 1335 4377 in
1386 4320 1526 4378 libro
1579 4320 1643 4376 de
1683 4319 1967 4392 Disciplina
1996 4330 2043 4376 et
2070 4320 2244 4375 habitu

650 4420 918 4494 Virginum
940 4417 1256 4492 reperiri,ct
1277 4415 1597 4486 ubicumque
1609 4424 1824 4471 sanctus
1856 4415 2082 4469 antistes
2108 4412 2240 4470 Ter-

642 4516 919 4572 tullianqu
939 4512 1173 4568 imitatus
1218 4519 1319 4567 est.
1357 4507 1489 4564 Illud
1529 4518 1733 4563 certum
1767 4515 1871 4572 est,
1903 4515 2096 4577 praeter
2121 4505 2245 4578 styli

2334 3304 2446 3359 lare
2471 3318 2576 3360 non
2606 3303 2872 3370 dubitant,
2900 3320 3127 3375 quorum
3170 3320 3329 3377 pares
3348 3348 3362 3372 ,
3401 3304 3499 3360 hoc
3524 3315 3627 3372 est,
3657 3307 3711 3360 in
3738 3306 3935 3369 eodem

2333 3396 2760 3467 eriminelapsus
2804 3397 2886 3454 sui
2934 3397 3112 3454 adhuc
3158 3413 3328 3469 usque
3361 3398 3697 3460 constitutos,
3730 3412 3832 3454 nec
3859 3397 3940 3454 ad

2334 3490 2704 3562 pteuitentiam
2727 3489 3084 3545 admittendos
3108 3504 3230 3546 esse
3252 3499 3592 3561 pmsumnut.
3623 3508 3643 3542 ι
3673 3490 3759 3546 Ex
3784 3490 3941 3548 hisce

2336 3599 2465 3640 vero
2504 3583 2751 3639 Maranus
2795 3583 2903 3640 duo
2934 3584 3094 3640 infert
3131 3601 3147 3639 :
3203 3584 3453 3655 primum,
3484 3594 3763 3641 auctorem
3815 3583 3941 3640 libri

2336 3675 2644 3745 episcopum
2696 3674 2882 3743 fuisse,
2903 3675 2993 3746 qui
3036 3675 3262 3733 moleste
3312 3675 3537 3743 ferebat,
3583 3675 3939 3733 Novatianntu

2338 3767 2438 3824 sibi
2468 3770 2522 3823 in
2543 3768 2705 3840 lapsis
2724 3769 3106 3840 pot-nitentibus
3127 3767 3432 3826 humaniter
3458 3770 3756 3825 tractandis
3781 3769 3941 3840 impie

2339 3861 2632 3916 adversari.
2677 3860 2938 3927 Alterum,
2966 3861 3215 3919 eumdem
3242 3872 3541 3941 auctorem,
3564 3862 3691 3918 dum
3735 3863 3941 3919 scribe-

2341 3962 2445 4022 ret,
2474 3952 2709 4010 nondum
2754 3969 2940 4026 pacem
2988 3955 3322 4013 concessisse
3373 3956 3458 4025 iis,
3505 3957 3595 4027 qui
3647 3958 3749 4013 sub
3781 3957 3942 4013 Decio

2342 4045 2476 4118 lapsi
2513 4048 2758 4114 fuerant;
2804 4056 2967 4120 atque
3010 4050 3147 4106 adeo
3177 4050 3320 4106 hunc
3344 4050 3404 4107 S.
3453 4050 3777 4123 Cyprianum
3830 4065 3945 4107 non

2343 4158 2486 4212 esse,
2517 4159 2677 4215 quem
2705 4153 2939 4212 constat,
2966 4145 3281 4202 imminente
3306 4145 3444 4202 Galli
3468 4147 3857 4217 persecutione,
3886 4144 3946 4203 in

2344 4236 2574 4292 concilio
2595 4237 3008 4309 Carthaginensi
3048 4252 3234 4308 pacem
3284 4237 3469 4309 lapsis,
3492 4236 3657 4294 etiam
3698 4248 3828 4293 ante
3850 4251 3946 4294 ex-

2347 4330 2547 4407 pletam
2576 4338 2740 4385 totam
2769 4330 3163 4401 penitentiam,
3192 4329 3426 4386 dandam
3456 4344 3579 4385 esse
3616 4328 3943 4396 decrevisse,

2348 4439 2416 4480 ne
2438 4425 2800 4496 persecutioni
2847 4425 3279 4483 succumberent.
3331 4423 3441 4482 Nec
3489 4425 3663 4481 inanis
3693 4433 3782 4481 est
3830 4424 3948 4481 hare

2349 4518 2550 4575 Marani
2574 4521 2966 4591 argumentatio
3006 4535 3021 4574 :
3054 4535 3162 4577 non
3205 4529 3313 4575 tam
3362 4529 3507 4576 certa
3538 4529 3741 4587 tamen,
3785 4535 3948 4592 quam

642 4604 1271 4673 dissimilitudinem,an
1292 4617 1397 4657 non
1419 4615 1633 4672 semper
1657 4600 1847 4656 eodem
1866 4597 1922 4654 S.
1952 4596 2248 4671 Cyprianus
2273 4614 2327 4670 ι)
2355 4612 2455 4682 ipsi
2474 4613 2587 4670 visa
2615 4621 2715 4670 est.
2741 4612 2873 4669 Nam
2903 4614 3076 4681 primo
3104 4611 3342 4685 quidem,
3380 4612 3522 4685 quod
3542 4614 3711 4687 priori
3740 4613 3863 4669 loco
3879 4612 3951 4669 de

645 4714 771 4757 usus
799 4707 900 4767 est,
937 4697 1067 4752 nihil
1096 4695 1331 4763 obstare,
1355 4710 1461 4765 quo
1485 4692 1660 4748 minus
1689 4693 1787 4764 ipsi
1814 4691 2167 4748 adscribatur.

713 4789 806 4846 1V.
837 4789 1079 4856 Librum,
1105 4787 1194 4858 qui
1223 4787 1287 4841 ad
1316 4784 1666 4842 Novatiannm
1695 4784 2011 4838 [hereticum
2045 4784 2108 4839 de
2138 4782 2248 4853 Spe

644 4884 801 4942 venit:
823 4900 925 4938 non
955 4880 1187 4953 neganda
1215 4879 1499 4947 inscriptus
1524 4885 1626 4942 est,
1648 4876 1718 4932 ob
1745 4875 1973 4932 similem
1998 4875 2248 4932 dictionis

646 4976 1005 5034 dill‘erentiam
1031 4973 1310 5039 Erasmus,
1331 4970 1704 5029 Tillemontius
1725 4969 2063 5044 (d),aliique,
2094 4970 2250 5026 alteri

646 5072 851 5129 auctori
890 5066 1303 5126 adscribendum
1328 5064 1638 5136 judicarnnt
1661 5107 1675 5130 ,
1699 5074 1892 5120 cratera
1920 5080 2022 5121 nec
2047 5065 2106 5120 S.
2135 5063 2246 5137 Cy-

646 5166 839 5240 priauo
863 5163 1165 5236 indignum,
1188 5176 1291 5217 nec
1318 5159 1386 5214 ab
1436 5158 1580 5215 illius
1636 5168 1794 5215 :etate
1832 5169 2095 5215 rernoturu
2125 5173 2248 5215 esse

649 5257 906 5317 confessi.
935 5255 1093 5313 Certe
1123 5263 1326 5319 auctor,
1361 5253 1450 5324 qui
1491 5252 1545 5307 iu
1575 5253 1691 5323 ipso
1721 5253 1838 5307 libri
1879 5252 2102 5310 exordio
2128 5266 2249 5309 sese

649 5350 961 5424 episcopum
1013 5361 1134 5403 esse
1181 5344 1379 5418 prodit,
1405 5360 1513 5400 non
1563 5344 1664 5399 nisi
1716 5359 1876 5400 unam
1931 5355 2051 5416 post
2105 5359 2245 5412 eam,

726 5508 1059 5606 (upupam.
1093 5526 1527 5606 Biblioth.__tt_)m.
1583 5544 1620 5594 ι,
1661 5543 1780 5601 pag.
1828 5527 1954 5586 267.
2001 5527 2248 5597 Ceillier,

656 5598 902 5663 Histoire,
922 5598 1063 5655 'tom.
1096 5616 1154 5664 lt,
1188 5615 1310 5670 pag.
1346 5598 1471 5655 155.

726 5676 813 5760 t2)
839 5672 1555 5760 Stemmata-2:99.-
1587 5670 1828 5760 me
1856 5672 1924 5729 ιδ
1943 5682 1997 5729 ει
2027 5672 2118 5729 διο

728 5747 809 5887 ξῗῖ
833 5740 1466 5883 ἓῗῖἒῶὸέὶὲνὺίὲἀιὲίὲῗζ
1493 5744 1869 5890 ἓὲἔίλξῗᾈιι.
1903 5816 1993 5885 n,
2026 5830 2079 5887 ι).
2114 5814 2205 5876 56.

2349 4706 2662 4777 preniteutia
2688 4724 2709 4759 ι
2741 4721 2838 4777 per
2867 4707 3078 4777 longam
3102 4715 3402 4777 temporum
3417 4706 3611 4762 seriem
3641 4723 3662 4758 ι
3687 4704 3949 4777 producta

2350 4798 2564 4871 legitur,
2595 4799 2662 4855 ad
2686 4797 2917 4855 litteram
2938 4799 3109 4871 accipi
3137 4814 3243 4854 non
3273 4807 3472 4869 potest,
3502 4798 3607 4854 nisi
3625 4799 3748 4870 quis
3766 4798 3953 4855 dicere

2351 4893 2602 4960 voluerit,
2630 4890 2987 4950 Novatianum
3018 4892 3267 4950 haeresim
3317 4908 3472 4949 suam
3517 4892 3618 4949 sub
3664 4891 3953 4948 Valeriano

2350 4986 2584 5055 primum
2610 5000 2864 5055 spargere
2888 4986 3152 5055 coepisse,
3192 4994 3286 5041 aut
3326 4994 3475 5042 certe
3514 4983 3672 5057 hujus
3699 4984 3779 5041 rei
3810 4984 3955 5040 noti-

2354 5080 2479 5136 tiam
2510 5088 2622 5135 tum
2649 5089 2851 5137 tantum
2879 5080 2944 5135 ad
2973 5090 3248 5137 auctorem
3290 5081 3411 5138 libri
3440 5079 3792 5152 pervenisse;
3819 5091 3959 5151 quo-

2350 5186 2472 5229 rum
2499 5182 2746 5229 neutrum
2768 5173 2870 5230 dici
2904 5182 3099 5245 potest.
3129 5172 3248 5230 Non
3274 5177 3529 5245 primum,
3555 5174 3682 5244 quia
3706 5189 3773 5229 es
3801 5186 3959 5229 eom-

2352 5266 2620 5322 mentario
2645 5268 2843 5338 praevio
2868 5277 3100 5334 constat,
3127 5268 3274 5324 illum
3327 5268 3429 5326 sub
3467 5269 3631 5324 Decio
3677 5282 3784 5323 una
3829 5280 3957 5323 cum

2352 5358 2644 5414 schismate
2699 5357 2949 5415 hatresim
2991 5371 3144 5415 suam
3194 5359 3480 5417 excitasse.
3507 5356 3627 5414 Non
3650 5360 3816 5414 etiam
3865 5371 3961 5414 se-

2353 5451 2609 5519 cundum,
2632 5452 2753 5523 quia
2807 5452 2949 5509 nulla
2997 5452 3308 5510 verisimilis
3330 5453 3469 5510 ratio
3501 5452 3726 5525 produci
3750 5461 3958 5523 potest,

2354 5545 2426 5601 ob
2449 5561 2606 5617 quam
2655 5545 2937 5617 cpiscopus
2983 5545 3130 5615 Afer,
3157 5546 3370 5617 qualem
3398 5545 3648 5602 Mat-anns
3680 5554 3961 5601 auctorem

2355 5636 2476 5694 libri
2522 5636 2687 5694 fuisse
2731 5638 2982 5707 admittit,
3013 5637 3292 5695 Novatiani
3347 5637 3632 5707 haeresim,
3687 5638 3741 5694 in
3774 5635 3966 5695 Africa

2434 5817 2513 5891 (Ι)
2544 5819 2775 5890 tiaram,
2804 5822 2907 5879 loc.
2940 5822 3032 5878 cit.
