4214 6266
316 329 423 386 809

1709 334 2236 396 PROLEGOMENA.

3511 357 3620 414 810

311 443 668 508 notissimam,
699 453 753 497 et
783 443 832 498 in
864 444 1090 501 concilio
1134 445 1541 518 Carthaginiensi
1581 448 1909 515 damnatam,
1938 451 1993 511 A
2020 452 2351 524 indiguerat;
2385 457 2650 515 indicatur
2671 461 2812 517 enim
2836 462 2907 519 ibi
2935 477 3043 520 non
3064 464 3313 536 obscure,
3346 470 3615 542 recipien-

308 535 515 593 tamdiu
548 538 797 608 ignorare
843 537 1093 608 potuerit.
1125 538 1347 594 Videtur
1380 540 1559 611 itaque
1587 538 1818 611 scriptor
1847 542 1915 600 de

308 636 556 698 tempore
587 627 764 682 minus
786 638 972 684 exacte
998 630 1205 685 loeutus
1237 642 1253 695 ;
1282 639 1334 686 et
1358 631 1455 688 ista
1483 648 1498 687 :
1534 632 1711 687 Adhuc
1735 651 1912 705 usque,

316 720 413 774 hoc
431 729 526 782 est,
560 737 650 790 per
674 720 877 792 longam
905 730 1184 793 temporum
1209 725 1409 788 seriem,
1438 740 1544 780 non
1580 726 1645 785 ad
1672 726 1914 782 Valeria-

305 811 385 877 ni,
417 810 510 867 sed
559 811 623 866 ad
653 811 790 867 Galli
844 814 1050 885 imperii
1103 815 1390 884 primordia
1433 814 1716 873 referenda
1767 833 1910 875 esse.

306 903 414 961 Sed
435 920 607 972 neque
633 921 698 960 ex
723 906 962 962 secundo
984 916 1131 963 textu
1154 917 1303 965 certo
1324 908 1511 965 inferri
1543 919 1738 980 potest,
1768 912 1911 983 quod

305 1005 432 1061 inde
462 1003 637 1059 intulit
666 1004 913 1061 Maranus
935 1021 950 1071 ;
974 1016 1246 1061 auctorem
1278 1007 1516 1075 scilicet,
1548 1007 1673 1062 dum
1709 1009 1911 1066 scribe-

304 1106 409 1165 ret,
450 1096 687 1155 nondum
741 1112 924 1167 pacem
966 1099 1298 1155 concessisse
1352 1099 1518 1171 lapsis
1565 1102 1666 1157 sub
1718 1101 1929 1175 Decio.‘

303 1188 422 1246 Non
455 1190 597 1245 enim
632 1189 771 1246 hanc
801 1191 932 1261 ipsis
955 1206 984 1246 a
1008 1205 1067 1247 se
1111 1191 1289 1247 datam
1334 1191 1620 1259 inliciatur,
1651 1193 1743 1248 sed
1788 1210 1905 1250 eam

305 1282 611 1355 hujusmodi
644 1284 1027 1354 paenitentibus
1051 1284 1117 1340 ad
1153 1277 1204 1340 id
1232 1300 1399 1354 usque
1430 1294 1639 1356 tempus
1673 1302 1702 1340 a
1734 1287 1911 1343 Nova-

305 1378 473 1442 tiano,
503 1377 731 1448 ejusque
769 1379 991 1434 asseclis
1019 1386 1123 1433 tam
1162 1377 1371 1434 duriter
1399 1388 1644 1450 negatam
1686 1396 1807 1436 esse
1828 1381 1909 1435 al‘-

302 1471 602 1539 firmat,ut,
629 1472 675 1528 si
716 1472 906 1530 horum
961 1472 1164 1544 judicio
1206 1474 1456 1530 standum
1502 1485 1665 1542 esset,
1718 1492 1785 1531 ne
1838 1475 1907 1532 ad

301 1565 672 1635 pmnitentiam
724 1565 937 1637 quidem
986 1567 1146 1622 etiam
1199 1575 1325 1624 tunc
1393 1567 1527 1639 lapsi
1583 1570 1907 1638 praenitentes

301 1655 617 1712 admittendi
659 1665 859 1713 essent.
894 1656 1010 1712 Non
1038 1659 1171 1714 satis
1219 1674 1433 1729 quoque
1480 1660 1771 1716 verisimile
1799 1671 1903 1728 est,

295 1751 549 1808 eumdem
577 1761 872 1820 auctorem,
894 1752 1006 1822 jam
1053 1754 1357 1825 imperante
1403 1754 1711 1822 Valeriano,
1738 1756 1901 1812 etiam

2017 543 2117 599 dos
2149 548 2198 600 in
2230 546 2530 606 Ecclesiam
2569 551 2769 623 lapsos,
2802 564 2857 611 et
2881 572 2909 609 a
2940 572 3037 628 spe
3066 558 3238 615 venia:
3262 562 3482 619 minime
3526 583 3613 621 ar-

2016 637 2216 693 cendos
2237 645 2554 712 quarumvis
2578 647 2863 703 criminum
2885 652 3032 717 reos,
3065 650 3358 709 dummodo
3386 661 3606 714 canoni-

2016 746 2095 786 cae
2136 735 2468 803 pmniteutia:
2511 753 2631 795 sese
2679 740 3040 811 subjecernnt.
3072 743 3183 801 Nec
3225 756 3360 802 tacet
3407 764 3529 819 qum
3561 752 3614 808 in

2014 830 2345 885 contrarium
2374 833 2552 888 adsint
2599 845 2945 906 argumenta;
2978 837 3222 911 infringit
3268 852 3445 898 tamen
3487 845 3611 901 illa:

2014 919 2245 993 primum
2275 934 2389 991 est,
2422 926 2919 997 interpretationem
2951 931 3246 1002 Scriptura:
3275 934 3365 991 hic
3393 938 3615 1010 allegari

2014 1010 2171 1067 valde
2219 1015 2486 1072 diversam
2529 1018 2596 1073 ab
2641 1034 2703 1074 ea
2754 1037 2856 1091 qua
2887 1023 3057 1078 utitur
3099 1024 3436 1096 Cyprianus:
3491 1030 3618 1090 huic

2012 1100 2372 1161 Trombellius
2431 1108 2692 1178 replicat,
2743 1122 2953 1169 veteres
3003 1114 3165 1171 modo
3188 1114 3402 1183 'unam,
3452 1123 3616 1181 modo

2011 1191 2172 1247 aliam
2210 1194 2504 1268 Scriptura:
2560 1200 3059 1272 interpretationem
3116 1209 3298 1278 sequi,
3351 1209 3617 1284 lmjnsque

2010 1285 2089 1340 rei
2129 1286 2262 1343 adeo
2295 1291 2482 1356 multa,
2516 1292 2653 1359 adeo
2701 1296 2982 1365 perspicua
3026 1297 3347 1355 documenta
3400 1303 3609 1373 haberi,

2009 1387 2068 1432 nt
2095 1378 2163 1433 de
2189 1381 2375 1451 eajam
2401 1399 2559 1439 nemo
2584 1386 2829 1456 dubitet;
2860 1389 3123 1463 alfertque
3148 1408 3335 1460 unum,
3373 1396 3467 1450 sed
3498 1413 3611 1453 ma-

2010 1470 2263 1530 nifestum
2293 1479 2595 1548 exemplum
2624 1482 2675 1536 in
2704 1483 3022 1554 Augustino,
3068 1487 3157 1557 qui
3188 1490 3509 1546 versiculum
3539 1492 3611 1548 ‘22

2009 1578 2128 1635 cap.
2170 1583 2296 1624 xvm
2336 1567 2524 1624 Ezecli.
2592 1584 2783 1642 quater
2821 1576 3056 1644 adducit,
3114 1590 3167 1634 et
3205 1580 3425 1639 diverso
3469 1600 3612 1640 sem-

2009 1672 2105 1728 per
2130 1661 2324 1728 modo;
2355 1650 2563 1719 incusat
2582 1670 2845 1735 praeterea
2868 1685 3247 1743 amanuenses,
3272 1677 3414 1746 quod
3439 1677 3609 1734 licen-

2008 1749 2135 1805 tiam
2168 1768 2273 1809 non
2305 1754 2475 1812 levem
2506 1758 2606 1813 sibi
2632 1763 2936 1830 arrogarint
2958 1764 3323 1823 substituendi
3353 1786 3457 1825 non
3482 1788 3609 1829 raro

292 1844 735 1915 cogilassc,q..id
784 1845 947 1917 lapsis
999 1850 1390 1918 ρωηίιοιιιίυυε
1436 1843 1703 1921 agendum
1734 1862 1899 1921 esset,
1934 1845 1982 1906 Β
2012 1841 2508 1910 interpretationem
2562 1850 2663 1905 sibi
2704 1854 3066 1921 pra>dilcctam
3122 1860 3601 1931 interpretationi,

296 1954 419 1995 cum
439 1939 551 2009 jam
598 1938 721 1994 inde
747 1939 849 1995 sub
891 1940 1052 1997 Decio
1101 1942 1154 1997 in
1184 1941 1598 2014 Carthagincnsi
1650 1959 1802 2014 teque
1838 1959 1901 2001 ac

292 2031 540 2087 Romano
592 2033 822 2089 concilio
870 2032 1145 2090 decretum
1201 2034 1408 2102 fuisset,
1459 2037 1644 2106 lapsos
1687 2036 1750 2090 ad
1784 2051 1899 2107 pte-

294 2122 575 2179 nitentiam
607 2124 840 2195 plenam,
864 2135 920 2181 et
947 2126 1047 2183 hac
1061 2127 1272 2197 expleta
1296 2127 1362 2183 ad
1394 2143 1579 2199 pacem
1606 2129 1898 2186 admitten-

293 2214 394 2271 dos
420 2230 572 2283 esse;
596 2231 662 2271 ac
686 2215 883 2274 deinde
920 2227 1182 2288 praeterea
1209 2220 1260 2274 in
1290 2219 1457 2275 altera
1486 2220 1898 2292 Carthaginensi

293 2309 521 2381 synodo,
553 2310 878 2381 imperatore
925 2310 1100 2375 Gallo.
1152 2323 1431 2383 statutmn,
1479 2322 1537 2370 ut
1568 2324 1785 2386 propter
1814 2316 1899 2371 in-

296 2409 528 2458 stantem
552 2404 983 2473 persecutionem
1022 2405 1154 2476 lapsi
1199 2420 1408 2473 onmes,
1437 2406 1525 2477 qui
1554 2422 1585 2461 a
1609 2408 1784 2478 primo
1809 2408 1898 2465 die

293 2493 474 2565 lapsus
501 2497 580 2549 sui
612 2497 977 2567 paenitentiam
1001 2513 1161 2570 agerc
1209 2508 1507 2570 ctepcrant,
1554 2515 1655 2557 nec
1696 2502 1763 2557 ab
1789 2502 1897 2558 Ec-

292 2586 456 2642 clesia
500 2600 860 2657 recesserant,
892 2590 1082 2646 eadem
1133 2606 1265 2660 pace
1294 2607 1416 2646 mox
1465 2592 1893 2663 impertirentur.

292 2677 655 2746 Quamobrem
702 2682 747 2737 si
791 2684 1075 2753 episcopus
1101 2683 1193 2738 ille
1222 2682 1349 2739 Afer
1375 2694 1484 2739 tum
1534 2688 1694 2740 etiam
1719 2688 1897 2757 reipsa

291 2773 608 2844 cogitaverit
657 2776 784 2847 quid
810 2776 878 2832 de
926 2777 1095 2849 lapsis
1146 2777 1324 2835 facere
1350 2779 1597 2847 deberet,
1637 2780 1896 2839 dicendus

290 2875 377 2922 est
408 2866 476 2923 de
507 2868 571 2922 iis
596 2868 763 2940 loqui,
786 2871 876 2941 qui
910 2872 1199 2941 posteriori
1243 2871 1463 2929 decreto
1516 2888 1621 2928 non
1649 2889 1897 2945 compre-

292 2955 701 3015 henderentur:
736 2970 791 3017 et
823 2961 925 3017 hac
952 2962 1159 3019 ratione
1204 2974 1311 3019 tota
1364 2963 1654 3021 difficultas
1691 2980 1895 3023 evane-

288 3048 413 3115 scit,
437 3065 558 3105 eum
588 3051 896 3122 hujusmodi
937 3055 1258 3111 deliberatio
1287 3072 1438 3127 anque
1481 3057 1535 3111 in
1574 3056 1634 3113 S.
1665 3056 1895 3130 Cypria-

290 3152 445 3207 num,
499 3157 659 3213 quam
716 3144 880 3199 alium
950 3162 1349 3219 quemcumque
1385 3147 1584 3205 cadere
1634 3150 1889 3220 potuerit.

2003 1949 2106 2005 qua
2134 1951 2262 1992 usus
2282 1937 2458 1995 fuerat
2482 1951 2669 1997 auctor
2691 1943 2777 1998 ille
2800 1961 2955 2014 quem
2986 1952 3386 2007 exscribebant.

2073 2030 2316 2086 Alterum
2347 2042 2449 2101 est,
2495 2035 2637 2105 quod
2667 2046 2908 2093 veterum
2960 2056 3120 2098 nemo
3169 2043 3313 2100 hunc
3363 2047 3605 2105 libellum

2001 2121 2216 2191 alleget,
2258 2132 2350 2180 ant
2374 2125 2645 2197 Cypriano
2676 2131 2934 2188 attribuat
2964 2152 2978 2189 :
3008 2136 3097 2190 cui
3138 2136 3191 2192 id
3218 2142 3603 2210 opponendum

2003 2225 2151 2284 putat
2176 2217 2560 2287 Trombellius,
2593 2238 2693 2279 nec
2730 2223 2802 2280 ita
2832 2235 3036 2283 temere.
3063 2229 3468 2300 affirmandum,
3510 2252 3604 2294 ve-

2001 2315 2142 2363 teres
2172 2308 2306 2365 alios
2337 2310 2481 2368 hunc
2507 2313 2749 2371 libellum
2779 2333 2887 2374 non
2910 2320 3194 2392 allegasse,
3218 2339 3339 2380 cum
3368 2336 3445 2382 tot
3464 2328 3600 2385 doe-

2000 2407 2179 2456 torum
2210 2418 2373 2473 opera
2406 2405 2584 2463 adhuc
2605 2407 3000 2480 desideremus,
3028 2428 3127 2470 nec
3148 2418 3374 2473 multum
3402 2435 3602 2476 curan-

1997 2494 2125 2552 dum
2153 2512 2275 2553 esse
2305 2500 2613 2571 negativum
2638 2515 3039 2577 argumentum,
3072 2524 3138 2565 ex
3167 2520 3411 2568 veterum
3435 2515 3602 2572 silen-

1997 2587 2074 2642 tio
2096 2588 2470 2662 desumptum:
2496 2592 2611 2649 dari
2636 2604 2815 2653 autem
2839 2614 3000 2668 posse
3024 2601 3290 2660 rationem
3319 2608 3450 2662 satis
3475 2623 3603 2678 pro-

1997 2679 2266 2748 babilem,
2313 2698 2412 2738 cur
2440 2700 2508 2740 ex
2541 2688 2838 2757 veteribus,
2879 2705 3017 2761 quos
3046 2694 3267 2764 quidem
3311 2696 3595 2767 habemus,

1997 2771 2442 2829 nemorlibellum
2495 2774 2637 2833 hunc
2679 2778 2918 2851 alleget,
2975 2774 3119 2855 quod
3183 2786 3409 2845 desierit
3455 2790 3601 2849 haud

1996 2865 2169 2921 multo
2198 2874 2323 2941 post
2358 2868 2614 2941 Cypriani
2644 2882 2887 2943 tempora
2914 2891 3070 2933 error
3098 2879 3165 2943 is,
3189 2896 3350 2949 quem
3379 2884 3598 2940 libellus

1994 2957 2098 3013 iste
2124 2957 2382 3025 confutata,
2406 2961 2634 3033 ideoque
2654 2964 2876 3021 desierit
2900 2970 3062 3023 etiam
3090 2973 3327 3036 occasio,
3344 2975 3414 3029 ub
3433 2992 3597 3045 quam

1995 3050 2342 3122 allegaretnr.
2374 3054 2558 3127 Jungit
2593 3058 2754 3112 etiam
2787 3058 2926 3115 hanc
2954 3061 3023 3117 de
3050 3062 3218 3118 libelli
3247 3054 3467 3122 auctore
3495 3067 3595 3124 du-

1996 3141 2199 3198 bitandi
2232 3146 2529 3211 rationem,
2562 3148 2704 3217 quod
2730 3151 3041 3207 exstiterint
3074 3152 3184 3222 jam
3216 3156 3424 3224 pridem
3456 3174 3595 3214 non-

287 3229 493 3290 Maraui
525 3234 686 3308 igitur
702 3238 1008 3296 observatio
1039 3241 1211 3313 magis
1233 3240 1449 3312 quidem
1481 3241 1704 3298 dubium
1737 3242 1882 3310 facit,
1912 3238 1957 3302 C
1990 3236 2121 3291 nulli
2153 3237 2314 3292 etiam
2343 3238 2484 3294 inter
2512 3237 2753 3306 Latinos,
2782 3242 2874 3312 qui
2904 3241 3228 3314 Cyprianum
3256 3246 3359 3302 hoc
3380 3248 3436 3303 in
3462 3250 3599 3305 seri-

286 3343 356 3385 an
407 3331 655 3390 laudatus
704 3333 841 3390 liber
881 3350 987 3392 non
1045 3337 1223 3407 potius
1277 3338 1454 3405 alteri,
1487 3353 1646 3407 quam
1695 3339 1753 3394 S.
1784 3338 1890 3411 Cy-

287 3423 474 3492 priane
500 3424 888 3483 adscribendus
913 3427 1002 3494 sit,
1028 3428 1122 3485 sed
1148 3428 1273 3484 huic
1293 3439 1442 3485 certo
1468 3429 1886 3501 abjudieandum

287 3530 427 3585 esse,
454 3533 561 3574 non
591 3520 812 3577 evincit.

356 3609 425 3666 V.
456 3610 760 3666 Exhortatio
787 3611 856 3667 ad
878 3611 1237 3668 Paenitentiam
1265 3612 1380 3669 Divi
1424 3613 1677 3687 Cypriani
1709 3620 1887 3677 medio

285 3701 389 3761 hoc
413 3705 614 3760 saeculo
636 3705 689 3760 in
721 3706 893 3762 lucem
912 3717 1180 3777 protracta
1206 3718 1310 3775 est,
1342 3709 1677 3782 primamque
1706 3702 1884 3772 lucem

283 3797 419 3853 vidit
439 3798 696 3856 Bononia:
726 3815 868 3856 anno
891 3801 1050 3865 1751,
1084 3817 1151 3858 ex
1206 3803 1554 3879 typographia
1661 3807 1885 3867 Thomas

283 3891 585 3964 Aquinatis,
616 3895 757 3968 apud
813 3896 1197 3970 Hieronymum
1243 3898 1584 3969 Corciolani,
1631 3902 1885 3975 vulgante

286 3997 403 4040 eam
454 4000 521 4042 ex
570 4001 673 4043 ms.
726 3986 913 4045 codice
967 3988 1319 4046 Bibliotheca:
1358 3990 1758 4050 Canonicorum
1786 3995 1885 4053 Re-

283 4078 546 4148 gularium
571 4081 1004 4152 congregationis
1032 4082 1091 4138 S.
1122 4082 1440 4153 Salvatoris,
1477 4102 1597 4158 quae
1626 4087 1884 4145 Bononiae

284 4184 387 4242 est,
420 4176 537 4230 viro
556 4176 921 4233 eruditissimo
934 4187 989 4234 et
1013 4179 1465 4237 reverendissimo
1492 4181 1731 4249 domino,
1783 4182 1884 4239 hu-

279 4265 366 4338 jus
392 4268 559 4338 ipsius
612 4273 1043 4342 congregationis
1078 4273 1348 4345 quondam
1388 4274 1582 4331 abbate
1614 4275 1878 4348 generali,

281 4359 486 4415 Joanne
524 4358 909 4433 Chrysostomo
954 4364 1305 4423 Trombellio.
1339 4365 1596 4423 Ediderat
1614 4366 1725 4439 jam
1767 4368 1876 4435 ille,

280 4452 728 4524 adstipulantibus
772 4455 893 4511 aliis
917 4471 1029 4514 suae
1077 4460 1511 4532 congregationis
1535 4503 1551 4529 ,
1592 4477 1713 4532 qua:
1756 4477 1880 4518 eru-

280 4544 559 4602 ditissimis
583 4546 713 4603 viris
746 4547 1299 4617 abundatcanonicis,
1354 4552 1607 4609 similium
1653 4554 1879 4610 anecdo-

1991 3328 2151 3384 bendi
2180 3343 2380 3399 genere
2408 3329 2776 3398 imitabantur,
2817 3332 2870 3387 in
2901 3350 3131 3403 quorum
3179 3352 3407 3394 numero
3433 3340 3594 3396 Pela-

1987 3420 2108 3491 gius
2133 3422 2440 3478 emiuuerit.
2465 3421 2599 3478 Cum
2630 3416 2884 3493 expensis
2906 3424 3056 3483 hisce
3084 3429 3334 3485 omnibus
3357 3434 3594 3491 maxime

1990 3521 2167 3569 tamen
2194 3529 2324 3569 vero
2348 3512 2525 3569 simile
2555 3514 2627 3568 sit
2665 3514 2733 3570 ad
2771 3514 3101 3587 Cyprianum
3129 3522 3408 3591 pertinere
3448 3523 3594 3582 hunc

1988 3608 2253 3676 libellum,
2281 3610 2366 3665 vel
2397 3608 2588 3664 saltem
2616 3608 2684 3664 ad
2709 3604 3011 3678 vetustnm‘,
3043 3614 3201 3670 valde
3230 3618 3588 3687 probabilem,

1988 3698 2044 3756 et
2070 3715 2311 3757 coaevum
2341 3701 2610 3771 Cypriane
2640 3701 2983 3771 scriptorem,
3006 3715 3063 3760 et
3087 3706 3238 3761 libris
3255 3707 3596 3766 Testimonio-

1986 3810 2102 3847 rum
2130 3793 2268 3848 adeo
2297 3793 2583 3863 aequalem,
2614 3801 2673 3847 ut
2697 3796 2850 3862 quasi
2879 3811 3044 3851 unum
3075 3813 3198 3852 cum
3233 3799 3340 3855 illis
3367 3817 3590 3872 corpus,

1986 3887 2032 3942 si
2067 3886 2446 3955 conjungatur,
2471 3884 2642 3940 videri
2673 3884 2902 3953 debeat;
2935 3903 3035 3945 nec
3061 3890 3292 3961 modica,
3320 3904 3377 3948 ut
3398 3893 3592 3950 Trom-

1987 3977 2178 4034 bellius
2197 3976 2423 4047 judicat,
2452 3977 2571 4048 ejus
2600 3977 2671 4033 sit
2698 3976 2920 4044 utilitas,
2951 3998 2972 4032 α
3002 3998 3125 4037 eum
3159 3998 3282 4055 ego,
3308 3986 3476 4058 inquit
3501 3988 3585 4044 Cl.

1985 4069 2260 4127 Oberthur
2287 4068 2366 4141 (l)
2390 4070 2575 4124 censui
2599 4084 2699 4125 nec
2725 4070 2990 4140 praeteriri
3018 4086 3181 4143 posse
3200 4116 3215 4142 ,
3248 4092 3349 4133 nec
3377 4094 3409 4133 a
3437 4079 3591 4137 libris

1986 4163 2445 4220 Testimoniorum
2476 4165 2718 4233 separari
2744 4163 2951 4220 deberi.
2997 4184 3017 4218 ι

2059 4256 2135 4311 De
2159 4256 2272 4326 ipsa
2303 4264 2484 4311 autem
2508 4255 2675 4311 libelli
2703 4254 2861 4327 hujus
2885 4258 3118 4315 utilitate
3144 4262 3215 4317 ita
3240 4263 3590 4324 doctissimus

1984 4346 2172 4403 Editor
2201 4346 2418 4402 disserit
2450 4363 2465 4402 :
2504 4366 2522 4399 ι
2552 4348 2638 4402 An
2664 4362 2775 4402 non
2808 4347 2964 4405 valde
2990 4350 3138 4406 utilis
3167 4363 3250 4408 est
3270 4354 3506 4424 libellus,
3532 4358 3586 4414 in

1981 4454 2090 4512 quo
2119 4439 2500 4496 usitatissimus
2529 4439 2792 4495 Ecclesia:
2818 4455 2935 4495 mos
2977 4442 3200 4507 eminet,
3234 4463 3252 4496 ι
3289 4453 3347 4499 ut
3377 4448 3587 4505 scilicet

1985 4541 2206 4588 exortus
2243 4548 2397 4588 error
2434 4531 2683 4588 adductis
2710 4531 2954 4601 pluribus
2986 4533 3382 4605 Scripturarum
3430 4527 3583 4598 testi-
3658 4552 3661 4555 λ

280 4646 446 4694 torum
463 4637 681 4694 Patrum
700 4638 998 4696 Latinorum
1019 4645 1380 4713 Opust-uterum
1409 4645 1663 4703 volumen
1688 4662 1872 4703 unum.

1994 4625 2178 4681 moniis
2206 4625 2386 4681 statim
2414 4624 2762 4694 reprimatur;
2792 4634 2847 4680 et
2874 4626 2926 4680 in
2958 4641 3067 4696 quo
3098 4634 3243 4683 tanta
3276 4635 3581 4691 vetustissi-

278 4730 346 4787 Et
381 4732 434 4787 in
469 4732 758 4789 voluminis
799 4750 864 4801 tt,
927 4735 1097 4804 prima
1136 4746 1288 4807 parte
1324 4737 1397 4792 ita
1428 4736 1683 4809 inscripta
1718 4756 1730 4792 :
1770 4738 1875 4812 Cy-

278 4826 467 4901 priani,
496 4826 689 4882 Hilarii
710 4829 1026 4899 aliorumque
1070 4840 1289 4886 ueterum
1324 4830 1542 4886 Patrum
1573 4832 1875 4888 Latinorum

278 4920 525 4991 apuscula
552 4937 586 4986 α
627 4920 900 4977 Canonicis
942 4922 1284 4995 Regularibus
1322 4925 1386 4981 S.
1425 4925 1711 4982 Saluatoris
1738 4944 1874 4983 nunc

278 5013 496 5084 primum
510 5014 667 5084 edita,
681 5016 1179 5072 communicatcum
1200 5017 1424 5072 eruditis
1450 5018 1591 5075 hunc
1617 5019 1871 5091 Cypriani

277 5102 536 5160 libellum.
578 5105 967 5178 Sagacissimus
1011 5107 1204 5175 editor,
1251 5109 1375 5164 licet
1421 5124 1526 5165 non
1575 5111 1722 5166 omni
1752 5127 1872 5168 cer-

276 5193 501 5252 titudine
551 5206 798 5266 asserat,
845 5201 1123 5271 proprium
1168 5214 1291 5257 esse
1345 5200 1487 5257 hunc
1530 5201 1773 5260 libellum
1803 5204 1866 5259 D.

273 5287 521 5360 Cypriani
569 5287 725 5362 opus,
774 5307 976 5363 prunus
1025 5303 1202 5350 tamen
1249 5295 1470 5351 omnino
1509 5304 1594 5352 est
1644 5296 1769 5352 huic
1811 5296 1870 5353 S.

276 5382 489 5440 Doctori
515 5401 637 5442 eum
668 5397 725 5443 ut
752 5388 1018 5455 vindicet;
1048 5390 1263 5460 primo,
1312 5392 1454 5463 quod
1483 5389 1738 5464 Cypriani
1767 5404 1869 5448 no-

274 5492 396 5533 men
434 5480 507 5535 illi
553 5483 901 5551 praepositum
944 5478 1113 5540 codex
1146 5484 1375 5549 referat;
1424 5484 1687 5552 secundo,
1721 5484 1866 5558 quod

273 5570 482 5635 eadem,
507 5588 609 5643 qua
642 5574 693 5629 in
724 5576 874 5632 libris
898 5576 1323 5633 Testimoniorum
1351 5578 1655 5651 Cyprianus
1675 5579 1863 5647 utitur,

234 5701 239 5707 ι
271 5673 325 5719 et
341 5663 427 5721 hic
445 5665 764 5723 adhibeatur
783 5670 1117 5741 diSputandi,
1142 5671 1539 5745 Scripturazqne
1562 5674 1866 5730 testimonia

270 5756 535 5830 allegandi
583 5762 758 5829 ratio;
792 5764 972 5830 tertio,
1004 5763 1149 5835 quod
1191 5764 1474 5837 disciplina
1505 5766 1592 5823 hic
1631 5766 1872 5822 stabilia-

270 5859 355 5915 tur
391 5870 531 5926 quas,
560 5854 813 5928 Cypriani
847 5866 1089 5927 tempore
1138 5858 1466 5929 impugnata,
1524 5860 1613 5915 tali
1660 5858 1872 5916 vindice

791 5949 1068 6013 Pauor.
1118 5948 1225 6014 IV.
1272 5951 1334 6015 S.
1381 5951 1686 6018 Caesus.

1979 4734 2082 4774 mae
2132 4718 2400 4774 versionis
2452 4718 2630 4788 portio
2680 4716 2858 4772 inest?
2886 4717 3091 4786 Quodsi
3131 4734 3200 4777 eo
3231 4723 3441 4794 ordine,
3475 4745 3582 4800 quo

1977 4812 2194 4867 codices
2238 4825 2427 4867 eorum
2476 4818 2781 4879 temporum
2827 4809 3123 4882 conscripti
3169 4823 3345 4883 erant,
3397 4834 3584 4878 sacros

1976 4902 2169 4961 Libros
2194 4903 2282 4958 hic
2307 4902 2529 4974 allegari
2559 4915 2771 4969 censes,
2790 4902 3215 4962 emolumentum
3247 4909 3389 4966 aliud
3407 4915 3582 4970 conti-

1978 4978 2106 5054 nuo.
2125 4999 2179 5053 in
2206 5010 2274 5053 eo
2301 4994 2491 5063 habes,
2522 4992 2666 5066 quod
2693 4993 2917 5065 quidem
2952 4995 3042 5053 hic
3082 4999 3267 5057 multis
3295 5017 3578 5064 commen-

1976 5091 2108 5147 dare
2134 5088 2360 5146 minime
2403 5096 2487 5144 est
2526 5098 2698 5158 opus,
2739 5086 2833 5144 sed
2882 5089 3125 5160 profecto
3154 5107 3260 5149 non
3306 5095 3425 5152 leve
3468 5110 3572 5156 est.

1978 5184 2153 5241 Habet
2176 5181 2340 5239 etiam
2367 5178 2474 5235 hoc
2498 5178 2790 5247 commodi,
2821 5189 2880 5236 ut
2904 5195 3088 5240 sacras
3113 5183 3419 5256 Scripturas
3440 5190 3576 5248 alle-

1976 5290 2131 5348 gans,
2165 5272 2517 5328 Ecclesiastici
2558 5271 2756 5328 librum
2798 5272 3050 5342 adducat,
3083 5279 3334 5350 exemplo
3362 5298 3462 5338 suo
3487 5299 3579 5343 os-

1974 5370 2225 5435 tendens,
2269 5377 2473 5438 quanto
2516 5368 2569 5421 in
2608 5367 2784 5437 pretio
2831 5367 3101 5438 prioribus
3150 5370 3283 5442 ipsis
3312 5373 3573 5435 Ecclesiae

1974 5462 2189 5520 saeculis
2209 5460 2428 5517 habitus
2449 5459 2521 5515 sit
2547 5459 2684 5516 liber
2710 5459 2821 5526 ille,
2843 5475 3002 5533 quem
3036 5477 3178 5519 nunc
3201 5464 3575 5528 Protestantes

1971 5555 2180 5613 minimi
2211 5553 2432 5609 faciunt.

2047 5709 2125 5839 (ἑ)
2149 5708 2449 5765 Oberthurr
2473 5706 2643 5777 Opera
2668 5708 2840 5790 outnia
2869 5706 2977 5791 εξ.
3005 5706 3259 5778 PP.,vo|.
3289 5728 3366 5771 tn.
3403 5717 3576 5790 opera

2112 5780 2340 5839 unriani.
2381 5789 2513 5837 tom.
2538 5795 2577 5839 ι.
2605 5777 2940 5839 Wtrceburttt
2966 5780 3122 5837 I782.
3153 5782 3212 5839 ln
3237 5785 3474 5839 Epistula
3502 5792 3569 5839 ad

1977 5777 2340 5859 §.'qy_priani,
2381 5789 2513 5859 tom.
2538 5795 2577 5859 ξ,
2605 5777 2957 5859 erceburgi
2966 5777 3212 5840 1782.71n
3237 5777 3475 5859 Ερίειοιὲι
3502 5792 3570 5850 ad

1973 5854 2059 5916 Cl.
2087 5850 2244 5911 Mich.
2271 5854 2437 5928 lgnat.
2470 5850 2714 5909 Schmidt
2744 5866 2863 5923 pag.
2890 5850 2982 5906 20.

2976 5942 3054 6008 26
