4214 6266
611 350 712 412 8H

1168 454 1559 520 ARTICULUS
1583 456 1649 517 Il.

955 602 1086 658 Divo
1113 599 1372 675 Cypriano
1397 605 1667 677 supposita
1691 620 1869 676 opera.

686 739 727 794 l.
757 736 913 793 Varia
949 736 1168 808 insuper
1195 736 1336 808 apud
1366 736 1647 794 Baluzium
1677 737 1946 794 habentur
1967 752 2203 809 opuscu-

613 832 685 899 la,
714 831 771 887 S.
823 830 1094 901 Cypriano
1135 829 1266 885 olim
1312 830 1516 901 pariter
1544 829 1834 901 adscripta,
1879 846 2001 901 qua:
2037 829 2207 900 ipsius

621 939 728 979 non
756 937 897 986 esse,
929 921 1125 978 eruditi
1169 923 1339 979 eritici
1372 927 1502 979 satis
1528 923 1891 979 consentiunt.
1925 921 2003 978 Ex
2027 920 2113 978 bis
2145 922 2213 977 li-

612 1016 714 1073 ber
743 1016 807 1069 de
837 1013 1177 1081 Aleatoribus,
1215 1014 1493 1086 cujusdam
1523 1014 1755 1070 Romani
1789 1013 2080 1077 Pontiﬁcis,
2129 1013 2215 1084 ju-

592 1110 733 1166 -dice
762 1108 1112 1179 Bellarmino,
1141 1111 1320 1180 potius
1343 1126 1461 1165 esse
1487 1111 1719 1175 videtur,
1746 1125 1866 1164 cum
1894 1118 2084 1164 auctor
2115 1108 2215 1162 ini-

611 1202 690 1257 tio
706 1200 905 1256 scribat
932 1217 945 1251 ε
985 1218 1004 1251 ‹
1036 1201 1300 1269 Quoniam
1329 1202 1483 1258 nobis
1505 1203 1683 1257 divina
1712 1211 1766 1257 et
1797 1212 2017 1271 paterna
2043 1201 2213 1271 pietas

614 1295 967 1366 Apostolatus
997 1292 1248 1350 ducatum
1281 1295 1542 1362 contulit,
1594 1303 1648 1351 et
1682 1293 1950 1350 Vicariam
2003 1293 2215 1348 Domini

615 1389 800 1447 sedem
827 1389 1034 1446 ccelesti
1062 1390 1368 1461 dignatione
1397 1391 1685 1458 ordinavit,
1727 1401 1781 1446 et
1805 1393 2065 1465 originem
2111 1388 2218 1445 Au-

614 1480 838 1539 thentici
882 1481 1249 1553 Apostolatus,
1286 1496 1452 1550 super
1495 1498 1654 1554 quem
1697 1480 1945 1538 Christus
1977 1476 2218 1537 fundavit

614 1576 936 1643 Ecclesiam,
968 1578 1019 1633 in
1046 1579 1327 1648 superiore
1359 1585 1547 1633 nostro
1583 1588 1883 1648 portamus.
1910 1588 2129 1648 accepta
2153 1576 2219 1632 si-

612 1675 722 1729 mul
746 1680 1009 1743 potestate
1035 1671 1276 1728 solvendi
1310 1679 1363 1727 et
1389 1670 1611 1742 ligandi,
1641 1681 1696 1727 et
1716 1671 1995 1728 curatione
2028 1686 2218 1742 pecea-

615 1768 667 1821 ta
696 1764 1025 1822 dimittendi.
1064 1783 1084 1818 ›
1122 1764 1311 1821 Judice
1352 1765 1580 1833 Dupinio
1608 1761 1690 1838 (1)
1720 1764 1950 1833 scriptus
2000 1762 2217 1833 quidem

1524 342 1615 405 DE
1652 338 1959 407 SCRIPTIS
1997 345 2136 405 DlVl
2172 334 2499 402 CYPRIANI
2551 343 2898 407 OPERlBUS
2937 340 3162 406 DUBilS

3818 340 3948 406 819.

2238 456 2292 519 A
2319 459 2587 530 prianum,
2617 460 2797 533 judice
2822 462 3064 534 Marauo,
3095 462 3255 520 habet
3283 474 3593 533 auctorem;
3628 482 3753 522 nam
3787 483 3941 538 pra:-

2320 559 2585 622 terquam,
2616 553 2788 625 inquit
2814 555 3098 627 Dupiuius,
3142 557 3283 628 quod
3317 558 3521 631 stylus,
3554 575 3617 615 ac
3647 559 3939 617 scribendi

2318 645 2510 702 modus
2541 646 2696 717 plane
2723 659 2807 704 est
2831 647 3099 716 diversus,
3130 652 3407 721 Scriptura
3436 669 3587 710 sacra
3618 670 3846 725 semper
3876 656 3937 710 in

2318 755 2384 796 eo
2406 740 2604 795 eitatur
2626 739 2775 811 juxta
2806 740 3119 816 llieronymi
3147 746 3475 802 versiOnem.
3503 747 3778 803 Pamelius
3799 764 3941 803 eum

2319 832 2560 887 attribuit
2587 842 2735 888 certo
2762 833 2972 889 cuidam
2999 836 3225 905 Errado,
3257 837 3412 908 cujus
3439 854 3636 893 nomen
3684 839 3751 893 ad
3784 856 3941 895 mar-

2318 926 2496 997 ginem
2526 924 2685 995 hujus
2707 924 2828 981 libri
2872 926 3201 996 adscriptum
3241 931 3292 984 in
3322 933 3686 1001 nfanuscripto
3714 922 3940 1003 Angus-

2321 1019 2417 1075 tini
2450 1018 2684 1087 reperit;
2711 1018 2799 1072 alii
2833 1019 3071 1075 tribuunt
3099 1019 3354 1090 Patricio,
3391 1019 3680 1095 Hybernim
3708 1024 3938 1095 episco-

2320 1129 2409 1184 po,
2466 1112 2643 1168 caeteri
2693 1111 2970 1185 Clymaco.
3025 1112 3122 1169 Hic
3165 1120 3426 1170 tractatus
3481 1116 3621 1171 inter
3647 1132 3819 1187 opera
3865 1110 3933 1172 D.

2320 1205 2601 1275 Augustini
2631 1205 2809 1260 editus
2837 1214 2953 1272 est;
2992 1212 3220 1261 testatur
3243 1206 3462 1277 inSuper
3494 1205 3675 1262 Fellus
3704 1207 3843 1263 olim
3877 1209 3934 1263 in

2321 1297 2556 1368 linguam
2590 1283 3231 1367 Anglorumtranslatum
3262 1296 3449 1363 fuisse,
3478 1310 3531 1352 et
3559 1300 3613 1353 in
3647 1298 3934 1355 volumine

2322 1391 2689 1462 manuscripto
2733 1389 3091 1447 Homiliarum
3137 1391 3523 1447 Saxonicarum
3553 1392 3783 1462 reperiri
3831 1392 3934 1449 sub

2323 1481 2424 1539 hoc
2454 1485 2606 1538 titulo
2645 1501 2658 1537 :
2691 1480 2771 1538 De
2798 1482 3063 1549 duodecim
3104 1482 3334 1539 Abusivis
3365 1466 3643 1539 secundum
3688 1485 3931 1557 disputa-

2323 1578 2507 1633 lionem
2538 1578 2600 1635 S.
2634 1578 2900 1651 Cypriani,
2929 1566 3155 1649 episcopi
3182 1589 3228 1634 et
3259 1580 3517 1651 martyris.

2395 1672 2484 1727 IV.
2523 1670 2616 1727 llis
2651 1672 2991 1727 Tractatibus
3030 1670 3331 1743 adjicienda
3381 1681 3466 1727 est
3513 1670 3694 1726 Oratio
3726 1673 3776 1726 in
3809 1673 3932 1728 luu-

2327 1767 2439 1822 dem
2472 1765 2729 1838 Martyrii,
2759 1776 2813 1821 et
2832 1765 2999 1821 altera
3023 1765 3084 1820 de
3108 1762 3315 1830 Duplici
3340 1758 3613 1837 Marlyrio,
3632 1766 3702 1819 ad
3729 1756 3932 1820 Fortu-

615 1870 698 1916 est
722 1860 791 1915 ab
822 1858 1090 1930 Episcopo
1119 1876 1133 1913 :
1162 1859 1245 1912 at'
1269 1873 1374 1912 non
1419 1855 1853 1912 concludendum
1883 1864 1967 1911 est
1999 1872 2065 1912 ex
2094 1854 2213 1909 lau-
2244 1858 2293 1923 B
2323 1868 2518 1923 nalttttl,
2544 1873 2664 1929 quae
2689 1859 2756 1912 ab
2777 1845 3285 1928 aliquo‘rccentiore
3319 1868 3541 1912 auctore
3569 1858 3731 1912 animi
3753 1859 3933 1927 gratia

614 1954 758 2011 alatis
787 1952 970 2008 verbis
996 1967 1116 2007 esse
1144 1950 1344 2022 Papam
1370 1949 1693 2011 Romanum,
1724 1967 1789 2005 eo
1806 1949 1946 2021 quod
1970 1965 2029 2005 se
2055 1948 2216 2005 Chri-

520 2092 527 2095 ν
615 2045 684 2102 sti
715 2043 991 2101 Vicarium
1021 2043 1272 2115 appellet,
1302 2042 1407 2099 hoc
1437 2046 1579 2098 enim
1610 2050 1806 2097 nomen
1838 2040 1977 2112 apud
2006 2051 2219 2097 veteres

619 2137 875 2195 omnibus
902 2138 1172 2209 epiSCOpls
1197 2136 1373 2192 datur.
1433 2135 1603 2207 Hujus
1636 2140 1894 2190 tractatus
1919 2134 2090 2207 stylus
2116 2135 2216 2189 nti-

616 2246 721 2288 nus
750 2230 926 2288 adhuc
955 2231 1149 2286 similis
1178 2238 1262 2285 est
1290 2229 1429 2303 stylo
1449 2228 1724 2302 Cypriani,
1756 2244 1877 2285 cum
1909 2228 1977 2283 sit
2007 2226 2218 2283 involu-

616 2332 726 2391 tus,
769 2324 1053 2387 obscurus,
1099 2323 1398 2395 plenusque
1437 2320 1615 2377 verbis
1646 2322 1869 2377 minime
1905 2320 2130 2376 Latinis.
2164 2319 2219 2375 ln

616 2431 684 2474 eo
711 2416 988 2487 Scriptura
1036 2432 1187 2472 saera
1217 2417 1375 2472 aliter
1400 2416 1671 2488 reperitur
1696 2414 1858 2470 citata
1880 2457 1895 2481 ,
1925 2430 1988 2469 ac
2030 2414 2082 2468 in
2111 2412 2219 2486 Cy-

620 2510 799 2583 priani
842 2509 1020 2578 libris,
1064 2510 1323 2582 illiusque
1364 2520 1552 2565 auctur
1580 2511 1911 2565 mentionem
1941 2507 2071 2564 facit
2100 2507 2221 2564 libri

616 2604 860 2675 inscripti
887 2604 1173 2672 Doctrina,
1208 2606 1321 2660 sive
1347 2602 1610 2659 Doctrina:
1640 2601 2028 2675 Apostolorum,
2059 2617 2222 2673 quem

617 2706 741 2768 post
768 2697 825 2752 S.
860 2697 1189 2769 Cyprianum
1220 2698 1577 2770 compositum
1615 2712 1739 2753 esse
1778 2679 2223 2753 omnino-verisi-

618 2796 751 2853 mile
776 2805 881 2852 est.

690 2889 752 2945 ll.
787 2888 952 2946 Liber
980 2889 1044 2945 de
1091 2888 1468 2961 Singularitate
1506 2874 1818 2945 Clericorum
1848 2900 1984 2957 opus
2013 2894 2097 2941 est
2123 2884 2225 2945 uti-

622 2979 909 3046 lissimum,
935 2981 987 3036 iu
1015 2996 1122 3053 quo
1150 2979 1409 3051 probatur
1435 2977 1689 3045 Clericos
1730 2993 1852 3033 cum
1899 2975 2219 3032 mulieribus

623 3089 730 3130 non
760 3072 958 3131 debere
980 3072 1245 3130 habitare.
1276 3072 1528 3128 Nonnulli
1556 3071 1796 3142 Origeni,
1817 3069 1906 3124 alii
1930 3068 1986 3126 S.
2019 3071 2227 3140 Augus-

623 3167 736 3222 tino
777 3167 910 3221 falso
936 3166 1351 3236 adjudicarunt;
1383 3165 1645 3219 Batonius
1674 3161 1754 3235 (2)
1786 3156 1988 3219 nemini
2014 3162 2222 3233 atquius

2324 1949 2637 2019 compositae
2665 1958 2809 2004 sunt.
2850 1948 3003 2005 Prior
3041 1949 3180 2022 stylo
3209 1959 3399 2004 ornato
3427 1958 3481 2003 et
3508 1947 3624 2018 plus
3657 1966 3810 2020 inquo
3838 1950 3933 2004 af-

2321 2042 2520 2099 fectato
2548 2044 2745 2114 scripta
2774 2052 2857 2099 est
2888 2063 2901 2099 :
2932 2052 2987 2100 et
3016 2051 3163 2115 patet
3198 2042 3315 2114 ejus
3354 2052 3629 2099 auctorem
3659 2043 3707 2099 id
3737 2044 3930 2100 inten-

2323 2135 2474 2203 dere,
2510 2146 2565 2192 ut
2600 2139 2901 2194 orationem
2937 2153 3001 2194 ex
3043 2138 3271 2193 formula
3317 2138 3647 2193 conscribat.
3681 2136 3929 2195 Exordio

2324 2231 2511 2301 incipit
2540 2232 2760 2300 perinde
2781 2247 2843 2287 ac
2873 2232 2916 2286 si
2950 2232 3014 2287 ad
3045 2234 3295 2303 populum
3336 2232 3780 2300 condonaretur;
3807 2233 3929 2305 ejus

2324 2321 2533 2392 periodi
2564 2330 2688 2376 sunt
2713 2322 3033 2389 elaborata),
3076 2323 3430 2392 cogitationes
3461 2324 3623 2378 nimia
3666 2324 3929 2396 religione

2325 2422 2638 2482 attenuatae,
2676 2430 2738 2470 ac
2779 2415 2913 2471 ordo
2942 2416 3096 2471 valde
3137 2424 3377 2471 coactus.
3410 2416 3595 2472 Oratio
3622 2418 3686 2472 de
3712 2410 3925 2490 Duplici

2325 2508 2579 2583 Martyrio
2622 2511 2799 2565 minus
2824 2521 3073 2567 accurate
3112 2512 3313 2582 scripta
3361 2520 3445 2566 est
3484 2511 3552 2567 ab
3585 2513 3767 2584 aliquo
3799 2530 3927 2569 auc-

2328 2612 2441 2659 tore
2486 2605 2810 2672 recentiore,
2838 2605 2929 2675 qui
2950 2602 3207 2677 Cypriani
3239 2606 3437 2677 stylum
3468 2603 3683 2661 volebat
3706 2607 3929 2665 imitari.

2325 2690 2409 2753 Ab
2433 2691 2666 2754 Henrico
2689 2697 2888 2755 Gravia
2916 2710 2971 2754 et
3017 2698 3259 2754 Pamelio
3289 2699 3530 2756 creditus
3560 2709 3639 2756 est
3667 2692 3929 2758 Erasmus

2327 2788 2490 2864 hujus
2534 2792 2736 2848 fraudis
2765 2801 2984 2859 auctor;
3022 2791 3117 2848 sed
3147 2790 3349 2864 absque
3380 2793 3554 2849 solido
3575 2793 3931 2850 fundamento

2327 2880 2538 2941 Erasmi
2570 2885 2771 2941 nomini
2796 2900 2902 2940 non
2933 2885 3052 2941 leve
3088 2881 3191 2939 hoc
3229 2878 3468 2942 dedecus
3498 2887 3834 2952 inusserunt;
3868 2895 3933 2942 et

2324 2988 2474 3034 certe
2494 2979 2577 3034 vir
2605 2975 2694 3031 ille
2720 2976 2911 3031 doctus
2934 2992 3053 3031 eam
3078 2974 3274 3031 melius
3298 2974 3619 3032 occultasset
3649 2972 3931 3044 fraudem;

2330 3072 2590 3143 quamvis
2621 3071 2764 3126 enim
2805 3079 2991 3125 auctor
3038 3068 3205 3140 fingat
3245 3086 3305 3125 se
3347 3070 3585 3126 scribere
3605 3065 3711 3126 9.10
3748 3069 3933 3141 annis,

2331 3176 2424 3223 aut
2446 3167 2660 3223 circiter
2690 3176 2809 3236 post
2839 3163 3136 3229 Christum,
3167 3164 3240 3218 ait
3268 3174 3443 3221 tamen
3487 3160 3825 3237 Religionem
3856 3163 3938 3219 la-

622 3275 781 3329 quam
811 3259 869 3314 S.
910 3257 1180 3329 Cypriano
1223 3266 1408 3311 nostro
1442 3255 1657 3311 attribui
1691 3271 1850 3325 posse
1881 3254 2099 3321 statuit,
2132 3252 2228 3310 sed
2254 3257 2299 3323 C
2332 3260 2459 3325 tius,
2508 3274 2667 3328 quam
2702 3257 2983 3327 imperium
3012 3254 3260 3311 diffundi.
3299 3252 3534 3311 Meminit
3579 3256 3926 3325 persecutio-

624 3351 693 3404 ab
724 3354 824 3405 hac
862 3350 1118 3418 Opinione
1145 3348 1475 3404 dissentiunt
1513 3344 1894 3415 Bellarminus,
1930 3346 2226 3416 Pamelius,

626 3444 920 3515 czeterique
962 3442 1242 3509 neoterici,
1290 3441 1380 3512 qui
1405 3441 1507 3496 etsi
1541 3436 1740 3495 librum
1780 3441 1932 3495 illum
1962 3441 2229 3511 insignem

626 3552 689 3593 ac
714 3538 919 3604 utilem,
938 3544 1099 3606 atque
1124 3533 1330 3604 antiqui
1353 3534 1637 3605 scriptoris
1668 3547 1789 3587 esse
1818 3534 2017 3603 passim
2036 3547 2232 3602 agnos-

628 3638 773 3698 cant,
797 3629 993 3702 stylum
1020 3636 1198 3697 tamen
1240 3625 1508 3697 ejusdem,
1552 3632 1607 3680 et
1638 3618 1897 3678 barbaras
1929 3636 2088 3677 voces
2120 3620 2230 3692 (3),

629 3738 748 3795 quae
779 3719 907 3778 hinc
953 3720 1077 3776 inde
1115 3721 1169 3775 in
1213 3734 1279 3775 eo
1319 3725 1634 3780 occurrunt,
1683 3714 1740 3770 S.
1789 3710 2058 3787 Cypriano
2090 3712 2232 3768 indi-

584 3870 590 3874 _
630 3828 795 3888 gnum
839 3829 960 3870 esse
988 3813 1182 3868 merito
1212 3810 1587 3882 pronunciant.
1622 3807 1776 3863 liuitc
1813 3812 2099 3863 tractatum
2144 3802 2234 3859 alii

634 3910 797 3963 etiam
847 3906 1200 3977 Hieronymo,
1244 3902 1462 3975 quidam
1506 3898 1810 3957 Gaudentio
1852 3896 2115 3953 Brixiensi
2149 3895 2236 3951 tri-

633 3999 887 4054 buerunt.
920 3996 1024 4052 Sed
1054 4012 1229 4067 neque
1260 3994 1596 4067 Hieronymi,
1623 4008 1797 4064 neque
1823 3992 2072 4063 Origeuis
2097 3989 2240 4063 stylo

634 4091 870 4160 scriptus
904 4098 987 4144 est
1013 4088 1114 4161 (4),
1148 4088 1425 4156 magisque
1461 4086 1745 4142 accederet
1767 4086 1832 4140 ad
1864 4087 2061 4156 stylum
2091 4084 2237 4140 Gau-

638 4183 851 4251 dentii,
904 4182 1141 4253 episcopi
1192 4174 1522 4247 Brixiensis,
1576 4179 1678 4233 nisi
1727 4177 2006 4233 obstarent
2052 4193 2239 4232 mauu-

644 4276 863 4345 sCripta,
897 4273 1034 4330 etea
1062 4288 1182 4344 qua:
1210 4268 1350 4345 typis
1374 4279 1501 4325 sunt
1534 4284 1754 4335 excusa,
1781 4286 2008 4339 quorum
2036 4270 2240 4326 nullum

641 4382 763 4424 eum
807 4365 881 4421 illi
931 4365 1136 4421 tribuit.
1161 4363 1429 4420 Editionis
1461 4362 1699 4433 Anglicae
1736 4372 1923 4417 auctor
1965 4360 2244 4417 contendit

641 4458 788 4515 hunc
828 4468 1110 4515 tractatum
1164 4455 1332 4512 fuisse
1371 4455 1731 4525 compositum
1777 4453 2117 4525 temporibus
2140 4455 2244 4511 Ve-

646 4552 902 4609 nerabilis
938 4551 1115 4616 Bedae,
1144 4567 1267 4608 cum
1290 4550 1521 4622 quiestio
1568 4545 1636 4603 de
1686 4546 1943 4604 caelibatu
1993 4549 2045 4603 in
2087 4546 2243 4604 Occi-

2337 3358 2466 3407 n'nm
2510 3350 2849 3417 Diocletiani,
2894 3356 2950 3405 et
2995 3346 3227 3417 Maximi,
3268 3351 3378 3404 sive
3418 3348 3741 3415 Maximiani,
3798 3348 3941 3405 belli

2332 3444 2592 3500 adversus
2634 3440 2871 3511 Turcas;
2905 3440 3133 3513 facitque
3178 3442 3498 3498 mentionem
3537 3422 3945 3504 monachorum

2334 3550 2636 3606 eorumque
2660 3538 2876 3593 artium.

2410 3620 2474 3684 Υ.
2522 3629 2807 3687 Tractatus
2829 3632 2891 3688 de
2909 3622 3162 3706 Operibus
3192 3620 3382 3689 Christi
3408 3624 3793 3695 Cardiualibus,
3824 3627 3944 3685 sive

2336 3721 2741 3792 principalibus,
2774 3724 3043 3797 Cypriano
3063 3724 3311 3794 tributus,
3341 3725 3465 3780 licet
3492 3722 3663 3795 Stylus
3685 3722 3755 3778 sit
3778 3723 3939 3794 plane

2338 3815 2494 3882 alius,
2550 3813 2653 3872 [ide
2688 3818 2979 3874 multorum
3011 3835 3141 3875 mss.
3189 3822 3471 3875 restitutus
3517 3824 3600 3872 est
3643 3815 3941 3870 Arnaldoa

2340 3904 2699 3976 Bonnevallo,
2744 3910 2795 3964 in
2823 3911 3038 3968 dioecesi
3069 3911 3394 3967 Carnuteusi
3425 3906 3638 3973 Abbati,
3679 3906 3944 3964 Bernardi

2339 4001 2536 4069 amico,
2576 4004 2666 4074 qui
2706 4005 2849 4060 circa
2884 4004 3119 4061 medium
3166 4002 3350 4059 saeculi
3403 4019 3477 4059 xu
3527 4001 3736 4069 floruit,
3789 4016 3947 4057 eum-

2343 4106 2448 4163 que
2494 4110 2645 4167 papae
2698 4095 2937 4153 Adriano
3005 4092 3071 4154 IV
3130 4098 3509 4167 inscripserat,
3564 4084 3764 4167 quique
3804 4090 3947 4149 alios

2345 4193 2602 4243 tractatus
2640 4186 2969 4247 Bibliotheca:
3023 4192 3128 4247 SS.
3199 4191 3415 4245 Patrum
3461 4191 3697 4246 insertos
3750 4187 3945 4244 eodem

2346 4278 2487 4352 stylo
2518 4284 2841 4355 conscripsit
2863 4286 2924 4340 de
2968 4284 3143 4342 Verbis
3171 4284 3380 4352 Christi,
3414 4278 3478 4339 de
3502 4281 3687 4349 Cruce,
3717 4297 3809 4337 sea:
3835 4279 3948 4334 dies

2345 4388 2457 4427 rum
2491 4375 2760 4446 Operibus,
2790 4388 2842 4433 ct
2872 4379 3052 4434 Mariw
3067 4374 3288 4452 Virginis
3312 4377 3575 4433 Laudibus
3593 4393 3613 4443 ;
3636 4392 3697 4432 ac
3714 4373 3949 4445 denique

2346 4466 2539 4523 librum
2588 4468 3002 4537 Meditationum,
3037 4473 3151 4544 qui,
3183 4472 3419 4527 nondum
3460 4469 3655 4533 editus,
3687 4464 3951 4537 operibus

2348 4560 2619 4632 Cypriani,
2645 4564 2698 4617 in
2718 4564 2926 4635 Anglia,
2950 4566 3089 4638 typis
3106 4564 3502 4621 Oxonicnsibus
3525 4561 3807 4618 novissime
3824 4557 3952 4614 edi-

646 4646 810 4703 deute
835 4645 1031 4718 agitata
1068 4653 1152 4700 est
1185 4664 1198 4701 :
1232 4653 1287 4699 at
1316 4640 1430 4700 haec
1453 4641 1760 4713 conjectura
1790 4640 1937 4697 nulla
1963 4640 2134 4697 solida
2164 4642 2244 4697 ni~
2269 4648 2322 4715 ι)
2350 4657 2417 4713 [is
2444 4658 2684 4729 adjecms
2713 4670 2796 4716 es,
2826 4660 2927 4734 (ι),

648 4741 776 4797 titur
804 4737 1139 4813 ratione(5).

717 4828 808 4888 lll.
839 4832 1003 4888 Liber
1029 4832 1091 4886 de
1106 4822 1373 4886 duodecim
1388 4824 1731 4884 Abusionibus
1751 4824 1948 4895 swculi,
1970 4828 2060 4899 qui
2082 4828 2247 4885 etiam

652 4927 950 5001 Augustino
971 4923 1314 4993 adscribitur,
1335 4937 1509 4995 neque
1527 4921 1669 4978 hunc
1693 4930 1922 4994 patrem,
1946 4938 2126 5000 neque~
2146 4920 2250 4995 Cy-

727 5174 808 5249 (l)
836 5171 1045 5249 ani'n,
1074 5158 1375 5249 Bibliotliee.
1404 5165 1612 5249 Auctor.
1638 5203 1652 5230 ,
1681 5170 1816 5249 tripl.
1861 5176 1899 5229 ι,
1957 5170 2079 5232 pag.
2121 5159 2248 5227 878,

656 5252 710 5307 in
734 5234 854 5305 ὶιὸι.
883 5234 939 5311 0;
964 5245 1093 5300 edit.
1126 5242 1218 5295 lat.
1240 5239 1665 5311 Colon.,4etpag.
1693 5234 1822 5311 26?.

728 5304 806 5395 (72)
823 5304 1096 5395 igaronius
1110 5313 1185 5395 _ad
1215 5326 1413 5395 illlll‘llm
1440 5307 1565 5373 255,
1582 5304 1753 5395 illi");
1766 5304 1858 5395 474'.

729 5374 809 5463 ig)
840 5374 987 5445 Talia
1015 5385 1173 5463 verb?
1221 5382 1445 5463 b:_‘rb¥'r3
1474 5386 1609 5463 Em”,
1633 5395 1645 5431 ³
1686 5374 2048 5463 Περαίωνίῖίω
2068 5391 2251 5463 “an-

656 5448 1041 5521 stitntionarios.
1075 5456 1432 5527 vulgaritan‘s,
1464 5451 1788 5521 fiumirorum
1808 5493 1821 5515 ,
1859 5448 2249 5527 probrositatls,

659 5536 951 5609 participia,
979 5522 1222 5591 adunari,
1246 5525 1507 5606 vaniﬁcat,
1558 5530 1868 5594 egestosam,
1900 5522 2246 5591 procurati“,

659 5606 954 5662 abscntarii.
985 5612 1079 5656 etc.
1094 5643 1107 5662 ,
1137 5597 1493 5662 coniugaltter.

656 5615 954 5668 abscntaru,
985 5615 1079 5656 etc.
1094 5643 1107 5664 ,
1137 5615 1493 5668 coniugamer.

689 5749 695 5750 ί
728 5680 806 5750 (4)
841 5675 959 5731 Vid.
994 5668 1413 5750 His}.]'heolog.
1442 5663 1641 5734 Critic.,
1664 5673 1792 5721 tom.
1823 5679 1898 5729 ix,
1939 5662 2004 5719 de
2032 5662 2254 5735 Scriptis

658 5742 1430 5820 ονίυὲηέξρθεβθθδηξιο
1509 5808 1544 5820 ι.
1654 5808 1663 5817 .
1743 5807 1755 5819 .

732 5763 1178 5867 ψυηῳρθιζξυυ
1204 5763 1322 5824 sqq.
1401 5810 1410 5819 ι
1654 5808 1663 5817 ⁸
1743 5807 1755 5819 ν
1874 5798 1903 5822 ἡ

732 5820 813 5887 (ς.)
840 5817 994 5887 Vni;
1030 5814 1238 5887 lat-au.1
1245 5824 1322 5887 λῃ
1350 5808 1471 5863 Vua
1505 5808 1778 5879 Cypriani,
1816 5805 1845 5876 §
1874 5804 1964 5873 οδ,
1997 5820 2116 5877 pag.
2153 5806 2257 5866 1‘20

658 5878 764 5959 εει.)
787 5878 919 5942 edit.
950 5883 1143 5940 Venet.
1174 5878 1335 5937 1728.

2428 4751 2510 4806 VI.
2538 4751 2681 4807 Nihil
2708 4753 2882 4809 dicam
2907 4753 2976 4810 de
3014 4752 3351 4826 Expositione
3391 4753 3442 4807 in
3472 4746 3777 4825 Symbolum
3806 4743 3953 4821 Apo-

2351 4844 2620 4912 stolorum,
2670 4846 2809 4917 quod
2842 4838 3095 4902 eximium
3127 4862 3263 4918 opus
3292 4838 3622 4917 Hieronymo
3658 4840 3818 4900 etiam
3850 4836 3954 4897 ad-

2354 4942 2635 5010 scriptum,
2687 4957 2829 4996 nunc
2857 4941 3097 4996 omnium
3144 4936 3349 5012 judicio
3378 4939 3677 4995 restituitur
3716 4935 3958 5008 legitimo

2358 5038 2563 5107 parenti
2594 5032 2809 5090 Ruflino
2839 5030 3079 5101 Torauo,
3123 5033 3485 5105 Aquileiensis
3525 5026 3773 5086 ecclesiae
3805 5042 3959 5099 pres-

2359 5130 2582 5202 bytcro;
2611 5131 2679 5186 de
2725 5130 2824 5185 hac
2852 5127 3207 5200 Εηιοδίιξοιιθ
3251 5120 3562 5185 Gennadius
3602 5122 3654 5180 iu
3699 5121 3958 5194 Catalogo

2364 5218 2602 5279 Virorum
2630 5224 2904 5279 illustrium
2934 5221 3199 5288 meminit,
3235 5221 3364 5276 dum
3393 5218 3468 5275 ait
3497 5238 3510 5274 :
3551 5238 3569 5271 ι
3598 5216 3831 5288 Propria
3861 5232 3963 5271 au-

2359 5323 2463 5370 tem
2515 5315 2717 5381 labore,
2751 5315 2915 5369 immo
2951 5313 3141 5385 gratia:
3190 5311 3286 5368 Dei
3318 5311 3482 5377 dono,
3515 5308 3765 5381 exposuit
3814 5307 3961 5363 idem

2357 5407 2603 5465 Ruft‘mus
2634 5409 2973 5481 Symbolum,
3002 5418 3060 5464 ut
3087 5409 3141 5464 in
3165 5406 3280 5478 ejus
3301 5406 3707 5477 comparatione
3735 5400 3827 5457 alii
3851 5417 3963 5458 non

2431 5662 2509 5734 (l)
2545 5660 2691 5727 Haec,
2717 5667 2777 5715 ut
2803 5674 2931 5734 sane
2959 5659 3203 5723 decebat,
3244 5656 3313 5713 ad
3340 5652 3683 5734 suammedii
3702 5652 3807 5734 aevi
3834 5659 3971 5734 ωιρδ

2360 5723 2508 5797 tem;
2555 5723 2876 5788 remittenda
2929 5743 3089 5803 atque
3136 5746 3239 5803 suo
3306 5729 3521 5803 auctori
3570 5725 3811 5803 legitimo
3863 5723 3971 5777 ad-

2362 5804 2648 5874 scribenda
2678 5805 2933 5874 opuscula
2966 5797 3016 5858 in
3059 5801 3280 5871 hujusce
3311 5797 3659 5857 Bibliotheca:
3691 5797 3923 5853 decursu
3946 5834 3968 5873 ,

2366 5876 2477 5935 Deo
2502 5873 2736 5945 favente,
2764 5875 3090 5933 curabimus.
3120 5875 3256 5932 Eoo.
