4230 6282
283 196 403 305 sit:

1690 232 2054 305 PROLEGOM
2063 242 2194 303 ENA
2205 287 2218 302 .

3492 261 3599 324 8M

295 365 610 435 exposuisse
636 363 942 420 credantur.
983 379 1002 416 ι
1033 362 1179 420 Inter
1213 362 1526 436 Hieronymi
1551 379 1715 436 opera
1761 378 1891 435 sup—
1917 365 1967 425 A
1997 363 2135 420 bene
2163 364 2347 435 longa,
2372 363 2566 436 Vigilio
2588 365 2841 437 episcopo
2868 367 2944 440 (l)
2972 379 3275 443 nuncupata
3304 376 3471 443 anxit,
3493 396 3603 438 non

297 460 533 531 pusititia
563 460 726 514 etiam
758 473 900 515 nunc
925 458 1222 530 exstatu).

371 554 482 609 Vll.
514 553 797 609 Tractatus
825 553 888 607 de
921 552 1291 613 Hrereticorum
1321 551 1604 623 Baptismo,
1639 552 1899 608 adversus

298 645 350 703 S.
387 646 637 718 Cypriani
669 647 988 701 sententiam
1016 662 1045 700 a
1071 646 1387 701 doctissimo
1407 645 1638 716 Rigaltio
1668 647 1900 716 primum

303 740 354 794 in
387 741 559 796 lucem
602 738 799 805 editus,
835 738 1035 794 veteris
1076 748 1160 794 est
1202 739 1458 803 auctoris,
1495 738 1585 809 qui
1621 747 1748 792 ante
1793 738 1901 790 Ana

302 837 500 909 gustini
532 846 798 906 tempora,
823 843 877 890 et
904 833 1155 907 Cypriani
1189 831 1366 888 forsan
1398 841 1555 887 aetate
1577 832 1729 886 vixit.
1749 830 1903 885 iluue

302 934 540 988 libellum
570 933 633 986 de
669 930 1054 1001 Rebaptismnte
1082 928 1359 993 Balnziue,
1392 937 1643 981 monente
1670 926 1901 997 primum

304 1024 552 1097 Philippo
582 1024 823 1090 Labbeo,
869 1016 1135 1092 scriptum
1180 1020 1345 1075 fuisse
1373 1027 1560 1073 censet
1588 1017 1670 1089 (Ξ)
1703 1017 1770 1072 ab
1796 1015 1901 1072 Ur-

300 1122 442 1190 sino,
476 1120 744 1178 monacho
799 1116 949 1179 Afro,
995 1131 1153 1185 quem
1204 1111 1516 1170 Gennadius
1560 1115 1612 1166 ιιι
1647 1112 1784 1166 libro
1839 1109 1904 1164 de

304 1212 658 1284 Scriptoribus
688 1210 1059 1265 Ecclesiasticis
1082 1210 1219 1263 inter
1242 1207 1546 1277 Scriptores
1583 1206 1681 1260 xcvi
1731 1204 1906 1275 quarti

298 1306 410 1378 jam
441 1304 736 1361 desinentis
759 1304 1021 1364 nominat,
1044 1311 1098 1357 et
1137 1301 1421 1377 scripsisse
1454 1299 1612 1354 tradit
1644 1297 1907 1353 adversus

306 1414 405 1455 eos
454 1398 542 1469 qni
595 1394 1009 1465 rebaptizandos
1057 1393 1341 1449 luereticos
1396 1392 1712 1457 decernunt,
1746 1399 1908 1461 atque

305 1492 557 1550 docuisse
602 1489 1012 1561 rebaptizandos
1039 1504 1145 1544 non
1175 1504 1297 1545 esse
1335 1502 1449 1555 eos,
1481 1487 1570 1557 qui
1602 1488 1656 1542 in
1691 1486 1909 1542 nomine

316 1587 402 1642 vel
445 1585 762 1656 simpliciter
786 1583 1009 1648 Christi,
1038 1583 1120 1638 vel
1153 1580 1202 1636 in
1236 1583 1453 1637 nomine
1480 1581 1676 1644 Patris,
1708 1588 1758 1636 et
1784 1579 1907 1636 Filii

317 1690 375 1737 et
417 1679 645 1751 Spiritus
671 1677 863 1737 sancti,
898 1675 1140 1748 quamvis
1171 1690 1338 1745 pravo
1365 1689 1524 1730 sensu
1553 1672 1909 1744 baptizantnr,

2001 467 2245 524 constat;
2278 458 2330 513 id
2366 458 2541 514 solum
2583 459 2750 531 liquet
2788 477 2856 517 ex
2888 462 3132 533 plurimis
3163 467 3496 536 praelittionis
3524 473 3606 528 lo-

2002 555 2102 620 cis,
2142 569 2265 609 eum
2295 554 2601 625 vigentibus
2636 554 2811 610 adhuc
2859 561 3296 625 persecutionum
3347 567 3606 636 tempori—-

2004 649 2126 711 bus.
2158 658 2213 704 et
2240 659 2366 702 ante
2391 658 2695 720 susceptam
2725 649 2793 706 ab
2820 649 3234 721 imperatoribus
3266 656 3427 714 ﬁdem
3447 658 3606 715 Chri-

2005 742 2232 797 stianam
2264 741 2565 811 scripsisse.

2080 833 2169 888 IX.
2202 834 2440 889 Tertium
2472 833 2704 905 denique
2751 835 2994 892 adversm
3036 838 3252 897 Iudaeos
3296 842 3605 901 Tractatum

2008 928 2078 983 ob
2126 928 2343 983 nimiatn
2375 927 2497 1000 styli
2541 926 2933 984 dissonantium
2978 929 3251 1003 Cypriane
3295 936 3456 993 tribui
3497 955 3608 995 non

2012 1034 2171 1089 posse
2216 1018 2402 1075 Critici
2448 1021 2654 1091 pariter
2684 1024 3060 1090 consentiunt;
3107 1027 3352 1083 observa!
3390 1030 3611 1102 insuper

2008 1110 2092 1167 Cl.
2123 1113 2385 1184 Dupinius
2408 1113 2619 1169 duobus
2649 1114 2732 1170 Itis
2778 1116 2831 1171 in
2863 1117 3138 1187 operibus,
3173 1120 3488 1187 pricl‘atione
3539 1125 3614 1179 ni-

2010 1205 2206 1260 mirum
2237 1205 2428 1276 Vigilio
2457 1208 2735 1280 inscripta,
2759 1218 2813 1264 et
2834 1209 3089 1267 Tractatu
3116 1213 3609 1290 adrersusludazos,

2015 1299 2150 1355 nihil
2176 1316 2480 1372 congruens
2508 1311 2565 1358 et
2592 1302 2824 1360 solidum
2852 1307 3078 1374 reperiri
3097 1306 3200 1381 (9).

2088 1392 2156 1449 X.
2188 1393 2438 1449 Carmina
2492 1395 2701 1451 Genesis
2746 1409 2795 1452 et
2840 1398 3069 1454 Sodoma
3102 1402 3358 1475 inscripta
3386 1406 3613 1479 Cypria-

2015 1500 2143 1540 num
2190 1494 2467 1542 auctorem
2517 1488 2719 1545 habere
2766 1490 3037 1547 Pamelius
3088 1493 3382 1553 arbitratus
3410 1508 3513 1567 est,
3545 1517 3614 1557 eo

2018 1577 2161 1647 quod
2201 1592 2232 1633 a
2276 1578 2509 1651 Georgio
2552 1580 2793 1637 Fabritio
2831 1594 2895 1639 ac
2941 1583 3185 1642 Morellio
3226 1598 3281 1643 ct
3328 1590 3380 1645 in
3421 1592 3609 1651 codice

2018 1686 2120 1725 nts.
2154 1670 2503 1728 Bibliotheca!
2542 1672 2832 1731 Victorius:
2876 1677 3016 1746 apud
3068 1678 3304 1737 Parisios
3356 1684 3456 1754 ipsi
3514 1686 3610 1742 tri-

313 1772 385 1827 iis
404 1778 581 1827 autent
613 1779 731 1841 post
759 1768 1057 1838 simplicem
1081 1766 1360 1823 Trinitatis
1388 1766 1780 1822 confessionem
1805 1763 1913 1821 suf-
1942 1765 1989 1827 B
2019 1763 2281 1833 buantur;
2315 1765 2565 1837 quodque
2597 1768 2803 1840 aliquot
2832 1769 3055 1840 phrases
3077 1772 3425 1845 Cyprianicas
3444 1778 3497 1834 in
3522 1780 3617 1836 iis-

317 1862 481 1921 ﬁcere
501 1862 566 1917 ad
595 1862 821 1917 salutem
855 1874 1108 1915 manuum
1134 1858 1533 1930 impositionem
1567 1857 1667 1931 (3).

274 1978 281 1981 μ
384 1956 778 2010 Persuascrunt
823 1952 1162 2024 potissimum
1217 1951 1457 2014 Balnzio,
1501 1961 1558 2005 ιιι
1585 1949 1907 2019 cpusculum

318 2046 417 2103 hoc
447 2045 649 2103 Ursino
694 2044 993 2109 tribueret,
1048 2045 1172 2100 licet
1223 2043 1526 2101 Guilelmus
1567 2043 1711 2099 Cave
1772 2042 1904 2098 illud

310 2138 453 2212 quod
500 2140 865 2195 invalescente
907 2139 1285 2210 persecutione
1333 2141 1593 2211 scriptum
1635 2140 1905 2209 videatur,

314 2216 430 2290 aevo
458 2233 709 2306 Cypriani
738 2243 967 2301 asserat,
1001 2233 1087 2288 illa
1127 2235 1287 2289 verba
1318 2251 1331 2287 :
1368 2252 1388 2286 ‹
1420 2244 1540 2304 post
1571 2242 1649 2289 tot
1678 2233 1910 2289 sarculo-

311 2344 431 2386 rutn
475 2338 676 2385 tantam
703 2330 898 2385 seriem
937 2348 955 2382 ι
990 2342 1109 2401 qum
1151 2331 1323 2401 ipsum
1371 2331 1511 2386 inter
1536 2340 1590 2387 et
1617 2328 1911 2399 Apostolus

314 2420 712 2488 intercesserit;
738 2420 1033 2492 elisamque
1050 2421 1370 2492 putatCavei
1389 2434 1674 2477 censuram
1712 2422 1907 2479 exinde

312 2512 480 2583 quod,
515 2520 572 2566 ut
600 2512 714 2583 ipse
743 2513 875 2567 alias
918 2512 986 2567 de
1029 2521 1272 2583 tempore
1321 2510 1537 2568 concilii
1585 2513 1907 2569 Eliberitani

319 2604 666 2671 ostendisset.
720 2606 922 2661 mentio
976 2606 1369 2676 persecutionis
1420 2605 1554 2660 facta
1617 2606 1912 2676 antiquitus

312 2698 473 2754 fuerit
500 2697 568 2753 ab
598 2698 665 2753 iis
690 2699 875 2762 etiam,
910 2697 1000 2769 qui
1031 2697 1123 2753 diu
1158 2707 1282 2768 post
1328 2698 1621 2752 extinctam
1656 2712 1911 2768 persecu-

312 2788 512 2847 tionem
540 2791 745 2847 vixere.
781 2786 1042 2861 Bigaltins
1093 2799 1337 2858 econtra,
1364 2790 1541 2846 editor
1566 2788 1907 2857 Ottoniensis,

311 2883 710 2951 Tillemontius,
756 2881 990 2947 Caveus,
1023 2882 1274 2938 Maranus
1321 2892 1376 2938 et
1420 2882 1736 2938 Gallantlius
1767 2883 1912 2938 arbi-

313 2985 523 3032 trantur
551 2990 686 3046 opus
714 2990 836 3032 esse
863 2973 1117 3031 Auctaris
1146 2974 1215 3031 ab
1256 2989 1371 3030 sevo
1416 2972 1671 3047 Cypriani
1722 2990 1909 3047 parum

309 3070 562 3125 distantis
591 3066 695 3141 (Δ).

2013 1855 2135 1911 dem
2161 1857 2589 1926 deprehendisse
2629 1860 2734 1915 sibi
2777 1860 3071 1919 videretur.
3103 1864 3306 1922 Verum
3339 1867 3421 1924 bas
3446 1872 3617 1926 ratio-

2013 1964 2112 2005 nes
2141 1951 2319 2023 exigui
2357 1953 2615 2035 momenti
2641 1963 2788 2021 sunt,
2833 1960 3008 2027 nerine
3035 1969 3327 2015 memorata
3353 1961 3606 2019 Carmina

2014 2052 2202 2097 sancto
2241 2042 2481 2116 Martyre
2509 2054 2593 2100 sat
2622 2045 2783 2118 digna
2813 2057 2962 2117 sunt,
3007 2059 3063 2105 et
3111 2051 3276 2122 ignoti
3330 2054 3615 2126 cujusdam

2010 2135 2247 2189 auctoris
2270 2150 2391 2191 esse
2431 2136 2636 2193 rectius
2664 2138 2979 2197 creduntur.
3012 2141 3152 2198 Nibil
3177 2147 3377 2214 pariter
3401 2148 3613 2217 suadet,

2013 2227 2241 2283 alterum
2271 2228 2397 2284 item
2424 2245 2642 2286 carmen
2674 2231 2743 2284 ad
2768 2232 3154 2290 Senatoremex
3180 2235 3485 2294 Christiana
3504 2239 3615 2295 Rev

2004 2318 2214 2392 ligione
2244 2321 2310 2377 ad
2334 2321 2484 2378 ldola
2514 2339 2857 2386 conversum.
2883 2326 3081 2384 Sancto
3100 2339 3284 2385 nostro
3314 2331 3612 2403 vindicare,

2014 2413 2089 2469 uti
2124 2429 2223 2470 nec
2251 2413 2514 2486 Hymnum
2540 2416 2604 2470 de
2633 2414 2796 2472 Crura
2822 2416 3028 2473 Domini
3052 2420 3135 2475 vel
3160 2419 3227 2476 dc
3270 2420 3478 2477 Pascha
3508 2423 3620 2479 Do-

2015 2505 2161 2571 mini,
2191 2506 2265 2560 uti
2297 2506 2587 2575 Pamelius,
2617 2510 2700 2563 vel
2730 2506 2957 2582 Lignum
2980 2513 3115 2577 vitae,
3146 2512 3220 2567 uti
3249 2513 3520 2570 Fabritius
3542 2516 3622 2572 le-

2012 2607 2231 2669 gerunt,
2263 2614 2444 2669 quem.
2469 2600 2659 2655 eodem
2699 2608 2837 2658 teste
2866 2602 3122 2670 Pamelio,
3153 2606 3323 2662 codex
3355 2607 3622 2665 Dunensis

2017 2690 2294 2746 Victorino
2328 2692 2585 2748 adscribit
2604 2734 2619 2757 ,
2649 2702 2704 2749 et
2747 2705 2865 2765 post
2894 2697 3046 2767 cujus
3076 2697 3237 2753 finem
3284 2701 3421 2755 alter
3449 2700 3623 2757 codex

2014 2782 2250 2863 Cornelii
2300 2782 2536 2838 Gnalteri
2571 2782 2732 2839 habet
2765 2802 2778 2841 :
2823 2785 2968 2841 Cwlii
2999 2788 3253 2859 Cypriani
3305 2792 3533 2861 episcopi
3573 2802 3621 2846 et

2014 2876 2256 2948 martyris
2282 2874 2523 2948 Hymnus
2547 2877 2610 2930 de
2633 2876 2843 2932 Pascha
2872 2878 3077 2933 Domini
3110 2880 3185 2937 N.
3210 2881 3265 2936 J.
3292 2881 3502 2949 Christi,
3532 2892 3623 2936 aut

2014 2969 2293 3023 secundum
2343 2970 2590 3041 quosdam
2645 2968 2893 3025 Victorini
2928 2970 3346 3029 Pictabronensis
3385 2974 3463 3046 (id
3508 2984 3615 3044 est,

2015 3058 2383 3117 Petaboueusis
2411 3061 2497 3116 vel
2526 3059 2950 3135 Petavionensis)
3001 3063 3280 3136 Episcopi,
3332 3065 3486 3136 cujus
3516 3082 3621 3123 no-

386 3161 523 3218 Vlll.
555 3162 671 3219 Non
700 3163 870 3233 magis
910 3162 968 3219 S.
1000 3162 1250 3235 Cypriani
1273 3161 1526 3233 operibus
1554 3162 1799 3233 genuinis
1825 3172 1912 3217 ac-
1938 3166 1983 3229 c
2019 3155 2163 3209 mine
2192 3155 2354 3210 etiam
2404 3155 2456 3210 in
2507 3154 2627 3210 aliis
2656 3170 2788 3210 mss.
2837 3156 3112 3214 codicibus
3152 3168 3364 3213 exstare
3402 3158 3619 3214 dicitur.

310 3255 521 3311 censeri
553 3263 775 3325 possunt
801 3254 1084 3310 Tractatus
1113 3255 1177 3309 de
1216 3253 1473 3309 Montibus
1506 3253 1637 3309 Sina
1663 3263 1710 3308 et
1742 3254 1872 3310 Sion
1893 3296 1908 3322 ,

308 3350 552 3402 adversus
601 3345 846 3414 Judieas;
897 3347 1035 3402 liber
1073 3347 1139 3402 ad
1213 3346 1460 3417 Vigilium
1494 3346 1815 3418 Episcopum
1851 3344 1915 3402 de

309 3439 536 3495 Judaica
576 3439 964 3505 Incredutitate,
1004 3450 1058 3496 et
1097 3440 1377 3495 Tractatus
1406 3440 1648 3495 adversus
1677 3441 1906 3508 Judwos,

312 3536 403 3604 qui
432 3535 656 3589 insecuti
679 3544 805 3589 sunt
832 3535 1111 3590 Dominum
1141 3544 1383 3591 nostrum
1405 3535 1586 3590 Jesum
1614 3533 1907 3589 Cltristum.

317 3627 452 3683 Nam
485 3627 713 3698 primum
747 3642 774 3680 a
807 3628 921 3681 viro
963 3627 1290 3699 cumpositns
1336 3636 1449 3693 est,
1502 3628 1591 3698 qui
1642 3626 1913 3682 Rabbino-

316 3732 457 3783 rum,
490 3728 545 3774 et
571 3719 984 3775 Caballistarum
1027 3718 1232 3776 deliriis
1267 3720 1426 3775 fidem
1472 3720 1781 3785 adhibebat,
1813 3732 1912 3775 utt-

318 3814 519 3881 gasque
543 3810 797 3882 Cypriani
828 3811 1046 3882 ingenio
1077 3826 1301 3882 prorsus
1330 3811 1574 3883 indignas
1600 3813 1923 3885 complecti"

316 3912 422 3956 tttr.
447 3902 691 3957 Alterum
719 3902 1035 3974 opusculum
1055 3903 1120 3958 do
1139 3902 1507 3959 Incredulitate
1528 3901 1772 3972 Iudaica,
1805 3918 1911 3960 non

312 3996 416 4050 nisi
449 3997 815 4065 pratiationetn
843 4011 964 4053 esse
992 3996 1270 4067 cujusdam
1302 3996 1591 4054 Christiani
1625 4001 1791 4065 senis,
1822 4000 1911 4070 qui

314 4103 436 4145 sesc
477 4090 694 4145 Celsum
723 4078 1073 4157 nominat/in
1102 4090 1317 4147 Iasonis
1343 4092 1636 4147 Christiani
1664 4133 1679 4159 ,
1730 4102 1785 4147 et
1814 4093 1914 4147 Pas

314 4181 451 4250 pisci
475 4180 644 4236 Judaei
666 4182 958 4254 dialogum,
989 4198 1021 4239 e
1046 4182 1236 4239 Graeco
1267 4183 1455 4239 Latine
1474 4199 1503 4240 a
1535 4199 1593 4241 se
1621 4184 1910 4251 redditum,

313 4274 515 4343 ivgenti
569 4274 910 4331 manifestum
963 4285 1065 4331 est.
1125 4275 1251 4332 limo
1302 4277 1551 4348 prtcfalio
1602 4278 1722 4333 ideo
1775 4279 1915 4334 inter

315 4381 481 4435 opera
515 4366 770 4437 Cypriani
816 4365 998 4424 forsan
1036 4367 1310 4439 adoptata,
1356 4372 1484 4427 licet
1530 4372 1788 4443 praecipiti
1833 4374 1905 4426 tti-

316 4460 483 4514 tnium
528 4459 755 4530 judicio,
788 4462 1076 4527 aliquando
1123 4462 1257 4530 fuit,
1300 4465 1442 4534 quod
1475 4464 1528 4518 in
1566 4466 1751 4520 codice
1789 4464 1914 4520 Col-

2015 3246 2073 3302 ln
2100 3246 2301 3302 Baluzii
2335 3246 2574 3302 editione
2603 3247 2802 3303 Veneta
2844 3245 3183 3304 Victorinum
3210 3248 3612 3308 Pictaviensem

2017 3339 2263 3410 pra-fert.

2094 3431 2185 3487 Xl.
2219 3431 2325 3487 Alii
2360 3431 2648 3490 Tractatus
2674 3431 2947 3506 Cypriane
2986 3432 3230 3503 inscripti
3278 3449 3385 3490 non
3415 3444 3623 3493 tantum

2019 3532 2147 3578 sunt
2176 3524 2504 3594 supposititii
2534 3524 2629 3580 sed
2656 3525 2817 3579 etiam
2848 3540 3018 3595 nugas
3051 3533 3105 3580 ct
3132 3527 3412 3582 mendacia
3443 3531 3622 3585 conti-

2023 3622 2173 3670 nent.
2208 3614 2297 3671 Sic
2327 3632 2464 3686 opus
2497 3615 2749 3688 deﬂana
2779 3615 3085 3684 ridiculum,
3114 3635 3177 3672 ac
3213 3619 3426 3688 ineptiis
3454 3623 3623 3677 refer-

2021 3718 2132 3764 tum
2184 3721 2289 3776 est,
2348 3725 2453 3764 non
2488 3709 2649 3765 modo
2695 3711 2874 3779 itaque
2912 3720 3101 3766 sancto
3130 3711 3367 3784 Martyre
3410 3722 3617 3782 nostro,

2017 3801 2112 3857 sed
2145 3818 2244 3856 nec
2270 3800 2584 3873 Christiano
2622 3800 2842 3857 homine
2886 3801 3108 3872 dignum
3141 3811 3252 3871 cst;
3282 3804 3446 3862 fastus
3472 3807 3620 3861 scili-
3664 3866 3669 3871 ,

2016 3902 2105 3950 cet
2130 3894 2411 3964 cujusdam
2439 3895 2736 3966 nugatoris,
2772 3909 2941 3951 sacra:
2964 3895 3256 3966 Scriptura:
3283 3898 3525 3954 historiis
3549 3899 3619 3955 ad

2016 3987 2229 4057 ineptas
2267 3987 2475 4042 fabulas
2519 4002 2645 4041 suas
2692 3986 2864 4053 abusi,
2909 3998 2966 4042 nt
3010 3990 3207 4044 mirum
3236 3989 3326 4058 sit,
3377 3990 3527 4045 illum
3558 3992 3615 4047 S.

2015 4079 2289 4151 Cypriano
2332 4088 2519 4134 nostro
2561 4094 2815 4150 umquam
2865 4079 3097 4134 adscribi
3140 4081 3402 4151 potuisse.
3449 4082 3620 4139 Tille-

2019 4172 2255 4226 montius
2285 4168 2389 4245 (5),
2433 4172 2504 4226 ob
2533 4171 2901 4241 ineptissitnos
2929 4187 3035 4226 non
3066 4187 3131 4227 ex
3163 4173 3327 4228 rebus
3356 4174 3615 4245 profanis,

2018 4263 2114 4319 sed
2153 4279 2219 4319 ex
2261 4261 2556 4333 Scripturis
2587 4264 2759 4318 sacris
2790 4263 2954 4318 etiam
2997 4278 3095 4334 per
3142 4264 3222 4319 fas
3249 4275 3302 4320 et
3333 4265 3484 4322 nefas
3521 4267 3619 4323 dc-

2016 4356 2207 4412 ductos
2231 4355 2385 4427 jocos
2432 4353 2563 4409 illud
2605 4354 2781 4410 Turca
2824 4354 3059 4425 dignius,
3108 4372 3269 4426 quam
3311 4356 3618 4415 Christiano

2012 4451 2133 4521 jure
2176 4451 2372 4504 merito
2407 4449 2705 4504 existimat.
2746 4449 2999 4504 Testatur
3038 4448 3333 4506 Salmasius
3372 4451 3426 4507 in
3466 4452 3620 4510 Notis

316 4551 530 4608 bertino
556 4552 698 4608 “55
725 4554 957 4624 signato,
1003 4554 1105 4611 hoc
1136 4557 1252 4623 ejus
1298 4556 1511 4611 initium
1558 4558 1627 4612 sit
1657 4575 1671 4610 :
1699 4557 1911 4629 Cypria—

2016 4543 2083 4597 ad
2116 4541 2356 4597 Flavium
2392 4542 2698 4612 Vopiscum,
2731 4557 2851 4613 pag.
2881 4544 3007 4606 596,
3039 4558 3099 4598 se
3129 4543 3390 4601 bcncticio
3417 4546 3619 4603 doctis-

330 4661 428 4699 uus
466 4643 654 4717 Vigilio
681 4647 832 4719 fratri
859 4647 1109 4702 salutem!
1160 4648 1327 4704 Porro
1388 4657 1630 4704 vetustus
1661 4651 1704 4704 is
1736 4648 1918 4704 Dialo-

330 4750 428 4805 gus
457 4734 678 4791 Graecus
707 4746 810 4803 est,
831 4753 953 4793 cum
984 4736 1244 4808 Origenes
1266 4738 1361 4794 lib.
1384 4750 1437 4794 tv
1490 4750 1678 4795 contra
1705 4738 1919 4795 Celsum

319 4824 562 4897 ejusdem
587 4829 892 4885 meminerit
920 4830 1021 4902 (5).
1045 4829 1176 4898 Quis
1196 4830 1472 4903 qualisque
1502 4831 1664 4887 fuerit
1691 4832 1785 4887 ille
1803 4829 1922 4886 Cel-

321 4934 435 4985 sus,
482 4921 571 4991 qui
598 4936 661 4976 ea
693 4921 744 4976 in
778 4921 1004 4978 latinum
1044 4938 1352 4979 sermonem
1387 4938 1569 4991 versa,
1605 4924 1922 4995 praefatione

395 5050 473 5133 (ζ)
506 5054 769 5133 Similiter
802 5057 942 5113 hunc
973 5058 1172 5115 librum
1215 5070 1338 5116 cum
1392 5060 1596 5116 Ruflini
1662 5062 1920 5132 operibus

319 5120 592 5181 dabimus.
624 5126 761 5183 Eon.

350 5267 360 5276 ,
392 5193 472 5267 l2}
505 5196 844 5277 Baluziittot.
879 5202 1018 5277 a.‘_in
1043 5205 1332 5277 _i_\nouytni
1384 5205 1578 5261 librum
1626 5205 1691 5260 de
1718 5202 1926 5275 Πειθαρ-

323 5272 547 5339 tismute,
569 5284 690 5338 pag.
722 5272 845 5339 755,
877 5273 1008 5329 edit.
1043 5272 1241 5332 Venet:
1261 5277 1423 5332 1748.

394 5337 476 5481 (5;
506 5337 643 5395 Vide
673 5352 802 5396 tom.
835 5337 1082 5414 prrcced.

394 5407 443 5481 (ί
506 5411 712 5466 Maran.
756 5414 810 5468 in
856 5415 965 5470 Vita
993 5418 1057 5473 S.

393 5407 472 5493 (ﬁ)
506 5411 815 5493 Mareotin
847 5407 965 5493 'vttg
993 5418 1080 5493 δεῇ
1109 5418 1394 5489 Cypriani,
1434 5420 1465 5493 ξ
1513 5420 1611 5493 δι’»,
1640 5412 1767 5491 pag;
1801 5420 1925 5474 in.

322 5479 569 5563 Calidori.
604 5483 1009 5563 Βιθιέριιιηδς.-
1045 5479 1282 5563 Ραιῖιὶιη,
1315 5479 1463 5563 tum."
1478 5508 1554 5562 Ill,
1589 5479 1924 5563 Ρέυῆεέοιηη

322 5554 651 5696 ἓξὲξέῗῗέιθι
698 5556 907 5613 Walcb.
960 5558 1161 5616 Hister.
1193 5554 1282 5616 der
1315 5554 1551 5630 Kanon,
1598 5575 1637 5619 t.
1685 5554 1925 5633 "[1383;

330 5640 340 5651 .
464 5640 472 5651 .
513 5647 522 5674 ,
587 5663 602 5681 ο
702 5644 711 5649 ι

330 5640 428 5678 υοδ
450 5640 602 5681 θεσιιι.
702 5644 711 5649 ’

656 5699 796 5776 liist.
827 5700 1093 5776 Theolog.
1117 5703 1320 5772 critic.,
1362 5715 1487 5762 tom.
1523 5722 1560 5776 ι,
1584 5707 1650 5765 de
1676 5667 1946 5764 Aristone

300 5762 549 5839 ,Pellico,
575 5773 731 5829 artic.
756 5788 816 5845 ιι,
840 5791 962 5846 pug.
993 5762 1125 5844 556,
1162 5775 1292 5834 592.

2025 4636 2144 4690 siuti
2168 4634 2540 4705 jurisconsulti
2573 4633 2748 4689 Jureti
2777 4634 3027 4690 habuisse
3052 4635 3193 4692 hunc
3214 4635 3483 4694 Libellum
3509 4657 3622 4696 ma-

2026 4728 2359 4797 nuscriptutn
2388 4726 2455 4780 ab
2493 4724 2717 4780 Azelino
2748 4727 3015 4781 monacho
3049 4727 3344 4786 Rbctncnsi
3375 4733 3621 4790 versibus

2025 4818 2294 4875 redditum
2327 4834 2448 4873 cum
2480 4816 2583 4872 hoc
2625 4816 2779 4872 titnio
2830 4835 2843 4871 :
2883 4818 3038 4874 Cwua
3058 4821 3277 4891 Aseliui,
3322 4824 3620 4882 Rhemensis

2100 4983 2367 5061 (’l)_liunc
2394 4980 2641 5061 Vigilium
2682 4982 2964 5061 Patnelins
2996 4985 3367 5061 Tridentiuutn
3414 4993 3625 5061 cpisco-

2028 5054 2349 5128 puin'fuisse
2377 5055 2532 5132 conjn
2556 5055 2628 5118 it;
2661 5054 2780 5132 sed,
2825 5057 2965 5126 quod
2995 5057 3188 5114 Celsus
3215 5060 3408 5132 Vigiiio
3436 5054 3533 5117 suo
3555 5063 3627 5119 de

2029 5127 2211 5184 futuro
2243 5127 2505 5202 martyrio
2543 5128 2867 5202 gratulatur,
2914 5142 3149 5198 eumque
3193 5127 3398 5187 ait'l)ei
3421 5135 3625 5202 judicio

2030 5211 2321 5271 tnurtyrem
2372 5198 2697 5252 destinatum
2752 5200 2953 5264 luisse,
3001 5216 3125 5254 cum
3179 5198 3626 5261 tnirahili'modo

2031 5274 2328 5343 Episcopus
2373 5272 2696 5323 constitutus
2725 5280 2804 5323 est
2832 5286 2844 5334 ;
2879 5271 2927 5346 id
2964 5271 3157 5341 Vigilio
3186 5272 3502 5331 Tl'llleilliilo
3534 5294 3629 5346 ap-

2035 5340 2131 5397 tzt'rt
2166 5358 2271 5395 non
2307 5351 2514 5410 potest;
2547 5356 2706 5409 quem
2739 5340 2935 5395 Saccnlo
2975 5356 3047 5408 tv,
3075 5352 3309 5402 exettnle
3336 5350 3385 5401 ιιι
3417 5340 3631 5403 suum-ta

2034 5413 2291 5487 Ecclesia:
2323 5426 2449 5487 pace
2477 5411 2743 5487 viventem
2787 5427 2944 5466 nemo
2996 5428 3093 5483 spe
3140 5425 3195 5471 et
3224 5422 3629 5487 exstpectatione

2032 5486 2320 5556 Martyrum
2337 5554 2343 5556 Α
2359 5482 2761 5556 dicerepotuit.

2006 5622 2048 5680 bl
2104 5553 2194 5680 (ﬁt);
2220 5554 2410 5680 lliupin.
2444 5553 2583 5612 Bibi.
2617 5554 2853 5622 Auctor.,
2889 5564 3017 5611 tum.
3072 5572 3111 5625 ι,
3166 5573 3290 5632 pag.
3327 5560 3458 5629 “269,
3497 5562 3630 5618 edit.

2056 5641 2128 5680 al.
2198 5643 2344 5680 υοιι.

2033 5631 2128 5685 lat.
2155 5630 2344 5682 Colon.

2106 5697 2551 5783 (S5)n'l‘i‘l‘lemont.,
2582 5695 2994 5768 Mémoir.,tom.
3027 5713 3102 5769 tv,
3132 5710 3256 5777 pag.
3288 5704 3382 5771 8i,
3413 5715 3516 5761 art.
3548 5707 3638 5783 (ὃὸ,

2038 5768 2143 5828 Scr
2165 5768 2231 5826 'S.
2263 5768 2505 5841 (ἐρρήθη.
