  <div class='ocr_page' id='page_1' title='image "/cluster/home/n/w/nwhite01/storage/ocr_20150623/4/hvd.32044048207708/414.png"; bbox 0 0 4230 6282; ppageno 0'>
   <div class='ocr_carea' id='block_1_1' title="bbox 335 294 442 354">
    <p class='ocr_par' dir='ltr' id='par_1_1' title="bbox 335 294 442 354">
     <span class='ocr_line' id='line_1_1' title="bbox 335 294 442 354; baseline -0.028 0"><span class='ocrx_word' id='word_1_1' title='bbox 335 294 442 354; x_wconf 72' lang='grc' dir='ltr'><strong>81σῖ</strong></span> 
     </span>
    </p>
   </div>
   <div class='ocr_carea' id='block_1_2' title="bbox 1721 273 2256 334">
    <p class='ocr_par' dir='ltr' id='par_1_2' title="bbox 1721 273 2256 334">
     <span class='ocr_line' id='line_1_2' title="bbox 1721 273 2256 334; baseline -0.009 0"><span class='ocrx_word' id='word_1_2' title='bbox 1721 273 2092 334; x_wconf 78' lang='lat' dir='ltr'><strong>PROLEGOM</strong></span> <span class='ocrx_word' id='word_1_3' title='bbox 2101 274 2231 332; x_wconf 82' lang='lat' dir='ltr'><strong>ENA</strong></span> <span class='ocrx_word' id='word_1_4' title='bbox 2244 313 2256 329; x_wconf 93' lang='lat'><strong>.</strong></span> 
     </span>
    </p>
   </div>
   <div class='ocr_carea' id='block_1_3' title="bbox 3538 269 3646 326">
    <p class='ocr_par' dir='ltr' id='par_1_3' title="bbox 3538 269 3646 326">
     <span class='ocr_line' id='line_1_3' title="bbox 3538 269 3646 326; baseline -0.019 0"><span class='ocrx_word' id='word_1_5' title='bbox 3538 269 3646 326; x_wconf 88' lang='lat' dir='ltr'><strong>8l8</strong></span> 
     </span>
    </p>
   </div>
   <div class='ocr_carea' id='block_1_4' title="bbox 330 383 3643 481">
    <p class='ocr_par' dir='ltr' id='par_1_4' title="bbox 330 383 3643 481">
     <span class='ocr_line' id='line_1_4' title="bbox 330 383 3643 481; baseline -0.009 -12"><span class='ocrx_word' id='word_1_6' title='bbox 330 409 862 481; x_wconf 89' lang='lat' dir='ltr'><strong>Pseudoepiscopum</strong></span> <span class='ocrx_word' id='word_1_7' title='bbox 929 404 1253 471; x_wconf 79' lang='lat' dir='ltr'><strong>Romanum,</strong></span> <span class='ocrx_word' id='word_1_8' title='bbox 1310 402 1386 458; x_wconf 81' lang='lat' dir='ltr'><strong>de‘</strong></span> <span class='ocrx_word' id='word_1_9' title='bbox 1427 416 1534 472; x_wconf 89' lang='lat' dir='ltr'><strong>quo</strong></span> <span class='ocrx_word' id='word_1_10' title='bbox 1607 397 1849 453; x_wconf 82' lang='lat' dir='ltr'><strong>sectione</strong></span> <span class='ocrx_word' id='word_1_11' title='bbox 1895 409 1931 449; x_wconf 95' lang='grc' dir='ltr'><strong>ιι</strong></span> <span class='ocrx_word' id='word_1_12' title='bbox 1958 390 2226 463; x_wconf 79' lang='lat' dir='ltr'><strong>Aquarta</strong></span> <span class='ocrx_word' id='word_1_13' title='bbox 2275 387 2578 459; x_wconf 79' lang='lat' dir='ltr'><strong>scimus(t)</strong></span> <span class='ocrx_word' id='word_1_14' title='bbox 2627 393 2833 460; x_wconf 79' lang='lat' dir='ltr'><strong>septem</strong></span> <span class='ocrx_word' id='word_1_15' title='bbox 2890 400 3195 457; x_wconf 84' lang='lat' dir='ltr'><strong>superesse,</strong></span> <span class='ocrx_word' id='word_1_16' title='bbox 3229 383 3464 455; x_wconf 82' lang='lat' dir='ltr'><strong>reliquas</strong></span> <span class='ocrx_word' id='word_1_17' title='bbox 3500 384 3643 439; x_wconf 88' lang='lat' dir='ltr'><strong>desi-</strong></span> 
     </span>
    </p>
   </div>
   <div class='ocr_carea' id='block_1_5' title="bbox 331 496 1316 575">
    <p class='ocr_par' dir='ltr' id='par_1_5' title="bbox 331 496 1316 575">
     <span class='ocr_line' id='line_1_5' title="bbox 331 496 1316 575; baseline -0.013 -12"><span class='ocrx_word' id='word_1_18' title='bbox 331 505 519 564; x_wconf 80' lang='lat' dir='ltr'><strong>multis</strong></span> <span class='ocrx_word' id='word_1_19' title='bbox 548 503 778 575; x_wconf 81' lang='lat' dir='ltr'><strong>egimus,</strong></span> <span class='ocrx_word' id='word_1_20' title='bbox 826 507 1103 556; x_wconf 91' lang='lat' dir='ltr'><strong>auctorem</strong></span> <span class='ocrx_word' id='word_1_21' title='bbox 1136 496 1316 553; x_wconf 90' lang='lat' dir='ltr'><strong>habet.</strong></span> 
     </span>
    </p>
   </div>
   <div class='ocr_carea' id='block_1_6' title="bbox 402 606 1935 684">
    <p class='ocr_par' dir='ltr' id='par_1_6' title="bbox 402 606 1935 684">
     <span class='ocr_line' id='line_1_6' title="bbox 402 606 1935 684; baseline -0.008 -11"><span class='ocrx_word' id='word_1_22' title='bbox 402 616 589 673; x_wconf 79' lang='lat' dir='ltr'><strong>XVIII.</strong></span> <span class='ocrx_word' id='word_1_23' title='bbox 634 615 839 671; x_wconf 70' lang='lat' dir='ltr'><strong>Prteter</strong></span> <span class='ocrx_word' id='word_1_24' title='bbox 885 612 1156 684; x_wconf 87' lang='lat' dir='ltr'><strong>Opuscula</strong></span> <span class='ocrx_word' id='word_1_25' title='bbox 1202 612 1312 683; x_wconf 87' lang='lat' dir='ltr'><strong>jam</strong></span> <span class='ocrx_word' id='word_1_26' title='bbox 1361 608 1652 673; x_wconf 73' lang='lat' dir='ltr'><strong>recensita,</strong></span> <span class='ocrx_word' id='word_1_27' title='bbox 1684 606 1935 663; x_wconf 85' lang='lat' dir='ltr'><strong>Baluzius</strong></span> 
     </span>
    </p>
   </div>
   <div class='ocr_carea' id='block_1_7' title="bbox 334 699 1937 783">
    <p class='ocr_par' dir='ltr' id='par_1_7' title="bbox 334 699 1937 783">
     <span class='ocr_line' id='line_1_7' title="bbox 334 699 1937 783; baseline -0.008 -17"><span class='ocrx_word' id='word_1_28' title='bbox 334 710 583 783; x_wconf 81' lang='lat' dir='ltr'><strong>proxime</strong></span> <span class='ocrx_word' id='word_1_29' title='bbox 614 716 738 779; x_wconf 90' lang='lat' dir='ltr'><strong>post</strong></span> <span class='ocrx_word' id='word_1_30' title='bbox 765 706 826 762; x_wconf 98' lang='grc'><strong>8.</strong></span> <span class='ocrx_word' id='word_1_31' title='bbox 856 705 1109 779; x_wconf 89' lang='lat' dir='ltr'><strong>Cypriani</strong></span> <span class='ocrx_word' id='word_1_32' title='bbox 1140 704 1409 775; x_wconf 82' lang='lat' dir='ltr'><strong>Epistolas</strong></span> <span class='ocrx_word' id='word_1_33' title='bbox 1430 702 1657 773; x_wconf 75' lang='lat' dir='ltr'><strong>subjecit</strong></span> <span class='ocrx_word' id='word_1_34' title='bbox 1682 709 1790 754; x_wconf 81' lang='lat' dir='ltr'><strong>tres</strong></span> <span class='ocrx_word' id='word_1_35' title='bbox 1804 699 1937 753; x_wconf 84' lang='lat' dir='ltr'><strong>alias</strong></span> 
     </span>
    </p>
   </div>
   <div class='ocr_carea' id='block_1_8' title="bbox 329 792 1935 873">
    <p class='ocr_par' dir='ltr' id='par_1_8' title="bbox 329 792 1935 873">
     <span class='ocr_line' id='line_1_8' title="bbox 329 792 1935 873; baseline -0.01 -10"><span class='ocrx_word' id='word_1_36' title='bbox 329 808 480 863; x_wconf 86' lang='lat' dir='ltr'><strong>velut</strong></span> <span class='ocrx_word' id='word_1_37' title='bbox 516 804 727 870; x_wconf 87' lang='lat' dir='ltr'><strong>dubias,</strong></span> <span class='ocrx_word' id='word_1_38' title='bbox 781 817 1010 873; x_wconf 88' lang='lat' dir='ltr'><strong>quarum</strong></span> <span class='ocrx_word' id='word_1_39' title='bbox 1046 801 1274 872; x_wconf 90' lang='lat' dir='ltr'><strong>primam</strong></span> <span class='ocrx_word' id='word_1_40' title='bbox 1297 814 1363 854; x_wconf 88' lang='lat' dir='ltr'><strong>ex</strong></span> <span class='ocrx_word' id='word_1_41' title='bbox 1405 797 1619 852; x_wconf 88' lang='lat' dir='ltr'><strong>duobus</strong></span> <span class='ocrx_word' id='word_1_42' title='bbox 1659 792 1935 848; x_wconf 83' lang='lat' dir='ltr'><strong>codicibus</strong></span> 
     </span>
    </p>
   </div>
   <div class='ocr_carea' id='block_1_9' title="bbox 332 888 1934 963">
    <p class='ocr_par' dir='ltr' id='par_1_9' title="bbox 332 888 1934 963">
     <span class='ocr_line' id='line_1_9' title="bbox 332 888 1934 963; baseline -0.009 -7"><span class='ocrx_word' id='word_1_43' title='bbox 332 899 564 956; x_wconf 75' lang='lat' dir='ltr'><strong>vetustis</strong></span> <span class='ocrx_word' id='word_1_44' title='bbox 608 912 737 952; x_wconf 85' lang='lat' dir='ltr'><strong>mss.</strong></span> <span class='ocrx_word' id='word_1_45' title='bbox 760 937 775 963; x_wconf 91' lang='lat'><strong>,</strong></span> <span class='ocrx_word' id='word_1_46' title='bbox 810 910 917 951; x_wconf 91' lang='lat' dir='ltr'><strong>uno</strong></span> <span class='ocrx_word' id='word_1_47' title='bbox 947 892 1296 950; x_wconf 84' lang='lat' dir='ltr'><strong>Bibliotheca:</strong></span> <span class='ocrx_word' id='word_1_48' title='bbox 1328 890 1675 947; x_wconf 85' lang='lat' dir='ltr'><strong>illustrissimi</strong></span> <span class='ocrx_word' id='word_1_49' title='bbox 1711 888 1934 944; x_wconf 81' lang='lat' dir='ltr'><strong>Joannis</strong></span> 
     </span>
    </p>
   </div>
   <div class='ocr_carea' id='block_1_10' title="bbox 331 981 1932 1057">
    <p class='ocr_par' dir='ltr' id='par_1_10' title="bbox 331 981 1932 1057">
     <span class='ocr_line' id='line_1_10' title="bbox 331 981 1932 1057; baseline -0.007 -9"><span class='ocrx_word' id='word_1_50' title='bbox 331 991 583 1057; x_wconf 82' lang='lat' dir='ltr'><strong>Bobieri,</strong></span> <span class='ocrx_word' id='word_1_51' title='bbox 633 989 806 1045; x_wconf 90' lang='lat' dir='ltr'><strong>altero</strong></span> <span class='ocrx_word' id='word_1_52' title='bbox 850 987 1202 1043; x_wconf 79' lang='lat' dir='ltr'><strong>Bibliotheca:</strong></span> <span class='ocrx_word' id='word_1_53' title='bbox 1245 984 1555 1041; x_wconf 83' lang='lat' dir='ltr'><strong>monasterii</strong></span> <span class='ocrx_word' id='word_1_54' title='bbox 1612 983 1672 1038; x_wconf 91' lang='lat' dir='ltr'><strong>S.</strong></span> <span class='ocrx_word' id='word_1_55' title='bbox 1706 981 1932 1052; x_wconf 81' lang='lat' dir='ltr'><strong>Remigii</strong></span> 
     </span>
    </p>
   </div>
   <div class='ocr_carea' id='block_1_11' title="bbox 330 1074 1931 1145">
    <p class='ocr_par' dir='ltr' id='par_1_11' title="bbox 330 1074 1931 1145">
     <span class='ocr_line' id='line_1_11' title="bbox 330 1074 1931 1145; baseline -0.007 -4"><span class='ocrx_word' id='word_1_56' title='bbox 330 1082 674 1145; x_wconf 81' lang='lat' dir='ltr'><strong>Rhemensis.</strong></span> <span class='ocrx_word' id='word_1_57' title='bbox 699 1080 990 1137; x_wconf 89' lang='lat' dir='ltr'><strong>secundam</strong></span> <span class='ocrx_word' id='word_1_58' title='bbox 1012 1095 1079 1135; x_wconf 87' lang='lat' dir='ltr'><strong>ex</strong></span> <span class='ocrx_word' id='word_1_59' title='bbox 1108 1078 1295 1134; x_wconf 86' lang='lat' dir='ltr'><strong>codice</strong></span> <span class='ocrx_word' id='word_1_60' title='bbox 1323 1076 1556 1132; x_wconf 82' lang='lat' dir='ltr'><strong>Fuxensi</strong></span> <span class='ocrx_word' id='word_1_61' title='bbox 1581 1074 1931 1130; x_wconf 78' lang='lat' dir='ltr'><strong>Bibliotheca:</strong></span> 
     </span>
    </p>
   </div>
   <div class='ocr_carea' id='block_1_12' title="bbox 331 1169 1932 1242">
    <p class='ocr_par' dir='ltr' id='par_1_12' title="bbox 331 1169 1932 1242">
     <span class='ocr_line' id='line_1_12' title="bbox 331 1169 1932 1242; baseline -0.006 -8"><span class='ocrx_word' id='word_1_62' title='bbox 331 1176 674 1242; x_wconf 64' lang='lat' dir='ltr'><strong>Colbertiure,</strong></span> <span class='ocrx_word' id='word_1_63' title='bbox 700 1190 763 1231; x_wconf 90' lang='lat' dir='ltr'><strong>ac</strong></span> <span class='ocrx_word' id='word_1_64' title='bbox 795 1174 1008 1230; x_wconf 86' lang='lat' dir='ltr'><strong>tertiam</strong></span> <span class='ocrx_word' id='word_1_65' title='bbox 1034 1173 1267 1242; x_wconf 89' lang='lat' dir='ltr'><strong>denique</strong></span> <span class='ocrx_word' id='word_1_66' title='bbox 1297 1188 1366 1226; x_wconf 88' lang='lat' dir='ltr'><strong>ex</strong></span> <span class='ocrx_word' id='word_1_67' title='bbox 1392 1171 1497 1227; x_wconf 92' lang='lat' dir='ltr'><strong>hoc</strong></span> <span class='ocrx_word' id='word_1_68' title='bbox 1515 1170 1642 1226; x_wconf 88' lang='lat' dir='ltr'><strong>item</strong></span> <span class='ocrx_word' id='word_1_69' title='bbox 1667 1169 1853 1225; x_wconf 83' lang='lat' dir='ltr'><strong>codice</strong></span> <span class='ocrx_word' id='word_1_70' title='bbox 1879 1180 1932 1225; x_wconf 92' lang='lat' dir='ltr'><strong>et</strong></span> 
     </span>
    </p>
   </div>
   <div class='ocr_carea' id='block_1_13' title="bbox 330 1262 1925 1338">
    <p class='ocr_par' dir='ltr' id='par_1_13' title="bbox 330 1262 1925 1338">
     <span class='ocr_line' id='line_1_13' title="bbox 330 1262 1925 1338; baseline -0.008 -9"><span class='ocrx_word' id='word_1_71' title='bbox 330 1273 504 1329; x_wconf 86' lang='lat' dir='ltr'><strong>altero</strong></span> <span class='ocrx_word' id='word_1_72' title='bbox 524 1269 884 1326; x_wconf 79' lang='lat' dir='ltr'><strong>BltcmensiS.</strong></span> <span class='ocrx_word' id='word_1_73' title='bbox 904 1265 1137 1338; x_wconf 83' lang='lat' dir='ltr'><strong>Remigii</strong></span> <span class='ocrx_word' id='word_1_74' title='bbox 1163 1266 1510 1336; x_wconf 88' lang='lat' dir='ltr'><strong>depromptas</strong></span> <span class='ocrx_word' id='word_1_75' title='bbox 1532 1278 1654 1319; x_wconf 85' lang='lat' dir='ltr'><strong>esse</strong></span> <span class='ocrx_word' id='word_1_76' title='bbox 1674 1262 1925 1317; x_wconf 87' lang='lat' dir='ltr'><strong>aflirmat.</strong></span> 
     </span>
    </p>
   </div>
   <div class='ocr_carea' id='block_1_14' title="bbox 330 1355 1928 1431">
    <p class='ocr_par' dir='ltr' id='par_1_14' title="bbox 330 1355 1928 1431">
     <span class='ocr_line' id='line_1_14' title="bbox 330 1355 1928 1431; baseline -0.009 -11"><span class='ocrx_word' id='word_1_77' title='bbox 330 1363 508 1420; x_wconf 89' lang='lat' dir='ltr'><strong>Prima</strong></span> <span class='ocrx_word' id='word_1_78' title='bbox 538 1360 773 1418; x_wconf 85' lang='lat' dir='ltr'><strong>Cornelii</strong></span> <span class='ocrx_word' id='word_1_79' title='bbox 811 1375 962 1431; x_wconf 61' lang='lat' dir='ltr'><strong>papa:</strong></span> <span class='ocrx_word' id='word_1_80' title='bbox 1013 1358 1230 1412; x_wconf 86' lang='lat' dir='ltr'><strong>nomine</strong></span> <span class='ocrx_word' id='word_1_81' title='bbox 1269 1357 1338 1411; x_wconf 86' lang='lat' dir='ltr'><strong>ad</strong></span> <span class='ocrx_word' id='word_1_82' title='bbox 1372 1355 1689 1427; x_wconf 83' lang='lat' dir='ltr'><strong>Cyprianum</strong></span> <span class='ocrx_word' id='word_1_83' title='bbox 1732 1362 1928 1419; x_wconf 78' lang='lat' dir='ltr'><strong>exstat,</strong></span> 
     </span>
    </p>
   </div>
   <div class='ocr_carea' id='block_1_15' title="bbox 330 1450 1931 1530">
    <p class='ocr_par' dir='ltr' id='par_1_15' title="bbox 330 1450 1931 1530">
     <span class='ocr_line' id='line_1_15' title="bbox 330 1450 1931 1530; baseline -0.006 -15"><span class='ocrx_word' id='word_1_84' title='bbox 330 1467 521 1530; x_wconf 85' lang='lat' dir='ltr'><strong>estque</strong></span> <span class='ocrx_word' id='word_1_85' title='bbox 550 1456 748 1517; x_wconf 83' lang='lat' dir='ltr'><strong>brevis.</strong></span> <span class='ocrx_word' id='word_1_86' title='bbox 780 1454 873 1509; x_wconf 87' lang='lat' dir='ltr'><strong>sed</strong></span> <span class='ocrx_word' id='word_1_87' title='bbox 899 1453 1041 1510; x_wconf 90' lang='lat' dir='ltr'><strong>acris</strong></span> <span class='ocrx_word' id='word_1_88' title='bbox 1063 1452 1416 1524; x_wconf 81' lang='lat' dir='ltr'><strong>reprehensio</strong></span> <span class='ocrx_word' id='word_1_89' title='bbox 1441 1452 1644 1507; x_wconf 89' lang='lat' dir='ltr'><strong>erroris</strong></span> <span class='ocrx_word' id='word_1_90' title='bbox 1665 1450 1732 1505; x_wconf 90' lang='lat' dir='ltr'><strong>de</strong></span> <span class='ocrx_word' id='word_1_91' title='bbox 1759 1450 1931 1505; x_wconf 55' lang='lat' dir='ltr'><strong>luere.</strong></span> 
     </span>
    </p>
   </div>
   <div class='ocr_carea' id='block_1_16' title="bbox 328 1542 1943 1619">
    <p class='ocr_par' dir='ltr' id='par_1_16' title="bbox 328 1542 1943 1619">
     <span class='ocr_line' id='line_1_16' title="bbox 328 1542 1943 1619; baseline -0.007 -13"><span class='ocrx_word' id='word_1_92' title='bbox 328 1550 452 1607; x_wconf 88' lang='lat' dir='ltr'><strong>ticis</strong></span> <span class='ocrx_word' id='word_1_93' title='bbox 494 1546 911 1619; x_wconf 87' lang='lat' dir='ltr'><strong>rebaptizandis.</strong></span> <span class='ocrx_word' id='word_1_94' title='bbox 972 1544 1289 1611; x_wconf 83' lang='lat' dir='ltr'><strong>Verum,ut</strong></span> <span class='ocrx_word' id='word_1_95' title='bbox 1317 1543 1443 1599; x_wconf 86' lang='lat' dir='ltr'><strong>alibi</strong></span> <span class='ocrx_word' id='word_1_96' title='bbox 1491 1544 1602 1613; x_wconf 83' lang='lat' dir='ltr'><strong>jam</strong></span> <span class='ocrx_word' id='word_1_97' title='bbox 1655 1542 1943 1607; x_wconf 55' lang='lat' dir='ltr'><strong>diximus,</strong></span> 
     </span>
    </p>
   </div>
   <div class='ocr_carea' id='block_1_17' title="bbox 325 1622 1928 1701">
    <p class='ocr_par' dir='ltr' id='par_1_17' title="bbox 325 1622 1928 1701">
     <span class='ocr_line' id='line_1_17' title="bbox 325 1622 1928 1701; baseline -0.008 0"><span class='ocrx_word' id='word_1_98' title='bbox 325 1660 437 1701; x_wconf 86' lang='lat' dir='ltr'><strong>non</strong></span> <span class='ocrx_word' id='word_1_99' title='bbox 487 1642 761 1699; x_wconf 89' lang='lat' dir='ltr'><strong>credimus</strong></span> <span class='ocrx_word' id='word_1_100' title='bbox 822 1640 1249 1696; x_wconf 89' lang='lat' dir='ltr'><strong>controversiam</strong></span> <span class='ocrx_word' id='word_1_101' title='bbox 1306 1638 1451 1693; x_wconf 89' lang='lat' dir='ltr'><strong>illam</strong></span> <span class='ocrx_word' id='word_1_102' title='bbox 1504 1636 1561 1694; x_wconf 92' lang='grc'><strong>8.</strong></span> <span class='ocrx_word' id='word_1_103' title='bbox 1616 1622 1928 1693; x_wconf 74' lang='lat' dir='ltr'><strong>Cornelium</strong></span> 
     </span>
    </p>
   </div>
   <div class='ocr_carea' id='block_1_18' title="bbox 326 1729 1929 1805">
    <p class='ocr_par' dir='ltr' id='par_1_18' title="bbox 326 1729 1929 1805">
     <span class='ocr_line' id='line_1_18' title="bbox 326 1729 1929 1805; baseline -0.006 -12"><span class='ocrx_word' id='word_1_104' title='bbox 326 1736 472 1793; x_wconf 88' lang='lat' dir='ltr'><strong>inter</strong></span> <span class='ocrx_word' id='word_1_105' title='bbox 512 1750 576 1791; x_wconf 88' lang='lat' dir='ltr'><strong>ac</strong></span> <span class='ocrx_word' id='word_1_106' title='bbox 629 1733 955 1805; x_wconf 80' lang='lat' dir='ltr'><strong>Cyprianum</strong></span> <span class='ocrx_word' id='word_1_107' title='bbox 983 1746 1237 1803; x_wconf 84' lang='lat' dir='ltr'><strong>umquam</strong></span> <span class='ocrx_word' id='word_1_108' title='bbox 1265 1743 1463 1786; x_wconf 86' lang='lat' dir='ltr'><strong>motam</strong></span> <span class='ocrx_word' id='word_1_109' title='bbox 1512 1729 1702 1797; x_wconf 75' lang='lat' dir='ltr'><strong>fuisse,</strong></span> <span class='ocrx_word' id='word_1_110' title='bbox 1754 1744 1929 1799; x_wconf 91' lang='lat' dir='ltr'><strong>neque</strong></span> 
     </span>
    </p>
   </div>
   <div class='ocr_carea' id='block_1_19' title="bbox 325 1822 1931 1897">
    <p class='ocr_par' dir='ltr' id='par_1_19' title="bbox 325 1822 1931 1897">
     <span class='ocr_line' id='line_1_19' title="bbox 325 1822 1931 1897; baseline -0.007 -11"><span class='ocrx_word' id='word_1_111' title='bbox 325 1829 526 1886; x_wconf 80' lang='lat' dir='ltr'><strong>Rufiini</strong></span> <span class='ocrx_word' id='word_1_112' title='bbox 553 1828 928 1884; x_wconf 88' lang='lat' dir='ltr'><strong>auctoritatem</strong></span> <span class='ocrx_word' id='word_1_113' title='bbox 971 1827 1153 1883; x_wconf 89' lang='lat' dir='ltr'><strong>hacin</strong></span> <span class='ocrx_word' id='word_1_114' title='bbox 1197 1835 1349 1897; x_wconf 82' lang='lat' dir='ltr'><strong>parte</strong></span> <span class='ocrx_word' id='word_1_115' title='bbox 1374 1823 1726 1879; x_wconf 87' lang='lat' dir='ltr'><strong>admittimus.</strong></span> <span class='ocrx_word' id='word_1_116' title='bbox 1786 1822 1931 1891; x_wconf 84' lang='lat' dir='ltr'><strong>Apo-</strong></span> 
     </span>
    </p>
   </div>
   <div class='ocr_carea' id='block_1_20' title="bbox 321 1912 1933 1994">
    <p class='ocr_par' dir='ltr' id='par_1_20' title="bbox 321 1912 1933 1994">
     <span class='ocr_line' id='line_1_20' title="bbox 321 1912 1933 1994; baseline -0.007 -16"><span class='ocrx_word' id='word_1_117' title='bbox 321 1921 527 1994; x_wconf 90' lang='lat' dir='ltr'><strong>crypha</strong></span> <span class='ocrx_word' id='word_1_118' title='bbox 550 1931 633 1977; x_wconf 91' lang='lat' dir='ltr'><strong>est</strong></span> <span class='ocrx_word' id='word_1_119' title='bbox 661 1936 791 1992; x_wconf 83' lang='lat' dir='ltr'><strong>ergo</strong></span> <span class='ocrx_word' id='word_1_120' title='bbox 822 1918 940 1975; x_wconf 70' lang='lat' dir='ltr'><strong>hrcc</strong></span> <span class='ocrx_word' id='word_1_121' title='bbox 978 1917 1218 1977; x_wconf 84' lang='lat' dir='ltr'><strong>Cornelii</strong></span> <span class='ocrx_word' id='word_1_122' title='bbox 1251 1916 1511 1990; x_wconf 87' lang='lat' dir='ltr'><strong>Epistola.</strong></span> <span class='ocrx_word' id='word_1_123' title='bbox 1548 1915 1753 1982; x_wconf 88' lang='lat' dir='ltr'><strong>Altera,</strong></span> <span class='ocrx_word' id='word_1_124' title='bbox 1778 1912 1933 1982; x_wconf 84' lang='lat' dir='ltr'><strong>cujus</strong></span> 
     </span>
    </p>
   </div>
   <div class='ocr_carea' id='block_1_21' title="bbox 325 2006 1931 2084">
    <p class='ocr_par' dir='ltr' id='par_1_21' title="bbox 325 2006 1931 2084">
     <span class='ocr_line' id='line_1_21' title="bbox 325 2006 1931 2084; baseline -0.007 -14"><span class='ocrx_word' id='word_1_125' title='bbox 325 2013 606 2084; x_wconf 85' lang='lat' dir='ltr'><strong>inscriptio</strong></span> <span class='ocrx_word' id='word_1_126' title='bbox 665 2011 782 2079; x_wconf 64' lang='lat' dir='ltr'><strong>haec</strong></span> <span class='ocrx_word' id='word_1_127' title='bbox 824 2019 948 2068; x_wconf 84' lang='lat' dir='ltr'><strong>est:</strong></span> <span class='ocrx_word' id='word_1_128' title='bbox 983 2008 1271 2082; x_wconf 80' lang='lat' dir='ltr'><strong>Cyprianus</strong></span> <span class='ocrx_word' id='word_1_129' title='bbox 1310 2008 1441 2079; x_wconf 78' lang='lat' dir='ltr'><strong>plebi</strong></span> <span class='ocrx_word' id='word_1_130' title='bbox 1465 2006 1765 2077; x_wconf 82' lang='lat' dir='ltr'><strong>Carthagini</strong></span> <span class='ocrx_word' id='word_1_131' title='bbox 1803 2023 1931 2060; x_wconf 84' lang='lat' dir='ltr'><strong>con-</strong></span> 
     </span>
    </p>
   </div>
   <div class='ocr_carea' id='block_1_22' title="bbox 325 2099 1977 2167">
    <p class='ocr_par' dir='ltr' id='par_1_22' title="bbox 325 2099 1977 2167">
     <span class='ocr_line' id='line_1_22' title="bbox 325 2099 1977 2167; baseline -0.005 -4"><span class='ocrx_word' id='word_1_132' title='bbox 325 2109 522 2164; x_wconf 74' lang='lat' dir='ltr'><strong>sistenti</strong></span> <span class='ocrx_word' id='word_1_133' title='bbox 559 2117 802 2163; x_wconf 64' lang='lat' dir='ltr'><strong>aeternam</strong></span> <span class='ocrx_word' id='word_1_134' title='bbox 830 2107 885 2160; x_wconf 85' lang='lat' dir='ltr'><strong>in</strong></span> <span class='ocrx_word' id='word_1_135' title='bbox 931 2103 1153 2159; x_wconf 85' lang='lat' dir='ltr'><strong>Domino</strong></span> <span class='ocrx_word' id='word_1_136' title='bbox 1182 2104 1394 2158; x_wconf 78' lang='lat' dir='ltr'><strong>salutem</strong></span> <span class='ocrx_word' id='word_1_137' title='bbox 1421 2120 1439 2167; x_wconf 86' lang='lat'><em>;</em></span> <span class='ocrx_word' id='word_1_138' title='bbox 1471 2118 1576 2157; x_wconf 91' lang='lat' dir='ltr'><strong>non</strong></span> <span class='ocrx_word' id='word_1_139' title='bbox 1602 2100 1761 2157; x_wconf 87' lang='lat' dir='ltr'><strong>modo</strong></span> <span class='ocrx_word' id='word_1_140' title='bbox 1798 2115 1829 2155; x_wconf 86' lang='lat' dir='ltr'><strong>a</strong></span> <span class='ocrx_word' id='word_1_141' title='bbox 1870 2099 1928 2156; x_wconf 91' lang='lat' dir='ltr'><strong>S.</strong></span> <span class='ocrx_word' id='word_1_142' title='bbox 1972 2134 1977 2138; x_wconf 59' lang='grc' dir='ltr'><em>ς</em></span> 
     </span>
    </p>
   </div>
   <div class='ocr_carea' id='block_1_23' title="bbox 326 2189 1930 2279">
    <p class='ocr_par' dir='ltr' id='par_1_23' title="bbox 326 2189 1930 2279">
     <span class='ocr_line' id='line_1_23' title="bbox 326 2189 1930 2279; baseline -0.007 -21"><span class='ocrx_word' id='word_1_143' title='bbox 326 2199 577 2279; x_wconf 73' lang='lat' dir='ltr'><strong>Cypriani</strong></span> <span class='ocrx_word' id='word_1_144' title='bbox 622 2200 763 2271; x_wconf 91' lang='lat' dir='ltr'><strong>stylo</strong></span> <span class='ocrx_word' id='word_1_145' title='bbox 807 2189 1030 2253; x_wconf 86' lang='lat' dir='ltr'><strong>nimium</strong></span> <span class='ocrx_word' id='word_1_146' title='bbox 1082 2195 1288 2264; x_wconf 79' lang='lat' dir='ltr'><strong>dilfert,</strong></span> <span class='ocrx_word' id='word_1_147' title='bbox 1334 2195 1434 2253; x_wconf 90' lang='lat' dir='ltr'><strong>sed</strong></span> <span class='ocrx_word' id='word_1_148' title='bbox 1480 2198 1640 2251; x_wconf 87' lang='lat' dir='ltr'><strong>etiam</strong></span> <span class='ocrx_word' id='word_1_149' title='bbox 1683 2191 1930 2265; x_wconf 84' lang='lat' dir='ltr'><strong>ejusdem</strong></span> 
     </span>
    </p>
   </div>
   <div class='ocr_carea' id='block_1_24' title="bbox 330 2286 1932 2363">
    <p class='ocr_par' dir='ltr' id='par_1_24' title="bbox 330 2286 1932 2363">
     <span class='ocr_line' id='line_1_24' title="bbox 330 2286 1932 2363; baseline -0.006 -13"><span class='ocrx_word' id='word_1_150' title='bbox 330 2302 545 2350; x_wconf 68' lang='lat' dir='ltr'><strong>aetatem</strong></span> <span class='ocrx_word' id='word_1_151' title='bbox 599 2307 704 2347; x_wconf 86' lang='lat' dir='ltr'><strong>non</strong></span> <span class='ocrx_word' id='word_1_152' title='bbox 736 2286 896 2363; x_wconf 82' lang='lat' dir='ltr'><strong>sapit,</strong></span> <span class='ocrx_word' id='word_1_153' title='bbox 960 2306 1082 2345; x_wconf 89' lang='lat' dir='ltr'><strong>cum</strong></span> <span class='ocrx_word' id='word_1_154' title='bbox 1114 2290 1374 2346; x_wconf 79' lang='lat' dir='ltr'><strong>adversus</strong></span> <span class='ocrx_word' id='word_1_155' title='bbox 1422 2305 1593 2344; x_wconf 81' lang='lat' dir='ltr'><strong>sacra:</strong></span> <span class='ocrx_word' id='word_1_156' title='bbox 1639 2287 1932 2357; x_wconf 84' lang='lat' dir='ltr'><strong>Scriptura:</strong></span> 
     </span>
    </p>
   </div>
   <div class='ocr_carea' id='block_1_25' title="bbox 328 2381 1999 2456">
    <p class='ocr_par' dir='ltr' id='par_1_25' title="bbox 328 2381 1999 2456">
     <span class='ocr_line' id='line_1_25' title="bbox 328 2381 1999 2456; baseline -0.006 -13"><span class='ocrx_word' id='word_1_157' title='bbox 328 2386 663 2452; x_wconf 86' lang='lat' dir='ltr'><strong>Traditores,</strong></span> <span class='ocrx_word' id='word_1_158' title='bbox 718 2385 948 2456; x_wconf 88' lang='lat' dir='ltr'><strong>primum</strong></span> <span class='ocrx_word' id='word_1_159' title='bbox 975 2384 1077 2439; x_wconf 92' lang='lat' dir='ltr'><strong>sub</strong></span> <span class='ocrx_word' id='word_1_160' title='bbox 1118 2384 1449 2439; x_wconf 87' lang='lat' dir='ltr'><strong>Diocletiano</strong></span> <span class='ocrx_word' id='word_1_161' title='bbox 1492 2392 1682 2447; x_wconf 89' lang='lat' dir='ltr'><strong>notos,</strong></span> <span class='ocrx_word' id='word_1_162' title='bbox 1730 2381 1931 2450; x_wconf 80' lang='lat' dir='ltr'><strong>scripta</strong></span> <span class='ocrx_word' id='word_1_163' title='bbox 1992 2406 1999 2407; x_wconf 49' lang='grc' dir='ltr'>ί</span> 
     </span>
    </p>
   </div>
   <div class='ocr_carea' id='block_1_26' title="bbox 329 2473 1930 2548">
    <p class='ocr_par' dir='ltr' id='par_1_26' title="bbox 329 2473 1930 2548">
     <span class='ocr_line' id='line_1_26' title="bbox 329 2473 1930 2548; baseline -0.007 -12"><span class='ocrx_word' id='word_1_164' title='bbox 329 2481 417 2537; x_wconf 86' lang='lat' dir='ltr'><strong>sit.</strong></span> <span class='ocrx_word' id='word_1_165' title='bbox 461 2480 643 2536; x_wconf 86' lang='lat' dir='ltr'><strong>Tertia</strong></span> <span class='ocrx_word' id='word_1_166' title='bbox 669 2481 746 2535; x_wconf 90' lang='lat' dir='ltr'><strong>sic</strong></span> <span class='ocrx_word' id='word_1_167' title='bbox 786 2479 1101 2534; x_wconf 83' lang='lat' dir='ltr'><strong>exorditur:</strong></span> <span class='ocrx_word' id='word_1_168' title='bbox 1132 2476 1423 2548; x_wconf 75' lang='lat' dir='ltr'><strong>Cyprianus</strong></span> <span class='ocrx_word' id='word_1_169' title='bbox 1460 2475 1721 2530; x_wconf 78' lang='lat' dir='ltr'><strong>benedicta</strong></span> <span class='ocrx_word' id='word_1_170' title='bbox 1747 2484 1795 2529; x_wconf 86' lang='lat' dir='ltr'><strong>et</strong></span> <span class='ocrx_word' id='word_1_171' title='bbox 1846 2473 1930 2527; x_wconf 85' lang='lat' dir='ltr'><strong>di-</strong></span> 
     </span>
    </p>
   </div>
   <div class='ocr_carea' id='block_1_27' title="bbox 329 2567 1930 2629">
    <p class='ocr_par' dir='ltr' id='par_1_27' title="bbox 329 2567 1930 2629">
     <span class='ocr_line' id='line_1_27' title="bbox 329 2567 1930 2629; baseline -0.005 0"><span class='ocrx_word' id='word_1_172' title='bbox 329 2573 601 2629; x_wconf 72' lang='lat' dir='ltr'><strong>lectissimo</strong></span> <span class='ocrx_word' id='word_1_173' title='bbox 654 2571 864 2627; x_wconf 79' lang='lat' dir='ltr'><strong>Parcnti</strong></span> <span class='ocrx_word' id='word_1_174' title='bbox 901 2570 1127 2626; x_wconf 80' lang='lat' dir='ltr'><strong>Turabio</strong></span> <span class='ocrx_word' id='word_1_175' title='bbox 1156 2572 1209 2625; x_wconf 83' lang='lat' dir='ltr'><strong>in</strong></span> <span class='ocrx_word' id='word_1_176' title='bbox 1263 2570 1481 2623; x_wconf 87' lang='lat' dir='ltr'><strong>Domino</strong></span> <span class='ocrx_word' id='word_1_177' title='bbox 1506 2580 1748 2624; x_wconf 61' lang='lat' dir='ltr'><strong>«lernam</strong></span> <span class='ocrx_word' id='word_1_178' title='bbox 1785 2567 1930 2623; x_wconf 77' lang='lat' dir='ltr'><strong>salu-</strong></span> 
     </span>
    </p>
   </div>
   <div class='ocr_carea' id='block_1_28' title="bbox 329 2661 1932 2739">
    <p class='ocr_par' dir='ltr' id='par_1_28' title="bbox 329 2661 1932 2739">
     <span class='ocr_line' id='line_1_28' title="bbox 329 2661 1932 2739; baseline -0.004 -17"><span class='ocrx_word' id='word_1_179' title='bbox 329 2679 473 2736; x_wconf 85' lang='lat' dir='ltr'><strong>tem;</strong></span> <span class='ocrx_word' id='word_1_180' title='bbox 503 2678 692 2739; x_wconf 84' lang='lat' dir='ltr'><strong>estque</strong></span> <span class='ocrx_word' id='word_1_181' title='bbox 733 2665 1090 2721; x_wconf 88' lang='lat' dir='ltr'><strong>consolatoria</strong></span> <span class='ocrx_word' id='word_1_182' title='bbox 1143 2666 1209 2720; x_wconf 85' lang='lat' dir='ltr'><strong>ad</strong></span> <span class='ocrx_word' id='word_1_183' title='bbox 1249 2662 1497 2719; x_wconf 87' lang='lat' dir='ltr'><strong>eumdem</strong></span> <span class='ocrx_word' id='word_1_184' title='bbox 1526 2661 1593 2717; x_wconf 92' lang='lat' dir='ltr'><strong>de</strong></span> <span class='ocrx_word' id='word_1_185' title='bbox 1631 2662 1777 2717; x_wconf 88' lang='lat' dir='ltr'><strong>obitu</strong></span> <span class='ocrx_word' id='word_1_186' title='bbox 1810 2661 1932 2715; x_wconf 71' lang='lat' dir='ltr'><strong>lilia:</strong></span> 
     </span>
    </p>
   </div>
   <div class='ocr_carea' id='block_1_29' title="bbox 328 2754 1931 2829">
    <p class='ocr_par' dir='ltr' id='par_1_29' title="bbox 328 2754 1931 2829">
     <span class='ocr_line' id='line_1_29' title="bbox 328 2754 1931 2829; baseline -0.007 -10"><span class='ocrx_word' id='word_1_187' title='bbox 328 2763 628 2820; x_wconf 85' lang='lat' dir='ltr'><strong>dolentem.</strong></span> <span class='ocrx_word' id='word_1_188' title='bbox 687 2761 885 2817; x_wconf 82' lang='lat' dir='ltr'><strong>Eadem</strong></span> <span class='ocrx_word' id='word_1_189' title='bbox 917 2759 1035 2815; x_wconf 70' lang='lat' dir='ltr'><strong>haec</strong></span> <span class='ocrx_word' id='word_1_190' title='bbox 1069 2758 1308 2829; x_wconf 84' lang='lat' dir='ltr'><strong>Epistola</strong></span> <span class='ocrx_word' id='word_1_191' title='bbox 1334 2757 1437 2811; x_wconf 90' lang='lat' dir='ltr'><strong>sub</strong></span> <span class='ocrx_word' id='word_1_192' title='bbox 1468 2757 1686 2811; x_wconf 80' lang='lat' dir='ltr'><strong>nomine</strong></span> <span class='ocrx_word' id='word_1_193' title='bbox 1714 2754 1769 2811; x_wconf 90' lang='lat' dir='ltr'><strong>S.</strong></span> <span class='ocrx_word' id='word_1_194' title='bbox 1805 2754 1931 2809; x_wconf 86' lang='lat' dir='ltr'><strong>llic-</strong></span> 
     </span>
    </p>
   </div>
   <div class='ocr_carea' id='block_1_30' title="bbox 328 2846 1929 2930">
    <p class='ocr_par' dir='ltr' id='par_1_30' title="bbox 328 2846 1929 2930">
     <span class='ocr_line' id='line_1_30' title="bbox 328 2846 1929 2930; baseline -0.009 -15"><span class='ocrx_word' id='word_1_195' title='bbox 328 2857 540 2930; x_wconf 90' lang='lat' dir='ltr'><strong>ronymi</strong></span> <span class='ocrx_word' id='word_1_196' title='bbox 572 2856 640 2911; x_wconf 88' lang='lat' dir='ltr'><strong>ad</strong></span> <span class='ocrx_word' id='word_1_197' title='bbox 674 2855 945 2928; x_wconf 77' lang='lat' dir='ltr'><strong>Tgrasium</strong></span> <span class='ocrx_word' id='word_1_198' title='bbox 972 2854 1097 2907; x_wconf 90' lang='lat' dir='ltr'><strong>olim</strong></span> <span class='ocrx_word' id='word_1_199' title='bbox 1128 2850 1270 2907; x_wconf 90' lang='lat' dir='ltr'><strong>venit</strong></span> <span class='ocrx_word' id='word_1_200' title='bbox 1302 2850 1437 2915; x_wconf 79' lang='lat' dir='ltr'><strong>:sed</strong></span> <span class='ocrx_word' id='word_1_201' title='bbox 1481 2850 1550 2905; x_wconf 88' lang='lat' dir='ltr'><strong>ab</strong></span> <span class='ocrx_word' id='word_1_202' title='bbox 1577 2847 1803 2903; x_wconf 87' lang='lat' dir='ltr'><strong>eruditis</strong></span> <span class='ocrx_word' id='word_1_203' title='bbox 1831 2846 1929 2916; x_wconf 84' lang='lat' dir='ltr'><strong>ipsi</strong></span> 
     </span>
    </p>
   </div>
   <div class='ocr_carea' id='block_1_31' title="bbox 331 2940 1928 3022">
    <p class='ocr_par' dir='ltr' id='par_1_31' title="bbox 331 2940 1928 3022">
     <span class='ocr_line' id='line_1_31' title="bbox 331 2940 1928 3022; baseline -0.007 -19"><span class='ocrx_word' id='word_1_204' title='bbox 331 2951 544 3022; x_wconf 88' lang='lat' dir='ltr'><strong>penitus</strong></span> <span class='ocrx_word' id='word_1_205' title='bbox 566 2948 887 3017; x_wconf 73' lang='lat' dir='ltr'><strong>ahjndicata,</strong></span> <span class='ocrx_word' id='word_1_206' title='bbox 919 2948 1059 3001; x_wconf 90' lang='lat' dir='ltr'><strong>inter</strong></span> <span class='ocrx_word' id='word_1_207' title='bbox 1086 2944 1426 3015; x_wconf 90' lang='lat' dir='ltr'><strong>supposititia</strong></span> <span class='ocrx_word' id='word_1_208' title='bbox 1456 2940 1702 3012; x_wconf 87' lang='lat' dir='ltr'><strong>ejusdem</strong></span> <span class='ocrx_word' id='word_1_209' title='bbox 1758 2953 1928 3010; x_wconf 84' lang='lat' dir='ltr'><strong>opera</strong></span> 
     </span>
    </p>
   </div>
   <div class='ocr_carea' id='block_1_32' title="bbox 333 3033 1928 3110">
    <p class='ocr_par' dir='ltr' id='par_1_32' title="bbox 333 3033 1928 3110">
     <span class='ocr_line' id='line_1_32' title="bbox 333 3033 1928 3110; baseline -0.008 -9"><span class='ocrx_word' id='word_1_210' title='bbox 333 3059 476 3101; x_wconf 81' lang='lat' dir='ltr'><strong>nunc</strong></span> <span class='ocrx_word' id='word_1_211' title='bbox 505 3042 670 3098; x_wconf 89' lang='lat' dir='ltr'><strong>relata</strong></span> <span class='ocrx_word' id='word_1_212' title='bbox 714 3050 815 3097; x_wconf 77' lang='lat' dir='ltr'><strong>est.</strong></span> <span class='ocrx_word' id='word_1_213' title='bbox 870 3039 979 3096; x_wconf 87' lang='lat' dir='ltr'><strong>Nec</strong></span> <span class='ocrx_word' id='word_1_214' title='bbox 1031 3039 1200 3110; x_wconf 89' lang='lat' dir='ltr'><strong>magis</strong></span> <span class='ocrx_word' id='word_1_215' title='bbox 1230 3037 1374 3092; x_wconf 89' lang='lat' dir='ltr'><strong>illam</strong></span> <span class='ocrx_word' id='word_1_216' title='bbox 1400 3035 1468 3090; x_wconf 87' lang='lat' dir='ltr'><strong>ad</strong></span> <span class='ocrx_word' id='word_1_217' title='bbox 1509 3036 1568 3092; x_wconf 84' lang='lat' dir='ltr'><strong>S.</strong></span> <span class='ocrx_word' id='word_1_218' title='bbox 1603 3033 1928 3106; x_wconf 86' lang='lat' dir='ltr'><strong>Cyprianum</strong></span> 
     </span>
    </p>
   </div>
   <div class='ocr_carea' id='block_1_33' title="bbox 332 3125 1931 3206">
    <p class='ocr_par' dir='ltr' id='par_1_33' title="bbox 332 3125 1931 3206">
     <span class='ocr_line' id='line_1_33' title="bbox 332 3125 1931 3206; baseline -0.008 -13"><span class='ocrx_word' id='word_1_219' title='bbox 332 3146 576 3193; x_wconf 87' lang='lat' dir='ltr'><strong>nostrum</strong></span> <span class='ocrx_word' id='word_1_220' title='bbox 620 3144 866 3206; x_wconf 77' lang='lat' dir='ltr'><strong>Spectare</strong></span> <span class='ocrx_word' id='word_1_221' title='bbox 897 3133 1087 3205; x_wconf 88' lang='lat' dir='ltr'><strong>probat</strong></span> <span class='ocrx_word' id='word_1_222' title='bbox 1141 3131 1267 3203; x_wconf 85' lang='lat' dir='ltr'><strong>styli</strong></span> <span class='ocrx_word' id='word_1_223' title='bbox 1306 3128 1615 3186; x_wconf 91' lang='lat' dir='ltr'><strong>inconcinni</strong></span> <span class='ocrx_word' id='word_1_224' title='bbox 1653 3125 1931 3183; x_wconf 87' lang='lat' dir='ltr'><strong>humilitas</strong></span> 
     </span>
    </p>
   </div>
   <div class='ocr_carea' id='block_1_34' title="bbox 332 3228 1017 3287">
    <p class='ocr_par' dir='ltr' id='par_1_34' title="bbox 332 3228 1017 3287">
     <span class='ocr_line' id='line_1_34' title="bbox 332 3228 1017 3287; baseline -0.006 0"><span class='ocrx_word' id='word_1_225' title='bbox 332 3240 386 3287; x_wconf 90' lang='lat' dir='ltr'><strong>ct</strong></span> <span class='ocrx_word' id='word_1_226' title='bbox 411 3230 662 3285; x_wconf 87' lang='lat' dir='ltr'><strong>dictionis</strong></span> <span class='ocrx_word' id='word_1_227' title='bbox 696 3228 1017 3285; x_wconf 84' lang='lat' dir='ltr'><strong>obscuritas.</strong></span> 
     </span>
    </p>
   </div>
   <div class='ocr_carea' id='block_1_35' title="bbox 405 3339 1932 3400">
    <p class='ocr_par' dir='ltr' id='par_1_35' title="bbox 405 3339 1932 3400">
     <span class='ocr_line' id='line_1_35' title="bbox 405 3339 1932 3400; baseline -0.004 -1"><span class='ocrx_word' id='word_1_228' title='bbox 405 3344 549 3400; x_wconf 78' lang='lat' dir='ltr'><strong>XIX.</strong></span> <span class='ocrx_word' id='word_1_229' title='bbox 590 3343 888 3400; x_wconf 78' lang='lat' dir='ltr'><strong>Clarissimi</strong></span> <span class='ocrx_word' id='word_1_230' title='bbox 941 3343 1213 3400; x_wconf 87' lang='lat' dir='ltr'><strong>Duumviri</strong></span> <span class='ocrx_word' id='word_1_231' title='bbox 1256 3339 1571 3397; x_wconf 84' lang='lat' dir='ltr'><strong>Edmundus</strong></span> <span class='ocrx_word' id='word_1_232' title='bbox 1601 3339 1841 3396; x_wconf 81' lang='lat' dir='ltr'><strong>Martene</strong></span> <span class='ocrx_word' id='word_1_233' title='bbox 1878 3347 1932 3395; x_wconf 90' lang='lat' dir='ltr'><strong>et</strong></span> 
     </span>
    </p>
   </div>
   <div class='ocr_carea' id='block_1_36' title="bbox 336 3436 1931 3510">
    <p class='ocr_par' dir='ltr' id='par_1_36' title="bbox 336 3436 1931 3510">
     <span class='ocr_line' id='line_1_36' title="bbox 336 3436 1931 3510; baseline -0.004 -14"><span class='ocrx_word' id='word_1_234' title='bbox 336 3438 563 3496; x_wconf 86' lang='lat' dir='ltr'><strong>Ursinus</strong></span> <span class='ocrx_word' id='word_1_235' title='bbox 589 3439 868 3494; x_wconf 90' lang='lat' dir='ltr'><strong>Durandus</strong></span> <span class='ocrx_word' id='word_1_236' title='bbox 900 3438 951 3492; x_wconf 92' lang='lat' dir='ltr'><strong>in</strong></span> <span class='ocrx_word' id='word_1_237' title='bbox 982 3436 1310 3510; x_wconf 87' lang='lat' dir='ltr'><strong>amplissima</strong></span> <span class='ocrx_word' id='word_1_238' title='bbox 1340 3436 1659 3493; x_wconf 86' lang='lat' dir='ltr'><strong>collectione</strong></span> <span class='ocrx_word' id='word_1_239' title='bbox 1686 3445 1931 3491; x_wconf 88' lang='lat' dir='ltr'><strong>veterum</strong></span> 
     </span>
    </p>
   </div>
   <div class='ocr_carea' id='block_1_37' title="bbox 333 3530 1932 3603">
    <p class='ocr_par' dir='ltr' id='par_1_37' title="bbox 333 3530 1932 3603">
     <span class='ocr_line' id='line_1_37' title="bbox 333 3530 1932 3603; baseline -0.003 -14"><span class='ocrx_word' id='word_1_240' title='bbox 333 3532 669 3603; x_wconf 87' lang='lat' dir='ltr'><strong>Scriptorum</strong></span> <span class='ocrx_word' id='word_1_241' title='bbox 697 3542 751 3588; x_wconf 94' lang='lat' dir='ltr'><strong>et</strong></span> <span class='ocrx_word' id='word_1_242' title='bbox 781 3532 1244 3589; x_wconf 78' lang='lat' dir='ltr'><strong>Monumentorum</strong></span> <span class='ocrx_word' id='word_1_243' title='bbox 1273 3530 1651 3587; x_wconf 89' lang='lat' dir='ltr'><strong>historicorum</strong></span> <span class='ocrx_word' id='word_1_244' title='bbox 1676 3540 1808 3597; x_wconf 91' lang='lat' dir='ltr'><strong>etc.,</strong></span> <span class='ocrx_word' id='word_1_245' title='bbox 1852 3538 1932 3585; x_wconf 80' lang='lat' dir='ltr'><strong>to—</strong></span> 
     </span>
    </p>
   </div>
   <div class='ocr_carea' id='block_1_38' title="bbox 334 3622 1933 3697">
    <p class='ocr_par' dir='ltr' id='par_1_38' title="bbox 334 3622 1933 3697">
     <span class='ocr_line' id='line_1_38' title="bbox 334 3622 1933 3697; baseline -0.004 -14"><span class='ocrx_word' id='word_1_246' title='bbox 334 3641 426 3683; x_wconf 90' lang='lat' dir='ltr'><strong>mo</strong></span> <span class='ocrx_word' id='word_1_247' title='bbox 464 3642 541 3691; x_wconf 79' lang='lat' dir='ltr'><strong>rx,</strong></span> <span class='ocrx_word' id='word_1_248' title='bbox 593 3625 653 3682; x_wconf 87' lang='grc'><strong>8.</strong></span> <span class='ocrx_word' id='word_1_249' title='bbox 684 3624 938 3697; x_wconf 84' lang='lat' dir='ltr'><strong>Cypriani</strong></span> <span class='ocrx_word' id='word_1_250' title='bbox 969 3624 1199 3680; x_wconf 87' lang='lat' dir='ltr'><strong>Carmen</strong></span> <span class='ocrx_word' id='word_1_251' title='bbox 1248 3624 1580 3680; x_wconf 89' lang='lat' dir='ltr'><strong>ad.Felicem</strong></span> <span class='ocrx_word' id='word_1_252' title='bbox 1625 3623 1690 3677; x_wconf 84' lang='lat' dir='ltr'><strong>de</strong></span> <span class='ocrx_word' id='word_1_253' title='bbox 1737 3622 1933 3678; x_wconf 75' lang='lat' dir='ltr'><strong>Resur-</strong></span> 
     </span>
    </p>
   </div>
   <div class='ocr_carea' id='block_1_39' title="bbox 331 3716 1932 3783">
    <p class='ocr_par' dir='ltr' id='par_1_39' title="bbox 331 3716 1932 3783">
     <span class='ocr_line' id='line_1_39' title="bbox 331 3716 1932 3783; baseline -0.002 -9"><span class='ocrx_word' id='word_1_254' title='bbox 331 3719 556 3774; x_wconf 82' lang='lat' dir='ltr'><strong>rectione</strong></span> <span class='ocrx_word' id='word_1_255' title='bbox 611 3727 957 3783; x_wconf 83' lang='lat' dir='ltr'><strong>mortuorum,</strong></span> <span class='ocrx_word' id='word_1_256' title='bbox 1010 3733 1076 3773; x_wconf 86' lang='lat' dir='ltr'><strong>ex</strong></span> <span class='ocrx_word' id='word_1_257' title='bbox 1101 3732 1202 3774; x_wconf 88' lang='lat' dir='ltr'><strong>ms.</strong></span> <span class='ocrx_word' id='word_1_258' title='bbox 1233 3717 1420 3773; x_wconf 89' lang='lat' dir='ltr'><strong>codice</strong></span> <span class='ocrx_word' id='word_1_259' title='bbox 1442 3716 1756 3773; x_wconf 87' lang='lat' dir='ltr'><strong>Corbeiensi</strong></span> <span class='ocrx_word' id='word_1_260' title='bbox 1804 3726 1932 3771; x_wconf 88' lang='lat' dir='ltr'><strong>ante</strong></span> 
     </span>
    </p>
   </div>
   <div class='ocr_carea' id='block_1_40' title="bbox 334 3806 1933 3882">
    <p class='ocr_par' dir='ltr' id='par_1_40' title="bbox 334 3806 1933 3882">
     <span class='ocr_line' id='line_1_40' title="bbox 334 3806 1933 3882; baseline -0.003 -14"><span class='ocrx_word' id='word_1_261' title='bbox 334 3828 508 3869; x_wconf 88' lang='lat' dir='ltr'><strong>annos</strong></span> <span class='ocrx_word' id='word_1_262' title='bbox 550 3812 656 3870; x_wconf 85' lang='lat'><strong>900</strong></span> <span class='ocrx_word' id='word_1_263' title='bbox 681 3820 905 3869; x_wconf 88' lang='lat' dir='ltr'><strong>exarato</strong></span> <span class='ocrx_word' id='word_1_264' title='bbox 934 3819 1144 3868; x_wconf 88' lang='lat' dir='ltr'><strong>erutum</strong></span> <span class='ocrx_word' id='word_1_265' title='bbox 1178 3810 1351 3882; x_wconf 90' lang='lat' dir='ltr'><strong>primo</strong></span> <span class='ocrx_word' id='word_1_266' title='bbox 1370 3809 1499 3869; x_wconf 85' lang='lat' dir='ltr'><strong>loco</strong></span> <span class='ocrx_word' id='word_1_267' title='bbox 1529 3817 1752 3880; x_wconf 91' lang='lat' dir='ltr'><strong>ponunt.</strong></span> <span class='ocrx_word' id='word_1_268' title='bbox 1801 3806 1933 3876; x_wconf 85' lang='lat' dir='ltr'><strong>Quis</strong></span> 
     </span>
    </p>
   </div>
   <div class='ocr_carea' id='block_1_41' title="bbox 332 3901 1934 3980">
    <p class='ocr_par' dir='ltr' id='par_1_41' title="bbox 332 3901 1934 3980">
     <span class='ocr_line' id='line_1_41' title="bbox 332 3901 1934 3980; baseline -0.006 -17"><span class='ocrx_word' id='word_1_269' title='bbox 332 3904 633 3980; x_wconf 85' lang='lat' dir='ltr'><strong>Cyprianus</strong></span> <span class='ocrx_word' id='word_1_270' title='bbox 656 3906 812 3977; x_wconf 85' lang='lat' dir='ltr'><strong>hujus</strong></span> <span class='ocrx_word' id='word_1_271' title='bbox 836 3905 1106 3961; x_wconf 81' lang='lat' dir='ltr'><strong>Carminis</strong></span> <span class='ocrx_word' id='word_1_272' title='bbox 1125 3912 1312 3959; x_wconf 87' lang='lat' dir='ltr'><strong>auctor</strong></span> <span class='ocrx_word' id='word_1_273' title='bbox 1338 3901 1521 3969; x_wconf 88' lang='lat' dir='ltr'><strong>fuerit,</strong></span> <span class='ocrx_word' id='word_1_274' title='bbox 1542 3902 1640 3957; x_wconf 91' lang='lat' dir='ltr'><strong>etsi</strong></span> <span class='ocrx_word' id='word_1_275' title='bbox 1660 3916 1758 3972; x_wconf 90' lang='lat' dir='ltr'><strong>pro</strong></span> <span class='ocrx_word' id='word_1_276' title='bbox 1784 3907 1934 3956; x_wconf 90' lang='lat' dir='ltr'><strong>certo</strong></span> 
     </span>
    </p>
   </div>
   <div class='ocr_carea' id='block_1_42' title="bbox 336 3992 1935 4056">
    <p class='ocr_par' dir='ltr' id='par_1_42' title="bbox 336 3992 1935 4056">
     <span class='ocr_line' id='line_1_42' title="bbox 336 3992 1935 4056; baseline -0.005 0"><span class='ocrx_word' id='word_1_277' title='bbox 336 4000 606 4056; x_wconf 78' lang='lat' dir='ltr'><strong>affirmare</strong></span> <span class='ocrx_word' id='word_1_278' title='bbox 673 3999 965 4055; x_wconf 88' lang='lat' dir='ltr'><strong>noluerunt</strong></span> <span class='ocrx_word' id='word_1_279' title='bbox 1011 3996 1091 4052; x_wconf 91' lang='lat' dir='ltr'><strong>Cl.</strong></span> <span class='ocrx_word' id='word_1_280' title='bbox 1153 3995 1404 4052; x_wconf 84' lang='lat' dir='ltr'><strong>Editores</strong></span> <span class='ocrx_word' id='word_1_281' title='bbox 1457 3995 1510 4050; x_wconf 92' lang='lat' dir='ltr'><strong>in</strong></span> <span class='ocrx_word' id='word_1_282' title='bbox 1558 3992 1935 4050; x_wconf 82' lang='lat' dir='ltr'><strong>observatione</strong></span> 
     </span>
    </p>
   </div>
   <div class='ocr_carea' id='block_1_43' title="bbox 336 4086 1936 4165">
    <p class='ocr_par' dir='ltr' id='par_1_43' title="bbox 336 4086 1936 4165">
     <span class='ocr_line' id='line_1_43' title="bbox 336 4086 1936 4165; baseline -0.005 -17"><span class='ocrx_word' id='word_1_283' title='bbox 336 4094 561 4165; x_wconf 62' lang='lat' dir='ltr'><strong>praevia,</strong></span> <span class='ocrx_word' id='word_1_284' title='bbox 592 4086 791 4164; x_wconf 85' lang='lat' dir='ltr'><strong>negant</strong></span> <span class='ocrx_word' id='word_1_285' title='bbox 822 4100 997 4147; x_wconf 91' lang='lat' dir='ltr'><strong>tamen</strong></span> <span class='ocrx_word' id='word_1_286' title='bbox 1041 4089 1168 4145; x_wconf 90' lang='lat' dir='ltr'><strong>illud</strong></span> <span class='ocrx_word' id='word_1_287' title='bbox 1196 4088 1609 4146; x_wconf 90' lang='lat' dir='ltr'><strong>adscribendum</strong></span> <span class='ocrx_word' id='word_1_288' title='bbox 1643 4102 1764 4143; x_wconf 88' lang='lat' dir='ltr'><strong>esse</strong></span> <span class='ocrx_word' id='word_1_289' title='bbox 1792 4086 1936 4142; x_wconf 86' lang='lat' dir='ltr'><strong>cele-</strong></span> 
     </span>
    </p>
   </div>
   <div class='ocr_carea' id='block_1_44' title="bbox 338 4180 1932 4255">
    <p class='ocr_par' dir='ltr' id='par_1_44' title="bbox 338 4180 1932 4255">
     <span class='ocr_line' id='line_1_44' title="bbox 338 4180 1932 4255; baseline -0.004 -15"><span class='ocrx_word' id='word_1_290' title='bbox 338 4185 573 4240; x_wconf 81' lang='lat' dir='ltr'><strong>berrimo</strong></span> <span class='ocrx_word' id='word_1_291' title='bbox 603 4184 680 4241; x_wconf 90' lang='lat' dir='ltr'><strong>illi</strong></span> <span class='ocrx_word' id='word_1_292' title='bbox 706 4180 1111 4255; x_wconf 82' lang='lat' dir='ltr'><strong>Carthaginensi</strong></span> <span class='ocrx_word' id='word_1_293' title='bbox 1157 4183 1410 4255; x_wconf 89' lang='lat' dir='ltr'><strong>episcopo</strong></span> <span class='ocrx_word' id='word_1_294' title='bbox 1434 4190 1488 4238; x_wconf 93' lang='lat' dir='ltr'><strong>et</strong></span> <span class='ocrx_word' id='word_1_295' title='bbox 1530 4180 1773 4253; x_wconf 88' lang='lat' dir='ltr'><strong>martyri,</strong></span> <span class='ocrx_word' id='word_1_296' title='bbox 1826 4188 1932 4234; x_wconf 87' lang='lat' dir='ltr'><strong>tam</strong></span> 
     </span>
    </p>
   </div>
   <div class='ocr_carea' id='block_1_45' title="bbox 338 4273 1936 4348">
    <p class='ocr_par' dir='ltr' id='par_1_45' title="bbox 338 4273 1936 4348">
     <span class='ocr_line' id='line_1_45' title="bbox 338 4273 1936 4348; baseline -0.003 -18"><span class='ocrx_word' id='word_1_297' title='bbox 338 4283 561 4348; x_wconf 87' lang='lat' dir='ltr'><strong>propter</strong></span> <span class='ocrx_word' id='word_1_298' title='bbox 604 4276 900 4330; x_wconf 85' lang='lat' dir='ltr'><strong>orationem</strong></span> <span class='ocrx_word' id='word_1_299' title='bbox 939 4273 1100 4330; x_wconf 90' lang='lat' dir='ltr'><strong>nimis</strong></span> <span class='ocrx_word' id='word_1_300' title='bbox 1130 4275 1484 4340; x_wconf 87' lang='lat' dir='ltr'><strong>salebrosam,</strong></span> <span class='ocrx_word' id='word_1_301' title='bbox 1525 4288 1685 4343; x_wconf 89' lang='lat' dir='ltr'><strong>quam</strong></span> <span class='ocrx_word' id='word_1_302' title='bbox 1719 4279 1936 4342; x_wconf 87' lang='lat' dir='ltr'><strong>propter</strong></span> 
     </span>
    </p>
   </div>
   <div class='ocr_carea' id='block_1_46' title="bbox 338 4364 1936 4440">
    <p class='ocr_par' dir='ltr' id='par_1_46' title="bbox 338 4364 1936 4440">
     <span class='ocr_line' id='line_1_46' title="bbox 338 4364 1936 4440; baseline -0.003 -15"><span class='ocrx_word' id='word_1_303' title='bbox 338 4370 569 4425; x_wconf 88' lang='lat' dir='ltr'><strong>violatas</strong></span> <span class='ocrx_word' id='word_1_304' title='bbox 621 4368 953 4440; x_wconf 84' lang='lat' dir='ltr'><strong>frequentius</strong></span> <span class='ocrx_word' id='word_1_305' title='bbox 1007 4370 1163 4427; x_wconf 89' lang='lat' dir='ltr'><strong>metri</strong></span> <span class='ocrx_word' id='word_1_306' title='bbox 1224 4371 1390 4440; x_wconf 89' lang='lat' dir='ltr'><strong>leges.</strong></span> <span class='ocrx_word' id='word_1_307' title='bbox 1456 4364 1683 4423; x_wconf 85' lang='lat' dir='ltr'><strong>Editum’</strong></span> <span class='ocrx_word' id='word_1_308' title='bbox 1718 4364 1936 4437; x_wconf 87' lang='lat' dir='ltr'><strong>quidem</strong></span> 
     </span>
    </p>
   </div>
   <div class='ocr_carea' id='block_1_47' title="bbox 340 4459 1933 4533">
    <p class='ocr_par' dir='ltr' id='par_1_47' title="bbox 340 4459 1933 4533">
     <span class='ocr_line' id='line_1_47' title="bbox 340 4459 1933 4533; baseline -0.004 -14"><span class='ocrx_word' id='word_1_309' title='bbox 340 4462 445 4519; x_wconf 90' lang='lat' dir='ltr'><strong>hoc</strong></span> <span class='ocrx_word' id='word_1_310' title='bbox 470 4477 688 4518; x_wconf 87' lang='lat' dir='ltr'><strong>carmen</strong></span> <span class='ocrx_word' id='word_1_311' title='bbox 727 4462 838 4533; x_wconf 88' lang='lat' dir='ltr'><strong>jam</strong></span> <span class='ocrx_word' id='word_1_312' title='bbox 871 4463 969 4519; x_wconf 91' lang='lat' dir='ltr'><strong>fuit</strong></span> <span class='ocrx_word' id='word_1_313' title='bbox 1008 4463 1076 4519; x_wconf 88' lang='lat' dir='ltr'><strong>ad</strong></span> <span class='ocrx_word' id='word_1_314' title='bbox 1108 4463 1310 4520; x_wconf 89' lang='lat' dir='ltr'><strong>calcem</strong></span> <span class='ocrx_word' id='word_1_315' title='bbox 1341 4477 1566 4532; x_wconf 90' lang='lat' dir='ltr'><strong>operum</strong></span> <span class='ocrx_word' id='word_1_316' title='bbox 1594 4459 1933 4527; x_wconf 89' lang='lat' dir='ltr'><strong>Tertulliani,</strong></span> 
     </span>
    </p>
   </div>
   <div class='ocr_carea' id='block_1_48' title="bbox 2041 478 3644 542">
    <p class='ocr_par' dir='ltr' id='par_1_48' title="bbox 2041 478 3644 542">
     <span class='ocr_line' id='line_1_48' title="bbox 2041 478 3644 542; baseline -0.005 -1"><span class='ocrx_word' id='word_1_317' title='bbox 2041 485 2219 542; x_wconf 84' lang='lat' dir='ltr'><strong>derari</strong></span> <span class='ocrx_word' id='word_1_318' title='bbox 2243 484 2325 541; x_wconf 91' lang='lat' dir='ltr'><strong>Cl.</strong></span> <span class='ocrx_word' id='word_1_319' title='bbox 2356 484 2604 539; x_wconf 85' lang='lat' dir='ltr'><strong>Maranus</strong></span> <span class='ocrx_word' id='word_1_320' title='bbox 2634 482 2778 538; x_wconf 86' lang='lat' dir='ltr'><strong>haud</strong></span> <span class='ocrx_word' id='word_1_321' title='bbox 2805 480 3217 538; x_wconf 87' lang='lat' dir='ltr'><strong>contemnendis</strong></span> <span class='ocrx_word' id='word_1_322' title='bbox 3243 478 3644 535; x_wconf 72' lang='lat' dir='ltr'><strong>demonstravit</strong></span> 
     </span>
    </p>
   </div>
   <div class='ocr_carea' id='block_1_49' title="bbox 2039 568 3638 649">
    <p class='ocr_par' dir='ltr' id='par_1_49' title="bbox 2039 568 3638 649">
     <span class='ocr_line' id='line_1_49' title="bbox 2039 568 3638 649; baseline -0.004 -17"><span class='ocrx_word' id='word_1_323' title='bbox 2039 576 2371 648; x_wconf 82' lang='lat' dir='ltr'><strong>argumentis</strong></span> <span class='ocrx_word' id='word_1_324' title='bbox 2397 574 2499 649; x_wconf 72' lang='lat'><strong>(2).</strong></span> <span class='ocrx_word' id='word_1_325' title='bbox 2531 574 2718 629; x_wconf 77' lang='lat' dir='ltr'><strong>Amba:</strong></span> <span class='ocrx_word' id='word_1_326' title='bbox 2744 589 2958 645; x_wconf 86' lang='lat' dir='ltr'><strong>quoque</strong></span> <span class='ocrx_word' id='word_1_327' title='bbox 3013 573 3229 637; x_wconf 84' lang='lat' dir='ltr'><strong>litterae,</strong></span> <span class='ocrx_word' id='word_1_328' title='bbox 3279 586 3412 641; x_wconf 84' lang='lat' dir='ltr'><strong>quas</strong></span> <span class='ocrx_word' id='word_1_329' title='bbox 3440 570 3498 626; x_wconf 93' lang='lat' dir='ltr'><strong>S.</strong></span> <span class='ocrx_word' id='word_1_330' title='bbox 3532 568 3638 640; x_wconf 82' lang='lat' dir='ltr'><strong>Cy-</strong></span> 
     </span>
    </p>
   </div>
   <div class='ocr_carea' id='block_1_50' title="bbox 2039 662 3642 742">
    <p class='ocr_par' dir='ltr' id='par_1_50' title="bbox 2039 662 3642 742">
     <span class='ocr_line' id='line_1_50' title="bbox 2039 662 3642 742; baseline -0.004 -18"><span class='ocrx_word' id='word_1_331' title='bbox 2039 670 2260 742; x_wconf 88' lang='lat' dir='ltr'><strong>prianus</strong></span> <span class='ocrx_word' id='word_1_332' title='bbox 2300 667 2367 723; x_wconf 93' lang='lat' dir='ltr'><strong>de</strong></span> <span class='ocrx_word' id='word_1_333' title='bbox 2408 665 2732 722; x_wconf 84' lang='lat' dir='ltr'><strong>Felicissimi</strong></span> <span class='ocrx_word' id='word_1_334' title='bbox 2779 664 3138 728; x_wconf 85' lang='lat' dir='ltr'><strong>ordinatione,</strong></span> <span class='ocrx_word' id='word_1_335' title='bbox 3190 662 3541 733; x_wconf 89' lang='lat' dir='ltr'><strong>ejusdemque</strong></span> <span class='ocrx_word' id='word_1_336' title='bbox 3578 678 3642 718; x_wconf 84' lang='lat' dir='ltr'><strong>ac</strong></span> 
     </span>
    </p>
   </div>
   <div class='ocr_carea' id='block_1_51' title="bbox 2040 754 3639 834">
    <p class='ocr_par' dir='ltr' id='par_1_51' title="bbox 2040 754 3639 834">
     <span class='ocr_line' id='line_1_51' title="bbox 2040 754 3639 834; baseline -0.006 -16"><span class='ocrx_word' id='word_1_337' title='bbox 2040 763 2476 834; x_wconf 80' lang='lat' dir='ltr'><strong>presbyterorum</strong></span> <span class='ocrx_word' id='word_1_338' title='bbox 2521 758 2624 829; x_wconf 92' lang='lat' dir='ltr'><strong>ipsi</strong></span> <span class='ocrx_word' id='word_1_339' title='bbox 2667 756 3059 812; x_wconf 79' lang='lat' dir='ltr'><strong>adluerentium</strong></span> <span class='ocrx_word' id='word_1_340' title='bbox 3112 770 3275 810; x_wconf 86' lang='lat' dir='ltr'><strong>causa</strong></span> <span class='ocrx_word' id='word_1_341' title='bbox 3326 754 3393 811; x_wconf 91' lang='lat' dir='ltr'><strong>ad</strong></span> <span class='ocrx_word' id='word_1_342' title='bbox 3423 754 3639 811; x_wconf 86' lang='lat' dir='ltr'><strong>Clerum</strong></span> 
     </span>
    </p>
   </div>
   <div class='ocr_carea' id='block_1_52' title="bbox 2036 848 3639 924">
    <p class='ocr_par' dir='ltr' id='par_1_52' title="bbox 2036 848 3639 924">
     <span class='ocr_line' id='line_1_52' title="bbox 2036 848 3639 924; baseline -0.006 -15"><span class='ocrx_word' id='word_1_343' title='bbox 2036 870 2101 911; x_wconf 89' lang='lat' dir='ltr'><strong>ac</strong></span> <span class='ocrx_word' id='word_1_344' title='bbox 2153 853 2407 924; x_wconf 88' lang='lat' dir='ltr'><strong>populum</strong></span> <span class='ocrx_word' id='word_1_345' title='bbox 2456 853 2615 905; x_wconf 90' lang='lat' dir='ltr'><strong>suum</strong></span> <span class='ocrx_word' id='word_1_346' title='bbox 2670 848 2877 920; x_wconf 87' lang='lat' dir='ltr'><strong>pridem</strong></span> <span class='ocrx_word' id='word_1_347' title='bbox 2928 848 3253 917; x_wconf 86' lang='lat' dir='ltr'><strong>scripserat,</strong></span> <span class='ocrx_word' id='word_1_348' title='bbox 3306 856 3360 901; x_wconf 86' lang='lat' dir='ltr'><strong>et</strong></span> <span class='ocrx_word' id='word_1_349' title='bbox 3415 862 3639 917; x_wconf 84' lang='lat' dir='ltr'><strong>quarum</strong></span> 
     </span>
    </p>
   </div>
   <div class='ocr_carea' id='block_1_53' title="bbox 2036 937 3638 1017">
    <p class='ocr_par' dir='ltr' id='par_1_53' title="bbox 2036 937 3638 1017">
     <span class='ocr_line' id='line_1_53' title="bbox 2036 937 3638 1017; baseline -0.006 -15"><span class='ocrx_word' id='word_1_350' title='bbox 2036 945 2281 1017; x_wconf 76' lang='lat' dir='ltr'><strong>exempla</strong></span> <span class='ocrx_word' id='word_1_351' title='bbox 2307 946 2454 1016; x_wconf 91' lang='lat' dir='ltr'><strong>prius</strong></span> <span class='ocrx_word' id='word_1_352' title='bbox 2474 960 2570 1015; x_wconf 90' lang='lat' dir='ltr'><strong>per</strong></span> <span class='ocrx_word' id='word_1_353' title='bbox 2588 940 2909 998; x_wconf 86' lang='lat' dir='ltr'><strong>Caldonium</strong></span> <span class='ocrx_word' id='word_1_354' title='bbox 2935 955 2999 995; x_wconf 90' lang='lat' dir='ltr'><strong>ac</strong></span> <span class='ocrx_word' id='word_1_355' title='bbox 3022 939 3378 994; x_wconf 84' lang='lat' dir='ltr'><strong>Fortunatum</strong></span> <span class='ocrx_word' id='word_1_356' title='bbox 3396 938 3463 992; x_wconf 92' lang='lat' dir='ltr'><strong>ad</strong></span> <span class='ocrx_word' id='word_1_357' title='bbox 3501 937 3638 993; x_wconf 87' lang='lat' dir='ltr'><strong>Cor-</strong></span> 
     </span>
    </p>
   </div>
   <div class='ocr_carea' id='block_1_54' title="bbox 2036 1031 3637 1107">
    <p class='ocr_par' dir='ltr' id='par_1_54' title="bbox 2036 1031 3637 1107">
     <span class='ocr_line' id='line_1_54' title="bbox 2036 1031 3637 1107; baseline -0.007 -10"><span class='ocrx_word' id='word_1_358' title='bbox 2036 1042 2235 1097; x_wconf 90' lang='lat' dir='ltr'><strong>nelium</strong></span> <span class='ocrx_word' id='word_1_359' title='bbox 2268 1038 2510 1104; x_wconf 85' lang='lat' dir='ltr'><strong>miserat,</strong></span> <span class='ocrx_word' id='word_1_360' title='bbox 2557 1034 3013 1107; x_wconf 89' lang='lat' dir='ltr'><strong>quemadmodum</strong></span> <span class='ocrx_word' id='word_1_361' title='bbox 3060 1033 3289 1102; x_wconf 90' lang='lat' dir='ltr'><strong>ipsemet</strong></span> <span class='ocrx_word' id='word_1_362' title='bbox 3337 1031 3637 1103; x_wconf 74' lang='lat' dir='ltr'><strong>Cyprianus</strong></span> 
     </span>
    </p>
   </div>
   <div class='ocr_carea' id='block_1_55' title="bbox 2036 1121 3634 1202">
    <p class='ocr_par' dir='ltr' id='par_1_55' title="bbox 2036 1121 3634 1202">
     <span class='ocr_line' id='line_1_55' title="bbox 2036 1121 3634 1202; baseline -0.008 -13"><span class='ocrx_word' id='word_1_363' title='bbox 2036 1134 2088 1190; x_wconf 92' lang='lat' dir='ltr'><strong>in</strong></span> <span class='ocrx_word' id='word_1_364' title='bbox 2120 1131 2355 1202; x_wconf 79' lang='lat' dir='ltr'><strong>Epistola</strong></span> <span class='ocrx_word' id='word_1_365' title='bbox 2403 1128 2699 1197; x_wconf 84' lang='lat' dir='ltr'><strong>xt.u,.alias</strong></span> <span class='ocrx_word' id='word_1_366' title='bbox 2749 1143 2879 1192; x_wconf 81' lang='lat' dir='ltr'><strong>va,</strong></span> <span class='ocrx_word' id='word_1_367' title='bbox 2910 1125 2977 1181; x_wconf 88' lang='lat' dir='ltr'><strong>ad</strong></span> <span class='ocrx_word' id='word_1_368' title='bbox 3021 1124 3269 1181; x_wconf 90' lang='lat' dir='ltr'><strong>eumdem</strong></span> <span class='ocrx_word' id='word_1_369' title='bbox 3324 1121 3634 1179; x_wconf 90' lang='lat' dir='ltr'><strong>Cornelium</strong></span> 
     </span>
    </p>
   </div>
   <div class='ocr_carea' id='block_1_56' title="bbox 2034 1216 3644 1300">
    <p class='ocr_par' dir='ltr' id='par_1_56' title="bbox 2034 1216 3644 1300">
     <span class='ocr_line' id='line_1_56' title="bbox 2034 1216 3644 1300; baseline -0.01 -15"><span class='ocrx_word' id='word_1_370' title='bbox 2034 1229 2291 1300; x_wconf 91' lang='lat' dir='ltr'><strong>loquitur,</strong></span> <span class='ocrx_word' id='word_1_371' title='bbox 2336 1224 2743 1282; x_wconf 84' lang='lat' dir='ltr'><strong>interciderunt.</strong></span> <span class='ocrx_word' id='word_1_372' title='bbox 2803 1221 2968 1277; x_wconf 86' lang='lat' dir='ltr'><strong>Periit</strong></span> <span class='ocrx_word' id='word_1_373' title='bbox 2997 1219 3159 1277; x_wconf 87' lang='lat' dir='ltr'><strong>etiam</strong></span> <span class='ocrx_word' id='word_1_374' title='bbox 3189 1219 3425 1289; x_wconf 89' lang='lat' dir='ltr'><strong>Epistola</strong></span> <span class='ocrx_word' id='word_1_375' title='bbox 3456 1216 3644 1273; x_wconf 84' lang='lat' dir='ltr'><strong>Circu-</strong></span> 
     </span>
    </p>
   </div>
   <div class='ocr_carea' id='block_1_57' title="bbox 2036 1308 3639 1391">
    <p class='ocr_par' dir='ltr' id='par_1_57' title="bbox 2036 1308 3639 1391">
     <span class='ocr_line' id='line_1_57' title="bbox 2036 1308 3639 1391; baseline -0.007 -15"><span class='ocrx_word' id='word_1_376' title='bbox 2036 1320 2180 1386; x_wconf 86' lang='lat' dir='ltr'><strong>laris,</strong></span> <span class='ocrx_word' id='word_1_377' title='bbox 2231 1334 2391 1391; x_wconf 86' lang='lat' dir='ltr'><strong>quam</strong></span> <span class='ocrx_word' id='word_1_378' title='bbox 2431 1316 2488 1373; x_wconf 92' lang='grc'><strong>8.</strong></span> <span class='ocrx_word' id='word_1_379' title='bbox 2521 1316 2826 1388; x_wconf 88' lang='lat' dir='ltr'><strong>Cyprianus</strong></span> <span class='ocrx_word' id='word_1_380' title='bbox 2852 1314 2918 1368; x_wconf 86' lang='lat' dir='ltr'><strong>ad</strong></span> <span class='ocrx_word' id='word_1_381' title='bbox 2955 1327 3148 1368; x_wconf 89' lang='lat' dir='ltr'><strong>omnes</strong></span> <span class='ocrx_word' id='word_1_382' title='bbox 3177 1311 3478 1383; x_wconf 79' lang='lat' dir='ltr'><strong>provincias</strong></span> <span class='ocrx_word' id='word_1_383' title='bbox 3506 1308 3639 1365; x_wconf 89' lang='lat' dir='ltr'><strong>Car-</strong></span> 
     </span>
    </p>
   </div>
   <div class='ocr_carea' id='block_1_58' title="bbox 2041 1404 3637 1484">
    <p class='ocr_par' dir='ltr' id='par_1_58' title="bbox 2041 1404 3637 1484">
     <span class='ocr_line' id='line_1_58' title="bbox 2041 1404 3637 1484; baseline -0.009 -15"><span class='ocrx_word' id='word_1_384' title='bbox 2041 1413 2345 1484; x_wconf 86' lang='lat' dir='ltr'><strong>thaginensi</strong></span> <span class='ocrx_word' id='word_1_385' title='bbox 2372 1410 2648 1480; x_wconf 79' lang='lat' dir='ltr'><strong>Metropoli</strong></span> <span class='ocrx_word' id='word_1_386' title='bbox 2678 1408 3043 1478; x_wconf 80' lang='lat' dir='ltr'><strong>suil&#39;raganeas</strong></span> <span class='ocrx_word' id='word_1_387' title='bbox 3079 1404 3323 1468; x_wconf 81' lang='lat' dir='ltr'><strong>dederat,</strong></span> <span class='ocrx_word' id='word_1_388' title='bbox 3371 1412 3637 1472; x_wconf 82' lang='lat' dir='ltr'><strong>quatenus</strong></span> 
     </span>
    </p>
   </div>
   <div class='ocr_carea' id='block_1_59' title="bbox 2034 1494 3638 1577">
    <p class='ocr_par' dir='ltr' id='par_1_59' title="bbox 2034 1494 3638 1577">
     <span class='ocr_line' id='line_1_59' title="bbox 2034 1494 3638 1577; baseline -0.009 -15"><span class='ocrx_word' id='word_1_389' title='bbox 2034 1506 2103 1562; x_wconf 90' lang='lat' dir='ltr'><strong>de</strong></span> <span class='ocrx_word' id='word_1_390' title='bbox 2129 1506 2370 1577; x_wconf 84' lang='lat' dir='ltr'><strong>legitimo</strong></span> <span class='ocrx_word' id='word_1_391' title='bbox 2392 1502 2634 1574; x_wconf 90' lang='lat' dir='ltr'><strong>ejusdem</strong></span> <span class='ocrx_word' id='word_1_392' title='bbox 2661 1498 2897 1555; x_wconf 89' lang='lat' dir='ltr'><strong>Cornelii</strong></span> <span class='ocrx_word' id='word_1_393' title='bbox 2943 1498 3257 1569; x_wconf 85' lang='lat' dir='ltr'><strong>episcopatu</strong></span> <span class='ocrx_word' id='word_1_394' title='bbox 3283 1494 3420 1565; x_wconf 91' lang='lat' dir='ltr'><strong>apud</strong></span> <span class='ocrx_word' id='word_1_395' title='bbox 3446 1509 3638 1550; x_wconf 88' lang='lat' dir='ltr'><strong>omnes</strong></span> 
     </span>
    </p>
   </div>
   <div class='ocr_carea' id='block_1_60' title="bbox 2033 1586 3630 1663">
    <p class='ocr_par' dir='ltr' id='par_1_60' title="bbox 2033 1586 3630 1663">
     <span class='ocr_line' id='line_1_60' title="bbox 2033 1586 3630 1663; baseline -0.009 -10"><span class='ocrx_word' id='word_1_396' title='bbox 2033 1606 2328 1662; x_wconf 88' lang='lat' dir='ltr'><strong>constaret,</strong></span> <span class='ocrx_word' id='word_1_397' title='bbox 2378 1603 2770 1663; x_wconf 89' lang='lat' dir='ltr'><strong>monerentque</strong></span> <span class='ocrx_word' id='word_1_398' title='bbox 2824 1590 3018 1663; x_wconf 75' lang='lat' dir='ltr'><strong>singuli</strong></span> <span class='ocrx_word' id='word_1_399' title='bbox 3065 1589 3326 1661; x_wconf 87' lang='lat' dir='ltr'><strong>episeopi,</strong></span> <span class='ocrx_word' id='word_1_400' title='bbox 3357 1596 3412 1642; x_wconf 90' lang='lat' dir='ltr'><strong>ut</strong></span> <span class='ocrx_word' id='word_1_401' title='bbox 3454 1586 3630 1642; x_wconf 84' lang='lat' dir='ltr'><strong>Nova-</strong></span> 
     </span>
    </p>
   </div>
   <div class='ocr_carea' id='block_1_61' title="bbox 2033 1678 3634 1753">
    <p class='ocr_par' dir='ltr' id='par_1_61' title="bbox 2033 1678 3634 1753">
     <span class='ocr_line' id='line_1_61' title="bbox 2033 1678 3634 1753; baseline -0.008 -9"><span class='ocrx_word' id='word_1_402' title='bbox 2033 1690 2303 1744; x_wconf 90' lang='lat' dir='ltr'><strong>vatianum</strong></span> <span class='ocrx_word' id='word_1_403' title='bbox 2333 1686 2602 1753; x_wconf 87' lang='lat' dir='ltr'><strong>detestati,</strong></span> <span class='ocrx_word' id='word_1_404' title='bbox 2650 1681 2904 1739; x_wconf 87' lang='lat' dir='ltr'><strong>Cornelio</strong></span> <span class='ocrx_word' id='word_1_405' title='bbox 2946 1680 3304 1737; x_wconf 75' lang='lat' dir='ltr'><strong>adinerercnt.</strong></span> <span class='ocrx_word' id='word_1_406' title='bbox 3366 1678 3440 1733; x_wconf 81' lang='lat' dir='ltr'><strong>Ita</strong></span> <span class='ocrx_word' id='word_1_407' title='bbox 3471 1678 3634 1733; x_wconf 82' lang='lat' dir='ltr'><strong>disci-</strong></span> 
     </span>
    </p>
   </div>
   <div class='ocr_carea' id='block_1_62' title="bbox 1958 1769 3634 1852">
    <p class='ocr_par' dir='ltr' id='par_1_62' title="bbox 1958 1769 3634 1852">
     <span class='ocr_line' id='line_1_62' title="bbox 1958 1769 3634 1852; baseline -0.008 -14"><span class='ocrx_word' id='word_1_408' title='bbox 1958 1792 2008 1852; x_wconf 82' lang='grc' dir='ltr'><strong>Β</strong></span> <span class='ocrx_word' id='word_1_409' title='bbox 2035 1798 2153 1838; x_wconf 89' lang='lat' dir='ltr'><strong>mus</strong></span> <span class='ocrx_word' id='word_1_410' title='bbox 2193 1796 2259 1836; x_wconf 89' lang='lat' dir='ltr'><strong>ex</strong></span> <span class='ocrx_word' id='word_1_411' title='bbox 2310 1778 2550 1850; x_wconf 82' lang='lat' dir='ltr'><strong>Epistola</strong></span> <span class='ocrx_word' id='word_1_412' title='bbox 2596 1791 2727 1843; x_wconf 71' lang='lat' dir='ltr'><strong>xcv,</strong></span> <span class='ocrx_word' id='word_1_413' title='bbox 2768 1775 2906 1831; x_wconf 88' lang='lat' dir='ltr'><strong>alias</strong></span> <span class='ocrx_word' id='word_1_414' title='bbox 2958 1788 3146 1839; x_wconf 80' lang='lat' dir='ltr'><strong>XLVIII,</strong></span> <span class='ocrx_word' id='word_1_415' title='bbox 3191 1771 3258 1826; x_wconf 89' lang='lat' dir='ltr'><strong>ad</strong></span> <span class='ocrx_word' id='word_1_416' title='bbox 3302 1769 3634 1827; x_wconf 86' lang='lat' dir='ltr'><strong>Cornelium.</strong></span> 
     </span>
    </p>
   </div>
   <div class='ocr_carea' id='block_1_63' title="bbox 2037 1863 3639 1946">
    <p class='ocr_par' dir='ltr' id='par_1_63' title="bbox 2037 1863 3639 1946">
     <span class='ocr_line' id='line_1_63' title="bbox 2037 1863 3639 1946; baseline -0.011 -13"><span class='ocrx_word' id='word_1_417' title='bbox 2037 1877 2095 1933; x_wconf 89' lang='lat' dir='ltr'><strong>lu</strong></span> <span class='ocrx_word' id='word_1_418' title='bbox 2143 1874 2379 1946; x_wconf 86' lang='lat' dir='ltr'><strong>Epistola</strong></span> <span class='ocrx_word' id='word_1_419' title='bbox 2432 1888 2528 1938; x_wconf 72' lang='grc' dir='ltr'><strong>ιγ,</strong></span> <span class='ocrx_word' id='word_1_420' title='bbox 2571 1870 2705 1925; x_wconf 89' lang='lat' dir='ltr'><strong>alias</strong></span> <span class='ocrx_word' id='word_1_421' title='bbox 2771 1883 2879 1936; x_wconf 83' lang='lat' dir='ltr'><strong>ux,</strong></span> <span class='ocrx_word' id='word_1_422' title='bbox 2913 1866 2979 1922; x_wconf 90' lang='lat' dir='ltr'><strong>ad</strong></span> <span class='ocrx_word' id='word_1_423' title='bbox 3024 1864 3329 1921; x_wconf 90' lang='lat' dir='ltr'><strong>Cornelium</strong></span> <span class='ocrx_word' id='word_1_424' title='bbox 3378 1864 3446 1920; x_wconf 90' lang='lat' dir='ltr'><strong>de</strong></span> <span class='ocrx_word' id='word_1_425' title='bbox 3500 1863 3639 1918; x_wconf 61' lang='lat' dir='ltr'><strong>dua.</strong></span> 
     </span>
    </p>
   </div>
   <div class='ocr_carea' id='block_1_64' title="bbox 2036 1956 3638 2029">
    <p class='ocr_par' dir='ltr' id='par_1_64' title="bbox 2036 1956 3638 2029">
     <span class='ocr_line' id='line_1_64' title="bbox 2036 1956 3638 2029; baseline -0.009 -5"><span class='ocrx_word' id='word_1_426' title='bbox 2036 1970 2137 2024; x_wconf 89' lang='lat' dir='ltr'><strong>bus</strong></span> <span class='ocrx_word' id='word_1_427' title='bbox 2166 1967 2358 2024; x_wconf 89' lang='lat' dir='ltr'><strong>litteris</strong></span> <span class='ocrx_word' id='word_1_428' title='bbox 2401 1964 2728 2021; x_wconf 90' lang='lat' dir='ltr'><strong>mentionem</strong></span> <span class='ocrx_word' id='word_1_429' title='bbox 2754 1961 2900 2025; x_wconf 81' lang='lat' dir='ltr'><strong>facit,</strong></span> <span class='ocrx_word' id='word_1_430' title='bbox 2948 1974 3175 2029; x_wconf 88' lang='lat' dir='ltr'><strong>quarum</strong></span> <span class='ocrx_word' id='word_1_431' title='bbox 3223 1958 3393 2029; x_wconf 87' lang='lat' dir='ltr'><strong>prima</strong></span> <span class='ocrx_word' id='word_1_432' title='bbox 3432 1956 3638 2012; x_wconf 82' lang='lat' dir='ltr'><strong>Corne-</strong></span> 
     </span>
    </p>
   </div>
   <div class='ocr_carea' id='block_1_65' title="bbox 2037 2050 3633 2132">
    <p class='ocr_par' dir='ltr' id='par_1_65' title="bbox 2037 2050 3633 2132">
     <span class='ocr_line' id='line_1_65' title="bbox 2037 2050 3633 2132; baseline -0.009 -15"><span class='ocrx_word' id='word_1_433' title='bbox 2037 2062 2111 2117; x_wconf 85' lang='lat' dir='ltr'><strong>lio</strong></span> <span class='ocrx_word' id='word_1_434' title='bbox 2155 2061 2398 2132; x_wconf 87' lang='lat' dir='ltr'><strong>proxime</strong></span> <span class='ocrx_word' id='word_1_435' title='bbox 2427 2058 2650 2114; x_wconf 84' lang='lat' dir='ltr'><strong>miserat</strong></span> <span class='ocrx_word' id='word_1_436' title='bbox 2709 2055 2924 2110; x_wconf 89' lang='lat' dir='ltr'><strong>nomina</strong></span> <span class='ocrx_word' id='word_1_437' title='bbox 2946 2053 3187 2109; x_wconf 89' lang='lat' dir='ltr'><strong>omnium</strong></span> <span class='ocrx_word' id='word_1_438' title='bbox 3233 2050 3633 2107; x_wconf 86' lang='lat' dir='ltr'><strong>Catholicornm</strong></span> 
     </span>
    </p>
   </div>
   <div class='ocr_carea' id='block_1_66' title="bbox 2035 2146 3632 2228">
    <p class='ocr_par' dir='ltr' id='par_1_66' title="bbox 2035 2146 3632 2228">
     <span class='ocr_line' id='line_1_66' title="bbox 2035 2146 3632 2228; baseline -0.012 -14"><span class='ocrx_word' id='word_1_439' title='bbox 2035 2158 2434 2228; x_wconf 84' lang='lat' dir='ltr'><strong>episcOporum.</strong></span> <span class='ocrx_word' id='word_1_440' title='bbox 2467 2154 2557 2225; x_wconf 90' lang='lat' dir='ltr'><strong>qui</strong></span> <span class='ocrx_word' id='word_1_441' title='bbox 2597 2149 3011 2223; x_wconf 84' lang='lat' dir='ltr'><strong>Carthaginensi</strong></span> <span class='ocrx_word' id='word_1_442' title='bbox 3040 2146 3322 2218; x_wconf 81' lang='lat' dir='ltr'><strong>MetrOpoli</strong></span> <span class='ocrx_word' id='word_1_443' title='bbox 3352 2146 3632 2206; x_wconf 87' lang='lat' dir='ltr'><strong>suberant,</strong></span> 
     </span>
    </p>
   </div>
   <div class='ocr_carea' id='block_1_67' title="bbox 2036 2240 3635 2330">
    <p class='ocr_par' dir='ltr' id='par_1_67' title="bbox 2036 2240 3635 2330">
     <span class='ocr_line' id='line_1_67' title="bbox 2036 2240 3635 2330; baseline -0.012 -20"><span class='ocrx_word' id='word_1_444' title='bbox 2036 2269 2103 2310; x_wconf 91' lang='lat' dir='ltr'><strong>eo</strong></span> <span class='ocrx_word' id='word_1_445' title='bbox 2133 2253 2380 2317; x_wconf 79' lang='lat' dir='ltr'><strong>consilio,</strong></span> <span class='ocrx_word' id='word_1_446' title='bbox 2427 2261 2505 2316; x_wconf 82' lang='grc' dir='ltr'>ιιι,</span> <span class='ocrx_word' id='word_1_447' title='bbox 2553 2251 2598 2305; x_wconf 89' lang='lat' dir='ltr'><strong>si</strong></span> <span class='ocrx_word' id='word_1_448' title='bbox 2627 2249 2748 2319; x_wconf 89' lang='lat' dir='ltr'><strong>quis</strong></span> <span class='ocrx_word' id='word_1_449' title='bbox 2777 2257 2971 2330; x_wconf 50' lang='lat' dir='ltr'><strong>praeter</strong></span> <span class='ocrx_word' id='word_1_450' title='bbox 3005 2244 3128 2300; x_wconf 90' lang='lat' dir='ltr'><strong>illos</strong></span> <span class='ocrx_word' id='word_1_451' title='bbox 3153 2243 3216 2297; x_wconf 89' lang='lat' dir='ltr'><strong>ad</strong></span> <span class='ocrx_word' id='word_1_452' title='bbox 3238 2244 3410 2313; x_wconf 90' lang='lat' dir='ltr'><strong>ipsum</strong></span> <span class='ocrx_word' id='word_1_453' title='bbox 3435 2240 3635 2294; x_wconf 80' lang='lat' dir='ltr'><strong>scribe-</strong></span> 
     </span>
    </p>
   </div>
   <div class='ocr_carea' id='block_1_68' title="bbox 2034 2332 3634 2415">
    <p class='ocr_par' dir='ltr' id='par_1_68' title="bbox 2034 2332 3634 2415">
     <span class='ocr_line' id='line_1_68' title="bbox 2034 2332 3634 2415; baseline -0.013 -12"><span class='ocrx_word' id='word_1_454' title='bbox 2034 2357 2138 2415; x_wconf 89' lang='lat' dir='ltr'><strong>rcl,</strong></span> <span class='ocrx_word' id='word_1_455' title='bbox 2165 2347 2330 2404; x_wconf 86' lang='lat' dir='ltr'><strong>sciret</strong></span> <span class='ocrx_word' id='word_1_456' title='bbox 2376 2345 2521 2402; x_wconf 89' lang='lat' dir='ltr'><strong>hunc</strong></span> <span class='ocrx_word' id='word_1_457' title='bbox 2539 2359 2701 2399; x_wconf 90' lang='lat' dir='ltr'><strong>unum</strong></span> <span class='ocrx_word' id='word_1_458' title='bbox 2723 2342 2791 2397; x_wconf 90' lang='lat' dir='ltr'><strong>de</strong></span> <span class='ocrx_word' id='word_1_459' title='bbox 2836 2338 3170 2404; x_wconf 77' lang='lat' dir='ltr'><strong>sacrificans,</strong></span> <span class='ocrx_word' id='word_1_460' title='bbox 3200 2335 3282 2390; x_wconf 90' lang='lat' dir='ltr'><strong>vel</strong></span> <span class='ocrx_word' id='word_1_461' title='bbox 3312 2332 3634 2395; x_wconf 67' lang='lat' dir='ltr'><strong>libellaticis,</strong></span> 
     </span>
    </p>
   </div>
   <div class='ocr_carea' id='block_1_69' title="bbox 2035 2425 3633 2495">
    <p class='ocr_par' dir='ltr' id='par_1_69' title="bbox 2035 2425 3633 2495">
     <span class='ocr_line' id='line_1_69' title="bbox 2035 2425 3633 2495; baseline -0.011 -1"><span class='ocrx_word' id='word_1_462' title='bbox 2035 2449 2127 2494; x_wconf 86' lang='lat' dir='ltr'><strong>aut</strong></span> <span class='ocrx_word' id='word_1_463' title='bbox 2157 2439 2424 2495; x_wconf 71' lang='lat' dir='ltr'><strong>haatcticis</strong></span> <span class='ocrx_word' id='word_1_464' title='bbox 2468 2451 2611 2494; x_wconf 89' lang='lat' dir='ltr'><strong>esse.</strong></span> <span class='ocrx_word' id='word_1_465' title='bbox 2673 2436 2855 2492; x_wconf 79' lang='lat' dir='ltr'><strong>Altera</strong></span> <span class='ocrx_word' id='word_1_466' title='bbox 2877 2440 3058 2489; x_wconf 82' lang='lat' dir='ltr'><strong>autem</strong></span> <span class='ocrx_word' id='word_1_467' title='bbox 3087 2430 3437 2484; x_wconf 71' lang='lat' dir='ltr'><strong>intcr‘Cuncra</strong></span> <span class='ocrx_word' id='word_1_468' title='bbox 3471 2425 3633 2479; x_wconf 81' lang='lat' dir='ltr'><strong>etiam</strong></span> 
     </span>
    </p>
   </div>
   <div class='ocr_carea' id='block_1_70' title="bbox 2036 2518 3638 2600">
    <p class='ocr_par' dir='ltr' id='par_1_70' title="bbox 2036 2518 3638 2600">
     <span class='ocr_line' id='line_1_70' title="bbox 2036 2518 3638 2600; baseline -0.011 -13"><span class='ocrx_word' id='word_1_469' title='bbox 2036 2531 2314 2587; x_wconf 89' lang='lat' dir='ltr'><strong>Fortunati</strong></span> <span class='ocrx_word' id='word_1_470' title='bbox 2362 2528 2934 2600; x_wconf 87' lang='lat' dir='ltr'><strong>pseudoepiscopatum</strong></span> <span class='ocrx_word' id='word_1_471' title='bbox 2966 2522 3141 2578; x_wconf 87' lang='lat' dir='ltr'><strong>eidem</strong></span> <span class='ocrx_word' id='word_1_472' title='bbox 3168 2518 3448 2575; x_wconf 85' lang='lat' dir='ltr'><strong>nuntiavit.</strong></span> <span class='ocrx_word' id='word_1_473' title='bbox 3509 2519 3638 2572; x_wconf 77' lang='lat' dir='ltr'><strong>Ain-</strong></span> 
     </span>
    </p>
   </div>
   <div class='ocr_carea' id='block_1_71' title="bbox 2035 2622 2835 2695">
    <p class='ocr_par' dir='ltr' id='par_1_71' title="bbox 2035 2622 2835 2695">
     <span class='ocr_line' id='line_1_71' title="bbox 2035 2622 2835 2695; baseline -0.006 -16"><span class='ocrx_word' id='word_1_474' title='bbox 2035 2622 2119 2681; x_wconf 83' lang='lat' dir='ltr'><strong>ba:</strong></span> <span class='ocrx_word' id='word_1_475' title='bbox 2149 2625 2404 2695; x_wconf 77' lang='lat' dir='ltr'><strong>Epistola:</strong></span> <span class='ocrx_word' id='word_1_476' title='bbox 2432 2622 2835 2678; x_wconf 88' lang='lat' dir='ltr'><strong>interciderunt.</strong></span> 
     </span>
    </p>
   </div>
   <div class='ocr_carea' id='block_1_72' title="bbox 2107 2706 3630 2789">
    <p class='ocr_par' dir='ltr' id='par_1_72' title="bbox 2107 2706 3630 2789">
     <span class='ocr_line' id='line_1_72' title="bbox 2107 2706 3630 2789; baseline -0.009 -15"><span class='ocrx_word' id='word_1_477' title='bbox 2107 2720 2192 2774; x_wconf 87' lang='lat' dir='ltr'><strong>Ex</strong></span> <span class='ocrx_word' id='word_1_478' title='bbox 2216 2717 2458 2789; x_wconf 86' lang='lat' dir='ltr'><strong>Epistola</strong></span> <span class='ocrx_word' id='word_1_479' title='bbox 2511 2732 2654 2782; x_wconf 82' lang='lat' dir='ltr'><strong>LVIII,</strong></span> <span class='ocrx_word' id='word_1_480' title='bbox 2690 2715 2823 2769; x_wconf 90' lang='lat' dir='ltr'><strong>alias</strong></span> <span class='ocrx_word' id='word_1_481' title='bbox 2872 2728 2978 2779; x_wconf 83' lang='lat' dir='ltr'><strong>th,</strong></span> <span class='ocrx_word' id='word_1_482' title='bbox 3022 2710 3090 2767; x_wconf 89' lang='lat' dir='ltr'><strong>ad</strong></span> <span class='ocrx_word' id='word_1_483' title='bbox 3117 2708 3342 2765; x_wconf 91' lang='lat' dir='ltr'><strong>Lucium</strong></span> <span class='ocrx_word' id='word_1_484' title='bbox 3374 2706 3630 2762; x_wconf 87' lang='lat' dir='ltr'><strong>manifes-</strong></span> 
     </span>
    </p>
   </div>
   <div class='ocr_carea' id='block_1_73' title="bbox 2035 2797 3621 2878">
    <p class='ocr_par' dir='ltr' id='par_1_73' title="bbox 2035 2797 3621 2878">
     <span class='ocr_line' id='line_1_73' title="bbox 2035 2797 3621 2878; baseline -0.009 -12"><span class='ocrx_word' id='word_1_485' title='bbox 2035 2819 2147 2867; x_wconf 89' lang='lat' dir='ltr'><strong>tum</strong></span> <span class='ocrx_word' id='word_1_486' title='bbox 2179 2809 2237 2864; x_wconf 80' lang='lat' dir='ltr'><strong>ﬁt</strong></span> <span class='ocrx_word' id='word_1_487' title='bbox 2255 2851 2270 2877; x_wconf 91' lang='lat'><strong>,</strong></span> <span class='ocrx_word' id='word_1_488' title='bbox 2296 2808 2553 2864; x_wconf 88' lang='lat' dir='ltr'><strong>Sanctum</strong></span> <span class='ocrx_word' id='word_1_489' title='bbox 2582 2805 2910 2878; x_wconf 88' lang='lat' dir='ltr'><strong>Cyprianum</strong></span> <span class='ocrx_word' id='word_1_490' title='bbox 2945 2818 3049 2858; x_wconf 88' lang='lat' dir='ltr'><strong>una</strong></span> <span class='ocrx_word' id='word_1_491' title='bbox 3076 2816 3200 2857; x_wconf 93' lang='lat' dir='ltr'><strong>cum</strong></span> <span class='ocrx_word' id='word_1_492' title='bbox 3241 2798 3454 2855; x_wconf 61' lang='lat' dir='ltr'><strong>caeteris</strong></span> <span class='ocrx_word' id='word_1_493' title='bbox 3480 2797 3621 2852; x_wconf 80' lang='lat' dir='ltr'><strong>Afri-</strong></span> 
     </span>
    </p>
   </div>
   <div class='ocr_carea' id='block_1_74' title="bbox 2034 2888 3629 2973">
    <p class='ocr_par' dir='ltr' id='par_1_74' title="bbox 2034 2888 3629 2973">
     <span class='ocr_line' id='line_1_74' title="bbox 2034 2888 3629 2973; baseline -0.011 -14"><span class='ocrx_word' id='word_1_494' title='bbox 2034 2917 2113 2959; x_wconf 73' lang='lat' dir='ltr'><strong>cae</strong></span> <span class='ocrx_word' id='word_1_495' title='bbox 2152 2901 2419 2973; x_wconf 88' lang='lat' dir='ltr'><strong>episcopis</strong></span> <span class='ocrx_word' id='word_1_496' title='bbox 2446 2910 2790 2955; x_wconf 86' lang='lat' dir='ltr'><strong>communem</strong></span> <span class='ocrx_word' id='word_1_497' title='bbox 2817 2893 2884 2950; x_wconf 90' lang='lat' dir='ltr'><strong>ad</strong></span> <span class='ocrx_word' id='word_1_498' title='bbox 2943 2892 3191 2949; x_wconf 89' lang='lat' dir='ltr'><strong>eumdem</strong></span> <span class='ocrx_word' id='word_1_499' title='bbox 3218 2890 3442 2945; x_wconf 89' lang='lat' dir='ltr'><strong>Lucium</strong></span> <span class='ocrx_word' id='word_1_500' title='bbox 3472 2894 3533 2943; x_wconf 83' lang='lat' dir='ltr'><strong>R.</strong></span> <span class='ocrx_word' id='word_1_501' title='bbox 3564 2888 3629 2942; x_wconf 89' lang='grc' dir='ltr'>Ρ.</span> 
     </span>
    </p>
   </div>
   <div class='ocr_carea' id='block_1_75' title="bbox 2035 2981 3623 3068">
    <p class='ocr_par' dir='ltr' id='par_1_75' title="bbox 2035 2981 3623 3068">
     <span class='ocr_line' id='line_1_75' title="bbox 2035 2981 3623 3068; baseline -0.013 -15"><span class='ocrx_word' id='word_1_502' title='bbox 2035 2995 2332 3068; x_wconf 80' lang='lat' dir='ltr'><strong>Epistolant</strong></span> <span class='ocrx_word' id='word_1_503' title='bbox 2353 2993 2591 3056; x_wconf 81' lang='lat' dir='ltr'><strong>dedisse,</strong></span> <span class='ocrx_word' id='word_1_504' title='bbox 2625 3007 2721 3061; x_wconf 90' lang='lat' dir='ltr'><strong>per</strong></span> <span class='ocrx_word' id='word_1_505' title='bbox 2746 3003 2906 3061; x_wconf 87' lang='lat' dir='ltr'><strong>quam</strong></span> <span class='ocrx_word' id='word_1_506' title='bbox 2936 2996 2991 3043; x_wconf 91' lang='lat' dir='ltr'><strong>et</strong></span> <span class='ocrx_word' id='word_1_507' title='bbox 3020 2984 3369 3042; x_wconf 82' lang='lat' dir='ltr'><strong>Pontiﬁcatus</strong></span> <span class='ocrx_word' id='word_1_508' title='bbox 3395 2981 3623 3053; x_wconf 89' lang='lat' dir='ltr'><strong>apicem,</strong></span> 
     </span>
    </p>
   </div>
   <div class='ocr_carea' id='block_1_76' title="bbox 2034 3070 3632 3154">
    <p class='ocr_par' dir='ltr' id='par_1_76' title="bbox 2034 3070 3632 3154">
     <span class='ocr_line' id='line_1_76' title="bbox 2034 3070 3632 3154; baseline -0.012 -9"><span class='ocrx_word' id='word_1_509' title='bbox 2034 3099 2091 3146; x_wconf 90' lang='lat' dir='ltr'><strong>et</strong></span> <span class='ocrx_word' id='word_1_510' title='bbox 2150 3083 2503 3144; x_wconf 83' lang='lat' dir='ltr'><strong>confessionis</strong></span> <span class='ocrx_word' id='word_1_511' title='bbox 2570 3083 2793 3154; x_wconf 82' lang='lat' dir='ltr'><strong>gloriam</strong></span> <span class='ocrx_word' id='word_1_512' title='bbox 2847 3080 2946 3151; x_wconf 90' lang='lat' dir='ltr'><strong>ipsi</strong></span> <span class='ocrx_word' id='word_1_513' title='bbox 2988 3075 3284 3148; x_wconf 83' lang='lat' dir='ltr'><strong>gratulatus</strong></span> <span class='ocrx_word' id='word_1_514' title='bbox 3330 3083 3435 3130; x_wconf 85' lang='lat' dir='ltr'><strong>est.</strong></span> <span class='ocrx_word' id='word_1_515' title='bbox 3505 3070 3632 3127; x_wconf 72' lang='lat' dir='ltr'><strong>Hmc</strong></span> 
     </span>
    </p>
   </div>
   <div class='ocr_carea' id='block_1_77' title="bbox 1956 3166 3625 3255">
    <p class='ocr_par' dir='ltr' id='par_1_77' title="bbox 1956 3166 3625 3255">
     <span class='ocr_line' id='line_1_77' title="bbox 1956 3166 3625 3255; baseline -0.011 -18"><span class='ocrx_word' id='word_1_516' title='bbox 1956 3183 2001 3247; x_wconf 87' lang='lat' dir='ltr'><strong>C</strong></span> <span class='ocrx_word' id='word_1_517' title='bbox 2036 3182 2148 3255; x_wconf 82' lang='lat' dir='ltr'><strong>ipsa</strong></span> <span class='ocrx_word' id='word_1_518' title='bbox 2194 3181 2359 3237; x_wconf 89' lang='lat' dir='ltr'><strong>etiam</strong></span> <span class='ocrx_word' id='word_1_519' title='bbox 2408 3176 2767 3235; x_wconf 81' lang='lat' dir='ltr'><strong>desideratur.</strong></span> <span class='ocrx_word' id='word_1_520' title='bbox 2819 3172 3058 3229; x_wconf 87' lang='lat' dir='ltr'><strong>Tandem</strong></span> <span class='ocrx_word' id='word_1_521' title='bbox 3108 3170 3269 3227; x_wconf 86' lang='lat' dir='ltr'><strong>etiam</strong></span> <span class='ocrx_word' id='word_1_522' title='bbox 3323 3168 3519 3223; x_wconf 79' lang='lat' dir='ltr'><strong>littera:</strong></span> <span class='ocrx_word' id='word_1_523' title='bbox 3567 3166 3625 3220; x_wconf 90' lang='lat' dir='ltr'><strong>S.</strong></span> 
     </span>
    </p>
   </div>
   <div class='ocr_carea' id='block_1_78' title="bbox 2036 3256 3635 3346">
    <p class='ocr_par' dir='ltr' id='par_1_78' title="bbox 2036 3256 3635 3346">
     <span class='ocr_line' id='line_1_78' title="bbox 2036 3256 3635 3346; baseline -0.013 -17"><span class='ocrx_word' id='word_1_524' title='bbox 2036 3270 2286 3346; x_wconf 87' lang='lat' dir='ltr'><strong>Cypriani</strong></span> <span class='ocrx_word' id='word_1_525' title='bbox 2344 3287 2441 3343; x_wconf 89' lang='lat' dir='ltr'><strong>per</strong></span> <span class='ocrx_word' id='word_1_526' title='bbox 2501 3270 2791 3325; x_wconf 91' lang='lat' dir='ltr'><strong>Diaconum</strong></span> <span class='ocrx_word' id='word_1_527' title='bbox 2842 3263 3201 3335; x_wconf 83' lang='lat' dir='ltr'><strong>Rogatianum</strong></span> <span class='ocrx_word' id='word_1_528' title='bbox 3245 3260 3314 3315; x_wconf 89' lang='lat' dir='ltr'><strong>ad</strong></span> <span class='ocrx_word' id='word_1_529' title='bbox 3364 3256 3635 3314; x_wconf 89' lang='lat' dir='ltr'><strong>Firmilia-</strong></span> 
     </span>
    </p>
   </div>
   <div class='ocr_carea' id='block_1_79' title="bbox 2036 3350 3634 3436">
    <p class='ocr_par' dir='ltr' id='par_1_79' title="bbox 2036 3350 3634 3436">
     <span class='ocr_line' id='line_1_79' title="bbox 2036 3350 3634 3436; baseline -0.012 -12"><span class='ocrx_word' id='word_1_530' title='bbox 2036 3384 2165 3424; x_wconf 90' lang='lat' dir='ltr'><strong>num</strong></span> <span class='ocrx_word' id='word_1_531' title='bbox 2188 3367 2388 3433; x_wconf 69' lang='lat' dir='ltr'><strong>misszc,</strong></span> <span class='ocrx_word' id='word_1_532' title='bbox 2433 3364 2626 3436; x_wconf 91' lang='lat' dir='ltr'><strong>quibus</strong></span> <span class='ocrx_word' id='word_1_533' title='bbox 2655 3377 2776 3418; x_wconf 91' lang='lat' dir='ltr'><strong>cum</strong></span> <span class='ocrx_word' id='word_1_534' title='bbox 2801 3359 2869 3414; x_wconf 91' lang='lat' dir='ltr'><strong>de</strong></span> <span class='ocrx_word' id='word_1_535' title='bbox 2892 3357 3230 3414; x_wconf 88' lang='lat' dir='ltr'><strong>dissensione</strong></span> <span class='ocrx_word' id='word_1_536' title='bbox 3246 3370 3367 3410; x_wconf 90' lang='lat' dir='ltr'><strong>cum</strong></span> <span class='ocrx_word' id='word_1_537' title='bbox 3400 3350 3634 3422; x_wconf 86' lang='lat' dir='ltr'><strong>Stepha-</strong></span> 
     </span>
    </p>
   </div>
   <div class='ocr_carea' id='block_1_80' title="bbox 2036 3440 3627 3526">
    <p class='ocr_par' dir='ltr' id='par_1_80' title="bbox 2036 3440 3627 3526">
     <span class='ocr_line' id='line_1_80' title="bbox 2036 3440 3627 3526; baseline -0.014 -7"><span class='ocrx_word' id='word_1_538' title='bbox 2036 3477 2109 3519; x_wconf 92' lang='lat' dir='ltr'><strong>no</strong></span> <span class='ocrx_word' id='word_1_539' title='bbox 2132 3461 2418 3517; x_wconf 88' lang='lat' dir='ltr'><strong>ccrtiorem</strong></span> <span class='ocrx_word' id='word_1_540' title='bbox 2451 3457 2707 3520; x_wconf 83' lang='lat' dir='ltr'><strong>faciebat,</strong></span> <span class='ocrx_word' id='word_1_541' title='bbox 2750 3449 3246 3526; x_wconf 79' lang='lat' dir='ltr'><strong>(quemadmodum</strong></span> <span class='ocrx_word' id='word_1_542' title='bbox 3290 3462 3358 3504; x_wconf 88' lang='lat' dir='ltr'><strong>ex</strong></span> <span class='ocrx_word' id='word_1_543' title='bbox 3385 3440 3627 3516; x_wconf 88' lang='lat' dir='ltr'><strong>Epistola</strong></span> 
     </span>
    </p>
   </div>
   <div class='ocr_carea' id='block_1_81' title="bbox 2035 3540 3622 3624">
    <p class='ocr_par' dir='ltr' id='par_1_81' title="bbox 2035 3540 3622 3624">
     <span class='ocr_line' id='line_1_81' title="bbox 2035 3540 3622 3624; baseline -0.011 -12"><span class='ocrx_word' id='word_1_544' title='bbox 2035 3554 2334 3612; x_wconf 88' lang='lat' dir='ltr'><strong>Firmiliaui</strong></span> <span class='ocrx_word' id='word_1_545' title='bbox 2402 3553 2470 3609; x_wconf 85' lang='lat' dir='ltr'><strong>ad</strong></span> <span class='ocrx_word' id='word_1_546' title='bbox 2520 3550 2845 3624; x_wconf 89' lang='lat' dir='ltr'><strong>Cyprianum</strong></span> <span class='ocrx_word' id='word_1_547' title='bbox 2892 3561 3030 3603; x_wconf 75' lang='lat' dir='ltr'><strong>uxv</strong></span> <span class='ocrx_word' id='word_1_548' title='bbox 3090 3542 3345 3614; x_wconf 91' lang='lat' dir='ltr'><strong>eruitur)</strong></span> <span class='ocrx_word' id='word_1_549' title='bbox 3399 3540 3622 3597; x_wconf 90' lang='lat' dir='ltr'><strong>interci-</strong></span> 
     </span>
    </p>
   </div>
   <div class='ocr_carea' id='block_1_82' title="bbox 2035 3650 3357 3707">
    <p class='ocr_par' dir='ltr' id='par_1_82' title="bbox 2035 3650 3357 3707">
     <span class='ocr_line' id='line_1_82' title="bbox 2035 3650 3357 3707; baseline -0.002 0"><span class='ocrx_word' id='word_1_550' title='bbox 2035 3650 2249 3707; x_wconf 88' lang='lat' dir='ltr'><strong>derunt.</strong></span> <span class='ocrx_word' id='word_1_551' title='bbox 3356 3684 3357 3687; x_wconf 62' lang='grc' dir='ltr'><strong>η</strong></span> 
     </span>
    </p>
   </div>
   <div class='ocr_carea' id='block_1_83' title="bbox 2111 3729 3629 3802">
    <p class='ocr_par' dir='ltr' id='par_1_83' title="bbox 2111 3729 3629 3802">
     <span class='ocr_line' id='line_1_83' title="bbox 2111 3729 3629 3802; baseline -0.016 0"><span class='ocrx_word' id='word_1_552' title='bbox 2111 3747 2172 3802; x_wconf 89' lang='lat' dir='ltr'><strong>ll.</strong></span> <span class='ocrx_word' id='word_1_553' title='bbox 2231 3743 2454 3801; x_wconf 85' lang='lat' dir='ltr'><strong>Pontius</strong></span> <span class='ocrx_word' id='word_1_554' title='bbox 2500 3740 2766 3796; x_wconf 87' lang='lat' dir='ltr'><strong>Diacouus</strong></span> <span class='ocrx_word' id='word_1_555' title='bbox 2803 3731 3265 3791; x_wconf 88' lang='lat' dir='ltr'><strong>enumerationem</strong></span> <span class='ocrx_word' id='word_1_556' title='bbox 3305 3729 3629 3798; x_wconf 89' lang='lat' dir='ltr'><strong>scriptorum</strong></span> 
     </span>
    </p>
   </div>
   <div class='ocr_carea' id='block_1_84' title="bbox 2034 3818 3632 3911">
    <p class='ocr_par' dir='ltr' id='par_1_84' title="bbox 2034 3818 3632 3911">
     <span class='ocr_line' id='line_1_84' title="bbox 2034 3818 3632 3911; baseline -0.016 -16"><span class='ocrx_word' id='word_1_557' title='bbox 2034 3839 2093 3896; x_wconf 90' lang='grc'><strong>8.</strong></span> <span class='ocrx_word' id='word_1_558' title='bbox 2139 3836 2389 3911; x_wconf 88' lang='lat' dir='ltr'><strong>Cypriani</strong></span> <span class='ocrx_word' id='word_1_559' title='bbox 2430 3833 2579 3888; x_wconf 86' lang='lat' dir='ltr'><strong>hisce</strong></span> <span class='ocrx_word' id='word_1_560' title='bbox 2603 3826 2875 3887; x_wconf 87' lang='lat' dir='ltr'><strong>concludit</strong></span> <span class='ocrx_word' id='word_1_561' title='bbox 2899 3824 3077 3880; x_wconf 89' lang='lat' dir='ltr'><strong>verbis</strong></span> <span class='ocrx_word' id='word_1_562' title='bbox 3107 3821 3188 3894; x_wconf 77' lang='grc'><strong>(5)</strong></span> <span class='ocrx_word' id='word_1_563' title='bbox 3224 3838 3238 3873; x_wconf 89' lang='lat'><strong>:</strong></span> <span class='ocrx_word' id='word_1_564' title='bbox 3272 3819 3398 3887; x_wconf 68' lang='lat' dir='ltr'><strong>Qui:</strong></span> <span class='ocrx_word' id='word_1_565' title='bbox 3417 3818 3632 3911; x_wconf 75' lang='lat' dir='ltr'><strong>denique</strong></span> 
     </span>
    </p>
   </div>
   <div class='ocr_carea' id='block_1_85' title="bbox 2037 3910 3629 4000">
    <p class='ocr_par' dir='ltr' id='par_1_85' title="bbox 2037 3910 3629 4000">
     <span class='ocr_line' id='line_1_85' title="bbox 2037 3910 3629 4000; baseline -0.017 -12"><span class='ocrx_word' id='word_1_566' title='bbox 2037 3941 2109 3987; x_wconf 84' lang='lat' dir='ltr'><strong>tot</strong></span> <span class='ocrx_word' id='word_1_567' title='bbox 2136 3934 2470 4000; x_wconf 72' lang='lat' dir='ltr'><strong>confessdres,</strong></span> <span class='ocrx_word' id='word_1_568' title='bbox 2500 3923 2745 3998; x_wconf 64' lang='lat' dir='ltr'><strong>frontium</strong></span> <span class='ocrx_word' id='word_1_569' title='bbox 2771 3929 3063 3975; x_wconf 85' lang='lat' dir='ltr'><strong>notatarum</strong></span> <span class='ocrx_word' id='word_1_570' title='bbox 3091 3913 3313 3970; x_wconf 82' lang='lat' dir='ltr'><strong>secunda</strong></span> <span class='ocrx_word' id='word_1_571' title='bbox 3334 3910 3629 3981; x_wconf 76' lang='lat' dir='ltr'><strong>inscriptio-</strong></span> 
     </span>
    </p>
   </div>
   <div class='ocr_carea' id='block_1_86' title="bbox 2038 4003 3629 4095">
    <p class='ocr_par' dir='ltr' id='par_1_86' title="bbox 2038 4003 3629 4095">
     <span class='ocr_line' id='line_1_86' title="bbox 2038 4003 3629 4095; baseline -0.016 -16"><span class='ocrx_word' id='word_1_572' title='bbox 2038 4041 2101 4079; x_wconf 85' lang='lat' dir='ltr'><strong>ne</strong></span> <span class='ocrx_word' id='word_1_573' title='bbox 2125 4024 2371 4095; x_wconf 79' lang='lat' dir='ltr'><strong>signatos,</strong></span> <span class='ocrx_word' id='word_1_574' title='bbox 2404 4028 2450 4072; x_wconf 84' lang='lat' dir='ltr'><strong>et</strong></span> <span class='ocrx_word' id='word_1_575' title='bbox 2471 4017 2538 4071; x_wconf 86' lang='lat' dir='ltr'><strong>ad</strong></span> <span class='ocrx_word' id='word_1_576' title='bbox 2563 4012 2850 4085; x_wconf 75' lang='lat' dir='ltr'><strong>exemplum</strong></span> <span class='ocrx_word' id='word_1_577' title='bbox 2877 4008 3111 4081; x_wconf 83' lang='lat' dir='ltr'><strong>martyrii</strong></span> <span class='ocrx_word' id='word_1_578' title='bbox 3140 4003 3436 4077; x_wconf 76' lang='lat' dir='ltr'><strong>superstites</strong></span> <span class='ocrx_word' id='word_1_579' title='bbox 3462 4016 3629 4056; x_wconf 82' lang='lat' dir='ltr'><strong>rescr-</strong></span> 
     </span>
    </p>
   </div>
   <div class='ocr_carea' id='block_1_87' title="bbox 2038 4099 3187 4190">
    <p class='ocr_par' dir='ltr' id='par_1_87' title="bbox 2038 4099 3187 4190">
     <span class='ocr_line' id='line_1_87' title="bbox 2038 4099 3187 4190; baseline -0.018 -16"><span class='ocrx_word' id='word_1_580' title='bbox 2038 4128 2203 4183; x_wconf 78' lang='lat' dir='ltr'><strong>vatos,</strong></span> <span class='ocrx_word' id='word_1_581' title='bbox 2229 4110 2477 4190; x_wconf 66' lang='lat' dir='ltr'><strong>incentivo</strong></span> <span class='ocrx_word' id='word_1_582' title='bbox 2507 4106 2639 4162; x_wconf 82' lang='lat' dir='ltr'><strong>tuba:</strong></span> <span class='ocrx_word' id='word_1_583' title='bbox 2660 4105 2873 4161; x_wconf 76' lang='lat' dir='ltr'><strong>ccclesiis</strong></span> <span class='ocrx_word' id='word_1_584' title='bbox 2897 4099 3187 4157; x_wconf 82' lang='lat' dir='ltr'><strong>animaret?</strong></span> 
     </span>
    </p>
   </div>
   <div class='ocr_carea' id='block_1_88' title="bbox 2110 4188 3631 4271">
    <p class='ocr_par' dir='ltr' id='par_1_88' title="bbox 2110 4188 3631 4271">
     <span class='ocr_line' id='line_1_88' title="bbox 2110 4188 3631 4271; baseline -0.018 -5"><span class='ocrx_word' id='word_1_585' title='bbox 2110 4210 2244 4267; x_wconf 90' lang='lat' dir='ltr'><strong>Cum</strong></span> <span class='ocrx_word' id='word_1_586' title='bbox 2270 4188 2486 4262; x_wconf 74' lang='lat' dir='ltr'><strong>sanctus</strong></span> <span class='ocrx_word' id='word_1_587' title='bbox 2511 4200 2732 4258; x_wconf 87' lang='lat' dir='ltr'><strong>Pontius</strong></span> <span class='ocrx_word' id='word_1_588' title='bbox 2759 4195 3015 4271; x_wconf 89' lang='lat' dir='ltr'><strong>Cypriani</strong></span> <span class='ocrx_word' id='word_1_589' title='bbox 3063 4195 3270 4249; x_wconf 89' lang='lat' dir='ltr'><strong>litteras</strong></span> <span class='ocrx_word' id='word_1_590' title='bbox 3300 4190 3443 4246; x_wconf 91' lang='lat' dir='ltr'><strong>inter</strong></span> <span class='ocrx_word' id='word_1_591' title='bbox 3464 4188 3631 4258; x_wconf 81' lang='lat' dir='ltr'><strong>ipsius</strong></span> 
     </span>
    </p>
   </div>
   <div class='ocr_carea' id='block_1_89' title="bbox 2039 4273 3609 4377">
    <p class='ocr_par' dir='ltr' id='par_1_89' title="bbox 2039 4273 3609 4377">
     <span class='ocr_line' id='line_1_89' title="bbox 2039 4273 3609 4377; baseline -0.018 -16"><span class='ocrx_word' id='word_1_592' title='bbox 2039 4319 2203 4377; x_wconf 90' lang='lat' dir='ltr'><strong>opera</strong></span> <span class='ocrx_word' id='word_1_593' title='bbox 2255 4315 2360 4355; x_wconf 91' lang='lat' dir='ltr'><strong>non</strong></span> <span class='ocrx_word' id='word_1_594' title='bbox 2404 4293 2757 4365; x_wconf 90' lang='lat' dir='ltr'><strong>computarit,</strong></span> <span class='ocrx_word' id='word_1_595' title='bbox 2816 4297 3003 4346; x_wconf 91' lang='lat' dir='ltr'><strong>censet</strong></span> <span class='ocrx_word' id='word_1_596' title='bbox 3030 4273 3376 4343; x_wconf 85' lang='lat' dir='ltr'><strong>doctissimus</strong></span> <span class='ocrx_word' id='word_1_597' title='bbox 3419 4279 3609 4336; x_wconf 87' lang='lat' dir='ltr'><strong>Ceillie</strong></span> 
     </span>
    </p>
   </div>
   <div class='ocr_carea' id='block_1_90' title="bbox 2040 4373 3606 4470">
    <p class='ocr_par' dir='ltr' id='par_1_90' title="bbox 2040 4373 3606 4470">
     <span class='ocr_line' id='line_1_90' title="bbox 2040 4373 3606 4470; baseline -0.02 -14"><span class='ocrx_word' id='word_1_598' title='bbox 2040 4373 2153 4456; x_wconf 78' lang='lat' dir='ltr'><strong>rius</strong></span> <span class='ocrx_word' id='word_1_599' title='bbox 2195 4396 2297 4470; x_wconf 74' lang='grc'><strong>(4),</strong></span> <span class='ocrx_word' id='word_1_600' title='bbox 2325 4391 2534 4449; x_wconf 86' lang='lat' dir='ltr'><strong>laudata</strong></span> <span class='ocrx_word' id='word_1_601' title='bbox 2565 4388 2726 4445; x_wconf 89' lang='lat' dir='ltr'><strong>verba</strong></span> <span class='ocrx_word' id='word_1_602' title='bbox 2750 4383 2891 4440; x_wconf 92' lang='lat' dir='ltr'><strong>haud</strong></span> <span class='ocrx_word' id='word_1_603' title='bbox 2923 4379 3109 4438; x_wconf 87' lang='lat' dir='ltr'><strong>referri</strong></span> <span class='ocrx_word' id='word_1_604' title='bbox 3147 4392 3304 4449; x_wconf 90' lang='lat' dir='ltr'><strong>posse</strong></span> <span class='ocrx_word' id='word_1_605' title='bbox 3325 4374 3400 4470; x_wconf 83' lang='lat' dir='ltr'><strong>ad</strong></span> <span class='ocrx_word' id='word_1_606' title='bbox 3421 4373 3606 4470; x_wconf 76' lang='lat' dir='ltr'><strong>Episto</strong></span> 
     </span>
    </p>
   </div>
   <div class='ocr_carea' id='block_1_91' title="bbox 2043 4463 3635 4554">
    <p class='ocr_par' dir='ltr' id='par_1_91' title="bbox 2043 4463 3635 4554">
     <span class='ocr_line' id='line_1_91' title="bbox 2043 4463 3635 4554; baseline -0.021 -5"><span class='ocrx_word' id='word_1_607' title='bbox 2043 4494 2148 4549; x_wconf 87' lang='lat' dir='ltr'><strong>lam</strong></span> <span class='ocrx_word' id='word_1_608' title='bbox 2188 4463 2364 4547; x_wconf 59' lang='lat' dir='ltr'><strong>cxsvn</strong></span> <span class='ocrx_word' id='word_1_609' title='bbox 2393 4528 2408 4554; x_wconf 92' lang='lat'><strong>,</strong></span> <span class='ocrx_word' id='word_1_610' title='bbox 2460 4485 2513 4539; x_wconf 94' lang='lat' dir='ltr'><strong>in</strong></span> <span class='ocrx_word' id='word_1_611' title='bbox 2569 4495 2671 4554; x_wconf 87' lang='lat' dir='ltr'><strong>qua</strong></span> <span class='ocrx_word' id='word_1_612' title='bbox 2742 4475 3084 4533; x_wconf 85' lang='lat' dir='ltr'><strong>confcssorcs</strong></span> <span class='ocrx_word' id='word_1_613' title='bbox 3127 4469 3194 4525; x_wconf 90' lang='lat' dir='ltr'><strong>ad</strong></span> <span class='ocrx_word' id='word_1_614' title='bbox 3224 4464 3435 4524; x_wconf 87' lang='lat' dir='ltr'><strong>metalla</strong></span> <span class='ocrx_word' id='word_1_615' title='bbox 3480 4463 3635 4518; x_wconf 84' lang='lat' dir='ltr'><strong>dam-</strong></span> 
     </span>
    </p>
   </div>
   <div class='ocr_carea' id='block_1_92' title="bbox 339 4552 3638 4645">
    <p class='ocr_par' dir='ltr' id='par_1_92' title="bbox 339 4552 3638 4645">
     <span class='ocr_line' id='line_1_92' title="bbox 339 4552 3638 4645; baseline -0.012 1"><span class='ocrx_word' id='word_1_616' title='bbox 339 4556 434 4614; x_wconf 71' lang='grc'><strong>⁸⁰¹¹</strong></span> <span class='ocrx_word' id='word_1_617' title='bbox 468 4557 629 4613; x_wconf 55' lang='lat' dir='ltr'><strong>&quot;imis</strong></span> <span class='ocrx_word' id='word_1_618' title='bbox 657 4556 914 4612; x_wconf 63' lang='lat' dir='ltr'><strong>audacem</strong></span> <span class='ocrx_word' id='word_1_619' title='bbox 945 4572 1006 4614; x_wconf 71' lang='grc'><strong>⁵⁸</strong></span> <span class='ocrx_word' id='word_1_620' title='bbox 1034 4557 1277 4645; x_wconf 55' lang='grc' dir='ltr'><strong>(ἷκδίδυίί</strong></span> <span class='ocrx_word' id='word_1_621' title='bbox 1303 4555 1512 4619; x_wconf 60' lang='lat' dir='ltr'><strong>Edim&quot;</strong></span> <span class='ocrx_word' id='word_1_622' title='bbox 1566 4554 1678 4626; x_wconf 66' lang='lat' dir='ltr'><strong>quit</strong></span> <span class='ocrx_word' id='word_1_623' title='bbox 1708 4552 1934 4609; x_wconf 63' lang='grc' dir='ltr'><strong>νί⁰¹³ί³⁵</strong></span> <span class='ocrx_word' id='word_1_624' title='bbox 1961 4583 2017 4645; x_wconf 77' lang='grc' dir='ltr'><strong>Ι)</strong></span> <span class='ocrx_word' id='word_1_625' title='bbox 2045 4594 2196 4640; x_wconf 88' lang='lat' dir='ltr'><strong>natos</strong></span> <span class='ocrx_word' id='word_1_626' title='bbox 2228 4581 2327 4636; x_wconf 89' lang='lat' dir='ltr'><strong>sub</strong></span> <span class='ocrx_word' id='word_1_627' title='bbox 2372 4552 2659 4635; x_wconf 61' lang='lat' dir='ltr'><strong>Valeriano</strong></span> <span class='ocrx_word' id='word_1_628' title='bbox 2685 4569 2923 4632; x_wconf 90' lang='lat' dir='ltr'><strong>solatur;</strong></span> <span class='ocrx_word' id='word_1_629' title='bbox 2961 4563 3054 4620; x_wconf 88' lang='lat' dir='ltr'><strong>sed</strong></span> <span class='ocrx_word' id='word_1_630' title='bbox 3095 4561 3377 4632; x_wconf 88' lang='lat' dir='ltr'><strong>designare</strong></span> <span class='ocrx_word' id='word_1_631' title='bbox 3420 4552 3638 4627; x_wconf 90' lang='lat' dir='ltr'><strong>aliquod</strong></span> 
     </span>
    </p>
   </div>
   <div class='ocr_carea' id='block_1_93' title="bbox 341 4636 1937 4721">
    <p class='ocr_par' dir='ltr' id='par_1_93' title="bbox 341 4636 1937 4721">
     <span class='ocr_line' id='line_1_93' title="bbox 341 4636 1937 4721; baseline -0.001 -18"><span class='ocrx_word' id='word_1_632' title='bbox 341 4662 371 4703; x_wconf 90' lang='lat' dir='ltr'><strong>a</strong></span> <span class='ocrx_word' id='word_1_633' title='bbox 400 4648 689 4721; x_wconf 86' lang='lat' dir='ltr'><strong>Cypriano,</strong></span> <span class='ocrx_word' id='word_1_634' title='bbox 731 4649 974 4720; x_wconf 89' lang='lat' dir='ltr'><strong>quisquis</strong></span> <span class='ocrx_word' id='word_1_635' title='bbox 1011 4636 1101 4704; x_wconf 90' lang='lat' dir='ltr'><strong>ille</strong></span> <span class='ocrx_word' id='word_1_636' title='bbox 1122 4648 1311 4720; x_wconf 64' lang='lat' dir='ltr'><strong>fuerit,</strong></span> <span class='ocrx_word' id='word_1_637' title='bbox 1349 4648 1506 4703; x_wconf 91' lang='lat' dir='ltr'><strong>metri</strong></span> <span class='ocrx_word' id='word_1_638' title='bbox 1528 4648 1699 4719; x_wconf 82' lang='lat' dir='ltr'><strong>leges,</strong></span> <span class='ocrx_word' id='word_1_639' title='bbox 1765 4646 1937 4701; x_wconf 83' lang='lat' dir='ltr'><strong>humi-</strong></span> 
     </span>
    </p>
   </div>
   <div class='ocr_carea' id='block_1_94' title="bbox 340 4738 1939 4812">
    <p class='ocr_par' dir='ltr' id='par_1_94' title="bbox 340 4738 1939 4812">
     <span class='ocr_line' id='line_1_94' title="bbox 340 4738 1939 4812; baseline -0.003 -15"><span class='ocrx_word' id='word_1_640' title='bbox 340 4740 555 4811; x_wconf 88' lang='lat' dir='ltr'><strong>lemque</strong></span> <span class='ocrx_word' id='word_1_641' title='bbox 575 4740 773 4812; x_wconf 90' lang='lat' dir='ltr'><strong>stylum</strong></span> <span class='ocrx_word' id='word_1_642' title='bbox 823 4741 1162 4812; x_wconf 88' lang='lat' dir='ltr'><strong>impatienter</strong></span> <span class='ocrx_word' id='word_1_643' title='bbox 1204 4738 1404 4805; x_wconf 89' lang='lat' dir='ltr'><strong>ferens,</strong></span> <span class='ocrx_word' id='word_1_644' title='bbox 1448 4740 1765 4810; x_wconf 90' lang='lat' dir='ltr'><strong>opusculum</strong></span> <span class='ocrx_word' id='word_1_645' title='bbox 1798 4738 1939 4794; x_wconf 89' lang='lat' dir='ltr'><strong>istud</strong></span> 
     </span>
    </p>
   </div>
   <div class='ocr_carea' id='block_1_95' title="bbox 341 4830 1938 4907">
    <p class='ocr_par' dir='ltr' id='par_1_95' title="bbox 341 4830 1938 4907">
     <span class='ocr_line' id='line_1_95' title="bbox 341 4830 1938 4907; baseline -0.003 -16"><span class='ocrx_word' id='word_1_646' title='bbox 341 4834 758 4907; x_wconf 78' lang='lat' dir='ltr'><strong>elegantioribns</strong></span> <span class='ocrx_word' id='word_1_647' title='bbox 788 4833 1037 4890; x_wconf 87' lang='lat' dir='ltr'><strong>versibus</strong></span> <span class='ocrx_word' id='word_1_648' title='bbox 1062 4832 1289 4889; x_wconf 89' lang='lat' dir='ltr'><strong>reddere</strong></span> <span class='ocrx_word' id='word_1_649' title='bbox 1330 4844 1555 4889; x_wconf 90' lang='lat' dir='ltr'><strong>conatus</strong></span> <span class='ocrx_word' id='word_1_650' title='bbox 1591 4841 1693 4888; x_wconf 91' lang='lat' dir='ltr'><strong>est.</strong></span> <span class='ocrx_word' id='word_1_651' title='bbox 1764 4830 1938 4888; x_wconf 83' lang='lat' dir='ltr'><strong>Dede-</strong></span> 
     </span>
    </p>
   </div>
   <div class='ocr_carea' id='block_1_96' title="bbox 340 4926 1951 5005">
    <p class='ocr_par' dir='ltr' id='par_1_96' title="bbox 340 4926 1951 5005">
     <span class='ocr_line' id='line_1_96' title="bbox 340 4926 1951 5005; baseline -0.004 -18"><span class='ocrx_word' id='word_1_652' title='bbox 340 4942 469 4987; x_wconf 90' lang='lat' dir='ltr'><strong>runt</strong></span> <span class='ocrx_word' id='word_1_653' title='bbox 493 4931 655 5003; x_wconf 84' lang='lat' dir='ltr'><strong>igitur</strong></span> <span class='ocrx_word' id='word_1_654' title='bbox 691 4946 909 5002; x_wconf 91' lang='lat' dir='ltr'><strong>operam</strong></span> <span class='ocrx_word' id='word_1_655' title='bbox 939 4930 1175 4987; x_wconf 82' lang='lat' dir='ltr'><strong>lllartene</strong></span> <span class='ocrx_word' id='word_1_656' title='bbox 1203 4937 1259 4985; x_wconf 91' lang='lat' dir='ltr'><strong>et</strong></span> <span class='ocrx_word' id='word_1_657' title='bbox 1286 4928 1522 4996; x_wconf 86' lang='lat' dir='ltr'><strong>Durand,</strong></span> <span class='ocrx_word' id='word_1_658' title='bbox 1570 4937 1630 4983; x_wconf 88' lang='grc' dir='ltr'><strong>ιιι</strong></span> <span class='ocrx_word' id='word_1_659' title='bbox 1659 4943 1723 4983; x_wconf 83' lang='lat' dir='ltr'><strong>ex</strong></span> <span class='ocrx_word' id='word_1_660' title='bbox 1756 4926 1951 5005; x_wconf 36' lang='lat' dir='ltr'><strong>lauda:</strong></span> 
     </span>
    </p>
   </div>
   <div class='ocr_carea' id='block_1_97' title="bbox 344 5020 1943 5095">
    <p class='ocr_par' dir='ltr' id='par_1_97' title="bbox 344 5020 1943 5095">
     <span class='ocr_line' id='line_1_97' title="bbox 344 5020 1943 5095; baseline -0.003 -15"><span class='ocrx_word' id='word_1_661' title='bbox 344 5034 398 5080; x_wconf 94' lang='lat' dir='ltr'><strong>to</strong></span> <span class='ocrx_word' id='word_1_662' title='bbox 442 5040 544 5080; x_wconf 89' lang='lat' dir='ltr'><strong>ms.</strong></span> <span class='ocrx_word' id='word_1_663' title='bbox 580 5024 678 5079; x_wconf 90' lang='lat' dir='ltr'><strong>hoc</strong></span> <span class='ocrx_word' id='word_1_664' title='bbox 720 5023 969 5092; x_wconf 85' lang='lat' dir='ltr'><strong>Carmen,</strong></span> <span class='ocrx_word' id='word_1_665' title='bbox 1010 5024 1169 5095; x_wconf 91' lang='lat' dir='ltr'><strong>quale</strong></span> <span class='ocrx_word' id='word_1_666' title='bbox 1212 5022 1513 5078; x_wconf 88' lang='lat' dir='ltr'><strong>abauctore</strong></span> <span class='ocrx_word' id='word_1_667' title='bbox 1556 5020 1775 5094; x_wconf 88' lang='lat' dir='ltr'><strong>prodiit,</strong></span> <span class='ocrx_word' id='word_1_668' title='bbox 1830 5034 1943 5077; x_wconf 82' lang='lat' dir='ltr'><strong>sua:</strong></span> 
     </span>
    </p>
   </div>
   <div class='ocr_carea' id='block_1_98' title="bbox 343 5118 1029 5190">
    <p class='ocr_par' dir='ltr' id='par_1_98' title="bbox 343 5118 1029 5190">
     <span class='ocr_line' id='line_1_98' title="bbox 343 5118 1029 5190; baseline -0.003 -15"><span class='ocrx_word' id='word_1_669' title='bbox 343 5119 695 5175; x_wconf 88' lang='lat' dir='ltr'><strong>restituerunt</strong></span> <span class='ocrx_word' id='word_1_670' title='bbox 720 5118 1029 5190; x_wconf 80' lang='lat' dir='ltr'><strong>integritati.</strong></span> 
     </span>
    </p>
   </div>
   <div class='ocr_carea' id='block_1_99' title="bbox 889 5298 1402 5357">
    <p class='ocr_par' dir='ltr' id='par_1_99' title="bbox 889 5298 1402 5357">
     <span class='ocr_line' id='line_1_99' title="bbox 889 5298 1402 5357; baseline -0.008 0"><span class='ocrx_word' id='word_1_671' title='bbox 889 5298 1279 5357; x_wconf 79' lang='lat' dir='ltr'><strong>AR&#39;I‘ICULUS</strong></span> <span class='ocrx_word' id='word_1_672' title='bbox 1319 5298 1402 5354; x_wconf 82' lang='lat' dir='ltr'><strong>Ill.</strong></span> 
     </span>
    </p>
   </div>
   <div class='ocr_carea' id='block_1_100' title="bbox 453 5459 1835 5547">
    <p class='ocr_par' dir='ltr' id='par_1_100' title="bbox 453 5459 1835 5547">
     <span class='ocr_line' id='line_1_100' title="bbox 453 5459 1835 5547; baseline -0.004 -27"><span class='ocrx_word' id='word_1_673' title='bbox 453 5464 535 5547; x_wconf 78' lang='lat' dir='ltr'><strong>De</strong></span> <span class='ocrx_word' id='word_1_674' title='bbox 556 5463 864 5538; x_wconf 80' lang='lat' dir='ltr'><strong>quibusdam</strong></span> <span class='ocrx_word' id='word_1_675' title='bbox 894 5462 954 5519; x_wconf 88' lang='lat' dir='ltr'><strong>S.</strong></span> <span class='ocrx_word' id='word_1_676' title='bbox 988 5461 1235 5533; x_wconf 85' lang='lat' dir='ltr'><strong>Cypriani</strong></span> <span class='ocrx_word' id='word_1_677' title='bbox 1274 5459 1513 5531; x_wconf 73' lang='lat' dir='ltr'><strong>operibus</strong></span> <span class='ocrx_word' id='word_1_678' title='bbox 1541 5459 1835 5531; x_wconf 76' lang='lat' dir='ltr'><strong>deperditis.</strong></span> 
     </span>
    </p>
   </div>
   <div class='ocr_carea' id='block_1_101' title="bbox 424 5576 1955 5688">
    <p class='ocr_par' dir='ltr' id='par_1_101' title="bbox 424 5576 1955 5688">
     <span class='ocr_line' id='line_1_101' title="bbox 424 5576 1955 5688; baseline -0.004 -11"><span class='ocrx_word' id='word_1_679' title='bbox 424 5622 463 5677; x_wconf 92' lang='grc'>1.</span> <span class='ocrx_word' id='word_1_680' title='bbox 508 5620 552 5675; x_wconf 86' lang='lat' dir='ltr'><strong>E</strong></span> <span class='ocrx_word' id='word_1_681' title='bbox 603 5619 860 5677; x_wconf 89' lang='lat' dir='ltr'><strong>tredecim</strong></span> <span class='ocrx_word' id='word_1_682' title='bbox 890 5618 994 5674; x_wconf 84' lang='lat' dir='ltr'><strong>illis</strong></span> <span class='ocrx_word' id='word_1_683' title='bbox 1031 5615 1310 5687; x_wconf 90' lang='lat' dir='ltr'><strong>Epistolis,</strong></span> <span class='ocrx_word' id='word_1_684' title='bbox 1349 5631 1480 5687; x_wconf 89' lang='lat' dir='ltr'><strong>quas</strong></span> <span class='ocrx_word' id='word_1_685' title='bbox 1527 5631 1557 5671; x_wconf 91' lang='lat' dir='ltr'><strong>a</strong></span> <span class='ocrx_word' id='word_1_686' title='bbox 1585 5614 1641 5671; x_wconf 90' lang='lat' dir='ltr'><strong>S.</strong></span> <span class='ocrx_word' id='word_1_687' title='bbox 1685 5576 1955 5688; x_wconf 34' lang='lat' dir='ltr'><strong>Cy&#39;priano</strong></span> 
     </span>
    </p>
   </div>
   <div class='ocr_carea' id='block_1_102' title="bbox 347 5707 1957 5787">
    <p class='ocr_par' dir='ltr' id='par_1_102' title="bbox 347 5707 1957 5787">
     <span class='ocr_line' id='line_1_102' title="bbox 347 5707 1957 5787; baseline -0.008 -15"><span class='ocrx_word' id='word_1_688' title='bbox 347 5715 498 5772; x_wconf 86' lang='lat' dir='ltr'><strong>velut</strong></span> <span class='ocrx_word' id='word_1_689' title='bbox 525 5712 808 5787; x_wconf 89' lang='lat' dir='ltr'><strong>pastoralis</strong></span> <span class='ocrx_word' id='word_1_690' title='bbox 839 5728 951 5768; x_wconf 72' lang='lat' dir='ltr'><strong>sure</strong></span> <span class='ocrx_word' id='word_1_691' title='bbox 1005 5708 1293 5781; x_wconf 62' lang='lat' dir='ltr'><strong>vigilantia</strong></span> <span class='ocrx_word' id='word_1_692' title='bbox 1349 5716 1510 5763; x_wconf 88' lang='lat' dir='ltr'><strong>testes</strong></span> <span class='ocrx_word' id='word_1_693' title='bbox 1549 5707 1615 5762; x_wconf 91' lang='lat' dir='ltr'><strong>ad</strong></span> <span class='ocrx_word' id='word_1_694' title='bbox 1658 5707 1957 5763; x_wconf 78' lang='lat' dir='ltr'><strong>Romanum</strong></span> 
     </span>
    </p>
   </div>
   <div class='ocr_carea' id='block_1_103' title="bbox 351 5800 1957 5875">
    <p class='ocr_par' dir='ltr' id='par_1_103' title="bbox 351 5800 1957 5875">
     <span class='ocr_line' id='line_1_103' title="bbox 351 5800 1957 5875; baseline -0.009 -8"><span class='ocrx_word' id='word_1_695' title='bbox 351 5811 568 5867; x_wconf 81' lang='lat' dir='ltr'><strong>Clerum</strong></span> <span class='ocrx_word' id='word_1_696' title='bbox 620 5808 1001 5871; x_wconf 86' lang='lat' dir='ltr'><strong>transmissas,</strong></span> <span class='ocrx_word' id='word_1_697' title='bbox 1054 5820 1121 5860; x_wconf 78' lang='lat' dir='ltr'><strong>ex</strong></span> <span class='ocrx_word' id='word_1_698' title='bbox 1181 5800 1421 5872; x_wconf 80' lang='lat' dir='ltr'><strong>ejusdem</strong></span> <span class='ocrx_word' id='word_1_699' title='bbox 1469 5802 1703 5875; x_wconf 82' lang='lat' dir='ltr'><strong>Epistola</strong></span> <span class='ocrx_word' id='word_1_700' title='bbox 1750 5801 1957 5856; x_wconf 87' lang='lat' dir='ltr'><strong>decima</strong></span> 
     </span>
    </p>
   </div>
   <div class='ocr_carea' id='block_1_104' title="bbox 2045 4650 3638 4748">
    <p class='ocr_par' dir='ltr' id='par_1_104' title="bbox 2045 4650 3638 4748">
     <span class='ocr_line' id='line_1_104' title="bbox 2045 4650 3638 4748; baseline -0.021 -14"><span class='ocrx_word' id='word_1_701' title='bbox 2045 4674 2363 4748; x_wconf 79' lang='lat' dir='ltr'><strong>Opusculum</strong></span> <span class='ocrx_word' id='word_1_702' title='bbox 2402 4667 2693 4740; x_wconf 86' lang='lat' dir='ltr'><strong>singulare,</strong></span> <span class='ocrx_word' id='word_1_703' title='bbox 2735 4662 3008 4717; x_wconf 87' lang='lat' dir='ltr'><strong>diversum</strong></span> <span class='ocrx_word' id='word_1_704' title='bbox 3061 4656 3220 4712; x_wconf 88' lang='lat' dir='ltr'><strong>etiam</strong></span> <span class='ocrx_word' id='word_1_705' title='bbox 3263 4653 3332 4709; x_wconf 88' lang='lat' dir='ltr'><strong>ab</strong></span> <span class='ocrx_word' id='word_1_706' title='bbox 3377 4650 3638 4706; x_wconf 74' lang='lat' dir='ltr'><strong>Exhorta-</strong></span> 
     </span>
    </p>
   </div>
   <div class='ocr_carea' id='block_1_105' title="bbox 2044 4741 3639 4837">
    <p class='ocr_par' dir='ltr' id='par_1_105' title="bbox 2044 4741 3639 4837">
     <span class='ocr_line' id='line_1_105' title="bbox 2044 4741 3639 4837; baseline -0.021 -11"><span class='ocrx_word' id='word_1_707' title='bbox 2044 4741 2180 4826; x_wconf 76' lang='lat' dir='ltr'><strong>tione</strong></span> <span class='ocrx_word' id='word_1_708' title='bbox 2211 4762 2451 4837; x_wconf 78' lang='lat' dir='ltr'><strong>Martyrii</strong></span> <span class='ocrx_word' id='word_1_709' title='bbox 2471 4805 2484 4829; x_wconf 93' lang='lat'><strong>,</strong></span> <span class='ocrx_word' id='word_1_710' title='bbox 2517 4759 2585 4814; x_wconf 89' lang='lat' dir='ltr'><strong>de</strong></span> <span class='ocrx_word' id='word_1_711' title='bbox 2617 4771 2719 4828; x_wconf 91' lang='lat' dir='ltr'><strong>qua</strong></span> <span class='ocrx_word' id='word_1_712' title='bbox 2750 4754 2897 4826; x_wconf 82' lang='lat' dir='ltr'><strong>prius</strong></span> <span class='ocrx_word' id='word_1_713' title='bbox 2935 4748 3154 4806; x_wconf 86' lang='lat' dir='ltr'><strong>Pontius</strong></span> <span class='ocrx_word' id='word_1_714' title='bbox 3188 4746 3517 4803; x_wconf 88' lang='lat' dir='ltr'><strong>disseruerat</strong></span> <span class='ocrx_word' id='word_1_715' title='bbox 3538 4741 3639 4815; x_wconf 76' lang='grc' dir='ltr'><strong>(ὅ).</strong></span> 
     </span>
    </p>
   </div>
   <div class='ocr_carea' id='block_1_106' title="bbox 2046 4835 3640 4930">
    <p class='ocr_par' dir='ltr' id='par_1_106' title="bbox 2046 4835 3640 4930">
     <span class='ocr_line' id='line_1_106' title="bbox 2046 4835 3640 4930; baseline -0.023 -7"><span class='ocrx_word' id='word_1_716' title='bbox 2046 4866 2182 4922; x_wconf 82' lang='lat' dir='ltr'><strong>Hinc</strong></span> <span class='ocrx_word' id='word_1_717' title='bbox 2207 4835 2409 4930; x_wconf 79' lang='lat' dir='ltr'><strong>colligit</strong></span> <span class='ocrx_word' id='word_1_718' title='bbox 2450 4852 2756 4910; x_wconf 87' lang='lat' dir='ltr'><strong>Ceillierius</strong></span> <span class='ocrx_word' id='word_1_719' title='bbox 2799 4846 2901 4903; x_wconf 92' lang='lat' dir='ltr'><strong>hoc</strong></span> <span class='ocrx_word' id='word_1_720' title='bbox 2928 4842 3245 4916; x_wconf 91' lang='lat' dir='ltr'><strong>opusculum</strong></span> <span class='ocrx_word' id='word_1_721' title='bbox 3280 4835 3640 4897; x_wconf 79' lang='lat' dir='ltr'><strong>intercidisse,</strong></span> 
     </span>
    </p>
   </div>
   <div class='ocr_carea' id='block_1_107' title="bbox 2048 4927 3634 5029">
    <p class='ocr_par' dir='ltr' id='par_1_107' title="bbox 2048 4927 3634 5029">
     <span class='ocr_line' id='line_1_107' title="bbox 2048 4927 3634 5029; baseline -0.018 -16"><span class='ocrx_word' id='word_1_722' title='bbox 2048 4927 2497 5029; x_wconf 80' lang='lat' dir='ltr'><strong>quemadmodum</strong></span> <span class='ocrx_word' id='word_1_723' title='bbox 2526 4957 2581 5003; x_wconf 93' lang='lat' dir='ltr'><strong>et</strong></span> <span class='ocrx_word' id='word_1_724' title='bbox 2607 4943 2837 5010; x_wconf 85' lang='lat' dir='ltr'><strong>litteras,</strong></span> <span class='ocrx_word' id='word_1_725' title='bbox 2872 4951 3005 5010; x_wconf 89' lang='lat' dir='ltr'><strong>quas</strong></span> <span class='ocrx_word' id='word_1_726' title='bbox 3054 4936 3111 4990; x_wconf 87' lang='grc'><strong>8.</strong></span> <span class='ocrx_word' id='word_1_727' title='bbox 3156 4932 3455 5029; x_wconf 71' lang='lat' dir='ltr'><strong>Cyprianus</strong></span> <span class='ocrx_word' id='word_1_728' title='bbox 3484 4928 3549 4984; x_wconf 89' lang='lat' dir='ltr'><strong>ad</strong></span> 
     </span>
    </p>
   </div>
   <div class='ocr_carea' id='block_1_108' title="bbox 2048 5022 3645 5119">
    <p class='ocr_par' dir='ltr' id='par_1_108' title="bbox 2048 5022 3645 5119">
     <span class='ocr_line' id='line_1_108' title="bbox 2048 5022 3645 5119; baseline -0.019 -14"><span class='ocrx_word' id='word_1_729' title='bbox 2048 5022 2403 5119; x_wconf 56' lang='lat' dir='ltr'><strong>Augustinum</strong></span> <span class='ocrx_word' id='word_1_730' title='bbox 2434 5050 2487 5097; x_wconf 92' lang='lat' dir='ltr'><strong>et</strong></span> <span class='ocrx_word' id='word_1_731' title='bbox 2505 5039 2563 5097; x_wconf 93' lang='grc'><strong>8.</strong></span> <span class='ocrx_word' id='word_1_732' title='bbox 2596 5035 2929 5094; x_wconf 86' lang='lat' dir='ltr'><strong>Felicitatem</strong></span> <span class='ocrx_word' id='word_1_733' title='bbox 2967 5036 3233 5101; x_wconf 89' lang='lat' dir='ltr'><strong>martyres</strong></span> <span class='ocrx_word' id='word_1_734' title='bbox 3264 5023 3549 5097; x_wconf 84' lang='lat' dir='ltr'><strong>Capuanos</strong></span> <span class='ocrx_word' id='word_1_735' title='bbox 3590 5022 3645 5075; x_wconf 93' lang='lat' dir='ltr'><strong>in</strong></span> 
     </span>
    </p>
   </div>
   <div class='ocr_carea' id='block_1_109' title="bbox 2124 5206 3649 5303">
    <p class='ocr_par' dir='ltr' id='par_1_109' title="bbox 2124 5206 3649 5303">
     <span class='ocr_line' id='line_1_109' title="bbox 2124 5206 3649 5303; baseline -0.016 -17"><span class='ocrx_word' id='word_1_736' title='bbox 2124 5228 2202 5303; x_wconf 76' lang='lat'><strong>(1)</strong></span> <span class='ocrx_word' id='word_1_737' title='bbox 2231 5224 2486 5300; x_wconf 88' lang='lat' dir='ltr'><strong>Cyprian.</strong></span> <span class='ocrx_word' id='word_1_738' title='bbox 2518 5221 2623 5292; x_wconf 90' lang='lat' dir='ltr'><strong>Ep.</strong></span> <span class='ocrx_word' id='word_1_739' title='bbox 2650 5233 2760 5285; x_wconf 86' lang='lat' dir='ltr'><strong>xtv,</strong></span> <span class='ocrx_word' id='word_1_740' title='bbox 2810 5215 2929 5272; x_wconf 90' lang='lat' dir='ltr'><strong>aliis</strong></span> <span class='ocrx_word' id='word_1_741' title='bbox 2958 5229 3027 5269; x_wconf 87' lang='lat' dir='ltr'><strong>xv</strong></span> <span class='ocrx_word' id='word_1_742' title='bbox 3069 5221 3124 5269; x_wconf 89' lang='lat' dir='ltr'><strong>et</strong></span> <span class='ocrx_word' id='word_1_743' title='bbox 3176 5225 3274 5275; x_wconf 84' lang='lat' dir='ltr'><strong>xx,</strong></span> <span class='ocrx_word' id='word_1_744' title='bbox 3316 5207 3382 5264; x_wconf 88' lang='lat' dir='ltr'><strong>ad</strong></span> <span class='ocrx_word' id='word_1_745' title='bbox 3432 5206 3649 5264; x_wconf 89' lang='lat' dir='ltr'><strong>Clerum</strong></span> 
     </span>
    </p>
   </div>
   <div class='ocr_carea' id='block_1_110' title="bbox 2052 5302 2375 5359">
    <p class='ocr_par' dir='ltr' id='par_1_110' title="bbox 2052 5302 2375 5359">
     <span class='ocr_line' id='line_1_110' title="bbox 2052 5302 2375 5359; baseline -0.022 0"><span class='ocrx_word' id='word_1_746' title='bbox 2052 5302 2375 5359; x_wconf 79' lang='lat' dir='ltr'><strong>Romanum.</strong></span> 
     </span>
    </p>
   </div>
   <div class='ocr_carea' id='block_1_111' title="bbox 2123 5334 3649 5444">
    <p class='ocr_par' dir='ltr' id='par_1_111' title="bbox 2123 5334 3649 5444">
     <span class='ocr_line' id='line_1_111' title="bbox 2123 5334 3649 5444; baseline -0.015 -16"><span class='ocrx_word' id='word_1_747' title='bbox 2123 5334 2538 5444; x_wconf 41' lang='lat' dir='ltr'><strong>afﬁxamjjn</strong></span> <span class='ocrx_word' id='word_1_748' title='bbox 2569 5362 2671 5417; x_wconf 84' lang='lat' dir='ltr'><strong>Vit.</strong></span> <span class='ocrx_word' id='word_1_749' title='bbox 2699 5359 2946 5431; x_wconf 82' lang='lat' dir='ltr'><strong>Cyprian.</strong></span> <span class='ocrx_word' id='word_1_750' title='bbox 2976 5373 3016 5427; x_wconf 88' lang='grc' dir='ltr'>ι,</span> <span class='ocrx_word' id='word_1_751' title='bbox 3048 5354 3075 5427; x_wconf 85' lang='lat'><strong>§</strong></span> <span class='ocrx_word' id='word_1_752' title='bbox 3123 5370 3201 5420; x_wconf 79' lang='grc' dir='ltr'>ιχ,</span> <span class='ocrx_word' id='word_1_753' title='bbox 3234 5368 3356 5425; x_wconf 87' lang='lat' dir='ltr'><strong>pag.</strong></span> <span class='ocrx_word' id='word_1_754' title='bbox 3393 5334 3487 5417; x_wconf 77' lang='grc'><strong>2³1,</strong></span> <span class='ocrx_word' id='word_1_755' title='bbox 3518 5349 3649 5406; x_wconf 88' lang='lat' dir='ltr'><strong>edit.</strong></span> 
     </span>
    </p>
   </div>
   <div class='ocr_carea' id='block_1_112' title="bbox 2053 5436 2509 5507">
    <p class='ocr_par' dir='ltr' id='par_1_112' title="bbox 2053 5436 2509 5507">
     <span class='ocr_line' id='line_1_112' title="bbox 2053 5436 2509 5507; baseline -0.02 -4"><span class='ocrx_word' id='word_1_756' title='bbox 2053 5436 2295 5507; x_wconf 70' lang='lat' dir='ltr'><strong>Venetzc,</strong></span> <span class='ocrx_word' id='word_1_757' title='bbox 2348 5436 2509 5500; x_wconf 76' lang='lat' dir='ltr'><strong>i758,</strong></span> 
     </span>
    </p>
   </div>
   <div class='ocr_carea' id='block_1_113' title="bbox 2129 5496 3330 5588">
    <p class='ocr_par' dir='ltr' id='par_1_113' title="bbox 2129 5496 3330 5588">
     <span class='ocr_line' id='line_1_113' title="bbox 2129 5496 3330 5588; baseline 0 0"><span class='ocrx_word' id='word_1_758' title='bbox 2129 5496 2563 5588; x_wconf 46' lang='lat' dir='ltr'><strong>(irrepsit:</strong></span> <span class='ocrx_word' id='word_1_759' title='bbox 2599 5502 2719 5559; x_wconf 73' lang='grc' dir='ltr'><strong>νίια</strong></span> <span class='ocrx_word' id='word_1_760' title='bbox 2745 5500 2806 5588; x_wconf 67' lang='lat'><strong>3-</strong></span> <span class='ocrx_word' id='word_1_761' title='bbox 2831 5499 3102 5588; x_wconf 56' lang='grc' dir='ltr'><strong>ριξηΐίαῑιέι</strong></span> <span class='ocrx_word' id='word_1_762' title='bbox 3127 5511 3247 5588; x_wconf 60' lang='lat'><strong>933&#39;</strong></span> <span class='ocrx_word' id='word_1_763' title='bbox 3273 5496 3330 5588; x_wconf 65' lang='lat'><strong>.5:</strong></span> 
     </span>
    </p>
   </div>
   <div class='ocr_carea' id='block_1_114' title="bbox 2131 5564 3650 5659">
    <p class='ocr_par' dir='ltr' id='par_1_114' title="bbox 2131 5564 3650 5659">
     <span class='ocr_line' id='line_1_114' title="bbox 2131 5564 3650 5659; baseline -0.016 -19"><span class='ocrx_word' id='word_1_764' title='bbox 2131 5564 2490 5659; x_wconf 33' lang='lat' dir='ltr'><strong>:Cellier&#39;,</strong></span> <span class='ocrx_word' id='word_1_765' title='bbox 2526 5587 2656 5633; x_wconf 89' lang='lat' dir='ltr'><strong>tom.</strong></span> <span class='ocrx_word' id='word_1_766' title='bbox 2715 5587 2794 5638; x_wconf 85' lang='grc' dir='ltr'>ιιι,</span> <span class='ocrx_word' id='word_1_767' title='bbox 2840 5564 2975 5624; x_wconf 70' lang='lat' dir='ltr'><strong>Hist.</strong></span> <span class='ocrx_word' id='word_1_768' title='bbox 3028 5564 3223 5623; x_wconf 45' lang='lat' dir='ltr'><strong>Cén&#39;ér.’</strong></span> <span class='ocrx_word' id='word_1_769' title='bbox 3264 5567 3351 5621; x_wconf 79' lang='lat' dir='ltr'><strong>des</strong></span> <span class='ocrx_word' id='word_1_770' title='bbox 3415 5564 3650 5631; x_wconf 83' lang='lat' dir='ltr'><strong>Autcurs,</strong></span> 
     </span>
    </p>
   </div>
   <div class='ocr_carea' id='block_1_115' title="bbox 2061 5654 3661 5802">
    <p class='ocr_par' dir='ltr' id='par_1_115' title="bbox 2061 5654 3661 5802">
     <span class='ocr_line' id='line_1_115' title="bbox 2061 5654 3661 5802; baseline -0.018 -16"><span class='ocrx_word' id='word_1_771' title='bbox 2061 5654 2375 5802; x_wconf 40' lang='lat' dir='ltr'><strong>“gifgfis</strong></span> <span class='ocrx_word' id='word_1_772' title='bbox 2404 5724 2816 5802; x_wconf 43' lang='lat' dir='ltr'><strong>martyres&#39;tanta</strong></span> <span class='ocrx_word' id='word_1_773' title='bbox 2838 5712 3188 5768; x_wconf 69' lang='lat' dir='ltr'><strong>embortatione</strong></span> <span class='ocrx_word' id='word_1_774' title='bbox 3222 5709 3381 5767; x_wconf 84' lang='lat' dir='ltr'><strong>divini</strong></span> <span class='ocrx_word' id='word_1_775' title='bbox 3411 5705 3661 5762; x_wconf 74' lang='lat' dir='ltr'><strong>sermonis</strong></span> 
     </span>
    </p>
   </div>
   <div class='ocr_carea' id='block_1_116' title="bbox 2064 5784 2914 5870">
    <p class='ocr_par' dir='ltr' id='par_1_116' title="bbox 2064 5784 2914 5870">
     <span class='ocr_line' id='line_1_116' title="bbox 2064 5784 2914 5870; baseline -0.022 -13"><span class='ocrx_word' id='word_1_776' title='bbox 2064 5784 2508 5870; x_wconf 52' lang='lat' dir='ltr'><strong>exi‘géréi.Pont.,</strong></span> <span class='ocrx_word' id='word_1_777' title='bbox 2535 5784 2594 5847; x_wconf 85' lang='lat' dir='ltr'><strong>in</strong></span> <span class='ocrx_word' id='word_1_778' title='bbox 2624 5788 2762 5857; x_wconf 84' lang='lat' dir='ltr'><strong>Vita,</strong></span> <span class='ocrx_word' id='word_1_779' title='bbox 2799 5784 2833 5842; x_wconf 94' lang='lat' dir='ltr'><strong>I.</strong></span> <span class='ocrx_word' id='word_1_780' title='bbox 2864 5800 2914 5840; x_wconf 92' lang='lat' dir='ltr'><strong>c.</strong></span> 
     </span>
    </p>
   </div>
  </div>
