4214 6266
337 254 445 335 82-1

1338 267 1427 324 DE
1457 265 1839 325 DlSClPLlNA
1880 264 1970 323 ET
2009 264 2192 323 ΒΟΝο
2230 264 2622 323 PUDlClTUE.

3537 260 3645 321 822

334 394 495 461 quam
524 378 664 438 velle
693 378 950 437 debemus
977 389 1036 437 ut
1076 388 1257 441 nostra
1299 381 1402 437 sit:
1446 390 1730 452 praestetur
1770 381 1932 436 etiam
1960 382 2015 451 Α
2112 378 2202 437 ιγ.
2237 379 2342 435 Sed
2367 380 2512 435 enim
2536 378 2992 451 pudicitia‘locum
3015 379 3245 451 primum
3269 377 3321 435 in
3346 377 3645 450 virginibus

339 483 561 546 propter
590 472 1044 546 redemptionem,
1076 484 1131 529 ut
1158 474 1428 546 corrumpi
1459 489 1563 529 nou
1592 474 1789 544 possit,
1819 489 1939 544 qua:

338 582 369 624 a
391 566 604 622 Christo
627 577 935 621 consecrata
968 567 1055 623 sit.
1082 566 1213 621 Nam
1243 566 1286 622 si
1317 565 1610 635 Apostolus
1642 565 1938 621 Ecclesiam

337 673 590 731 sponsam
639 655 839 721 Christi
890 657 970 730 (ll
1012 656 1130 731 Cor.
1163 656 1239 731 ιι)
1272 659 1619 730 pronuntiat,
1669 673 1767 714 oro
1821 674 1935 731 vos,

338 753 543 823 quanta
582 750 837 825 pudicitia
868 752 1116 823 exigitur,
1162 751 1251 805 ubi
1284 750 1525 807 Ecclesia
1569 753 1710 807 inter
1754 754 1937 808 matri-

335 847 515 904 monia
545 860 741 917 sponsa
768 847 921 917 virgo
950 845 1269 923 prcestetur?
1310 845 1376 900 Et
1404 861 1505 918 ego
1534 847 1750 918 quidem
1775 888 1790 914 ,
1833 847 1937 902 nisi

335 940 482 1014 quod
514 940 750 995 breviter
774 954 872 993 vos
899 939 1192 997 admonere
1221 940 1506 1009 proposui,
1535 939 1826 995 latissimas
1854 954 1941 995 sa-

336 1035 408 1090 tis
436 1042 594 1106 puto,
636 1042 688 1087 et
729 1031 1025 1103 locupletes
1060 1031 1327 1102 pudicitia:
1354 1032 1542 1088 laudes
1574 1030 1818 1103 proferre
1849 1048 1941 1102 po-

338 1127 447 1183 tui:
477 1124 572 1180 sed
600 1139 992 1194 supervacuum
1023 1122 1147 1177 duxi
1177 1122 1396 1179 laudare
1427 1139 1544 1179 eam
1571 1123 1772 1179 diutius
1801 1123 1944 1194 apud

337 1217 600 1274 colentes.
623 1215 733 1272 Vos
761 1218 906 1272 enim
940 1215 1082 1270 illam
1112 1217 1318 1270 ornatis
1347 1215 1471 1271 dum
1502 1218 1721 1287 geritis,
1751 1228 1804 1270 et
1832 1217 1941 1287 plu-

336 1325 428 1368 res
458 1308 573 1382 ejus
600 1306 783 1364 laudes
810 1308 1115 1363 exercendo
1145 1307 1393 1379 profertis
1418 1325 1433 1376 ;
1465 1307 1591 1363 facti
1621 1307 1737 1378 ejus
1780 1322 1943 1363 orna-

338 1412 613 1467 mentum,
643 1399 770 1455 dum
802 1408 856 1454 et
886 1400 974 1456 illa
1005 1386 1381 1469 vestrum'est,
1418 1411 1602 1455 mutuo
1630 1400 1826 1456 decore
1858 1401 1938 1455 in—

338 1497 511 1561 vicem
557 1491 889 1550 fteneraudo.
945 1492 1042 1549 Illa
1093 1493 1245 1549 vobis
1292 1493 1630 1565 disciplinam
1679 1495 1943 1550 bonorum

338 1588 577 1662 suggerit
605 1601 818 1642 morum
840 1628 855 1654 ,
884 1600 983 1641 vos
1013 1586 1088 1642 illi
1118 1586 1471 1642 ministerium
1504 1590 1771 1659 praestatis
1801 1602 1935 1659 ope-

339 1697 463 1741 rum
493 1690 827 1738 sanctorum.
872 1678 1005 1752 Nam
1049 1687 1104 1735 et
1132 1679 1222 1734 illa
1252 1691 1511 1751 quantum
1540 1690 1594 1736 et
1620 1681 1745 1752 quid
1776 1680 1949 1751 possit

2044 483 2220 541 tenet,
2249 473 2545 529 secundum
2574 474 2627 528 in
2656 473 3057 528 continentibus
3081 515 3095 540 ,
3128 473 3342 528 tertium
3370 473 3421 527 in
3456 473 3647 528 matri-

2043 568 2257 623 moniis.
2290 567 2486 622 Verum
2516 568 2567 621 in
2596 566 2846 621 omnibus
2872 567 3103 637 gloriosa
3132 576 3216 623 est
3242 581 3364 623 cum
3391 567 3644 638 gradibus

2044 660 2176 714 suis.
2204 657 2336 714 Nam
2368 668 2421 714 et
2452 659 2917 713 matrimoniorum
2947 658 3107 714 fidem
3138 669 3322 715 tenere
3361 659 3477 713 laus
3521 668 3600 714 est
3627 701 3642 726 ,

2045 751 2185 806 inter
2210 761 2285 806 tot
2306 751 2709 823 corporisbella
2732 770 2745 818 ;
2777 760 2831 807 et
2857 752 3201 807 matrimonio
3224 753 3291 808 de
3314 752 3645 808 continentia

2046 844 2262 903 modum
2313 847 2602 913 statuisse,
2652 844 2876 914 majoris
2915 844 3128 899 virtutis
3153 853 3267 910 est,
3311 844 3438 900 dum
3484 844 3646 900 etiam

2046 936 2189 991 licita
2229 936 2565 1006 rejiciuntur.
2608 935 2766 992 Certe
2800 951 2865 991 ex
2907 945 3061 992 utero
3101 937 3441 991 sanctitatem
3469 946 3650 995 συείο-

2046 1028 2225 1095 disse,
2275 1038 2329 1085 et
2369 1028 2628 1085 infantem
2676 1045 2735 1085 se
2777 1044 2947 1101 usque
2994 1032 3047 1083 in
3089 1037 3423 1084 senectutem
3465 1029 3516 1083 in
3554 1044 3650 1085 sua

2048 1132 2207 1178 aetate
2248 1130 2356 1177 tota
2389 1123 2631 1178 tenuisse
2661 1121 2990 1177 admirandae
3026 1122 3211 1193 utique
3242 1122 3498 1194 potentim
3529 1131 3647 1179 est:

2047 1216 2149 1270 nisi
2192 1215 2335 1286 quod
2370 1215 2592 1270 blandas
2629 1217 2873 1287 corporis
2918 1216 3063 1287 leges
3101 1230 3207 1271 non
3246 1230 3436 1282 nosse,
3481 1215 3652 1286 magis

2049 1308 2319 1365 felicitatis
2362 1317 2481 1376 est,
2528 1317 2683 1362 notas
2723 1307 2833 1379 jam
2887 1308 3082 1362 vicisse
3131 1308 3344 1362 virtutis
3394 1315 3520 1373 est;
3574 1306 3652 1361 sic

2050 1410 2228 1456 tanien
2279 1409 2338 1455 ut
2380 1410 2434 1454 et
2478 1400 2645 1454 virtus
2694 1400 2793 1453 ista
2833 1399 2900 1455 de
2942 1399 3086 1455 dono
3129 1400 3223 1456 Dei
3272 1400 3481 1468 veniat,
3529 1398 3654 1454 licet

2050 1508 2111 1549 se
2160 1493 2212 1546 in
2256 1485 2516 1547 membris
2557 1491 2867 1547 hominibus
2910 1493 3180 1548 ostendat.

2122 1585 2188 1642 ν.
2241 1585 2566 1652 Pudicitiae,
2624 1583 2864 1651 fratres,
2918 1585 3134 1657 antiqua
3188 1595 3454 1659 praecepta
3505 1596 3651 1647 sunt.

2051 1680 2229 1750 Quare
2255 1682 2473 1752 antiqua
2501 1679 2656 1735 dico?
2682 1679 2817 1748 Quia
2845 1695 2968 1735 cum
3002 1682 3133 1751 ipsis
3161 1680 3468 1740 hominibus
3497 1685 3655 1741 insti-

338 1788 442 1849 per
468 1789 566 1830 vos
594 1772 872 1847 apparuit,
914 1780 969 1827 et
1006 1772 1136 1844 quid
1176 1787 1273 1827 vos
1308 1772 1515 1840 velitis,
1561 1773 1675 1843 ipsa
1714 1772 1940 1829 detnon-
1972 1786 2020 1849 Β
2052 1782 2164 1828 tuta
2217 1781 2364 1826 sunt.
2416 1770 2548 1825 Nam
2588 1779 2645 1826 et
2691 1770 2814 1833 ideo
2860 1771 2943 1825 vir
2987 1786 3117 1826 suus
3164 1773 3378 1828 femina:
3431 1784 3551 1843 est,
3600 1786 3658 1841 ut

339 1867 535 1925 stravit
559 1876 613 1921 et
641 1864 853 1932 docuit;
901 1863 1163 1935 conulatis
1197 1864 1251 1919 in
1299 1880 1498 1932 unum,
1544 1862 1756 1920 duobus
1790 1864 1947 1920 bonis

338 1959 717 2020 mandatorum
747 1966 802 2013 et
829 1972 1044 2025 rerum,
1073 1972 1143 2012 ne
1182 1956 1311 2029 quid
1352 1956 1597 2011 mutilum
1639 1956 1941 2025 videretur,

341 2057 388 2115 si
417 2063 511 2111 aut
542 2061 808 2126 prtecepta
838 2051 1184 2122 ministeriis,
1210 2051 1497 2123 praeceptis
1527 2049 1825 2106 ministeria
1854 2050 1948 2106 de-

341 2150 593 2209 fuissent.

414 2262 506 2319 lll.
537 2259 796 2321 Pudicitia
845 2267 927 2316 est
972 2258 1145 2317 honor
1189 2268 1517 2329 corporum,
1564 2263 1947 2322 ornamentum

345 2372 594 2424 morum,
635 2354 894 2415 sanctitas
935 2368 1198 2421 sexuum,
1232 2352 1501 2409 vinculum
1537 2351 1787 2423 pudoris,
1827 2351 1950 2407 fons

343 2451 636 2516 castitatis,
685 2464 786 2520 pax
834 2448 1062 2516 domus,
1110 2446 1414 2502 concordia:
1462 2452 1642 2515 caput.
1690 2443 1948 2499 Pudicitia

348 2543 575 2605 sollicita
618 2557 725 2603 non
755 2549 838 2596 est
860 2541 946 2595 cui
986 2539 1190 2610 placeat
1216 2526 1318 2595 nisi
1345 2538 1483 2594 sibi:
1525 2536 1777 2607 pudicitia
1808 2552 1951 2593 sem-

350 2649 448 2705 per
489 2632 788 2688 verecuuda
815 2672 830 2697 ,
872 2631 998 2687 dum
1040 2628 1362 2685 innocentia:
1410 2639 1583 2685 mater
1623 2638 1745 2684 est:
1791 2627 1952 2682 Pudi-

350 2729 476 2785 citia
520 2741 737 2797 semper
772 2734 999 2783 ornatur
1042 2723 1159 2787 solo
1205 2722 1444 2796 pudore,
1490 2721 1629 2777 bene
1675 2721 1778 2777 sibi
1826 2730 1952 2777 tunc

350 2819 566 2879 conscia
594 2818 663 2875 de
693 2816 1087 2888 pulchritudine
1106 2858 1121 2883 ,
1153 2804 1205 2872 si
1235 2814 1492 2886 improbis
1522 2814 1766 2886 displicet
1793 2831 1809 2875 :
1855 2830 1951 2887 pu-

351 2913 533 2968 dicitia
561 2910 696 2967 nihil
721 2916 1167 2971 ornamentorum
1199 2909 1427 2980 quierit,
1456 2908 1623 2964 decus
1650 2923 1806 2964 suum
1836 2909 1950 2979 ipsa

352 3013 456 3062 est.
502 3004 630 3063 Haec
665 3017 764 3058 nos
805 3000 1150 3065 commendat
1194 2999 1454 3064 Domino,
1490 3000 1761 3055 connectit
1798 2999 1953 3056 Chri-

352 3109 474 3156 sto:
523 3097 641 3155 b:ec
685 3103 961 3167 expugnat
998 3094 1177 3153 omnia
1219 3093 1297 3151 de.
1328 3093 1585 3150 membris
1626 3095 1812 3151 illicita
1856 3096 1951 3151 de-

2051 1872 2250 1938 praeter
2277 1863 2525 1918 eumdem
2565 1862 2795 1918 alterum
2838 1863 3080 1930 nesciat,
3126 1872 3181 1918 et
3216 1865 3336 1921 ideo
3376 1868 3492 1923 viro
3530 1868 3655 1924 red-

2051 1960 2159 2015 dita
2189 1969 2270 2015 est
2300 1959 2511 2027 mulier,
2539 1968 2596 2013 ut
2621 1959 2865 2030 subjeCto
2885 1958 3029 2031 quod
3059 1959 3235 2017 fuerat
3260 1962 3311 2017 ei
3343 1964 3653 2035 proprium,

2051 2051 2185 2108 nihil
2228 2054 2468 2123 requirat
2505 2051 2761 2107 alienmn.
2807 2051 2898 2108 Sic
2923 2064 2977 2107 et
3004 2052 3144 2119 duo,
3180 2054 3381 2125 inquit,
3414 2064 3574 2110 erunt
3603 2057 3655 2111 in

2052 2159 2216 2200 carne
2244 2159 2347 2199 una
2377 2142 2603 2217 (Matth.
2635 2159 2766 2211 ιιι,
2800 2142 2890 2214 6),
2926 2153 2982 2199 ut
3013 2145 3066 2200 in
3100 2162 3263 2207 unum
3294 2146 3479 2202 redeat
3511 2148 3657 2217 quod

2052 2253 2216 2294 unum
2260 2236 2463 2304 fuerat,
2506 2252 2576 2293 ne
2616 2238 2888 2309 separatio
2932 2239 3051 2295 sine
3090 2238 3266 2295 reditu
3312 2240 3657 2309 occasionem

2054 2341 2272 2405 prtestet
2308 2330 2551 2386 alterius.
2596 2330 2726 2387 Inde
2764 2341 2817 2387 et
2858 2332 3183 2402 Apostolus:
3229 2330 3395 2403 Caput
3434 2335 3660 2393 mulieris

2053 2424 2402 2496 pronuntiavit
2444 2425 2609 2478 virum
2658 2424 2677 2498 (
2707 2424 2723 2478 I
2751 2423 2875 2479 Cor.
2907 2441 2994 2495 xt,
3026 2427 3060 2485 5
3084 2424 3127 2498 ),
3174 2437 3232 2482 ιιι
3275 2427 3655 2497 conjunctione

2053 2517 2281 2573 duorum
2315 2517 2624 2590 pudicitiam
2657 2517 2929 2589 probaret.
2969 2518 3103 2575 Nam
3145 2530 3202 2579 ut
3237 2520 3460 2577 alterius
3498 2531 3660 2594 caput

2054 2612 2311 2672 membris
2356 2620 2536 2682 aptum
2571 2627 2676 2667 non
2708 2622 2885 2682 potest
2914 2627 3071 2684 esse,
3108 2614 3180 2669 ita
3211 2624 3266 2670 et
3292 2615 3469 2671 alieno
3496 2618 3660 2688 capiti

2054 2705 2295 2761 membra
2327 2721 2433 2761 non
2478 2720 2607 2761 sua:
2653 2716 2814 2776 caput
2852 2706 2998 2765 enim
3037 2708 3148 2769 suis
3187 2710 3444 2766 convenit
3482 2725 3657 2767 mem-

2056 2796 2202 2865 bris,
2237 2807 2293 2853 et
2325 2797 2569 2852 membra
2598 2798 2758 2867 capiti
2789 2814 2923 2865 suo;
2964 2808 3192 2871 utraque
3230 2802 3455 2857 naturali
3498 2802 3659 2858 libula

2057 2891 2111 2946 in
2158 2891 2446 2947 concordia
2491 2901 2672 2948 mutua
2705 2893 3019 2964 cohaerent,
3050 2909 3118 2949 ne
3158 2911 3264 2966 qua
3304 2897 3512 2955 oriente
3550 2897 3661 2953 dis-

2055 2982 2234 3041 cordia
2277 2983 2345 3038 de
2387 2982 2654 3038 divisione
2692 2972 3057 3054 membrorum
3098 2996 3313 3058 pactum
3355 2988 3657 3046 divini-fce-

2056 3073 2200 3129 deris
2230 3085 2587 3146 rumperetur.
2619 3074 2782 3131 Addit
2810 3086 2986 3135 tamen
3014 3086 3068 3133 et
3088 3077 3249 3134 dicit:
3276 3079 3540 3147 Quoniam
3567 3082 3656 3153 qui

352 3191 678 3250 sideriorum
717 3166 900 3261 praelia
923 3230 938 3257 ,
984 3202 1167 3259 pacem
1211 3187 1412 3243 nostris
1446 3188 1763 3258 corporibus
1797 3187 1952 3244 indu-

2062 3182 2284 3222 uxorem
2316 3183 2468 3223 suam
2499 3166 2708 3238 diligit,
2739 3169 2973 3239 seipsum
3004 3169 3175 3241 diligit
3201 3169 3426 3243 (Epltes.
3461 3189 3522 3241 v,
3549 3173 3621 3229 25
3642 3215 3657 3242 ,

352 3287 460 3343 cit:
495 3287 648 3342 beata
680 3285 792 3355 ipsa
813 3326 827 3350 ,
857 3294 911 3339 et
940 3284 1125 3343 beatos
1150 3281 1389 3338 efficiens
1417 3282 1557 3354 apud
1584 3297 1953 3353 quoscumque

356 3379 601 3434 habitare
626 3377 904 3448 dignatur;
931 3390 1091 3447 quam
1117 3390 1407 3446 numquam
1432 3390 1685 3431 accusare
1704 3383 1949 3446 possunt,

358 3486 460 3526 nec
501 3471 592 3541 qui
633 3485 752 3525 eam
793 3484 899 3525 non
946 3467 1178 3525 habent:
1221 3467 1544 3524 venerabilis
1582 3466 1746 3523 etiam
1786 3466 1953 3522 hosti-

359 3563 461 3618 bus
490 3564 601 3618 suis
622 3603 639 3629 ,
668 3563 796 3617 dum
830 3561 974 3616 illam
1003 3561 1171 3616 multo
1201 3561 1371 3631 magis
1402 3560 1685 3627 mirantur,
1713 3560 1805 3630 qui
1833 3573 1953 3615 eam

359 3669 669 3726 expugnare
709 3668 815 3710 non
858 3661 1098 3723 possunt.
1139 3651 1244 3708 Sed
1286 3662 1343 3707 ut
1382 3662 1588 3707 matura
1632 3663 1687 3706 et
1728 3652 1779 3706 in
1827 3652 1955 3707 viris

359 3748 580 3820 probata
613 3761 858 3816 semper,
892 3754 945 3800 et
973 3761 1001 3798 a
1035 3745 1249 3801 feminis
1277 3743 1600 3817 appetenda;
1633 3744 1711 3800 sic
1742 3744 1955 3799 inimica

359 3843 474 3914 ejus
511 3840 842 3913 impudicitia
881 3854 1096 3910 semper
1121 3847 1219 3903 est
1252 3838 1597 3895 detesmnda:
1641 3837 1953 3897 obscaenum

360 3936 651 3993 ludibrium
701 3934 936 3993 reddens
986 3933 1246 3988 ministris
1293 3933 1442 3999 suis,
1488 3947 1588 3988 nec
1639 3930 1958 4002 corporibus

361 4044 588 4101 parcens
624 4044 723 4085 nec
761 4028 974 4083 animis.
1018 4026 1303 4081 Debellatis
1340 4025 1482 4079 enim
1526 4024 1755 4095 propriis
1793 4023 1958 4077 mori-

362 4124 461 4178 bus
482 4165 497 4191 ,
531 4131 700 4177 totum
733 4122 1006 4177 hominem
1035 4135 1190 4175 suum
1222 4120 1329 4180 sub
1357 4117 1682 4186 triumphum
1723 4115 1959 4171 libidinis

363 4217 561 4279 mittit;
608 4216 801 4270 blanda
847 4212 1030 4285 prius,
1081 4221 1141 4267 ut
1182 4212 1303 4282 plus
1341 4219 1535 4265 noceat
1576 4208 1703 4263 dum
1746 4210 1957 4279 placet;

366 4308 687 4363 exhauriens
734 4322 845 4362 rem
895 4323 1016 4361 cum
1065 4305 1306 4377 pudore;
1362 4304 1533 4365 hostis
1582 4303 1957 4370 contiuentim,

366 4400 678 4471 frequenter
706 4401 1025 4470 perveniens
1055 4401 1120 4456 ad
1152 4398 1467 4469 sanguinem
1504 4398 1850 4467 cupiditatum
1882 4396 1964 4452 in-

367 4494 499 4549 festa
529 4494 733 4560 rabies,
763 4492 1061 4548 incendium
1087 4493 1430 4547 conscientia:
1458 4489 1643 4556 bourn,
1669 4500 1838 4544 mater
1864 4489 1964 4543 ini-

2057 3259 2180 3331 29).
2213 3258 2383 3315 Nemo
2413 3260 2553 3314 enim
2582 3274 2797 3315 carnem
2824 3275 2974 3315 suam
3002 3260 3127 3316 odio
3153 3261 3344 3331 habet,
3377 3264 3471 3319 sed
3495 3265 3663 3321 nutrit

2057 3362 2110 3408 et
2137 3352 2282 3407 fovet
2307 3368 2458 3420 eam,
2487 3353 2623 3407 sicut
2654 3360 2709 3407 et
2738 3352 2982 3408 Christus
3012 3352 3330 3409 Ecclesiam.
3370 3355 3661 3412 Charitatis

2056 3457 2178 3497 cum
2210 3442 2464 3513 pudicitia
2498 3456 2571 3497 ex
2599 3441 2701 3501 hoc
2731 3456 2924 3513 magna
2967 3443 3333 3517 prtescriptio,
3375 3445 3420 3500 si
3459 3460 3658 3503 uxores

2056 3535 2343 3607 diligenda:
2388 3547 2514 3591 sunt
2539 3540 2571 3591 a
2599 3536 2731 3592 viris
2772 3536 2885 3591 suis
2922 3536 3061 3595 sicut
3098 3544 3154 3591 et
3190 3536 3438 3594 Christus
3473 3538 3659 3595 dilexit

2056 3627 2385 3695 Ecclesiam;
2414 3638 2471 3684 et
2497 3628 2567 3682 ita
2600 3642 2798 3683 uxores
2837 3628 3060 3684 maritos
3085 3627 3284 3685 debent
3312 3630 3568 3703 diligere,
3600 3641 3660 3687 ut

2057 3721 2297 3778 Ecclesia
2324 3721 2498 3791 diligit
2521 3720 2813 3776 Christum.

2139 3817 2221 3872 Vl.
2265 3818 2413 3872 lianc
2451 3819 2773 3871 sententiam
2802 3814 3050 3872 Christus
3077 3815 3293 3888 quando
3322 3832 3547 3874 uxorem
3578 3818 3658 3873 di-

2020 3909 2201 3964 ’mitti
2242 3924 2347 3964 non
2389 3908 2491 3963 nisi
2530 3908 2600 3963 ob
2638 3908 2958 3963 adulterium
2998 3908 3133 3971 dixit
3165 3906 3397 3983 (Matth.
3430 3928 3484 3980 v,
3513 3909 3655 3983 '52):

2062 4003 2459 4074 interrogatus,
2494 4013 2698 4057 tantum
2736 4000 2995 4061 honorem
3026 4002 3296 4075 pudicitiae
3323 4003 3489 4059 dedit.
3523 4005 3659 4060 Hinc

2062 4105 2186 4150 nata
2217 4105 2301 4149 est
2331 4095 2418 4148 illa
2449 4092 2751 4149 sententia:
2785 4092 3071 4149 Adulteras
3102 4110 3208 4163 non
3248 4097 3436 4152 sinetis
3479 4097 3661 4153 virere

2063 4186 2265 4259 (Leuit.
2299 4203 2365 4242 xx
2388 4229 2404 4256 ,
2436 4184 2564 4261 10).
2615 4187 2749 4242 liinc
2776 4189 3067 4259 Apostolus
3098 4189 3261 4245 dicit:
3296 4189 3423 4246 ch
3465 4203 3537 4247 est
3576 4210 3662 4247 ao-

2065 4283 2236 4337 lnntas
2265 4281 2391 4348 Dei,
2425 4291 2479 4335 ut
2511 4282 2802 4336 abstinentia
2832 4298 2918 4336 vos
2956 4300 2989 4336 (ι
3026 4284 3363 4354 fornicatione
3405 4282 3470 4354 (Ι
3496 4283 3661 4339 Thes-

2064 4377 2163 4431 θαι.
2192 4391 2263 4445 tv,
2296 4374 2386 4449 5).
2417 4375 2552 4430 Hinc
2574 4386 2628 4431 et
2654 4376 2783 4431 illud
2810 4375 2967 4431 dicit:
2997 4374 3228 4431 Membra
3256 4376 3477 4443 Christi,
3506 4391 3662 4433 ment—

2065 4467 2167 4523 bri:
2206 4468 2480 4521 meretricis
2522 4483 2624 4520 non
2662 4483 2769 4521 esse
2802 4466 3071 4537 jungenda
3114 4464 3318 4536 (lCor.
3345 4483 3417 4532 Vl,
3447 4467 3502 4535 9,
3538 4467 3660 4541 15).

364 4586 725 4659 pteaiteutize,
766 4585 919 4640 ruina
970 4584 1206 4643 melioris
1249 4585 1451 4650 :ctatis,
1502 4583 1827 4638 contumelia
1867 4598 1934 4652 ge

2070 4559 2207 4616 lliuc
2246 4560 2471 4615 traditur
2510 4558 2722 4615 Satanae
2763 4558 2817 4612 in
2853 4558 3129 4617 interitum
3159 4561 3337 4616 carnis
3372 4562 3498 4632 qui,
3540 4577 3665 4635 pro-

367 4680 512 4734 neris
533 4721 547 4744 ,
579 4693 891 4748 expugnans
918 4678 1192 4748 sanguinis
1219 4686 1275 4732 et
1303 4676 1513 4731 familia:
1543 4675 1699 4731 fidem
1724 4717 1737 4741 ,
1770 4675 1962 4729 alienis

369 4768 650 4824 affectibus
678 4751 818 4823 suos
860 4770 1107 4823 inserens
1145 4767 1315 4837 filios,
1349 4770 1399 4821 in
1431 4768 1604 4823 aliena
1647 4775 1963 4824 testamenta

341 4864 609 4918 sobolem
665 4861 830 4933 ignoti
868 4872 921 4916 et
964 4862 1204 4933 corrupti
1246 4862 1459 4933 generis
1503 4861 1785 4916 inducens.
1836 4858 1965 4927 Quae

368 4957 679 5028 plerumque
706 4966 855 5011 extra
882 4971 1069 5010 sexum
1098 4955 1325 5021 ardens,
1355 4954 1480 5011 dum
1509 4970 1569 5008 se
1596 4971 1700 5011 non
1727 4953 1968 5008 continet

367 5053 508 5108 intra
539 5038 791 5107 concessa
813 5095 826 5119 ,
861 5067 1047 5121 parum
1077 5050 1176 5105 sibi
1208 5059 1356 5120 putat
1391 5048 1716 5103 satisfactum
1740 5090 1754 5113 ,
1785 5048 1885 5102 nisi
1912 5046 1967 5100 in

367 5147 603 5199 virorum
646 5159 862 5214 quoque
898 5142 1217 5213 corporibus
1256 5156 1361 5196 non
1400 5140 1729 5210 Voluptatem
1773 5155 1965 5195 novam

368 5246 613 5309 quaerat,
675 5236 771 5293 sed
824 5234 1247 5292 extraordinaria
1304 5241 1360 5288 et
1417 5242 1725 5304 portentosa
1782 5239 1965 5286 contra

368 5331 539 5402 ipsam
568 5339 812 5386 naturam
837 5344 905 5385 ex
935 5327 1065 5385 viris
1099 5342 1193 5398 per
1218 5326 1363 5383 viros
1393 5333 1634 5381 monstra
1662 5314 1962 5394 cdﬁqtiirai.

2072 4654 2281 4715 culcato
2324 4655 2445 4724 jure
2497 4654 2796 4723 pudicitiae,
2848 4653 2975 4709 vitia
3024 4655 3202 4713 carnis
3242 4666 3481 4712 exercet.
3530 4656 3666 4713 Hinc

2068 4749 2265 4802 merito
2309 4736 2533 4817 regnum
2572 4746 2831 4801 cwlorum
2867 4762 2972 4801 non
3015 4756 3202 4803 tenent
3244 4748 3507 4816 adulteri;
3541 4750 3667 4807 hinc

2071 4850 2154 4897 est
2183 4857 2343 4895 omne
2375 4848 2646 4912 peccatum
2677 4850 2828 4894 extra
2869 4854 3064 4910 corpus
3101 4857 3258 4908 esse,
3301 4843 3472 4898 solum
3517 4844 3669 4900 adul-

2071 4942 2246 4990 terum
2278 4947 2503 5004 peccare
2534 4933 2587 4986 in
2618 4948 2772 4988 suum
2804 4946 3030 5003 corpus:
3070 4931 3196 4989 hinc
3225 4943 3437 4990 canora:
3465 4950 3668 5006 prince-

2072 5029 2240 5101 ptoris
2280 5026 2655 5095 auctoritates,
2697 5040 2831 5096 quas
2868 5040 3010 5083 nunc
3045 5027 3289 5084 recolere
3333 5044 3523 5086 omnes
3560 5044 3669 5086 non

2070 5131 2154 5179 est
2182 5135 2436 5187 necesse,
2468 5120 2609 5191 apud
2636 5135 2731 5175 vos
2761 5119 3059 5190 priesertim
3091 5121 3181 5190 qui
3214 5119 3329 5174 illas
3358 5123 3530 5177 nostis
3561 5119 3670 5176 frc-

2070 5224 2295 5286 quenter
2325 5225 2379 5270 et
2407 5212 2613 5282 facitis;
2640 5229 2759 5285 quae
2791 5214 2914 5269 licet
2938 5212 3206 5283 descripta
3233 5230 3342 5269 non
3370 5214 3510 5282 sint,
3540 5230 3670 5286 que-

2070 5316 2174 5373 ruli
2218 5323 2395 5369 tamen
2438 5311 2509 5367 de
2544 5310 2627 5367 his
2664 5325 2773 5367 non
2810 5310 3037 5381 potestis
3074 5323 3214 5366 esse.
3254 5308 3481 5367 Adulter
3524 5308 3669 5366 enim

1688 5457 1869 5545 EDlT.
1909 5453 2118 5550 exon.
2160 5450 2389 5508 uorat).

445 5617 576 5682 Qua:
604 5631 634 5666 η
660 5613 862 5668 Christo
889 5618 1181 5668 consecrata
1206 5609 1309 5682 sit._
1329 5603 1587 5682 Pometia;
1613 5605 1684 5655 ait
1709 5597 1843 5682 :liic
1872 5597 1974 5682 ite-

368 5667 487 5745 rum
507 5667 805 5745 Costerius.
827 5667 948 5754 quia
975 5683 1195 5747 Christo,
1218 5678 1412 5754 sedvel
1440 5679 1667 5733 Erasmo
1684 5679 1850 5754 teste,
1887 5667 1976 5754 ille

371 5742 565 5819 sensus
592 5742 803 5811 constat
823 5742 923 5821 ,'et
948 5757 1025 5810 sic
1055 5742 1236 5827 legunt
1259 5751 1417 5827 etiam
1448 5760 1589 5827 mss.
1608 5743 1728 5799 cod.
1774 5742 1978 5827 genus.

449 5809 1035 5887 ill-.V-é—rldulterﬁen’itn
1064 5809 1161 5880 non
1195 5821 1339 5878 habet
1364 5817 1756 5875 excusationem.
1792 5809 1982 5865 Pome-

2084 5592 2183 5646 lius
2225 5590 2340 5643 ait:
2373 5586 2484 5642 Hoc
2521 5599 2732 5641 rursum
2763 5601 2828 5641 ex
2856 5583 3084 5640 Tertull.
3130 5582 3200 5640 de
3229 5583 3523 5653 Pudicitia,
3567 5602 3674 5643 non

2086 5665 2272 5735 procul
2297 5662 2364 5716 ab
2394 5658 2567 5735 initio,
2609 5658 2850 5712 refe-rens
2887 5657 2952 5711 ad
2993 5658 3393 5735 excusationem
3434 5659 3634 5735 peccati
3658 5702 3672 5726 ,

2088 5728 2230 5804 quod
2262 5732 2349 5787 ille
2382 5731 2519 5785 male
2544 5730 2693 5800 juxta
2724 5743 2878 5789 suum
2911 5742 3148 5787 errorem
3179 5728 3246 5784 ad
3275 5729 3670 5791 excusationem

2094 5808 2293 5862 veniat.
2334 5804 2539 5859 Ρλωςι..
2773 5854 2777 5858 .
3554 5828 3557 5829 ν
