4230 6282
588 281 697 339 825

2150 275 2353 332 LIBER

3793 268 3899 323 εει

588 411 697 452 non
728 392 889 451 habet
914 391 1341 456 excusationem,
1373 396 1465 445 aut
1491 388 1687 444 habere
1714 386 1910 460 potuit,
1940 387 2061 458 quia
2089 386 2191 443 du-
2220 391 2273 449 Α
2299 389 2437 458 lato,
2461 388 2603 461 quod
2636 387 2893 443 Hebraeus
2919 385 3235 442 adolescens
3263 384 3369 439 vim
3397 383 3495 437 sibi
3528 381 3744 438 molitus
3772 384 3902 440 fuis-

589 506 716 548 cere
748 488 943 545 licebat
972 501 1215 541 uxorem.

668 581 779 639 Vll.
810 579 912 636 Sed
943 578 1082 633 sicut
1111 578 1370 634 matronis
1391 576 1509 648 jura
1537 577 1847 647 praescripta
1878 583 2041 642 sunt,
2072 590 2191 645 qua:

595 677 668 731 ita
698 683 825 729 sunt
858 688 1009 728 nexa:
1033 716 1048 739 ,
1082 681 1140 728 ut
1166 671 1347 727 divelli
1370 669 1497 727 inde
1525 686 1631 725 non
1665 670 1890 740 possint,
1913 668 2191 738 virginitas

590 781 723 822 vero
763 774 818 820 et
858 765 1187 821 continentia
1228 774 1379 820 extra
1419 763 1508 834 jus
1546 778 1705 819 omne
1742 772 1895 817 sunt:
1945 761 2073 816 nihil
2124 759 2191 815 ad

590 846 951 931 virginitatem
985 859 1052 913 de
1080 858 1545 912 matrimoniorum
1579 856 1785 927 legibus
1816 855 2078 926 pertinet,
2108 853 2190 907 al-

590 951 819 1007 titudine
846 966 940 1005 sua
970 948 1301 1005 transcendit
1329 963 1537 1003 omnes.
1577 947 1634 1003 Si
1663 948 1767 1001 ulla
1813 961 1972 1017 prava
2015 942 2190 1001 homi-

593 1059 721 1100 nmn
749 1058 876 1097 ausa
903 1042 1045 1111 lcges
1067 1041 1375 1111 supergredi
1404 1048 1688 1106 conantur,
1712 1040 1992 1111 virginitas
2017 1046 2194 1109 aequat

589 1151 650 1193 se
678 1134 927 1206 Angelis:
958 1134 1001 1189 si
1035 1148 1161 1189 vero
1190 1133 1567 1202 exquiramus,
1598 1131 1757 1184 etiam
1792 1131 2033 1194 excedit;
2065 1132 2191 1187 dum

590 1232 647 1287 in
686 1245 850 1286 carne
886 1228 1083 1283 luctata
1116 1227 1389 1282 victoriam
1424 1228 1585 1281 etiam
1614 1234 1798 1280 contra
1830 1234 2073 1280 naturam
2104 1241 2193 1280 re-

591 1323 729 1386 fert,
762 1335 920 1392 quam
953 1336 1058 1373 non
1104 1318 1297 1372 habent
1329 1317 1541 1386 Angeli.
1572 1315 1862 1386 Virginitas
1889 1316 2016 1385 quid
2048 1316 2194 1392 aliud

592 1422 677 1469 est
715 1427 872 1483 quam
913 1409 1103 1464 futura:
1134 1409 1255 1463 vita:
1291 1410 1525 1479 gloriosa
1564 1407 1875 1462 meditatio?
1910 1406 2196 1477 Virginitas

589 1506 768 1561 neutri
799 1518 960 1559 sexus
989 1510 1103 1558 est:
1134 1503 1408 1574 virginitas
1435 1512 1519 1558 est
1547 1515 1901 1570 perseverans
1932 1500 2149 1555 infantia
2179 1520 2192 1556 :

592 1598 870 1670 virginitas
908 1607 991 1654 est
1015 1598 1347 1669 voluptatum
1381 1595 1719 1666 triumphus:
1754 1594 2028 1664 virginitas
2060 1593 2195 1650 lilios

594 1708 703 1747 non
739 1692 935 1759 habet,
969 1693 1063 1748 sed
1093 1691 1234 1760 quod
1269 1690 1386 1759 plus
1417 1700 1499 1745 est
1521 1686 1547 1753 ,’
1567 1687 1796 1741 ﬁliorum
1828 1696 2193 1757 contemptum

2295 491 2378 537 set
2408 481 2635 548 inferre,
2668 496 2827 552 quam
2859 480 2973 551 ipsa
3003 488 3192 534 conata
3221 476 3395 533 fuerat
3433 476 3694 547 irrogare.
3727 475 3889 531 Mari-

2297 573 2416 628 talis
2445 573 2607 628 ardor
2636 589 2816 628 rerum
2851 570 3084 636 inscius,
3116 579 3172 625 et
3199 570 3382 624 uxoris
3408 570 3754 624 accusatione
3779 584 3903 638 gra‘

2297 667 2432 721 vitcr
2464 668 2824 721 inﬂammatus
2855 662 3183 720 incenditur.
3233 661 3469 718 Pudicus
3499 676 3629 716 vero
3655 661 3900 731 juvenis,

2296 760 2415 830 quia
2448 759 2645 816 delicto
2671 759 3056 815 conscientiam
3090 773 3194 812 non
3231 757 3476 820 miscuit,
3511 755 3563 810 in
3597 756 3761 810 imum
3791 771 3905 810 car-

2296 854 2436 909 ceris
2467 855 2715 911 truditur.
2747 852 2851 909 Sed
2883 852 2998 907 sola
3027 866 3133 907 non
3164 860 3247 906 est
3278 853 3329 905 in
3362 865 3582 905 carcere
3614 848 3901 920 pudicitia:

2298 961 2420 1001 nam
2464 958 2547 1002 est
2591 963 2711 1003 cum
2762 946 2961 1016 Joseph
3012 946 3178 1011 Deus,
3224 953 3279 1000 et
3324 952 3582 1000 nocentes
3619 944 3810 999 dantur
3850 945 3903 1000 in

2300 1056 2459 1094 manu
2489 1041 2604 1110 ejus
2625 1082 2640 1109 ,
2673 1041 2796 1110 quia
2829 1041 3091 1094 innocens
3131 1039 3323 1093 fuerat.
3370 1036 3713 1092 Somniorum
3759 1052 3906 1107 pra:-

2301 1141 2444 1187 terea
2491 1133 2719 1188 obscura
2761 1130 3041 1191 dissolvit.
3087 1130 3212 1200 quia
3251 1128 3470 1199 Spiritus
3515 1129 3568 1181 in
3611 1126 3907 1182 tentatione

2300 1224 2581 1294 vigilabat,
2614 1234 2668 1280 et
2697 1241 2791 1295 per
2819 1223 3094 1279 dominum
3142 1222 3399 1277 liberatur
3436 1236 3466 1274 a
3509 1219 3756 1275 vinculis.
3800 1219 3907 1287 Qui

2301 1317 2351 1372 in
2384 1317 2547 1372 domo
2588 1318 2765 1372 minor
2805 1331 2927 1372 cum
2969 1316 3208 1385 periculo
3252 1313 3462 1376 fuerat,
3507 1312 3668 1384 regia:
3713 1311 3908 1367 domus

2298 1410 2416 1464 sine
2446 1409 2684 1478 periculo
2713 1408 2961 1464 dominus
2991 1407 3215 1463 effectus
3255 1413 3366 1461 est:
3400 1403 3748 1475 generositati
3788 1418 3904 1458 sua:

2299 1500 2575 1567 redditus,
2609 1501 2838 1556 fructum
2886 1499 3152 1569 pudicitia:
3181 1506 3236 1553 et
3266 1496 3620 1562 innocentim,
3666 1496 3775 1550 Deo
3814 1496 3899 1564 ju«

2299 1595 2419 1651 dice
2438 1635 2452 1657 ,
2482 1610 2510 1647 a
2540 1608 2647 1663 quo
2676 1602 2981 1658 meruerat,
3011 1590 3241 1660 accepit.

2370 1686 2461 1741 IX.
2490 1686 2594 1743 Sed
2628 1703 2733 1742 non
2765 1684 2976 1751 minus,
3007 1700 3071 1740 ex
3102 1691 3252 1754 parte
3280 1681 3528 1749 diversa,
3567 1679 3709 1735 aliud
3752 1678 3910 1735 nobis

593 1783 785 1851 habet,
815 1801 920 1840 non
955 1784 1112 1839 habet
1142 1781 1561 1847 ftecuuditatem,
1603 1780 1696 1835 sed
1726 1794 1831 1834 non
1860 1779 2021 1833 habet
2052 1779 2199 1834 orbi-
2233 1785 2279 1845 Β
2308 1784 2576 1854 pudicitia:
2612 1782 2789 1839 simile
2824 1782 2893 1838 de
2932 1782 3259 1838 continentia
3300 1779 3620 1836 feminarum
3667 1780 3814 1834 exori
3827 1789 3915 1835 tur

593 1889 797 1935 tatem:
832 1877 958 1934 felix
986 1875 1127 1946 quod
1159 1885 1242 1931 est
1280 1882 1434 1930 extra
1464 1882 1649 1943 partus
1675 1871 1952 1937 dolorem,
1992 1871 2197 1928 felicior

593 1981 772 2027 autem
803 1971 943 2042 quod
972 1979 1057 2025 est
1083 1976 1235 2024 extra
1267 1967 1512 2022 funerum
1545 1964 1780 2020 ﬁliorum
1811 1965 2193 2020 calamitatem.

592 2064 886 2136 Virginitas
910 2062 1035 2133 quid
1068 2071 1150 2116 est
1175 2058 1319 2115 aliud
1346 2073 1507 2127 quam
1534 2057 1705 2112 soluta
1738 2057 2003 2113 libertas?
2042 2056 2198 2111 Mari-

591 2164 705 2210 tum
751 2170 856 2208 non
898 2154 1061 2208 habet
1096 2151 1397 2208 dominum.
1437 2150 1730 2221 Virginitas
1767 2148 2199 2204 aﬁ'ectationibus

593 2246 846 2302 omnibus
874 2246 1050 2301 soluta
1078 2254 1192 2300 est:
1225 2258 1333 2300 non
1364 2241 1723 2297 tuatrimoniis
1750 2251 1832 2297 est
1858 2242 2061 2304 dicata,
2092 2255 2198 2295 non

599 2342 833 2407 steculo,
865 2356 970 2396 non
1000 2339 1203 2395 liberis.
1234 2326 1673 2392 Persecutionem
1698 2349 1803 2390 non
1835 2343 2013 2404 potest
2043 2334 2198 2387 time-

594 2447 690 2499 re,
723 2431 849 2486 dum
880 2431 1023 2486 illam
1056 2430 1125 2486 de
1153 2430 1444 2485 securitate
1476 2436 1651 2499 potest
1680 2441 1992 2497 provocare.

670 2523 807 2579 Vlll.
838 2524 942 2580 Sed
970 2527 1091 2595 quia
1124 2523 1394 2594 pudivitia:
1427 2521 1581 2577 nobis
1609 2520 1845 2575 breviter
1874 2528 2001 2575 sunt
2031 2529 2200 2589 expa-

595 2616 698 2671 sita
750 2626 1045 2688 prmcepta,
1086 2617 1198 2684 jam
1247 2616 1517 2687 pudicitim
1564 2629 1822 2685 ponamus
1872 2614 2198 2682 exemplum,

598 2709 728 2764 Plus
754 2708 893 2763 enim
921 2710 1219 2779 proﬁcitur,
1248 2724 1370 2764 cum
1401 2710 1451 2762 in
1480 2722 1593 2763 rem
1622 2715 1951 2777 pra-sentem
1967 2704 2197 2760 venitur:

599 2817 703 2859 nec
732 2803 799 2858 de
831 2803 1025 2858 virtute
1054 2803 1383 2859 dubitabitur
1404 2846 1418 2869 ,
1461 2801 1674 2873 quando
1714 2800 1855 2872 quod
1899 2800 2205 2870 praccipitur

599 2895 861 2965 exemplis
890 2897 1050 2949 etiam
1083 2895 1347 2965 signatur.
1394 2893 1713 2964 Exemplum
1747 2891 2015 2963 pudicitia:
2045 2905 2074 2943 a
2104 2888 2200 2944 Jo-

599 2988 731 3058 sepb
754 2988 915 3057 coepit
939 2984 1091 3061 (Gen.
1112 3002 1296 3051 xxxrx,
1313 2985 1369 3058 7)
1412 2986 1740 3040 Adolescens
1764 2983 2019 3039 Hebraeus
2038 2996 2203 3053 gene-

598 3093 757 3134 rosus
784 3077 852 3134 de
883 3090 1070 3149 patre,
1104 3079 1423 3150 generosior
1454 3076 1522 3134 de
1566 3077 1906 3141 innocentia,
1950 3075 2020 3129 ob
2063 3074 2200 3129 invi-

2302 1876 2629 1946 exemplum.
2662 1873 2819 1941 Fuit,
2851 1884 2906 1929 ut
2950 1874 3212 1944 legimus,
3261 1871 3505 1927 Susanna
3552 1870 3725 1943 (Dan.
3762 1870 3900 1944 xui)

2304 1968 2410 2023 lilia
2442 1967 2671 2035 llelcias,
2705 1982 2838 2023 uxor
2877 1965 3120 2022 Joachim
3172 1963 3522 2035 pulcherrima
3544 2006 3557 2029 ,
3610 1961 3897 2033 pulchrior

2304 2058 2561 2113 moribus.
2621 2057 2768 2113 lianc
2820 2057 3025 2112 nullum
3073 2056 3140 2111 ad
3192 2056 3438 2111 decorem
3488 2053 3913 2110 conttncmlaizat

2303 2150 2547 2220 species;
2581 2150 2811 2220 simplex
2841 2148 2985 2204 enim
3017 2157 3154 2204 erat.
3186 2148 3505 2203 Excoluerat
3535 2145 3823 2217 pudicitia,
3854 2154 3913 2200 et

2303 2256 2423 2296 cum
2474 2240 2727 2311 pudicitia
2774 2240 2887 2296 sola
2931 2250 3141 2295 natura.
3190 2237 3338 2295 Hanc
3381 2253 3413 2294 e
3455 2237 3762 2293 seniorilms
3801 2236 3911 2292 duo

2303 2346 2577 2407 coeperant
2643 2335 2921 2406 deperire,
2955 2334 3086 2389 nihil
3118 2348 3386 2388 memores
3414 2346 3515 2387 nec
3540 2330 3706 2386 divini
3738 2330 3895 2385 timo-

2306 2429 2380 2483 ris
2400 2470 2414 2494 ,
2445 2427 2538 2483 sed
2574 2423 2672 2483 nec
2702 2442 2812 2482 sum
2842 2426 2998 2481 annis
3024 2427 3135 2496 jam
3167 2423 3553 2482 marcescentis
3582 2423 3791 2492 anatis;
3837 2424 3910 2479 ita

2304 2520 2430 2576 illos
2472 2521 2524 2575 in
2556 2519 2834 2591 ﬂagrantia
2865 2528 3148 2574 transacta:
3170 2517 3468 2588 juveutntis
3496 2516 3741 2572 incendia
3763 2557 3777 2581 ,
3811 2530 3911 2570 re-
4002 2572 4011 2579 ,

2305 2617 2498 2672 diviva:
2528 2616 2765 2672 libidinis
2806 2616 3021 2671 ﬂamma
3067 2614 3383 2671 revocabat:
3436 2613 3707 2684 pudicitiae
3742 2611 3909 2666 latro-

2307 2726 2405 2767 nes
2434 2727 2672 2766 amorem
2702 2710 3054 2781 proﬁtentur,
3089 2708 3183 2764 sed
3215 2707 3459 2763 oderant.
3487 2705 3780 2761 Resistenti
3812 2704 3909 2758 mi-

2307 2817 2505 2861 nantur
2554 2805 2893 2866 calumnias,
2932 2801 3183 2857 adulterii
3235 2816 3294 2857 se
3334 2800 3524 2856 dicunt
3567 2808 3905 2854 accusatores

2306 2908 2433 2953 voto
2461 2896 2711 2952 adulteri.
2744 2896 2889 2951 Inter
2914 2909 3049 2966 quos
3080 2892 3318 2948 libidinis
3356 2891 3611 2961 scottulos
3651 2889 3903 2945 auxilium

2306 2991 2374 3046 de
2407 2990 2634 3046 Domino
2667 2988 2917 3060 petebat,
2950 2988 3072 3059 quia
3102 2985 3307 3041 viribus
3336 2984 3582 3055 corporis
3610 2995 3908 3053 repugnare

2307 3096 2411 3134 non
2446 3080 2680 3135 valebat.
2728 3080 2793 3134 Et
2829 3078 3108 3133 exaudivit
3134 3076 3203 3132 de
3227 3076 3368 3132 caelo
3397 3076 3722 3130 clamantem
3754 3073 3821 3127 ad
3852 3087 3909 3127 se

597 3169 742 3225 diam
773 3171 1159 3225 revelationum
1200 3171 1490 3225 distractus
1517 3185 1548 3225 a
1582 3168 1836 3223 fratribus
1874 3166 2163 3223 Ismaelitis
2183 3208 2199 3234 ,
2228 3180 2273 3242 ρ
2311 3173 2623 3245 pudicitiam
2667 3172 2962 3238 Dominus;
2993 3180 3048 3227 et
3077 3186 3199 3227 cum
3227 3169 3504 3239 iniquitate
3529 3184 3785 3240 oppressa
3813 3169 3911 3223 du-

598 3264 653 3318 in
680 3263 897 3319 domum
925 3264 1220 3319 devenerat
1261 3262 1494 3316 hominis
1529 3261 1802 3334 Atigyptii;
1846 3261 2107 3333 obsequio
2144 3268 2200 3315 et

598 3356 905 3410 innocentia
930 3367 998 3411 et
1042 3364 1153 3410 tota
1190 3355 1466 3411 servitutis
1505 3356 1611 3410 lide
1641 3355 1850 3410 facilem
1878 3364 1933 3409 et
1962 3355 2201 3410 benevo-

600 3446 710 3501 lum
754 3447 804 3501 in
847 3462 906 3501 se
934 3448 1170 3501 animum
1211 3448 1295 3502 sui
1338 3455 1726 3517 provocaverat
1769 3446 2004 3513 domini,
2049 3447 2200 3516 cujus

602 3540 794 3595 faciem
824 3550 929 3595 tam
957 3556 1137 3597 sermo
1162 3542 1416 3606 liberalis,
1440 3557 1597 3613 quam
1625 3552 1756 3597 aztas
1782 3541 2028 3596 omnibus
2053 3556 2202 3596 com-

600 3634 970 3691 mendaverat.
1019 3635 1123 3692 Sed
1171 3636 1268 3691 ista
1308 3638 1641 3707 generositas
1684 3636 1752 3691 ab
1790 3649 1957 3691 uxore
1998 3633 2201 3689 domini

528 3804 537 3813 ἣ
602 3726 760 3783 aliter
787 3744 947 3800 quam
976 3728 1203 3785 decebat
1231 3736 1448 3799 accepta
1477 3740 1588 3785 est:
1625 3729 1678 3783 in
1709 3727 1901 3784 domus
1934 3737 2085 3799 parte
2113 3743 2202 3784 se-

602 3832 771 3889 creta,
795 3832 850 3877 et
870 3824 987 3878 sine
1009 3824 1253 3887 arbitris,
1277 3823 1382 3877 alta
1405 3830 1459 3877 et
1479 3821 1805 3878 facinoribus
1825 3821 2196 3887 accommoda;

602 3916 810 3983 putavit
851 3929 910 3969 se
950 3916 1258 3985 pudicitiam
1300 3914 1659 3972 adolescentis
1695 3917 2039 3971 incontinens
2078 3930 2201 3969 mu-

604 4003 754 4059 lieris
785 4006 1130 4076 impudicitia,
1190 4022 1332 4062 nunc
1356 4008 1656 4077 promissis,
1687 4022 1828 4062 nunc
1855 4008 2015 4063 minis
2041 4021 2203 4079 posse

603 4110 881 4164 superare.
923 4096 990 4151 Et
1014 4112 1137 4152 cum
1165 4105 1404 4152 retentus
1428 4107 1512 4152 est
1540 4099 1806 4165 vestibus,
1836 4113 1900 4153 eo
1925 4098 2065 4168 quod
2093 4113 2201 4153 mo-

604 4187 792 4243 liretur
825 4189 1030 4261 fugam,
1062 4202 1283 4263 propter
1312 4193 1442 4247 tanti
1473 4193 1725 4250 facinoris
1750 4194 2028 4251 audaciam
2060 4195 2204 4266 ipsas

604 4294 787 4340 vestes
816 4286 1125 4357 relinquens
1144 4329 1160 4358 ,
1193 4298 1249 4345 et
1276 4290 1520 4360 corporis
1551 4289 1676 4344 nttdi
1707 4291 2072 4348 sinceritatem
2105 4290 2203 4346 ha-

604 4375 814 4433 biturus
865 4378 1185 4435 innocentia:
1227 4391 1451 4447 testem;
1493 4382 1559 4437 ad
1601 4383 1807 4439 crimen
1857 4385 2206 4455 impudicitia:

602 4481 715 4523 suae
746 4469 1056 4539 imprudens
1085 4472 1279 4527 mulier
1306 4472 1541 4543 adjicere
1569 4489 1674 4528 non
1706 4472 1968 4530 dubitavit
1993 4474 2197 4530 calum-

2306 3276 2522 3322 cerctur
2549 3265 2613 3322 ad
2648 3280 2859 3337 pmnam
2882 3308 2898 3334 ,
2928 3263 3061 3320 vidit
3098 3263 3437 3319 inimicorum
3472 3262 3689 3316 liberata
3724 3261 3907 3316 vindi-

2304 3368 2465 3414 ctam.
2501 3359 2590 3414 Bis
2620 3360 2842 3423 victrix,
2872 3368 2927 3414 et
2954 3357 3009 3413 in
3042 3356 3283 3427 periculo
3312 3370 3409 3412 suo
3437 3362 3538 3409 tam
3569 3353 3782 3409 funeste
3824 3362 3907 3408 to-

2307 3451 2406 3507 ties
2435 3462 2724 3523 consepta,
2757 3460 2812 3507 et
2841 3450 3116 3520 libidinem
3154 3451 3360 3517 evasit,
3401 3459 3455 3503 et
3490 3456 3742 3503 mortem.
3780 3447 3914 3503 luti-

2308 3546 2479 3598 nitum
2509 3545 2611 3598 erit
2640 3543 2683 3597 si
2715 3542 2961 3615 exempla
3002 3556 3302 3614 prosequar
3346 3541 3532 3612 plura:
3575 3538 3660 3595 bis
3699 3538 3913 3593 duobus

2306 3645 2594 3691 contentus
2620 3651 2738 3691 smn
2759 3676 2775 3702 ,
2806 3636 3108 3706 praesertim
3137 3649 3260 3691 cum
3300 3634 3555 3689 omnibus
3596 3634 3668 3687 sit
3707 3632 3914 3687 viribus

2308 3746 2402 3803 per
2427 3732 2558 3787 istos
2598 3731 2853 3803 pudicitia
2880 3713 3121 3787 defensa.

2378 3825 2448 3880 Χ.
2479 3825 2595 3881 Non
2626 3826 2748 3881 illos
2777 3824 3027 3881 emollire
3054 3824 3225 3896 potuit
3268 3823 3321 3880 in
3352 3824 3457 3879 vita
3495 3823 3746 3896 generosi
3788 3837 3915 3877 san~

2306 3917 2484 3989 guinis
2511 3917 2808 3982 memoria,
2847 3932 2968 3988 qua:
3016 3917 3068 3971 in
3115 3915 3374 3986 quosdam
3421 3916 3636 3972 licentia
3677 3914 3914 3971 lascivia:

2309 4021 2390 4066 est
2423 4011 2666 4066 ministra
2692 4028 2705 4065 :
2741 4026 2850 4065 non
2879 4010 3047 4066 decor
3076 4011 3350 4081 corporis,
3381 4019 3435 4064 et
3462 4019 3586 4080 apte
3613 4009 3913 4079 positorum

2309 4101 2477 4174 ﬁgura
2531 4104 2941 4167 membrorum,
2988 4118 3108 4172 qua:
3151 4101 3389 4174 suggerit
3440 4101 3753 4172 plerumque
3806 4111 3901 4164 ut,

2307 4198 2461 4268 quasi
2506 4195 2606 4252 ﬂos
2653 4195 2868 4267 quidam
2894 4239 2909 4262 ,
2960 4210 3258 4268 properans
3301 4195 3559 4251 velociter
3605 4196 3916 4249 transitum:

2310 4292 2516 4357 aetatis,
2553 4300 2798 4362 porrecta
2835 4291 3123 4362 voluptatis
3155 4290 3439 4346 occasione
3480 4298 3759 4361 pascatur:
3808 4306 3917 4344 non

2310 4384 2434 4439 anni
2476 4384 2631 4455 puimi
2670 4384 2920 4451 virentis,
2960 4383 3055 4439 sed
3097 4384 3317 4454 majoris
3351 4384 3559 4446 aetatis;
3598 4396 3720 4437 cum
3759 4382 3919 4437 rudis

2311 4477 2488 4534 adhuc
2527 4477 2743 4547 sanguis
2776 4487 3047 4543 testuans,
3086 4484 3291 4531 natura:
3331 4474 3574 4531 flammas
3608 4474 3917 4541 accendat,

605 4560 777 4615 niam:
829 4571 884 4616 et
931 4564 1143 4618 caeteris
1187 4572 1245 4620 et
1290 4566 1517 4631 marito,
1564 4566 1805 4637 squalida
1855 4576 1908 4622 et
1957 4568 2203 4636 fervens,
2229 4580 2285 4641 1)
2310 4579 2366 4627 et
2394 4571 2446 4625 in
2478 4570 2728 4627 medullis
2763 4578 2974 4626 versata
3009 4585 3148 4626 cteca
3186 4569 3433 4625 incemlia
3468 4569 3534 4624 ad
3570 4569 3880 4625 remedium
3902 4612 3919 4636 ,

601 4663 785 4724 spreto
829 4654 1097 4712 desiderio
1141 4671 1273 4725 suo,
1316 4666 1608 4730 conquesta
1656 4667 1740 4714 est
1780 4657 1969 4715 dolore
2016 4662 2199 4716 simu-

2306 4679 2494 4718 vermn
2526 4663 2688 4719 etiam
2731 4678 2830 4734 per
2867 4660 3161 4735 periculum
3201 4662 3421 4734 pudoris
3459 4663 3627 4718 itura:
3660 4676 3773 4718 non
3806 4662 3922 4719 ulla

1895 4772 2078 4827 EltIT.
2120 4772 2331 4831 ΟΧΟΝ.
2371 4773 2604 4831 NOTAE.

675 4863 996 4939 Vll.—Quw
1016 4867 1088 4921 ita
1110 4875 1227 4922 sunt
1252 4884 1415 4934 nexae,
1441 4877 1495 4922 ul
1523 4868 1690 4923 divelli
1716 4867 1834 4923 inde
1855 4884 1953 4921 nou
1983 4870 2193 4939 possint.

604 4937 864 5010 ξαιηειῡτιε
893 4941 964 4993 ait
983 4954 1002 4993 :
1021 4939 1197 4995 Locus
1225 4955 1321 5010 pro
1339 4941 1663 4994 matrimonii
1705 4937 2195 4994 indissolubilitate.

600 5007 699 5081 Est
736 5019 914 5063 autem
956 5010 1107 5065 locus
1147 5007 1237 5066 ille
1278 5011 1530 5075 mutilus,
1562 5011 1703 5081 quod
1734 5013 1896 5066 etiam
1936 5012 2197 5066 asterisco

597 5079 874 5152 adnotavit
917 5081 1207 5152 Manutius.
1260 5079 1664 5151 Proscquuntur
1715 5082 1932 5152 quidam
1979 5081 2194 5139 codices

596 5164 732 5221 mss.
775 5151 877 5204 alia
909 5151 1251 5207 distinctione
1280 5169 1398 5221 qua:
1436 5151 1768 5221 sequuntur,
1802 5154 1852 5207 in
1894 5153 2033 5207 hunc
2074 5168 2192 5208 mo-

596 5219 746 5294 dum.
774 5221 1069 5294 Altitudine
1093 5238 1186 5278 sua
1216 5219 1544 5278 transcendit
1572 5238 1778 5279 omnes.
1810 5226 1864 5280 Si
1895 5226 1997 5278 ulla
2028 5239 2191 5294 prava

595 5291 877 5348 hominum
909 5293 1054 5363 leges
1082 5309 1211 5349 ausa
1243 5295 1557 5366 supergredi
1588 5305 1873 5359 conantur,
1909 5291 2186 5363 virginitas

592 5366 1078 5435 mquatseAngelis
1099 5367 1210 5421 Dei.
1230 5367 1334 5422 Sed
1364 5382 1463 5422 nec
1490 5368 1568 5421 sic
1596 5366 1950 5421 satisfaciunt.
1978 5366 2186 5421 l’auee.

679 5434 966 5507 Virginims
991 5439 1153 5491 neutri
1193 5454 1342 5493 sexus
1379 5448 1471 5493 est.
1516 5438 1780 5492 Pamclins
1805 5438 1874 5491 ait
1903 5454 1922 5492 :
1962 5436 2189 5493 Gravius

2308 4868 2620 4923 trahebatttr
2647 4866 2944 4938 Iosephus,
2985 4867 3127 4939 quod
3156 4883 3184 4923 a
3219 4866 3474 4923 fratribus
3513 4882 3619 4921 non
3650 4867 3924 4937 singulari

2309 4939 2467 4993 alicui
2496 4938 2751 5006 domino,
2802 4940 2895 4994 sed
2927 4938 3155 4995 Caterva:
3184 4938 3577 4996 Midianitarmn
3610 4942 3929 5010 negotiato-

2302 5026 2458 5073 rum,
2489 5010 2829 5066 venundatus
2859 5018 3020 5066 esset.

2373 5081 2454 5137 Ad
2500 5083 2689 5154 crimen
2731 5082 3084 5154 impudicitiw.
3139 5080 3404 5154 Patttelius
3448 5082 3551 5147 ait,
3585 5081 3808 5153 Optime
3843 5084 3926 5140 sic

2300 5166 2430 5208 mss.
2463 5152 2711 5218 codices,
2747 5152 2877 5221 pro,
2911 5153 3189 5224 μιιάίιὶιίιε.
3222 5153 3441 5224 Pansae.
3510 5206 3513 5207 ν

2374 5224 2477 5292 Qui
2506 5225 2558 5278 in
2585 5225 2735 5277 doma
2763 5225 2950 5279 minor.
2992 5224 3157 5281 Recte
3183 5226 3344 5279 etiam
3377 5227 3478 5280 hoc
3507 5239 3640 5280 mss.
3690 5224 3928 5282 codices

2299 5311 2429 5366 pro,
2476 5295 2909 5369 minori,__neque
2951 5297 3094 5369 enim
3139 5297 3193 5352 in
3238 5297 3458 5364 minori,
3492 5295 3593 5352 sed
3624 5297 3678 5352 in
3720 5300 3929 5369 majori

2295 5377 2412 5438 erat
2441 5366 2678 5438 periculo
2705 5367 2774 5421 ibi
2803 5367 3033 5438 .loseph.

2365 5434 2412 5492 Χ
2441 5434 2525 5479 ’-
2548 5436 2617 5492 Ut
2644 5439 2789 5509 quasi
2818 5439 2916 5508 ﬂos
2938 5434 3154 5509 quidam
3183 5456 3463 5509 properans
3492 5438 3928 5497 velocitati-ans-

590 5505 1112 5589 aduna‘i-gim-m,_et
1152 5513 1325 5567 codex
1367 5509 1424 5566 S.
1469 5510 1813 5565 Pantaleonis
1853 5520 2049 5576 neuter;
2093 5511 2189 5564 sed

590 5580 738 5646 prius
781 5580 974 5647 placet.
1010 5582 1216 5636 ΡΑιιει..

663 5647 797 5706 Vlll.
824 5681 897 5692 —-
922 5651 1207 5708 υὶεινηειιιε
1241 5670 1273 5707 a
1312 5652 1573 5719 fratribus.
1615 5652 1916 5709 Distraltere
1952 5664 2033 5709 est
2070 5668 2185 5707 rem

590 5720 823 5798 uttctioni
861 5724 1188 5798 expositam,
1231 5739 1345 5798 non
1383 5726 1488 5798 uni
1510 5724 1788 5798 addicere;
1805 5725 1913 5798 sed
1943 5723 2185 5798 pluribus

590 5793 735 5842 varia
775 5793 828 5845 in
870 5793 984 5847 loca
1023 5795 1431 5863 apportantibus
1462 5797 1769 5852 divendere.
1802 5793 2039 5851 Eatenus
2068 5793 2181 5850 dis-

2287 5509 2437 5563 itune
2465 5507 2662 5563 (etatis.
2682 5507 3040 5564 Pamelius’ait
3073 5527 3090 5565 :
3123 5507 3351 5565 Pulchre
3378 5511 3456 5565 sie
3499 5510 3739 5565 restituit
3768 5512 3928 5569 hunc

2289 5580 2462 5635 locum
2504 5580 2730 5635 Gravius
2759 5596 2854 5654 pro
2873 5596 2938 5636 eo
2964 5582 3104 5652 quod
3131 5581 3218 5636 alii
3246 5582 3451 5653 legunt,
3481 5582 3625 5654 quasi
3656 5582 3759 5651 ﬂos
3788 5588 3921 5654 qui-

2289 5656 2402 5705 dem
2431 5667 2711 5722 properans
2748 5653 2980 5706 velociter
3020 5654 3237 5707 transire
3280 5652 3467 5709 (etatis.
3509 5652 3643 5708 Nam
3676 5662 3731 5708 et
3782 5652 3928 5711 eun-

2288 5724 2527 5779 sentiunt
2586 5723 3007 5797 mss.__codiccs,
3052 5726 3141 5795 qui
3185 5726 3346 5780 etiam
3388 5725 3569 5797 legunt
3611 5735 3922 5794 porreelm,

2288 5809 2386 5864 pro
2423 5808 2489 5850 eo
2527 5794 2667 5865 quod
2700 5795 2786 5850 alii
2819 5794 3081 5865 porrecta.
3102 5798 3303 5851 I'AMEL.
