4214 6266
317 356 425 416 825

1323 358 1410 414 DE
1454 356 1839 414 lllSClPLlNA
1882 357 1973 413 ET
2009 355 2193 413 ΒΟΝο
2229 311 2619 413 PUDlClTIrE.

3514 347 3622 405 826

313 477 649 533 latebrarum
675 484 731 531 et
758 476 875 531 sine
901 474 1011 531 ullo
1034 474 1253 531 conscio
1274 518 1287 540 ,
1316 492 1434 547 qua:
1462 484 1570 529 tuta
1596 472 1916 545 quibusdam
1943 471 1996 534 Α
2021 471 2213 528 deinde
2243 456 2470 532 videre,
2490 485 2558 525 ne
2585 465 2712 541 quid
2743 467 2793 523 in
2825 481 2883 523 se
2913 465 3051 521 ultra
3082 463 3296 519 modum
3328 463 3616 536 sculptum,

317 580 572 641 putatur,
620 568 867 635 occasio;
914 584 1034 639 qua:
1075 570 1306 623 maxima
1352 570 1433 623 vis
1478 578 1561 623 cst
1601 565 1915 621 admittcndi

316 663 571 729 sceleris,
623 675 747 717 cum
792 661 1267 717 deliberationibus
1316 660 1547 716 occurrit
1601 659 1912 728 impunitas.

315 757 432 813 Non
478 756 649 826 posita
694 753 987 809 necessitas
1027 753 1096 809 de
1133 751 1452 808 auctoritate
1484 750 1823 821 jubentium,
1861 758 1918 805 ct

318 849 370 905 in
419 848 719 903 temeritate
764 845 1082 916 participum
1123 856 1285 916 atque
1324 845 1631 908 sociorum;
1680 857 1787 914 quo
1824 858 1916 913 ge-

253 992 265 1005 ,
316 958 447 998 nere
478 941 793 1010 franguntur
819 940 980 995 etiam
1008 954 1151 1010 saepe
1177 948 1322 994 recta
1352 937 1595 993 consilia.
1626 935 1744 991 Non
1779 952 1918 1006 pra:-

315 1036 420 1091 mia
463 1035 576 1104 ipsa
615 1040 671 1088 et
708 1033 947 1099 bonitas,
991 1048 1096 1087 non
1134 1030 1541 1095 accusationes,
1568 1044 1674 1085 non
1717 1029 1913 1095 minae,

318 1146 424 1185 non
473 1142 683 1198 poenae,
738 1141 844 1181 non
894 1135 1129 1193 mortes;
1178 1125 1307 1180 nihil
1355 1133 1462 1179 tam
1512 1139 1751 1190 saevum,
1806 1134 1913 1179 tam

314 1224 544 1290 durum,
589 1231 697 1277 tam
747 1220 931 1288 triste,
978 1234 1138 1289 quam
1179 1219 1442 1275 cecidisse
1484 1218 1551 1274 de
1590 1218 1700 1272 alto
1747 1216 1916 1287 pudi-

314 1317 455 1373 citia:
495 1314 687 1387 gradu.
719 1312 877 1385 Digni
905 1322 1054 1369 tanto
1077 1312 1272 1382 judicis
1299 1312 1462 1367 divini
1497 1310 1750 1382 pra‘mio,
1782 1326 1917 1381 quo-

315 1425 434 1465 rum
487 1407 625 1462 alter
673 1405 823 1477 regio
871 1420 1007 1476 pene
1059 1404 1252 1459 throno
1301 1404 1695 1470 illustraretur,
1746 1402 1914 1458 altera

314 1499 601 1557 concordia
641 1498 817 1554 mariti
859 1498 1040 1553 dotata
1086 1497 1427 1553 inimicorum
1470 1495 1732 1551 mortibus
1772 1495 1914 1551 redi-

314 1601 570 1650 meretur.
605 1590 731 1647 llrec
756 1603 879 1646 sunt
916 1601 971 1646 et
1010 1590 1095 1645 his
1130 1590 1324 1645 similia
1360 1604 1577 1660 semper
1607 1588 1761 1644 uobis
1790 1596 1916 1645 ante

313 1689 502 1747 oculos
546 1686 789 1757 exempla
844 1684 1124 1757 ponenda,
1174 1683 1258 1740 his
1304 1683 1453 1756 paria
1501 1682 1690 1739 diebus
1738 1681 1913 1738 nocti-

310 1783 519 1854 busque
563 1778 891 1837 meditando.

2022 568 2161 623 ultra
2193 568 2527 624 honestatem
2560 567 2908 639 productum,
2942 579 3009 620 nc
3035 563 3160 636 quid
3207 562 3505 634 proditum,
3550 579 3618 619 nc

2019 660 2144 732 quid
2171 670 2286 716 arte
2314 660 2546 716 furatum
2571 703 2585 727 ,
2621 676 2687 715 ne
2713 660 2839 731 quid
2866 658 2932 713 ad
2963 657 3249 713 irritandos
3272 698 3286 723 ,
3316 666 3405 711 aut
3435 656 3617 711 rediu-

2021 753 2303 825 tegrandos
2331 753 2482 808 dolos
2514 753 2891 809 lenocinatum.
2922 751 3038 806 Non
3069 752 3151 807 est
3176 748 3364 820 pudiea
3392 764 3510 820 qua:
3542 750 3617 803 af—

2019 847 2181 903 fcetat
2208 849 2443 902 animum
2472 847 2695 903 alterius
2722 861 2976 912 movere,
3009 846 3168 901 etiam
3199 846 3349 899 salva
3380 834 3621 916 corporis

2019 941 2280 1021 castitate.
2311 940 2492 1011 Longe
2522 940 2699 995 absint
2723 939 2920 1011 quibus
2950 936 3292 1009 pulchritudo
3322 953 3428 991 non
3457 952 3619 990 orna-

2020 1043 2138 1099 tur,
2170 1033 2264 1089 sed
2296 1035 2650 1105 prostituitur.
2693 1032 2826 1088 Nam
2871 1030 3175 1087 sollicitudo
3214 1030 3283 1085 de
3326 1029 3621 1101 pulchritu-

2017 1126 2172 1193 dine,
2217 1137 2271 1183 ct
2315 1128 2467 1183 malm
2509 1127 2705 1184 mentis
2738 1128 2996 1199 judicium
3040 1135 3094 1182 et
3132 1124 3487 1182 deformitatis
3515 1135 3616 1180 est.

2016 1217 2098 1274 Sit
2124 1229 2311 1274 natura
2342 1220 2586 1292 corporis
2613 1218 2778 1274 libera
2801 1261 2816 1288 ,
2851 1233 2949 1274 nec
2977 1217 3171 1273 divinis
3197 1219 3451 1287 operibus
3480 1214 3616 1271 infc-

2016 1321 2168 1366 ratur
2193 1311 2291 1366 vis.
2333 1310 2556 1382 Semper
2591 1320 2675 1366 cst
2720 1313 2942 1375 misera,
2984 1326 3101 1381 qum
3146 1308 3246 1364 sibi
3295 1323 3401 1363 non
3448 1309 3623 1379 placet

2018 1404 2189 1474 qualis
2216 1414 2316 1459 est.
2351 1403 2488 1471 Quid
2515 1403 2827 1474 capillorqu
2858 1411 3092 1458 mutatur
3119 1401 3305 1458 color?
3333 1402 3458 1474 quid
3490 1419 3618 1457 ocu-

2020 1497 2191 1552 lurtutt
2221 1497 2590 1554 extremitates
2619 1496 3014 1553 suffuscautur?
3042 1496 3168 1569 quid
3209 1496 3371 1552 facies
3415 1497 3617 1554 artibus

2020 1591 2072 1645 in
2100 1591 2369 1646 diversam
2397 1591 2623 1646 formam
2653 1592 3019 1647 convertitur?
3046 1590 3173 1663 quid
3203 1602 3473 1663 postremo
3500 1608 3622 1663 Spe-

2018 1684 2196 1739 culum
2220 1684 2539 1751 consulitur,
2564 1683 2665 1739 nisi
2686 1684 2809 1754 quia
2838 1699 2906 1739 ne
2927 1683 3037 1755 ipsa
3064 1683 3135 1738 sit
3161 1683 3413 1739 timetur?
3435 1684 3618 1740 Cultus

2018 1778 2177 1832 etiam
2209 1777 2447 1833 mulieris
2473 1776 2679 1848 pudica:
2707 1777 2933 1848 pudicus
2958 1778 3066 1833 sit:
3093 1777 3412 1834 adulterium
3443 1777 3615 1835 fidelis

382 1877 476 1932 Kl.
510 1873 649 1931 Nihil
678 1873 917 1928 animum
949 1871 1162 1928 fidelem
1191 1871 1269 1926 sic
1294 1869 1558 1936 delectat,
1591 1884 1750 1941 quam
1778 1868 1914 1923 intc-
1943 1881 1991 1941 Β
2021 1884 2121 1926 nec
2161 1871 2213 1925 in
2250 1869 2520 1925 coloribus
2557 1868 2786 1925 noverit.
2826 1868 3075 1925 Vestibus
3121 1885 3309 1925 aurum
3353 1874 3614 1940 intexere,

308 1985 404 2041 gra
444 1966 773 2024 innnaculati
818 1966 1039 2037 pudoris
1066 1963 1416 2021 conscientia.
1452 1962 1791 2034 Voluptatem
1833 1963 1911 2017 vi-

306 2060 478 2128 cisse,
510 2059 761 2130 voluptas
790 2066 875 2114 est
903 2058 1173 2114 maxima:
1210 2071 1310 2112 nec
1341 2055 1447 2110 ulla
1480 2054 1652 2124 major
1680 2063 1766 2111 est
1796 2053 1907 2109 vic-

309 2154 474 2218 toria,
506 2167 665 2224 quam
709 2166 769 2207 ea
812 2165 932 2220 qua:
973 2150 1042 2206 de
1086 2147 1469 2220 cupiditatibus
1509 2145 1762 2203 refertur.
1810 2146 1913 2213 Qui

309 2244 519 2299 hostem
546 2243 703 2311 vicit,
735 2241 925 2299 fortior
956 2240 1091 2307 fuit,
1120 2240 1215 2296 sed
1254 2239 1426 2295 altero
1444 2258 1469 2307 ;ι
1507 2238 1599 2310 qui
1636 2238 1909 2294 libidinem

308 2337 597 2408 repressit,
648 2335 828 2406 seipse
872 2332 1062 2389 fortior
1105 2331 1236 2388 fuit:
1281 2331 1372 2403 qui
1421 2330 1698 2387 inimicum
1744 2346 1913 2401 pros-

310 2430 497 2493 travit,
530 2438 814 2484 externum
845 2426 1055 2482 hostem
1086 2425 1390 2496 percussit;
1429 2424 1519 2494 qui
1563 2422 1912 2494 cupiditatem

310 2522 615 2592 depressit,
671 2520 885 2575 hestem
941 2517 1301 2574 domesticum
1360 2516 1658 2586 superavit.
1716 2516 1911 2572 Malum

228 2646 240 2655 -
308 2633 471 2673 omne
526 2614 734 2669 facilius
789 2612 1021 2668 vincitur
1072 2627 1231 2683 quam
1283 2609 1563 2679 voluptas:
1610 2609 1734 2678 quia
1782 2609 1912 2665 illud

308 2710 562 2782 quicquid
604 2718 716 2773 est,
759 2707 1036 2765 horridum
1080 2717 1198 2772 est;
1242 2705 1343 2759 hoc
1381 2702 1637 2759 blandum
1677 2711 1781 2758 est.
1824 2702 1915 2757 Ni-

309 2804 385 2859 hil
434 2814 539 2859 tam
596 2800 815 2858 difﬁcile
861 2800 1209 2871 opprimitur,
1255 2813 1412 2869 quam
1455 2795 1599 2864 quod
1644 2810 1738 2866 per
1784 2794 1913 2851 illud

310 2907 571 2953 armatur.
618 2895 719 2962 Qui
760 2892 1083 2965 cupiditates
1130 2890 1299 2956 tollit,
1342 2900 1399 2944 et
1439 2899 1615 2944 metus
1657 2887 1910 2953 sustulit;

308 3007 432 3046 nam
481 3005 545 3044 cx
594 2986 979 3059 cupiditatibus
1030 2993 1207 3040 metus
1259 2983 1498 3039 veniunt.
1553 2978 1653 3048 Qui
1704 2979 1913 3050 cupidi-

311 3089 449 3138 tates
488 3080 686 3143 viucit,
730 3078 796 3134 de
837 3085 1057 3149 pCCCaIO
1101 3075 1425 3145 triumphat:
1463 3074 1553 3145 qui
1593 3072 1915 3144 cupiditates

309 3176 507 3242 vincit,
552 3173 749 3228 malum
784 3173 1002 3243 generis
1046 3169 1263 3224 humani
1293 3169 1394 3225 sub
1422 3168 1649 3239 pedibus
1690 3167 1800 3223 suis
1832 3168 1914 3238 ja-

2015 1962 2165 2034 quasi
2223 1964 2393 2032 pretio
2430 1971 2514 2017 est
2551 1971 2729 2017 vestes
2762 1976 3126 2032 corrumpere.
3168 1961 3306 2031 Quid
3347 1962 3491 2019 inter
3528 1963 3614 2017 lila

2014 2058 2302 2111 staminum
2349 2054 2613 2124 delicata,
2667 2054 2833 2126 rigida
2880 2054 3081 2110 faciunt
3125 2054 3380 2110 metalla?
3411 2055 3510 2109 nisi
3560 2065 3618 2111 ut

2014 2148 2244 2205 fluentes
2288 2148 2545 2204 humeros
2594 2160 2875 2220 premant,
2924 2156 2980 2204 et
3016 2147 3283 2203 luxuriam
3331 2147 3618 2203 infeliciter

2014 2243 2177 2297 animi
2206 2242 2456 2313 jactantis
2484 2240 2804 2295 eStendant?
2844 2240 2979 2310 Quid
3025 2256 3145 2296 cum
3186 2240 3420 2295 cervices
3460 2254 3617 2310 pere-

2013 2336 2180 2407 grinis
2208 2334 2475 2406 lapidibus
2527 2343 2783 2406 urgentur
2818 2342 2871 2389 et
2908 2333 3341 2401 absconduutur,
3386 2348 3612 2405 quorum

2017 2432 2185 2503 pretia
2214 2432 2375 2486 ctiam
2405 2433 2523 2486 sine
2551 2430 2756 2485 artibus
2787 2428 3165 2484 Kalendarium
3195 2428 3427 2498 cujusvis
3453 2442 3614 2483 exce-

2016 2524 2183 2580 dunt?
2209 2523 2325 2580 Non
2355 2532 2579 2580 ornatur
2609 2522 2835 2589 mulier,
2870 2521 2966 2577 sed
2999 2519 3129 2575 vitia
3158 2520 3394 2576 mulieris
3431 2527 3614 2575 osten—

2015 2618 2232 2674 duntur.
2263 2617 2399 2685 Quid
2425 2633 2547 2673 cum
2569 2616 2716 2687 digiti
2751 2617 2839 2671 tali
2869 2630 3003 2671 auro
3023 2616 3259 2684 onerati,
3285 2630 3385 2671 nec
3415 2615 3614 2670 intrare

2016 2718 2272 2781 possunt,
2305 2724 2405 2765 nec
2430 2709 2643 2779 egredi;
2672 2719 2851 2764 utrum
2895 2722 3022 2763 usus
3051 2707 3389 2780 exposcitur,
3418 2722 3486 2761 an
3518 2721 3613 2778 pa-

2019 2800 2390 2855 trimoniorum
2422 2801 2593 2855 inanis
2622 2816 2814 2871 pompa
2843 2800 3208 2856 monstratur?
3232 2799 3420 2855 Mirum
3446 2813 3612 2870 nego-

2018 2885 2147 2938 tium
2171 2926 2184 2949 ,
2220 2884 2468 2940 mulieres
2507 2884 2571 2938 ad
2600 2885 2775 2939 munia
2802 2884 3080 2949 delicatae,
3118 2884 3185 2938 ad
3226 2884 3473 2939 vitiorum
3500 2898 3616 2939 sar-

2016 2977 2165 3032 cinas
2192 2976 2444 3033 fortiores
2472 2986 2598 3033 sunt
2629 2978 2779 3033 viris.

2087 3071 2227 3127 Xlll.
2256 3071 2360 3129 Sed
2391 3081 2447 3127 ut
2476 3081 2710 3144 repetam
2738 3087 2856 3144 qua:
2886 3086 3156 3143 creperum
3178 3113 3192 3136 ,
3223 3069 3447 3127 colenda
3477 3086 3617 3125 sem-

2018 3183 2114 3239 per
2139 3167 2390 3239 pudicitia
2417 3167 2549 3224 viris
2570 3178 2617 3221 rt
2647 3165 2904 3234 heminis,
2929 3168 3073 3223 omni
3090 3167 3332 3222 custodia
3354 3167 3615 3223 servanda

309 3282 434 3323 cere
461 3265 726 3322 ostendit:
760 3265 850 3332 qui
883 3262 1205 3332 cupiditates
1237 3260 1398 3327 vicit,
1433 3276 1617 3330 pacem
1648 3260 1749 3315 sibi
1784 3276 1907 3331 per-
1938 3276 1984 3338 ρ
2017 3270 2099 3317 est
2124 3261 2261 3316 intra
2291 3260 2491 3317 limites
2517 3275 2667 3315 suos.
2711 3258 2831 3314 Cito
2858 3269 3044 3315 natura
3073 3259 3318 3330 corporis
3347 3259 3618 3331 periclitao

309 3371 525 3433 petuam
558 3357 736 3414 dedit:
771 3357 861 3427 qui
890 3354 1210 3425 cupiditates
1239 3353 1397 3422 vicit,
1432 3354 1732 3409 libertatem
1775 3353 1911 3419 sibi,

310 3452 452 3522 quod
481 3451 639 3505 etiam
668 3459 751 3505 est
780 3448 1026 3519 ingenuis
1055 3445 1460 3513 difficillimum,
1504 3444 1698 3500 reddit.
1742 3443 1911 3500 Medi~

316 3543 471 3600 lauda
516 3559 645 3613 ergo
691 3541 877 3607 nobis,
925 3540 1149 3605 fratres,
1195 3548 1252 3593 ut
1292 3553 1380 3593 res
1420 3538 1649 3605 docent,
1702 3552 1914 3607 semper

312 3651 349 3708 p
374 3634 598 3690 'dit‘ilia:
626 3648 732 3704 quo
758 3632 960 3687 facilior
983 3633 1080 3696 sit,
1111 3630 1269 3685 nullis
1291 3629 1495 3685 artibus
1523 3637 1754 3685 constat.
1782 3627 1914 3696 Quae

320 3728 465 3784 cnim
498 3726 584 3782 illa
616 3736 984 3783 consummata
1013 3726 1258 3779 voluntas
1280 3766 1295 3793 ,
1328 3739 1448 3794 qua:
1488 3723 1587 3779 nisi
1630 3724 1914 3794 impedire-

317 3831 436 3889 tur,
484 3821 640 3891 longe
684 3827 800 3887 est,
836 3819 932 3875 sed
977 3826 1158 3874 nostra
1198 3828 1313 3874 est:
1357 3818 1425 3873 ita
1466 3833 1572 3872 non
1612 3826 1697 3873 est
1737 3818 1916 3888 acqui-

315 3913 512 3980 renda,
545 3913 637 3969 sed
670 3912 893 3969 fovenda
924 3927 1043 3984 quae
1075 3922 1253 3966 nostra
1282 3920 1386 3967 est.

387 4003 501 4063 XII.
533 4004 670 4073 Quid
699 4004 840 4060 enim
864 4012 947 4061 est
970 4002 1112 4057 aliud
1138 4000 1387 4072 pudicitia
1407 4046 1421 4068 ,
1452 4017 1611 4073 quam
1638 4017 1790 4058 mens
1820 4002 1919 4057 bo-

317 4110 467 4157 ncsta
493 4100 559 4156 ad
584 4099 879 4156 custodiam
905 4098 1148 4169 corporis
1173 4098 1325 4161 data;
1353 4106 1411 4150 ut
1436 4096 1652 4152 scribus
1680 4096 1919 4152 redditus

318 4192 523 4264 pudor,
565 4191 851 4247 severitate
890 4191 1163 4261 signatus,
1198 4188 1355 4244 ﬁdem
1393 4188 1611 4243 honoris
1647 4187 1715 4243 de
1744 4188 1921 4244 incor—

320 4293 473 4353 rupta
522 4282 709 4339 sobole
757 4283 1038 4338 servaret?
1092 4280 1368 4337 Pudicitiae
1419 4289 1637 4346 autem,
1689 4279 1919 4350 fratres,

319 4381 629 4446 competunt
658 4384 709 4429 ct
738 4374 934 4445 cogniti
960 4384 1083 4429 sunt
1114 4377 1164 4428 in
1200 4373 1386 4445 primis
1413 4372 1626 4429 divinus
1654 4372 1847 4444 pudor,
1869 4382 1924 4429 et

319 4475 709 4539 prmccptornm
739 4476 922 4522 sancta
953 4467 1266 4532 meditatio,
1297 4477 1351 4522 et
1385 4467 1597 4523 animus
1627 4481 1925 4538 propensus

321 4558 387 4615 ad
422 4558 577 4615 fidem
602 4601 615 4624 ,
660 4568 715 4615 ct
755 4575 907 4616 uzens
941 4560 1166 4616 attonita
1206 4559 1272 4616 ad
1318 4575 1526 4616 sacram
1575 4559 1923 4630 religionem:

2017 3363 2104 3410 tur
2144 3355 2197 3410 iu
2244 3369 2511 3426 corpore,
2554 3353 2681 3409 dum
2727 3353 2864 3423 rapit
2905 3352 3050 3407 illam
3093 3366 3274 3407 secum
3306 3366 3467 3417 caro,
3500 3367 3618 3422 qua:

2018 3463 2233 3520 semper
2273 3448 2323 3503 in
2366 3447 2516 3517 lapsu
2563 3454 2665 3502 est.
2712 3444 2825 3501 Sub
2870 3454 3134 3514 praetextu
3174 3445 3370 3516 quippe
3413 3454 3619 3499 natura:

2016 3556 2136 3611 qua:
2166 3540 2409 3607 homines
2438 3554 2651 3610 semper
2677 3547 2830 3609 uiget
2855 3537 2923 3593 ad
2952 3537 3170 3593 affectus
3190 3579 3204 3604 ,
3233 3538 3423 3607 quibus
3452 3538 3619 3592 ruitur:

2016 3633 2238 3704 collapsi
2266 3632 2478 3704 generis
2507 3633 2902 3698 resarciuntur;
2934 3631 3302 3687 blandimento
3329 3630 3617 3702 voluptatis

2017 3725 2207 3782 fallens
2228 3767 2243 3791 ,
2275 3740 2383 3780 non
2411 3724 2558 3780 ducit
2584 3724 2652 3780 ad
2679 3723 3062 3779 continentiam
3104 3722 3352 3793 legitima:
3390 3721 3619 3790 conjun-

2023 3816 2219 3873 ctionis
2244 3816 2484 3871 sobolem
2507 3857 2521 3881 ,
2557 3815 2651 3870 sed
2676 3814 2843 3885 jactat
2884 3813 2937 3868 in
2980 3813 3206 3868 crimen.
3250 3811 3394 3883 Ergo
3433 3824 3619 3867 contra

2024 3909 2117 3964 bas
2146 3910 2324 3963 carnis
2353 3906 2574 3961 insidias
2593 3948 2608 3973 ,
2638 3906 2831 3977 quibus
2861 3923 2920 3962 se
2947 3904 3195 3961 diabolus
3219 3915 3273 3960 et
3301 3905 3505 3961 socium
3536 3906 3619 3959 in-

2022 4002 2158 4073 gerit
2186 4009 2242 4056 ct
2267 3999 2456 4056 ducem
2498 3998 2653 4067 facit,
2700 3999 3079 4056 obluctandum
3119 4010 3201 4055 est
3239 3999 3384 4055 omni
3424 4014 3621 4070 genere

2022 4093 2251 4149 virtutis.
2284 4093 2599 4149 Assumatur
2618 4092 2912 4149 secundum
2942 4092 3254 4163 Apostolum
3278 4090 3474 4147 ChriSti
3501 4106 3623 4162 0pc-

2026 4203 2083 4243 ra
2101 4229 2115 4251 ,
2150 4196 2203 4242 et
2231 4201 2260 4242 a
2289 4187 2561 4242 consortio
2588 4187 2767 4242 carnis
2791 4195 3048 4258 quantum
3079 4193 3257 4257 potest
3278 4186 3489 4240 animus
3514 4185 3622 4238 col-

2026 4280 2252 4350 ligatur:
2284 4288 2563 4350 separetur
2586 4293 2881 4336 consensus
2906 4295 2937 4335 a
2965 4293 3191 4349 corpore
3210 4320 3225 4345 ,
3252 4278 3377 4333 vitia
3407 4290 3623 4346 semper

2026 4374 2354 4446 castigentur
2386 4383 2438 4429 ut
2471 4373 2753 4429 odiantur:
2783 4382 2908 4429 ante
2948 4374 3135 4429 oculos
3175 4371 3488 4427 observetur
3526 4369 3623 4424 de—

2028 4465 2218 4522 formis
2246 4467 2345 4522 iste
2371 4476 2531 4536 atque
2554 4464 2794 4535 dcjectus
2834 4464 3033 4535 peccati
3076 4463 3266 4534 pudor.
3305 4462 3621 4517 Pmiiitcutia

2031 4560 2144 4632 ipsa
2169 4575 2290 4616 eum
2316 4560 2545 4616 luctibus
2569 4560 2683 4615 suis
2705 4558 3119 4614 commissorum
3148 4556 3439 4611 criminum
3472 4555 3628 4609 inho—

1609 4654 1787 4710 EDl'l'.
1830 4654 2040 4713 ΟΧΟΝ.
2118 4656 2350 4714 ΝΟΤᾸΕ.

393 4746 695 4820 XL—an
719 4749 852 4803 enim
879 4757 1229 4803 consummata
1256 4748 1349 4803 illa
1377 4747 1629 4804 voluntas.
1662 4746 1926 4803 Pamelius
1949 4749 2003 4810 D
2102 4749 2478 4806 Kalendarium
2529 4749 2753 4820 cujusvis
2801 4748 3068 4803 excedunt.
3119 4747 3375 4805 Similiter
3413 4746 3621 4802 Tertul—

322 4820 430 4873 ait:
455 4818 679 4874 Gravius
708 4821 759 4875 in
784 4821 1042 4892 margine,
1076 4820 1325 4889 uoluptas,
1357 4820 1452 4875 sed
1484 4834 1655 4892 neque
1681 4820 1782 4876 hoc
1811 4835 1925 4891 per-

322 4892 563 4962 spicuum
594 4893 768 4962 locum
799 4891 989 4946 reddit.
1016 4890 1220 4948 Pun.

396 4961 588 5034 ΧΙΙμέ-
601 4961 800 5018 Deinde
826 4964 998 5018 videre
1027 4964 1212 5034 nequid
1235 4964 1288 5018 in
1313 4979 1367 5018 se
1387 4963 1524 5018 ultra
1553 4963 1760 5018 modum
1785 4963 1921 5018 scul-

324 5046 483 5101 ptnm.
524 5033 784 5089 Pamclius
809 5036 913 5087 ait:
940 5034 1061 5089 Ihec
1101 5033 1167 5090 ex
1201 5036 1349 5089 initio
1379 5042 1649 5089 mutuatus
1688 5045 1768 5090 est
1797 5034 1919 5091 libri

323 5105 544 5160 Tertull.
580 5109 642 5159 (lc
672 5104 826 5161 Cultu
845 5105 1020 5169 ch.,
1054 5107 1140 5160 tibi
1170 5106 1327 5161 docet
1352 5107 1511 5161 etiam
1542 5107 1592 5160 itt
1625 5106 1765 5160 cultu
1788 5122 1918 5161 con-

324 5180 516 5237 sistere
540 5179 871 5249 pudicitiam,
890 5178 1031 5247 quod
1057 5179 1227 5249 ipsum
1251 5193 1408 5248 supra
1437 5177 1706 5241 tractavit,
1731 5178 1801 5232 lib
1852 5178 1917 5231 de

326 5249 539 5331 {list-ini.
572 5262 618 5303 et
656 5249 809 5331 ζζςιὸ..
834 5247 977 5331 γῆς.
1010 5247 1338 5331 cyprinum;
1369 5249 1458 5331 ubi
1482 5249 1638 5304 latius
1676 5249 1742 5303 de
1770 5252 1918 5331 simis

328 5320 465 5391 libus
494 5321 811 5375 Tertulliani
842 5320 995 5376 locis.
1028 5320 1188 5391 A'tqui
1221 5330 1369 5376 recte
1398 5322 1657 5391 Erasmus
1683 5320 1919 5386 conjecit

326 5390 609 5463 lvgeudum
637 5409 649 5445 :
684 5392 1003 5446 lenocinatur
1035 5388 1132 5463 pro
1159 5392 1575 5463 lenocinantimn.
1632 5388 1838 5463 Pauca.

399 5461 535 5528 Quid
570 5463 834 5517 oculorum
872 5461 1207 5517 extremitates
1246 5462 1617 5531 suﬁ‘uuantur.
1663 5461 1920 5517 l’mnclius

322 5532 535 5587 nit:‘lta
564 5545 746 5588 censet
782 5536 1061 5602 legendum
1093 5535 1373 5598 Erasmus,
1405 5549 1501 5603 pro
1539 5548 1605 5588 co
1644 5532 1786 5603 quod
1825 5535 1919 5589 Ita.

326 5604 489 5659 bebat
531 5615 684 5659 vetus
727 5619 958 5659 cxcusus
1001 5606 1205 5668 codex,
1249 5605 1584 5672 su/Tocuntur,
1627 5620 1692 5658 eu
1737 5605 1913 5675 quod,

326 5676 527 5745 inquit,
557 5677 717 5730 snbio
745 5676 927 5745 nigror
955 5677 1128 5732 oculis
1160 5676 1281 5729 addi
1311 5679 1510 5732 soleat:
1545 5690 1727 5731 verum
1761 5678 1803 5729 si
1838 5675 1916 5745 le:

325 5744 481 5817 gatur
520 5744 874 5817 stt/fucantur,
923 5758 1014 5801 attt
1056 5752 1332 5817 necantur,
1372 5747 1592 5801 accedet
1638 5748 1803 5817 magis
1851 5744 1917 5799 ad

328 5820 456 5960 illlud
501 5816 786 5945 Cgrriani,
812 5820 949 5876 libro
987 5822 1104 5887 eit.,
1138 5817 1326 5873 Oculos
1346 5819 1690 5873 circumducto
1718 5819 1921 5888 nigrore

356 5906 523 5945 utare.
600 5902 763 5945 ωιιειη

356 5906 523 5945 utare.
557 5902 763 5945 I’Allliln

2029 4822 2223 4889 lianus,
2256 4823 2320 4877 de
2350 4822 2544 4877 Habitu
2572 4821 2823 4881 muliebri,
2851 4835 2956 4875 uno
2984 4820 3093 4875 lino
3119 4820 3297 4874 decies
3318 4820 3622 4873 sestertium

2028 4894 2337 4958 insumitur,
2370 4895 2540 4951 saltus
2579 4904 2634 4948 et
2674 4892 2875 4947 insulas
2917 4902 3095 4947 tenera
3125 4892 3306 4946 cervix
3340 4891 3471 4956 fert,
3503 4905 3627 4960 gra—

2024 4965 2157 5021 ciles
2202 4967 2409 5020 aurium
2458 4976 2611 5019 cutes
2659 4962 3038 5019 Kalendarium
3074 4962 3422 5032 expendunt,
3468 4972 3520 5015 et
3567 4962 3618 5015 in

2024 5037 2239 5091 sinistra
2273 5051 2367 5106 per
2394 5036 2632 5103 singulos
2662 5036 2854 5105 digitos
2890 5034 2957 5089 de
2997 5034 3220 5105 singulis
3248 5034 3416 5106 saccis
3456 5032 3620 5106 ludit:

2023 5117 2076 5163 et
2106 5103 2339 5179 seipeum
2369 5108 2672 5176 explicans,
2706 5103 2788 5159 lia:
2821 5112 2947 5179 sunt
2984 5103 3124 5179 vires
3146 5146 3161 5165 ,
3204 5105 3405 5173 inquit.
3448 5103 3621 5179 ambi-

2025 5175 2480 5233 tionis'tantarum
2512 5193 2791 5233 usurarmn
2820 5177 3173 5231 substantiam
3207 5192 3311 5231 uno
3339 5186 3391 5229 et
3423 5175 3617 5229 mulie-

2024 5251 2100 5304 bri
2133 5250 2451 5317 corpusculo
2480 5249 2734 5318 bajulare.
2776 5247 3157 5318 Kalendarium
3197 5247 3338 5302 enim
3379 5244 3619 5318 seruilia-

2020 5322 2242 5376 leudarii
2276 5321 2409 5376 liber
2444 5322 2461 5389 (
2483 5317 2553 5375 ut
2568 5330 2905 5388 nuncupatur
2924 5334 2955 5373 a
2981 5317 3205 5383 Seneca,
3242 5319 3407 5387 Epist.
3432 5317 3539 5387 88)
3568 5324 3623 5370 et

2024 5394 2226 5447 tabulas
2249 5392 2571 5447 domeSticas
2597 5393 2889 5462 significat,
2913 5391 3107 5461 quibus
3128 5398 3471 5462 atmotantur,
3499 5403 3619 5457 qua:

2024 5465 2075 5518 in
2104 5464 2343 5534 singulos
2373 5479 2584 5518 menses
2611 5460 2964 5534 accipiuntur,
2996 5470 3051 5534 et
3078 5476 3168 5516 cas
3196 5462 3247 5534 in
3278 5460 3469 5534 quibus
3496 5475 3621 5534 pro-

2023 5530 2235 5605 scriptfe
2283 5545 2436 5589 erant
2487 5549 2661 5589 usum:
2706 5530 2772 5587 ad
2811 5531 3080 5605 Kalendas
3122 5530 3436 5605 exigendae,
3465 5531 3620 5605 sicut

2022 5599 2168 5661 recte
2198 5606 2470 5660 annotavit
2501 5604 2824 5658 Rhenanus:
2861 5603 3114 5671 Ulpianns
3144 5599 3286 5657 enim
3327 5612 3382 5655 et
3410 5599 3618 5656 Africa-

2022 5693 2123 5731 nus
2147 5676 2510 5746 jurisemisulli
2533 5717 2548 5741 ,
2594 5676 2873 5745 posteriori
2909 5673 3010 5746 hac
3039 5674 3425 5746 significatione
3457 5681 3616 5726 utun-

2023 5758 2127 5802 tur.
2152 5744 2333 5816 ‘Quare
2358 5763 2462 5802 neu
2489 5759 2570 5801 cst
2595 5744 2815 5803 necesse
2838 5745 3127 5815 confugere
3155 5745 3219 5799 ad
3251 5744 3614 5813 conjecturam

2021 5819 2253 5889 Erasmi,
2287 5831 2341 5875 ut
2372 5818 2600 5893 legatur,
2631 5817 2984 5888 cylindrorum
3011 5833 3140 5873 onus
3168 5816 3436 5872 excedunt.
