4230 6282
581 262 685 331 327
906 254 917 264 ‘
2142 271 2346 347 tutan
3788 268 3898 335 sas

584 397 736 440 nesta
778 380 1098 449 contestatio
1136 391 1240 451 est.
1285 383 1426 455 Nihil
1468 385 1841 455 consideretur
1878 386 2089 456 curiose
2133 389 2183 459 in
2214 398 2261 469 Α
2291 399 2409 455 ctus
2446 389 2664 461 auriga,
2706 388 2842 447 ultra
2884 402 3171 459 concessas
3211 387 3459 464 corporis
3502 397 3677 455 metas
3718 394 3899 450 extol-

586 481 777 536 rllenis
822 480 1090 535 vultibus?
1118 480 1307 545 Sermo
1351 492 1404 549 et
1446 482 1626 551 brevis
1653 482 1757 555 sit,
1790 491 1845 540 et
1876 483 2087 543 sobrius
2114 484 2188 539 ri-
2292 485 2467 545 lentes
2516 501 2577 541 se
2621 487 2797 549 carnis
2845 488 3109 558 impetus,
3157 486 3458 553 cmleSIium
3506 497 3895 560 praceptorum

588 586 715 638 Sus,
751 575 959 644 s'gnnm
994 584 1073 626 est
1101 574 1243 629 enim
1275 574 1435 641 animi
1477 573 1648 629 facilis
1688 583 1742 629 et
1777 575 2022 644 remissi,
2068 592 2189 633 nam
2295 579 2518 637 habenis
2547 576 2819 655 reﬂectat;
2848 594 2917 639 ne
2945 579 3081 647 ultra
3111 579 3371 645 terminos
3400 593 3531 637 suos
3566 595 3757 637 currus
3795 583 3900 641 iste

588 676 866 725 contactus
897 666 1111 722 recedat
1150 670 1311 734 etiam
1352 670 1633 723 honestus.
1681 667 1821 723 Nihil
1869 670 2080 741 corpori
2122 669 2189 724 li-
2299 672 2542 742 corporis
2571 680 2784 744 raptus,
2816 672 2867 727 in
2901 671 3194 745 periculum
3223 687 3378 729 suum
3416 688 3598 731 secum
3634 686 3689 730 et
3725 676 3899 748 ipsum

590 769 747 828 ceat,
799 761 886 815 ubi
934 762 1207 821 vitzmdum
1256 775 1334 817 est
1379 766 1619 849 ρωποι-ὼ
1661 764 1865 819 vitium.
1915 766 2193 837 Cogitetur
2293 764 2464 839 rapiat
2504 766 2764 837 aurigam.
2817 764 2924 821 Sed
2969 766 3108 821 inter
3149 764 3290 835 tunc,
3323 764 3487 823 immo
3514 777 3567 823 et
3594 778 3721 824 ante
3751 773 3900 836 lare,

591 870 751 926 quam
801 854 1083 911 bonestmn
1126 857 1193 911 sit
1239 858 1432 925 vicisse
1472 857 1739 925 dedecus,
1777 874 1934 930 quam
1968 859 2191 927 inlmne-
2293 867 2475 923 contra
2503 858 2681 923 turbas
2702 867 2754 913 et
2777 859 2900 914 vitia
2923 859 3099 925 omnia
3122 858 3190 913 de
3210 857 3404 916 divinis
3427 861 3617 916 castris
3637 862 3900 921 auxilium

594 959 733 1004 slmn
767 949 962 1015 victum
993 966 1114 1007 esse
1140 950 1420 1009 dedecore.
2301 949 2586 1021 petendum
2618 962 2732 1006 est:
2766 950 2915 1015 solus
2941 951 3083 1019 enim
3112 960 3304 1023 potens
3329 962 3413 1006 est
3444 952 3583 1007 Deus
3607 954 3695 1024 qui
3725 953 3901 1011 horni-

673 1042 813 1098 XIV.
859 1043 1151 1101 Dicendum
1196 1046 1355 1109 etiam
1406 1046 1545 1115 quod
1592 1046 1909 1103 adulterium
1955 1048 2200 1119 voluptas
2301 1057 2397 1107 nos
2424 1042 2670 1113 dignatus
2699 1053 2779 1098 cst
2810 1043 3014 1109 facere,
3059 1054 3114 1099 et
3158 1044 3315 1116 plena
3356 1045 3663 1115 hominibus
3707 1049 3904 1111 auxilia

597 1151 702 1190 non
733 1146 847 1211 est,
878 1137 969 1191 sed
1000 1150 1177 1205 munia
1206 1142 1560 1208 contumelia,
1591 1156 1688 1196 nec
1713 1141 1981 1198 delectare
2003 1152 2198 1215 potest,
2259 1183 2263 1187 ι

2259 1183 2263 1187 .
2302 1145 2581 1209 prmstare.
2615 1137 2722 1206 ligo
2755 1152 2919 1207 pauca
2964 1137 3193 1203 dictari,
3238 1139 3492 1208 quoniam
3526 1154 3632 1207 non
3662 1151 3744 1197 est
3774 1157 3903 1213 prn-

598 1229 738 1299 quod
769 1238 823 1285 et
851 1231 1080 1293 animam
1112 1232 1393 1297 interficiat
1415 1244 1469 1290 et
1502 1234 1777 1302 pudorem.
1804 1234 2062 1292 Coerceat
2094 1238 2206 1292 ani-
2306 1228 2535 1300 positum
2564 1231 2812 1293 volumen
2833 1229 3089 1297 εμιίὺθτο,
3114 1231 3205 1286 bell
3228 1232 3604 1301 allocutionem
3628 1235 3907 1301 ιτςιηειιιῑι-

603 1339 724 1379 mus
779 1324 1027 1383 stimulos
1073 1328 1283 1399 carnis,
1342 1328 1594 1393 refrtenet
1641 1329 1896 1399 impetum
1940 1332 2201 1403 Corporis.

2308 1328 2441 1379 tere.
2475 1318 2582 1376 Vos
2611 1320 2916 1393 Scriptnras
2942 1322 3161 1393 aspicite
3182 1365 3196 1388 ,
3227 1323 3471 1393 exempla
3503 1325 3654 1394 vobis
3681 1326 3749 1391 de
3778 1327 3907 1396 ipsis

603 1416 825 1493 Accepit
854 1418 996 1473 enim
1029 1416 1165 1475 ltzinc
1197 1428 1516 1490 potestatem
1540 1462 1554 1489 ,
1601 1430 1658 1476 ut
1698 1421 1772 1484 illi
1814 1421 1879 1484 ad
1921 1422 2201 1494 imperium
2309 1408 2590 1487 praeceptis
2620 1415 2775 1487 huius
2802 1414 2879 1473 rei
2909 1415 3109 1488 majora
3136 1415 3457 1489 couquirite.
3500 1415 3721 1488 F11!le
3750 1415 3909 1487 ψει·-

600 1507 718 1579 ejus
749 1508 991 1573 membra
1024 1512 1326 1578 servirent;
1356 1519 1411 1581 et
1438 1511 1588 1584 quasi
1619 1511 1889 1594 legitimus
1924 1528 1987 1581 ac
2028 1514 2205 1585 pet-fee
2311 1515 2544 1585 rissimi,
2576 1517 2713 1573 bene
2738 1515 2935 1585 valete.

604 1683 3878 1711 m

1959 1806 2571 1893 MONITUM.

748 1979 845 2034 llic
868 1979 1018 2038 novis
1047 1977 1359 2047 Editoribns
1389 1979 1539 2045 locus
1566 1989 1620 2035 et
1646 1980 1856 2047 animus
1882 1993 1997 2055 erat
2020 1984 2260 2055 libellum
2289 1986 2352 2041 D.
2383 1985 2652 2059 Cypriane
2674 1998 2919 2049 recenter
2944 1989 3326 2060 adiudicatum,
3348 1992 3429 2051 eui
3462 1992 3643 2059 tiutlus
3668 2010 3678 2046 :
3701 1991 3929 2050 Exhor-

607 2073 735 2131 utio
760 2072 829 2127 ad
856 2072 1240 2143 Paenitentiam,
1269 2073 1448 2139 denuo
1471 2074 1664 2135 edendi
1693 2093 1758 2141 ex
1787 2077 2066 2137 anecdotis
2111 2077 2259 2141 CCII.
2288 2079 2403 2136 νγ.
2454 2080 2749 2145 Trnmbelli
2793 2093 2846 2141 et
2903 2082 3220 2154 liingarelli,
3274 2086 3515 2141 eanuttic.
3565 2086 3800 2156 regular.
3834 2090 3933 2158 qui

605 2167 766 2241 primi
792 2166 935 2223 hunc
965 2167 1159 2231 librum
1192 2183 1257 2222 ex
1284 2170 1663 2231 vetusussimis
1702 2171 2027 2243 membranis
2073 2181 2348 2240 eruerant,
2369 2188 2432 2229 ac
2478 2175 2674 2245 publici
2700 2176 2835 2246 juris
2863 2175 3122 2241 fecerunt,
3158 2177 3390 2244 Bonon.,
3421 2194 3547 2233 ann.
3583 2180 3744 2236 l'i‘ii.
3773 2180 3934 2240 Hunc

615 2275 741 2316 vero
772 2261 967 2331 librum
993 2260 1212 2331 inventu
1240 2260 1640 2331 ditlicillimum,
1674 2263 1724 2319 in
1753 2263 1920 2333 Italiae
1949 2264 2364 2337 bibliopolarum
2395 2267 2609 2326 sobedis
2639 2270 2958 2337 latitantem,
2992 2271 3243 2337 necdum,
3270 2273 3392 2329 licet
3418 2274 3566 2329 oinni
3591 2288 3693 2344 ope
3722 2275 3930 2347 quassi-

613 2364 743 2424 tmn,
778 2363 1080 2433 opportune
1110 2362 1406 2428 repertum,
1435 2357 1609 2429 serius
1633 2358 1684 2414 in
1708 2357 1938 2429 decursu
1969 2360 2122 2429 istius
2149 2360 2500 2423 Bibliotheca:
2528 2361 2761 2423 dandum
2792 2377 2912 2420 esse
2943 2365 3278 2435 pollicemur.

1065 2598 2234 2809 APPENDIX
2367 2558 3483 2804 SECUNDA.

1644 2917 2224 2994 OPUSOULA
2276 2916 2919 2994 SUPPOSITA.

659 2527 3917 2553 mw

1602 3211 1909 3353 LIBER
1985 3215 2118 3347 ΒΕ
2200 3215 2937 3357 ALEATllBlBllS.

1230 3510 1237 3521 ι
1310 3416 1784 3481 TRACTATUS
1831 3420 2259 3483 PERPERAM
2300 3422 2709 3504 CYPBIANO
2752 3418 3261 3485 ADSCRIPTUS.

690 3606 731 3662 1.
765 3603 949 3678 Magna
981 3607 1135 3664 nobis
1162 3608 1228 3663 ab
1259 3610 1504 3664 universa
1538 3608 1869 3665 fraternitate
1897 3626 2022 3666 cura
2048 3621 2074 3649 ει
2104 3628 2221 3668 suc-
2252 3617 2299 3675 B
2357 3612 2417 3669 ll.
2439 3612 2566 3669 Ideo
2580 3613 2655 3667 sal
2676 3622 2832 3668 terra:
2849 3612 3253 3676 dieinmr,utex
3273 3606 3613 3663 nobisomnis
3627 3603 3940 3661 fraternitas

617 3701 777 3759 cessit
814 3718 827 3753 :
858 3701 1089 3757 maxime
1120 3717 1182 3757 ex
1214 3719 1304 3758 rea
1332 3700 1359 3740 b
1392 3702 1721 3772 perditorum
1767 3705 2005 3758 omnium
2053 3706 2189 3761 nuda
2328 3707 2534 3763 caelesti
2564 3706 2822 3776 sapientia
2854 3706 3094 3759 saliatur.
3120 3702 3250 3757 Nam
3279 3716 3400 3755 cum
3423 3698 3567 3754 dicat
3600 3716 3615 3752 :
3647 3697 3742 3753 Sal
3766 3710 3938 3752 autem

616 3794 719 3862 cia,
765 3794 814 3848 id
856 3805 956 3858 est,
1003 3796 1299 3852 aleatorum
1330 3811 1449 3867 quae
1494 3799 1700 3859 animos
1739 3798 1803 3851 ad
1847 3798 2136 3868 nequitiam
2172 3800 2221 3854 in
2326 3802 2371 3855 si
2412 3797 2705 3868 fatnatumf
2752 3798 2924 3867 fuerit,
2966 3795 3094 3850 nihil
3118 3804 3143 3842 ε
3190 3792 3372 3848 valebit
3414 3791 3512 3845 nisi
3549 3801 3602 3844 ut
3633 3791 3944 3860 projiciatnr

621 3906 678 3945 se
721 3891 891 3958 illicit,
927 3900 984 3945 ut
1027 3891 1078 3945 in
1122 3891 1296 3945 laeum
1329 3892 1517 3947 mortis
1549 3902 1754 3962 mergat
1781 3904 1823 3947 ο.
1874 3893 1935 3947 Et
1974 3895 2223 3963 quoniam
2329 3901 2471 3968 foras
2490 3904 2537 3949 et
2565 3894 2888 3948 conculcetur
2914 3892 2975 3946 ab
3007 3890 3329 3954 hominibus,-
3361 3889 3460 3942 boc
3498 3902 3745 3941 veremur
3773 3894 3827 3941 et
3856 3886 3944 3938 ti-

626 3984 779 4039 nobis
824 3986 999 4040 divina
1031 3995 1086 4041 et
1124 3998 1344 4057 paterna
1390 3988 1559 4056 pietas
1586 3987 1930 4057 Apostolatus
1974 3988 2223 4043 ducatum
2331 4002 2560 4052 IllettlllS,
2597 4001 2663 4040 ne
2692 3984 2742 4039 in
2771 3982 2797 4021 ιι
2831 3981 3068 4039 Εροιθτίει
3098 3982 3295 4043 securi,
3329 3978 3469 4050 quod
3495 3978 3651 4033 uoltis
3681 3978 3943 4032 sacerdo-

621 4077 867 4136 Contulit.
910 4086 965 4131 et
1005 4077 1258 4131 vicariam
1309 4077 1517 4130 Domini
1561 4078 1743 4133 sedem
1791 4080 1997 4135 caalesti
2038 4080 2225 4150 digoa-
2331 4081 2452 4134 talis
2476 4079 2701 4149 dignitas~
2727 4077 2914 4131 tradita
2945 4073 3070 4130 esti
3110 4073 3463 4144 negligentes,
3491 4071 3644 4141 juxta
3672 4067 3943 4139 (ιιιοειι..ιιι

627 4172 771 4225 tione
814 4170 1061 4235 ornavit,
1112 4180 1166 4225 et
1211 4169 1471 4240 originem
1517 4169 1806 4226 autbentici
1856 4174 2222 4244 Apostolatus,
2335 4173 2527 4228 fratres
2559 4173 2760 4227 inertes
2792 4170 3122 4241 reperiamur
3156 4185 3168 4219 :
3197 4177 3287 4220 aut
3315 4165 3441 4219 dum
3475 4164 3661 4218 falsam
3688 4178 3945 4217 cornum-

623 4277 786 4332 supcr
815 4277 972 4332 quem
1000 4259 1245 4317 Christus
1277 4260 1514 4316 fundavit
1543 4262 1833 4318 ECClCSimtt
1865 4265 1914 4318 in
1947 4266 2228 4335 superiore
2332 4268 2651 4322 niCationem
2698 4265 2907 4329 damus,
2954 4262 3004 4317 id
3050 4260 3189 4331 quod
3234 4274 3355 4313 cum
3386 4257 3591 4311 honore
3628 4257 3696 4310 de
3732 4255 3824 4309 Dei
3860 4255 3948 4309 tli-

625 4353 859 4411 nostrod
891 4365 1188 4427 portamus,
1236 4366 1454 4424 accepta
1502 4355 1659 4411 siinnl
1693 4368 1955 4426 potestate
1984 4361 2225 4416 solvendi
2331 4357 2584 4429 gnatione
2631 4354 2980 4428 percepimus,
3029 4352 3340 4421 indignante
3372 4350 3597 4405 Domino
3642 4356 3698 4403 et
3737 4361 3950 4417 expro-

622 4463 685 4503 ac
715 4448 910 4517 ligandi
940 4457 993 4503 et
1020 4448 1300 4503 curatione
1331 4448 1547 4518 peccata
1577 4449 1876 4505 dimittendi
1914 4471 1927 4506 :
1959 4453 2174 4507 salutari
2202 4464 2226 4491 ε
2298 4440 2305 4449 ’
2335 4452 2524 4508 brante
2565 4452 2902 4515 ambiamus;
2944 4447 3069 4502 dicit
3109 4447 3250 4500 enim
3280 4443 3554 4514 Scriptura
3584 4440 3762 4496 divina
3797 4459 3813 4493 :
3854 4439 3955 4495 Va:

625 4541 866 4597 doctrina
900 4541 1271 4604 admonemur,
1306 4556 1371 4595 nc
1401 4557 1521 4596 cum
1550 4541 1985 4614 delinquentibus
2015 4545 2230 4601 assidue
2335 4548 2428 4601 erit
2476 4545 2782 4618 pastoribus.
2847 4543 2998 4612 Quod
3058 4540 3104 4594 si
3154 4539 3254 4611 ipsi
3315 4549 3555 4609 pasmres
3603 4535 3957 4606 negligentes

630 4634 979 4705 ignoscimus,
1010 4633 1109 4705 ipsi
1138 4649 1259 4689 cum
1292 4635 1371 4689 eis
1399 4634 1601 4704 pariter
1629 4644 1994 4706 torqueamur.
2335 4644 2532 4711 reperti
2585 4637 2816 4705 fuerint,
2860 4635 2986 4707 quid
3043 4630 3442 4703 respondebunt
3483 4627 3496 4679 i
3554 4627 3788 4683 Domino
3848 4645 3957 4701 pro

1841 4745 2218 4807 LECTIONES
2254 4748 2670 4811 VARIANTES.

688 4864 715 4931 ξι
846 4859 1316 4931 _E_bor._Imp._S‘.ura
1337 4859 1511 4921 ﬁdelis.
1832 4860 1837 4871 ’
2254 4869 2299 4931 C
2397 4863 2418 4903 1
2450 4866 2661 4931 Ennium
2676 4863 2803 4931 Berl.
2825 4864 2869 4913 1.

683 4920 715 4962 δ
736 4923 820 4975 Sic
841 4922 984 4976 Ebor.
1009 4920 1141 4988 Imp.
1169 4923 1229 4974 Et
1246 4936 1350 4973 rea.
2260 4920 2298 4931 “
2397 4931 2425 4971 κ
2447 4928 2610 4978 Nihilo
2631 4928 2757 4977 Bait.

689 4990 712 5019 °
740 4989 826 5041 Sic
849 4989 972 5061 Bed.
1000 4989 1041 5060 _l.
1064 4985 1267 5061 Eboraml
1268 4999 1366 5048 mp.
1386 4985 1459 5037 Ad
1477 4988 1747 5051 nequitiam
1764 5001 1823 5041 se
1841 4989 1891 5040 in
1924 4988 2100 5041 lacum.
2125 4990 2221 5040 La-
2396 4990 2427 5061 ξι
2448 4992 2486 5061 1:"
2494 5006 2522 5061 β
2547 5004 2657 5061 cum
2702 4987 2831 5061 Βοιέζ
2858 4988 2902 5061 1;

625 5064 757 5115 queo
781 5051 954 5099 mortis
978 5050 1169 5109 tingant
1195 5047 1342 5099 Ebor.
1562 5047 1575 5051 ’

690 5111 716 5152 ἀ
742 5110 826 5175 Sic
852 5111 975 5163 Bod.
1008 5113 1051 5162 1.
1081 5112 1224 5163 Corb.
1246 5113 1383 5175 Imp.
1411 5110 1611 5175 Yestro.

1562 5047 1575 5051 “
2398 5054 2416 5095 ί
2446 5054 2669 5104 ῡίιτιιὶιοε
2694 5061 2769 5101 est
2792 5047 2916 5101 Bod.
2948 5050 2991 5109 l,

1440 5110 1611 5175 Testm-
2400 5118 2414 5169 i
2451 5117 2491 5167 Α
2510 5091 2725 5167 homine
2756 5112 3037 5166 trad.,Bod.
3068 5111 3110 5160 t.

692 5178 716 5207 ⁸
742 5174 828 5227 Sic
852 5175 979 5227 Bod.
1009 5176 1054 5224 1.
1082 5176 1214 5239 Imp.
1233 5173 1486 5235 Solvendi,
1513 5174 1713 5227 salutari
1734 5175 1862 5229 Bod.
1889 5177 1936 5229 1.

1933 5284 2114 5340 ΕΟΙΤ.
2154 5284 2368 5346 ΟΧΟΝ.
2407 5286 2636 5343 NOTAE.

695 5400 1015 5471 l.-—Magna
1037 5398 1179 5454 nobis
1202 5400 1263 5454 ab
1291 5400 1525 5456 universa
1552 5401 1873 5471 fraternitate
1891 5418 2035 5457 cura.
2061 5402 2221 5460 Forte
2324 5420 2393 5461 ex
2451 5403 2553 5458 hoc
2599 5402 2719 5457 loco
2776 5413 3037 5470 apparere
3083 5396 3308 5467 alicujus
3370 5391 3654 5450 Pontiﬁcis
3710 5391 3971 5449 Romani

624 5472 908 5546 legendum
958 5490 972 5527 :
1026 5472 1271 5546 uniuersa:
1303 5473 1820 5546 fraternitatiscura.
1876 5473 1980 5546 Est
2045 5484 2223 5529 tznnen
2329 5476 2585 5546 scriptum
2616 5488 2756 5546 esse.
2794 5472 3002 5546 Bonan.

624 5545 802 5601 adhuc
841 5545 995 5612 plane
1029 5544 1273 5598 mutilum
1303 5535 1461 5613 liujus
1492 5544 1610 5599 libri
1644 5543 2053 5613 frootiSpicittm.
2089 5546 2221 5602 Plut.
2402 5535 2465 5602 ll'.
2499 5577 2569 5586 —
2602 5544 2683 5599 Ne
2710 5546 2764 5598 in
2788 5542 3015 5598 Ecclesia
3041 5541 3260 5613 securi._
3288 5537 3460 5593 Etiam
3504 5536 3591 5592 hic
3622 5535 3973 5607 inlerposita

702 5616 767 5668 Et
807 5616 1045 5691 quoniam
1082 5614 1242 5670 nobis.
1284 5611 1609 5673 Praéterunsi
1650 5611 1890 5672 voculam
1943 5619 1994 5672 in
2036 5633 2225 5686 suger-
2333 5618 2716 5684 eratparticula
2751 5632 2867 5691 cum
2897 5612 3189 5691 superﬂua:
3230 5611 3437 5666 ΡΑιιει..
3483 5680 3493 5691 .

628 5676 829 5761 ""93""
858 5683 1079 5740 ¹ί¹⁰λιτο
1128 5755 1167 5761 ,,
1243 5756 1273 5761 __
1312 5756 1323 5761 ,
2106 5676 2116 5686 ”
2408 5676 2719 5761 Indignante
2743 5676 2981 5761 Domino,
3008 5682 3369 5761 exprobrantes
3391 5680 3706 5736 antittamus.
3731 5676 3981 5738 Censeo

706 5754 766 5836 βα
791 5756 1028 5836 quoniam
1054 5755 1391 5836 nobismdt'vina
1417 5766 1462 5809 et
1492 5768 1701 5825 paterna
1722 5759 1905 5836 pietas,
1943 5770 2068 5836 _etc.
2102 5761 2232 5836 _Nec
2336 5754 2641 5836 legendum,
2670 5772 2717 5816 et
2744 5759 3099 5829 exprobrante.
3142 5755 3349 5812 Ρωιει..

636 5818 811 5872 Faber
836 5830 981 5871 notat
1013 5823 1153 5873 hunc
1180 5818 1618 5880 Tractatum'non
1646 5818 1766 5882 esse
1795 5818 2070 5897 Cypriani.
2101 5833 2230 5886 Nam
