4214 6266
314 383 423 449 829

1663 386 1749 444 oe
1789 382 2296 461 ALEATORIBUS.

3506 378 3613 453 330

314 498 645 576 pecoribus?
688 496 823 570 Quid
857 498 926 565 de
977 499 1202 565 Domino
1251 516 1444 575 pecora
1485 500 1707 567 dicent?
1742 519 1771 558 a
1815 519 1911 576 pe-
1942 508 1987 571 A
2018 503 2263 576 linquant
2291 544 2305 571 ,
2373 510 2427 559 et
2496 498 2929 575 delinquentibus
2998 495 3441 572 dispensatores?
3495 496 3612 553 Non

317 597 533 651 curibus
569 609 625 649 se
654 610 773 650 csse
803 597 1057 661 vexatos?
1093 612 1197 655 non
1225 596 1477 653 credetur
1502 597 1603 659 illis
1636 614 1648 650 :
1680 597 1911 657 incredi-

318 686 441 743 bilis
469 701 555 742 res
584 695 668 743 est
717 695 959 756 pastores
1004 686 1113 758 pati
1154 703 1312 760 posse
1359 689 1555 760 aliquid
1605 705 1634 745 a
1680 704 1911 763 pecore;

316 778 489 850 magis
533 778 817 848 punientur
860 789 1077 851 propter
1121 781 1455 841 mendacium
1497 796 1670 843 suum.
1718 781 1781 837 Et
1811 782 1911 837 alia

315 871 592 945 Scriptura
654 871 823 927 dicit:
860 872 1118 939 Rectorem
1162 886 1208 930 te
1252 878 1521 947 petierant,
1573 876 1677 931 noli
1716 878 1910 935 extolli.

319 964 445 1020 Esto
490 965 541 1017 in
582 964 685 1019 illis
712 967 854 1035 quasi
882 982 1012 1021 unus
1054 984 1115 1020 tu:
1143 968 1264 1038 ipsis
1299 984 1315 1021 .'
1343 984 1515 1023 curam
1544 969 1748 1023 illorum
1789 968 1915 1023 [tabe

318 1068 363 1112 et
409 1056 697 1113 considera.
745 1057 807 1111 Et
845 1049 1032 1119 iterum
1065 1077 1076 1115 ε
1114 1041 1412 1125 Existintate
1450 1062 1757 1123 sacerdotem
1810 1079 1916 1119 esse

317 1148 583 1215 cultorem,
617 1157 672 1204 et
701 1164 890 1205 omnes
914 1165 1034 1206 esse
1073 1151 1211 1223 apud
1240 1168 1362 1219 eum
1396 1153 1636 1220 delicias,
1667 1157 1912 1227 granaria

317 1243 496 1314 plena,
521 1253 571 1297 et
593 1242 661 1299 de
685 1260 1021 1315 quocumque
1043 1244 1465 1307 desideraverint
1491 1256 1516 1285 ⁸
1546 1248 1738 1319 pabulo
1759 1265 1909 1317 oves,

318 1352 408 1391 cas
440 1347 701 1393 Satur-are.
738 1335 870 1390 Nam
902 1348 957 1392 ιιι
978 1348 1249 1395 constaret
1276 1355 1393 1407 nos,
1424 1339 1473 1395 id
1503 1349 1585 1395 est
1610 1341 1909 1411 episcOpos,

317 1439 562 1501 pastores
593 1444 711 1484 esse
742 1430 918 1484 0\'llltll
972 1430 1309 1501 spiritalium,
1347 1430 1447 1487 hoc
1485 1442 1588 1498 est,
1638 1433 1911 1489 hominum

322 1520 558 1576 lidelium
587 1522 674 1591 qui
702 1521 800 1581 sub
826 1537 950 1576 cura
983 1531 1163 1577 nostra
1192 1524 1487 1591 constituti,
1513 1540 1578 1581 ne
1607 1525 1773 1583 ullum
1793 1524 1821 1563 ι’
1854 1527 1906 1583 in

317 1614 397 1669 eis
425 1613 621 1669 scabiei
656 1614 838 1668 vitium
872 1615 1200 1687 reperiatur;
1232 1633 1335 1689 quo
1361 1619 1528 1688 magis
1550 1634 1578 1675 ει
1605 1620 1757 1681 nobis
1782 1638 1915 1697 qun-

320 1708 447 1771 tidie
485 1717 902 1780 perscrutontur,
937 1717 994 1763 ut
1032 1708 1385 1773 mediCantine
1416 1711 1623 1773 cmlesti
1651 1711 1910 1781 adhibito,

316 1803 517 1858 vellera
549 1805 627 1859 eis
672 1802 858 1858 ﬂorida
900 1813 1144 1871 crescant
1193 1822 1312 1877 qua:
1357 1804 1422 1860 ad
1464 1801 1718 1867 naturam'
1753 1807 1913 1862 vestis

316 1896 505 1950 saluta:
522 1895 567 1950 is
608 1896 912 1966 proﬁciant.

390 1987 472 2042 Ill.
505 1987 561 2042 In
588 1988 875 2057 Evangelia
910 1991 1163 2045 Dominus
1187 1989 1253 2046 ad
1286 1990 1502 2049 Petrum
1533 1990 1663 2053 dixit
1693 2009 1704 2045 :
1742 1988 1910 2058 Petre,

313 2081 496 2152 inquit,
518 2098 659 2134 antas
677 2084 782 2136 me?
802 2081 866 2147 Et
888 2082 1075 2139 Petrus
1090 2082 1367 2154 respondit
1388 2082 1584 2145 :tz‘tiqm
1605 2080 1838 2148 Domine,
1859 2092 1913 2137 tu

315 2172 415 2228 scis
430 2174 665 2242 quoniam
683 2190 796 2227 amo
820 2183 885 2228 te.
912 2173 1050 2228 Dixit
1069 2190 1087 2227 :
1104 2171 1263 2241 Pasce
1285 2190 1397 2229 oves
1418 2190 1555 2229 meas
1572 2190 1591 2238 ;
1611 2184 1664 2228 et
1686 2174 1913 2228 sollicite

316 2266 577 2321 mandans
596 2267 753 2323 tertio
767 2265 1099 2322 conﬁrmarit
1114 2265 1339 2325 dicendo
1358 2264 1545 2320 :Pasce
1573 2275 1594 2303 ο
1620 2262 1734 2319 ουὶιε
1753 2282 1908 2321 meas.

387 2357 477 2413 IV.
521 2359 586 2417 Et
626 2360 877 2433 quoniam
929 2358 1270 2433 Episcopium
1300 2355 1349 2425 ιι,
1409 2357 1458 2411 id
1504 2367 1604 2425 est,
1654 2356 1910 2429 Spiritum

317 2460 561 2506 sanctum
596 2467 691 2522 per
723 2450 1117 2521 impositionem
1150 2466 1357 2519 manus,
1390 2448 1568 2503 cordis
1598 2450 1913 2519 excepimus

316 2543 575 2614 hospitio;
608 2542 961 2598 coliabitatori
1005 2553 1189 2598 nostro
1241 2558 1307 2597 ne
1356 2542 1515 2601 ullam
1543 2552 1565 2579 ο
1611 2543 1909 2599 molestiam

314 2651 695 2706 proponamus,
728 2637 1017 2713 Apostolus
1046 2636 1064 2674 ί
1097 2645 1278 2697 monet
1302 2646 1355 2693 et
1376 2635 1506 2690 dicit
1536 2654 1548 2689 :
1586 2634 1760 2691 Nolite
1788 2652 1913 2695 con-

315 2729 518 2783 tristare
558 2730 814 2799 Spiritum
856 2738 1086 2793 sanctum
1127 2729 1214 2801 qui
1254 2728 1307 2781 in
1344 2727 1483 2791 vobis
1530 2737 1637 2793 est;
1675 2737 1720 2780 et
1759 2727 1915 2783 nolite

315 2824 605 2895 extinguere
633 2822 822 2890 lumen,
855 2822 990 2894 quod
1020 2820 1212 2891 elTulsit
1234 2822 1285 2881 in
1313 2819 1470 2877 uobis.
1502 2818 1707 2887 Quanta
1734 2831 1911 2876 autem

316 2914 643 2987 Episcoiunn
677 2915 813 2970 bene
840 2925 1085 2984 agentem
1114 2924 1168 2968 et
1198 2912 1483 2971 salubriter
1508 2911 1909 2980 admonentem,

314 3010 430 3067 sine
462 3009 800 3067 tribulatione
840 3009 1100 3083 corporis,
1141 3008 1397 3081 condigna
1438 2996 1688 3067 maneant
1715 3018 1739 3056 8
1770 3008 1911 3065 Mar-

318 3103 451 3173 tyria
485 3122 496 3157 :
530 3112 673 3167 ιτιιιιιι
702 3112 755 3158 et
792 3104 845 3158 in
886 3104 1209 3179 Episcopum
1244 3104 1596 3177 negligentem
1624 3101 1648 3140 ¹¹
1678 3104 1817 3163 nulla
1845 3104 1913 3159 de

314 3195 603 3266 Scriptnris
624 3198 823 3251 sanctis
846 3196 1164 3263 documenta
1194 3207 1546 3267 promentem,
1571 3198 1914 3259 cumuleutur

2020 598 2118 675 ipsi
2169 595 2591 668 delinquentium
2651 609 2711 652 se
2768 594 3005 667 pondere
3062 592 3334 655 (merant?
3386 592 3614 662 Αροξιης

2019 690 2103 747 lus
2150 689 2163 745 i
2214 690 2408 747 Paulus
2453 696 2858 763 commemorat,
2904 686 3118 761 quando
3154 685 3219 753 ad
3274 685 3611 753 Timotheum

2018 784 2316 853 docendian
2360 794 2411 849 et
2451 784 2905 845 corroborandum
2953 782 3007 838 in
3047 781 3169 837 ﬁdei
3222 780 3490 847 firmitate,
3549 796 3614 837 ne

2016 878 2151 949 quid,
2186 878 2349 935 Deun
2400 876 2565 941 fallat.
2620 888 2673 931 et
2720 893 2786 933 ne
2832 877 3120 947 malignum
3150 873 3480 942 orationibus
3501 873 3616 945 jus?

2018 980 2190 1027 torum
2226 969 2538 1036 intercedat,
2568 968 2819 1040 providus
2846 977 2899 1023 et
2936 967 3194 1039 sollicitus
3222 966 3351 1035 dicit
3387 983 3401 1021 :
3447 964 3491 1023 0
3521 964 3615 1029 Ti:

2016 1064 2213 1123 mor/ree
2264 1064 2361 1133 ﬁli,
2392 1062 2794 1125 cottttnendatnm
2821 1077 2960 1119 serua
2984 1078 3002 1116 :
3025 1060 3130 1125 nali
3158 1076 3395 1130 spernere
3421 1060 3609 1129 denunt

2014 1159 2149 1231 quod
2172 1161 2222 1214 in
2255 1170 2302 1223 te
2329 1168 2400 1214 est
2428 1175 2516 1230 per
2543 1158 2911 1227 intpositionem
2937 1172 3178 1215 manuum
3204 1156 3459 1211 seniorum
3489 1169 3615 1207 :oc-

2015 1252 2215 1323 cingere
2257 1252 2474 1326 fortiter,
2523 1259 2565 1307 et
2610 1250 2822 1321 virilitrr
2859 1266 2953 1321 age
2997 1248 3329 1313 ministerium
3368 1254 3531 1313 tuum,
3571 1252 3617 1312 et

2015 1362 2127 1399 cum
2150 1346 2431 1417 integritate
2450 1344 2669 1415 supple:
2693 1352 2796 1409 esto
2821 1342 3010 1407 ueteris
3030 1340 3215 1407 bonum
3238 1337 3262 1375 ¹ί
3289 1339 3611 1409 secundum;

2016 1454 2162 1493 nemo
2194 1437 2282 1495 tibi
2311 1437 2649 1513 contradicat,
2695 1451 2839 1497 nemo
2872 1435 3189 1507 juventutem
3216 1442 3355 1501 luam
3384 1440 3613 1497 content:

2017 1541 2104 1585 nat
2138 1546 2155 1585 :
2185 1541 2471 1602 peccantem
2503 1546 2673 1585 coram
2705 1530 2877 1593 multis
2905 1529 3119 1600 castiga,
3155 1537 3206 1587 ut
3235 1538 3280 1585 et
3316 1528 3483 1593 ueteri
3514 1542 3618 1594 nie-

2017 1634 2123 1679 tnm
2153 1625 2389 1689 habeant,
2435 1635 2481 1683 et
2513 1641 2574 1683 ne
2601 1624 3050 1689 communicauetis
3087 1622 3303 1693 peccatis
3329 1623 3529 1687 alienis.
3556 1622 3619 1687 lit

2021 1715 2215 1771 iterum
2245 1733 2256 1769 :
2284 1716 2344 1772 Si
2364 1717 2475 1788 quis
2503 1720 2661 1787 frater
2685 1715 3013 1785 fornicarim,
3036 1724 3122 1779 aut
3150 1712 3407 1779 idolorum
3430 1714 3615 1780 cultor,

2018 1818 2105 1863 aut
2134 1822 2339 1877 avarus,
2372 1818 2461 1865 aut
2504 1817 2682 1878 raptor
2723 1806 2825 1865 siue
2863 1806 3083 1876 injustas
3112 1808 3401 1871 nominatus
3443 1808 3612 1876 fuerit,

1945 1903 1990 1967 Β
2019 1914 2135 1952 cum
2164 1900 2417 1969 ejusmodi
2441 1899 2641 1969 quidem
2669 1914 2760 1953 nec
2791 1898 2960 1957 cibum
2994 1914 3195 1970 capere.
3225 1898 3292 1963 Et
3319 1900 3426 1963 alio
3454 1900 3572 1963 loco
3602 1918 3614 1954 :

2020 1990 2335 2063 Quicumque
2364 1996 2522 2065 frater
2546 2006 2685 2047 more
2709 1990 3108 2062 alienigenarum
3147 1991 3286 2058 uiuit,
3325 2000 3369 2057 βξ
3399 1992 3619 2057 admittit

2016 2100 2096 2139 res
2122 2084 2310 2147 similes
2350 2084 2496 2155 {actis
2534 2100 2727 2151 eorum,
2759 2084 2933 2140 desine
2959 2082 3013 2138 in
3047 2084 3279 2148 convictu
3320 2087 3432 2156 ejus
3479 2101 3619 2150 esse;

2015 2176 2150 2247 quod
2174 2177 2271 2231 nisi
2296 2186 2349 2231 tu
2366 2177 2549 2249 [aceris
2576 2173 2621 2243 ι,
2640 2186 2685 2232 et
2707 2185 2761 2237 tu
2784 2176 3033 2247 particeps
3052 2177 3152 2237 eris
3177 2178 3308 2249 ejus.
3332 2177 3396 2239 Et
3418 2178 3469 2236 in
3491 2177 3620 2237 dou-

2018 2268 2170 2327 ll‘llti)
2194 2270 2574 2340 Apostolorum
2601 2288 2615 2325 :
2645 2270 2699 2335 Si
2723 2270 2841 2342 quis
2872 2272 3035 2335 frater
3061 2270 3325 2342 delinquit
3346 2272 3398 2331 in
3430 2271 3622 2333 Eccle-

2016 2363 2114 2429 sia,
2140 2373 2190 2429 et
2215 2379 2319 2427 tton
2341 2372 2503 2435 paret.
2521 2363 2659 2435 legi;
2693 2361 2781 2425 liic
2803 2377 2901 2429 nec
2915 2362 3215 2434 culllﬂulllt‘.
3241 2362 3415 2429 donec
3444 2364 3616 2434 pinni-

2018 2457 2235 2521 tentiam
2263 2465 2404 2526 agat,
2436 2466 2491 2511 et
2522 2472 2625 2523 pou
2658 2455 2966 2525 recipiatur,
2993 2471 3060 2511 ne
3096 2454 3407 2525 inquinetur
3432 2465 3485 2509 et
3515 2455 3618 2515 im-

2017 2548 2263 2618 pediatur
2298 2549 2472 2611 oratio
2510 2558 2710 2617 vestra.
2764 2547 2833 2605 Et
2876 2547 3167 2618 Apostolus
3217 2548 3378 2621 etiam
3426 2547 3617 2615 iterum

2016 2640 2144 2701 dicit
2176 2659 2187 2694 :
2220 2639 2441 2697 Esimite
2469 2641 2631 2709 malos
2654 2656 2682 2696 e
2712 2640 2875 2699 medio
2902 2649 2941 2676 ω
2973 2640 3140 2703 uestri.

2090 2732 2152 2787 V.
2183 2732 2336 2798 Quod
2365 2733 2409 2786 si
2438 2732 2724 2787 mintorum
2749 2732 2964 2788 testium
3010 2731 3158 2786 varia
3219 2741 3272 2787 et
3301 2731 3618 2805 consonanti

2019 2826 2311 2889 monitione
2346 2826 2600 2889 docemur
2633 2834 2683 2892 ιι,
2725 2841 2846 2885 cum
2890 2825 3328 2899 delinquentibus
3367 2825 3621 2895 fratribus

2018 2918 2140 2981 cibo
2168 2934 2236 2975 ne
2254 2918 2481 2991 'quidem
2515 2918 2658 2979 vesci
2690 2934 2705 2983 ;
2734 2927 2931 2988 quanto
2952 2920 3122 2993 magis
3148 2918 3340 2979 debeat
3360 2928 3415 2974 et
3434 2919 3502 2987 ab
3529 2934 3587 2992 sa
3605 2951 3619 2960 -

2018 3011 2224 3071 criticin
2250 3011 2451 3077 Christi
2496 3012 2704 3073 arceri?
2733 3012 2903 3078 Quam
2946 3026 3136 3084 magna
3171 3021 3225 3067 et
3264 3013 3409 3081 larga
3453 3013 3619 3084 pietas

2019 3106 2115 3162 Dei
2153 3106 2282 3173 ﬁlii,
2312 3104 2456 3179 quod
2501 3106 2553 3161 in
2589 3104 2825 3161 futurum
2860 3105 3114 3177 praescius
3144 3105 3298 3167 nobis
3326 3106 3571 3173 consulat
3603 3124 3616 3161 :

2019 3215 2086 3253 ne
2109 3199 2228 3269 quis
2256 3199 2395 3257 inter
2418 3197 2607 3253 fratres
2632 3196 2877 3253 incautus
2895 3197 3070 3252 denuo
3093 3197 3297 3267 laqueis
3317 3196 3517 3261 diaboli
3534 3213 3621 3263 ca-

317 3297 609 3359 tormenta;
645 3291 922 3361 apostolus
963 3307 1061 3349 nos
1090 3291 1291 3345 excitat
1325 3289 1538 3357 Paulus,
1564 3298 1617 3345 et
1647 3290 1913 3361 condigne
1939 3302 1984 3367 ο
2019 3288 2228 3361 piatur?
2257 3290 2525 3353 Sollicitos
2553 3304 2673 3344 esse
2694 3290 2855 3359 jussit
2886 3298 2941 3345 et
2971 3289 3221 3360 providos
3256 3299 3415 3361 atque
3440 3291 3620 3347 crudi.

313 3388 451 3434 statu
494 3381 775 3454 episcopos
792 3384 857 3439 'et
888 3392 1265 3453 procuratores
1292 3381 1625 3459 Evangelicze
1656 3381 1913 3439 doctrina:

316 3474 466 3543 ponit
511 3486 565 3529 et
608 3474 731 3529 dicit
765 3494 777 3529 :
811 3476 1069 3543 Quamdiu
1102 3477 1194 3530 erit
1242 3476 1435 3547 infans,
1480 3487 1829 3549 procuratores
1867 3488 1914 3533 et

315 3576 509 3620 actores
536 3567 680 3620 liabet
697 3582 718 3632 ;
747 3578 797 3620 at
824 3585 942 3623 cum
968 3569 1172 3625 creverit
1204 3569 1545 3625 Itwreditatem
1576 3586 1720 3627 suam
1761 3586 1906 3637 expe-

317 3658 394 3710 tit.
426 3657 534 3713 Nos
563 3660 724 3715 etiam
752 3659 1153 3731 dispensatores
1178 3671 1233 3717 et
1260 3670 1634 3729 procuratores
1666 3662 1910 3734 Evange-

316 3750 372 3805 lii
399 3768 616 3819 sumus;
650 3753 751 3808 hoc
776 3770 987 3826 quoque
1032 3755 1169 3817 inter
1197 3754 1597 3825 dispensatores
1638 3766 1692 3811 et
1722 3772 1911 3829 procn-

315 3854 522 3901 ratures
546 3848 823 3917 qnzcritur,
864 3858 919 3902 ut
949 3848 1067 3919 quis
1100 3848 1268 3901 lidelis
1296 3859 1346 3903 et
1377 3849 1550 3917 justus
1580 3849 1911 3914 inveniatur;

317 3945 359 4001 si
387 3958 516 4013 ergo
542 3942 681 4014 apud
709 3942 1110 4013 dispensatores
1137 3950 1189 3995 et
1233 3951 1607 4011 procuratOres
1633 3943 1910 4015 tluzcritnr,

317 4050 369 4090 nt
404 4036 521 4107 quis
548 4035 720 4091 ﬁdelis
753 4045 806 4090 et
828 4036 1006 4105 justus
1036 4035 1356 4099 inveniatur,
1380 4034 1506 4105 quid
1535 4034 1580 4089 si
1608 4050 1736 4091 ores
1766 4034 1780 4073 ί
1813 4036 1909 4090 de-

2020 3393 2133 3449 tos;
2166 3384 2418 3454 quoniam
2450 3383 2619 3445 Itostis
2650 3382 2735 3441 illc
2757 3382 3008 3451 antiquus
3034 3382 3245 3444 circuit,
3281 3382 3498 3453 pulsans
3525 3383 3618 3443 Dei

2017 3490 2239 3544 servos,
2293 3492 2399 3529 non
2450 3491 2555 3531 uno
2599 3489 2799 3544 genere
2833 3481 3063 3529 tentans.
3094 3471 3272 3529 Multae
3312 3472 3455 3533 enim
3497 3484 3621 3529 sunt

2018 3568 2340 3629 tentationes
2368 3567 2485 3635 ejus
2511 3582 2737 3641 quorum
2772 3565 3063 3637 primordia
3100 3576 3225 3623 sunt
3254 3584 3267 3619 :
3294 3566 3616 3635 idololatria,

2015 3661 2282 3729 ιιιωοιιίίιι,
2307 3660 2444 3717 furta
2473 3700 2487 3723 ,
2532 3660 2731 3729 rapina:
2753 3700 2768 3725 ,
2819 3660 3044 3713 avaritia
3071 3701 3086 3721 ,
3132 3662 3310 3725 fraus,
3350 3661 3580 3715 ebrietas
3601 3701 3616 3725 ,

2015 3754 2377 3824 impatientia,
2431 3752 2792 3816 adnlterimn,
2841 3750 3220 3816 homicidium,
3254 3751 3439 3816 zelus,
3491 3766 3617 3829 per-

2018 3849 2176 3913 ﬁdia,
2230 3846 2359 3900 falsa
2410 3844 2747 3909 teStimonia,
2798 3844 3067 3913 eloquium
3105 3843 3331 3913 falsum,
3386 3844 3616 3908 invidia,

2016 3939 2369 4003 extollentia,
2427 3936 2809 3999 maledictum,
2867 3951 3065 4002 error,
3130 3945 3184 3991 et
3242 3936 3284 3990 si
3334 3952 3435 4005 qua
3494 3945 3621 3989 sunt

2016 4032 2209 4087 similia
2231 4046 2350 4100 qum
2375 4030 2456 4084 lllS
2485 4036 2787 4099 congruunt
2814 4044 2828 4093 ;
2860 4027 3134 4098 exquibus
3158 4039 3236 4084 est
3258 4026 3388 4083 alea:
3419 4026 3616 4081 tabula.

1540 4170 1919 4229 LECTIONES
1958 4170 2368 4228 VARIANTES.

382 4312 407 4340 ³
432 4305 516 4359 Sic
539 4309 644 4360 Bod
671 4311 714 4358 1.
740 4311 869 4365 Imp.
895 4307 1266 4360 Considaverint
1295 4306 1488 4367 Bod.-1,
1508 4306 1556 4356 2.

381 4372 409 4408 Ι)
434 4371 629 4420 Nullum
655 4372 781 4422 Bod.
812 4373 853 4421 l.

384 4438 405 4465 θ
432 4433 518 4485 Sic
565 4434 701 4483 Lam.
730 4432 875 4485 Ebor.
902 4431 1025 4484 Bod.
1051 4433 1097 4483 1.
1127 4431 1268 4484 Corb.
1319 4433 1443 4498 Imp.
1495 4431 1569 4481 Ad
1610 4432 1814 4482 Petrum
1836 4431 1914 4480 di-

320 4504 411 4571 Ιίἰέ
426 4509 605 4571 τρὲὶξρθ.

382 4560 407 4599 ἀ
426 4556 719 4624 Ερίδεονιιηι
746 4556 873 4607 Bod.
899 4557 946 4607 1.

386 4627 409 4695 ξ
435 4626 495 4695 lit
517 4621 692 4695 cottab.
709 4627 887 4695 postrp
911 4618 1090 4671 nullam
1112 4618 1238 4672 Bod.
1271 4621 1315 4680 1,

384 4683 405 4722 f
436 4685 675 4734 Dominus
700 4683 827 4734 Bod.
847 4683 894 4743 1,

386 4752 410 4790 8
437 4748 547 4797 Sint
570 4745 697 4797 Bod.
723 4747 765 4797 l.

1673 4549 1698 4561 ν

2082 4303 2108 4343 h
2133 4306 2289 4356 'l‘auto
2314 4309 2367 4355 et
2408 4303 2498 4365 Ep.
2526 4303 2661 4366 negl.
2690 4304 2736 4355 ei
2763 4302 2890 4354 Bod.
2917 4305 2964 4354 1.

2085 4368 2102 4406 ί
2134 4370 2318 4418 Omnes
2344 4369 2447 4419 Ball
2476 4368 2521 4418 1.
2541 4367 2684 4418 Corb.

2086 4429 2101 4481 ἱ
2135 4429 2397 4493 Apostolus
2423 4431 2553 4493 idem
2572 4428 2629 4479 P.
2656 4429 2782 4480 Bod.
2810 4428 2836 4477 1

2079 4493 2107 4533 ιι
2136 4490 2189 4543 lli
2214 4496 2391 4542 ιιοιιιιιιι
2418 4490 2545 4541 Bod.
2578 4493 2621 4543 1.

2085 4555 2104 4596 1
2134 4555 2233 4605 Nisi
2252 4555 2433 4606 feceris
2452 4554 2577 4605 Bod.
2605 4555 2649 4604 1.

2079 4618 2118 4647 ω
2150 4618 2328 4668 Nescio
2354 4616 2480 4668 Bod.
2514 4619 2553 4667 ι.

2078 4683 2105 4710 υ
2136 4680 2379 4731 Uuitatem
2425 4686 2477 4730 et
2521 4684 2872 4731 consonantem
2912 4675 3231 4729 monitionem
3271 4674 3511 4731 docemur
3558 4688 3620 4725 ne

1937 4727 1989 4787 D
2016 4756 2126 4793 cum
2140 4727 2260 4795 aut
2277 4727 2390 4794 ἢῖὰἶ.
2416 4727 2729 4793 ὁιίιυῐιιίὶοά.
2757 4741 2802 4790 ι.

1615 4848 1799 4905 EDIT.
1840 4846 2047 4905 OXON.
2087 4846 2319 4904 ΝΟΤΑΕ.

394 4969 657 5024 Rectorem
692 4975 738 5021 te
764 4968 1035 5035 petierunt.
1069 4965 1239 5022 Etiam
1273 4964 1361 5023 hic
1402 4965 1578 5023 malim
1602 4975 1916 5092 1posuerunt.

1647 5054 1806 5092 suae.

1628 5042 1806 5093 ’AIEL.

394 5110 699 5165 lixistimate
727 5110 1059 5165 sacerdotem.
1077 5107 1268 5163 Nescio
1297 5107 1362 5164 ad
1393 5125 1552 5179 quam
1581 5108 1917 5177 Scripturam

317 5181 536 5237 allutlat.
585 5181 695 5236 Nisi
753 5181 888 5237 lorle
930 5181 1180 5250 respiciat
1234 5194 1325 5235 eas
1374 5196 1493 5251 qua:
1538 5182 1918 5253 agriculturam

318 5254 464 5309 verbi
494 5263 758 5320 spectant.
804 5253 1005 5309 ΙἈιιει..
1181 5274 1197 5282 -

392 5324 474 5377 Ne
495 5325 656 5383 ullum
678 5327 728 5379 in
755 5325 826 5377 eis
852 5324 1037 5378 scabiei
1057 5323 1228 5376 vitium
1254 5323 1553 5391 reperiatur:
1585 5322 1658 5378 Ita
1683 5324 1800 5394 lego
1821 5340 1919 5394 pro

318 5411 385 5451 eo
409 5396 549 5467 quod
579 5407 715 5467 erat:
744 5396 937 5460 scabie;
968 5406 1049 5452 est
1082 5404 1258 5457 tamen
1284 5393 1638 5457 adltuc‘locus
1658 5393 1919 5457 obscurus

317 5476 370 5522 et
410 5468 647 5522 mutilus.
689 5466 892 5522 ΡΑιιει..

391 5539 557 5593 lll.—
587 5536 933 5606 Con/iratam.
962 5538 1034 5592 Ita
1063 5536 1288 5609 Pamcl.,
1321 5537 1529 5606 Baluz.,
1550 5538 1805 5603 Oson.an
1823 5554 1918 5609 pro

318 5609 657 5676 conﬁrmarit,
693 5610 830 5664 ntale
854 5610 1024 5665 lectis.
1053 5609 1219 5664 mss?
1249 5608 1379 5669 Eon.

388 5679 476 5735 IV.
502 5711 571 5719 —
587 5678 938 5736 Cohabitatori
963 5694 1156 5752 nostra.
1186 5679 1466 5750 Superlltta
1485 5692 1532 5737 et
1556 5682 1809 5752 particula
1831 5682 1913 5737 lo-

317 5767 437 5806 cum
471 5752 728 5806 reddebat
762 5754 1071 5806 obscurum.
1117 5751 1320 5807 PAIEL.

392 5824 541 5896 Sine_
587 5823 912 5881 tribulatione
968 5825 1216 5896 corporis.
1285 5823 1381 5880 llic
1431 5824 1590 5882 velim
1646 5824 1913 5896 adjectum

320 5897 492 5952 etiam.
526 5894 731 5951 Pun.

2098 4965 2166 5021 Et
2201 4982 2313 5019 cum
2337 4965 2491 5033 digno
2512 4971 2668 5034 statu.
2697 4962 2926 5018 Prorsus
2948 4960 3067 5034 lego
3098 4963 3371 5034 condigna.
3416 4963 3622 5020 ΡΑιιει..

2099 5036 2353 5089 Providus
2394 5046 2439 5089 et
2483 5033 2731 5089 sollicitus
2775 5034 2917 5089 dicit.
2949 5033 3179 5090 Omnino
3205 5033 3263 5091 et
3294 5036 3434 5091 ismd
3480 5038 3621 5106 lego,

2026 5110 2337 5179 proidicrns.
2380 5106 2586 5165 Pun.

2099 5177 2164 5233 Et
2188 5180 2238 5233 in
2265 5178 2511 5235 doctrinis
2532 5177 2908 5246 Apostolorum.
2937 5175 3088 5233 Unde
3111 5176 3226 5237 ltmc
3254 5178 3383 5233 citat
3410 5184 3623 5244 llCSt‘lO;

2024 5266 2198 5321 neque
2219 5251 2361 5304 enim
2390 5251 2731 5320 reperiuntur
2751 5259 2840 5321 au_t
2864 5250 2915 5302 in
2939 5249 3244 5309 (lotionibus
3269 5260 3359 5305 aut
3382 5251 3433 5307 in
3481 5250 3627 5307 Ceno

2027 5319 2392 5381 stitutionibus
2419 5319 2759 5390 Apostolicis.
2802 5319 3003 5377 PAIBL.

2096 5392 2239 5449 ν-
2256 5393 2380 5446 Cum
2394 5390 2816 5464 delinquentibus.
2832 5390 3060 5449 Rursum
3087 5391 3388 5457 omisimus.
3418 5410 3482 5448 ne
3504 5409 3628 5464 par-

2025 5463 2240 5525 ticulam
2274 5463 2618 5532 supe_rlln:nn.
2663 5462 2849 5516 Puer.

2100 5535 2265 5602 Quam
2295 5527 2480 5605 mag'na
2507 5544 2552 5589 et
2581 5534 2728 5604 larga
2748 5535 2907 5602 pietas
2937 5532 3148 5591 Domini
3178 5534 3295 5604 lilii.
3329 5535 3478 5606 Lego
3507 5535 3601 5592 Det

3305 5608 3513 5665 Psuze.

2094 5676 2367 5801 Nonpuno
2404 5692 2584 5746 genere
2624 5684 2845 5731 tentans.
2887 5675 3096 5734 Censeo
3136 5679 3422 5750 legendum
3467 5689 3628 5735 tenta-

2094 5766 2189 5801 ms.
2278 5764 2439 5801 suae.

2018 5749 2189 5803 tionis.
2237 5749 2439 5805 l’suse.

2091 5817 2341 5877 Maeoniae.
2374 5819 2615 5892 Prorsus
2653 5829 2745 5892 aut
2786 5819 2885 5892 hoc
2916 5819 3221 5892 legendum,
3251 5832 3345 5878 aut
3382 5823 3621 5891 tuaac/na,

2019 5907 2114 5965 pro
2151 5907 2217 5948 eo
2245 5890 2387 5963 quod
2414 5902 2550 5961 erat,
2578 5891 2804 5948 mactae.
2846 5890 3055 5949 PAIBL.
