  <div class='ocr_page' id='page_1' title='image "/cluster/home/n/w/nwhite01/storage/ocr_20150623/4/hvd.32044048207708/421.png"; bbox 0 0 4230 6282; ppageno 0'>
   <div class='ocr_carea' id='block_1_1' title="bbox 607 329 709 385">
    <p class='ocr_par' dir='ltr' id='par_1_1' title="bbox 607 329 709 385">
     <span class='ocr_line' id='line_1_1' title="bbox 607 329 709 385; baseline 0 -1"><span class='ocrx_word' id='word_1_1' title='bbox 607 329 709 385; x_wconf 76' lang='grc'><strong>851</strong></span> 
     </span>
    </p>
   </div>
   <div class='ocr_carea' id='block_1_2' title="bbox 2169 328 2375 387">
    <p class='ocr_par' dir='ltr' id='par_1_2' title="bbox 2169 328 2375 387">
     <span class='ocr_line' id='line_1_2' title="bbox 2169 328 2375 387; baseline -0.019 0"><span class='ocrx_word' id='word_1_2' title='bbox 2169 328 2375 387; x_wconf 83' lang='lat' dir='ltr'><strong>LIBER</strong></span> 
     </span>
    </p>
   </div>
   <div class='ocr_carea' id='block_1_3' title="bbox 3813 327 3926 383">
    <p class='ocr_par' dir='ltr' id='par_1_3' title="bbox 3813 327 3926 383">
     <span class='ocr_line' id='line_1_3' title="bbox 3813 327 3926 383; baseline 0.027 -3"><span class='ocrx_word' id='word_1_3' title='bbox 3813 327 3926 383; x_wconf 69' lang='lat'><strong>839.</strong></span> 
     </span>
    </p>
   </div>
   <div class='ocr_carea' id='block_1_4' title="bbox 687 440 3924 516">
    <p class='ocr_par' dir='ltr' id='par_1_4' title="bbox 687 440 3924 516">
     <span class='ocr_line' id='line_1_4' title="bbox 687 440 3924 516; baseline 0 -17"><span class='ocrx_word' id='word_1_4' title='bbox 687 443 774 499; x_wconf 81' lang='lat' dir='ltr'><strong>\‘l.</strong></span> <span class='ocrx_word' id='word_1_5' title='bbox 807 445 1006 500; x_wconf 59' lang='lat' dir='ltr'><strong>Praeest</strong></span> <span class='ocrx_word' id='word_1_6' title='bbox 1033 452 1057 480; x_wconf 79' lang='grc' dir='ltr'><strong>ιι</strong></span> <span class='ocrx_word' id='word_1_7' title='bbox 1089 441 1289 500; x_wconf 90' lang='lat' dir='ltr'><strong>diaboli</strong></span> <span class='ocrx_word' id='word_1_8' title='bbox 1322 443 1546 516; x_wconf 75' lang='lat' dir='ltr'><strong>laqueus</strong></span> <span class='ocrx_word' id='word_1_9' title='bbox 1573 442 1919 514; x_wconf 82' lang='lat' dir='ltr'><strong>manifestus,</strong></span> <span class='ocrx_word' id='word_1_10' title='bbox 1951 461 2213 504; x_wconf 85' lang='lat' dir='ltr'><strong>venenum</strong></span> <span class='ocrx_word' id='word_1_11' title='bbox 2241 449 2293 508; x_wconf 86' lang='grc' dir='ltr'><strong>Α</strong></span> <span class='ocrx_word' id='word_1_12' title='bbox 2320 444 2397 499; x_wconf 97' lang='lat' dir='ltr'><strong>rei</strong></span> <span class='ocrx_word' id='word_1_13' title='bbox 2439 441 2717 498; x_wconf 78' lang='lat' dir='ltr'><strong>familiaris</strong></span> <span class='ocrx_word' id='word_1_14' title='bbox 2753 450 2806 496; x_wconf 89' lang='lat' dir='ltr'><strong>et</strong></span> <span class='ocrx_word' id='word_1_15' title='bbox 2845 441 3131 497; x_wconf 90' lang='lat' dir='ltr'><strong>multarum</strong></span> <span class='ocrx_word' id='word_1_16' title='bbox 3164 440 3510 498; x_wconf 63' lang='lat' dir='ltr'><strong>abundantia?</strong></span> <span class='ocrx_word' id='word_1_17' title='bbox 3537 457 3735 514; x_wconf 90' lang='lat' dir='ltr'><strong>opum,</strong></span> <span class='ocrx_word' id='word_1_18' title='bbox 3765 445 3924 500; x_wconf 83' lang='lat' dir='ltr'><strong>modo</strong></span> 
     </span>
    </p>
   </div>
   <div class='ocr_carea' id='block_1_5' title="bbox 609 537 2210 612">
    <p class='ocr_par' dir='ltr' id='par_1_5' title="bbox 609 537 2210 612">
     <span class='ocr_line' id='line_1_5' title="bbox 609 537 2210 612; baseline 0.001 -18"><span class='ocrx_word' id='word_1_19' title='bbox 609 547 830 610; x_wconf 82' lang='lat' dir='ltr'><strong>portans</strong></span> <span class='ocrx_word' id='word_1_20' title='bbox 858 537 1017 594; x_wconf 76' lang='lat' dir='ltr'><strong>letale</strong></span> <span class='ocrx_word' id='word_1_21' title='bbox 1039 537 1325 608; x_wconf 88' lang='lat' dir='ltr'><strong>Serpentis,</strong></span> <span class='ocrx_word' id='word_1_22' title='bbox 1350 548 1404 594; x_wconf 90' lang='lat' dir='ltr'><strong>et</strong></span> <span class='ocrx_word' id='word_1_23' title='bbox 1425 538 1663 595; x_wconf 88' lang='lat' dir='ltr'><strong>induetio</strong></span> <span class='ocrx_word' id='word_1_24' title='bbox 1685 555 2066 611; x_wconf 68' lang='lat' dir='ltr'><strong>corrumpens;</strong></span> <span class='ocrx_word' id='word_1_25' title='bbox 2091 557 2210 612; x_wconf 71' lang='lat' dir='ltr'><strong>qua:</strong></span> 
     </span>
    </p>
   </div>
   <div class='ocr_carea' id='block_1_6' title="bbox 610 631 2213 706">
    <p class='ocr_par' dir='ltr' id='par_1_6' title="bbox 610 631 2213 706">
     <span class='ocr_line' id='line_1_6' title="bbox 610 631 2213 706; baseline 0.004 -19"><span class='ocrx_word' id='word_1_26' title='bbox 610 648 730 688; x_wconf 91' lang='lat' dir='ltr'><strong>cum</strong></span> <span class='ocrx_word' id='word_1_27' title='bbox 782 631 993 687; x_wconf 78' lang='lat' dir='ltr'><strong>videtur</strong></span> <span class='ocrx_word' id='word_1_28' title='bbox 1042 633 1173 688; x_wconf 84' lang='lat' dir='ltr'><strong>nihil</strong></span> <span class='ocrx_word' id='word_1_29' title='bbox 1221 648 1382 700; x_wconf 91' lang='lat' dir='ltr'><strong>esse,</strong></span> <span class='ocrx_word' id='word_1_30' title='bbox 1436 651 1626 706; x_wconf 82' lang='lat' dir='ltr'><strong>magna</strong></span> <span class='ocrx_word' id='word_1_31' title='bbox 1673 637 1920 706; x_wconf 76' lang='lat' dir='ltr'><strong>amplexu</strong></span> <span class='ocrx_word' id='word_1_32' title='bbox 1954 637 1978 674; x_wconf 75' lang='grc' dir='ltr'><strong>ιι</strong></span> <span class='ocrx_word' id='word_1_33' title='bbox 2036 639 2213 703; x_wconf 83' lang='lat' dir='ltr'><strong>Operi-</strong></span> 
     </span>
    </p>
   </div>
   <div class='ocr_carea' id='block_1_7' title="bbox 611 726 2214 802">
    <p class='ocr_par' dir='ltr' id='par_1_7' title="bbox 611 726 2214 802">
     <span class='ocr_line' id='line_1_7' title="bbox 611 726 2214 802; baseline 0.003 -20"><span class='ocrx_word' id='word_1_34' title='bbox 611 736 696 782; x_wconf 88' lang='lat' dir='ltr'><strong>tur</strong></span> <span class='ocrx_word' id='word_1_35' title='bbox 723 726 938 782; x_wconf 84' lang='lat' dir='ltr'><strong>deletiu.</strong></span> <span class='ocrx_word' id='word_1_36' title='bbox 973 727 1109 797; x_wconf 89' lang='lat' dir='ltr'><strong>Quid</strong></span> <span class='ocrx_word' id='word_1_37' title='bbox 1151 728 1278 783; x_wconf 92' lang='lat' dir='ltr'><strong>illud</strong></span> <span class='ocrx_word' id='word_1_38' title='bbox 1306 738 1412 796; x_wconf 89' lang='lat' dir='ltr'><strong>est,</strong></span> <span class='ocrx_word' id='word_1_39' title='bbox 1445 745 1648 802; x_wconf 78' lang='lat' dir='ltr'><strong>quzeso,</strong></span> <span class='ocrx_word' id='word_1_40' title='bbox 1679 731 1882 798; x_wconf 86' lang='lat' dir='ltr'><strong>fideles,</strong></span> <span class='ocrx_word' id='word_1_41' title='bbox 1928 741 1984 786; x_wconf 91' lang='lat' dir='ltr'><strong>ut</strong></span> <span class='ocrx_word' id='word_1_42' title='bbox 2023 747 2214 787; x_wconf 89' lang='lat' dir='ltr'><strong>manus</strong></span> 
     </span>
    </p>
   </div>
   <div class='ocr_carea' id='block_1_8' title="bbox 611 821 2211 896">
    <p class='ocr_par' dir='ltr' id='par_1_8' title="bbox 611 821 2211 896">
     <span class='ocr_line' id='line_1_8' title="bbox 611 821 2211 896; baseline 0.004 -22"><span class='ocrx_word' id='word_1_43' title='bbox 611 837 732 894; x_wconf 74' lang='lat' dir='ltr'><strong>qua:</strong></span> <span class='ocrx_word' id='word_1_44' title='bbox 758 821 868 891; x_wconf 88' lang='lat' dir='ltr'><strong>jam</strong></span> <span class='ocrx_word' id='word_1_45' title='bbox 914 821 982 875; x_wconf 89' lang='lat' dir='ltr'><strong>ab</strong></span> <span class='ocrx_word' id='word_1_46' title='bbox 1014 821 1223 893; x_wconf 85' lang='lat' dir='ltr'><strong>injuriis</strong></span> <span class='ocrx_word' id='word_1_47' title='bbox 1260 822 1509 878; x_wconf 86' lang='lat' dir='ltr'><strong>humanis</strong></span> <span class='ocrx_word' id='word_1_48' title='bbox 1548 825 1757 896; x_wconf 83' lang='lat' dir='ltr'><strong>expiata</strong></span> <span class='ocrx_word' id='word_1_49' title='bbox 1797 835 1898 887; x_wconf 88' lang='lat' dir='ltr'><strong>cst,</strong></span> <span class='ocrx_word' id='word_1_50' title='bbox 1943 834 1997 879; x_wconf 89' lang='lat' dir='ltr'><strong>et</strong></span> <span class='ocrx_word' id='word_1_51' title='bbox 2027 825 2090 878; x_wconf 87' lang='lat' dir='ltr'><strong>ad</strong></span> <span class='ocrx_word' id='word_1_52' title='bbox 2121 839 2211 880; x_wconf 76' lang='lat' dir='ltr'><strong>sa~</strong></span> 
     </span>
    </p>
   </div>
   <div class='ocr_carea' id='block_1_9' title="bbox 611 911 2216 988">
    <p class='ocr_par' dir='ltr' id='par_1_9' title="bbox 611 911 2216 988">
     <span class='ocr_line' id='line_1_9' title="bbox 611 911 2216 988; baseline 0.001 -16"><span class='ocrx_word' id='word_1_53' title='bbox 611 915 873 972; x_wconf 77' lang='lat' dir='ltr'><strong>orificium</strong></span> <span class='ocrx_word' id='word_1_54' title='bbox 901 915 1234 971; x_wconf 89' lang='lat' dir='ltr'><strong>Domiuieum</strong></span> <span class='ocrx_word' id='word_1_55' title='bbox 1264 911 1517 982; x_wconf 71' lang='lat' dir='ltr'><strong>admissa,</strong></span> <span class='ocrx_word' id='word_1_56' title='bbox 1544 929 1595 973; x_wconf 91' lang='lat' dir='ltr'><strong>et</strong></span> <span class='ocrx_word' id='word_1_57' title='bbox 1624 918 1764 988; x_wconf 88' lang='lat' dir='ltr'><strong>quod</strong></span> <span class='ocrx_word' id='word_1_58' title='bbox 1787 918 1850 973; x_wconf 90' lang='lat' dir='ltr'><strong>ad</strong></span> <span class='ocrx_word' id='word_1_59' title='bbox 1881 919 2105 973; x_wconf 91' lang='lat' dir='ltr'><strong>salutem</strong></span> <span class='ocrx_word' id='word_1_60' title='bbox 2137 927 2216 973; x_wconf 91' lang='lat' dir='ltr'><strong>to-</strong></span> 
     </span>
    </p>
   </div>
   <div class='ocr_carea' id='block_1_10' title="bbox 613 1006 2216 1080">
    <p class='ocr_par' dir='ltr' id='par_1_10' title="bbox 613 1006 2216 1080">
     <span class='ocr_line' id='line_1_10' title="bbox 613 1006 2216 1080; baseline 0.001 -17"><span class='ocrx_word' id='word_1_61' title='bbox 613 1008 719 1064; x_wconf 89' lang='lat' dir='ltr'><strong>tius</strong></span> <span class='ocrx_word' id='word_1_62' title='bbox 749 1006 984 1062; x_wconf 80' lang='lat' dir='ltr'><strong>hominis</strong></span> <span class='ocrx_word' id='word_1_63' title='bbox 1015 1009 1243 1077; x_wconf 89' lang='lat' dir='ltr'><strong>pertinet</strong></span> <span class='ocrx_word' id='word_1_64' title='bbox 1269 1051 1282 1072; x_wconf 91' lang='lat'><strong>,</strong></span> <span class='ocrx_word' id='word_1_65' title='bbox 1313 1008 1622 1079; x_wconf 83' lang='lat' dir='ltr'><strong>dignatione</strong></span> <span class='ocrx_word' id='word_1_66' title='bbox 1649 1022 1670 1046; x_wconf 79' lang='grc' dir='ltr'><strong>ο</strong></span> <span class='ocrx_word' id='word_1_67' title='bbox 1705 1011 1964 1080; x_wconf 73' lang='lat' dir='ltr'><strong>suscipit;</strong></span> <span class='ocrx_word' id='word_1_68' title='bbox 2000 1027 2118 1079; x_wconf 78' lang='lat' dir='ltr'><strong>qua:</strong></span> <span class='ocrx_word' id='word_1_69' title='bbox 2149 1009 2216 1064; x_wconf 91' lang='lat' dir='ltr'><strong>ad</strong></span> 
     </span>
    </p>
   </div>
   <div class='ocr_carea' id='block_1_11' title="bbox 612 1099 2216 1173">
    <p class='ocr_par' dir='ltr' id='par_1_11' title="bbox 612 1099 2216 1173">
     <span class='ocr_line' id='line_1_11' title="bbox 612 1099 2216 1173; baseline 0 -17"><span class='ocrx_word' id='word_1_70' title='bbox 612 1099 824 1157; x_wconf 89' lang='lat' dir='ltr'><strong>laudem</strong></span> <span class='ocrx_word' id='word_1_71' title='bbox 875 1100 1084 1155; x_wconf 89' lang='lat' dir='ltr'><strong>Domini</strong></span> <span class='ocrx_word' id='word_1_72' title='bbox 1131 1101 1184 1155; x_wconf 92' lang='lat' dir='ltr'><strong>in</strong></span> <span class='ocrx_word' id='word_1_73' title='bbox 1216 1101 1436 1155; x_wconf 91' lang='lat' dir='ltr'><strong>oraculo</strong></span> <span class='ocrx_word' id='word_1_74' title='bbox 1475 1104 1749 1172; x_wconf 78' lang='lat' dir='ltr'><strong>exsurgit;</strong></span> <span class='ocrx_word' id='word_1_75' title='bbox 1795 1119 1912 1172; x_wconf 78' lang='lat' dir='ltr'><strong>qua:</strong></span> <span class='ocrx_word' id='word_1_76' title='bbox 1939 1099 1964 1137; x_wconf 77' lang='grc' dir='ltr'><strong>ι¹</strong></span> <span class='ocrx_word' id='word_1_77' title='bbox 2007 1103 2216 1173; x_wconf 87' lang='lat' dir='ltr'><strong>signum</strong></span> 
     </span>
    </p>
   </div>
   <div class='ocr_carea' id='block_1_12' title="bbox 615 1192 2216 1266">
    <p class='ocr_par' dir='ltr' id='par_1_12' title="bbox 615 1192 2216 1266">
     <span class='ocr_line' id='line_1_12' title="bbox 615 1192 2216 1266; baseline 0.001 -18"><span class='ocrx_word' id='word_1_78' title='bbox 615 1193 810 1258; x_wconf 88' lang='lat' dir='ltr'><strong>crucis,</strong></span> <span class='ocrx_word' id='word_1_79' title='bbox 850 1208 945 1262; x_wconf 92' lang='lat' dir='ltr'><strong>per</strong></span> <span class='ocrx_word' id='word_1_80' title='bbox 989 1192 1133 1263; x_wconf 91' lang='lat' dir='ltr'><strong>quod</strong></span> <span class='ocrx_word' id='word_1_81' title='bbox 1173 1203 1405 1258; x_wconf 86' lang='lat' dir='ltr'><strong>tuemur,</strong></span> <span class='ocrx_word' id='word_1_82' title='bbox 1453 1194 1719 1248; x_wconf 81' lang='lat' dir='ltr'><strong>frontibus</strong></span> <span class='ocrx_word' id='word_1_83' title='bbox 1765 1195 2061 1264; x_wconf 82' lang='lat' dir='ltr'><strong>imprimit:</strong></span> <span class='ocrx_word' id='word_1_84' title='bbox 2105 1195 2216 1266; x_wconf 84' lang='lat' dir='ltr'><strong>ipsa</strong></span> 
     </span>
    </p>
   </div>
   <div class='ocr_carea' id='block_1_13' title="bbox 613 1284 2218 1356">
    <p class='ocr_par' dir='ltr' id='par_1_13' title="bbox 613 1284 2218 1356">
     <span class='ocr_line' id='line_1_13' title="bbox 613 1284 2218 1356; baseline 0 -16"><span class='ocrx_word' id='word_1_85' title='bbox 613 1301 736 1356; x_wconf 73' lang='lat' dir='ltr'><strong>qua:</strong></span> <span class='ocrx_word' id='word_1_86' title='bbox 768 1284 987 1340; x_wconf 83' lang='lat' dir='ltr'><strong>cdivina</strong></span> <span class='ocrx_word' id='word_1_87' title='bbox 1029 1297 1363 1341; x_wconf 88' lang='lat' dir='ltr'><strong>sacramenta</strong></span> <span class='ocrx_word' id='word_1_88' title='bbox 1400 1296 1738 1341; x_wconf 80' lang='lat' dir='ltr'><strong>consummat</strong></span> <span class='ocrx_word' id='word_1_89' title='bbox 1771 1303 1784 1341; x_wconf 89' lang='lat'><strong>:</strong></span> <span class='ocrx_word' id='word_1_90' title='bbox 1816 1286 1942 1355; x_wconf 89' lang='lat' dir='ltr'><strong>quid</strong></span> <span class='ocrx_word' id='word_1_91' title='bbox 1971 1296 2083 1353; x_wconf 83' lang='lat' dir='ltr'><strong>est,</strong></span> <span class='ocrx_word' id='word_1_92' title='bbox 2135 1288 2218 1340; x_wconf 80' lang='lat' dir='ltr'><strong>in~</strong></span> 
     </span>
    </p>
   </div>
   <div class='ocr_carea' id='block_1_14' title="bbox 614 1378 2217 1451">
    <p class='ocr_par' dir='ltr' id='par_1_14' title="bbox 614 1378 2217 1451">
     <span class='ocr_line' id='line_1_14' title="bbox 614 1378 2217 1451; baseline 0.002 -21"><span class='ocrx_word' id='word_1_93' title='bbox 614 1394 797 1451; x_wconf 88' lang='lat' dir='ltr'><strong>quam,</strong></span> <span class='ocrx_word' id='word_1_94' title='bbox 830 1388 887 1433; x_wconf 92' lang='lat' dir='ltr'><strong>ut</strong></span> <span class='ocrx_word' id='word_1_95' title='bbox 920 1378 1116 1434; x_wconf 88' lang='lat' dir='ltr'><strong>iterum</strong></span> <span class='ocrx_word' id='word_1_96' title='bbox 1151 1378 1355 1447; x_wconf 80' lang='lat' dir='ltr'><strong>laqueis</strong></span> <span class='ocrx_word' id='word_1_97' title='bbox 1375 1379 1594 1446; x_wconf 91' lang='lat' dir='ltr'><strong>diaboli,</strong></span> <span class='ocrx_word' id='word_1_98' title='bbox 1627 1379 1766 1434; x_wconf 90' lang='lat' dir='ltr'><strong>unde</strong></span> <span class='ocrx_word' id='word_1_99' title='bbox 1795 1388 1952 1434; x_wconf 84' lang='lat' dir='ltr'><strong>exuta</strong></span> <span class='ocrx_word' id='word_1_100' title='bbox 1979 1387 2080 1444; x_wconf 88' lang='lat' dir='ltr'><strong>est,</strong></span> <span class='ocrx_word' id='word_1_101' title='bbox 2116 1381 2217 1434; x_wconf 92' lang='lat' dir='ltr'><strong>im-</strong></span> 
     </span>
    </p>
   </div>
   <div class='ocr_carea' id='block_1_15' title="bbox 615 1471 2220 1543">
    <p class='ocr_par' dir='ltr' id='par_1_15' title="bbox 615 1471 2220 1543">
     <span class='ocr_line' id='line_1_15' title="bbox 615 1471 2220 1543; baseline 0.002 -20"><span class='ocrx_word' id='word_1_102' title='bbox 615 1471 844 1543; x_wconf 89' lang='lat' dir='ltr'><strong>plicetur</strong></span> <span class='ocrx_word' id='word_1_103' title='bbox 872 1480 928 1526; x_wconf 90' lang='lat' dir='ltr'><strong>et</strong></span> <span class='ocrx_word' id='word_1_104' title='bbox 961 1485 1056 1541; x_wconf 88' lang='lat' dir='ltr'><strong>per</strong></span> <span class='ocrx_word' id='word_1_105' title='bbox 1087 1471 1200 1541; x_wconf 87' lang='lat' dir='ltr'><strong>ipsa</strong></span> <span class='ocrx_word' id='word_1_106' title='bbox 1231 1471 1552 1526; x_wconf 81' lang='lat' dir='ltr'><strong>damnetur?</strong></span> <span class='ocrx_word' id='word_1_107' title='bbox 1587 1471 1880 1526; x_wconf 80' lang='lat' dir='ltr'><strong>Aleatriees</strong></span> <span class='ocrx_word' id='word_1_108' title='bbox 1909 1487 2126 1538; x_wconf 91' lang='lat' dir='ltr'><strong>manus,</strong></span> <span class='ocrx_word' id='word_1_109' title='bbox 2159 1473 2220 1526; x_wconf 89' lang='lat' dir='ltr'><strong>li-</strong></span> 
     </span>
    </p>
   </div>
   <div class='ocr_carea' id='block_1_16' title="bbox 617 1562 2222 1633">
    <p class='ocr_par' dir='ltr' id='par_1_16' title="bbox 617 1562 2222 1633">
     <span class='ocr_line' id='line_1_16' title="bbox 617 1562 2222 1633; baseline 0 -15"><span class='ocrx_word' id='word_1_110' title='bbox 617 1562 863 1618; x_wconf 83' lang='lat' dir='ltr'><strong>bidinoso</strong></span> <span class='ocrx_word' id='word_1_111' title='bbox 879 1562 1055 1618; x_wconf 89' lang='lat' dir='ltr'><strong>studio</strong></span> <span class='ocrx_word' id='word_1_112' title='bbox 1073 1571 1462 1618; x_wconf 84' lang='lat' dir='ltr'><strong>consueverunt</strong></span> <span class='ocrx_word' id='word_1_113' title='bbox 1475 1604 1488 1628; x_wconf 94' lang='lat'><strong>,</strong></span> <span class='ocrx_word' id='word_1_114' title='bbox 1513 1563 1562 1617; x_wconf 90' lang='lat' dir='ltr'><strong>id</strong></span> <span class='ocrx_word' id='word_1_115' title='bbox 1577 1572 1680 1630; x_wconf 89' lang='lat' dir='ltr'><strong>est,</strong></span> <span class='ocrx_word' id='word_1_116' title='bbox 1695 1563 1828 1617; x_wconf 72' lang='lat' dir='ltr'><strong>alea:</strong></span> <span class='ocrx_word' id='word_1_117' title='bbox 1847 1563 2059 1628; x_wconf 74' lang='lat' dir='ltr'><strong>tabulaz;</strong></span> <span class='ocrx_word' id='word_1_118' title='bbox 2081 1564 2222 1633; x_wconf 90' lang='lat' dir='ltr'><strong>quod</strong></span> 
     </span>
    </p>
   </div>
   <div class='ocr_carea' id='block_1_17' title="bbox 616 1654 2219 1721">
    <p class='ocr_par' dir='ltr' id='par_1_17' title="bbox 616 1654 2219 1721">
     <span class='ocr_line' id='line_1_17' title="bbox 616 1654 2219 1721; baseline -0.001 -11"><span class='ocrx_word' id='word_1_119' title='bbox 616 1662 699 1710; x_wconf 74' lang='lat' dir='ltr'><strong>est</strong></span> <span class='ocrx_word' id='word_1_120' title='bbox 724 1655 921 1709; x_wconf 90' lang='lat' dir='ltr'><strong>diaboli</strong></span> <span class='ocrx_word' id='word_1_121' title='bbox 951 1655 1274 1710; x_wconf 77' lang='lat' dir='ltr'><strong>venabulum</strong></span> <span class='ocrx_word' id='word_1_122' title='bbox 1309 1654 1348 1721; x_wconf 72' lang='grc' dir='ltr'><strong>ί,</strong></span> <span class='ocrx_word' id='word_1_123' title='bbox 1387 1662 1442 1709; x_wconf 92' lang='lat' dir='ltr'><strong>et</strong></span> <span class='ocrx_word' id='word_1_124' title='bbox 1470 1655 1648 1710; x_wconf 90' lang='lat' dir='ltr'><strong>delicti</strong></span> <span class='ocrx_word' id='word_1_125' title='bbox 1678 1656 1871 1710; x_wconf 91' lang='lat' dir='ltr'><strong>vulnus</strong></span> <span class='ocrx_word' id='word_1_126' title='bbox 1901 1656 2219 1709; x_wconf 78' lang='lat' dir='ltr'><strong>insanabile.</strong></span> 
     </span>
    </p>
   </div>
   <div class='ocr_carea' id='block_1_18' title="bbox 617 1746 2221 1818">
    <p class='ocr_par' dir='ltr' id='par_1_18' title="bbox 617 1746 2221 1818">
     <span class='ocr_line' id='line_1_18' title="bbox 617 1746 2221 1818; baseline -0.001 -15"><span class='ocrx_word' id='word_1_127' title='bbox 617 1747 766 1804; x_wconf 67' lang='lat' dir='ltr'><strong>Alea:</strong></span> <span class='ocrx_word' id='word_1_128' title='bbox 812 1748 1046 1802; x_wconf 89' lang='lat' dir='ltr'><strong>tabulam</strong></span> <span class='ocrx_word' id='word_1_129' title='bbox 1096 1747 1238 1812; x_wconf 90' lang='lat' dir='ltr'><strong>dico,</strong></span> <span class='ocrx_word' id='word_1_130' title='bbox 1291 1748 1378 1802; x_wconf 89' lang='lat' dir='ltr'><strong>ubi</strong></span> <span class='ocrx_word' id='word_1_131' title='bbox 1427 1746 1674 1802; x_wconf 81' lang='lat' dir='ltr'><strong>diabolus</strong></span> <span class='ocrx_word' id='word_1_132' title='bbox 1718 1756 1916 1818; x_wconf 67' lang='lat' dir='ltr'><strong>praisto</strong></span> <span class='ocrx_word' id='word_1_133' title='bbox 1957 1757 2059 1813; x_wconf 80' lang='lat' dir='ltr'><strong>eSt,</strong></span> <span class='ocrx_word' id='word_1_134' title='bbox 2101 1747 2166 1801; x_wconf 89' lang='lat' dir='ltr'><strong>ad</strong></span> <span class='ocrx_word' id='word_1_135' title='bbox 2197 1756 2221 1791; x_wconf 69' lang='grc' dir='ltr'><strong>κ</strong></span> 
     </span>
    </p>
   </div>
   <div class='ocr_carea' id='block_1_19' title="bbox 2317 538 3926 610">
    <p class='ocr_par' dir='ltr' id='par_1_19' title="bbox 2317 538 3926 610">
     <span class='ocr_line' id='line_1_19' title="bbox 2317 538 3926 610; baseline 0.003 -17"><span class='ocrx_word' id='word_1_136' title='bbox 2317 539 2470 609; x_wconf 92' lang='lat' dir='ltr'><strong>inops</strong></span> <span class='ocrx_word' id='word_1_137' title='bbox 2498 546 2552 592; x_wconf 93' lang='lat' dir='ltr'><strong>et</strong></span> <span class='ocrx_word' id='word_1_138' title='bbox 2599 553 2800 608; x_wconf 90' lang='lat' dir='ltr'><strong>panper</strong></span> <span class='ocrx_word' id='word_1_139' title='bbox 2831 539 2944 593; x_wconf 85' lang='lat' dir='ltr'><strong>est!</strong></span> <span class='ocrx_word' id='word_1_140' title='bbox 2991 538 3122 592; x_wconf 86' lang='lat' dir='ltr'><strong>Alea</strong></span> <span class='ocrx_word' id='word_1_141' title='bbox 3153 549 3266 604; x_wconf 89' lang='lat' dir='ltr'><strong>est,</strong></span> <span class='ocrx_word' id='word_1_142' title='bbox 3309 554 3469 610; x_wconf 89' lang='lat' dir='ltr'><strong>quam</strong></span> <span class='ocrx_word' id='word_1_143' title='bbox 3503 540 3588 596; x_wconf 84' lang='lat' dir='ltr'><strong>lex</strong></span> <span class='ocrx_word' id='word_1_144' title='bbox 3619 539 3732 595; x_wconf 89' lang='lat' dir='ltr'><strong>odit</strong></span> <span class='ocrx_word' id='word_1_145' title='bbox 3764 557 3777 594; x_wconf 89' lang='lat'><strong>:</strong></span> <span class='ocrx_word' id='word_1_146' title='bbox 3810 542 3926 598; x_wconf 79' lang='lat' dir='ltr'><strong>alea</strong></span> 
     </span>
    </p>
   </div>
   <div class='ocr_carea' id='block_1_20' title="bbox 2315 631 3927 704">
    <p class='ocr_par' dir='ltr' id='par_1_20' title="bbox 2315 631 3927 704">
     <span class='ocr_line' id='line_1_20' title="bbox 2315 631 3927 704; baseline 0.002 -16"><span class='ocrx_word' id='word_1_147' title='bbox 2315 643 2416 699; x_wconf 91' lang='lat' dir='ltr'><strong>est,</strong></span> <span class='ocrx_word' id='word_1_148' title='bbox 2459 649 2617 704; x_wconf 89' lang='lat' dir='ltr'><strong>quam</strong></span> <span class='ocrx_word' id='word_1_149' title='bbox 2652 635 2664 682; x_wconf 85' lang='lat' dir='ltr'><strong>i</strong></span> <span class='ocrx_word' id='word_1_150' title='bbox 2704 631 2950 700; x_wconf 90' lang='lat' dir='ltr'><strong>sequitur</strong></span> <span class='ocrx_word' id='word_1_151' title='bbox 2978 633 3183 688; x_wconf 88' lang='lat' dir='ltr'><strong>crimen</strong></span> <span class='ocrx_word' id='word_1_152' title='bbox 3212 633 3475 704; x_wconf 86' lang='lat' dir='ltr'><strong>ignobile;</strong></span> <span class='ocrx_word' id='word_1_153' title='bbox 3519 634 3606 689; x_wconf 93' lang='lat' dir='ltr'><strong>ubi</strong></span> <span class='ocrx_word' id='word_1_154' title='bbox 3637 635 3927 692; x_wconf 87' lang='lat' dir='ltr'><strong>manifesta</strong></span> 
     </span>
    </p>
   </div>
   <div class='ocr_carea' id='block_1_21' title="bbox 2317 725 3930 795">
    <p class='ocr_par' dir='ltr' id='par_1_21' title="bbox 2317 725 3930 795">
     <span class='ocr_line' id='line_1_21' title="bbox 2317 725 3930 795; baseline 0 -14"><span class='ocrx_word' id='word_1_155' title='bbox 2317 727 2559 792; x_wconf 90' lang='lat' dir='ltr'><strong>tentatio,</strong></span> <span class='ocrx_word' id='word_1_156' title='bbox 2611 735 2664 780; x_wconf 90' lang='lat' dir='ltr'><strong>et</strong></span> <span class='ocrx_word' id='word_1_157' title='bbox 2709 739 2865 794; x_wconf 67' lang='lat' dir='ltr'><strong>pinna</strong></span> <span class='ocrx_word' id='word_1_158' title='bbox 2912 726 3145 780; x_wconf 74' lang='lat' dir='ltr'><strong>occulta.</strong></span> <span class='ocrx_word' id='word_1_159' title='bbox 3197 725 3325 780; x_wconf 80' lang='lat' dir='ltr'><strong>Alea</strong></span> <span class='ocrx_word' id='word_1_160' title='bbox 3371 735 3455 780; x_wconf 92' lang='lat' dir='ltr'><strong>est</strong></span> <span class='ocrx_word' id='word_1_161' title='bbox 3496 727 3681 782; x_wconf 88' lang='lat' dir='ltr'><strong>alveus</strong></span> <span class='ocrx_word' id='word_1_162' title='bbox 3709 725 3732 764; x_wconf 72' lang='grc' dir='ltr'><strong>¹ί</strong></span> <span class='ocrx_word' id='word_1_163' title='bbox 3776 728 3930 795; x_wconf 72' lang='lat' dir='ltr'><strong>mali,</strong></span> 
     </span>
    </p>
   </div>
   <div class='ocr_carea' id='block_1_22' title="bbox 2316 817 3932 888">
    <p class='ocr_par' dir='ltr' id='par_1_22' title="bbox 2316 817 3932 888">
     <span class='ocr_line' id='line_1_22' title="bbox 2316 817 3932 888; baseline -0.001 -14"><span class='ocrx_word' id='word_1_164' title='bbox 2316 827 2371 874; x_wconf 91' lang='lat' dir='ltr'><strong>et</strong></span> <span class='ocrx_word' id='word_1_165' title='bbox 2425 817 2786 887; x_wconf 87' lang='lat' dir='ltr'><strong>supplantatio</strong></span> <span class='ocrx_word' id='word_1_166' title='bbox 2844 817 3198 888; x_wconf 66' lang='lat' dir='ltr'><strong>amici,‘quaz</strong></span> <span class='ocrx_word' id='word_1_167' title='bbox 3253 832 3354 872; x_wconf 90' lang='lat' dir='ltr'><strong>nec</strong></span> <span class='ocrx_word' id='word_1_168' title='bbox 3411 818 3617 874; x_wconf 90' lang='lat' dir='ltr'><strong>lucrum</strong></span> <span class='ocrx_word' id='word_1_169' title='bbox 3683 819 3932 885; x_wconf 89' lang='lat' dir='ltr'><strong>confert,</strong></span> 
     </span>
    </p>
   </div>
   <div class='ocr_carea' id='block_1_23' title="bbox 2318 911 3930 984">
    <p class='ocr_par' dir='ltr' id='par_1_23' title="bbox 2318 911 3930 984">
     <span class='ocr_line' id='line_1_23' title="bbox 2318 911 3930 984; baseline -0.001 -17"><span class='ocrx_word' id='word_1_170' title='bbox 2318 912 2413 968; x_wconf 91' lang='lat' dir='ltr'><strong>sed</strong></span> <span class='ocrx_word' id='word_1_171' title='bbox 2463 921 2629 967; x_wconf 88' lang='lat' dir='ltr'><strong>totum</strong></span> <span class='ocrx_word' id='word_1_172' title='bbox 2679 911 2967 966; x_wconf 89' lang='lat' dir='ltr'><strong>consmnit.</strong></span> <span class='ocrx_word' id='word_1_173' title='bbox 3014 911 3147 966; x_wconf 89' lang='lat' dir='ltr'><strong>llinc</strong></span> <span class='ocrx_word' id='word_1_174' title='bbox 3190 911 3386 968; x_wconf 89' lang='lat' dir='ltr'><strong>deinde</strong></span> <span class='ocrx_word' id='word_1_175' title='bbox 3435 927 3698 984; x_wconf 79' lang='lat' dir='ltr'><strong>pauperes</strong></span> <span class='ocrx_word' id='word_1_176' title='bbox 3752 914 3881 968; x_wconf 72' lang='lat' dir='ltr'><strong>ﬁunt</strong></span> <span class='ocrx_word' id='word_1_177' title='bbox 3911 953 3930 979; x_wconf 84' lang='lat'><strong>,</strong></span> 
     </span>
    </p>
   </div>
   <div class='ocr_carea' id='block_1_24' title="bbox 2322 1005 3936 1078">
    <p class='ocr_par' dir='ltr' id='par_1_24' title="bbox 2322 1005 3936 1078">
     <span class='ocr_line' id='line_1_24' title="bbox 2322 1005 3936 1078; baseline -0.001 -16"><span class='ocrx_word' id='word_1_178' title='bbox 2322 1007 2445 1063; x_wconf 88' lang='lat' dir='ltr'><strong>hinc</strong></span> <span class='ocrx_word' id='word_1_179' title='bbox 2472 1023 2602 1078; x_wconf 89' lang='lat' dir='ltr'><strong>opes</strong></span> <span class='ocrx_word' id='word_1_180' title='bbox 2626 1022 2750 1062; x_wconf 89' lang='lat' dir='ltr'><strong>snas</strong></span> <span class='ocrx_word' id='word_1_181' title='bbox 2775 1005 3024 1078; x_wconf 87' lang='lat' dir='ltr'><strong>perdunt,</strong></span> <span class='ocrx_word' id='word_1_182' title='bbox 3045 1005 3170 1061; x_wconf 92' lang='lat' dir='ltr'><strong>hinc</strong></span> <span class='ocrx_word' id='word_1_183' title='bbox 3189 1006 3300 1076; x_wconf 86' lang='lat' dir='ltr'><strong>jam</strong></span> <span class='ocrx_word' id='word_1_184' title='bbox 3327 1008 3661 1078; x_wconf 89' lang='lat' dir='ltr'><strong>consumptis</strong></span> <span class='ocrx_word' id='word_1_185' title='bbox 3682 1009 3936 1062; x_wconf 75' lang='lat' dir='ltr'><strong>omnibus</strong></span> 
     </span>
    </p>
   </div>
   <div class='ocr_carea' id='block_1_25' title="bbox 2321 1098 3937 1170">
    <p class='ocr_par' dir='ltr' id='par_1_25' title="bbox 2321 1098 3937 1170">
     <span class='ocr_line' id='line_1_25' title="bbox 2321 1098 3937 1170; baseline -0.002 -15"><span class='ocrx_word' id='word_1_186' title='bbox 2321 1099 2481 1155; x_wconf 86' lang='lat' dir='ltr'><strong>rebus</strong></span> <span class='ocrx_word' id='word_1_187' title='bbox 2508 1099 2641 1161; x_wconf 84' lang='lat' dir='ltr'><strong>suis,</strong></span> <span class='ocrx_word' id='word_1_188' title='bbox 2661 1098 2862 1153; x_wconf 89' lang='lat' dir='ltr'><strong>mutuis</strong></span> <span class='ocrx_word' id='word_1_189' title='bbox 2886 1099 3127 1168; x_wconf 89' lang='lat' dir='ltr'><strong>pecuniis</strong></span> <span class='ocrx_word' id='word_1_190' title='bbox 3147 1113 3204 1151; x_wconf 90' lang='lat' dir='ltr'><strong>se</strong></span> <span class='ocrx_word' id='word_1_191' title='bbox 3225 1099 3462 1154; x_wconf 88' lang='lat' dir='ltr'><strong>obrtnmt</strong></span> <span class='ocrx_word' id='word_1_192' title='bbox 3487 1118 3500 1153; x_wconf 91' lang='lat'><strong>:</strong></span> <span class='ocrx_word' id='word_1_193' title='bbox 3528 1099 3652 1154; x_wconf 92' lang='lat' dir='ltr'><strong>hinc</strong></span> <span class='ocrx_word' id='word_1_194' title='bbox 3675 1103 3937 1170; x_wconf 76' lang='lat' dir='ltr'><strong>patrium-</strong></span> 
     </span>
    </p>
   </div>
   <div class='ocr_carea' id='block_1_26' title="bbox 2323 1190 3938 1260">
    <p class='ocr_par' dir='ltr' id='par_1_26' title="bbox 2323 1190 3938 1260">
     <span class='ocr_line' id='line_1_26' title="bbox 2323 1190 3938 1260; baseline 0.001 -14"><span class='ocrx_word' id='word_1_195' title='bbox 2323 1193 2491 1257; x_wconf 90' lang='lat' dir='ltr'><strong>nium,</strong></span> <span class='ocrx_word' id='word_1_196' title='bbox 2541 1193 2658 1247; x_wconf 82' lang='lat' dir='ltr'><strong>sine</strong></span> <span class='ocrx_word' id='word_1_197' title='bbox 2697 1192 2800 1246; x_wconf 92' lang='lat' dir='ltr'><strong>ulla</strong></span> <span class='ocrx_word' id='word_1_198' title='bbox 2851 1191 2947 1246; x_wconf 89' lang='lat' dir='ltr'><strong>fori</strong></span> <span class='ocrx_word' id='word_1_199' title='bbox 2997 1191 3266 1246; x_wconf 85' lang='lat' dir='ltr'><strong>calumnia</strong></span> <span class='ocrx_word' id='word_1_200' title='bbox 3311 1190 3578 1246; x_wconf 86' lang='lat' dir='ltr'><strong>amittunt.</strong></span> <span class='ocrx_word' id='word_1_201' title='bbox 3625 1192 3812 1260; x_wconf 86' lang='lat' dir='ltr'><strong>Qualis</strong></span> <span class='ocrx_word' id='word_1_202' title='bbox 3853 1205 3938 1248; x_wconf 82' lang='lat' dir='ltr'><strong>est</strong></span> 
     </span>
    </p>
   </div>
   <div class='ocr_carea' id='block_1_27' title="bbox 2324 1285 3932 1356">
    <p class='ocr_par' dir='ltr' id='par_1_27' title="bbox 2324 1285 3932 1356">
     <span class='ocr_line' id='line_1_27' title="bbox 2324 1285 3932 1356; baseline 0.001 -16"><span class='ocrx_word' id='word_1_203' title='bbox 2324 1287 2421 1352; x_wconf 91' lang='lat' dir='ltr'><strong>lis,</strong></span> <span class='ocrx_word' id='word_1_204' title='bbox 2457 1295 2514 1340; x_wconf 92' lang='lat' dir='ltr'><strong>ut</strong></span> <span class='ocrx_word' id='word_1_205' title='bbox 2543 1302 2677 1356; x_wconf 91' lang='lat' dir='ltr'><strong>quos</strong></span> <span class='ocrx_word' id='word_1_206' title='bbox 2708 1301 2866 1341; x_wconf 90' lang='lat' dir='ltr'><strong>nemo</strong></span> <span class='ocrx_word' id='word_1_207' title='bbox 2898 1285 3266 1355; x_wconf 89' lang='lat' dir='ltr'><strong>persequitur,</strong></span> <span class='ocrx_word' id='word_1_208' title='bbox 3311 1285 3521 1355; x_wconf 84' lang='lat' dir='ltr'><strong>seipsos</strong></span> <span class='ocrx_word' id='word_1_209' title='bbox 3552 1301 3646 1356; x_wconf 89' lang='lat' dir='ltr'><strong>per</strong></span> <span class='ocrx_word' id='word_1_210' title='bbox 3676 1286 3932 1341; x_wconf 88' lang='lat' dir='ltr'><strong>invidiam</strong></span> 
     </span>
    </p>
   </div>
   <div class='ocr_carea' id='block_1_28' title="bbox 2324 1378 3934 1452">
    <p class='ocr_par' dir='ltr' id='par_1_28' title="bbox 2324 1378 3934 1452">
     <span class='ocr_line' id='line_1_28' title="bbox 2324 1378 3934 1452; baseline -0.002 -16"><span class='ocrx_word' id='word_1_211' title='bbox 2324 1380 2755 1452; x_wconf 86' lang='lat' dir='ltr'><strong>persequantur?</strong></span> <span class='ocrx_word' id='word_1_212' title='bbox 2782 1389 2837 1434; x_wconf 91' lang='lat' dir='ltr'><strong>ut</strong></span> <span class='ocrx_word' id='word_1_213' title='bbox 2867 1388 3118 1450; x_wconf 89' lang='lat' dir='ltr'><strong>paternas</strong></span> <span class='ocrx_word' id='word_1_214' title='bbox 3143 1393 3269 1433; x_wconf 88' lang='lat' dir='ltr'><strong>suas</strong></span> <span class='ocrx_word' id='word_1_215' title='bbox 3293 1378 3630 1435; x_wconf 68' lang='lat' dir='ltr'><strong>hrcreditates</strong></span> <span class='ocrx_word' id='word_1_216' title='bbox 3655 1379 3754 1434; x_wconf 93' lang='lat' dir='ltr'><strong>sub</strong></span> <span class='ocrx_word' id='word_1_217' title='bbox 3778 1396 3934 1436; x_wconf 72' lang='lat' dir='ltr'><strong>ossu—</strong></span> 
     </span>
    </p>
   </div>
   <div class='ocr_carea' id='block_1_29' title="bbox 2325 1468 3464 1542">
    <p class='ocr_par' dir='ltr' id='par_1_29' title="bbox 2325 1468 3464 1542">
     <span class='ocr_line' id='line_1_29' title="bbox 2325 1468 3464 1542; baseline -0.003 -15"><span class='ocrx_word' id='word_1_218' title='bbox 2325 1489 2441 1528; x_wconf 92' lang='lat' dir='ltr'><strong>rum</strong></span> <span class='ocrx_word' id='word_1_219' title='bbox 2473 1471 2784 1526; x_wconf 81' lang='lat' dir='ltr'><strong>multiformi</strong></span> <span class='ocrx_word' id='word_1_220' title='bbox 2815 1486 3039 1526; x_wconf 89' lang='lat' dir='ltr'><strong>numero</strong></span> <span class='ocrx_word' id='word_1_221' title='bbox 3071 1468 3088 1507; x_wconf 77' lang='grc' dir='ltr'>ι</span> <span class='ocrx_word' id='word_1_222' title='bbox 3121 1471 3464 1542; x_wconf 80' lang='lat' dir='ltr'><strong>dispergant?</strong></span> 
     </span>
    </p>
   </div>
   <div class='ocr_carea' id='block_1_30' title="bbox 2399 1562 3938 1635">
    <p class='ocr_par' dir='ltr' id='par_1_30' title="bbox 2399 1562 3938 1635">
     <span class='ocr_line' id='line_1_30' title="bbox 2399 1562 3938 1635; baseline 0.002 -19"><span class='ocrx_word' id='word_1_223' title='bbox 2399 1562 2532 1620; x_wconf 78' lang='lat' dir='ltr'><strong>Vill.</strong></span> <span class='ocrx_word' id='word_1_224' title='bbox 2573 1565 2666 1618; x_wconf 59' lang='lat' dir='ltr'><strong>Est</strong></span> <span class='ocrx_word' id='word_1_225' title='bbox 2700 1574 2753 1619; x_wconf 87' lang='lat' dir='ltr'><strong>et</strong></span> <span class='ocrx_word' id='word_1_226' title='bbox 2782 1562 2996 1633; x_wconf 89' lang='lat' dir='ltr'><strong>quando</strong></span> <span class='ocrx_word' id='word_1_227' title='bbox 3038 1563 3136 1632; x_wconf 90' lang='lat' dir='ltr'><strong>ipsi</strong></span> <span class='ocrx_word' id='word_1_228' title='bbox 3176 1563 3441 1618; x_wconf 88' lang='lat' dir='ltr'><strong>aleatores</strong></span> <span class='ocrx_word' id='word_1_229' title='bbox 3471 1578 3593 1618; x_wconf 90' lang='lat' dir='ltr'><strong>cum</strong></span> <span class='ocrx_word' id='word_1_230' title='bbox 3638 1565 3938 1635; x_wconf 84' lang='lat' dir='ltr'><strong>prostitutis</strong></span> 
     </span>
    </p>
   </div>
   <div class='ocr_carea' id='block_1_31' title="bbox 2327 1659 3939 1730">
    <p class='ocr_par' dir='ltr' id='par_1_31' title="bbox 2327 1659 3939 1730">
     <span class='ocr_line' id='line_1_31' title="bbox 2327 1659 3939 1730; baseline 0.001 -17"><span class='ocrx_word' id='word_1_231' title='bbox 2327 1659 2641 1714; x_wconf 88' lang='lat' dir='ltr'><strong>mulieribus</strong></span> <span class='ocrx_word' id='word_1_232' title='bbox 2687 1674 2850 1729; x_wconf 88' lang='lat' dir='ltr'><strong>penes</strong></span> <span class='ocrx_word' id='word_1_233' title='bbox 2893 1669 3167 1715; x_wconf 88' lang='lat' dir='ltr'><strong>auctorem</strong></span> <span class='ocrx_word' id='word_1_234' title='bbox 3198 1674 3350 1714; x_wconf 88' lang='lat' dir='ltr'><strong>suum</strong></span> <span class='ocrx_word' id='word_1_235' title='bbox 3382 1669 3674 1714; x_wconf 87' lang='lat' dir='ltr'><strong>nocturnas</strong></span> <span class='ocrx_word' id='word_1_236' title='bbox 3706 1661 3939 1730; x_wconf 80' lang='lat' dir='ltr'><strong>vigilias,</strong></span> 
     </span>
    </p>
   </div>
   <div class='ocr_carea' id='block_1_32' title="bbox 2326 1750 3931 1818">
    <p class='ocr_par' dir='ltr' id='par_1_32' title="bbox 2326 1750 3931 1818">
     <span class='ocr_line' id='line_1_32' title="bbox 2326 1750 3931 1818; baseline 0.001 -12"><span class='ocrx_word' id='word_1_237' title='bbox 2326 1752 2522 1806; x_wconf 80' lang='lat' dir='ltr'><strong>clausis</strong></span> <span class='ocrx_word' id='word_1_238' title='bbox 2550 1750 2774 1818; x_wconf 90' lang='lat' dir='ltr'><strong>foribus,</strong></span> <span class='ocrx_word' id='word_1_239' title='bbox 2798 1752 3076 1808; x_wconf 87' lang='lat' dir='ltr'><strong>celebrant</strong></span> <span class='ocrx_word' id='word_1_240' title='bbox 3104 1771 3117 1806; x_wconf 88' lang='lat'><strong>:</strong></span> <span class='ocrx_word' id='word_1_241' title='bbox 3151 1762 3428 1808; x_wconf 89' lang='lat' dir='ltr'><strong>armantur</strong></span> <span class='ocrx_word' id='word_1_242' title='bbox 3451 1753 3708 1809; x_wconf 87' lang='lat' dir='ltr'><strong>adversus</strong></span> <span class='ocrx_word' id='word_1_243' title='bbox 3735 1769 3794 1808; x_wconf 93' lang='lat' dir='ltr'><strong>sc</strong></span> <span class='ocrx_word' id='word_1_244' title='bbox 3826 1756 3931 1808; x_wconf 64' lang='lat' dir='ltr'><strong>mi.</strong></span> 
     </span>
    </p>
   </div>
   <div class='ocr_carea' id='block_1_33' title="bbox 616 1839 3941 1916">
    <p class='ocr_par' dir='ltr' id='par_1_33' title="bbox 616 1839 3941 1916">
     <span class='ocr_line' id='line_1_33' title="bbox 616 1839 3941 1916; baseline 0.001 -20"><span class='ocrx_word' id='word_1_245' title='bbox 616 1840 1043 1912; x_wconf 75' lang='lat' dir='ltr'><strong>antiCapiendum</strong></span> <span class='ocrx_word' id='word_1_246' title='bbox 1083 1841 1423 1908; x_wconf 84' lang='lat' dir='ltr'><strong>summissus,</strong></span> <span class='ocrx_word' id='word_1_247' title='bbox 1453 1851 1506 1895; x_wconf 88' lang='lat' dir='ltr'><strong>et</strong></span> <span class='ocrx_word' id='word_1_248' title='bbox 1539 1855 1662 1895; x_wconf 91' lang='lat' dir='ltr'><strong>cum</strong></span> <span class='ocrx_word' id='word_1_249' title='bbox 1689 1841 1894 1910; x_wconf 88' lang='lat' dir='ltr'><strong>ceperit</strong></span> <span class='ocrx_word' id='word_1_250' title='bbox 1918 1839 1985 1894; x_wconf 94' lang='lat' dir='ltr'><strong>de</strong></span> <span class='ocrx_word' id='word_1_251' title='bbox 2006 1841 2216 1910; x_wconf 88' lang='lat' dir='ltr'><strong>captivo</strong></span> <span class='ocrx_word' id='word_1_252' title='bbox 2248 1851 2294 1910; x_wconf 77' lang='grc' dir='ltr'><strong>Β</strong></span> <span class='ocrx_word' id='word_1_253' title='bbox 2323 1844 2448 1910; x_wconf 90' lang='lat' dir='ltr'><strong>seri,</strong></span> <span class='ocrx_word' id='word_1_254' title='bbox 2479 1845 2668 1914; x_wconf 86' lang='lat' dir='ltr'><strong>spiritu</strong></span> <span class='ocrx_word' id='word_1_255' title='bbox 2701 1844 2904 1899; x_wconf 90' lang='lat' dir='ltr'><strong>diaboli</strong></span> <span class='ocrx_word' id='word_1_256' title='bbox 2937 1845 3132 1914; x_wconf 86' lang='lat' dir='ltr'><strong>repleti</strong></span> <span class='ocrx_word' id='word_1_257' title='bbox 3164 1863 3176 1896; x_wconf 88' lang='lat'><strong>:</strong></span> <span class='ocrx_word' id='word_1_258' title='bbox 3207 1856 3254 1900; x_wconf 90' lang='lat' dir='ltr'><strong>et</strong></span> <span class='ocrx_word' id='word_1_259' title='bbox 3283 1845 3392 1900; x_wconf 95' lang='lat' dir='ltr'><strong>illic</strong></span> <span class='ocrx_word' id='word_1_260' title='bbox 3415 1845 3609 1914; x_wconf 81' lang='lat' dir='ltr'><strong>duplex</strong></span> <span class='ocrx_word' id='word_1_261' title='bbox 3644 1856 3731 1900; x_wconf 89' lang='lat' dir='ltr'><strong>aut</strong></span> <span class='ocrx_word' id='word_1_262' title='bbox 3757 1849 3941 1916; x_wconf 83' lang='lat' dir='ltr'><strong>gemi-</strong></span> 
     </span>
    </p>
   </div>
   <div class='ocr_carea' id='block_1_34' title="bbox 621 1934 2223 2004">
    <p class='ocr_par' dir='ltr' id='par_1_34' title="bbox 621 1934 2223 2004">
     <span class='ocr_line' id='line_1_34' title="bbox 621 1934 2223 2004; baseline 0.001 -16"><span class='ocrx_word' id='word_1_263' title='bbox 621 1934 971 2003; x_wconf 91' lang='lat' dir='ltr'><strong>trimnphum,</strong></span> <span class='ocrx_word' id='word_1_264' title='bbox 1006 1934 1248 2004; x_wconf 85' lang='lat' dir='ltr'><strong>perfidia,</strong></span> <span class='ocrx_word' id='word_1_265' title='bbox 1283 1934 1414 1988; x_wconf 88' lang='lat' dir='ltr'><strong>falsa</strong></span> <span class='ocrx_word' id='word_1_266' title='bbox 1447 1935 1771 1989; x_wconf 91' lang='lat' dir='ltr'><strong>testimonia.</strong></span> <span class='ocrx_word' id='word_1_267' title='bbox 1801 1934 2059 1990; x_wconf 82' lang='lat' dir='ltr'><strong>Tabulam</strong></span> <span class='ocrx_word' id='word_1_268' title='bbox 2091 1934 2223 1990; x_wconf 73' lang='lat' dir='ltr'><strong>aleae</strong></span> 
     </span>
    </p>
   </div>
   <div class='ocr_carea' id='block_1_35' title="bbox 621 2024 2222 2095">
    <p class='ocr_par' dir='ltr' id='par_1_35' title="bbox 621 2024 2222 2095">
     <span class='ocr_line' id='line_1_35' title="bbox 621 2024 2222 2095; baseline -0.001 -15"><span class='ocrx_word' id='word_1_269' title='bbox 621 2024 772 2090; x_wconf 87' lang='lat' dir='ltr'><strong>dico;</strong></span> <span class='ocrx_word' id='word_1_270' title='bbox 814 2027 903 2081; x_wconf 91' lang='lat' dir='ltr'><strong>ubi</strong></span> <span class='ocrx_word' id='word_1_271' title='bbox 942 2025 1247 2092; x_wconf 89' lang='lat' dir='ltr'><strong>dementia,</strong></span> <span class='ocrx_word' id='word_1_272' title='bbox 1292 2036 1344 2080; x_wconf 92' lang='lat' dir='ltr'><strong>et</strong></span> <span class='ocrx_word' id='word_1_273' title='bbox 1377 2025 1544 2089; x_wconf 84' lang='lat' dir='ltr'><strong>furia,</strong></span> <span class='ocrx_word' id='word_1_274' title='bbox 1592 2034 1646 2080; x_wconf 92' lang='lat' dir='ltr'><strong>et</strong></span> <span class='ocrx_word' id='word_1_275' title='bbox 1675 2025 1862 2080; x_wconf 83' lang='lat' dir='ltr'><strong>venale</strong></span> <span class='ocrx_word' id='word_1_276' title='bbox 1895 2025 2222 2095; x_wconf 74' lang='lat' dir='ltr'><strong>periurium,</strong></span> 
     </span>
    </p>
   </div>
   <div class='ocr_carea' id='block_1_36' title="bbox 622 2117 2226 2188">
    <p class='ocr_par' dir='ltr' id='par_1_36' title="bbox 622 2117 2226 2188">
     <span class='ocr_line' id='line_1_36' title="bbox 622 2117 2226 2188; baseline 0.001 -16"><span class='ocrx_word' id='word_1_277' title='bbox 622 2117 908 2188; x_wconf 88' lang='lat' dir='ltr'><strong>imperium</strong></span> <span class='ocrx_word' id='word_1_278' title='bbox 953 2127 1010 2174; x_wconf 91' lang='lat' dir='ltr'><strong>et</strong></span> <span class='ocrx_word' id='word_1_279' title='bbox 1049 2117 1379 2188; x_wconf 89' lang='lat' dir='ltr'><strong>colloquium</strong></span> <span class='ocrx_word' id='word_1_280' title='bbox 1427 2117 1814 2187; x_wconf 91' lang='lat' dir='ltr'><strong>serpentinum.</strong></span> <span class='ocrx_word' id='word_1_281' title='bbox 1863 2117 1973 2172; x_wconf 92' lang='lat' dir='ltr'><strong>Illic</strong></span> <span class='ocrx_word' id='word_1_282' title='bbox 2015 2117 2226 2173; x_wconf 84' lang='lat' dir='ltr'><strong>rabiosa</strong></span> 
     </span>
    </p>
   </div>
   <div class='ocr_carea' id='block_1_37' title="bbox 621 2208 2220 2274">
    <p class='ocr_par' dir='ltr' id='par_1_37' title="bbox 621 2208 2220 2274">
     <span class='ocr_line' id='line_1_37' title="bbox 621 2208 2220 2274; baseline 0 -8"><span class='ocrx_word' id='word_1_283' title='bbox 621 2212 876 2274; x_wconf 86' lang='lat' dir='ltr'><strong>amicitia,</strong></span> <span class='ocrx_word' id='word_1_284' title='bbox 921 2211 1029 2266; x_wconf 91' lang='lat' dir='ltr'><strong>illic</strong></span> <span class='ocrx_word' id='word_1_285' title='bbox 1068 2211 1391 2266; x_wconf 85' lang='lat' dir='ltr'><strong>atrocissimi</strong></span> <span class='ocrx_word' id='word_1_286' title='bbox 1436 2210 1659 2266; x_wconf 89' lang='lat' dir='ltr'><strong>sceleris</strong></span> <span class='ocrx_word' id='word_1_287' title='bbox 1721 2209 2031 2265; x_wconf 82' lang='lat' dir='ltr'><strong>fraternitas</strong></span> <span class='ocrx_word' id='word_1_288' title='bbox 2059 2208 2220 2266; x_wconf 65' lang='lat' dir='ltr'><strong>hdiso</strong></span> 
     </span>
    </p>
   </div>
   <div class='ocr_carea' id='block_1_38' title="bbox 621 2303 2228 2372">
    <p class='ocr_par' dir='ltr' id='par_1_38' title="bbox 621 2303 2228 2372">
     <span class='ocr_line' id='line_1_38' title="bbox 621 2303 2228 2372; baseline -0.001 -12"><span class='ocrx_word' id='word_1_289' title='bbox 621 2305 852 2360; x_wconf 89' lang='lat' dir='ltr'><strong>cordans</strong></span> <span class='ocrx_word' id='word_1_290' title='bbox 872 2347 888 2372; x_wconf 93' lang='lat'><strong>,</strong></span> <span class='ocrx_word' id='word_1_291' title='bbox 921 2305 1027 2359; x_wconf 92' lang='lat' dir='ltr'><strong>illic</strong></span> <span class='ocrx_word' id='word_1_292' title='bbox 1053 2305 1291 2359; x_wconf 88' lang='lat' dir='ltr'><strong>convicia</strong></span> <span class='ocrx_word' id='word_1_293' title='bbox 1323 2314 1375 2358; x_wconf 90' lang='lat' dir='ltr'><strong>et</strong></span> <span class='ocrx_word' id='word_1_294' title='bbox 1406 2303 1630 2359; x_wconf 87' lang='lat' dir='ltr'><strong>audacia</strong></span> <span class='ocrx_word' id='word_1_295' title='bbox 1659 2318 1838 2369; x_wconf 83' lang='lat' dir='ltr'><strong>s:eva,</strong></span> <span class='ocrx_word' id='word_1_296' title='bbox 1867 2315 1921 2358; x_wconf 91' lang='lat' dir='ltr'><strong>et</strong></span> <span class='ocrx_word' id='word_1_297' title='bbox 1950 2318 2102 2359; x_wconf 90' lang='lat' dir='ltr'><strong>mens</strong></span> <span class='ocrx_word' id='word_1_298' title='bbox 2148 2305 2228 2358; x_wconf 89' lang='lat' dir='ltr'><strong>in-</strong></span> 
     </span>
    </p>
   </div>
   <div class='ocr_carea' id='block_1_39' title="bbox 623 2397 2228 2467">
    <p class='ocr_par' dir='ltr' id='par_1_39' title="bbox 623 2397 2228 2467">
     <span class='ocr_line' id='line_1_39' title="bbox 623 2397 2228 2467; baseline 0 -13"><span class='ocrx_word' id='word_1_299' title='bbox 623 2413 788 2466; x_wconf 86' lang='lat' dir='ltr'><strong>sana,</strong></span> <span class='ocrx_word' id='word_1_300' title='bbox 835 2409 889 2454; x_wconf 91' lang='lat' dir='ltr'><strong>et</strong></span> <span class='ocrx_word' id='word_1_301' title='bbox 926 2399 1037 2455; x_wconf 85' lang='lat' dir='ltr'><strong>fera</strong></span> <span class='ocrx_word' id='word_1_302' title='bbox 1070 2398 1422 2467; x_wconf 87' lang='lat' dir='ltr'><strong>impatientia.</strong></span> <span class='ocrx_word' id='word_1_303' title='bbox 1473 2398 1620 2452; x_wconf 78' lang='lat' dir='ltr'><strong>Alea:</strong></span> <span class='ocrx_word' id='word_1_304' title='bbox 1667 2398 1898 2452; x_wconf 86' lang='lat' dir='ltr'><strong>tabulam</strong></span> <span class='ocrx_word' id='word_1_305' title='bbox 1939 2397 2097 2464; x_wconf 84' lang='lat' dir='ltr'><strong>dico;</strong></span> <span class='ocrx_word' id='word_1_306' title='bbox 2138 2397 2228 2454; x_wconf 91' lang='lat' dir='ltr'><strong>ubi</strong></span> 
     </span>
    </p>
   </div>
   <div class='ocr_carea' id='block_1_40' title="bbox 623 2495 2220 2570">
    <p class='ocr_par' dir='ltr' id='par_1_40' title="bbox 623 2495 2220 2570">
     <span class='ocr_line' id='line_1_40' title="bbox 623 2495 2220 2570; baseline -0.003 -15"><span class='ocrx_word' id='word_1_307' title='bbox 623 2500 1025 2570; x_wconf 81' lang='lat' dir='ltr'><strong>possessionum</strong></span> <span class='ocrx_word' id='word_1_308' title='bbox 1072 2498 1331 2563; x_wconf 64' lang='lat' dir='ltr'><strong>amissio,</strong></span> <span class='ocrx_word' id='word_1_309' title='bbox 1380 2505 1435 2552; x_wconf 92' lang='lat' dir='ltr'><strong>ct</strong></span> <span class='ocrx_word' id='word_1_310' title='bbox 1479 2496 1826 2566; x_wconf 89' lang='lat' dir='ltr'><strong>pecuniarum</strong></span> <span class='ocrx_word' id='word_1_311' title='bbox 1877 2495 2220 2566; x_wconf 77' lang='lat' dir='ltr'><strong>ingentiumi</strong></span> 
     </span>
    </p>
   </div>
   <div class='ocr_carea' id='block_1_41' title="bbox 624 2586 2230 2662">
    <p class='ocr_par' dir='ltr' id='par_1_41' title="bbox 624 2586 2230 2662">
     <span class='ocr_line' id='line_1_41' title="bbox 624 2586 2230 2662; baseline -0.002 -16"><span class='ocrx_word' id='word_1_312' title='bbox 624 2590 876 2662; x_wconf 92' lang='lat' dir='ltr'><strong>perditio,</strong></span> <span class='ocrx_word' id='word_1_313' title='bbox 903 2599 1223 2655; x_wconf 80' lang='lat' dir='ltr'><strong>monstrum,</strong></span> <span class='ocrx_word' id='word_1_314' title='bbox 1251 2598 1304 2645; x_wconf 90' lang='lat' dir='ltr'><strong>et</strong></span> <span class='ocrx_word' id='word_1_315' title='bbox 1329 2589 1707 2645; x_wconf 86' lang='lat' dir='ltr'><strong>demonstrans</strong></span> <span class='ocrx_word' id='word_1_316' title='bbox 1736 2587 2046 2658; x_wconf 83' lang='lat' dir='ltr'><strong>litigiosum,</strong></span> <span class='ocrx_word' id='word_1_317' title='bbox 2076 2586 2230 2642; x_wconf 82' lang='lat' dir='ltr'><strong>furax</strong></span> 
     </span>
    </p>
   </div>
   <div class='ocr_carea' id='block_1_42' title="bbox 626 2684 922 2741">
    <p class='ocr_par' dir='ltr' id='par_1_42' title="bbox 626 2684 922 2741">
     <span class='ocr_line' id='line_1_42' title="bbox 626 2684 922 2741; baseline -0.003 -2"><span class='ocrx_word' id='word_1_318' title='bbox 626 2684 922 2741; x_wconf 88' lang='lat' dir='ltr'><strong>dementia.</strong></span> 
     </span>
    </p>
   </div>
   <div class='ocr_carea' id='block_1_43' title="bbox 699 2773 2232 2845">
    <p class='ocr_par' dir='ltr' id='par_1_43' title="bbox 699 2773 2232 2845">
     <span class='ocr_line' id='line_1_43' title="bbox 699 2773 2232 2845; baseline -0.004 -11"><span class='ocrx_word' id='word_1_319' title='bbox 699 2779 812 2834; x_wconf 80' lang='lat' dir='ltr'><strong>VII.</strong></span> <span class='ocrx_word' id='word_1_320' title='bbox 836 2779 880 2834; x_wconf 93' lang='grc' dir='ltr'>Ο</span> <span class='ocrx_word' id='word_1_321' title='bbox 906 2778 1200 2833; x_wconf 87' lang='lat' dir='ltr'><strong>aleatorum</strong></span> <span class='ocrx_word' id='word_1_322' title='bbox 1228 2775 1408 2841; x_wconf 74' lang='lat' dir='ltr'><strong>noxia,</strong></span> <span class='ocrx_word' id='word_1_323' title='bbox 1440 2774 1762 2840; x_wconf 87' lang='lat' dir='ltr'><strong>sedentaria,</strong></span> <span class='ocrx_word' id='word_1_324' title='bbox 1792 2785 1843 2829; x_wconf 90' lang='lat' dir='ltr'><strong>et</strong></span> <span class='ocrx_word' id='word_1_325' title='bbox 1876 2775 2020 2845; x_wconf 87' lang='lat' dir='ltr'><strong>pigra</strong></span> <span class='ocrx_word' id='word_1_326' title='bbox 2046 2773 2232 2843; x_wconf 89' lang='lat' dir='ltr'><strong>nequi-</strong></span> 
     </span>
    </p>
   </div>
   <div class='ocr_carea' id='block_1_44' title="bbox 626 2867 2228 2938">
    <p class='ocr_par' dir='ltr' id='par_1_44' title="bbox 626 2867 2228 2938">
     <span class='ocr_line' id='line_1_44' title="bbox 626 2867 2228 2938; baseline -0.007 -10"><span class='ocrx_word' id='word_1_327' title='bbox 626 2873 728 2928; x_wconf 87' lang='lat' dir='ltr'><strong>tia!</strong></span> <span class='ocrx_word' id='word_1_328' title='bbox 765 2871 810 2927; x_wconf 91' lang='grc' dir='ltr'><strong>Ο</strong></span> <span class='ocrx_word' id='word_1_329' title='bbox 843 2886 1030 2926; x_wconf 90' lang='lat' dir='ltr'><strong>manus</strong></span> <span class='ocrx_word' id='word_1_330' title='bbox 1053 2869 1322 2932; x_wconf 89' lang='lat' dir='ltr'><strong>crudeles,</strong></span> <span class='ocrx_word' id='word_1_331' title='bbox 1353 2878 1406 2923; x_wconf 90' lang='lat' dir='ltr'><strong>et</strong></span> <span class='ocrx_word' id='word_1_332' title='bbox 1433 2869 1498 2922; x_wconf 88' lang='lat' dir='ltr'><strong>ad</strong></span> <span class='ocrx_word' id='word_1_333' title='bbox 1532 2867 1826 2938; x_wconf 89' lang='lat' dir='ltr'><strong>periculum</strong></span> <span class='ocrx_word' id='word_1_334' title='bbox 1865 2868 1946 2921; x_wconf 89' lang='lat' dir='ltr'><strong>sui</strong></span> <span class='ocrx_word' id='word_1_335' title='bbox 1983 2877 2228 2932; x_wconf 71' lang='lat' dir='ltr'><strong>armatm,</strong></span> 
     </span>
    </p>
   </div>
   <div class='ocr_carea' id='block_1_45' title="bbox 626 2961 2232 3036">
    <p class='ocr_par' dir='ltr' id='par_1_45' title="bbox 626 2961 2232 3036">
     <span class='ocr_line' id='line_1_45' title="bbox 626 2961 2232 3036; baseline -0.002 -17"><span class='ocrx_word' id='word_1_336' title='bbox 626 2980 745 3036; x_wconf 81' lang='lat' dir='ltr'><strong>quze</strong></span> <span class='ocrx_word' id='word_1_337' title='bbox 785 2965 921 3020; x_wconf 88' lang='lat' dir='ltr'><strong>bona</strong></span> <span class='ocrx_word' id='word_1_338' title='bbox 969 2973 1186 3034; x_wconf 88' lang='lat' dir='ltr'><strong>paterna</strong></span> <span class='ocrx_word' id='word_1_339' title='bbox 1233 2971 1287 3016; x_wconf 88' lang='lat' dir='ltr'><strong>et</strong></span> <span class='ocrx_word' id='word_1_340' title='bbox 1323 2975 1454 3032; x_wconf 81' lang='lat' dir='ltr'><strong>opes</strong></span> <span class='ocrx_word' id='word_1_341' title='bbox 1497 2976 1715 3016; x_wconf 83' lang='lat' dir='ltr'><strong>avorum</strong></span> <span class='ocrx_word' id='word_1_342' title='bbox 1757 2961 1955 3015; x_wconf 89' lang='lat' dir='ltr'><strong>sudore</strong></span> <span class='ocrx_word' id='word_1_343' title='bbox 1980 2961 2232 3032; x_wconf 72' lang='grc' dir='ltr'><strong>(ιιιίιιείιτιε</strong></span> 
     </span>
    </p>
   </div>
   <div class='ocr_carea' id='block_1_46' title="bbox 627 3055 2233 3129">
    <p class='ocr_par' dir='ltr' id='par_1_46' title="bbox 627 3055 2233 3129">
     <span class='ocr_line' id='line_1_46' title="bbox 627 3055 2233 3129; baseline -0.002 -16"><span class='ocrx_word' id='word_1_344' title='bbox 627 3058 986 3129; x_wconf 90' lang='lat' dir='ltr'><strong>ignominioso</strong></span> <span class='ocrx_word' id='word_1_345' title='bbox 1017 3056 1193 3111; x_wconf 89' lang='lat' dir='ltr'><strong>studio</strong></span> <span class='ocrx_word' id='word_1_346' title='bbox 1220 3055 1516 3125; x_wconf 87' lang='lat' dir='ltr'><strong>dilapidant</strong></span> <span class='ocrx_word' id='word_1_347' title='bbox 1551 3074 1564 3109; x_wconf 90' lang='lat'><strong>:</strong></span> <span class='ocrx_word' id='word_1_348' title='bbox 1595 3070 1787 3110; x_wconf 91' lang='lat' dir='ltr'><strong>manus</strong></span> <span class='ocrx_word' id='word_1_349' title='bbox 1818 3064 1956 3117; x_wconf 76' lang='lat' dir='ltr'><strong>trux,</strong></span> <span class='ocrx_word' id='word_1_350' title='bbox 1993 3055 2151 3110; x_wconf 81' lang='lat' dir='ltr'><strong>noxia</strong></span> <span class='ocrx_word' id='word_1_351' title='bbox 2179 3064 2233 3110; x_wconf 91' lang='lat' dir='ltr'><strong>et</strong></span> 
     </span>
    </p>
   </div>
   <div class='ocr_carea' id='block_1_47' title="bbox 629 3148 2231 3219">
    <p class='ocr_par' dir='ltr' id='par_1_47' title="bbox 629 3148 2231 3219">
     <span class='ocr_line' id='line_1_47' title="bbox 629 3148 2231 3219; baseline -0.003 -14"><span class='ocrx_word' id='word_1_352' title='bbox 629 3150 886 3205; x_wconf 66' lang='lat' dir='ltr'><strong>insomnis</strong></span> <span class='ocrx_word' id='word_1_353' title='bbox 911 3160 1068 3204; x_wconf 92' lang='lat' dir='ltr'><strong>nocte</strong></span> <span class='ocrx_word' id='word_1_354' title='bbox 1090 3150 1284 3219; x_wconf 90' lang='lat' dir='ltr'><strong>dieque</strong></span> <span class='ocrx_word' id='word_1_355' title='bbox 1305 3148 1573 3204; x_wconf 90' lang='lat' dir='ltr'><strong>continuis</strong></span> <span class='ocrx_word' id='word_1_356' title='bbox 1601 3148 2078 3202; x_wconf 90' lang='lat' dir='ltr'><strong>instrumentorum</strong></span> <span class='ocrx_word' id='word_1_357' title='bbox 2106 3164 2231 3202; x_wconf 87' lang='lat' dir='ltr'><strong>suo-</strong></span> 
     </span>
    </p>
   </div>
   <div class='ocr_carea' id='block_1_48' title="bbox 2328 1937 3945 2008">
    <p class='ocr_par' dir='ltr' id='par_1_48' title="bbox 2328 1937 3945 2008">
     <span class='ocr_line' id='line_1_48' title="bbox 2328 1937 3945 2008; baseline 0.001 -16"><span class='ocrx_word' id='word_1_358' title='bbox 2328 1952 2454 1992; x_wconf 91' lang='lat' dir='ltr'><strong>num</strong></span> <span class='ocrx_word' id='word_1_359' title='bbox 2481 1938 2683 1992; x_wconf 89' lang='lat' dir='ltr'><strong>crimen</strong></span> <span class='ocrx_word' id='word_1_360' title='bbox 2703 1938 3010 1992; x_wconf 84' lang='lat' dir='ltr'><strong>admittunt.</strong></span> <span class='ocrx_word' id='word_1_361' title='bbox 3039 1937 3134 1992; x_wconf 92' lang='lat' dir='ltr'><strong>llic</strong></span> <span class='ocrx_word' id='word_1_362' title='bbox 3151 1946 3441 2008; x_wconf 90' lang='lat' dir='ltr'><strong>concrepat</strong></span> <span class='ocrx_word' id='word_1_363' title='bbox 3464 1939 3590 1993; x_wconf 72' lang='lat' dir='ltr'><strong>alea!</strong></span> <span class='ocrx_word' id='word_1_364' title='bbox 3605 1952 3794 2006; x_wconf 83' lang='lat' dir='ltr'><strong>sonus,</strong></span> <span class='ocrx_word' id='word_1_365' title='bbox 3824 1939 3945 1994; x_wconf 90' lang='lat' dir='ltr'><strong>illic</strong></span> 
     </span>
    </p>
   </div>
   <div class='ocr_carea' id='block_1_49' title="bbox 2330 2029 3944 2102">
    <p class='ocr_par' dir='ltr' id='par_1_49' title="bbox 2330 2029 3944 2102">
     <span class='ocr_line' id='line_1_49' title="bbox 2330 2029 3944 2102; baseline 0.002 -19"><span class='ocrx_word' id='word_1_366' title='bbox 2330 2029 2543 2085; x_wconf 80' lang='lat' dir='ltr'><strong>silentio</strong></span> <span class='ocrx_word' id='word_1_367' title='bbox 2569 2043 2824 2100; x_wconf 78' lang='lat' dir='ltr'><strong>oneratur</strong></span> <span class='ocrx_word' id='word_1_368' title='bbox 2845 2031 3080 2086; x_wconf 88' lang='lat' dir='ltr'><strong>incestus</strong></span> <span class='ocrx_word' id='word_1_369' title='bbox 3107 2049 3118 2083; x_wconf 91' lang='lat'>:</span> <span class='ocrx_word' id='word_1_370' title='bbox 3150 2031 3236 2085; x_wconf 89' lang='lat' dir='ltr'><strong>hic</strong></span> <span class='ocrx_word' id='word_1_371' title='bbox 3257 2031 3373 2086; x_wconf 87' lang='lat' dir='ltr'><strong>sine</strong></span> <span class='ocrx_word' id='word_1_372' title='bbox 3394 2031 3502 2086; x_wconf 90' lang='lat' dir='ltr'><strong>ullo</strong></span> <span class='ocrx_word' id='word_1_373' title='bbox 3521 2031 3797 2102; x_wconf 84' lang='lat' dir='ltr'><strong>dignitatis</strong></span> <span class='ocrx_word' id='word_1_374' title='bbox 3822 2049 3944 2086; x_wconf 75' lang='lat' dir='ltr'><strong>sine</strong></span> 
     </span>
    </p>
   </div>
   <div class='ocr_carea' id='block_1_50' title="bbox 2329 2123 3940 2195">
    <p class='ocr_par' dir='ltr' id='par_1_50' title="bbox 2329 2123 3940 2195">
     <span class='ocr_line' id='line_1_50' title="bbox 2329 2123 3940 2195; baseline 0.001 -17"><span class='ocrx_word' id='word_1_375' title='bbox 2329 2133 2600 2192; x_wconf 87' lang='lat' dir='ltr'><strong>respectu,</strong></span> <span class='ocrx_word' id='word_1_376' title='bbox 2640 2123 2756 2179; x_wconf 91' lang='lat' dir='ltr'><strong>sine</strong></span> <span class='ocrx_word' id='word_1_377' title='bbox 2795 2123 2900 2178; x_wconf 92' lang='lat' dir='ltr'><strong>ulla</strong></span> <span class='ocrx_word' id='word_1_378' title='bbox 2938 2125 3306 2190; x_wconf 81' lang='lat' dir='ltr'><strong>excusatiOnc,</strong></span> <span class='ocrx_word' id='word_1_379' title='bbox 3355 2125 3603 2195; x_wconf 91' lang='lat' dir='ltr'><strong>pestifero</strong></span> <span class='ocrx_word' id='word_1_380' title='bbox 3633 2125 3816 2180; x_wconf 88' lang='lat' dir='ltr'><strong>studio</strong></span> <span class='ocrx_word' id='word_1_381' title='bbox 3843 2143 3940 2181; x_wconf 78' lang='lat' dir='ltr'><strong>cc-</strong></span> 
     </span>
    </p>
   </div>
   <div class='ocr_carea' id='block_1_51' title="bbox 2331 2216 3941 2289">
    <p class='ocr_par' dir='ltr' id='par_1_51' title="bbox 2331 2216 3941 2289">
     <span class='ocr_line' id='line_1_51' title="bbox 2331 2216 3941 2289; baseline 0.002 -17"><span class='ocrx_word' id='word_1_382' title='bbox 2331 2216 2460 2272; x_wconf 90' lang='lat' dir='ltr'><strong>dere</strong></span> <span class='ocrx_word' id='word_1_383' title='bbox 2478 2217 2633 2273; x_wconf 89' lang='lat' dir='ltr'><strong>bonis</strong></span> <span class='ocrx_word' id='word_1_384' title='bbox 2659 2219 2770 2273; x_wconf 90' lang='lat' dir='ltr'><strong>suis</strong></span> <span class='ocrx_word' id='word_1_385' title='bbox 2791 2218 3027 2289; x_wconf 86' lang='lat' dir='ltr'><strong>cogitur;</strong></span> <span class='ocrx_word' id='word_1_386' title='bbox 3059 2219 3167 2274; x_wconf 90' lang='lat' dir='ltr'><strong>illic</strong></span> <span class='ocrx_word' id='word_1_387' title='bbox 3188 2230 3399 2274; x_wconf 83' lang='lat' dir='ltr'><strong>secreto</strong></span> <span class='ocrx_word' id='word_1_388' title='bbox 3425 2219 3650 2274; x_wconf 90' lang='lat' dir='ltr'><strong>mortale</strong></span> <span class='ocrx_word' id='word_1_389' title='bbox 3668 2235 3941 2276; x_wconf 87' lang='lat' dir='ltr'><strong>venenum</strong></span> 
     </span>
    </p>
   </div>
   <div class='ocr_carea' id='block_1_52' title="bbox 2332 2311 3940 2382">
    <p class='ocr_par' dir='ltr' id='par_1_52' title="bbox 2332 2311 3940 2382">
     <span class='ocr_line' id='line_1_52' title="bbox 2332 2311 3940 2382; baseline 0.001 -15"><span class='ocrx_word' id='word_1_390' title='bbox 2332 2311 2551 2368; x_wconf 88' lang='lat' dir='ltr'><strong>bibitur.</strong></span> <span class='ocrx_word' id='word_1_391' title='bbox 2573 2311 2727 2368; x_wconf 90' lang='lat' dir='ltr'><strong>Unde</strong></span> <span class='ocrx_word' id='word_1_392' title='bbox 2755 2313 2870 2367; x_wconf 77' lang='lat' dir='ltr'><strong>lucc</strong></span> <span class='ocrx_word' id='word_1_393' title='bbox 2899 2312 3173 2382; x_wconf 78' lang='lat' dir='ltr'><strong>sacrilegia</strong></span> <span class='ocrx_word' id='word_1_394' title='bbox 3208 2313 3508 2377; x_wconf 89' lang='lat' dir='ltr'><strong>meditatio,</strong></span> <span class='ocrx_word' id='word_1_395' title='bbox 3533 2313 3672 2368; x_wconf 92' lang='lat' dir='ltr'><strong>unde</strong></span> <span class='ocrx_word' id='word_1_396' title='bbox 3699 2313 3801 2368; x_wconf 89' lang='lat' dir='ltr'><strong>hoc</strong></span> <span class='ocrx_word' id='word_1_397' title='bbox 3829 2330 3874 2369; x_wconf 87' lang='lat' dir='ltr'><strong>Cl</strong></span> <span class='ocrx_word' id='word_1_398' title='bbox 3895 2316 3940 2368; x_wconf 82' lang='lat' dir='ltr'><strong>i-</strong></span> 
     </span>
    </p>
   </div>
   <div class='ocr_carea' id='block_1_53' title="bbox 2333 2405 3940 2474">
    <p class='ocr_par' dir='ltr' id='par_1_53' title="bbox 2333 2405 3940 2474">
     <span class='ocr_line' id='line_1_53' title="bbox 2333 2405 3940 2474; baseline 0 -14"><span class='ocrx_word' id='word_1_399' title='bbox 2333 2421 2479 2470; x_wconf 86' lang='lat' dir='ltr'><strong>men,</strong></span> <span class='ocrx_word' id='word_1_400' title='bbox 2513 2414 2792 2459; x_wconf 88' lang='lat' dir='ltr'><strong>auctorum</strong></span> <span class='ocrx_word' id='word_1_401' title='bbox 2827 2405 3133 2460; x_wconf 90' lang='lat' dir='ltr'><strong>testimonio</strong></span> <span class='ocrx_word' id='word_1_402' title='bbox 3156 2405 3606 2474; x_wconf 90' lang='lat' dir='ltr'><strong>comprobamus?</strong></span> <span class='ocrx_word' id='word_1_403' title='bbox 3631 2405 3767 2460; x_wconf 85' lang='lat' dir='ltr'><strong>Cum</strong></span> <span class='ocrx_word' id='word_1_404' title='bbox 3794 2409 3940 2460; x_wconf 81' lang='lat' dir='ltr'><strong>enim</strong></span> 
     </span>
    </p>
   </div>
   <div class='ocr_carea' id='block_1_54' title="bbox 2334 2497 3932 2567">
    <p class='ocr_par' dir='ltr' id='par_1_54' title="bbox 2334 2497 3932 2567">
     <span class='ocr_line' id='line_1_54' title="bbox 2334 2497 3932 2567; baseline 0.003 -17"><span class='ocrx_word' id='word_1_405' title='bbox 2334 2497 2548 2567; x_wconf 92' lang='lat' dir='ltr'><strong>quidam</strong></span> <span class='ocrx_word' id='word_1_406' title='bbox 2577 2497 2755 2552; x_wconf 88' lang='lat' dir='ltr'><strong>studio</strong></span> <span class='ocrx_word' id='word_1_407' title='bbox 2785 2497 3080 2552; x_wconf 86' lang='lat' dir='ltr'><strong>litterarum</strong></span> <span class='ocrx_word' id='word_1_408' title='bbox 3109 2497 3244 2552; x_wconf 89' lang='lat' dir='ltr'><strong>bene</strong></span> <span class='ocrx_word' id='word_1_409' title='bbox 3269 2497 3533 2564; x_wconf 89' lang='lat' dir='ltr'><strong>eruditus,</strong></span> <span class='ocrx_word' id='word_1_410' title='bbox 3564 2499 3791 2554; x_wconf 88' lang='lat' dir='ltr'><strong>multum</strong></span> <span class='ocrx_word' id='word_1_411' title='bbox 3820 2516 3932 2554; x_wconf 84' lang='lat' dir='ltr'><strong>mc-</strong></span> 
     </span>
    </p>
   </div>
   <div class='ocr_carea' id='block_1_55' title="bbox 2332 2590 3936 2662">
    <p class='ocr_par' dir='ltr' id='par_1_55' title="bbox 2332 2590 3936 2662">
     <span class='ocr_line' id='line_1_55' title="bbox 2332 2590 3936 2662; baseline 0.002 -18"><span class='ocrx_word' id='word_1_412' title='bbox 2332 2591 2552 2645; x_wconf 90' lang='lat' dir='ltr'><strong>ditando</strong></span> <span class='ocrx_word' id='word_1_413' title='bbox 2599 2590 2761 2646; x_wconf 83' lang='lat' dir='ltr'><strong>hocIll</strong></span> <span class='ocrx_word' id='word_1_414' title='bbox 2795 2591 2990 2646; x_wconf 91' lang='lat' dir='ltr'><strong>malum</strong></span> <span class='ocrx_word' id='word_1_415' title='bbox 3035 2602 3089 2645; x_wconf 92' lang='lat' dir='ltr'><strong>et</strong></span> <span class='ocrx_word' id='word_1_416' title='bbox 3137 2600 3245 2645; x_wconf 91' lang='lat' dir='ltr'><strong>tam</strong></span> <span class='ocrx_word' id='word_1_417' title='bbox 3290 2592 3650 2662; x_wconf 88' lang='lat' dir='ltr'><strong>perniciosmn</strong></span> <span class='ocrx_word' id='word_1_418' title='bbox 3701 2594 3936 2648; x_wconf 85' lang='lat' dir='ltr'><strong>studium</strong></span> 
     </span>
    </p>
   </div>
   <div class='ocr_carea' id='block_1_56' title="bbox 2332 2684 3941 2758">
    <p class='ocr_par' dir='ltr' id='par_1_56' title="bbox 2332 2684 3941 2758">
     <span class='ocr_line' id='line_1_56' title="bbox 2332 2684 3941 2758; baseline 0.004 -20"><span class='ocrx_word' id='word_1_419' title='bbox 2332 2684 2642 2748; x_wconf 86' lang='lat' dir='ltr'><strong>adinvcnit,</strong></span> <span class='ocrx_word' id='word_1_420' title='bbox 2699 2685 2950 2739; x_wconf 89' lang='lat' dir='ltr'><strong>instinctu</strong></span> <span class='ocrx_word' id='word_1_421' title='bbox 2999 2685 3167 2741; x_wconf 88' lang='lat' dir='ltr'><strong>solius</strong></span> <span class='ocrx_word' id='word_1_422' title='bbox 3209 2685 3438 2751; x_wconf 89' lang='lat' dir='ltr'><strong>Zabuli,</strong></span> <span class='ocrx_word' id='word_1_423' title='bbox 3491 2688 3580 2758; x_wconf 91' lang='lat' dir='ltr'><strong>qui</strong></span> <span class='ocrx_word' id='word_1_424' title='bbox 3635 2705 3756 2743; x_wconf 92' lang='lat' dir='ltr'><strong>eum</strong></span> <span class='ocrx_word' id='word_1_425' title='bbox 3807 2693 3941 2745; x_wconf 85' lang='lat' dir='ltr'><strong>arti-</strong></span> 
     </span>
    </p>
   </div>
   <div class='ocr_carea' id='block_1_57' title="bbox 2333 2774 3936 2851">
    <p class='ocr_par' dir='ltr' id='par_1_57' title="bbox 2333 2774 3936 2851">
     <span class='ocr_line' id='line_1_57' title="bbox 2333 2774 3936 2851; baseline 0.004 -21"><span class='ocrx_word' id='word_1_426' title='bbox 2333 2774 2432 2830; x_wconf 89' lang='lat' dir='ltr'><strong>bus</strong></span> <span class='ocrx_word' id='word_1_427' title='bbox 2458 2777 2568 2829; x_wconf 85' lang='lat' dir='ltr'><strong>suis</strong></span> <span class='ocrx_word' id='word_1_428' title='bbox 2595 2776 2931 2844; x_wconf 87' lang='lat' dir='ltr'><strong>repleverat;</strong></span> <span class='ocrx_word' id='word_1_429' title='bbox 2967 2775 3104 2830; x_wconf 89' lang='lat' dir='ltr'><strong>hanc</strong></span> <span class='ocrx_word' id='word_1_430' title='bbox 3130 2791 3258 2846; x_wconf 88' lang='lat' dir='ltr'><strong>ergo</strong></span> <span class='ocrx_word' id='word_1_431' title='bbox 3284 2785 3463 2831; x_wconf 90' lang='lat' dir='ltr'><strong>autem</strong></span> <span class='ocrx_word' id='word_1_432' title='bbox 3495 2779 3744 2845; x_wconf 87' lang='lat' dir='ltr'><strong>ostendit,</strong></span> <span class='ocrx_word' id='word_1_433' title='bbox 3771 2797 3936 2851; x_wconf 88' lang='lat' dir='ltr'><strong>quam</strong></span> 
     </span>
    </p>
   </div>
   <div class='ocr_carea' id='block_1_58' title="bbox 2335 2867 3936 2942">
    <p class='ocr_par' dir='ltr' id='par_1_58' title="bbox 2335 2867 3936 2942">
     <span class='ocr_line' id='line_1_58' title="bbox 2335 2867 3936 2942; baseline 0.004 -20"><span class='ocrx_word' id='word_1_434' title='bbox 2335 2876 2388 2922; x_wconf 91' lang='lat' dir='ltr'><strong>ct</strong></span> <span class='ocrx_word' id='word_1_435' title='bbox 2426 2867 2704 2922; x_wconf 86' lang='lat' dir='ltr'><strong>eolcndam</strong></span> <span class='ocrx_word' id='word_1_436' title='bbox 2743 2869 3035 2938; x_wconf 90' lang='lat' dir='ltr'><strong>sculpturis</strong></span> <span class='ocrx_word' id='word_1_437' title='bbox 3075 2884 3195 2923; x_wconf 91' lang='lat' dir='ltr'><strong>cum</strong></span> <span class='ocrx_word' id='word_1_438' title='bbox 3232 2884 3328 2923; x_wconf 87' lang='lat' dir='ltr'><strong>sua</strong></span> <span class='ocrx_word' id='word_1_439' title='bbox 3375 2869 3606 2942; x_wconf 85' lang='lat' dir='ltr'><strong>imagine</strong></span> <span class='ocrx_word' id='word_1_440' title='bbox 3636 2872 3936 2929; x_wconf 81' lang='lat' dir='ltr'><strong>fabricavit.</strong></span> 
     </span>
    </p>
   </div>
   <div class='ocr_carea' id='block_1_59' title="bbox 2335 2960 3938 3032">
    <p class='ocr_par' dir='ltr' id='par_1_59' title="bbox 2335 2960 3938 3032">
     <span class='ocr_line' id='line_1_59' title="bbox 2335 2960 3938 3032; baseline 0.004 -17"><span class='ocrx_word' id='word_1_441' title='bbox 2335 2960 2534 3015; x_wconf 84' lang='lat' dir='ltr'><strong>Statuit</strong></span> <span class='ocrx_word' id='word_1_442' title='bbox 2560 2961 2740 3032; x_wconf 89' lang='lat' dir='ltr'><strong>itaque</strong></span> <span class='ocrx_word' id='word_1_443' title='bbox 2769 2963 3052 3032; x_wconf 83' lang='lat' dir='ltr'><strong>imaginem</strong></span> <span class='ocrx_word' id='word_1_444' title='bbox 3080 2978 3230 3018; x_wconf 89' lang='lat' dir='ltr'><strong>suam</strong></span> <span class='ocrx_word' id='word_1_445' title='bbox 3261 2979 3382 3017; x_wconf 88' lang='lat' dir='ltr'><strong>cum</strong></span> <span class='ocrx_word' id='word_1_446' title='bbox 3415 2967 3646 3020; x_wconf 87' lang='lat' dir='ltr'><strong>nominis</strong></span> <span class='ocrx_word' id='word_1_447' title='bbox 3677 2969 3757 3022; x_wconf 91' lang='lat' dir='ltr'><strong>sui</strong></span> <span class='ocrx_word' id='word_1_448' title='bbox 3784 2969 3938 3022; x_wconf 84' lang='lat' dir='ltr'><strong>subs-</strong></span> 
     </span>
    </p>
   </div>
   <div class='ocr_carea' id='block_1_60' title="bbox 2335 3053 3936 3126">
    <p class='ocr_par' dir='ltr' id='par_1_60' title="bbox 2335 3053 3936 3126">
     <span class='ocr_line' id='line_1_60' title="bbox 2335 3053 3936 3126; baseline 0.004 -17"><span class='ocrx_word' id='word_1_449' title='bbox 2335 3053 2620 3124; x_wconf 88' lang='lat' dir='ltr'><strong>criptione.</strong></span> <span class='ocrx_word' id='word_1_450' title='bbox 2653 3064 2973 3125; x_wconf 71' lang='lat' dir='ltr'><strong>suggerente</strong></span> <span class='ocrx_word' id='word_1_451' title='bbox 3008 3054 3107 3109; x_wconf 85' lang='lat' dir='ltr'><strong>sibi</strong></span> <span class='ocrx_word' id='word_1_452' title='bbox 3147 3055 3344 3123; x_wconf 88' lang='lat' dir='ltr'><strong>amico,</strong></span> <span class='ocrx_word' id='word_1_453' title='bbox 3382 3057 3472 3126; x_wconf 89' lang='lat' dir='ltr'><strong>qui</strong></span> <span class='ocrx_word' id='word_1_454' title='bbox 3516 3069 3574 3112; x_wconf 94' lang='lat' dir='ltr'><strong>ut</strong></span> <span class='ocrx_word' id='word_1_455' title='bbox 3602 3058 3737 3114; x_wconf 86' lang='lat' dir='ltr'><strong>hanc</strong></span> <span class='ocrx_word' id='word_1_456' title='bbox 3767 3073 3936 3117; x_wconf 86' lang='lat' dir='ltr'><strong>artem</strong></span> 
     </span>
    </p>
   </div>
   <div class='ocr_carea' id='block_1_61' title="bbox 2337 3129 3939 3231">
    <p class='ocr_par' dir='ltr' id='par_1_61' title="bbox 2337 3129 3939 3231">
     <span class='ocr_line' id='line_1_61' title="bbox 2337 3129 3939 3231; baseline 0.003 -29"><span class='ocrx_word' id='word_1_457' title='bbox 2337 3147 2666 3218; x_wconf 79' lang='lat' dir='ltr'><strong>excogitaret</strong></span> <span class='ocrx_word' id='word_1_458' title='bbox 2706 3147 2757 3202; x_wconf 93' lang='lat' dir='ltr'><strong>in</strong></span> <span class='ocrx_word' id='word_1_459' title='bbox 2789 3129 3006 3218; x_wconf 88' lang='lat' dir='ltr'><strong>pectore</strong></span> <span class='ocrx_word' id='word_1_460' title='bbox 3034 3148 3261 3216; x_wconf 82' lang='lat' dir='ltr'><strong>subjecit</strong></span> <span class='ocrx_word' id='word_1_461' title='bbox 3282 3157 3329 3200; x_wconf 79' lang='grc' dir='ltr'>ιι.</span> <span class='ocrx_word' id='word_1_462' title='bbox 3365 3148 3453 3231; x_wconf 70' lang='lat' dir='ltr'><strong>Sic</strong></span> <span class='ocrx_word' id='word_1_463' title='bbox 3482 3165 3610 3222; x_wconf 83' lang='lat' dir='ltr'><strong>ergo</strong></span> <span class='ocrx_word' id='word_1_464' title='bbox 3635 3167 3694 3206; x_wconf 88' lang='lat' dir='ltr'><strong>se</strong></span> <span class='ocrx_word' id='word_1_465' title='bbox 3721 3151 3773 3206; x_wconf 91' lang='lat' dir='ltr'><strong>in</strong></span> <span class='ocrx_word' id='word_1_466' title='bbox 3810 3153 3939 3208; x_wconf 87' lang='lat' dir='ltr'><strong>ima-</strong></span> 
     </span>
    </p>
   </div>
   <div class='ocr_carea' id='block_1_62' title="bbox 628 3239 3941 3312">
    <p class='ocr_par' dir='ltr' id='par_1_62' title="bbox 628 3239 3941 3312">
     <span class='ocr_line' id='line_1_62' title="bbox 628 3239 3941 3312; baseline 0 -15"><span class='ocrx_word' id='word_1_467' title='bbox 628 3243 1192 3312; x_wconf 70' lang='lat' dir='ltr'><strong>rumarmigcrazqum</strong></span> <span class='ocrx_word' id='word_1_468' title='bbox 1211 3241 1481 3312; x_wconf 89' lang='lat' dir='ltr'><strong>peccando</strong></span> <span class='ocrx_word' id='word_1_469' title='bbox 1498 3239 1726 3310; x_wconf 81' lang='lat' dir='ltr'><strong>seipsam</strong></span> <span class='ocrx_word' id='word_1_470' title='bbox 1747 3239 2232 3310; x_wconf 86' lang='lat' dir='ltr'><strong>d:nnnavit,etpost</strong></span> <span class='ocrx_word' id='word_1_471' title='bbox 2259 3248 2304 3309; x_wconf 62' lang='grc' dir='ltr'><strong>(ζ</strong></span> <span class='ocrx_word' id='word_1_472' title='bbox 2337 3241 2461 3311; x_wconf 85' lang='lat' dir='ltr'><strong>gine</strong></span> <span class='ocrx_word' id='word_1_473' title='bbox 2498 3241 2741 3308; x_wconf 79' lang='lat' dir='ltr'><strong>Speciosa</strong></span> <span class='ocrx_word' id='word_1_474' title='bbox 2769 3241 3167 3304; x_wconf 87' lang='lat' dir='ltr'><strong>demonstrans,</strong></span> <span class='ocrx_word' id='word_1_475' title='bbox 3210 3239 3320 3293; x_wconf 88' lang='lat' dir='ltr'><strong>alto</strong></span> <span class='ocrx_word' id='word_1_476' title='bbox 3351 3240 3573 3310; x_wconf 88' lang='lat' dir='ltr'><strong>quodam</strong></span> <span class='ocrx_word' id='word_1_477' title='bbox 3602 3243 3722 3298; x_wconf 90' lang='lat' dir='ltr'><strong>loco</strong></span> <span class='ocrx_word' id='word_1_478' title='bbox 3746 3247 3941 3300; x_wconf 80' lang='lat' dir='ltr'><strong>cundi-</strong></span> 
     </span>
    </p>
   </div>
   <div class='ocr_carea' id='block_1_63' title="bbox 631 3331 2230 3404">
    <p class='ocr_par' dir='ltr' id='par_1_63' title="bbox 631 3331 2230 3404">
     <span class='ocr_line' id='line_1_63' title="bbox 631 3331 2230 3404; baseline -0.001 -16"><span class='ocrx_word' id='word_1_479' title='bbox 631 3342 846 3404; x_wconf 88' lang='lat' dir='ltr'><strong>pcccata</strong></span> <span class='ocrx_word' id='word_1_480' title='bbox 887 3348 991 3387; x_wconf 89' lang='lat' dir='ltr'><strong>non</strong></span> <span class='ocrx_word' id='word_1_481' title='bbox 1022 3332 1217 3386; x_wconf 91' lang='lat' dir='ltr'><strong>desiuit</strong></span> <span class='ocrx_word' id='word_1_482' title='bbox 1256 3333 1365 3385; x_wconf 90' lang='lat' dir='ltr'><strong>ire!</strong></span> <span class='ocrx_word' id='word_1_483' title='bbox 1406 3331 1451 3386; x_wconf 89' lang='grc' dir='ltr'><strong>Ο</strong></span> <span class='ocrx_word' id='word_1_484' title='bbox 1489 3347 1717 3402; x_wconf 88' lang='lat' dir='ltr'><strong>nequam</strong></span> <span class='ocrx_word' id='word_1_485' title='bbox 1762 3348 1981 3398; x_wconf 88' lang='lat' dir='ltr'><strong>tnanus,</strong></span> <span class='ocrx_word' id='word_1_486' title='bbox 2025 3334 2074 3387; x_wconf 91' lang='lat' dir='ltr'><strong>in</strong></span> <span class='ocrx_word' id='word_1_487' title='bbox 2108 3349 2230 3402; x_wconf 90' lang='lat' dir='ltr'><strong>per-</strong></span> 
     </span>
    </p>
   </div>
   <div class='ocr_carea' id='block_1_64' title="bbox 631 3424 2232 3506">
    <p class='ocr_par' dir='ltr' id='par_1_64' title="bbox 631 3424 2232 3506">
     <span class='ocr_line' id='line_1_64' title="bbox 631 3424 2232 3506; baseline -0.002 -25"><span class='ocrx_word' id='word_1_488' title='bbox 631 3427 822 3482; x_wconf 91' lang='lat' dir='ltr'><strong>niciem</strong></span> <span class='ocrx_word' id='word_1_489' title='bbox 847 3426 1064 3506; x_wconf 41' lang='lat' dir='ltr'><strong>.Domini</strong></span> <span class='ocrx_word' id='word_1_490' title='bbox 1092 3427 1170 3479; x_wconf 87' lang='lat' dir='ltr'><strong>Sui</strong></span> <span class='ocrx_word' id='word_1_491' title='bbox 1203 3435 1430 3489; x_wconf 89' lang='lat' dir='ltr'><strong>armata,</strong></span> <span class='ocrx_word' id='word_1_492' title='bbox 1462 3441 1580 3495; x_wconf 63' lang='lat' dir='ltr'><strong>quae</strong></span> <span class='ocrx_word' id='word_1_493' title='bbox 1609 3424 1960 3480; x_wconf 85' lang='lat' dir='ltr'><strong>sordidissimi</strong></span> <span class='ocrx_word' id='word_1_494' title='bbox 1991 3429 2114 3480; x_wconf 67' lang='lat' dir='ltr'><strong>teris</strong></span> <span class='ocrx_word' id='word_1_495' title='bbox 2146 3436 2232 3480; x_wconf 82' lang='lat' dir='ltr'><strong>to-</strong></span> 
     </span>
    </p>
   </div>
   <div class='ocr_carea' id='block_1_65' title="bbox 631 3517 2234 3590">
    <p class='ocr_par' dir='ltr' id='par_1_65' title="bbox 631 3517 2234 3590">
     <span class='ocr_line' id='line_1_65' title="bbox 631 3517 2234 3590; baseline 0.001 -17"><span class='ocrx_word' id='word_1_496' title='bbox 631 3527 737 3574; x_wconf 90' lang='lat' dir='ltr'><strong>tam</strong></span> <span class='ocrx_word' id='word_1_497' title='bbox 771 3519 1118 3574; x_wconf 79' lang='lat' dir='ltr'><strong>substantiam</strong></span> <span class='ocrx_word' id='word_1_498' title='bbox 1153 3517 1354 3590; x_wconf 85' lang='lat' dir='ltr'><strong>perdit;</strong></span> <span class='ocrx_word' id='word_1_499' title='bbox 1401 3525 1602 3574; x_wconf 90' lang='lat' dir='ltr'><strong>etcum</strong></span> <span class='ocrx_word' id='word_1_500' title='bbox 1645 3525 1724 3573; x_wconf 89' lang='lat' dir='ltr'><strong>tot</strong></span> <span class='ocrx_word' id='word_1_501' title='bbox 1767 3529 1947 3573; x_wconf 90' lang='lat' dir='ltr'><strong>essent</strong></span> <span class='ocrx_word' id='word_1_502' title='bbox 1976 3519 2234 3588; x_wconf 73' lang='lat' dir='ltr'><strong>augendm</strong></span> 
     </span>
    </p>
   </div>
   <div class='ocr_carea' id='block_1_66' title="bbox 2334 3331 3943 3404">
    <p class='ocr_par' dir='ltr' id='par_1_66' title="bbox 2334 3331 3943 3404">
     <span class='ocr_line' id='line_1_66' title="bbox 2334 3331 3943 3404; baseline 0.002 -17"><span class='ocrx_word' id='word_1_503' title='bbox 2334 3333 2441 3398; x_wconf 86' lang='lat' dir='ltr'><strong>dit;</strong></span> <span class='ocrx_word' id='word_1_504' title='bbox 2470 3342 2525 3388; x_wconf 91' lang='lat' dir='ltr'><strong>et</strong></span> <span class='ocrx_word' id='word_1_505' title='bbox 2554 3334 2606 3387; x_wconf 94' lang='lat' dir='ltr'><strong>in</strong></span> <span class='ocrx_word' id='word_1_506' title='bbox 2647 3332 2796 3387; x_wconf 83' lang='lat' dir='ltr'><strong>sinus</strong></span> <span class='ocrx_word' id='word_1_507' title='bbox 2838 3347 2964 3387; x_wconf 91' lang='lat' dir='ltr'><strong>suos</strong></span> <span class='ocrx_word' id='word_1_508' title='bbox 3000 3331 3137 3387; x_wconf 89' lang='lat' dir='ltr'><strong>hanc</strong></span> <span class='ocrx_word' id='word_1_509' title='bbox 3170 3331 3303 3386; x_wconf 80' lang='lat' dir='ltr'><strong>alea:</strong></span> <span class='ocrx_word' id='word_1_510' title='bbox 3330 3333 3550 3388; x_wconf 90' lang='lat' dir='ltr'><strong>tabulam</strong></span> <span class='ocrx_word' id='word_1_511' title='bbox 3587 3344 3823 3404; x_wconf 72' lang='lat' dir='ltr'><strong>gestam,</strong></span> <span class='ocrx_word' id='word_1_512' title='bbox 3876 3349 3943 3391; x_wconf 86' lang='lat' dir='ltr'><strong>ut</strong></span> 
     </span>
    </p>
   </div>
   <div class='ocr_carea' id='block_1_67' title="bbox 2335 3425 3939 3500">
    <p class='ocr_par' dir='ltr' id='par_1_67' title="bbox 2335 3425 3939 3500">
     <span class='ocr_line' id='line_1_67' title="bbox 2335 3425 3939 3500; baseline -0.001 -19"><span class='ocrx_word' id='word_1_513' title='bbox 2335 3428 2486 3497; x_wconf 58' lang='lat' dir='ltr'><strong>quasi</strong></span> <span class='ocrx_word' id='word_1_514' title='bbox 2519 3429 2632 3498; x_wconf 91' lang='lat' dir='ltr'><strong>ipse</strong></span> <span class='ocrx_word' id='word_1_515' title='bbox 2669 3428 2816 3482; x_wconf 91' lang='lat' dir='ltr'><strong>lusor</strong></span> <span class='ocrx_word' id='word_1_516' title='bbox 2845 3437 2898 3482; x_wconf 91' lang='lat' dir='ltr'><strong>et</strong></span> <span class='ocrx_word' id='word_1_517' title='bbox 2929 3426 3249 3481; x_wconf 90' lang='lat' dir='ltr'><strong>adinventor</strong></span> <span class='ocrx_word' id='word_1_518' title='bbox 3275 3425 3430 3494; x_wconf 83' lang='lat' dir='ltr'><strong>hujus</strong></span> <span class='ocrx_word' id='word_1_519' title='bbox 3455 3427 3668 3482; x_wconf 80' lang='lat' dir='ltr'><strong>malitia:</strong></span> <span class='ocrx_word' id='word_1_520' title='bbox 3704 3444 3939 3500; x_wconf 60' lang='lat' dir='ltr'><strong>appara-</strong></span> 
     </span>
    </p>
   </div>
   <div class='ocr_carea' id='block_1_68' title="bbox 2338 3519 3941 3591">
    <p class='ocr_par' dir='ltr' id='par_1_68' title="bbox 2338 3519 3941 3591">
     <span class='ocr_line' id='line_1_68' title="bbox 2338 3519 3941 3591; baseline 0.001 -15"><span class='ocrx_word' id='word_1_521' title='bbox 2338 3531 2439 3585; x_wconf 90' lang='lat' dir='ltr'><strong>ret,</strong></span> <span class='ocrx_word' id='word_1_522' title='bbox 2471 3520 2625 3591; x_wconf 88' lang='lat' dir='ltr'><strong>cujus</strong></span> <span class='ocrx_word' id='word_1_523' title='bbox 2664 3536 2861 3576; x_wconf 90' lang='lat' dir='ltr'><strong>nomen</strong></span> <span class='ocrx_word' id='word_1_524' title='bbox 2889 3535 2918 3574; x_wconf 91' lang='lat' dir='ltr'><strong>a</strong></span> <span class='ocrx_word' id='word_1_525' title='bbox 2949 3520 3040 3574; x_wconf 92' lang='lat' dir='ltr'><strong>Dei</strong></span> <span class='ocrx_word' id='word_1_526' title='bbox 3077 3519 3247 3574; x_wconf 86' lang='lat' dir='ltr'><strong>servis</strong></span> <span class='ocrx_word' id='word_1_527' title='bbox 3282 3519 3544 3574; x_wconf 91' lang='lat' dir='ltr'><strong>nominari</strong></span> <span class='ocrx_word' id='word_1_528' title='bbox 3582 3535 3690 3576; x_wconf 87' lang='lat' dir='ltr'><strong>non</strong></span> <span class='ocrx_word' id='word_1_529' title='bbox 3718 3520 3941 3578; x_wconf 80' lang='lat' dir='ltr'><strong>deberet</strong></span> 
     </span>
    </p>
   </div>
   <div class='ocr_carea' id='block_1_69' title="bbox 1865 3611 2710 3671">
    <p class='ocr_par' dir='ltr' id='par_1_69' title="bbox 1865 3611 2710 3671">
     <span class='ocr_line' id='line_1_69' title="bbox 1865 3611 2710 3671; baseline -0.001 -3"><span class='ocrx_word' id='word_1_530' title='bbox 1865 3611 2246 3670; x_wconf 78' lang='lat' dir='ltr'><strong>LEC&#39;I‘IONES</strong></span> <span class='ocrx_word' id='word_1_531' title='bbox 2298 3615 2710 3671; x_wconf 60' lang='lat' dir='ltr'><strong>VARIANTES.</strong></span> 
     </span>
    </p>
   </div>
   <div class='ocr_carea' id='block_1_70' title="bbox 693 3710 1533 3774">
    <p class='ocr_par' dir='ltr' id='par_1_70' title="bbox 693 3710 1533 3774">
     <span class='ocr_line' id='line_1_70' title="bbox 693 3710 1533 3774; baseline -0.006 -12"><span class='ocrx_word' id='word_1_532' title='bbox 693 3713 716 3742; x_wconf 82' lang='grc'><strong><em>⁸</em></strong></span> <span class='ocrx_word' id='word_1_533' title='bbox 743 3710 828 3762; x_wconf 83' lang='lat' dir='ltr'><strong>Sic</strong></span> <span class='ocrx_word' id='word_1_534' title='bbox 849 3710 973 3764; x_wconf 85' lang='lat' dir='ltr'><strong>Bod.</strong></span> <span class='ocrx_word' id='word_1_535' title='bbox 1003 3712 1048 3760; x_wconf 86' lang='grc'><strong>1.</strong></span> <span class='ocrx_word' id='word_1_536' title='bbox 1076 3712 1206 3774; x_wconf 76' lang='lat' dir='ltr'><strong>Intp.</strong></span> <span class='ocrx_word' id='word_1_537' title='bbox 1227 3711 1416 3762; x_wconf 65' lang='lat' dir='ltr'><strong>Prmsto</strong></span> <span class='ocrx_word' id='word_1_538' title='bbox 1437 3714 1533 3759; x_wconf 90' lang='lat' dir='ltr'><strong>est.</strong></span> 
     </span>
    </p>
   </div>
   <div class='ocr_carea' id='block_1_71' title="bbox 693 3772 1282 3840">
    <p class='ocr_par' dir='ltr' id='par_1_71' title="bbox 693 3772 1282 3840">
     <span class='ocr_line' id='line_1_71' title="bbox 693 3772 1282 3840; baseline 0.003 -17"><span class='ocrx_word' id='word_1_539' title='bbox 693 3774 720 3810; x_wconf 72' lang='grc' dir='ltr'><strong>Ῑι</strong></span> <span class='ocrx_word' id='word_1_540' title='bbox 741 3775 1064 3840; x_wconf 40' lang='lat' dir='ltr'><strong>amplexibus</strong></span> <span class='ocrx_word' id='word_1_541' title='bbox 1083 3772 1208 3840; x_wconf 61' lang='lat' dir='ltr'><strong>Boil.</strong></span> <span class='ocrx_word' id='word_1_542' title='bbox 1237 3776 1282 3825; x_wconf 90' lang='grc'><strong>1.</strong></span> 
     </span>
    </p>
   </div>
   <div class='ocr_carea' id='block_1_72' title="bbox 695 3837 1207 3900">
    <p class='ocr_par' dir='ltr' id='par_1_72' title="bbox 695 3837 1207 3900">
     <span class='ocr_line' id='line_1_72' title="bbox 695 3837 1207 3900; baseline 0 -16"><span class='ocrx_word' id='word_1_543' title='bbox 695 3842 716 3869; x_wconf 73' lang='grc' dir='ltr'><em>ε</em></span> <span class='ocrx_word' id='word_1_544' title='bbox 747 3837 853 3900; x_wconf 63' lang='lat' dir='ltr'><strong>Ipsi</strong></span> <span class='ocrx_word' id='word_1_545' title='bbox 876 3839 978 3900; x_wconf 73' lang='lat' dir='ltr'><strong>dig.</strong></span> <span class='ocrx_word' id='word_1_546' title='bbox 1009 3837 1134 3900; x_wconf 78' lang='lat' dir='ltr'><strong>Bod.</strong></span> <span class='ocrx_word' id='word_1_547' title='bbox 1164 3838 1207 3885; x_wconf 92' lang='grc'><strong>1.</strong></span> 
     </span>
    </p>
   </div>
   <div class='ocr_carea' id='block_1_73' title="bbox 694 3899 1192 3962">
    <p class='ocr_par' dir='ltr' id='par_1_73' title="bbox 694 3899 1192 3962">
     <span class='ocr_line' id='line_1_73' title="bbox 694 3899 1192 3962; baseline -0.006 -13"><span class='ocrx_word' id='word_1_548' title='bbox 694 3901 720 3939; x_wconf 74' lang='grc' dir='ltr'><strong>ιι</strong></span> <span class='ocrx_word' id='word_1_549' title='bbox 748 3899 854 3960; x_wconf 72' lang='lat' dir='ltr'><strong>Ipsa</strong></span> <span class='ocrx_word' id='word_1_550' title='bbox 877 3899 971 3962; x_wconf 82' lang='lat' dir='ltr'><strong>sig.</strong></span> <span class='ocrx_word' id='word_1_551' title='bbox 1001 3899 1124 3962; x_wconf 77' lang='grc' dir='ltr'><strong>Βοᾴ.</strong></span> <span class='ocrx_word' id='word_1_552' title='bbox 1149 3900 1192 3947; x_wconf 89' lang='grc'><strong>1.</strong></span> 
     </span>
    </p>
   </div>
   <div class='ocr_carea' id='block_1_74' title="bbox 695 3959 1180 4016">
    <p class='ocr_par' dir='ltr' id='par_1_74' title="bbox 695 3959 1180 4016">
     <span class='ocr_line' id='line_1_74' title="bbox 695 3959 1180 4016; baseline -0.01 -5"><span class='ocrx_word' id='word_1_553' title='bbox 695 3969 718 3993; x_wconf 69' lang='grc' dir='ltr'><strong>υ</strong></span> <span class='ocrx_word' id='word_1_554' title='bbox 748 3963 873 4016; x_wconf 81' lang='lat' dir='ltr'><strong>Ipsa,</strong></span> <span class='ocrx_word' id='word_1_555' title='bbox 894 3959 950 4009; x_wconf 81' lang='lat' dir='ltr'><strong>ad</strong></span> <span class='ocrx_word' id='word_1_556' title='bbox 981 3959 1104 4010; x_wconf 85' lang='lat' dir='ltr'><strong>Bod.</strong></span> <span class='ocrx_word' id='word_1_557' title='bbox 1134 3962 1180 4010; x_wconf 86' lang='lat'><strong>1.</strong></span> 
     </span>
    </p>
   </div>
   <div class='ocr_carea' id='block_1_75' title="bbox 699 4023 1346 4073">
    <p class='ocr_par' dir='ltr' id='par_1_75' title="bbox 699 4023 1346 4073">
     <span class='ocr_line' id='line_1_75' title="bbox 699 4023 1346 4073; baseline -0.003 -1"><span class='ocrx_word' id='word_1_558' title='bbox 699 4025 717 4060; x_wconf 75' lang='lat' dir='ltr'><strong>f</strong></span> <span class='ocrx_word' id='word_1_559' title='bbox 748 4023 914 4072; x_wconf 85' lang='lat' dir='ltr'><strong>Zabuli</strong></span> <span class='ocrx_word' id='word_1_560' title='bbox 942 4024 1120 4073; x_wconf 88' lang='lat' dir='ltr'><strong>malum</strong></span> <span class='ocrx_word' id='word_1_561' title='bbox 1143 4023 1271 4073; x_wconf 84' lang='lat' dir='ltr'><strong>Bod.</strong></span> <span class='ocrx_word' id='word_1_562' title='bbox 1305 4024 1346 4071; x_wconf 91' lang='grc'><strong>1.</strong></span> 
     </span>
    </p>
   </div>
   <div class='ocr_carea' id='block_1_76' title="bbox 698 4085 1105 4136">
    <p class='ocr_par' dir='ltr' id='par_1_76' title="bbox 698 4085 1105 4136">
     <span class='ocr_line' id='line_1_76' title="bbox 698 4085 1105 4136; baseline -0.005 1"><span class='ocrx_word' id='word_1_563' title='bbox 698 4091 723 4126; x_wconf 68' lang='grc' dir='ltr'>κ</span> <span class='ocrx_word' id='word_1_564' title='bbox 751 4087 810 4136; x_wconf 79' lang='lat' dir='ltr'><strong>Et</strong></span> <span class='ocrx_word' id='word_1_565' title='bbox 833 4086 891 4133; x_wconf 88' lang='lat' dir='ltr'><strong>ad</strong></span> <span class='ocrx_word' id='word_1_566' title='bbox 912 4085 1036 4136; x_wconf 74' lang='lat' dir='ltr'><strong>Berl.</strong></span> <span class='ocrx_word' id='word_1_567' title='bbox 1060 4086 1105 4135; x_wconf 86' lang='lat'><strong>1.</strong></span> 
     </span>
    </p>
   </div>
   <div class='ocr_carea' id='block_1_77' title="bbox 697 4146 1399 4209">
    <p class='ocr_par' dir='ltr' id='par_1_77' title="bbox 697 4146 1399 4209">
     <span class='ocr_line' id='line_1_77' title="bbox 697 4146 1399 4209; baseline -0.004 -11"><span class='ocrx_word' id='word_1_568' title='bbox 697 4148 726 4187; x_wconf 63' lang='grc' dir='ltr'><strong>Ι)</strong></span> <span class='ocrx_word' id='word_1_569' title='bbox 754 4149 1047 4209; x_wconf 80' lang='lat' dir='ltr'><strong>lmtmnitas,</strong></span> <span class='ocrx_word' id='word_1_570' title='bbox 1077 4148 1174 4198; x_wconf 89' lang='lat' dir='ltr'><strong>illic</strong></span> <span class='ocrx_word' id='word_1_571' title='bbox 1201 4146 1324 4197; x_wconf 76' lang='lat' dir='ltr'><strong>Bell.</strong></span> <span class='ocrx_word' id='word_1_572' title='bbox 1355 4148 1399 4196; x_wconf 85' lang='grc'><strong>1.</strong></span> 
     </span>
    </p>
   </div>
   <div class='ocr_carea' id='block_1_78' title="bbox 2399 3706 3362 3766">
    <p class='ocr_par' dir='ltr' id='par_1_78' title="bbox 2399 3706 3362 3766">
     <span class='ocr_line' id='line_1_78' title="bbox 2399 3706 3362 3766; baseline -0.001 -9"><span class='ocrx_word' id='word_1_573' title='bbox 2399 3709 2414 3747; x_wconf 85' lang='lat' dir='ltr'><strong>i</strong></span> <span class='ocrx_word' id='word_1_574' title='bbox 2449 3707 2697 3763; x_wconf 80' lang='lat' dir='ltr'><strong>Perditus,</strong></span> <span class='ocrx_word' id='word_1_575' title='bbox 2729 3714 2780 3757; x_wconf 91' lang='lat' dir='ltr'><strong>et</strong></span> <span class='ocrx_word' id='word_1_576' title='bbox 2802 3706 2935 3756; x_wconf 88' lang='lat' dir='ltr'><strong>dem.</strong></span> <span class='ocrx_word' id='word_1_577' title='bbox 2960 3706 3034 3757; x_wconf 91' lang='lat' dir='ltr'><strong>lit.</strong></span> <span class='ocrx_word' id='word_1_578' title='bbox 3064 3713 3135 3766; x_wconf 86' lang='lat' dir='ltr'><strong>et,</strong></span> <span class='ocrx_word' id='word_1_579' title='bbox 3163 3707 3288 3758; x_wconf 86' lang='lat' dir='ltr'><strong>Bod.</strong></span> <span class='ocrx_word' id='word_1_580' title='bbox 3316 3709 3362 3756; x_wconf 82' lang='lat' dir='ltr'><strong>l.</strong></span> 
     </span>
    </p>
   </div>
   <div class='ocr_carea' id='block_1_79' title="bbox 2400 3769 2956 3834">
    <p class='ocr_par' dir='ltr' id='par_1_79' title="bbox 2400 3769 2956 3834">
     <span class='ocr_line' id='line_1_79' title="bbox 2400 3769 2956 3834; baseline -0.007 -12"><span class='ocrx_word' id='word_1_581' title='bbox 2400 3771 2414 3822; x_wconf 84' lang='lat' dir='ltr'><strong>i</strong></span> <span class='ocrx_word' id='word_1_582' title='bbox 2448 3771 2736 3834; x_wconf 86' lang='lat' dir='ltr'><strong>Insequitur</strong></span> <span class='ocrx_word' id='word_1_583' title='bbox 2757 3769 2883 3834; x_wconf 63' lang='lat' dir='ltr'><strong>Boil,</strong></span> <span class='ocrx_word' id='word_1_584' title='bbox 2911 3769 2956 3828; x_wconf 88' lang='grc'>1,</span> 
     </span>
    </p>
   </div>
   <div class='ocr_carea' id='block_1_80' title="bbox 2398 3830 3229 3895">
    <p class='ocr_par' dir='ltr' id='par_1_80' title="bbox 2398 3830 3229 3895">
     <span class='ocr_line' id='line_1_80' title="bbox 2398 3830 3229 3895; baseline 0.001 -15"><span class='ocrx_word' id='word_1_585' title='bbox 2398 3838 2423 3872; x_wconf 77' lang='grc' dir='ltr'>κ</span> <span class='ocrx_word' id='word_1_586' title='bbox 2453 3830 2679 3895; x_wconf 75' lang='lat' dir='ltr'><strong>Laqueus</strong></span> <span class='ocrx_word' id='word_1_587' title='bbox 2703 3841 2778 3882; x_wconf 87' lang='lat' dir='ltr'><strong>est</strong></span> <span class='ocrx_word' id='word_1_588' title='bbox 2802 3831 2884 3881; x_wconf 91' lang='lat' dir='ltr'><strong>ille</strong></span> <span class='ocrx_word' id='word_1_589' title='bbox 2903 3831 3013 3881; x_wconf 87' lang='lat' dir='ltr'><strong>mali</strong></span> <span class='ocrx_word' id='word_1_590' title='bbox 3039 3830 3158 3881; x_wconf 84' lang='lat' dir='ltr'><strong>Bod.</strong></span> <span class='ocrx_word' id='word_1_591' title='bbox 3186 3833 3229 3882; x_wconf 89' lang='grc'><strong>1.</strong></span> 
     </span>
    </p>
   </div>
   <div class='ocr_carea' id='block_1_81' title="bbox 2399 3893 3936 3959">
    <p class='ocr_par' dir='ltr' id='par_1_81' title="bbox 2399 3893 3936 3959">
     <span class='ocr_line' id='line_1_81' title="bbox 2399 3893 3936 3959; baseline -0.001 -14"><span class='ocrx_word' id='word_1_592' title='bbox 2399 3895 2418 3934; x_wconf 84' lang='grc'><strong>1</strong></span> <span class='ocrx_word' id='word_1_593' title='bbox 2443 3893 2691 3959; x_wconf 39' lang='lat' dir='ltr'><strong>Sic—Core.</strong></span> <span class='ocrx_word' id='word_1_594' title='bbox 2719 3897 2853 3959; x_wconf 80' lang='lat' dir='ltr'><strong>Imp.</strong></span> <span class='ocrx_word' id='word_1_595' title='bbox 2879 3895 2984 3944; x_wconf 86' lang='lat' dir='ltr'><strong>Sub</strong></span> <span class='ocrx_word' id='word_1_596' title='bbox 3006 3897 3217 3944; x_wconf 78' lang='lat' dir='ltr'><strong>liostinm</strong></span> <span class='ocrx_word' id='word_1_597' title='bbox 3236 3907 3437 3944; x_wconf 86' lang='lat' dir='ltr'><strong>suorum</strong></span> <span class='ocrx_word' id='word_1_598' title='bbox 3467 3893 3642 3945; x_wconf 89' lang='lat' dir='ltr'><strong>multif.</strong></span> <span class='ocrx_word' id='word_1_599' title='bbox 3664 3907 3793 3944; x_wconf 89' lang='lat' dir='ltr'><strong>num.</strong></span> <span class='ocrx_word' id='word_1_600' title='bbox 3827 3895 3936 3945; x_wconf 60' lang='grc' dir='ltr'><strong>Πᾶς-</strong></span> 
     </span>
    </p>
   </div>
   <div class='ocr_carea' id='block_1_82' title="bbox 2332 3957 2763 4024">
    <p class='ocr_par' dir='ltr' id='par_1_82' title="bbox 2332 3957 2763 4024">
     <span class='ocr_line' id='line_1_82' title="bbox 2332 3957 2763 4024; baseline 0 -17"><span class='ocrx_word' id='word_1_601' title='bbox 2332 3961 2548 4024; x_wconf 59' lang='lat' dir='ltr'><strong>perflant</strong></span> <span class='ocrx_word' id='word_1_602' title='bbox 2564 3957 2690 4024; x_wconf 55' lang='grc' dir='ltr'><strong>ΒοάΣ</strong></span> <span class='ocrx_word' id='word_1_603' title='bbox 2721 3959 2763 4007; x_wconf 90' lang='grc'><strong>1.</strong></span> 
     </span>
    </p>
   </div>
   <div class='ocr_carea' id='block_1_83' title="bbox 2393 4020 2794 4071">
    <p class='ocr_par' dir='ltr' id='par_1_83' title="bbox 2393 4020 2794 4071">
     <span class='ocr_line' id='line_1_83' title="bbox 2393 4020 2794 4071; baseline 0 -2"><span class='ocrx_word' id='word_1_604' title='bbox 2393 4021 2434 4049; x_wconf 73' lang='lat' dir='ltr'><strong>m</strong></span> <span class='ocrx_word' id='word_1_605' title='bbox 2458 4020 2636 4069; x_wconf 77' lang='lat' dir='ltr'><strong>Malunt</strong></span> <span class='ocrx_word' id='word_1_606' title='bbox 2663 4023 2794 4071; x_wconf 87' lang='lat' dir='ltr'><strong>Lam.</strong></span> 
     </span>
    </p>
   </div>
   <div class='ocr_carea' id='block_1_84' title="bbox 2396 4082 3546 4147">
    <p class='ocr_par' dir='ltr' id='par_1_84' title="bbox 2396 4082 3546 4147">
     <span class='ocr_line' id='line_1_84' title="bbox 2396 4082 3546 4147; baseline -0.001 -14"><span class='ocrx_word' id='word_1_607' title='bbox 2396 4083 2524 4134; x_wconf 84' lang='lat' dir='ltr'><strong>“Sic</strong></span> <span class='ocrx_word' id='word_1_608' title='bbox 2549 4083 2692 4136; x_wconf 81' lang='lat' dir='ltr'><strong>Corb.</strong></span> <span class='ocrx_word' id='word_1_609' title='bbox 2721 4085 2852 4147; x_wconf 86' lang='lat' dir='ltr'><strong>Imp.</strong></span> <span class='ocrx_word' id='word_1_610' title='bbox 2877 4082 2930 4132; x_wconf 86' lang='lat' dir='ltr'><strong>In</strong></span> <span class='ocrx_word' id='word_1_611' title='bbox 2959 4089 3271 4145; x_wconf 86' lang='lat' dir='ltr'><strong>peccatorcm</strong></span> <span class='ocrx_word' id='word_1_612' title='bbox 3295 4083 3546 4143; x_wconf 87' lang='lat' dir='ltr'><strong>subvenit,</strong></span> 
     </span>
    </p>
   </div>
   <div class='ocr_carea' id='block_1_85' title="bbox 1897 4207 2594 4266">
    <p class='ocr_par' dir='ltr' id='par_1_85' title="bbox 1897 4207 2594 4266">
     <span class='ocr_line' id='line_1_85' title="bbox 1897 4207 2594 4266; baseline -0.001 -2"><span class='ocrx_word' id='word_1_613' title='bbox 1897 4208 2076 4264; x_wconf 86' lang='lat' dir='ltr'><strong>EDIT.</strong></span> <span class='ocrx_word' id='word_1_614' title='bbox 2117 4208 2323 4266; x_wconf 81' lang='lat' dir='ltr'><strong>OXON.</strong></span> <span class='ocrx_word' id='word_1_615' title='bbox 2365 4207 2594 4265; x_wconf 59' lang='lat' dir='ltr'><strong>NOTAE.</strong></span> 
     </span>
    </p>
   </div>
   <div class='ocr_carea' id='block_1_86' title="bbox 704 4321 2226 4398">
    <p class='ocr_par' dir='ltr' id='par_1_86' title="bbox 704 4321 2226 4398">
     <span class='ocr_line' id='line_1_86' title="bbox 704 4321 2226 4398; baseline -0.001 -16"><span class='ocrx_word' id='word_1_616' title='bbox 704 4325 1069 4398; x_wconf 80' lang='lat' dir='ltr'><strong>VI.—Magna</strong></span> <span class='ocrx_word' id='word_1_617' title='bbox 1099 4327 1336 4396; x_wconf 75' lang='lat' dir='ltr'><strong>amplexu</strong></span> <span class='ocrx_word' id='word_1_618' title='bbox 1364 4324 1592 4390; x_wconf 83' lang='lat' dir='ltr'><strong>operitur</strong></span> <span class='ocrx_word' id='word_1_619' title='bbox 1618 4322 1819 4378; x_wconf 75' lang='lat' dir='ltr'><strong>delatio.</strong></span> <span class='ocrx_word' id='word_1_620' title='bbox 1842 4321 2012 4379; x_wconf 85' lang='lat' dir='ltr'><strong>Locus</strong></span> <span class='ocrx_word' id='word_1_621' title='bbox 2045 4325 2226 4380; x_wconf 78' lang='lat' dir='ltr'><strong>multis</strong></span> 
     </span>
    </p>
   </div>
   <div class='ocr_carea' id='block_1_87' title="bbox 631 4399 1293 4469">
    <p class='ocr_par' dir='ltr' id='par_1_87' title="bbox 631 4399 1293 4469">
     <span class='ocr_line' id='line_1_87' title="bbox 631 4399 1293 4469; baseline -0.012 -13"><span class='ocrx_word' id='word_1_622' title='bbox 631 4409 714 4456; x_wconf 87' lang='lat' dir='ltr'><strong>est</strong></span> <span class='ocrx_word' id='word_1_623' title='bbox 743 4410 1045 4469; x_wconf 89' lang='lat' dir='ltr'><strong>corruptus.</strong></span> <span class='ocrx_word' id='word_1_624' title='bbox 1090 4399 1293 4454; x_wconf 64' lang='lat' dir='ltr'><strong>Panes.</strong></span> 
     </span>
    </p>
   </div>
   <div class='ocr_carea' id='block_1_88' title="bbox 708 4465 2226 4542">
    <p class='ocr_par' dir='ltr' id='par_1_88' title="bbox 708 4465 2226 4542">
     <span class='ocr_line' id='line_1_88' title="bbox 708 4465 2226 4542; baseline -0.003 -18"><span class='ocrx_word' id='word_1_625' title='bbox 708 4465 1035 4542; x_wconf 55' lang='lat' dir='ltr'><strong>Mauus&#39;ane</strong></span> <span class='ocrx_word' id='word_1_626' title='bbox 1071 4471 1198 4537; x_wconf 81' lang='lat' dir='ltr'><strong>iam.</strong></span> <span class='ocrx_word' id='word_1_627' title='bbox 1230 4469 1460 4525; x_wconf 84' lang='lat' dir='ltr'><strong>Omnino</strong></span> <span class='ocrx_word' id='word_1_628' title='bbox 1479 4469 1612 4542; x_wconf 78' lang='lat' dir='ltr'><strong>lego</strong></span> <span class='ocrx_word' id='word_1_629' title='bbox 1645 4465 1768 4533; x_wconf 89' lang='lat' dir='ltr'><strong>hoc,</strong></span> <span class='ocrx_word' id='word_1_630' title='bbox 1799 4481 1896 4538; x_wconf 91' lang='lat' dir='ltr'><strong>pro</strong></span> <span class='ocrx_word' id='word_1_631' title='bbox 1925 4477 2063 4531; x_wconf 86' lang='lat' dir='ltr'><strong>tam;</strong></span> <span class='ocrx_word' id='word_1_632' title='bbox 2091 4466 2226 4537; x_wconf 89' lang='lat' dir='ltr'><strong>adji-</strong></span> 
     </span>
    </p>
   </div>
   <div class='ocr_carea' id='block_1_89' title="bbox 632 4541 1680 4606">
    <p class='ocr_par' dir='ltr' id='par_1_89' title="bbox 632 4541 1680 4606">
     <span class='ocr_line' id='line_1_89' title="bbox 632 4541 1680 4606; baseline -0.007 -8"><span class='ocrx_word' id='word_1_633' title='bbox 632 4544 718 4598; x_wconf 92' lang='lat' dir='ltr'><strong>cio</strong></span> <span class='ocrx_word' id='word_1_634' title='bbox 748 4559 894 4606; x_wconf 91' lang='lat' dir='ltr'><strong>vero,</strong></span> <span class='ocrx_word' id='word_1_635' title='bbox 928 4552 1018 4605; x_wconf 82' lang='lat' dir='ltr'><strong>est,</strong></span> <span class='ocrx_word' id='word_1_636' title='bbox 1051 4558 1116 4596; x_wconf 85' lang='lat' dir='ltr'><strong>ex</strong></span> <span class='ocrx_word' id='word_1_637' title='bbox 1142 4544 1432 4596; x_wconf 79' lang='lat' dir='ltr'><strong>Antonino.</strong></span> <span class='ocrx_word' id='word_1_638' title='bbox 1477 4541 1680 4595; x_wconf 71' lang='lat' dir='ltr'><strong>I’AMEL.</strong></span> 
     </span>
    </p>
   </div>
   <div class='ocr_carea' id='block_1_90' title="bbox 705 4609 2233 4681">
    <p class='ocr_par' dir='ltr' id='par_1_90' title="bbox 705 4609 2233 4681">
     <span class='ocr_line' id='line_1_90' title="bbox 705 4609 2233 4681; baseline -0.004 -14"><span class='ocrx_word' id='word_1_639' title='bbox 705 4615 786 4667; x_wconf 73' lang='lat' dir='ltr'><strong>.Iil</strong></span> <span class='ocrx_word' id='word_1_640' title='bbox 822 4614 1131 4681; x_wconf 87' lang='lat' dir='ltr'><strong>sacri/icium</strong></span> <span class='ocrx_word' id='word_1_641' title='bbox 1172 4612 1499 4667; x_wconf 81' lang='lat' dir='ltr'><strong>Dominicum</strong></span> <span class='ocrx_word' id='word_1_642' title='bbox 1538 4612 1782 4665; x_wconf 83' lang='lat' dir='ltr'><strong>admissa.</strong></span> <span class='ocrx_word' id='word_1_643' title='bbox 1819 4611 1925 4681; x_wconf 76' lang='lat' dir='ltr'><strong>Aut</strong></span> <span class='ocrx_word' id='word_1_644' title='bbox 1950 4609 2140 4664; x_wconf 86' lang='lat' dir='ltr'><strong>alludit</strong></span> <span class='ocrx_word' id='word_1_645' title='bbox 2169 4609 2233 4662; x_wconf 89' lang='lat' dir='ltr'><strong>ad</strong></span> 
     </span>
    </p>
   </div>
   <div class='ocr_carea' id='block_1_91' title="bbox 635 4678 2237 4750">
    <p class='ocr_par' dir='ltr' id='par_1_91' title="bbox 635 4678 2237 4750">
     <span class='ocr_line' id='line_1_91' title="bbox 635 4678 2237 4750; baseline -0.004 -11"><span class='ocrx_word' id='word_1_646' title='bbox 635 4696 868 4740; x_wconf 88' lang='lat' dir='ltr'><strong>veterem</strong></span> <span class='ocrx_word' id='word_1_647' title='bbox 890 4678 1353 4748; x_wconf 82' lang='lat' dir='ltr'><strong>consuetudinem,</strong></span> <span class='ocrx_word' id='word_1_648' title='bbox 1387 4684 1453 4736; x_wconf 89' lang='lat' dir='ltr'><strong>de</strong></span> <span class='ocrx_word' id='word_1_649' title='bbox 1484 4697 1585 4750; x_wconf 88' lang='lat' dir='ltr'><strong>qua</strong></span> <span class='ocrx_word' id='word_1_650' title='bbox 1619 4681 1755 4735; x_wconf 91' lang='lat' dir='ltr'><strong>libro</strong></span> <span class='ocrx_word' id='word_1_651' title='bbox 1792 4681 1856 4733; x_wconf 85' lang='lat' dir='ltr'><strong>de</strong></span> <span class='ocrx_word' id='word_1_652' title='bbox 1900 4678 2101 4748; x_wconf 82' lang='lat' dir='ltr'><strong>Lapsis,</strong></span> <span class='ocrx_word' id='word_1_653' title='bbox 2145 4689 2237 4734; x_wconf 86' lang='lat' dir='ltr'><strong>aut</strong></span> 
     </span>
    </p>
   </div>
   <div class='ocr_carea' id='block_1_92' title="bbox 633 4750 2236 4828">
    <p class='ocr_par' dir='ltr' id='par_1_92' title="bbox 633 4750 2236 4828">
     <span class='ocr_line' id='line_1_92' title="bbox 633 4750 2236 4828; baseline -0.002 -19"><span class='ocrx_word' id='word_1_654' title='bbox 633 4756 798 4828; x_wconf 78' lang='lat' dir='ltr'><strong>(quod</strong></span> <span class='ocrx_word' id='word_1_655' title='bbox 839 4757 1008 4823; x_wconf 82' lang='lat' dir='ltr'><strong>magis</strong></span> <span class='ocrx_word' id='word_1_656' title='bbox 1039 4766 1260 4825; x_wconf 88' lang='lat' dir='ltr'><strong>apparet</strong></span> <span class='ocrx_word' id='word_1_657' title='bbox 1289 4772 1352 4809; x_wconf 81' lang='lat' dir='ltr'><strong>ex</strong></span> <span class='ocrx_word' id='word_1_658' title='bbox 1392 4750 1758 4823; x_wconf 85' lang='lat' dir='ltr'><strong>sequentibus)</strong></span> <span class='ocrx_word' id='word_1_659' title='bbox 1801 4752 1868 4806; x_wconf 88' lang='lat' dir='ltr'><strong>de</strong></span> <span class='ocrx_word' id='word_1_660' title='bbox 1907 4753 2236 4823; x_wconf 88' lang='lat' dir='ltr'><strong>presbyteris</strong></span> 
     </span>
    </p>
   </div>
   <div class='ocr_carea' id='block_1_93' title="bbox 634 4829 1134 4898">
    <p class='ocr_par' dir='ltr' id='par_1_93' title="bbox 634 4829 1134 4898">
     <span class='ocr_line' id='line_1_93' title="bbox 634 4829 1134 4898; baseline -0.004 -16"><span class='ocrx_word' id='word_1_661' title='bbox 634 4829 888 4898; x_wconf 88' lang='lat' dir='ltr'><strong>loqttitur.</strong></span> <span class='ocrx_word' id='word_1_662' title='bbox 932 4829 1134 4883; x_wconf 68' lang='grc' dir='ltr'><strong>Ριυιει..</strong></span> 
     </span>
    </p>
   </div>
   <div class='ocr_carea' id='block_1_94' title="bbox 618 4895 2234 4965">
    <p class='ocr_par' dir='ltr' id='par_1_94' title="bbox 618 4895 2234 4965">
     <span class='ocr_line' id='line_1_94' title="bbox 618 4895 2234 4965; baseline -0.003 -12"><span class='ocrx_word' id='word_1_663' title='bbox 618 4909 624 4914; x_wconf 89' lang='grc'><em>’</em></span> <span class='ocrx_word' id='word_1_664' title='bbox 709 4895 837 4965; x_wconf 69' lang='lat' dir='ltr'><strong>Quae</strong></span> <span class='ocrx_word' id='word_1_665' title='bbox 860 4900 928 4952; x_wconf 80' lang='lat' dir='ltr'><strong>ad</strong></span> <span class='ocrx_word' id='word_1_666' title='bbox 952 4901 1156 4953; x_wconf 81' lang='lat' dir='ltr'><strong>laudent</strong></span> <span class='ocrx_word' id='word_1_667' title='bbox 1184 4898 1405 4952; x_wconf 82' lang='lat' dir='ltr'><strong>Domini.</strong></span> <span class='ocrx_word' id='word_1_668' title='bbox 1433 4898 1522 4952; x_wconf 90' lang='lat' dir='ltr'><strong>Sic</strong></span> <span class='ocrx_word' id='word_1_669' title='bbox 1548 4905 1692 4951; x_wconf 85' lang='lat' dir='ltr'><strong>recte</strong></span> <span class='ocrx_word' id='word_1_670' title='bbox 1709 4895 1906 4951; x_wconf 83' lang='lat' dir='ltr'><strong>Anton.</strong></span> <span class='ocrx_word' id='word_1_671' title='bbox 1932 4903 1987 4949; x_wconf 92' lang='lat' dir='ltr'><strong>ct</strong></span> <span class='ocrx_word' id='word_1_672' title='bbox 2013 4895 2234 4950; x_wconf 76' lang='lat' dir='ltr'><strong>More‘lii</strong></span> 
     </span>
    </p>
   </div>
   <div class='ocr_carea' id='block_1_95' title="bbox 635 4970 1624 5043">
    <p class='ocr_par' dir='ltr' id='par_1_95' title="bbox 635 4970 1624 5043">
     <span class='ocr_line' id='line_1_95' title="bbox 635 4970 1624 5043; baseline -0.003 -19"><span class='ocrx_word' id='word_1_673' title='bbox 635 4973 848 5043; x_wconf 86' lang='lat' dir='ltr'><strong>quidam</strong></span> <span class='ocrx_word' id='word_1_674' title='bbox 880 4972 1072 5037; x_wconf 81' lang='lat' dir='ltr'><strong>codex,</strong></span> <span class='ocrx_word' id='word_1_675' title='bbox 1105 4988 1201 5038; x_wconf 88' lang='lat' dir='ltr'><strong>pro</strong></span> <span class='ocrx_word' id='word_1_676' title='bbox 1244 4972 1375 5039; x_wconf 81' lang='lat' dir='ltr'><strong>ipsa.</strong></span> <span class='ocrx_word' id='word_1_677' title='bbox 1422 4970 1624 5043; x_wconf 74' lang='lat' dir='ltr'><strong>_P_.wt_:t..</strong></span> 
     </span>
    </p>
   </div>
   <div class='ocr_carea' id='block_1_96' title="bbox 669 5038 2234 5113">
    <p class='ocr_par' dir='ltr' id='par_1_96' title="bbox 669 5038 2234 5113">
     <span class='ocr_line' id='line_1_96' title="bbox 669 5038 2234 5113; baseline -0.004 -14"><span class='ocrx_word' id='word_1_678' title='bbox 669 5091 680 5099; x_wconf 76' lang='lat'><strong><em>,</em></strong></span> <span class='ocrx_word' id='word_1_679' title='bbox 711 5043 838 5111; x_wconf 73' lang='lat' dir='ltr'><strong>Qua:</strong></span> <span class='ocrx_word' id='word_1_680' title='bbox 860 5043 1059 5113; x_wconf 75' lang='lat' dir='ltr'><strong>signant</strong></span> <span class='ocrx_word' id='word_1_681' title='bbox 1081 5038 1272 5103; x_wconf 80' lang='lat' dir='ltr'><strong>crucis,</strong></span> <span class='ocrx_word' id='word_1_682' title='bbox 1291 5052 1394 5095; x_wconf 90' lang='lat' dir='ltr'><strong>etc.</strong></span> <span class='ocrx_word' id='word_1_683' title='bbox 1421 5041 1530 5094; x_wconf 92' lang='lat' dir='ltr'><strong>lloc</strong></span> <span class='ocrx_word' id='word_1_684' title='bbox 1553 5041 1744 5094; x_wconf 92' lang='lat' dir='ltr'><strong>iterum</strong></span> <span class='ocrx_word' id='word_1_685' title='bbox 1759 5053 1824 5094; x_wconf 77' lang='lat' dir='ltr'><strong>ex</strong></span> <span class='ocrx_word' id='word_1_686' title='bbox 1846 5038 2114 5113; x_wconf 64' lang='lat' dir='ltr'><strong>Antonino</strong></span> <span class='ocrx_word' id='word_1_687' title='bbox 2137 5053 2234 5113; x_wconf 84' lang='lat' dir='ltr'><strong>pro</strong></span> 
     </span>
    </p>
   </div>
   <div class='ocr_carea' id='block_1_97' title="bbox 635 5110 2234 5183">
    <p class='ocr_par' dir='ltr' id='par_1_97' title="bbox 635 5110 2234 5183">
     <span class='ocr_line' id='line_1_97' title="bbox 635 5110 2234 5183; baseline -0.001 -18"><span class='ocrx_word' id='word_1_688' title='bbox 635 5131 702 5171; x_wconf 82' lang='lat' dir='ltr'><strong>eo</strong></span> <span class='ocrx_word' id='word_1_689' title='bbox 737 5110 876 5183; x_wconf 85' lang='lat' dir='ltr'><strong>quod</strong></span> <span class='ocrx_word' id='word_1_690' title='bbox 908 5110 1064 5178; x_wconf 18' lang='lat' dir='ltr'><strong>vorat,</strong></span> <span class='ocrx_word' id='word_1_691' title='bbox 1109 5116 1222 5176; x_wconf 81' lang='lat' dir='ltr'><strong>ipsa</strong></span> <span class='ocrx_word' id='word_1_692' title='bbox 1270 5129 1357 5182; x_wconf 87' lang='lat' dir='ltr'><strong>per</strong></span> <span class='ocrx_word' id='word_1_693' title='bbox 1396 5128 1548 5182; x_wconf 84' lang='lat' dir='ltr'><strong>quam</strong></span> <span class='ocrx_word' id='word_1_694' title='bbox 1592 5123 1790 5166; x_wconf 82' lang='lat' dir='ltr'><strong>tuemur</strong></span> <span class='ocrx_word' id='word_1_695' title='bbox 1830 5111 2031 5178; x_wconf 85' lang='lat' dir='ltr'><strong>signum</strong></span> <span class='ocrx_word' id='word_1_696' title='bbox 2071 5110 2234 5164; x_wconf 86' lang='lat' dir='ltr'><strong>crucis</strong></span> 
     </span>
    </p>
   </div>
   <div class='ocr_carea' id='block_1_98' title="bbox 633 5186 1256 5255">
    <p class='ocr_par' dir='ltr' id='par_1_98' title="bbox 633 5186 1256 5255">
     <span class='ocr_line' id='line_1_98' title="bbox 633 5186 1256 5255; baseline 0 -15"><span class='ocrx_word' id='word_1_697' title='bbox 633 5187 690 5241; x_wconf 87' lang='lat' dir='ltr'><strong>in</strong></span> <span class='ocrx_word' id='word_1_698' title='bbox 738 5187 1007 5255; x_wconf 72' lang='lat' dir='ltr'><strong>frontibus.</strong></span> <span class='ocrx_word' id='word_1_699' title='bbox 1051 5186 1256 5240; x_wconf 73' lang='lat' dir='ltr'><strong>PAIEL.</strong></span> 
     </span>
    </p>
   </div>
   <div class='ocr_carea' id='block_1_99' title="bbox 708 5251 2230 5328">
    <p class='ocr_par' dir='ltr' id='par_1_99' title="bbox 708 5251 2230 5328">
     <span class='ocr_line' id='line_1_99' title="bbox 708 5251 2230 5328; baseline -0.003 -16"><span class='ocrx_word' id='word_1_700' title='bbox 708 5251 837 5328; x_wconf 74' lang='lat' dir='ltr'><strong>Ipsa</strong></span> <span class='ocrx_word' id='word_1_701' title='bbox 881 5274 993 5328; x_wconf 78' lang='lat' dir='ltr'><strong>qua:</strong></span> <span class='ocrx_word' id='word_1_702' title='bbox 1037 5259 1208 5311; x_wconf 87' lang='lat' dir='ltr'><strong>diriua</strong></span> <span class='ocrx_word' id='word_1_703' title='bbox 1259 5265 1593 5311; x_wconf 86' lang='lat' dir='ltr'><strong>sacramenta.</strong></span> <span class='ocrx_word' id='word_1_704' title='bbox 1629 5253 1786 5328; x_wconf 63' lang='lat' dir='ltr'><strong>Juxta</strong></span> <span class='ocrx_word' id='word_1_705' title='bbox 1840 5251 2230 5324; x_wconf 74' lang='lat' dir='ltr'><strong>prmcedentem</strong></span> 
     </span>
    </p>
   </div>
   <div class='ocr_carea' id='block_1_100' title="bbox 636 5326 2229 5450">
    <p class='ocr_par' dir='ltr' id='par_1_100' title="bbox 636 5326 2229 5450">
     <span class='ocr_line' id='line_1_100' title="bbox 636 5326 2229 5450; baseline -0.004 -64"><span class='ocrx_word' id='word_1_706' title='bbox 636 5326 900 5386; x_wconf 52' lang='lat' dir='ltr'><strong>Anteniui&#39;</strong></span> <span class='ocrx_word' id='word_1_707' title='bbox 915 5331 1218 5397; x_wconf 87' lang='lat' dir='ltr'><strong>lectionem,</strong></span> <span class='ocrx_word' id='word_1_708' title='bbox 1251 5344 1356 5384; x_wconf 91' lang='lat' dir='ltr'><strong>non</strong></span> <span class='ocrx_word' id='word_1_709' title='bbox 1385 5343 1503 5384; x_wconf 91' lang='lat' dir='ltr'><strong>sum</strong></span> <span class='ocrx_word' id='word_1_710' title='bbox 1526 5327 1727 5383; x_wconf 89' lang='lat' dir='ltr'><strong>veritus</strong></span> <span class='ocrx_word' id='word_1_711' title='bbox 1752 5326 2077 5450; x_wconf 53' lang='lat' dir='ltr'><strong>interscirere</strong></span> <span class='ocrx_word' id='word_1_712' title='bbox 2095 5341 2229 5396; x_wconf 62' lang='lat' dir='ltr'><strong>quas.</strong></span> 
     </span>
     <span class='ocr_line' id='line_1_101' title="bbox 1975 5412 2138 5450; baseline 0 0"><span class='ocrx_word' id='word_1_713' title='bbox 1975 5412 2138 5450; x_wconf 68' lang='lat' dir='ltr'><strong>AIEL.</strong></span> 
     </span>
    </p>
   </div>
   <div class='ocr_carea' id='block_1_101' title="bbox 1975 5412 2138 5452">
    <p class='ocr_par' dir='ltr' id='par_1_101' title="bbox 1975 5412 2138 5452">
     <span class='ocr_line' id='line_1_102' title="bbox 1975 5412 2138 5452; baseline 0.006 -1"><span class='ocrx_word' id='word_1_714' title='bbox 1975 5412 2138 5452; x_wconf 70' lang='lat' dir='ltr'><strong>AIEL.</strong></span> 
     </span>
    </p>
   </div>
   <div class='ocr_carea' id='block_1_102' title="bbox 711 5469 2230 5544">
    <p class='ocr_par' dir='ltr' id='par_1_102' title="bbox 711 5469 2230 5544">
     <span class='ocr_line' id='line_1_103' title="bbox 711 5469 2230 5544; baseline -0.002 -19"><span class='ocrx_word' id='word_1_715' title='bbox 711 5473 851 5540; x_wconf 83' lang='lat' dir='ltr'><strong>Quid</strong></span> <span class='ocrx_word' id='word_1_716' title='bbox 895 5483 990 5538; x_wconf 83' lang='lat' dir='ltr'><strong>est,</strong></span> <span class='ocrx_word' id='word_1_717' title='bbox 1037 5476 1265 5544; x_wconf 88' lang='lat' dir='ltr'><strong>inquam.</strong></span> <span class='ocrx_word' id='word_1_718' title='bbox 1311 5471 1652 5537; x_wconf 82' lang='lat' dir='ltr'><strong>Particulam,</strong></span> <span class='ocrx_word' id='word_1_719' title='bbox 1685 5471 1917 5544; x_wconf 68' lang='lat' dir='ltr'><strong>inquam,</strong></span> <span class='ocrx_word' id='word_1_720' title='bbox 1943 5484 2006 5544; x_wconf 66' lang='lat' dir='ltr'><strong>ett</strong></span> <span class='ocrx_word' id='word_1_721' title='bbox 2037 5469 2230 5544; x_wconf 81' lang='lat' dir='ltr'><strong>eodem</strong></span> 
     </span>
    </p>
   </div>
   <div class='ocr_carea' id='block_1_103' title="bbox 638 5539 2233 5615">
    <p class='ocr_par' dir='ltr' id='par_1_103' title="bbox 638 5539 2233 5615">
     <span class='ocr_line' id='line_1_104' title="bbox 638 5539 2233 5615; baseline -0.004 -15"><span class='ocrx_word' id='word_1_722' title='bbox 638 5539 910 5600; x_wconf 66' lang='lat' dir='ltr'><strong>Antonino</strong></span> <span class='ocrx_word' id='word_1_723' title='bbox 939 5539 1142 5613; x_wconf 79' lang='lat' dir='ltr'><strong>adjeci;</strong></span> <span class='ocrx_word' id='word_1_724' title='bbox 1176 5546 1372 5615; x_wconf 86' lang='lat' dir='ltr'><strong>quippe</strong></span> <span class='ocrx_word' id='word_1_725' title='bbox 1413 5544 1551 5610; x_wconf 88' lang='lat' dir='ltr'><strong>apml</strong></span> <span class='ocrx_word' id='word_1_726' title='bbox 1578 5559 1736 5612; x_wconf 89' lang='lat' dir='ltr'><strong>quem</strong></span> <span class='ocrx_word' id='word_1_727' title='bbox 1780 5539 1920 5615; x_wconf 67' lang='lat' dir='ltr'><strong>haud</strong></span> <span class='ocrx_word' id='word_1_728' title='bbox 1961 5540 2125 5596; x_wconf 89' lang='lat' dir='ltr'><strong>dubio</strong></span> <span class='ocrx_word' id='word_1_729' title='bbox 2155 5542 2233 5595; x_wconf 91' lang='lat' dir='ltr'><strong>sic</strong></span> 
     </span>
    </p>
   </div>
   <div class='ocr_carea' id='block_1_104' title="bbox 640 5613 1999 5684">
    <p class='ocr_par' dir='ltr' id='par_1_104' title="bbox 640 5613 1999 5684">
     <span class='ocr_line' id='line_1_105' title="bbox 640 5613 1999 5684; baseline -0.001 -18"><span class='ocrx_word' id='word_1_730' title='bbox 640 5615 943 5684; x_wconf 53' lang='lat' dir='ltr'><strong>legendum,</strong></span> <span class='ocrx_word' id='word_1_731' title='bbox 975 5631 1070 5681; x_wconf 90' lang='lat' dir='ltr'><strong>pro</strong></span> <span class='ocrx_word' id='word_1_732' title='bbox 1094 5630 1158 5667; x_wconf 78' lang='lat' dir='ltr'><strong>co</strong></span> <span class='ocrx_word' id='word_1_733' title='bbox 1187 5613 1326 5683; x_wconf 83' lang='lat' dir='ltr'><strong>quod</strong></span> <span class='ocrx_word' id='word_1_734' title='bbox 1358 5615 1537 5676; x_wconf 87' lang='lat' dir='ltr'><strong>habet,</strong></span> <span class='ocrx_word' id='word_1_735' title='bbox 1566 5615 1750 5684; x_wconf 83' lang='lat' dir='ltr'><strong>inquit.</strong></span> <span class='ocrx_word' id='word_1_736' title='bbox 1797 5613 1999 5667; x_wconf 64' lang='lat' dir='ltr'><strong>Pasti-3L.</strong></span> 
     </span>
    </p>
   </div>
   <div class='ocr_carea' id='block_1_105' title="bbox 717 5681 2235 5754">
    <p class='ocr_par' dir='ltr' id='par_1_105' title="bbox 717 5681 2235 5754">
     <span class='ocr_line' id='line_1_106' title="bbox 717 5681 2235 5754; baseline 0.004 -22"><span class='ocrx_word' id='word_1_737' title='bbox 717 5681 917 5754; x_wconf 79' lang='lat' dir='ltr'><strong>Diaboli</strong></span> <span class='ocrx_word' id='word_1_738' title='bbox 944 5681 1242 5754; x_wconf 80' lang='lat' dir='ltr'><strong>venabulum</strong></span> <span class='ocrx_word' id='word_1_739' title='bbox 1273 5695 1318 5737; x_wconf 85' lang='lat' dir='ltr'><strong>et</strong></span> <span class='ocrx_word' id='word_1_740' title='bbox 1341 5685 1509 5738; x_wconf 86' lang='lat' dir='ltr'><strong>delicti</strong></span> <span class='ocrx_word' id='word_1_741' title='bbox 1532 5681 1733 5754; x_wconf 79' lang='lat' dir='ltr'><strong>vulnus.</strong></span> <span class='ocrx_word' id='word_1_742' title='bbox 1763 5684 1887 5738; x_wconf 74' lang='lat' dir='ltr'><strong>Ilzec</strong></span> <span class='ocrx_word' id='word_1_743' title='bbox 1912 5685 2074 5739; x_wconf 88' lang='lat' dir='ltr'><strong>lectio</strong></span> <span class='ocrx_word' id='word_1_744' title='bbox 2099 5700 2235 5754; x_wconf 81' lang='lat' dir='ltr'><strong>quo-</strong></span> 
     </span>
    </p>
   </div>
   <div class='ocr_carea' id='block_1_106' title="bbox 647 5749 2240 5820">
    <p class='ocr_par' dir='ltr' id='par_1_106' title="bbox 647 5749 2240 5820">
     <span class='ocr_line' id='line_1_107' title="bbox 647 5749 2240 5820; baseline 0.009 -25"><span class='ocrx_word' id='word_1_745' title='bbox 647 5764 747 5820; x_wconf 77' lang='lat' dir='ltr'><strong>q-ie</strong></span> <span class='ocrx_word' id='word_1_746' title='bbox 777 5749 892 5820; x_wconf 82' lang='lat' dir='ltr'><strong>ejus</strong></span> <span class='ocrx_word' id='word_1_747' title='bbox 932 5753 1128 5820; x_wconf 82' lang='lat' dir='ltr'><strong>placet,</strong></span> <span class='ocrx_word' id='word_1_748' title='bbox 1169 5768 1280 5820; x_wconf 76' lang='lat' dir='ltr'><strong>prze</strong></span> <span class='ocrx_word' id='word_1_749' title='bbox 1321 5756 1553 5820; x_wconf 85' lang='lat' dir='ltr'><strong>vulgata,</strong></span> <span class='ocrx_word' id='word_1_750' title='bbox 1596 5753 1778 5806; x_wconf 87' lang='lat' dir='ltr'><strong>Zabuli</strong></span> <span class='ocrx_word' id='word_1_751' title='bbox 1809 5755 2000 5806; x_wconf 89' lang='lat' dir='ltr'><strong>malum</strong></span> <span class='ocrx_word' id='word_1_752' title='bbox 2037 5766 2084 5809; x_wconf 87' lang='lat' dir='ltr'><strong>et</strong></span> <span class='ocrx_word' id='word_1_753' title='bbox 2118 5749 2240 5810; x_wconf 48' lang='lat' dir='ltr'><strong>&#39;dia-</strong></span> 
     </span>
    </p>
   </div>
   <div class='ocr_carea' id='block_1_107' title="bbox 655 5817 2240 5891">
    <p class='ocr_par' dir='ltr' id='par_1_107' title="bbox 655 5817 2240 5891">
     <span class='ocr_line' id='line_1_108' title="bbox 655 5817 2240 5891; baseline 0.013 -28"><span class='ocrx_word' id='word_1_754' title='bbox 655 5817 750 5864; x_wconf 84' lang='lat' dir='ltr'><strong>boti</strong></span> <span class='ocrx_word' id='word_1_755' title='bbox 786 5817 973 5869; x_wconf 82' lang='lat' dir='ltr'><strong>rulnus.</strong></span> <span class='ocrx_word' id='word_1_756' title='bbox 1015 5817 1357 5887; x_wconf 47' lang='lat' dir='ltr'><strong>Juxta—quem</strong></span> <span class='ocrx_word' id='word_1_757' title='bbox 1390 5817 1581 5874; x_wconf 50' lang='lat' dir='ltr'><strong>it&#39;crum</strong></span> <span class='ocrx_word' id='word_1_758' title='bbox 1613 5824 1770 5877; x_wconf 73' lang='lat' dir='ltr'><strong>paulo</strong></span> <span class='ocrx_word' id='word_1_759' title='bbox 1800 5833 1917 5889; x_wconf 82' lang='lat' dir='ltr'><strong>post</strong></span> <span class='ocrx_word' id='word_1_760' title='bbox 1946 5831 1989 5874; x_wconf 84' lang='lat' dir='ltr'><strong>et</strong></span> <span class='ocrx_word' id='word_1_761' title='bbox 2020 5836 2240 5891; x_wconf 58' lang='lat' dir='ltr'><strong>pra‘ter-</strong></span> 
     </span>
    </p>
   </div>
   <div class='ocr_carea' id='block_1_108' title="bbox 2263 4537 2312 4597">
    <p class='ocr_par' dir='ltr' id='par_1_108' title="bbox 2263 4537 2312 4597">
     <span class='ocr_line' id='line_1_109' title="bbox 2263 4537 2312 4597; baseline 0 0"><span class='ocrx_word' id='word_1_762' title='bbox 2263 4537 2312 4597; x_wconf 92' lang='lat' dir='ltr'><strong>D</strong></span> 
     </span>
    </p>
   </div>
   <div class='ocr_carea' id='block_1_109' title="bbox 2330 4323 2846 4380">
    <p class='ocr_par' dir='ltr' id='par_1_109' title="bbox 2330 4323 2846 4380">
     <span class='ocr_line' id='line_1_110' title="bbox 2330 4323 2846 4380; baseline -0.008 0"><span class='ocrx_word' id='word_1_763' title='bbox 2330 4324 2594 4380; x_wconf 87' lang='lat' dir='ltr'><strong>misimus.</strong></span> <span class='ocrx_word' id='word_1_764' title='bbox 2642 4323 2846 4379; x_wconf 74' lang='lat' dir='ltr'><strong>PANEL.</strong></span> 
     </span>
    </p>
   </div>
   <div class='ocr_carea' id='block_1_110' title="bbox 2407 4392 3940 4467">
    <p class='ocr_par' dir='ltr' id='par_1_110' title="bbox 2407 4392 3940 4467">
     <span class='ocr_line' id='line_1_111' title="bbox 2407 4392 3940 4467; baseline -0.002 -17"><span class='ocrx_word' id='word_1_765' title='bbox 2407 4395 2505 4450; x_wconf 83' lang='lat' dir='ltr'><strong>Ubi</strong></span> <span class='ocrx_word' id='word_1_766' title='bbox 2530 4394 2782 4451; x_wconf 65' lang='lat' dir='ltr'><strong>demeruit:</strong></span> <span class='ocrx_word' id='word_1_767' title='bbox 2823 4404 2869 4448; x_wconf 85' lang='lat' dir='ltr'><strong>et</strong></span> <span class='ocrx_word' id='word_1_768' title='bbox 2911 4392 3070 4467; x_wconf 77' lang='lat' dir='ltr'><strong>furia.</strong></span> <span class='ocrx_word' id='word_1_769' title='bbox 3105 4395 3422 4461; x_wconf 83' lang='lat' dir='ltr'><strong>Antoninus,</strong></span> <span class='ocrx_word' id='word_1_770' title='bbox 3463 4394 3548 4448; x_wconf 88' lang='lat' dir='ltr'><strong>ubi</strong></span> <span class='ocrx_word' id='word_1_771' title='bbox 3575 4397 3752 4449; x_wconf 85' lang='lat' dir='ltr'><strong>mentis</strong></span> <span class='ocrx_word' id='word_1_772' title='bbox 3782 4395 3940 4465; x_wconf 79' lang='lat' dir='ltr'><strong>furia.</strong></span> 
     </span>
    </p>
   </div>
   <div class='ocr_carea' id='block_1_111' title="bbox 3584 4467 3790 4522">
    <p class='ocr_par' dir='ltr' id='par_1_111' title="bbox 3584 4467 3790 4522">
     <span class='ocr_line' id='line_1_112' title="bbox 3584 4467 3790 4522; baseline 0 -1"><span class='ocrx_word' id='word_1_773' title='bbox 3584 4467 3790 4522; x_wconf 74' lang='lat' dir='ltr'><strong>PAllEL.</strong></span> 
     </span>
    </p>
   </div>
   <div class='ocr_carea' id='block_1_112' title="bbox 2412 4537 3949 4610">
    <p class='ocr_par' dir='ltr' id='par_1_112' title="bbox 2412 4537 3949 4610">
     <span class='ocr_line' id='line_1_113' title="bbox 2412 4537 3949 4610; baseline -0.001 -18"><span class='ocrx_word' id='word_1_774' title='bbox 2412 4539 2532 4594; x_wconf 86' lang='lat' dir='ltr'><strong>Illic</strong></span> <span class='ocrx_word' id='word_1_775' title='bbox 2576 4539 2778 4593; x_wconf 84' lang='lat' dir='ltr'><strong>rabiosa</strong></span> <span class='ocrx_word' id='word_1_776' title='bbox 2827 4539 3072 4592; x_wconf 84' lang='lat' dir='ltr'><strong>amicitia.</strong></span> <span class='ocrx_word' id='word_1_777' title='bbox 3119 4537 3207 4594; x_wconf 90' lang='lat' dir='ltr'><strong>Sic</strong></span> <span class='ocrx_word' id='word_1_778' title='bbox 3234 4539 3394 4593; x_wconf 90' lang='lat' dir='ltr'><strong>etiam</strong></span> <span class='ocrx_word' id='word_1_779' title='bbox 3437 4539 3545 4605; x_wconf 77' lang='lat' dir='ltr'><strong>ille,</strong></span> <span class='ocrx_word' id='word_1_780' title='bbox 3575 4549 3628 4592; x_wconf 91' lang='lat' dir='ltr'><strong>et</strong></span> <span class='ocrx_word' id='word_1_781' title='bbox 3656 4541 3795 4592; x_wconf 87' lang='lat' dir='ltr'><strong>alius</strong></span> <span class='ocrx_word' id='word_1_782' title='bbox 3825 4539 3949 4610; x_wconf 88' lang='lat' dir='ltr'><strong>qni-</strong></span> 
     </span>
    </p>
   </div>
   <div class='ocr_carea' id='block_1_113' title="bbox 2339 4611 3608 4679">
    <p class='ocr_par' dir='ltr' id='par_1_113' title="bbox 2339 4611 3608 4679">
     <span class='ocr_line' id='line_1_114' title="bbox 2339 4611 3608 4679; baseline -0.002 -14"><span class='ocrx_word' id='word_1_783' title='bbox 2339 4611 2461 4666; x_wconf 90' lang='lat' dir='ltr'><strong>dam</strong></span> <span class='ocrx_word' id='word_1_784' title='bbox 2493 4611 2719 4665; x_wconf 81' lang='lat' dir='ltr'><strong>lllurellii</strong></span> <span class='ocrx_word' id='word_1_785' title='bbox 2748 4611 2946 4672; x_wconf 75' lang='lat' dir='ltr'><strong>Codex,</strong></span> <span class='ocrx_word' id='word_1_786' title='bbox 2981 4625 3078 4679; x_wconf 93' lang='lat' dir='ltr'><strong>pro</strong></span> <span class='ocrx_word' id='word_1_787' title='bbox 3102 4611 3356 4664; x_wconf 84' lang='lat' dir='ltr'><strong>rabidosa.</strong></span> <span class='ocrx_word' id='word_1_788' title='bbox 3402 4611 3608 4665; x_wconf 76' lang='grc' dir='ltr'>ΡΑιιει..</span> 
     </span>
    </p>
   </div>
   <div class='ocr_carea' id='block_1_114' title="bbox 2414 4681 3947 4752">
    <p class='ocr_par' dir='ltr' id='par_1_114' title="bbox 2414 4681 3947 4752">
     <span class='ocr_line' id='line_1_115' title="bbox 2414 4681 3947 4752; baseline -0.001 -16"><span class='ocrx_word' id='word_1_789' title='bbox 2414 4682 2636 4737; x_wconf 70' lang='lat' dir='ltr'><strong>Sceleris</strong></span> <span class='ocrx_word' id='word_1_790' title='bbox 2665 4682 2980 4750; x_wconf 77' lang='lat' dir='ltr'><strong>fraternitas.</strong></span> <span class='ocrx_word' id='word_1_791' title='bbox 3001 4681 3069 4735; x_wconf 83' lang='lat' dir='ltr'><strong>lla</strong></span> <span class='ocrx_word' id='word_1_792' title='bbox 3098 4682 3234 4736; x_wconf 86' lang='lat' dir='ltr'><strong>alius</strong></span> <span class='ocrx_word' id='word_1_793' title='bbox 3265 4681 3487 4737; x_wconf 69' lang='lat' dir='ltr'><strong>.‘Iorcllii</strong></span> <span class='ocrx_word' id='word_1_794' title='bbox 3515 4681 3682 4736; x_wconf 73' lang='lat' dir='ltr'><strong>codex</strong></span> <span class='ocrx_word' id='word_1_795' title='bbox 3714 4696 3815 4752; x_wconf 88' lang='lat' dir='ltr'><strong>pro</strong></span> <span class='ocrx_word' id='word_1_796' title='bbox 3843 4698 3947 4734; x_wconf 77' lang='grc' dir='ltr'><strong>ιηιο</strong></span> 
     </span>
    </p>
   </div>
   <div class='ocr_carea' id='block_1_115' title="bbox 2339 4754 2825 4809">
    <p class='ocr_par' dir='ltr' id='par_1_115' title="bbox 2339 4754 2825 4809">
     <span class='ocr_line' id='line_1_116' title="bbox 2339 4754 2825 4809; baseline -0.002 -1"><span class='ocrx_word' id='word_1_797' title='bbox 2339 4755 2576 4808; x_wconf 87' lang='lat' dir='ltr'><strong>mauitas.</strong></span> <span class='ocrx_word' id='word_1_798' title='bbox 2619 4754 2825 4809; x_wconf 66' lang='lat' dir='ltr'><strong>Pasti-1L.</strong></span> 
     </span>
    </p>
   </div>
   <div class='ocr_carea' id='block_1_116' title="bbox 2416 4825 3950 4895">
    <p class='ocr_par' dir='ltr' id='par_1_116' title="bbox 2416 4825 3950 4895">
     <span class='ocr_line' id='line_1_117' title="bbox 2416 4825 3950 4895; baseline 0.001 -17"><span class='ocrx_word' id='word_1_799' title='bbox 2416 4825 2606 4880; x_wconf 86' lang='lat' dir='ltr'><strong>\&#39;ll.—</strong></span> <span class='ocrx_word' id='word_1_800' title='bbox 2622 4825 2756 4895; x_wconf 82' lang='lat' dir='ltr'><strong>Opes</strong></span> <span class='ocrx_word' id='word_1_801' title='bbox 2786 4841 2995 4879; x_wconf 88' lang='lat' dir='ltr'><strong>avorum</strong></span> <span class='ocrx_word' id='word_1_802' title='bbox 3021 4825 3208 4880; x_wconf 85' lang='lat' dir='ltr'><strong>sudore</strong></span> <span class='ocrx_word' id='word_1_803' title='bbox 3236 4826 3493 4894; x_wconf 69' lang='lat' dir='ltr'><strong>quaesitas.</strong></span> <span class='ocrx_word' id='word_1_804' title='bbox 3536 4825 3686 4880; x_wconf 78' lang='lat' dir='ltr'><strong>Alius</strong></span> <span class='ocrx_word' id='word_1_805' title='bbox 3710 4825 3950 4882; x_wconf 83' lang='lat' dir='ltr'><strong>Morcllii</strong></span> 
     </span>
    </p>
   </div>
   <div class='ocr_carea' id='block_1_117' title="bbox 2338 4896 3506 4959">
    <p class='ocr_par' dir='ltr' id='par_1_117' title="bbox 2338 4896 3506 4959">
     <span class='ocr_line' id='line_1_118' title="bbox 2338 4896 3506 4959; baseline -0.001 -6"><span class='ocrx_word' id='word_1_806' title='bbox 2338 4897 2506 4953; x_wconf 76' lang='lat' dir='ltr'><strong>codex</strong></span> <span class='ocrx_word' id='word_1_807' title='bbox 2536 4896 2842 4959; x_wconf 84' lang='lat' dir='ltr'><strong>sudoribus,</strong></span> <span class='ocrx_word' id='word_1_808' title='bbox 2871 4897 2950 4951; x_wconf 90' lang='lat' dir='ltr'><strong>sic</strong></span> <span class='ocrx_word' id='word_1_809' title='bbox 2975 4906 3030 4950; x_wconf 92' lang='lat' dir='ltr'><strong>et</strong></span> <span class='ocrx_word' id='word_1_810' title='bbox 3061 4900 3256 4951; x_wconf 79' lang='lat' dir='ltr'><strong>Anton.</strong></span> <span class='ocrx_word' id='word_1_811' title='bbox 3304 4897 3506 4952; x_wconf 73' lang='lat' dir='ltr'><strong>PAIEL.</strong></span> 
     </span>
    </p>
   </div>
   <div class='ocr_carea' id='block_1_118' title="bbox 2413 4967 3952 5037">
    <p class='ocr_par' dir='ltr' id='par_1_118' title="bbox 2413 4967 3952 5037">
     <span class='ocr_line' id='line_1_119' title="bbox 2413 4967 3952 5037; baseline 0.001 -15"><span class='ocrx_word' id='word_1_812' title='bbox 2413 4967 2539 5022; x_wconf 77' lang='lat' dir='ltr'><strong>Cum</strong></span> <span class='ocrx_word' id='word_1_813' title='bbox 2571 4979 2614 5021; x_wconf 84' lang='lat' dir='ltr'><strong>et</strong></span> <span class='ocrx_word' id='word_1_814' title='bbox 2655 4978 2725 5022; x_wconf 89' lang='lat' dir='ltr'><strong>tot</strong></span> <span class='ocrx_word' id='word_1_815' title='bbox 2753 4977 2916 5022; x_wconf 85' lang='lat' dir='ltr'><strong>essent</strong></span> <span class='ocrx_word' id='word_1_816' title='bbox 2946 4969 3195 5037; x_wconf 72' lang='lat' dir='ltr'><strong>augeudw</strong></span> <span class='ocrx_word' id='word_1_817' title='bbox 3223 4969 3314 5033; x_wconf 85' lang='lat' dir='ltr'><strong>rei,</strong></span> <span class='ocrx_word' id='word_1_818' title='bbox 3349 4979 3451 5022; x_wconf 93' lang='lat' dir='ltr'><strong>etc.</strong></span> <span class='ocrx_word' id='word_1_819' title='bbox 3483 4967 3696 5037; x_wconf 81' lang='lat' dir='ltr'><strong>Aliquid</strong></span> <span class='ocrx_word' id='word_1_820' title='bbox 3725 4967 3952 5024; x_wconf 85' lang='lat' dir='ltr'><strong>deside—</strong></span> 
     </span>
    </p>
   </div>
   <div class='ocr_carea' id='block_1_119' title="bbox 2339 5040 3814 5109">
    <p class='ocr_par' dir='ltr' id='par_1_119' title="bbox 2339 5040 3814 5109">
     <span class='ocr_line' id='line_1_120' title="bbox 2339 5040 3814 5109; baseline -0.003 -14"><span class='ocrx_word' id='word_1_821' title='bbox 2339 5050 2505 5106; x_wconf 88' lang='lat' dir='ltr'><strong>ratur,</strong></span> <span class='ocrx_word' id='word_1_822' title='bbox 2540 5055 2731 5109; x_wconf 89' lang='lat' dir='ltr'><strong>nempe</strong></span> <span class='ocrx_word' id='word_1_823' title='bbox 2758 5040 3066 5104; x_wconf 73' lang='lat' dir='ltr'><strong>occasiones,</strong></span> <span class='ocrx_word' id='word_1_824' title='bbox 3098 5051 3187 5094; x_wconf 90' lang='lat' dir='ltr'><strong>aut</strong></span> <span class='ocrx_word' id='word_1_825' title='bbox 3214 5040 3388 5093; x_wconf 87' lang='lat' dir='ltr'><strong>simile</strong></span> <span class='ocrx_word' id='word_1_826' title='bbox 3413 5041 3558 5108; x_wconf 87' lang='lat' dir='ltr'><strong>quid.</strong></span> <span class='ocrx_word' id='word_1_827' title='bbox 3606 5041 3814 5094; x_wconf 72' lang='grc' dir='ltr'>ΡΑιιει..</span> 
     </span>
    </p>
   </div>
   <div class='ocr_carea' id='block_1_120' title="bbox 2409 5111 3957 5182">
    <p class='ocr_par' dir='ltr' id='par_1_120' title="bbox 2409 5111 3957 5182">
     <span class='ocr_line' id='line_1_121' title="bbox 2409 5111 3957 5182; baseline -0.001 -16"><span class='ocrx_word' id='word_1_828' title='bbox 2409 5112 2534 5166; x_wconf 83' lang='lat' dir='ltr'><strong>Alea</strong></span> <span class='ocrx_word' id='word_1_829' title='bbox 2558 5123 2630 5166; x_wconf 84' lang='lat' dir='ltr'><strong>est</strong></span> <span class='ocrx_word' id='word_1_830' title='bbox 2653 5111 2826 5166; x_wconf 79' lang='lat' dir='ltr'><strong>alveus</strong></span> <span class='ocrx_word' id='word_1_831' title='bbox 2849 5111 2990 5177; x_wconf 85' lang='lat' dir='ltr'><strong>mali,</strong></span> <span class='ocrx_word' id='word_1_832' title='bbox 3022 5121 3125 5166; x_wconf 89' lang='lat' dir='ltr'><strong>etc.</strong></span> <span class='ocrx_word' id='word_1_833' title='bbox 3153 5111 3263 5166; x_wconf 88' lang='lat' dir='ltr'><strong>Hoc</strong></span> <span class='ocrx_word' id='word_1_834' title='bbox 3291 5126 3502 5166; x_wconf 88' lang='lat' dir='ltr'><strong>rursum</strong></span> <span class='ocrx_word' id='word_1_835' title='bbox 3532 5127 3598 5165; x_wconf 79' lang='lat' dir='ltr'><strong>ex</strong></span> <span class='ocrx_word' id='word_1_836' title='bbox 3623 5116 3826 5166; x_wconf 79' lang='lat' dir='ltr'><strong>Anton.</strong></span> <span class='ocrx_word' id='word_1_837' title='bbox 3861 5128 3957 5182; x_wconf 83' lang='lat' dir='ltr'><strong>pro</strong></span> 
     </span>
    </p>
   </div>
   <div class='ocr_carea' id='block_1_121' title="bbox 2337 5183 3956 5309">
    <p class='ocr_par' dir='ltr' id='par_1_121' title="bbox 2337 5183 3956 5309">
     <span class='ocr_line' id='line_1_122' title="bbox 2337 5183 3956 5309; baseline -0.002 -71"><span class='ocrx_word' id='word_1_838' title='bbox 2337 5184 2544 5255; x_wconf 79' lang='lat' dir='ltr'><strong>laqueus</strong></span> <span class='ocrx_word' id='word_1_839' title='bbox 2575 5195 2666 5253; x_wconf 32' lang='lat' dir='ltr'><strong>,est</strong></span> <span class='ocrx_word' id='word_1_840' title='bbox 2718 5183 2804 5237; x_wconf 86' lang='lat' dir='ltr'><strong>ille</strong></span> <span class='ocrx_word' id='word_1_841' title='bbox 2833 5183 3012 5251; x_wconf 49' lang='lat' dir='ltr'><strong>.mali,</strong></span> <span class='ocrx_word' id='word_1_842' title='bbox 3057 5195 3103 5236; x_wconf 84' lang='lat' dir='ltr'><strong>et</strong></span> <span class='ocrx_word' id='word_1_843' title='bbox 3151 5183 3498 5254; x_wconf 73' lang='lat' dir='ltr'><strong>supplantatio</strong></span> <span class='ocrx_word' id='word_1_844' title='bbox 3549 5184 3784 5309; x_wconf 51' lang='lat' dir='ltr'><strong>inlimici,</strong></span> <span class='ocrx_word' id='word_1_845' title='bbox 3847 5186 3956 5255; x_wconf 81' lang='lat' dir='ltr'><strong>qui.</strong></span> 
     </span>
     <span class='ocr_line' id='line_1_123' title="bbox 3634 5269 3801 5308; baseline -0.012 0"><span class='ocrx_word' id='word_1_846' title='bbox 3634 5269 3801 5308; x_wconf 65' lang='grc' dir='ltr'><strong>Αυει.</strong></span> 
     </span>
    </p>
   </div>
   <div class='ocr_carea' id='block_1_122' title="bbox 3634 5269 3801 5308">
    <p class='ocr_par' dir='ltr' id='par_1_122' title="bbox 3634 5269 3801 5308">
     <span class='ocr_line' id='line_1_124' title="bbox 3634 5269 3801 5308; baseline -0.012 0"><span class='ocrx_word' id='word_1_847' title='bbox 3634 5269 3801 5308; x_wconf 68' lang='grc' dir='ltr'><strong>ΑΙΕι.</strong></span> 
     </span>
    </p>
   </div>
   <div class='ocr_carea' id='block_1_123' title="bbox 2409 5325 3957 5399">
    <p class='ocr_par' dir='ltr' id='par_1_123' title="bbox 2409 5325 3957 5399">
     <span class='ocr_line' id='line_1_125' title="bbox 2409 5325 3957 5399; baseline -0.001 -18"><span class='ocrx_word' id='word_1_848' title='bbox 2409 5327 2535 5399; x_wconf 85' lang='lat' dir='ltr'><strong>Sine</strong></span> <span class='ocrx_word' id='word_1_849' title='bbox 2569 5327 2678 5380; x_wconf 87' lang='lat' dir='ltr'><strong>ulla</strong></span> <span class='ocrx_word' id='word_1_850' title='bbox 2725 5327 2823 5394; x_wconf 78' lang='lat' dir='ltr'><strong>fori</strong></span> <span class='ocrx_word' id='word_1_851' title='bbox 2865 5327 3141 5399; x_wconf 89' lang='lat' dir='ltr'><strong>calumnia.</strong></span> <span class='ocrx_word' id='word_1_852' title='bbox 3184 5326 3260 5380; x_wconf 82' lang='lat' dir='ltr'><strong>Ex</strong></span> <span class='ocrx_word' id='word_1_853' title='bbox 3289 5325 3631 5399; x_wconf 74' lang='lat' dir='ltr'><strong>eodem&#39;fori,</strong></span> <span class='ocrx_word' id='word_1_854' title='bbox 3673 5341 3772 5399; x_wconf 75' lang='lat' dir='ltr'><strong>pro</strong></span> <span class='ocrx_word' id='word_1_855' title='bbox 3806 5329 3957 5399; x_wconf 79' lang='lat' dir='ltr'><strong>forti.</strong></span> 
     </span>
    </p>
   </div>
   <div class='ocr_carea' id='block_1_124' title="bbox 2333 5397 3961 5471">
    <p class='ocr_par' dir='ltr' id='par_1_124' title="bbox 2333 5397 3961 5471">
     <span class='ocr_line' id='line_1_126' title="bbox 2333 5397 3961 5471; baseline -0.001 -17"><span class='ocrx_word' id='word_1_856' title='bbox 2333 5397 2439 5454; x_wconf 88' lang='lat' dir='ltr'><strong>Sed</strong></span> <span class='ocrx_word' id='word_1_857' title='bbox 2471 5399 2701 5471; x_wconf 65' lang='lat' dir='ltr'><strong>vicissim</strong></span> <span class='ocrx_word' id='word_1_858' title='bbox 2729 5401 2870 5467; x_wconf 90' lang='lat' dir='ltr'><strong>apud</strong></span> <span class='ocrx_word' id='word_1_859' title='bbox 2899 5398 3047 5453; x_wconf 89' lang='lat' dir='ltr'><strong>illum</strong></span> <span class='ocrx_word' id='word_1_860' title='bbox 3109 5397 3476 5469; x_wconf 85' lang='lat' dir='ltr'><strong>reponendum</strong></span> <span class='ocrx_word' id='word_1_861' title='bbox 3516 5397 3819 5460; x_wconf 47' lang='lat' dir='ltr'><strong>calumnia;</strong></span> <span class='ocrx_word' id='word_1_862' title='bbox 3863 5415 3961 5471; x_wconf 87' lang='lat' dir='ltr'><strong>pro</strong></span> 
     </span>
    </p>
   </div>
   <div class='ocr_carea' id='block_1_125' title="bbox 2334 5470 2818 5542">
    <p class='ocr_par' dir='ltr' id='par_1_125' title="bbox 2334 5470 2818 5542">
     <span class='ocr_line' id='line_1_127' title="bbox 2334 5470 2818 5542; baseline -0.004 -16"><span class='ocrx_word' id='word_1_863' title='bbox 2334 5473 2568 5542; x_wconf 62' lang='lat' dir='ltr'><strong>pecunia.</strong></span> <span class='ocrx_word' id='word_1_864' title='bbox 2613 5470 2818 5542; x_wconf 67' lang='lat' dir='ltr'><strong>l’sueu.</strong></span> 
     </span>
    </p>
   </div>
   <div class='ocr_carea' id='block_1_126' title="bbox 2409 5539 3961 5610">
    <p class='ocr_par' dir='ltr' id='par_1_126' title="bbox 2409 5539 3961 5610">
     <span class='ocr_line' id='line_1_128' title="bbox 2409 5539 3961 5610; baseline 0.001 -14"><span class='ocrx_word' id='word_1_865' title='bbox 2409 5540 2547 5598; x_wconf 77' lang='lat' dir='ltr'><strong>VIII.</strong></span> <span class='ocrx_word' id='word_1_866' title='bbox 2577 5572 2647 5580; x_wconf 97' lang='lat'><strong>—</strong></span> <span class='ocrx_word' id='word_1_867' title='bbox 2678 5541 2934 5597; x_wconf 84' lang='lat' dir='ltr'><strong>lnstiuctu</strong></span> <span class='ocrx_word' id='word_1_868' title='bbox 2993 5540 3152 5596; x_wconf 84' lang='lat' dir='ltr'><strong>solius</strong></span> <span class='ocrx_word' id='word_1_869' title='bbox 3202 5540 3407 5594; x_wconf 85' lang='lat' dir='ltr'><strong>Zabuli.</strong></span> <span class='ocrx_word' id='word_1_870' title='bbox 3475 5539 3589 5596; x_wconf 85' lang='lat' dir='ltr'><strong>Hoc</strong></span> <span class='ocrx_word' id='word_1_871' title='bbox 3640 5555 3872 5610; x_wconf 84' lang='lat' dir='ltr'><strong>quoque</strong></span> <span class='ocrx_word' id='word_1_872' title='bbox 3895 5558 3961 5597; x_wconf 77' lang='lat' dir='ltr'><strong>ex</strong></span> 
     </span>
    </p>
   </div>
   <div class='ocr_carea' id='block_1_127' title="bbox 2337 5613 3958 5683">
    <p class='ocr_par' dir='ltr' id='par_1_127' title="bbox 2337 5613 3958 5683">
     <span class='ocr_line' id='line_1_129' title="bbox 2337 5613 3958 5683; baseline -0.001 -16"><span class='ocrx_word' id='word_1_873' title='bbox 2337 5613 2526 5668; x_wconf 88' lang='lat' dir='ltr'><strong>eodem</strong></span> <span class='ocrx_word' id='word_1_874' title='bbox 2555 5655 2570 5675; x_wconf 94' lang='lat'><strong>,</strong></span> <span class='ocrx_word' id='word_1_875' title='bbox 2631 5628 2726 5679; x_wconf 89' lang='lat' dir='ltr'><strong>pro</strong></span> <span class='ocrx_word' id='word_1_876' title='bbox 2780 5615 3027 5683; x_wconf 81' lang='lat' dir='ltr'><strong>instigant</strong></span> <span class='ocrx_word' id='word_1_877' title='bbox 3061 5655 3075 5678; x_wconf 94' lang='lat'><strong>,</strong></span> <span class='ocrx_word' id='word_1_878' title='bbox 3139 5614 3226 5682; x_wconf 92' lang='lat' dir='ltr'><strong>qui</strong></span> <span class='ocrx_word' id='word_1_879' title='bbox 3253 5614 3414 5666; x_wconf 86' lang='lat' dir='ltr'><strong>etiam</strong></span> <span class='ocrx_word' id='word_1_880' title='bbox 3456 5613 3584 5682; x_wconf 82' lang='lat' dir='ltr'><strong>legit</strong></span> <span class='ocrx_word' id='word_1_881' title='bbox 3623 5613 3958 5682; x_wconf 75' lang='lat' dir='ltr'><strong>adimplerit,</strong></span> 
     </span>
    </p>
   </div>
   <div class='ocr_carea' id='block_1_128' title="bbox 2339 5684 3546 5755">
    <p class='ocr_par' dir='ltr' id='par_1_128' title="bbox 2339 5684 3546 5755">
     <span class='ocr_line' id='line_1_130' title="bbox 2339 5684 3546 5755; baseline -0.001 -17"><span class='ocrx_word' id='word_1_882' title='bbox 2339 5699 2438 5755; x_wconf 90' lang='lat' dir='ltr'><strong>pro</strong></span> <span class='ocrx_word' id='word_1_883' title='bbox 2481 5684 2790 5751; x_wconf 78' lang='lat' dir='ltr'><strong>repleverat;</strong></span> <span class='ocrx_word' id='word_1_884' title='bbox 2836 5686 2930 5738; x_wconf 72' lang='lat' dir='ltr'><strong>30d</strong></span> <span class='ocrx_word' id='word_1_885' title='bbox 2986 5684 3088 5739; x_wconf 91' lang='lat' dir='ltr'><strong>hoc</strong></span> <span class='ocrx_word' id='word_1_886' title='bbox 3137 5685 3295 5738; x_wconf 87' lang='lat' dir='ltr'><strong>male.</strong></span> <span class='ocrx_word' id='word_1_887' title='bbox 3341 5684 3546 5739; x_wconf 74' lang='lat' dir='ltr'><strong>PanEL.</strong></span> 
     </span>
    </p>
   </div>
   <div class='ocr_carea' id='block_1_129' title="bbox 2414 5755 3966 5823">
    <p class='ocr_par' dir='ltr' id='par_1_129' title="bbox 2414 5755 3966 5823">
     <span class='ocr_line' id='line_1_131' title="bbox 2414 5755 3966 5823; baseline 0.002 -16"><span class='ocrx_word' id='word_1_888' title='bbox 2414 5755 2478 5808; x_wconf 90' lang='lat' dir='ltr'><strong>In</strong></span> <span class='ocrx_word' id='word_1_889' title='bbox 2508 5757 2647 5810; x_wconf 88' lang='lat' dir='ltr'><strong>sinus</strong></span> <span class='ocrx_word' id='word_1_890' title='bbox 2676 5773 2814 5811; x_wconf 82' lang='lat' dir='ltr'><strong>suos.</strong></span> <span class='ocrx_word' id='word_1_891' title='bbox 2861 5755 3043 5818; x_wconf 81' lang='lat' dir='ltr'><strong>Forte,</strong></span> <span class='ocrx_word' id='word_1_892' title='bbox 3075 5757 3128 5809; x_wconf 90' lang='lat' dir='ltr'><strong>in</strong></span> <span class='ocrx_word' id='word_1_893' title='bbox 3159 5757 3272 5809; x_wconf 87' lang='lat' dir='ltr'><strong>sinu</strong></span> <span class='ocrx_word' id='word_1_894' title='bbox 3303 5765 3428 5823; x_wconf 78' lang='lat' dir='ltr'><strong>suo;</strong></span> <span class='ocrx_word' id='word_1_895' title='bbox 3460 5767 3539 5811; x_wconf 91' lang='lat' dir='ltr'><strong>est</strong></span> <span class='ocrx_word' id='word_1_896' title='bbox 3569 5766 3743 5812; x_wconf 81' lang='lat' dir='ltr'><strong>tamen</strong></span> <span class='ocrx_word' id='word_1_897' title='bbox 3773 5756 3966 5812; x_wconf 80' lang='lat' dir='ltr'><strong>adhuc</strong></span> 
     </span>
    </p>
   </div>
   <div class='ocr_carea' id='block_1_130' title="bbox 2341 5827 3380 5884">
    <p class='ocr_par' dir='ltr' id='par_1_130' title="bbox 2341 5827 3380 5884">
     <span class='ocr_line' id='line_1_132' title="bbox 2341 5827 3380 5884; baseline -0.002 -2"><span class='ocrx_word' id='word_1_898' title='bbox 2341 5829 2490 5882; x_wconf 90' lang='lat' dir='ltr'><strong>locus</strong></span> <span class='ocrx_word' id='word_1_899' title='bbox 2519 5829 2779 5884; x_wconf 88' lang='lat' dir='ltr'><strong>obscurus</strong></span> <span class='ocrx_word' id='word_1_900' title='bbox 2809 5839 2861 5884; x_wconf 93' lang='lat' dir='ltr'><strong>et</strong></span> <span class='ocrx_word' id='word_1_901' title='bbox 2892 5827 3127 5883; x_wconf 88' lang='lat' dir='ltr'><strong>mutilus.</strong></span> <span class='ocrx_word' id='word_1_902' title='bbox 3175 5827 3380 5882; x_wconf 63' lang='lat' dir='ltr'><strong>Panem.</strong></span> 
     </span>
    </p>
   </div>
  </div>
