4214 6266
324 281 439 339 853

1660 280 1746 337 DE
1787 281 2288 342 ALEATORIBUS.

3524 285 3637 344 854

323 376 424 466 (sic
455 390 599 448 enim
622 390 674 446 in
698 391 917 447 nomine
948 392 1116 464 turpis
1141 400 1244 457 cst,
1269 393 1541 464 quomodo
1563 393 1612 447 in
1648 393 1923 450 t'aetisini-
1952 403 2004 461 Α
2030 395 2274 453 deorbati
2318 394 2508 451 Zabuli
2553 393 2815 467 caligine,
2848 394 3076 453 invicem
3121 397 3222 454 sibi
3264 411 3454 455 manus
3498 398 3637 455 infe-

323 484 483 556 qtm.)
514 495 568 540 ct
596 483 821 555 quisque
856 484 947 540 Dei
981 500 1175 541 servus
1204 486 1334 541 alca.-
1373 485 1604 541 tabulam
1650 486 1929 557 amplecti-

324 588 431 640 μιν,
467 578 701 632 aucturis
740 577 955 633 nomine
987 588 1287 634 vocaretur.
1328 578 1426 634 lllc
1454 578 1596 633 enim
1626 593 1747 633 eum
1788 594 1846 634 se
1875 579 1927 634 in

321 670 642 729 Statuttculis
672 679 726 726 ct
747 671 1051 727 simulacris
1078 671 1354 737 formarat,
1378 672 1522 727 aliud
1550 675 1752 728 crimcn
1779 672 1929 727 adin-

320 766 486 830 veuit,
518 782 622 835 quo
649 779 707 820 se
736 764 803 819 ab
833 764 1189 820 imitatoribus
1215 768 1327 820 suis
1353 774 1378 801 ἰ
1404 764 1712 833 colendum,
1745 775 1799 821 et
1826 764 1929 821 sibi

321 857 731 918 sacriﬁcandum
765 857 1023 924 instituit;
1069 857 1138 912 ita
1173 866 1228 913 ut
1268 859 1358 929 qui
1402 857 1563 912 vellet
1598 855 1776 912 studio
1814 855 1931 928 ejus

322 951 620 1017 adhaerere,
663 965 769 1006 non
805 961 930 1007 ante
967 966 1185 1006 manum
1228 952 1281 1006 in
1328 951 1562 1007 tabulam
1609 951 1929 1023 porrigeret,

323 1046 425 1102 nisi
452 1044 660 1101 auctori
684 1042 847 1114 hujus
874 1042 1021 1114 prius
1049 1040 1424 1099 sacriﬁcasset.
1447 1041 1575 1098 Inde
1604 1043 1801 1098 factum
1824 1052 1926 1108 est,

329 1148 388 1194 ut
413 1138 539 1193 olim
561 1135 654 1208 qui
677 1136 838 1191 homo
863 1133 1054 1203 fuerat,
1076 1143 1131 1191 et
1150 1133 1399 1191 facinoris
1419 1134 1762 1191 admissionis
1783 1133 1935 1189 adulo

327 1242 428 1299 ter,
451 1240 569 1301 post
590 1238 839 1294 mortem,
861 1244 892 1283 a
912 1226 1146 1299 profanis
1172 1227 1200 1266 ι)
1224 1237 1276 1284 et
1298 1226 1601 1284 errantibus
1621 1227 1721 1282 sub
1747 1226 1932 1282 tictitio

326 1325 547 1382 nomine
578 1322 694 1387 Dei,
728 1322 847 1377 talis
876 1320 979 1377 coli
1008 1321 1284 1378 meruerit.

396 1417 488 1474 IX.
510 1417 655 1473 Alea:
680 1415 853 1470 tabula
873 1415 962 1487 qui
984 1414 1139 1482 ludit,
1163 1423 1218 1472 et
1235 1414 1495 1471 maleﬁcia
1522 1426 1542 1453 ε
1570 1427 1727 1469 nosse
1749 1412 1926 1480 debet,

325 1510 468 1584 quod
498 1527 528 1564 a
561 1508 656 1565 Dei
699 1507 870 1565 servis
913 1509 1070 1580 longe
1099 1507 1190 1577 sit,
1230 1508 1409 1564 sciens
1450 1504 1477 1545 ἀ
1509 1508 1761 1580 quoniam
1805 1506 1935 1561 foris

324 1605 598 1663 maleﬁcus
639 1612 694 1661 et
720 1602 1062 1664 venenarius.
1114 1610 1169 1658 et
1214 1603 1407 1659 iterum
1458 1602 1509 1656 in
1550 1600 1736 1673 judicii
1789 1599 1932 1656 diem

326 1699 379 1754 in
413 1698 535 1771 igne
579 1705 789 1753 tutante
820 1695 1172 1767 torquebitur.
1214 1695 1359 1751 Alea:
1404 1693 1581 1749 tabula
1622 1692 1715 1764 qui
1759 1691 1929 1760 ludit,

2033 501 2188 557 runt,
2236 489 2594 557 maledicunt,
2638 505 2696 546 se
2724 489 3020 556 devovent,
3065 502 3344 561 parentum
3370 493 3633 564 originem

2035 584 2206 639 turbis
2250 584 2605 655 praesentibus
2640 583 2997 640 dehonorant.
3040 583 3209 639 Sonat
3250 584 3461 654 publice
3502 586 3636 642 aleae

2033 677 2309 748 strepitus,
2339 675 2595 732 festinant
2619 676 2684 732 ad
2708 692 2892 733 necem
2924 676 3250 733 ltmreditatis
3270 691 3381 732 suae
3402 692 3635 735 manus:

2033 783 2134 825 nec
2162 768 2412 838 intelligit
2437 769 2622 836 miser,
2650 769 2779 840 quid
2805 770 2905 824 sibi
2943 779 3154 836 noceat,
3179 768 3394 841 quando
3420 784 3479 825 se
3503 771 3638 826 aleae

2033 869 2298 916 auetorat.
2333 861 2397 916 Et
2424 861 2513 930 qui
2545 860 2657 932 jam
2695 861 2892 932 sacpius
2922 860 3176 929 vincitur,
3219 875 3407 917 rursus
3431 861 3498 916 ad
3541 876 3640 916 no-

2034 956 2240 1010 centius
2283 953 2539 1020 smdium,
2572 952 2775 1009 Zabulo
2803 953 3083 1021 suadente,
3128 953 3418 1008 animatur.
3458 951 3504 1008 0
3548 968 3640 1009 ars

2033 1047 2226 1103 infesta
2272 1048 2647 1116 studentibus,
2694 1055 2751 1104 et
2792 1056 3039 1119 stuprum
3085 1046 3465 1104 libidinosum!
3495 1046 3640 1118 quod

2033 1157 2143 1199 non
2167 1142 2401 1208 divitias,
2431 1142 2526 1200 sed
2562 1142 2857 1199 nuditatem
2883 1152 2941 1199 et
2968 1142 3202 1214 inopiam
3238 1151 3491 1214 praestat;
3520 1158 3638 1198 ma-

2036 1250 2136 1289 nus
2168 1236 2432 1304 carnifex,
2464 1250 2656 1291 manus
2687 1235 2868 1303 noxia,
2896 1250 3019 1307 qua:
3044 1249 3142 1291 nec
3170 1244 3292 1305 post
3316 1234 3463 1290 lucra
3491 1234 3639 1292 desi-

1950 1352 1962 1367 -
2035 1329 2145 1395 nit,
2178 1329 2271 1384 sed
2296 1328 2473 1384 adhuc
2498 1337 2621 1399 post
2639 1327 2835 1383 damna
2866 1327 3020 1383 ludit.
3047 1327 3386 1383 Christianus
3406 1327 3498 1400 qui
3520 1326 3639 1386 alea

2044 1421 2199 1487 ludit,
2248 1420 2317 1477 ad
2362 1422 2685 1477 sacriﬁcium
2728 1421 2915 1477 Zabuli
2949 1462 2965 1488 ,
3026 1421 3426 1479 immolantibus
3476 1436 3643 1493 penes

2037 1525 2314 1572 auctorem
2358 1514 2403 1583 ί,
2439 1530 2628 1571 manus
2670 1515 2878 1587 polluit.
2906 1514 2976 1569 Et
3019 1513 3220 1571 idcirco
3271 1514 3530 1571 Dominus
3574 1516 3644 1573 ad

2039 1610 2141 1665 hoc
2189 1608 2453 1680 indignari
2500 1608 2629 1664 dicit
2678 1626 2692 1663 :
2748 1607 2946 1675 Nolite,
2990 1608 3182 1680 inquit,
3224 1610 3494 1665 extendere
3534 1627 3646 1666 ma-

2036 1719 2132 1775 nus
2201 1712 2392 1758 uestras
2431 1702 2638 1774 injuste,
2683 1717 2748 1756 ne
2772 1700 3078 1756 exacerbetis
3108 1718 3218 1769 me,
3259 1711 3306 1757 et
3341 1719 3443 1757 non
3476 1703 3644 1758 sinam

327 1792 479 1864 ptius
508 1790 713 1846 auctori
741 1791 858 1860 ejus
883 1786 1188 1844 sacriﬁcare
1217 1787 1409 1852 debet,
1444 1785 1585 1857 quod
1612 1785 1932 1842 Christianis
1961 1802 2007 1863 Β
2034 1811 2121 1850 uo;
2169 1794 2259 1848 diu
2301 1809 2600 1863 permanere
2643 1809 2801 1860 super
2836 1804 3057 1859 terram;
3098 1804 3155 1849 ει
3193 1794 3384 1850 item...
3426 1812 3439 1850 ε
3476 1795 3646 1851 Αωιξ-

329 1900 434 1939 nun
476 1884 597 1939 licet
628 1882 841 1945 dicente
870 1880 1098 1937 Domino
1129 1896 1142 1933 :
1177 1880 1496 1950 Sacri/imus
1523 1879 1622 1934 diis
1648 1877 1933 1933 eradicabi-

320 1987 429 2041 tur,
470 1977 570 2032 nisi
615 1976 722 2032 Deo
764 1975 900 2041 soli;
940 1983 996 2031 et
1021 1975 1216 2030 iterttm
1250 1991 1263 2028 :
1296 1971 1472 2028 Nolite
1504 1973 1798 2042 sacri/icore
1831 1971 1935 2027 diis

334 2069 536 2134 alienis,
584 2084 647 2123 ne
689 2068 910 2122 incitetis
954 2084 1034 2123 me
1075 2068 1127 2122 iu
1177 2066 1413 2137 operibus
1454 2082 1697 2122 manuum
1745 2077 1935 2121 vestra-

328 2179 443 2218 rum
467 2160 538 2216 ad
565 2161 961 2233 disperdendunt
989 2176 1095 2217 vos.
1137 2160 1477 2216 Christianus
1496 2160 1690 2232 quies,
1720 2168 1777 2216 et
1803 2159 1936 2215 alea:

330 2254 509 2310 tabula
539 2254 713 2324 ludis,
741 2253 867 2310 licet
894 2269 999 2310 non
1033 2253 1324 2322 sacriﬁcos,
1350 2253 1468 2325 lege
1498 2252 1657 2324 lmjus
1687 2253 1938 2310 facinoris

330 2346 599 2418 particeps
642 2362 722 2402 cs.
768 2346 835 2401 Et
873 2346 1058 2418 utique
1085 2346 1345 2402 Dominus
1384 2346 1616 2402 occurrit
1658 2355 1710 2402 et
1748 2345 1877 2402 dicit
1920 2361 1937 2404 :

333 2441 431 2497 Exi
477 2442 541 2496 de
578 2458 669 2505 ea,
705 2441 922 2512 papulas
962 2458 1121 2505 meus,
1155 2457 1218 2495 ne
1250 2441 1320 2497 sis
1358 2442 1613 2512 particeps
1639 2440 1939 2495 delictorum

331 2535 461 2606 ejus.
518 2534 585 2588 Et
637 2534 829 2589 iterum
887 2554 900 2590 :
956 2531 1254 2600 Discedite,
1308 2532 1551 2588 discedite
1599 2532 1717 2587 inde
1749 2574 1763 2596 ,
1811 2533 1941 2587 exite

334 2627 397 2681 de
442 2625 607 2680 medio
653 2626 763 2697 ejus
805 2625 889 2696 qui
929 2624 1143 2695 portatis
1182 2640 1303 2679 uasa
1332 2622 1578 2691 Domini,
1635 2634 1679 2678 et
1719 2624 1942 2678 immun-

334 2719 458 2773 dum
494 2736 557 2773 ne
597 2718 880 2789 tetigeritis.
922 2716 1258 2773 Christianus
1291 2717 1614 2789 quicumque
1654 2731 1712 2771 es
1746 2726 1799 2771 ct
1824 2717 1941 2772 alca

335 2811 472 2867 ludis
493 2854 508 2879 ,
559 2810 662 2867 hoc
697 2810 870 2882 primo
903 2820 925 2847 ε
959 2810 1011 2866 in
1051 2810 1171 2866 loco
1198 2810 1418 2867 credere
1447 2809 1643 2875 debes,
1675 2810 1798 2882 quia
1834 2825 1941 2865 non

334 2905 732 2973 Christianum,
778 2905 873 2961 sed
903 2904 1192 2961 Etbnicum
1228 2906 1321 2961 tibi
1347 2921 1543 2961 nomen
1579 2916 1690 2969 est;
1722 2915 1775 2959 et
1814 2903 1944 2961 illud

341 2999 485 3072 quod
522 2999 589 3055 ad
624 2998 948 3056 sacriﬁcium
978 2998 1318 3057 Dominicum
1353 3001 1603 3072 pertinet,
1634 3000 1686 3056 in
1717 3016 1943 3058 vacuum

340 3093 530 3149 sumis.
597 3093 686 3149 Sic
743 3092 884 3149 enim
935 3094 953 3131 τ
996 3093 1127 3149 dicit
1179 3111 1192 3148 :
1266 3092 1446 3150 Omni;
1476 3093 1789 3157 immundus
1843 3113 1945 3151 non

2038 1897 2151 1942 nete
2191 1903 2373 1941 atauus
2420 1895 2613 1941 uestras
2654 1884 2717 1939 ab
2768 1885 2981 1957 injuste,
3027 1894 3075 1940 et
3124 1902 3188 1940 ne
3238 1886 3460 1957 feceritis
3505 1890 3648 1967 quic-

2037 1996 2189 2050 quam
2216 1979 2360 2033 mali.
2397 1978 2461 2033 Et
2488 1977 2767 2049 apostolus
2810 1976 3153 2033 beatissimus
3182 1977 3377 2034 Paulus
3399 1979 3647 2035 similiter

2038 2072 2167 2129 dicit
2218 2091 2232 2127 :
2279 2070 2457 2126 Videte
2502 2074 2707 2144 fratres,
2754 2088 2817 2126 ne
2858 2070 3213 2143 obﬁguremini
3267 2073 3442 2128 i-huic
3486 2090 3648 2129 sarcu-

2040 2166 2090 2220 lo
2114 2208 2129 2232 ,
2187 2173 2235 2221 et
2292 2165 2492 2237 pompis
2540 2174 2587 2219 et
2638 2164 2833 2220 deliciis
2872 2174 2919 2220 et
2964 2167 3305 2238 voluptatibus
3352 2168 3498 2237 eius;
3558 2167 3648 2223 sed

2040 2256 2290 2313 continete
2326 2273 2416 2313 vos
2460 2250 2701 2312 ab'omni
2755 2257 3009 2329 iujustitia
3065 2256 3117 2314 ιι.
3165 2257 3439 2330 Nam‘qui
3481 2259 3650 2316 delin-

2039 2353 2146 2424 quit
2179 2353 2232 2407 in
2280 2351 2465 2419 Deum,
2515 2351 2658 2406 nulla
2694 2350 2753 2421 ﬁt
2805 2352 3061 2417 excusatio
3103 2349 3149 2419 ι,
3188 2369 3278 2408 nec
3328 2354 3650 2423 indulgentia

2042 2446 2168 2511 ulla,
2217 2455 2265 2500 et
2312 2446 2505 2501 nemini
2546 2446 2695 2501 uenia
2737 2447 2911 2501 datur.
2961 2447 3017 2503 In
3060 2446 3349 2519 Evangelio
3390 2448 3649 2505 Dominus

2047 2540 2179 2596 dicit
2208 2558 2221 2595 :
2253 2540 2317 2597 Si
2352 2540 2485 2612 quis,
2532 2539 2722 2612 inquit,
2773 2540 2958 2596 dixerit
2996 2540 3338 2612 blasphemias
3373 2541 3426 2597 in
3457 2531 3652 2597 Filium

2044 2632 2287 2701 hominis,
2312 2632 2597 2686 dimittetur
2616 2631 2693 2686 illi
2720 2647 2738 2685 :
2763 2641 2814 2685 at
2834 2632 2879 2686 is
2898 2633 2984 2703 qui
3013 2634 3290 2705 peccaverit
3316 2634 3369 2688 in
3398 2633 3653 2702 Spiritum

2043 2734 2297 2789 sanctum,
2348 2741 2448 2779 non
2494 2725 2773 2780 dimittetur
2818 2726 2915 2794 illi,
2958 2743 3048 2781 nec
3093 2727 3194 2789 hic,
3241 2744 3332 2781 nec
3373 2728 3427 2782 in
3476 2730 3653 2800 futuro

2044 2818 2251 2873 siccato.
2285 2817 2355 2874 Et
2380 2818 2571 2874 iterum
2595 2818 2861 2890 Propheta
2888 2819 3016 2876 dicit
3044 2838 3057 2875 :
3089 2822 3150 2877 Si
3174 2822 3514 2893 delinquendo
3538 2841 3655 2895 pec-

2052 2920 2127 2966 cet
2175 2918 2214 2945 ιη
2254 2910 2330 2964 vir
2350 2909 2593 2964 adversus
2613 2901 2798 2975 virum,
2826 2911 3052 2967 arabitur
3071 2929 3162 2983 pro
3178 2929 3236 2967 eo
3256 2913 3324 2967 ad
3338 2912 3658 2969 Dominum:

2047 3003 2093 3057 si
2135 3013 2304 3058 autem
2344 3002 2398 3057 in
2443 3000 2605 3057 Deum
2640 3005 2937 3073 peccauerit,
2970 3004 3083 3074 quis
3119 3005 3284 3058 orabit
3318 3021 3411 3074 pro
3436 3006 3541 3061 ea?
3587 3004 3657 3061 Et

2048 3094 2241 3151 beatus
2278 3095 2550 3166 apostolus
2573 3094 2788 3162 Paulus,
2817 3105 3153 3167 procurator,
3180 3095 3406 3152 vicarius
3422 3096 3648 3167 Christi,

340 3198 510 3258 tanqet
566 3199 591 3237 ε
636 3189 944 3260 sacri/icium
999 3188 1198 3245 Sancti.
1251 3188 1389 3245 Dicit
1435 3190 1577 3246 enim
1605 3190 1885 3262 Scriptura
1929 3207 1942 3245 :
1973 3196 2018 3260 ί]
2052 3187 2487 3244 Ecclesiastieam
2518 3202 2699 3243 curam
2730 3203 2914 3259 agens,
2950 3189 3097 3260 ponit
3122 3197 3177 3245 et
3205 3188 3332 3245 dicit
3364 3208 3376 3245 :
3414 3187 3515 3245 Vos
3537 3190 3657 3246 estis

341 3280 523 3337 Omnis
564 3282 639 3336 vir
677 3282 992 3336 manducans
1041 3298 1247 3336 carnem
1297 3282 1539 3352 sacriﬁcii
1560 3326 1573 3350 ,
1625 3292 1671 3337 et
1727 3283 1947 3337 immun-

339 3374 467 3428 ditia
515 3374 624 3446 ejus
668 3392 822 3448 super
849 3374 1059 3446 ipsum;
1102 3383 1274 3446 pereat
1309 3375 1481 3430 anima
1520 3376 1611 3431 illa
1649 3375 1713 3431 de
1754 3377 1948 3449 popqu

349 3485 480 3523 "200.
1826 3522 1833 3543 ι

423 3561 487 3616 Χ.
509 3563 724 3618 Alt-ator
743 3563 1067 3634 quicumque
1084 3578 1163 3632 es,
1180 3562 1540 3619 Christianum
1563 3573 1612 3619 te
1629 3562 1784 3629 dicis;
1804 3564 1947 3636 quod

343 3670 451 3709 non
492 3670 570 3721 cs,
615 3671 679 3711 co
723 3655 865 3726 quod
907 3656 1107 3712 sacculo
1138 3660 1403 3728 particeps
1432 3672 1532 3713 es:
1573 3657 1891 3714 nccamicus
1918 3655 1946 3695 ιι

343 3746 545 3802 Christi
570 3756 719 3818 potes
745 3763 886 3815 esse,
912 3748 1002 3820 qui
1031 3765 1151 3805 cum
1180 3749 1398 3806 inimico
1420 3748 1620 3805 Christi
1652 3758 1801 3806 tenes
1823 3750 1953 3805 ami-

342 3838 542 3893 citiam.
595 3837 757 3895 Certe
801 3840 977 3911 qualis
1018 3840 1287 3897 dementia
1330 3842 1629 3899 aleatorum
1684 3841 1947 3910 ﬁdelium,

345 3931 431 3987 ubi
477 3931 786 4004 insaniunt,
820 3942 874 3990 ct
904 3932 1252 3990 feracissimis
1300 3935 1521 3992 vocibus
1566 3934 1846 4007 pcjerant;
1897 3945 1953 3993 ct

2050 3280 2292 3351 templum
2320 3277 2441 3346 Dei,
2474 3289 2521 3334 et
2556 3280 2608 3334 in
2636 3279 2773 3335 vobis
2801 3280 3031 3337 Christus
3057 3280 3288 3347 habitat;
3317 3283 3360 3337 si
3389 3282 3503 3353 quis
3532 3292 3659 3337 tent-

2050 3375 2193 3445 plum
2211 3371 2309 3427 Dei
2329 3372 2612 3438 violaverit,
2636 3373 2812 3442 perdet
2832 3373 2978 3428 illum
2998 3372 3153 3431 Deus.
3176 3373 3376 3430 lterum
3400 3375 3659 3434 Dominus

2049 3467 2104 3522 in
2135 3465 2425 3535 Evangelia
2456 3480 2555 3521 suo
2584 3475 2742 3537 negat
2774 3474 3107 3537 peccatores,
3153 3476 3208 3521 et
3237 3466 3530 3539 exprobrat
3571 3468 3659 3524 di-

2050 3576 2179 3617 cens
2210 3577 2223 3613 :
2259 3559 2497 3615 Recedile
2519 3576 2551 3613 a
2577 3576 2657 3615 me
2687 3576 2862 3615 omnes
2884 3559 2972 3628 qui
2997 3559 3281 3631 operamini
3310 3560 3618 3632 injustitiam
3635 3578 3660 3631 ,-

2052 3670 2327 3724 ttumquam
2352 3669 2440 3708 vos
2460 3652 2688 3724 cognitos
2714 3652 2889 3707 habui.
2918 3651 2984 3707 Et
3005 3651 3241 3708 Joannes
3275 3655 3553 3723 apostolus
3573 3654 3660 3710 di-

2053 3749 2125 3804 cit
2157 3765 2171 3802 :
2207 3745 2387 3801 Omnis
2412 3745 2499 3816 qui
2526 3752 2722 3814 peccat,
2756 3760 2857 3799 non
2893 3754 2968 3798 est
2995 3743 3058 3798 de
3083 3743 3212 3810 Deo,
3241 3744 3333 3799 sed
3358 3747 3421 3799 de
3458 3744 3662 3802 diabolo

2053 3852 2163 3913 est;
2194 3848 2242 3894 et
2283 3838 2422 3893 scitis
2460 3836 2700 3906 quoniam
2729 3835 2845 3891 ideo
2877 3846 3116 3891 venturus
3151 3845 3226 3892 est
3255 3835 3301 3889 F
3302 3836 3422 3892 ilius
3449 3836 3564 3906 Dei,
3605 3845 3681 3911 ut.

2056 3933 2237 4005 perdat
2266 3930 2405 4003 ﬁlios
2432 3930 2649 3986 diaboli.

1577 4070 1874 4135 LECTION
1881 4070 1963 4129 ES
2000 4067 2419 4127 VARIANTES.
2444 4110 2459 4123 κ

351 4210 727 4324 ἰωδὲἕὲθιίἀωη
750 4212 960 4274 diceret,
987 4209 1286 4263 sacriﬁcandi
1308 4210 1404 4261 sibi
1428 4209 1601 4273 legem
1626 4208 1954 4260 terminabit:

342 4286 413 4323 ιω
442 4286 565 4324 uoa.
592 4286 640 4324 1.
1082 4308 1093 4313 -

413 4331 441 4370 ι’
468 4333 552 4385 Sic
578 4335 703 4387 Bod.
723 4337 770 4386 l.
796 4338 928 4388 Imp.
949 4337 1144 4388 Prouis.

416 4352 441 4370 ν
468 4352 552 4385 διε
578 4352 703 4387 uoa.
723 4352 770 4386 ι.
796 4352 877 4388 un
916 4373 928 4386 .
950 4352 977 4386 ιλ

416 4400 438 4427 ε
468 4397 760 4447 Maleﬁcium
786 4352 911 4450 Bodl
930 4399 977 4450 1.

416 4459 445 4498 (ι
470 4460 703 4509 Scieutes
728 4461 854 4511 Bod.
882 4463 927 4512 1.

424 4519 558 4590 ξ’ἓίιὲ
583 4522 709 4590 Βρά.
729 4524 777 4590 1,
801 4524 1020 4590 Primum
1042 4525 1176 4590 Lup.

420 4584 439 4622 τ
466 4584 610 4636 Enim
636 4585 874 4638 Dominus
890 4584 1017 4637 Bod.
1043 4588 1088 4637 1.

2125 4208 2153 4269 β
2174 4205 2368 4269 Tangat
2384 4204 2511 4269 Bod.
2540 4205 2588 4269 l,

2120 4266 2151 4339 ξι
2185 4268 2272 4339 Sic
2289 4266 2421 4339 Bod.
2447 4269 2495 4339 l_.
2523 4266 2666 4339 Corb.
2694 4269 2826 4339 Imp.
2846 4271 3053 4339 animus.

2116 4330 2145 4394 ᾇ
2185 4329 2272 4382 Sic
2294 4331 2437 4384 Corb.
2462 4332 2595 4394 Imp.
2621 4329 2793 4394 Poenis
2814 4334 3027 4384 auctoris

2126 4393 2142 4444 i
2176 4391 2556 4457 Configuremini
2579 4391 2707 4444 Bod.
2737 4394 2784 4457 1.

2131 4457 2160 4496 k
2184 4454 2424 4518 Iujustitia
2447 4457 2616 4507 seaculi
2642 4454 2772 4506 Bod.
2798 4457 2848 4506 1.

2119 4518 2160 4609 ὲ
2180 4516 2913 4633 ἐὲἓῦρευῒοᾶιιιξιε
2935 4518 2999 4569 sit
3023 4519 3282 4572 excusatio
3301 4519 3426 4571 Bod.
3449 4521 3472 4572 1

1686 4714 1865 4772 ΕυΙΤ.
1895 4712 2100 4772 ΟΧΟΝ.
2142 4711 2369 4771 NOTAE.

429 4832 495 4888 In
516 4836 815 4891 statunculis
839 4844 887 4891 et
916 4838 1223 4893 simulacris.
1252 4836 1577 4907 Adjecitnus,
1611 4844 1678 4902 et,
1706 4842 1832 4890 ante
1874 4832 1962 4889 de-
1985 4839 2042 4900 Ι)
2137 4829 2207 4885 Et
2228 4828 2456 4885 deorbati
2475 4825 2658 4882 Zabuli
2676 4825 2915 4951 caligine.
2937 4826 3140 4883 Anton.
3164 4827 3377 4884 diaboli.
3400 4830 3546 4888 Nova
3570 4847 3666 4889 au-

429 4906 657 4951 ἵιιξιάιιιηιΔ
705 4907 912 4951 Punic-
2070 4914 2178 4951 tam
2210 4910 2295 4951 est.
2322 4916 2446 4951 vox.
2473 4899 2720 4951 deorbatt.
2805 4913 2971 4951 AIEL.

354 4903 659 4963 sideratum.
705 4907 914 4963 Paul-3L.

432 4977 546 5045 Quo
567 4995 622 5033 se
646 4978 708 5032 ob
732 4980 1068 5036 imitatoribus
1093 4980 1380 5046 colendum,
1415 4989 1519 5038 etc.
1552 4979 1628 5034 Ita
1660 4994 1870 5035 rursum
1899 4992 1968 5033 ex

356 5048 471 5122 illo,
495 5066 606 5122 pro
636 5066 702 5106 co
732 5052 873 5122 quod
915 5060 1059 5117 erat,
1105 5052 1373 5107 colendum
1398 5050 1607 5117 diceret,
1640 5050 1968 5120 sacriﬁcandi

356 5120 452 5175 sibi
483 5121 641 5190 legem
670 5120 978 5177 terminauit.
1017 5123 1228 5179 PMIEL.

432 5192 543 5247 Sub
578 5194 754 5261 ﬁctilia
799 5196 1002 5250 nomine
1043 5194 1157 5250 Dei.
1201 5196 1430 5252 Prorsus
1463 5194 1543 5250 sic
1581 5194 1719 5265 lege,
1748 5209 1848 5265 pro
1874 5194 1967 5264 ﬁc-

359 5262 510 5317 tioso.
557 5264 765 5320 l’sstec.

432 5334 901 5407 lX.—Male/icus
940 5348 987 5393 et
1028 5340 1344 5394 renenarius.
1373 5337 1525 5393 Nova
1552 5353 1675 5402 vox,
1705 5345 1967 5409 quantum

359 5417 603 5477 apparet.
632 5424 662 5462 a
691 5409 1009 5466 venerandis
1037 5410 1190 5465 idolis
1215 5411 1474 5467 derivata.
1520 5411 1718 5465 Pauca

438 5477 616 5533 Omnis
648 5481 724 5533 vir
758 5480 1074 5537 manducans
1106 5499 1307 5536 carnem
1335 5482 1597 5548 sacrificii.
1633 5482 1859 5535 Prorsus
1888 5480 1968 5535 sic

361 5549 571 5627 restitui
601 5550 746 5627 hunc
775 5552 973 5617 locum,
1006 5570 1072 5609 ex
1103 5554 1192 5627 lib.
1226 5554 1289 5608 de
1313 5552 1637 5627 Lapsis,__ubi
1671 5552 1969 5627 sic_citatur

363 5617 480 5695 ιιεερ
498 5618 798 5691 δονίνῑιιΐει,
829 5640 925 5691 pro
950 5640 1015 5679 eo
1037 5624 1176 5695 quod
1205 5634 1337 5690 erat,
1369 5617 1680 5681 mendicans
1705 5640 1719 5676 :
1751 5623 1870 5693 lego
1900 5637 1966 5677 ex

364 5691 575 5765 eodem,
609 5694 964 5759 immunditia,
999 5691 1094 5765 pro
1135 5696 1503 5751 immundititc.
1547 5695 1753 5751 PausL.

442 5762 511 5817 Χ.
536 5794 606 5804 -
630 5765 775 5838 Certe
799 5765 965 5838 qualis
994 5762 1266 5821 dementia.
1299 5767 1556 5838 Antoniu.
1587 5766 1633 5821 O
1657 5765 1845 5838 qualis,
1873 5762 1965 5835 qui

364 5833 528 5893 etiam
558 5833 967 5911 pejerant,'lcgit
994 5853 1110 5911 pro,
1145 5840 1426 5913 perjurant.
1470 5833 1675 5893 hunc.

2070 4914 2178 4959 tem
2210 4910 2295 4959 est
2322 4916 2446 4966 vox,
2473 4897 2720 4954 deorbati.
2761 4897 2971 4953 Pun.

2141 4973 2328 5048 Turbis
2351 4969 2703 5048 praesentibus.
2727 4967 2844 5048 Hoc
2869 4984 2935 5024 ex
2956 4968 3144 5048 eodem
3174 4973 3410 5043 reposui,
3474 4992 3570 5048 pro
3598 4991 3665 5033 eo

2070 5044 2213 5118 quod
2236 5040 2371 5118 erat,
2400 5041 2635 5118 turpibus
2656 5081 2671 5104 ,
2703 5042 2957 5110 pessime.
2987 5040 3195 5118 Ignes.

2144 5112 2537 5171 Intmolantibus
2557 5128 2709 5182 penes
2731 5124 2982 5168 auctores.
3014 5112 3246 5169 Rursum
3292 5117 3556 5175 obscurus
3581 5120 3667 5176 lo-

2070 5205 2185 5245 cus.
2231 5187 2432 5242 Eadem
2480 5184 2659 5254 phrasi
2688 5200 2849 5255 supra
2880 5185 3135 5240 occurrit.
3167 5186 3370 5244 Pauca.

2145 5260 2213 5336 Ει
2256 5275 2320 5314 ηε
2347 5256 2888 5336 [ερςήιεεᾳᾳὶσφιαρι
2940 5256 3086 5311 ntali.
3126 5256 3359 5316 Omnino
3405 5263 3486 5320 sic
3524 5262 3665 5336 lego,

2070 5335 2191 5403 quia
2224 5327 2495 5403 prmécdit,
2542 5327 2803 5403 abstinete.
2833 5327 3039 5403 Pastas.

2156 5402 2329 5479 Videte
2353 5403 2552 5479 fratres
2561 5415 2623 5453 ne
2644 5399 3019 5470 obﬁguremini.
3037 5399 3244 5473 Ubique
3269 5403 3667 5479 aliltiCyprian.

2072 5471 2480 5545 con/iguremini.
2514 5471 2722 5545 Basse.

2146 5541 2419 5619 Et'uemini
2443 5543 2588 5619 uenia
2612 5542 2786 5596 datur.
2810 5541 2989 5619 _Etiam
3009 5542 3112 5619 hoc
3161 5544 3282 5617 lego
3307 5564 3399 5617 pro
3425 5550 3619 5605 veniam
3649 5568 3672 5619 ;

2072 5618 2283 5674 videtur
2330 5623 2510 5670 autem
2559 5613 2662 5669 hoc
2689 5611 2959 5683 pertinere
3006 5614 3072 5670 ad
3128 5611 3370 5675 errorem
3417 5611 3673 5678 Novatia;

2075 5704 2286 5744 norum.
2323 5686 2530 5741 Pun.

2145 5756 2571 5839 Si‘delinquendo
2600 5765 2766 5826 peccet
2793 5755 2887 5839 vir.
2917 5756 3062 5814 lstttd
3086 5774 3299 5835 quoquc
3324 5776 3391 5821 es
3417 5764 3671 5839 Cypriani

2066 5832 2188 5892 aliis
2209 5830 2361 5899 locis,
2390 5845 2488 5901 pro
2530 5841 2785 5901 peccatur.
2819 5828 3026 5889 Panes.
