4230 6282
2125 268 2331 347 om

3790 278 3895 346 856

663 409 753 469 XI.
775 411 966 484 Siquis
996 409 1203 465 aleator
1233 405 1565 465 Christianus
1580 416 1661 473 es,
1683 414 1804 464 tuus
1825 416 1877 463 et
1906 406 2187 464 lnrredita-
2216 407 2265 468 A
2295 408 2367 462 tio
2399 423 2413 475 ;
2440 418 2659 465 censum
2690 415 2747 464 et
2776 410 3063 480 apparatus
3087 411 3207 462 tuos
3231 412 3422 461 omnes
3451 400 3516 460 ad
3538 401 3773 460 studium
3800 403 3899 461 Ec-

602 504 673 561 tis
705 515 806 560 tum
839 503 1082 558 inimicus
1108 512 1187 579 es.
1208 499 1542 571 Quicumque
1562 516 1641 563 es,
1670 496 1855 557 desine
1883 498 1951 556 ab
1981 499 2065 555 illa
2092 498 2189 556 de-

588 598 787 654 mentia
819 596 1001 653 tuiscr.
1027 592 1164 664 Quid
1188 603 1240 651 te
1271 595 1323 649 in
1350 593 1598 665 laqueum
1627 595 1812 649 mortis
1844 609 1963 649 cum
1998 590 2187 650 diabo-

589 688 642 743 lo
668 687 802 743 ulna
832 686 1130 757 praecipuas
1157 686 1181 740 ’ἒ
1208 686 1331 757 quid
1354 700 1485 756 opes
1509 694 1562 742 et
1608 684 1818 741 divitias
1868 694 1984 740 tuas
2010 682 2189 741 surdi-

591 779 815 836 disslmo
841 790 948 835 aere
994 786 1021 818 α
1061 776 1338 835 admittis?
1368 778 1491 849 quid
1525 787 1574 834 te
1606 776 1810 849 laqueis
1848 777 2193 833 savcitlarihns

587 872 840 942 involvis,
892 878 949 927 ut
1031 872 1100 929 de
1138 871 1337 928 sarculo
1382 871 1410 910 ι)
1441 870 1694 941 iudiceris
1724 869 1748 924 ἲ
1774 870 1896 941 quid
1923 870 2191 926 inimicum

587 976 736 1021 tuum
757 964 1026 1021 fat-oribus
1047 962 1333 1035 laudando,
1363 962 1660 1035 delinquis;
1690 980 1809 1021 cum
1824 978 1944 1036 .quo
1975 978 2195 1021 neccs~e

586 1066 668 1114 est
700 1057 934 1128 puniaris
960 1056 986 1112 ?
1014 1056 1141 1113 Esto
1168 1056 1364 1129 potius,
1406 1072 1513 1113 non
1534 1059 1757 1125 aleator,
1791 1056 1883 1112 sed
1929 1056 2193 1113 Christia-

586 1166 686 1205 nus
713 1169 724 1203 :
752 1150 1028 1221 pecuniam
1062 1156 1207 1206 tuam
1252 1149 1522 1206 assidente
1549 1150 1784 1216 Christo,
1829 1151 2195 1222 spectantibus

587 1246 827 1317 Angelis,
874 1256 931 1303 et
973 1246 1300 1319 martyribus
1337 1247 1713 1318 prmsentihus,
1762 1258 1923 1317 super
1953 1258 2192 1303 mensnm

588 1335 919 1393 Dominicam
966 1350 1195 1410 sparge:
1229 1336 1607 1407 patrimonium
1644 1344 1792 1392 tutnn
1819 1381 1833 1404 ,
1865 1337 2007 1409 quod
2037 1338 2197 1393 forsi-

588 1442 676 1488 tan
708 1444 853 1488 stnvo
905 1431 1084 1488 studio
1117 1431 1423 1501 perditurus
1444 1443 1585 1495 eras,
1620 1429 1941 1501 pauperibus
1970 1429 2145 1486 divide
2177 1447 2190 1483 :

585 1524 798 1582 divitias
825 1534 941 1581 tuas
964 1524 1180 1582 Christo
1226 1524 1457 1581 vincenti
1503 1524 1816 1581 committe:
1845 1538 2036 1580 servus
2073 1538 2193 1579 cuin

587 1617 814 1674 Domino
845 1630 936 1674 ttto
982 1632 1193 1685 vocare,
1224 1616 1400 1673 smdio
1425 1612 1618 1673 deiﬁco
1665 1616 1979 1688 obsequere,
2025 1622 2192 1671 artem

587 1711 801 1769 Domini
823 1714 1053 1781 imitare,
1083 1727 1201 1783 qum
1230 1724 1336 1768 non
1368 1708 1542 1782 perdit
1582 1709 1674 1767 sed
1722 1713 1899 1782 potius
1943 1712 2190 1783 acquirit.

2262 538 2266 542 -
2294 496 2472 557 clesim
2498 498 2737 556 distrahe
2767 517 2781 552 :
2812 513 3002 554 aurum
3031 506 3200 563 tuum,
3227 507 3281 554 et
3296 504 3577 568 argentum
3602 535 3617 562 ,
3650 502 3704 551 et
3734 511 3893 566 pecu-

2296 597 2411 650 nias
2440 605 2555 650 luas
2582 594 2634 650 in
2681 592 2948 651 thesauris
2971 591 3283 650 caelestibus
3321 604 3555 662 repone;
3603 588 3795 645 fundos
3838 598 3893 647 et

2294 687 2451 744 villas
2481 698 2620 754 tuas,
2644 686 2787 757 insta
2828 686 3141 756 Operatione
3180 682 3246 742 ad
3288 684 3590 756 paradisum
3629 698 3890 740 remove:

2297 789 2354 837 ut
2384 791 2599 854 peccata
2630 780 2900 837 donentur
2930 776 3023 836 tibi
3050 823 3065 847 ,
3096 777 3461 851 clcemosynis
3490 785 3540 833 et
3564 777 3893 835 orationibus

2298 872 2569 931 contimtis
2597 872 2863 929 inenmbe.
2912 870 3041 929 Alea
3069 886 3136 928 ne
3176 871 3369 927 luseris
3398 889 3411 925 :
3462 869 3552 925 ubi
3584 870 3733 925 lusus
3758 871 3898 927 noci-

2299 982 2399 1023 vns
2423 977 2503 1022 est
2588 976 2642 1023 et
2693 967 2895 1022 crimen
2924 960 3151 1022 mOrtale
3208 975 3269 1031 c;
3322 963 3411 1019 ubi
3459 961 3729 1020 dementia
3781 966 3898 1021 sine

2297 1057 2746 1124 consideratione;
2772 1057 2860 1115 ubi
2892 1056 3035 1131 nulla
3073 1055 3267 1114 veritas
3294 1101 3311 1123 ,
3344 1054 3439 1113 sed
3492 1057 3895 1114 mendaciorum

2302 1151 2543 1209 mandra.
2577 1148 2813 1207 Abscide‘
2836 1150 2960 1205 inde
2987 1164 3203 1205 manum
3244 1159 3411 1215 tuam,
3442 1156 3497 1204 et
3546 1161 3730 1205 arertc
3778 1148 3899 1207 inde

2305 1258 2399 1303 cor
2455 1254 2602 1301 tuum
2636 1239 2891 1301 :extrahe
2919 1242 3197 1314 caliginem
3225 1241 3426 1298 inimici
3457 1242 3525 1298 ab
3551 1243 3720 1298 oculis
3746 1244 3849 1299 tuis
3878 1285 3896 1312 ,

2299 1352 2349 1395 et
2372 1338 2591 1410 puriﬁca
2612 1352 2825 1392 manum
2852 1346 2995 1391 tuam
3024 1350 3053 1389 a
3080 1332 3358 1391 sacriﬁciis
3383 1332 3567 1391 Zabuli
3593 1350 3606 1387 :
3637 1335 3790 1407 abige
3804 1335 3897 1391 abs

2301 1446 2353 1493 te
2385 1433 2595 1490 t‘uraces
2624 1444 2825 1498 mores,
2842 1438 2960 1487 esto
2975 1432 3183 1502 patiens
3205 1439 3258 1486 et
3281 1428 3644 1499 Christianus,
3670 1443 3787 1488 esto
3806 1435 3897 1491 tibi

2300 1535 2352 1583 ct
2384 1527 2503 1580 vita:
2531 1533 2635 1579 tua:
2666 1522 2717 1578 in
2743 1522 3140 1593 operationibus
3157 1520 3333 1592 justus
3359 1531 3413 1576 et
3438 1522 3713 1593 providus.
3754 1523 3898 1596 Fuge

2300 1616 2569 1673 diabolum
2595 1625 3025 1686 persequentem,
3051 1620 3105 1668 et
3155 1612 3277 1684 fuge
3300 1613 3471 1668 aleam
3506 1614 3776 1670 inimicam
3808 1632 3891 1671 re-

2299 1723 2418 1767 rum
2473 1719 2680 1765 tuarum
2713 1724 2727 1762 :
2757 1706 2994 1763 studium
3046 1707 3115 1763 sit
3143 1707 3235 1761 tibi
3264 1707 3566 1777 sapientiae,
3613 1709 3887 1781 Evangelii

587 1809 783 1863 Desine
813 1806 999 1864 abillis
1033 1808 1139 1863 tuis
1165 1804 1516 1862 furacissimis
1548 1802 1807 1870 moribus,
1835 1804 2027 1860 cohibe
2056 1820 2194 1874 prm-
2223 1804 2270 1870 Β
2305 1803 2521 1861 monitis
2546 1800 2793 1866 erudire,
2828 1812 2991 1871 puras
3016 1812 3209 1856 manus
3234 1798 3301 1855 ad
3324 1799 3599 1856 Christum
3614 1801 3851 1859 ostende
3880 1842 3898 1872 ,

584 1902 799 1974 cipitem
856 1900 1145 1973 nequitiam
1192 1910 1380 1957 tuam:
1424 1899 1496 1955 sit
1542 1898 1635 1955 tibi
1683 1912 1805 1955 cum
1865 1899 2190 1970 pauperibus

584 1995 907 2071 qnotidianis
929 1995 1103 2065 lusus,
1130 1993 1201 2051 sit
1227 1993 1319 2051 tibi
1349 2006 1470 2051 cum
1503 1992 1679 2049 viduis
1721 1991 1973 2065 frequens
2000 2005 2188 2063 opera-

2300 1910 2357 1955 ut
2409 1896 2700 1969 promereri
2729 1894 3013 1952 Dominum
3038 1893 3233 1966 possis,
3256 1893 3426 1950 aleam
3455 1894 3563 1951 noli
3585 1897 3861 1968 respicere
3882 1934 3899 1952 .

2294 1993 2486 2047 Amen.

1802 2106 2093 2166 LECTIOLV
2103 2108 2183 2165 ES
2221 2104 2640 2164 VARIANTES.

643 2231 670 2261 ⁸
693 2226 779 2282 Sic
813 2228 955 2282 Coro.
981 2229 1007 2279 1
1016 2241 1113 2282 mo.
1140 2227 1512 2280 Sordidissimns
1533 2231 1665 2278 aeris.

639 2288 670 2330 δ
694 2288 815 2344 Cum
840 2290 1025 2344 sarculo
1055 2288 1184 2345 Bod.
1205 2292 1253 2343 1.
1285 2288 1428 2344 Corb.

2360 2226 2383 2253 °
2421 2222 2617 2275 Crimen
2646 2221 2921 2273 immortale
2946 2219 3090 2274 Corb.

1930 2392 2290 2453 VARIORUM
2328 2394 2555 2453 NOT/E.

648 2514 900 2571 XL—Ad
922 2515 1217 2586 paradisum
1240 2528 1460 2586 remove.
1491 2513 1670 2579 Forte,
1691 2510 1929 2586 _remitte.
1962 2508 2176 2586 Patren.

651 2586 721 2641 Et
767 2582 959 2642 crimen
1004 2586 1236 2641 mortale.
1286 2585 1516 2640 Prorsus
1563 2585 1641 2639 sic
1691 2582 1808 2654 lego
1840 2596 1965 2638 cum
2004 2582 2180 2638 altero

575 2653 782 2713 Morelii
809 2656 931 2712 cod.
965 2674 1081 2727 pro.
1104 2654 1406 2711 immortale.
1490 2654 1697 2711 Pansa.

2357 2510 2747 2566 Mendaciorum
2799 2511 3036 2565 mandra.
3088 2509 3276 2578 Alius,
3320 2511 3585 2637 mendaci;
3624 2512 3847 2568 malitia.

3300 2592 3310 2603 '
3590 2599 3756 2637 Αηει.

3300 2592 3310 2603 ’
3546 2592 3660 2638 I’AII
3670 2599 3756 2639 ΕΙ..

2206 2781 2620 2796 ————'-

1337 2922 1472 3055 Illi
1556 2919 2373 3055 SINGULARITATE
2460 2918 3121 3053 CLEBICORUM.

752 3140 1169 3202 TRAL'TATUS
1218 3130 1570 3199 CYPRIANO
1608 3130 1981 3192 PERPERAM
2021 3128 2489 3196 ADSCRIPTUS.
2545 3128 2823 3188 NECNON
2865 3128 3259 3190 AUGUSTINO
3298 3132 3389 3189 ET
3428 3131 3718 3193 ORIGENI

1924 3226 2146 3288 JUXTA
2180 3226 2528 3299 QUOSDAM.

641 3406 1003 3469 Promiseram
1032 3404 1249 3481 quidem
1276 3402 1430 3461 vobis
1468 3414 1597 3462 ante
1625 3412 1839 3476 tempus
1866 3400 2172 3475 epistolam,
2202 3401 2247 3466 C
2284 3416 2403 3459 mus
2423 3398 2728 3458 ﬁrmitatem
2753 3422 2766 3459 :
2790 3412 2845 3459 ut
2874 3414 3064 3462 omnes
3087 3407 3262 3463 sciant
3289 3402 3387 3464 hac
3410 3407 3566 3463 etiam
3592 3408 3756 3464 modo
3782 3424 3894 3480 per

570 3506 664 3559 filii
690 3500 1015 3569 charisslmi,
1051 3516 1172 3571 qua:
1198 3498 1438 3556 omnium
1466 3510 1676 3554 morum
1707 3494 1948 3552 instituta
1968 3496 2034 3552 de
2058 3494 2178 3567 iege

568 3594 993 3659 commendans,
1044 3590 1356 3648 summatim
1398 3589 1581 3645 omnia
1632 3588 1795 3645 etiam
1845 3590 2171 3653 contineret,

567 3700 919 3762 quaecumque
947 3682 1216 3741 universis
1258 3678 1471 3741 clericis
1498 3677 1825 3754 generaliter
1849 3677 1915 3735 ad
1937 3677 2174 3748 dirigen-

565 3780 689 3838 dam
720 3778 963 3852 regulam
1009 3785 1315 3847 competunt
1361 3773 1680 3847 diseiplinm.
1738 3771 1843 3829 Sed
1882 3770 2004 3843 quia
2032 3786 2174 3829 nunc

569 3871 637 3929 de
689 3872 1009 3929 feminarum
1054 3869 1479 3926 commoratione
1532 3864 1821 3939 Vulgariter
1876 3864 2015 3922 inter
2074 3880 2173 3921 vos

565 3966 782 4037 quidam
836 3965 903 4019 ad
962 3962 1308 4034 ignominiam
1337 3961 1573 4016 devoluti
1601 3967 1746 4025 sunt,
1786 3957 1946 4015 ctiam
1976 3956 2042 4014 de
2073 3958 2175 4015 hac

568 4072 627 4112 rc
676 4054 989 4126 specialiter
1047 4053 1203 4108 vobis
1234 4095 1249 4119 ,
1302 4052 1515 4107 Domini
1565 4051 1913 4122 correptione
1934 4052 2173 4108 scribere

563 4148 873 4218 Compulsus
916 4161 1034 4200 sum
1064 4186 1079 4211 ,
1127 4144 1220 4216 qui
1263 4142 1520 4198 miserum
1553 4159 1640 4198 me
1666 4159 1763 4214 pro
1797 4152 1973 4199 vestra
2001 4141 2175 4214 negli-

563 4241 741 4312 gentia
770 4255 894 4296 cum
934 4238 1224 4295 severitate
1249 4236 1566 4307 corripiens,
1609 4232 1866 4292 tnandare
1892 4236 2169 4307 prascepit,

563 4350 631 4389 ne
679 4332 863 4388 clerici
891 4346 1014 4385 cum
1056 4326 1270 4385 feminis
1312 4335 1738 4383 commoretttttr.
1781 4326 1848 4382 Et
1896 4325 2025 4383 licet
2055 4328 2170 4383 haec

563 4425 862 4482 admonitio
890 4422 1005 4480 sola
1039 4422 1337 4478 litterarum
1373 4435 1614 4477 meartnn
1657 4421 1975 4477 auctoritate
2024 4421 2174 4475 sulti-

2282 3495 2666 3551 revelationem
2712 3496 2997 3553 Dominum
3034 3499 3249 3571 jubere,
3283 3501 3421 3573 quod
3468 3502 3663 3557 litteris
3686 3517 3903 3573 cognoc

2279 3587 2452 3642 scitur
2488 3592 2615 3642 ante
2643 3586 2875 3657 iussisse
2903 3605 2919 3657 ;
2953 3606 3053 3646 nec
3084 3608 3180 3647 nos
3210 3608 3332 3649 esse
3360 3590 3726 3650 adulterantes
3764 3611 3896 3650 ver-

2280 3677 2405 3735 bum
2431 3679 2663 3747 Domini,
2696 3689 2788 3737 aut.
2808 3682 3059 3739 volentes
3081 3684 3349 3755 jactantcr
3376 3683 3443 3742 de
3470 3685 3897 3744 revelationibus

2277 3775 2518 3846 gloriari,
2552 3773 2647 3831 sed
2695 3774 2772 3831 sic
2801 3784 2926 3832 ante
2948 3790 3299 3848 conspectum
3347 3778 3556 3835 Domini
3603 3778 3893 3836 referendo

2278 3880 2385 3923 non
2416 3866 2632 3923 mentiri
2656 3867 2797 3939 quod
2837 3868 3108 3940 loquimur
3134 3889 3149 3934 ;
3184 3875 3325 3928 sicut
3349 3890 3378 3928 a
3407 3872 3633 3929 Domino
3662 3873 3901 3941 conlidi:

2279 3973 2398 4017 mus
2429 3974 2529 4016 nos
2572 3974 2680 4017 non
2734 3962 2950 4020 audisse
2996 3965 3770 4039 mendacium,prmsumentes
3789 3985 3895 4023 ro-

2274 4065 2392 4109 cem
2443 4055 2673 4124 apostoli
2722 4054 2870 4110 Pauli
2919 4060 3304 4127 protestantis:
3335 4060 3453 4115 Non
3485 4062 3629 4118 enim
3674 4078 3891 4129 sumus,

2275 4146 2471 4219 inquit,
2500 4148 2640 4203 sicut
2667 4148 3271 4217 plurimiadnlterantes
3296 4155 3519 4210 verbum
3551 4156 3666 4222 Dei,
3693 4156 3786 4212 sed
3815 4172 3907 4213 ex

2272 4236 2604 4305 Sinceritate,
2632 4236 2771 4295 sicut
2796 4256 2862 4295 cx
2887 4237 3019 4310 Deo,
3049 4259 3231 4299 coram
3257 4245 3375 4315 ipso
3396 4246 3445 4301 in
3462 4245 3683 4303 Christo
3713 4247 3895 4318 loqui-

2276 4346 2415 4387 mur.
2446 4330 2504 4385 In
2528 4331 2715 4388 dolore
2756 4333 2937 4404 itaque
2988 4335 3227 4392 maximo
3249 4338 3527 4396 constituti
3555 4340 3626 4397 de
3663 4342 3896 4413 quibus-

2277 4423 2398 4478 dam
2425 4423 2737 4495 putrefactis
2762 4428 3016 4483 membris
3037 4432 3281 4501 corporis
3303 4435 3493 4503 nnatri,
3526 4434 3654 4491 etin
3681 4437 3892 4507 gemitu

564 4529 715 4577 ceret
739 4562 753 4587 ,
782 4526 960 4574 tamen
993 4531 1062 4573 ne
1083 4526 1171 4572 me
1196 4512 1583 4570 somniatorem
1615 4511 1836 4570 irrideat
1865 4513 2171 4585 quisquam,
2270 4516 2535 4589 jacturam
2594 4519 2948 4577 lamentantes
2986 4523 3260 4594 Ecciesim,
3292 4542 3415 4599 qum
3451 4542 3550 4600 per
3598 4529 3893 4601 segnitiem

563 4613 704 4668 sicut
746 4609 948 4683 Joseph
985 4608 1180 4666 fratres
1225 4608 1533 4677 irriscrunt,
1575 4606 1977 4680 Scripturarum
2021 4606 2176 4662 addi-

2279 4619 2517 4666 nostram
2544 4611 2802 4684 redigitur
2828 4630 2923 4685 per
2965 4615 3083 4673 dies
3111 4618 3355 4690 singulos
3394 4620 3463 4677 ad
3509 4620 3731 4678 nimiam
3757 4638 3896 4694 pau-

1844 4710 2027 4773 EDIT.
2068 4711 2277 4774 OXON.
2320 4714 2552 4777 NOTAB.

634 4842 717 4924 De
746 4837 1118 4924 singularitate
1171 4828 1957 4924 Clericorum.lyidetttrngirca
1990 4832 2164 4924 diedie
2187 4834 2242 4898 Ι)
2269 4835 2453 4924 melius
2480 4839 2580 4905 ait,
2613 4837 2883 4895 Manutius
2903 4850 2958 4897 et
2975 4842 3280 4924 _Morel_l_ius,
3319 4862 3443 4924 cum
3471 4846 3793 4924 Landnlpho
3816 4857 3895 4914 de

560 4914 830 4987 pupularis
844 4903 1027 4987 mostri
1047 4919 1317 4987 tempora,
1349 4905 1567 4987 quando
1597 4905 1664 4987 de
1691 4903 2160 4987 egelibattrCIeri-

558 4976 744 5044 eorum
769 4984 1001 5039 maxime
1043 4976 1284 5036 fervebat
1310 4978 1607 5047 praesertim
1638 4977 1692 5031 iu
1721 4976 2011 5032 Occidente
2041 4989 2163 5033 con-

561 5058 839 5121 troversia.
872 5050 1208 5124 conscriptus
1262 5048 1437 5114 liber;
1471 5050 1561 5119 qui
1591 5048 1792 5124 SIDLUiO
1817 5048 2104 5124 respondet
2128 5062 2160 5104 a

558 5118 886 5185 rei-elatione
900 5118 1241 5194 desum'ptum
1259 5118 1653 5194 argumentum.
1676 5118 1971 5194 Ferebatur
1989 5122 2155 5182 enim,

559 5200 864 5258 Gabrielem
933 5190 1196 5267 Aogeiuiti
1247 5190 1854 5267 _duud_ecim_articulos
1921 5190 2159 5262 signatos

555 5273 834 5340 detulisse,
863 5268 1003 5340 quod
1023 5263 1352 5337 'conjuginm
1390 5263 1745 5340 sacerdotum
1775 5276 1879 5317 non
1903 5274 2046 5318 esset
2078 5274 2158 5318 lo—

558 5336 1003 5418 lerandum._Post
1027 5336 1297 5418 vulgatam
1322 5336 1626 5418 versionem
1653 5336 1706 5418 in
1732 5343 2150 5418 usu.re‘c\eptatn,

555 5419 812 5487 st-riptum
863 5412 1041 5487 fuisse
1068 5403 1322 5487 consult:
1355 5418 1458 5463 nec
1504 5403 1855 5487 refert_qn_od
1906 5403 2154 5487 Origenis

555 5476 877 5544 sententiam
910 5483 1046 5540 tueri
1090 5481 1336 5537 videatur
1383 5489 1616 5542 auctor;
1649 5476 1915 5546 siquidem
1961 5477 2061 5531 hoc
2087 5476 2154 5532 ad

555 5557 916 5644 hypothesinn
938 5568 1097 5626 quam
1138 5561 1451 5644 suseeperat
1481 5594 1496 5616 ,
1532 5546 2156 5644 .pertit‘tebat‘.‘liigattius

553 5620 648 5697 ait:
663 5630 849 5686 Codex
876 5620 1213 5684 Fossatensis
1235 5620 1507 5697 Cypriane
1532 5621 1826 5697 tribuit,_ltt_
1842 5620 2155 5676 Corbeiensi

553 5692 885 5763 inscribitur,
916 5697 1194 5766 Augustini
1221 5692 1660 5766 desiitgulnriatc
1691 5692 2021 5745 Clericorum.

630 5770 735 5825 Sed
793 5760 914 5839 quia
955 5760 1091 5820 nunc
1127 5765 1190 5818 de
1234 5763 1537 5834 feminarum
1593 5766 2008 5818 c‘onnnorntione.
2046 5760 2156 5816 Pa-

2268 4907 2552 4992 ijolnmna.
2605 4915 3101 4992 commemoratione.
3136 4907 3335 4975 Verum
3369 4923 3516 4992 prius
3564 4907 3895 4983 habeti‘tt—t:

2271 4984 2804 5068 toni-nushcuttrvet.
2853 4998 3044 5068 oscus.
3095 5000 3151 5068 et
3193 4984 3524 5068 argumento
3558 4993 3678 5051 libri
3709 5002 3895 5068 magis

2266 5051 2541 5137 convenit.
2571 5050 2682 5137 [fisi
2733 5068 2864 5137 vero
2912 5057 3075 5113 etiam
3129 5050 3480 5134 Landulphus
3513 5050 3892 5137 legeretill'itd

2266 5123 2737 5250 gie'lbsliljiti‘rgli‘lum
2777 5134 3021 5196 putarem
3046 5172 3062 5199 ,
3095 5144 3151 5188 et
3187 5123 3496 5192 omittercm
3528 5123 3649 5193 ciim
3677 5123 3892 5199 rAnvto':

2337 5266 2416 5347 {id
2465 5267 2805 5347 ignominiam
2850 5269 3260 5347 denotatiisunt.
3329 5278 3595 5335 Pamelius
3647 5281 3740 5347 ait,
3796 5283 3888 5341 Ex

2263 5337 2397 5421 vitio
2421 5337 2623 5421 codicis
2654 5339 2936 5396 Remboldi
2968 5343 3245 5421 legebatur
3274 5351 3588 5421 ignominiae.
3613 5337 3894 5412 duobus—ai

2258 5408 2535 5495 pitied-non
2567 5411 2825 5495 placeret,
2856 5408 3096 5483 reposuit
3133 5408 3389 5495 Erasmus
3430 5408 3893 5495 ignominiosa—es

2259 5479 2386 5553 illud
2418 5479 2599 5553 legunt
2629 5479 2934 5539 Antoninus
2961 5496 3017 5541 et
3037 5500 3143 5544 vet.
3180 5507 3299 5547 exc.
3333 5479 3543 5550 ΡΑκῖίι..

2331 5551 2541 5632 Domini
2590 5557 2927 5632 correptione.
2998 5558 3262 5626 Pamelitta
3318 5567 3432 5632 ait,
3485 5566 3753 5623 Manutius
3823 5580 3894 5627 et

2261 5621 2533 5711 Morelli‘ns
2554 5621 2893 5711 correptione,
2913 5642 3096 5686 verum
3122 5623 3268 5711 prius
3295 5621 3468 5711 placet
3491 5621 3886 5711 obsequentia,

2261 5698 2558 5784 prtesergtitn
2612 5698 2928 5784 sixlegamus
2958 5714 3081 5757 cum
3123 5698 3418 5779 Antonino,
3463 5698 3745 5782 corripiens
3773 5698 3893 5784 pro

2261 5768 2582 5822 conveniens.
2634 5768 2841 5823 PAIEL.
