4230 6282
304 307 416 378 85')

1379 312 1468 383 nn
1506 317 2066 387 SINGULARITATE
2103 316 2573 391 CLs‘tuconU'u.

3516 338 3623 403 838

309 438 571 506 citatem;
619 437 894 496 credimus
936 453 1035 497 nos
1070 455 1136 499 ex
1188 450 1341 514 parte
1377 445 1557 518 aliqua
1615 448 1908 520 sublevari,
1940 447 1993 513 Α
2020 450 2153 522 legis
2177 461 2441 523 praecepta
2473 453 2669 509 mutari
2706 462 2720 509 :
2751 461 2811 510 ut
2842 452 2982 511 inter
3009 450 3279 514 masculos
3317 465 3371 514 et
3399 457 3625 519 feminas

310 529 454 601 quod
492 529 784 602 diligentia:
814 544 1014 590 nostra:
1063 538 1383 609 negligentia
1435 542 1788 611 quorumdam
1818 544 1918 599 ob-

309 637 433 678 esse
458 638 565 677 non
594 625 783 694 possit,
813 627 1007 696 quibus
1040 645 1330 701 numquam
1359 642 1557 689 nostra:
1585 635 1776 692 littera:
1814 636 1914 694 de-

311 714 551 781 fuerunt,
601 732 722 787 qua:
780 730 875 790 per
921 721 1219 777 absentiam
1273 732 1513 780 nostram
1562 725 1916 798 frequentiam

310 808 564 866 omnibus
605 823 971 881 pensaveruut
1024 815 1469 874 dissimulationis
1494 834 1607 876 sum
1632 839 1647 877 :
1672 832 1913 878 utunus-

311 902 540 972 quisque
594 914 941 976 eonlentptor
985 924 1136 964 reum
1186 913 1537 983 semetipsum
1584 918 1913 986 conscribat,

312 1010 411 1050 nos
432 1005 610 1052 autem
640 997 805 1054 libera
835 998 1015 1057 fronte
1039 1005 1499 1074 contemptorihus
1528 1009 1914 1077 exelamemns,

312 1087 457 1159 quod
486 1087 746 1145 Salomon
786 1091 1122 1149 confidenter
1146 1099 1438 1167 exprobrat
1463 1115 1476 1152 :
1500 1100 1762 1167 Quoniam
1792 1103 1913 1173 qui-

313 1178 436 1236 dem
465 1182 722 1237 vocabam
745 1223 761 1248 ,
794 1183 988 1254 inquit,
1022 1195 1077 1241 et
1124 1201 1229 1242 non
1277 1187 1648 1246 obautlicbatis
1680 1211 1694 1247 :
1723 1201 1777 1249 et
1822 1210 1916 1249 ex-

316 1272 789 1330 tendebam'verba
823 1292 965 1344 mea,
991 1288 1177 1334 etnon
1228 1278 1611 1349 intendebatis,
1640 1284 1732 1339 sed
1767 1286 1913 1341 irrita

314 1362 593 1422 faciebatis
641 1383 759 1423 mea
800 1371 1044 1453 consilia,
1075 1373 1209 1428 meis
1237 1384 1415 1431 autem
1459 1377 1915 1448 increpationibus

316 1474 422 1514 non
449 1461 808 1520 intendebatis
838 1466 1067 1536 {itaque
1092 1478 1144 1523 et
1170 1484 1271 1540 ego
1292 1479 1483 1526 vestra:
1510 1473 1795 1542 perditioni
1827 1489 1916 1529 sui

315 1554 603 1622 perridebo
652 1554 978 1613 Gratulabor
1021 1575 1151 1631 ergo
1195 1562 1485 1619 adversum
1514 1580 1630 1635 vos,
1664 1582 1784 1621 cum
1817 1567 1915 1621 ad-

314 1648 526 1703 venerit
575 1648 729 1704 vobis
778 1650 1046 1718 interitus,
1115 1665 1168 1709 et
1223 1671 1343 1710 cum
1416 1659 1694 1725 advenerit
1762 1662 1916 1717 vobis

317 1742 498 1799 subito
527 1744 787 1800 tumultus
813 1760 829 1800 :
862 1748 1073 1802 eversio
1098 1760 1278 1808 autem
1305 1752 1460 1807 simul
1491 1763 1545 1809 et
1564 1755 1834 1824 procellae,
1862 1763 1917 1811 et

2018 559 2297 616 Speremus
2328 546 2523 617 Passim
2567 550 2869 605 castitatem
2904 550 3237 608 immobilem
3268 550 3548 614 custodiri.

2093 639 2319 696 Difficile
2340 642 2460 710 quis
2486 654 2753 698 venenum
2784 642 2929 700 bibet
2954 657 3008 701 et
3036 647 3514 705 vivelNet-endunt
3540 654 3625 706 est

2017 733 2306 790 dormienti
2357 736 2408 791 in
2442 734 2576 808 ripa,
2609 753 2678 794 ne
2723 734 2901 808 cadat,
2953 755 3075 796 cum
3120 740 3263 798 dicat
3292 744 3621 816 Apostolus:

2018 829 2118 898 Qui
2148 846 2207 885 se
2234 834 2387 902 putat
2427 842 2593 896 stare,
2629 830 2807 889 videat
2833 850 2901 889 ne
2929 834 3106 891 cadat.
3133 837 3185 892 In
3218 836 3316 892 hac
3345 849 3495 909 parte
3523 856 3624 895 ex-

2021 921 2165 990 pedit
2197 922 2315 991 plus
2357 923 2495 979 bene
2526 920 2732 991 timere,
2760 938 2919 997 quam
2952 929 3093 984 male
3135 928 3319 985 fidere.
3352 932 3413 986 Et
3446 932 3623 989 utilius

2018 1024 2101 1069 est
2132 1014 2401 1070 infirmum
2430 1031 2490 1073 se
2532 1015 2695 1072 homo
2732 1031 3043 1089 cognoscat,
3072 1031 3127 1077 ιιι
3180 1021 3333 1079 fortis
3374 1026 3573 1080 existat
3605 1043 3621 1094 ;

2017 1120 2176 1177 quam
2208 1106 2359 1163 fortis
2392 1109 2560 1165 videri
2591 1111 2740 1179 velit,
2765 1121 2818 1167 et
2866 1112 3111 1168 infirmus
3132 1124 3394 1184 emergat.
3422 1116 3495 1171 De
3519 1133 3622 1188 qua

2017 1209 2524 1272 re-praesumptores
2559 1202 2808 1275 ohjnrgat
2847 1205 3154 1276 Apostolus,
3176 1204 3361 1264 dicens
3387 1227 3399 1261 :
3424 1210 3478 1265 Si
3504 1208 3623 1281 quis

2017 1301 2169 1363 putat
2192 1309 2251 1349 se
2276 1292 2476 1364 aliquid
2493 1312 2636 1361 esse,
2656 1313 2776 1353 cum
2801 1296 2933 1352 nihil
2953 1298 3041 1366 sit,
3062 1300 3298 1371 seipsum
3341 1300 3620 1372 implanat.

2018 1376 2125 1439 Pro
2154 1395 2305 1441 certo
2331 1387 2653 1454 impianator
2671 1390 2918 1460 proprius
2945 1407 3096 1447 suam
3125 1392 3357 1450 animam
3387 1392 3620 1469 decepit,

2018 1475 2106 1544 qui
2138 1492 2243 1531 non
2297 1477 2540 1535 cavendo
2591 1478 3083 1547 contraria,-noxiis
3127 1478 3289 1541 rebus
3332 1490 3623 1560 semetipso

2018 1569 2372 1624 commiserit.
2406 1569 2501 1627 Ille
2531 1581 2711 1627 autem
2761 1576 2924 1629 tutius
2953 1575 3052 1632 sibi
3079 1578 3332 1648 consulit,
3366 1578 3454 1651 qui
3479 1580 3622 1639 circa

2020 1663 2194 1717 malos
2219 1676 2436 1734 semper
2458 1652 2659 1721 infidus
2677 1668 2887 1737 Species
2916 1682 3283 1744 quascumque
3313 1676 3502 1734 noxias
3524 1693 3624 1734 ex-

2020 1755 2269 1810 timescit.
2297 1758 2535 1823 Quorum
2577 1759 2884 1815 distantiam
2911 1762 3165 1820 Salomon
3210 1764 3488 1833 disseruit.
3536 1766 3623 1827 di-

314 1849 437 1890 cum
490 1836 770 1894 advenerit
820 1839 972 1894 vobis
1030 1857 1279 1912 pressura
1318 1853 1373 1899 et
1425 1848 1770 1917 expugnatio.
1798 1847 2150 1914 Erithens
2193 1847 2466 1918 :Sapiens
2519 1848 2759 1906 finiendo
2809 1852 3101 1911 declinabit
3154 1855 3222 1913 ab
3256 1861 3400 1915 omni
3430 1858 3619 1922 malo:

313 1929 455 1984 enim
483 1944 602 1984 cum
635 1945 721 1987 me
749 1931 1147 2001 invocaveritis,
1174 1951 1275 2007 ego
1300 1946 1477 1993 autem
1501 1955 1606 1993 non
1633 1939 1915 1995 exaudiam

313 2036 428 2075 vos.
459 2021 718 2090 Quietem
760 2040 845 2079 tne
875 2025 1000 2080 mali
1028 2067 1044 2094 ,
1076 2035 1132 2083 et
1185 2045 1291 2083 non
1336 2029 1613 2086 invenient
1640 2046 1653 2083 :
1685 2030 1919 2086 oderunt

313 2114 455 2168 enim
484 2115 825 2186 sapientiora.
859 2116 1093 2174 Verbum
1124 2131 1303 2176 autem
1338 2122 1547 2177 Domini
1575 2138 1680 2179 non
1708 2139 1919 2179 assunp

317 2218 576 2277 pserunt,
623 2224 799 2280 neque
827 2211 1111 2266 voluerunt
1162 2214 1295 2268 meis
1341 2200 1914 2273 consiliis'intendere.

316 2299 642 2371 Spreverunt
687 2303 833 2358 enim
882 2316 1030 2361 meas
1055 2309 1470 2377 correptiones:
1502 2308 1730 2382 ideoque
1757 2311 1920 2368 edent

321 2395 423 2449 vite
444 2410 556 2450 sua:
579 2393 805 2460 fructus.
829 2406 884 2452 et
906 2411 1001 2453 sua
1030 2399 1302 2469 impietate
1324 2402 1681 2458 satiabuntur.

390 2490 474 2546 Ad
500 2506 595 2547 vos
624 2506 767 2547 nunc
793 2508 910 2549 mea
938 2494 1242 2551 exhortatio
1270 2498 1620 2566 convertitur,
1659 2513 1796 2570 quos
1823 2513 1923 2555 no—

322 2583 498 2640 lumus
542 2587 776 2657 experiri
839 2588 969 2665 talia
1011 2589 1304 2660 praecipitia
1349 2593 1650 2647 ruinarum.
1704 2591 1923 2648 Metuite

322 2688 581 2748 quantum
638 2682 863 2751 potestis
892 2682 1156 2752 ejusmodi
1198 2698 1356 2739 casus
1403 2685 1567 2739 exitia
1600 2692 1697 2739 :et
1720 2684 1773 2739 in
1820 2684 1922 2739 ista

323 2771 694 2841 subversione,
725 2773 1018 2830 labentium
1046 2791 1146 2831 vos
1167 2776 1536 2847 experimenta
1566 2785 1921 2845 perterreant.

322 2862 554 2920 Nimium
582 2880 821 2936 praeceps
846 2877 931 2923 est
953 2867 1043 2936 qui
1066 2869 1296 2923 transire
1323 2867 1620 2934 contendit,
1646 2867 1735 2923 ubi
1762 2868 1925 2923 alium

325 2956 668 3028 conspexerit
694 2959 999 3014 cecidisse:
1043 2970 1097 3015 et
1122 2959 1475 3017 vehementer
1524 2960 1765 3016 infrenis
1819 2970 1924 3028 est,

326 3054 413 3110 cui
442 3071 548 3109 non
581 3055 838 3112 incutitur
886 3057 1047 3112 timor
1091 3056 1199 3112 alio
1231 3067 1509 3128 pereunte.
1544 3061 1767 3113 Amator
1798 3072 1928 3114 vero

327 3156 413 3203 est
439 3147 627 3203 salutis
651 3164 784 3215 suae,
804 3151 893 3221 qui
915 3150 1291 3206 evitatatiente
1318 3152 1506 3206 mortis
1536 3151 1831 3206 incurSum.
1864 3150 1931 3205 Et

2021 1942 2279 2014 insipiens
2314 1954 2489 1999 autem
2530 1942 2809 2003 confidens
2857 1950 2938 2004 sui
2983 1951 3240 2008 miscetur
3283 1954 3485 2027 iniquo.
3514 1952 3626 2013 Ma-

2020 2051 2180 2108 gnum
2209 2041 2488 2109 sapientim
2537 2038 2730 2096 divinm
2762 2038 3044 2100 consilium
3094 2046 3368 2104 inventum
3401 2060 3504 2119 est,
3533 2052 3627 2109 ubi

2022 2130 2231 2184 timoris
2262 2130 2463 2187 auxilio
2515 2132 2828 2191 liberemur.
2854 2132 3042 2207 Magna
3098 2144 3413 2213 compendia
3448 2147 3631 2217 provi-

2020 2220 2238 2287 denti-.e,
2264 2230 2322 2277 ut
2351 2224 2640 2297 aliquando
2671 2228 2760 2282 fiat
2789 2226 2958 2286 virtus
2993 2240 3046 2287 et
3072 2232 3296 2290 victoria
3339 2252 3435 2308 per
3465 2240 3627 2295 timo-

2022 2328 2159 2369 rem.
2183 2313 2369 2388 Magna
2402 2319 2639 2375 remedia
2665 2318 2924 2378 Dominus
2953 2325 3181 2381 contulit
3202 2327 3267 2383 ad
3300 2329 3553 2394 salutem,
3572 2341 3630 2389 ut

2024 2404 2217 2463 habeat
2245 2416 2299 2463 ot
2321 2407 2536 2466 timidus
2565 2410 2800 2485 laudem,
2831 2414 2970 2470 sicut
3000 2410 3255 2473 Salomon
3295 2423 3511 2492 repetit,
3545 2422 3627 2478 di-

2024 2514 2154 2554 cens
2187 2517 2200 2553 :
2233 2500 2429 2557 Beatus
2474 2501 2558 2558 vir
2583 2505 2671 2576 qui
2712 2515 2928 2563 veretur
2953 2510 3132 2565 omnia
3163 2525 3260 2582 per
3283 2523 3506 2570 metum.
3545 2512 3630 2570 ln-

2026 2590 2360 2648 testimabilis
2413 2594 2622 2679 Domini
2679 2592 3050 2657 misericordia
3086 2644 3102 2671 ,
3176 2620 3296 2674 quae
3346 2606 3632 2679 unicuique

2028 2682 2233 2738 homini
2282 2700 2434 2741 suam
2480 2688 2708 2745 contulit
2750 2691 3015 2762 gloriam:
3063 2703 3117 2751 et
3167 2692 3632 2770 incomprehensi-

2027 2773 2151 2829 bilis
2180 2776 2371 2845 pictas,
2398 2792 2518 2849 qua:
2545 2782 2843 2838 secundum
2875 2796 3081 2857 pugnas
3110 2780 3260 2844 dedit
3296 2796 3349 2845 et
3381 2791 3583 2860 palmas
3616 2811 3633 2849 .'

2029 2875 2090 2921 ut
2113 2868 2421 2924 confitendo
2444 2873 2808 2929 masculorum
2838 2868 3104 2932 stetitiam
3129 2892 3469 2949 superemus,
3488 2893 3543 2936 et
3568 2882 3634 2937 ti-

2030 2959 2229 3016 mendo
2251 2959 2572 3018 feminarum
2615 2962 2980 3022 blandimenta
3009 2966 3315 3039 vincamus;
3339 2963 3635 3030 dummodo

2030 3062 2084 3108 et
2108 3052 2177 3109 de
2207 3054 2403 3111 virtute
2429 3056 2562 3112 etde
2592 3055 2903 3115 infirmitate
2930 3074 3092 3131 snper
3116 3077 3215 3119 nos
3238 3062 3496 3120 Dominus
3512 3066 3633 3138 glo-

2032 3144 2140 3200 rias
2180 3156 2477 3217 operetur:
2506 3157 2560 3202 ut
2595 3149 2646 3203 in
2676 3149 2927 3206 omnibus
2958 3159 3012 3207 et
3039 3164 3134 3221 per
3165 3155 3345 3210 omnia
3387 3155 3638 3229 omnipo-

330 3242 445 3313 ᾕρεε
476 3250 560 3298 εει
596 3243 869 3314 providus,
893 3245 985 3314 qui
1029 3244 1298 3300 sollicitus
1327 3243 1386 3298 ﬁt
1431 3244 1676 3300 cladibus
1702 3252 1929 3299 caetero-
1957 3248 2002 3313 α
2037 3246 2237 3293 tentem
2258 3240 3066 3312 semetipsetestetur,dividens
3097 3240 3427 3304 differentias
3451 3249 3640 3306 trium-

329 3349 473 3401 rum,
529 3335 671 3391 sicut
722 3335 977 3392 Salomon
1017 3338 1299 3409 approbat,
1341 3336 1528 3393 dicens
1560 3354 1573 3390 :
1602 3338 1825 3392 Asnttus
1851 3336 1932 3390 vi-

332 3427 469 3484 dens
490 3428 695 3485 malum
718 3431 912 3501 puniri,
929 3429 1279 3486 vehementer
1291 3430 1590 3487 erudietur.
1609 3428 1678 3484 Et
1695 3429 1886 3484 iterum
1912 3445 1927 3485 :

338 3520 666 3578 Cadentibus
714 3523 896 3595 impiis
948 3523 1077 3595 justi
1150 3524 1499 3580 vehementer
1565 3522 1929 3579 terrebantur.

334 3613 658 3669 Adversaria
685 3623 769 3670 est
793 3615 1137 3682 confidentia,
1162 3631 1284 3687 qum
1308 3614 1562 3686 periculis
1593 3614 1757 3669 vitam
1780 3624 1931 3668 suam

330 3722 434 3779 pro
461 3717 611 3764 certo
638 3709 998 3765 commendat.
1031 3711 1096 3765 Et
1127 3710 1329 3766 lubrica
1375 3723 1499 3780 spes
1520 3718 1622 3775 est,
1651 3720 1772 3776 quae
1793 3708 1935 3763 inter

338 3799 571 3855 fomenta
598 3802 800 3871 peccati
829 3801 1021 3857 salvari
1047 3817 1108 3857 se
1130 3812 1333 3873 sperat.
1363 3803 1570 3858 Incerta
1590 3798 1807 3858 victoria
1829 3809 1932 3868 est,

338 3890 479 3949 inter
505 3894 718 3951 hostilia
740 3910 891 3950 arma
917 3910 1176 3967 pugnare.
1209 3896 1277 3951 Et
1304 3896 1653 3966 impossibitts
1688 3893 1936 3949 llberatio

340 3994 442 4052 est,
468 3985 699 4045 flammis
720 3988 1045 4044 circumdari
1072 4029 1087 4054 ,
1130 4005 1232 4045 nec
1257 3989 1466 4045 ardere.
1496 3989 1651 4058 Quod
1683 3986 1936 4044 Salomon

341 4094 445 4133 non
470 4091 649 4151 negat,
671 4081 856 4137 dicens
883 4097 897 4135 :
920 4082 1052 4151 Quis
1087 4081 1329 4152 alligabit
1356 4084 1408 4137 in
1440 4084 1562 4137 sinu
1593 4094 1692 4138 suo
1735 4082 1937 4153 ignem,

342 4173 657 4227 vestimenta
696 4184 875 4229 autem
903 4190 999 4229 sua
1044 4189 1151 4230 non
1176 4174 1503 4230 eomhuret?
1545 4177 1653 4230 Aut
1682 4176 1771 4246 qui
1825 4184 1942 4229 am-

343 4263 549 4320 bulabit
573 4282 738 4336 super
764 4267 1029 4324 carbones
1072 4268 1209 4339 ignis
1241 4287 1255 4324 :
1291 4268 1456 4339 pedes
1486 4281 1617 4326 vero
1655 4280 1761 4325 non
1793 4278 1943 4325 eom—

343 4356 501 4411 buret
527 4355 551 4410 ?
577 4356 668 4413 Sic
691 4359 781 4429 qui
803 4360 1070 4416 introierit
1094 4361 1162 4416 ad
1189 4374 1414 4418 uxorem
1448 4363 1676 4433 proximi
1704 4364 1807 4428 sui,
1835 4378 1942 4418 non

347 4448 455 4505 erit
507 4449 781 4517 immunis,
814 4468 988 4523 neque
1024 4455 1201 4509 omnis
1224 4456 1313 4525 qui
1341 4456 1507 4527 tangit
1530 4468 1673 4511 eam.
1705 4454 1941 4524 Credite,

347 4558 531 4615 qumso
565 4558 681 4610 vos,
709 4538 914 4602 credite
942 4545 1137 4607 divinte
1165 4546 1287 4603 fidei
1317 4589 1331 4614 ,
1382 4549 1625 4618 quinimo
1651 4560 1813 4619 quam
1846 4562 1946 4602 no-

2034 3328 2299 3399 pltorum;
2333 3340 2391 3386 ιιι
2432 3342 2536 3387 tam
2570 3333 2810 3389 consiliis
2841 3346 3000 3406 quam
3033 3334 3235 3393 viribus
3257 3353 3288 3394 a
3312 3339 3468 3395 nobis
3495 3338 3638 3398 bella

2033 3421 2340 3490 vincantur,
2389 3438 2456 3480 ne
2497 3424 2542 3481 si
2581 3424 2872 3483 vicerimus
2919 3428 3086 3485 solius
3134 3424 3257 3487 fidei
3302 3424 3635 3502 fortitudine,

2034 3524 2221 3571 contra
2266 3515 2611 3575 Salomonem
2664 3530 2831 3576 vaCua
2896 3528 3081 3578 essent
3128 3536 3291 3595 Opera
3340 3524 3639 3596 sapicntim.

2034 3606 2186 3664 Nunc
2213 3609 2374 3680 igitur
2398 3611 2676 3681 sapientia:
2698 3622 2846 3667 arma
2877 3613 3157 3682 gestanda,
3203 3614 3317 3670 uhi‘
3346 3617 3559 3672 feminei
3587 3626 3643 3673 et

2036 3702 2208 3759 virilis
2255 3716 2418 3760 sexus
2469 3713 2743 3760 certamen
2773 3705 3049 3761 indicitur.
3081 3704 3236 3763 Unde
3278 3706 3532 3763 Salomon
3565 3709 3643 3765 sic

2040 3795 2275 3862 instruit,
2308 3794 2513 3864 dicens,
2548 3792 2921 3865 Prottentiam,
2956 3794 3148 3869 inquit,
3180 3798 3266 3855 fac
3294 3804 3474 3855 notam
3523 3794 3642 3869 tibi,

2041 3899 2099 3944 ut
2129 3898 2180 3944 te
2204 3900 2379 3945 servet
2399 3907 2426 3943 a
2449 3891 2675 3947 muliere
2705 3891 2877 3946 aliena
2910 3900 2965 3946 et
2992 3890 3247 3962 pessima.
3283 3888 3472 3950 Videte
3503 3902 3647 3951 nunc

2041 3982 2378 4054 prudentiam
2399 3983 2451 4037 in
2476 3982 2578 4039 isto
2619 3983 2777 4051 bello,
2812 4000 2916 4039 non
2943 3982 3100 4041 fidem
3130 3984 3286 4042 nobis
3314 3980 3491 4043 datam
3527 4002 3648 4044 esse

2042 4076 2341 4144 victricem,
2366 4090 2487 4149 qum
2517 4090 2615 4133 nos
2642 4077 2946 4134 timiditatis
2965 4079 3209 4136 remedio
3236 4076 3520 4138 liberaSSet
3547 4098 3559 4136 :
3594 4086 3650 4138 et

2042 4170 2488 4242 Contemplamini
2513 4184 2634 4242 qua:
2688 4174 2813 4227 sunt
2869 4170 3032 4228 modo
3083 4188 3231 4230 arma
3280 4170 3570 4242 sumenda,
3603 4175 3649 4231 si

2043 4264 2204 4321 vultis
2239 4262 2442 4320 habere
2483 4264 2617 4337 legis
2644 4260 2864 4320 auxilia.
2897 4260 3083 4321 Estote
3113 4264 3309 4333 timidi,
3342 4275 3399 4321 ut
3422 4264 3537 4322 sitis
3569 4266 3653 4321 in~

2044 4356 2237 4431 trepidi
2273 4402 2287 4425 ,
2321 4366 2375 4414 et
2420 4357 2548 4415 licet
2574 4358 2735 4413 timor
2770 4356 2825 4414 tn
2875 4360 3169 4415 certamine
3219 4359 3501 4425 infirmitas
3528 4372 3651 4419 esse

2046 4450 2327 4519 videatur;
2358 4460 2536 4507 tamen
2569 4451 2868 4507 secundum
2918 4444 3141 4506 verbum
3194 4450 3456 4521 Apostoli,
3480 4452 3652 4510 virtus

2048 4544 2101 4598 in
2142 4542 2455 4599 infirmitate
2494 4543 2787 4614 perficitur.
2815 4536 3151 4613 Separamini
3178 4536 3460 4614 deprecor,
3491 4557 3651 4616 sepa-

348 4646 473 4692 strte
503 4654 517 4690 :
549 4639 672 4709 quia
699 4654 859 4694 omne
885 4639 1140 4711 quidquid
1171 4641 1475 4711 pollicetur,
1504 4652 1610 4698 non
1640 4648 1817 4711 potest
1845 4641 1945 4695 fal-
1970 4651 2024 4712 ι)
2049 4635 2180 4690 mini
2205 4635 2529 4707 contagione
2554 4632 2829 4706 pestifera.

350 4728 480 4796 lere,
503 4728 714 4786 dicente
737 4730 970 4787 Domino
999 4748 1015 4787 :
1047 4730 1284 4787 Facilius
1312 4740 1416 4794 est.
1449 4732 1641 4804 inquit,
1670 4732 1868 4789 ctelum
1892 4741 1949 4788 et

353 4829 551 4878 terram
573 4823 874 4895 praeterire,
896 4839 1055 4895 quam
1083 4824 1153 4880 de
1179 4824 1295 4896 iege
1312 4840 1476 4880 unum
1502 4825 1707 4896 apicem
1729 4824 1944 4881 cadere.

350 4914 422 4971 Et
441 4915 635 4971 iterum
667 4935 680 4972 :
711 4916 921 4974 (Sosium
963 4926 1019 4973 et
1052 4927 1193 4973 terra
1224 4918 1546 4985 transibunt,
1580 4918 1741 4973 verba
1769 4927 1947 4973 autem

354 5023 473 5064 mea
494 5024 600 5065 non
626 5011 993 5079 prasteribunt.
1012 5010 1117 5081 Ipsi
1147 5025 1276 5082 ergo
1304 5026 1402 5066 nos
1428 5010 1682 5099 fallimus,
1701 5012 1950 5084 quotiens

355 5098 728 5157 inordinaliter
753 5101 1045 5172 credimus,
1063 5103 1393 5159 aestimantes
1409 5118 1505 5174 per
1530 5098 1691 5160 fidem
1717 5113 1955 5160 nostram

2122 4726 2631 4797 Quantumcumque
2658 4724 2820 4782 fuerit
2837 4724 3206 4798 unusquisque
3231 4722 3440 4798 longius
3461 4722 3530 4782 ab
3558 4722 3656 4781 ad-

2052 4822 2226 4878 versis
2252 4829 2455 4876 tantum
2485 4832 2594 4876 non
2623 4818 2789 4874 sentit
2813 4814 3060 4875 adversa.
3095 4814 3266 4875 Minus
3292 4813 3655 4890 voluptatibus

2053 4915 2358 4971 stimulatur
2383 4957 2398 4981 ,
2432 4913 2523 4985 qui
2571 4920 2679 4970 non
2723 4918 2808 4969 est
2836 4906 2926 4969 ubi
2956 4910 3255 4985 frequentia
3286 4922 3367 4972 est
3410 4909 3657 4985 volupta~

2055 5017 2189 5064 tum.
2222 5007 2289 5063 Et
2318 5007 2497 5063 minus
2534 5007 2773 5063 avaritiae
2804 5005 3076 5063 molestias
3129 5008 3360 5079 patitur,
3385 5008 3483 5080 qui
3514 5008 3652 5063 divia

2067 5101 2167 5156 tias
2195 5113 2300 5154 non
2341 5097 2505 5167 videt,
2559 5098 2605 5154 si
2641 5098 2975 5156 admittimus
3021 5100 3339 5171 Apostolum
3398 5100 3661 5173 pollicen-

1646 5212 1828 5293 isotr.
1867 5234 2077 5293 exon.
2120 5230 2355 5290 nam.

431 5352 591 5413 Reum
644 5358 970 5427 semetipsum
1019 5353 1324 5413 conscribat.
1349 5353 1612 5411 Pamefius
1658 5354 1750 5420 ait,
1779 5353 1950 5409 Etiam

359 5430 445 5486 hic
477 5427 804 5487 liemboldus
836 5428 1307 5501 reposuittrerum
1356 5427 1797 5501 corruptissime;
1830 5441 1951 5480 nam

357 5502 487 5557 illud
517 5503 718 5557 habent
748 5512 854 5556 vet.
887 5498 1077 5557 exeus.
1106 5498 1333 5557 Gravius
1362 5510 1415 5555 et
1444 5498 1712 5554 litorelius.
1747 5499 1949 5552 Pauca.

430 5572 560 5627 Cum
603 5574 863 5628 advenerit
933 5576 1070 5628 vobis
1119 5573 1372 5625 interitus.
1433 5570 1694 5624 Pometia:
1722 5570 1815 5635 ait,
1846 5569 1955 5623 Nec

359 5655 468 5700 vet.
486 5660 685 5723 _excus.
731 5642 917 5714 Neque
960 5640 1291 5701 Remhotdus
1332 5642 1433 5697 hoc
1486 5642 1715 5723 habent,
1743 5641 1843 5723 sed
1874 5648 1957 5723 est

360 5714 499 5785 apud
532 5716 619 5770 70.
649 5711 840 5785 Quare
877 5726 1021 5771 recte
1049 5729 1258 5785 quoque
1286 5728 1350 5768 ex
1378 5714 1684 5783 conjectura
1736 5711 1954 5768 Cauchii

360 5786 678 5856 adjecitnus,
708 5799 759 5843 et
790 5788 917 5843 illud
951 5788 1092 5856 quod
1124 5786 1388 5856 sequitur.
1432 5785 1639 5839 PAMEL.

434 5854 743 5917 Adrerearia
793 5868 864 5915 est
918 5854 1249 5930 conﬁdentia.
1286 5854 1549 5913 Pametius
1574 5856 1664 5926 ait,
1689 5855 1764 5913 Ita
1791 5856 1951 5913 etiam

2055 5352 2146 5408 ille
2174 5352 2393 5414 rectius,
2432 5366 2591 5421 quam
2621 5352 2763 5423 vulg.
2795 5352 3027 5408 adversa.
3058 5352 3260 5412 Pnuet.

2131 5423 2371 5500 Quinimo
2394 5439 2545 5493 quant
2561 5434 2772 5500 nostra.
2799 5423 3060 5479 Pometios
3083 5428 3176 5500 uit,
3209 5426 3662 5500 Acetpitquim'mo

2055 5511 2153 5566 pro
2176 5495 2384 5566 potius;
2411 5509 2532 5566 nam
2561 5494 2688 5566 illttd
2712 5494 2863 5563 plus:
2893 5511 3065 5566 neque
3092 5496 3290 5552 habent
3320 5494 3548 5556 v‘eLexe.
3567 5517 3663 5557 tte-

2058 5558 2550 5641 que'Remholdus,
2576 5564 2668 5641 sed
2690 5558 2889 5641 primus
2911 5558 3165 5622 Erasmus
3199 5568 3423 5641 addidit.
3453 5570 3658 5641 Ριηηιι.

2136 5637 2265 5705 ρυω
2308 5636 2577 5713 unicuique
2601 5636 2804 5713 homini
2829 5655 2996 5713 suam
3031 5640 3246 5713 contulit
3286 5641 3524 5713 gloriam.
3559 5636 3668 5698 Pa-

2061 5713 2239 5782 metins
2268 5711 2360 5776 ait,
2392 5706 2718 5782 Retttboldus
2749 5710 2878 5765 vitio
2919 5724 3211 5782 operarum
3239 5706 3469 5769 habebat
3517 5730 3611 5769 suo
3644 5757 3660 5782 ,

2060 5779 2204 5852 quod
2266 5796 2387 5837 cum
2438 5794 2542 5835 non
2569 5778 2878 5851 quadraret,
2912 5778 3153 5852 reposuit
3194 5778 3474 5851 Erasmus,
3506 5778 3661 5842 undi;

2059 5870 2155 5929 que
2183 5867 2281 5926 pro
2311 5853 2618 5925 unicuique;
2644 5862 2700 5909 at
2728 5853 2874 5926 prius
2924 5856 3217 5929 genuinum
3256 5865 3358 5917 est.
3386 5855 3591 5922 PAIIEL.
3651 5922 3665 5935 Δ
