4214 6266
656 293 765 350 859

2228 266 2434 355 Ltntsn
3932 298 4020 355 8l0

660 421 804 471 tem:
835 415 932 484 Qui
956 416 1158 481 volunt,
1185 417 1376 489 inquit,
1403 417 1596 474 divites
1617 417 1753 485 fieri,
1781 416 2028 473 incidunt
2057 417 2108 472 in
2141 425 2260 472 ten-
2286 420 2337 478 Α
2368 416 2420 472 hi
2440 415 2666 474 ‘Caiilwi
2708 431 2818 486 pra:
2845 417 3095 474 omnibus
3122 416 3359 475 Galikeis
3412 412 3650 471 fuerint
3688 419 4013 481 peccatores,

669 509 926 562 tationem
974 518 1027 563 et
1075 509 1128 562 iu
1178 511 1526 582 muscipulas,
1576 522 1629 567 et
1682 511 1948 567 desideria
1982 511 2144 566 multa
2204 519 2258 565 et
2359 509 2447 580 qui
2478 509 2604 563 talia
2633 509 2774 579 passi
2797 508 3127 585 suntiNou.
3157 509 3284 564 Dico
3311 506 3533 561 Vobis:
3572 503 3704 576 Nisi
3765 502 4014 570 poeniten-

661 596 847 654 inutila
875 609 928 654 et
955 599 1134 661 noxia.
1166 617 1287 672 qua:
1333 612 1581 675 mergunt
1613 603 1886 661 hominem
1916 604 1967 658 in
1998 603 2258 674 perditio-

662 703 784 744 nem
817 698 870 745 ct
901 691 953 745 in
987 691 1282 749 interitum.
1304 694 1421 751 Non
1444 698 1599 753 aliter
1645 696 2030 752 tentationibus’
2075 695 2257 766 subjo-

657 789 743 837 cet
777 782 867 852 qui
915 781 1133 853 junctus
1181 796 1266 844 est
1310 788 1566 857 feminm;
1597 792 1649 845 in
1686 806 1789 862 qua
1840 789 1972 846 nihil
1996 798 2080 845 est
2116 788 2258 845 aliud

657 872 759 931 nisi
793 876 933 946 quod
969 879 1119 935 feriat
1143 882 1557 951 proximantem.
1593 884 1828 941 Aculcus
1868 883 2072 956 peccati
2123 883 2259 938 facta

658 980 741 1025 est
783 970 952 1027 forma
998 972 1260 1041 feminea;
1294 988 1347 1033 et
1395 979 1584 1033 mortis
1623 978 1863 1034 conditio
1911 994 2016 1031 non
2045 975 2261 1031 aliunde

656 1065 908 1131 Surrexit,
944 1067 1043 1122 nisi
1074 1066 1142 1124 de
1189 1069 1437 1126 muliebri
1467 1071 1793 1126 substantia.
1817 1070 1972 1139 Quod
2002 1070 2260 1125 Salomon

658 1157 724 1213 ad
755 1168 989 1216 nostrain
1022 1160 1439 1218 sollicitudinem
1489 1172 1774 1227 memorat,
1803 1164 1988 1219 dicens
2019 1178 2033 1215 :
2067 1164 2114 1218 Λ
2141 1177 2262 1217 mu-

660 1250 793 1307 liere
820 1252 1015 1308 factum
1041 1262 1125 1309 est
1152 1248 1374 1310 initium
1405 1261 1629 1327 peccati,
1660 1265 1880 1328 propter
1910 1255 2048 1310 hanc
2075 1269 2265 1310 omnes

661 1343 942 1400 morimur.
980 1344 1108 1402 Inde
1135 1349 1389 1404 mortales
1413 1362 1678 1415 tenemur,
1706 1365 1805 1404 nec
1824 1350 2097 1403 timemus.
2122 1346 2263 1415 Quid

659 1439 703 1493 si
733 1439 843 1507 jam
867 1438 1121 1495 mortales
1142 1441 1431 1495 essemus?
1459 1440 1566 1497 Per
1592 1440 1873 1496 mulierem
1899 1439 2147 1496 liberavit
2168 1454 2267 1494 nos

661 1530 909 1602 equidem
940 1529 1205 1599 Christus,
1235 1533 1330 1589 sed
1380 1531 1524 1589 unde
1562 1533 1741 1589 adhuc
1779 1534 2042 1589 morimur
2080 1531 2267 1589 forati-

661 1623 791 1681 dare
815 1624 1097 1682 debemus.
1137 1626 1292 1681 Tunc
1325 1626 1571 1683 liberatio
1627 1628 1743 1697 ipsa
1796 1627 2063 1683 constabit
2102 1626 2154 1681 iu
2184 1625 2264 1681 fe-

662 1718 826 1786 mina,
859 1717 904 1773 si
934 1734 965 1774 a
999 1718 1152 1775 nobis
1180 1734 1327 1775 mors
1356 1718 1684 1787 revincatur,
1743 1736 1863 1790 qum
1889 1735 1986 1791 per
2012 1718 2265 1775 feminam

2364 601 2488 657 tiam
2549 601 2860 670 habueritis,
2893 601 3147 657 similiter
3178 600 3441 671 periclis,
3519 597 3689 652 sicut
3743 595 3827 649 illi
3875 608 4012 667 supra

2361 710 2498 766 quos
2520 693 2718 750 cecidit
2767 696 2927 750 turris
2970 695 3023 749 in
3068 694 3235 756 Siloa,
3275 702 3331 749 et
3381 690 3624 748 occidit
3676 703 3804 744 eos.
3829 687 4012 745 Putatis

2363 789 2610 860 quoniam
2638 800 2692 845 et
2722 790 2819 860 ipsi
2844 789 3120 845 debitores
3145 787 3364 843 fuerunt
3387 800 3519 856 pra:
3545 782 3834 839 omnibus
3864 783 4012 836 homi-

2365 881 2525 937 nibus
2569 881 2937 936 habitantibus
2963 881 3016 934 in
3041 878 3375 935 Hierusalem
3399 879 3429 930 ?
3456 876 3625 932 Non.
3661 873 3809 930 Dico
3839 874 4007 930 vobis:

2365 974 2419 1030 Si
2455 989 2558 1028 non
2589 972 2972 1046 pmuituerilis,
3004 971 3255 1028 similiter
3287 968 3558 1041 petietis.

2439 1067 2696 1122 Mirantur
2740 1067 2785 1121 si
2827 1065 2998 1122 Adam
3044 1081 3139 1136 per
3180 1065 3343 1119 Evam
3395 1063 3697 1119 seductus
3727 1071 3839 1127 est,
3867 1077 4005 1132 quem

2368 1159 2511 1215 nulla
2542 1159 2882 1213 morientium
2915 1156 3162 1225 exempla
3188 1163 3638 1227 praecesserant,
3673 1164 3737 1209 et
3768 1155 3874 1209 nisi
3911 1154 4006 1224 jus-

2367 1253 2449 1306 sio
2476 1266 2577 1305 una
2605 1250 3040 1313 cnnstrinxcrat,
3075 1263 3195 1302 cum
3217 1247 3380 1302 modo
3410 1262 3531 1302 nos
3562 1261 3679 1302 nec
3704 1248 4003 1301 innumera-

2368 1349 2505 1406 biles
2547 1359 2769 1415 mortes,
2803 1364 2904 1405 nec
2940 1347 3147 1403 infinita
3176 1349 3325 1420 jussa
3367 1356 3787 1420 compescant.
3820 1345 4003 1413 Quibus

2368 1445 2756 1501 convenienter
2810 1443 3007 1499 dicitur
3060 1443 3353 1499 secundum
3411 1443 3884 1510 increpationem
3916 1439 3998 1494 Do-

2369 1538 2496 1593 mini
2526 1555 2539 1592 :
2565 1538 2619 1594 Si
2652 1537 2821 1593 Adam
2847 1535 3071 1592 vidisset
3101 1546 3321 1603 mortes,
3347 1551 3478 1607 qua:
3536 1535 3711 1590 factm
3748 1535 3804 1588 in
3825 1531 3995 1595 vobis,

2373 1630 2500 1685 oliui
2553 1631 2605 1684 in
2634 1630 2813 1685 cilicio
2862 1639 2916 1685 ct
2954 1630 3149 1690 ,ciuere
3181 1629 3580 1699 ptenitentiam
3613 1628 3846 1699 egisset.
3892 1625 3995 1680 Dico

2370 1732 2549 1778 autem
2580 1721 2764 1787 vobis,
2813 1722 3065 1792 quoniam
3109 1720 3242 1778 Atla:
3286 1720 3654 1777 tolerabilius
3704 1719 3818 1775 erit
3849 1719 3899 1771 in
3926 1716 3997 1771 die

661 1818 905 1865 venerat.
935 1811 1203 1866 Cmterum
1246 1811 1291 1866 si
1328 1810 1504 1867 adhuc
1534 1826 1630 1883 per
1675 1810 1956 1866 mulierem
1977 1809 2119 1865 circa
2170 1824 2269 1865 nos
2297 1819 2345 1880 Β
2368 1814 2580 1885 judicii,
2611 1828 2769 1883 quam
2826 1812 2999 1868 vobis.
3031 1813 3213 1884 Longe
3242 1811 3311 1867 sit
3344 1811 3527 1882 pestis
3556 1810 3683 1877 illa,
3721 1819 3779 1865 et
3811 1808 3993 1873 lues,et

661 1900 914 1957 scandala
969 1901 1354 1972 dominantur,
1417 1903 1754 1960 liberationis
1792 1903 1989 1959 Christi
2041 1900 2268 1958 fecimus

663 2012 759 2066 pro
782 2005 930 2052 certo
955 1996 1317 2066 dispendium.
1360 1996 1637 2070 Siquidem
1666 2000 1717 2053 in
1758 1998 1994 2054 futurum
2020 2013 2145 2068 Spes
2168 1998 2266 2053 ista

663 2087 932 2145 libertatis
960 2098 1162 2160 manet,
1194 2106 1352 2162 quam
1401 2090 1525 2147 fidei
1564 2102 1765 2147 nostra:
1794 2090 2065 2146 Christum
2089 2089 2267 2146 credi-

664 2200 783 2239 mus
810 2182 1107 2240 contulisse
1143 2201 1155 2238 :
1201 2196 1259 2240 ut
1304 2194 1431 2240 tunc
1458 2184 1613 2239 nobis
1662 2183 1887 2241 omnino
1916 2183 2112 2238 mulier
2159 2198 2265 2237 non

663 2286 873 2343 noceat,
906 2286 1111 2333 cumet
1164 2276 1280 2348 ipsa
1330 2291 1478 2332 mors
1518 2274 1681 2331 fuerit
1721 2285 1999 2332 evacuata.
2031 2274 2165 2331 Nam
2220 2275 2267 2331 si

666 2370 827 2426 modo
869 2380 1119 2441 putamus
1150 2385 1249 2425 nos
1280 2368 1627 2427 intentabilcs
1672 2383 1795 2425 esse
1820 2365 2270 2436 muliebribusja-

661 2463 835 2531 culis;
862 2463 989 2535 quid
1016 2478 1147 2534 ergo
1193 2472 1362 2519 restat
1403 2460 1714 2517 emlestibus
1757 2459 1982 2531 regnis?
2020 2458 2134 2514 Non
2167 2458 2268 2513 im-

669 2554 864 2611 merito
896 2553 1031 2609 tales
1057 2570 1251 2610 sensus
1280 2554 1577 2626 Apostolus
1607 2552 2114 2625 increpat,'diceps:
2148 2551 2268 2608 Jam

668 2647 846 2703 satiati
874 2646 1024 2715 estis,
1045 2645 1156 2717 jam
1178 2646 1370 2703 divites
1402 2646 1526 2703 facti
1555 2645 1688 2702 estis
1715 2644 1866 2701 :sine
1893 2644 2049 2699 nobis
2078 2659 2269 2716 regna-

668 2742 753 2809 tis,
790 2751 846 2798 et
890 2741 1096 2798 utinam
1128 2740 1385 2812 regnetis.
1416 2739 1656 2811 Tempus
1676 2752 1805 2810 ergo
1843 2736 2149 2792 luctaminis
2171 2736 2268 2790 ad-

668 2831 773 2888 huc
801 2832 1026 2905 geritur,
1046 2841 1100 2888 et
1130 2846 1279 2888 mors
1305 2846 1399 2902 per
1439 2830 1693 2887 feminam
1722 2828 1900 2884 adhuc
1923 2844 2092 2898 usque
2116 2844 2269 2899 gras-

664 2936 832 2983 satur.
860 2924 1115 2990 Mentior,
1147 2924 1194 2980 si
1224 2939 1331 2979 non
1362 2923 1610 2979 videmus
1638 2921 1832 2979 exinde
1872 2922 2123 2977 interitus
2150 2921 2268 2992 plu-

675 3017 958 3073 rimorum.
986 3017 1180 3087 Quanti
1211 3026 1265 3073 et
1304 3017 1488 3087 quales
1523 3016 1769 3087 Episcopi
1798 3024 1853 3069 et
1880 3014 2060 3070 clerici
2109 3012 2268 3069 simul
2318 3046 2325 3056 ι

669 3123 724 3170 et
765 3112 909 3178 laici,
943 3122 1065 3183 post
1109 3110 1516 3169 confessionum
1557 3108 2012 3179 victoriarumque
2063 3107 2265 3163 calcata

2372 1908 2708 1965 clandestina
2748 1908 3034 1977 pernicies.
3068 1908 3115 1962 0
3154 1921 3312 1978 quam
3355 1903 3770 1960 inordinahilis
3802 1902 3993 1958 femina:

2356 2000 2743 2071 propinquitas
2784 1999 3086 2069 jaculatur,
3120 1998 3275 2069 cujus
3322 1998 3511 2053 vicina
3562 2006 3659 2053 est
3685 1997 3989 2051 delictorum

2371 2094 2715 2149 latrocinium
2766 2093 2883 2149 Non
2920 2103 3006 2149 est
3036 2094 3089 2149 in
3118 2092 3220 2149 hac
3259 2094 3532 2149 societate
3565 2092 3862 2147 sinceritas
3903 2103 3989 2157 ap-

2372 2186 2667 2259 probabilis
2696 2229 2711 2255 ,
2743 2202 2865 2259 quae
2905 2186 3217 2243 collisiones
3255 2186 3419 2242 habet
3471 2186 3635 2242 velut
3682 2179 3985 2256 quihusdam

2368 2278 2623 2336 ﬂuctibus
2662 2278 3021 2335 turbulentas.
3052 2278 3109 2334 In
3139 2278 3242 2334 hac
3291 2277 3682 2334 familiaritate
3714 2292 3818 2332 non
3848 2273 3985 2330 habi-

2369 2380 2447 2427 tat
2474 2372 2646 2428 amica
2690 2371 2979 2429 concordia
3006 2413 3021 2439 ,
3051 2371 3304 2442 quoniam
3332 2385 3439 2425 non
3475 2370 3591 2425 nisi
3623 2367 3981 2425 discordantes

2369 2465 2678 2521 inimicitias
2707 2475 2876 2521 creat.
2919 2464 3071 2521 Fecit
3121 2463 3372 2536 equidem
3422 2465 3550 2519 viro
3579 2462 3843 2518 Dominus
3868 2475 3976 2514 muo

2370 2558 2562 2614 lierem
2612 2557 2956 2628 adjutricem.
2990 2558 3088 2615 sed
3140 2558 3413 2629 serpentis
3444 2557 3656 2614 invidia
3707 2567 3973 2628 personam

2371 2652 2604 2723 sumpsit
2650 2635 2925 2709 hostilem.
2950 2651 3105 2721 Quod
3148 2652 3193 2707 si
3227 2651 3314 2707 illa
3360 2651 3430 2707 de
3450 2651 3576 2707 viro
3598 2666 3700 2706 suo
3726 2657 3865 2714 nata,
3893 2661 3973 2701 us-

2368 2765 2474 2821 que
2516 2748 2680 2806 hodie
2708 2749 2882 2820 ipsum
2934 2749 3020 2805 cui
3046 2748 3306 2820 jungitur,
3342 2756 3517 2803 tentat
3543 2763 3558 2799 :
3584 2755 3788 2817 quanto
3816 2740 3973 2811 magis

2369 2843 2459 2900 illa
2519 2859 2640 2915 quae
2685 2843 2988 2913 copulatur,
3018 2842 3163 2897 nulla
3204 2842 3324 2914 lege
3356 2841 3649 2913 conjuncta
3677 2837 3778 2892 ?Et
3817 2835 3862 2889 si
3893 2833 3966 2887 illi

2368 2937 2459 3007 qui
2500 2937 2608 2991 duo
2632 2945 2757 2992 sunt
2795 2935 2850 2990 in
2900 2950 3065 2991 carne
3119 2950 3224 2990 una
3272 2936 3553 3000 concreti,
3601 2926 3965 2989 lentationibus

2378 3028 2584 3084 mutuis
2612 3028 2839 3083 invicem
2892 3037 3169 3099 pungunt,
3204 3028 3332 3099 quid
3365 3028 3563 3085 facient
3594 3026 3646 3081 hi
3677 3024 3763 3096 qui
3793 3022 3845 3077 in
3866 3032 3963 3074 uua

2370 3135 2534 3177 carne
2570 3135 2670 3176 nec
2699 3120 2807 3175 nati
2839 3135 2939 3176 nec
2964 3120 3134 3190 juncti
3175 3121 3350 3175 sunt?
3379 3120 3688 3176 Prmsertim
3718 3115 3841 3187 quia
3876 3124 3965 3166 nec

668 3206 988 3272 certamina,
1023 3211 1144 3274 post
1174 3201 1442 3274 tnagnalia
1469 3211 1524 3257 et
1552 3200 1704 3271 signa
1734 3200 1819 3256 vel
1860 3199 2123 3254 mirabilia
2175 3214 2268 3254 us-

2377 3213 2544 3268 Deum
2563 3211 2672 3282 jam
2697 3213 2950 3267 invocare
2978 3211 3436 3283 permittitur,‘qui
3466 3210 3731 3266 ebaritate
3754 3201 3963 3260 alterius

669 3311 988 3370 qucquaque
1045 3305 1374 3360 monstrata,
1414 3303 1708 3351 noscuntur
1729 3309 1852 3349 eum
1901 3294 1987 3349 bis
2020 3294 2270 3349 omnibus

671 3388 1018 3459 uaufragasse
1055 3404 1071 3453 ί
1103 3402 1226 3443 cum
1272 3386 1460 3441 volunt
1506 3385 1559 3440 in
1598 3386 1719 3441 navi
1750 3384 1922 3455 fragili
1969 3384 2271 3456 navigare?

673 3478 914 3548 Quantos
943 3478 1128 3534 leones
1151 3475 1360 3533 domuit
1390 3491 1494 3531 una
1545 3475 1827 3531 muliebris
1866 3474 2151 3530 infirmitas
2176 3475 2270 3531 de-

670 3569 817 3635 licta,
851 3586 971 3642 qua:
999 3584 1121 3626 cum
1150 3569 1221 3624 sit
1249 3568 1372 3624 vilis
1392 3576 1448 3625 et
1469 3567 1665 3624 misera
1702 3607 1720 3635 ,
1776 3566 1845 3623 de
1875 3567 2083 3639 magnis
2107 3567 2275 3624 eflicit

671 3663 1131 3738 ptandam?Quod
1178 3664 1433 3720 Salomon
1479 3662 1735 3734 loquitur.
1777 3660 1963 3717 dicens
1991 3680 2004 3716 :
2031 3660 2272 3718 Pretium

670 3761 972 3821 meretricis
1000 3769 1205 3816 tantum
1228 3770 1311 3816 est
1341 3758 1500 3814 unius
1522 3757 1697 3830 panis,
1725 3755 1921 3812 mulier
1945 3763 2128 3812 autem
2150 3769 2272 3826 pre-

673 3854 839 3911 tiosas
863 3853 1073 3909 animas
1101 3854 1265 3924 capit.

742 3950 882 4003 Ante
909 3963 1007 4004 nos
1029 3948 1127 4002 ista
1152 3954 1469 4011 tractantur,
1498 3956 1553 4001 ct
1576 3944 1736 4000 nullis
1773 3942 2072 4001 terroribus
2113 3956 2270 3999 coer-

672 4054 859 4095 cemur
887 4077 903 4104 ,
932 4037 1058 4109 quid
1099 4037 1421 4106 faceremus,
1455 4039 1502 4094 si
1530 4038 1871 4109 opinionibus
1902 4037 2273 4094 tantummodo

670 4139 851 4202 gestas
880 4129 1135 4186 historias
1162 4130 1474 4185 audiremus
1498 4130 1522 4185 ?
1546 4130 1652 4186 Sed
1699 4129 1815 4185 haec
1840 4138 1926 4186 est
1949 4145 2165 4201 semper
2192 4129 2274 4185 in-

672 4224 963 4281 credulitas
983 4223 1232 4279 humana;
1260 4221 1493 4286 duritiaz,
1524 4229 1586 4277 ut
1613 4237 1721 4277 non
1752 4222 1949 4289 solum,
1978 4220 2269 4289 audiendo,

669 4319 767 4378 sed
797 4318 959 4375 etiam
989 4317 1222 4374 videndo
1252 4333 1359 4374 non
1392 4315 1580 4373 credat
1622 4315 1825 4372 alteros
1869 4315 2137 4383 interisse,
2169 4315 2273 4371 nisi

2372 3316 2628 3361 avocatur
2655 3348 2670 3372 ,
2704 3322 2805 3361 nec
2845 3307 3039 3361 sinitur
3068 3307 3305 3378 cogitare
3336 3306 3529 3372 divina,
3559 3303 3651 3374 qui
3677 3299 3783 3354 sibi
3825 3304 3968 3368 qua!-

2372 3399 2497 3457 sivit
2523 3398 2609 3453 cui
2638 3398 2880 3454 cxiberet
2930 3398 3281 3455 domesticam
3327 3413 3529 3453 curam.
3561 3394 3790 3463 Propter
3815 3386 3962 3460 quod

2372 3491 2454 3549 sic
2483 3489 2773 3561 Apostolus
2802 3491 3075 3559 consulit,
3108 3491 3328 3548 dicens:
3355 3490 3491 3547 Volo
3514 3503 3611 3543 vos
3637 3486 3759 3541 sine
3806 3479 3962 3537 solli-

2372 3580 2612 3637 citudine
2636 3596 2780 3638 esse.
2809 3582 2913 3651 Qui
2936 3584 3057 3639 sine
3082 3599 3258 3640 uxore
3282 3592 3366 3641 est
3388 3622 3403 3646 ,
3430 3580 3693 3639 sollicitus
3722 3585 3805 3632 est
3825 3588 3954 3646 quo-

2377 3674 2539 3731 modo
2567 3660 2776 3746 placeat
2798 3677 2910 3734 Deo
2940 3694 2953 3731 :
2982 3678 3074 3749 qui
3101 3687 3282 3735 autem
3313 3677 3471 3734 habet
3498 3688 3736 3736 uxorem,
3767 3668 3955 3740 cogitat

2372 3785 2495 3841 qua:
2519 3783 2644 3826 sunt
2669 3769 2831 3841 hujus
2856 3771 3039 3827 mundi
3061 3814 3076 3837 ,
3098 3771 3371 3844 quomodo
3393 3772 3600 3842 placeat
3628 3765 3786 3823 uxori.
3812 3758 3945 3829 Quid

2374 3870 2460 3919 est
2508 3878 2650 3918 nunc
2672 3863 2817 3935 quod
2863 3865 2916 3919 in
2959 3864 3060 3920 hac
3098 3864 3483 3936 conjunctione
3511 3863 3749 3922 delectet,
3770 3856 3819 3910 in
3844 3864 3944 3925 qua

2374 3965 2501 4012 sunt
2539 3957 2671 4014 solae
2702 3959 2934 4030 pugna?
2958 3967 3052 4015 aut
3096 3975 3217 4031 qua:
3265 3958 3468 4014 utilitas
3512 3958 3688 4021 favet,
3722 3948 3804 4006 ubi
3848 3959 3944 4001 ηοῐι

2375 4057 2500 4104 sunt
2522 4048 2700 4106 ofﬁcia
2725 4050 3050 4122 conjugalia,
3081 4049 3302 4123 quando
3323 4066 3425 4107 nec
3463 4052 3579 4121 ipsa
3608 4049 3821 4122 possunt
3841 4048 3949 4094 esse

2371 4154 2585 4200 secura.

2446 4232 2672 4291 Causale
2719 4244 2799 4291 est
2855 4249 3019 4292 omne
3062 4236 3205 4308 quod
3254 4235 3468 4294 femina:
3493 4246 3579 4294 est
3610 4253 3625 4291 :
3653 4243 3705 4291 et
3750 4225 3942 4300 copula-

2375 4325 2451 4380 tio
2475 4326 2593 4397 ejus
2616 4342 2833 4399 semper
2876 4329 3069 4386 infesta
3099 4339 3205 4386 est.
3246 4324 3473 4389 Foedera
3497 4347 3602 4390 suo
3625 4339 3827 4400 magnas
3841 4333 3941 4376 mo-

673 4422 728 4468 ct
747 4426 808 4468 sc
846 4412 1015 4483 ipsam
1038 4409 1236 4466 viderit
1266 4408 1490 4464 interire
1515 4423 1530 4474 ;
1564 4421 1664 4462 nec
1694 4407 1964 4462 sociorum
2005 4405 2269 4462 mortibus

2377 4418 2565 4476 lestias
2612 4431 2831 4492 praestat
2858 4438 2874 4487 ;
2906 4431 2962 4478 et
2989 4424 3076 4479 cui
3107 4423 3398 4481 adhreserit
3422 4434 3613 4481 contra
3641 4423 3736 4487 fas,
3766 4418 3945 4473 insana-

673 4504 912 4575 quatitur
939 4546 954 4571 ,
1010 4502 1141 4559 dum
1191 4502 1312 4557 illos
1350 4500 1674 4572 promeritos
1715 4508 1806 4555 aut
1851 4498 2113 4555 invalidos
2156 4500 2274 4569 opi-

2374 4509 2540 4567 bilem
2569 4512 2763 4584 ingerit
2785 4513 3019 4585 plagam.
3070 4515 3146 4571 De
3171 4516 3498 4573 carbonibus
3549 4512 3786 4574 scintilla:
3810 4500 3946 4560 dissi-

671 4604 847 4653 natur.
879 4597 952 4653 Se
979 4606 1161 4652 autem
1201 4594 1429 4650 multum
1471 4593 1691 4658 mereri,
1715 4602 1807 4649 aut
1833 4592 2059 4649 multum
2091 4593 2273 4651 valere
2297 4611 2352 4672 Ι)
2378 4603 2516 4660 lium
2536 4645 2553 4671 ,
2598 4604 2667 4660 de
2703 4604 2845 4662 rem)
2869 4606 3058 4678 rubigo
3106 4609 3365 4675 ιιυιιοίιυιι,
3398 4608 3626 4665 morbos
3664 4598 3856 4675 aspides
3877 4590 3945 4648 si-

673 4689 993 4746 liducialiter
1021 4697 1189 4761 putat,
1220 4689 1468 4745 nesciens
1495 4686 1729 4759 prazberi
1765 4687 1977 4743 cunctis
2002 4689 2272 4759 exempla,

673 4798 796 4838 cum
823 4781 1024 4840 fuerint
1057 4782 1378 4855 quihusdam
1417 4782 1648 4854 irrogata
1671 4781 1954 4853 supplicia,
1985 4781 2127 4838 sicut
2161 4782 2272 4838 Do-

669 4876 850 4934 minus
884 4875 939 4932 iu
979 4875 1274 4948 Evangelia
1296 4874 1547 4948 proponit
1572 4883 1627 4932 et
1662 4874 1834 4932 dicit:
1868 4874 2075 4931 Putatis
2122 4875 2265 4947 quod

2376 4695 2563 4764 hilant,
2594 4706 2650 4754 et
2675 4697 2869 4754 mulier
2905 4698 3082 4755 fundit
3110 4703 3566 4771 concupiscentia:
3594 4690 3936 4774 pestilentiam;

2374 4802 2536 4858 quam
2567 4788 2827 4845 Salomon
2869 4790 2949 4847 sic
2986 4801 3285 4863 comparat,
3313 4793 3501 4850 dicens
3528 4810 3542 4851 :
3580 4795 3658 4850 De
3685 4784 3941 4846 vestimento

2375 4880 2444 4935 tis
2473 4880 2718 4951 procedit
2756 4883 2923 4952 tinea,
2946 4893 3001 4939 et
3025 4899 3056 4938 a
3094 4885 3327 4943 muliere
3376 4886 3637 4959 iniquitas
3690 4879 3800 4938 viri.
3830 4870 3942 4930 Volo

1952 5008 2132 5064 EDIT.
2174 5007 2383 5067 ΟΧΟΝ.
2423 5011 2652 5071 NOTAE.

749 5130 816 5187 Et
861 5133 915 5186 in
967 5127 1302 5199 ntuscipulas.
1337 5124 1605 5181 Pamelius
1646 5125 1739 5192 ait,
1769 5123 2060 5199 Omisimus
2084 5137 2275 5199 vocem

672 5205 863 5261 diaboli
894 5244 908 5267 ,
941 5200 1086 5274 quod
1132 5194 1459 5274 nequeuvet.
1486 5210 1669 5252 excus.
1717 5211 1914 5274 neque_
1938 5194 2277 5274 itemboldus

675 5278 930 5341 habeant,
956 5267 1128 5344 neque
1154 5267 1277 5326 alibi
1302 5269 1619 5342 Cyprianus,
1653 5277 1831 5324 tamen
1863 5267 2062 5338 ubique
2087 5268 2275 5321 musci-

676 5350 854 5422 pttlam
884 5346 1031 5417 legit.
1072 5344 1277 5399 PAIEL.

749 5437 829 5494 De
881 5437 1076 5508 magnis
1102 5435 1249 5507 efﬁcit
1289 5432 1535 5508 prtedom.
1576 5429 1838 5508 Pamelius
1857 5432 1949 5495 ait,
1970 5432 2272 5508 Antoninus

677 5511 824 5567 addit
852 5502 1089 5579 ejus-pro
1122 5502 1308 5567 Euam:
1332 5506 1594 5579 antiquus
1620 5520 1750 5579 vero
1775 5506 1911 5558 alter
1939 5503 2107 5579 codex
2159 5502 2272 5579 aio-

676 5583 816 5640 rellii
850 5572 1008 5653 longe
1034 5580 1210 5653 aliter
1241 5572 1492 5653 legit,_de'
1520 5572 1716 5653 ninguis
1748 5584 1945 5629 tantum
1986 5584 2033 5628 et
2054 5573 2273 5645 [ortibus

675 5671 823 5710 suam
849 5647 1060 5708 miitam
1086 5650 1233 5722 efficit
1258 5649 1507 5722 primum.
1546 5647 1749 5722 ΒΑΜ-ξι,

753 5724 891 5780 Dum
938 5722 1055 5793 illo;
1110 5716 1408 5793 promeritos
1434 5718 1801 5793 au_tinvalidos
1854 5716 2269 5793 opinatur_._l’a-

677 5797 858 5851 melius
883 5797 976 5863 ait,
999 5788 1120 5847 Non
1142 5791 1283 5847 male
1303 5791 1462 5846 etiam
1482 5789 1759 5853 Erasmus,
1781 5790 2031 5858 emeritos,
2051 5788 2152 5846 nisi
2184 5805 2269 5848 se-

2379 5136 2654 5197 queretur,
2676 5129 2730 5209 _si
2755 5141 2934 5209 autem
2948 5134 3165 5190 multum
3191 5137 3394 5209 mereri,
3427 5153 3598 5209 quare
3621 5135 3745 5196 illud
3767 5148 3826 5190 ex
3847 5133 3938 5184 vet.

2380 5213 2566 5277 omnis.
2595 5210 2650 5256 et
2675 5201 2973 5277 [lemboldo
3002 5207 3359 5277 reposuimus.
3379 5201 3389 5206 ⁷
3413 5201 3622 5267 Fusa.

2424 5268 2501 5352 ,0
2528 5287 2678 5352 quom
2703 5268 3079 5332 inordinabilis:
3097 5276 3362 5352 Pometia:
3397 5282 3487 5351 ait,
3520 5284 3611 5339 Sic
3637 5276 3942 5352 etiamdum-

2384 5342 2562 5397 ninus.
2599 5343 2716 5399 Vet.
2752 5361 2935 5402 excus.
2962 5364 3093 5404 vero
3119 5342 3842 5415 ctliemboldusinordinalis,
3869 5342 3941 5398 Ιο-

2382 5428 2477 5496 cus
2507 5415 2786 5497 obscurus.
2823 5418 3051 5497 Cotijicit
3078 5422 3496 5497 au_temGravius
3514 5426 3794 5497 legendum
3820 5420 3941 5471 Ιεηο·

2375 5488 2563 5558 cinium
2587 5500 2682 5558 pro
2702 5488 3045 5558 latrocinium,
3062 5491 3158 5547 sed
3178 5493 3279 5547 hoc
3301 5509 3404 5551 nou
3423 5488 3699 5552 satisfacit.
3761 5492 3933 5545 ΡΑιΕι.

2446 5554 2786 5636 Causttlenest
2824 5577 2972 5636 omne
3032 5554 3172 5636 quod
3215 5566 3421 5636 fetuina:
3445 5583 3539 5622 est.
3574 5559 3934 5636 Patttelitts__ait,

2373 5625 2631 5699 Erasmus
2665 5626 2902 5699 Casuale,
2934 5643 2990 5688 at
3033 5625 3162 5691 illud
3202 5625 3313 5693 vet.
3348 5652 3469 5695 exc.
3521 5648 3576 5695 et
3623 5628 3935 5695 ltetuboldus.

2374 5697 2630 5755 Alludere
2652 5701 2861 5758 videtur
2887 5697 2956 5759 ad
2988 5704 3117 5763 illud
3144 5726 3157 5761 :

2467 5798 2677 5865 Semper
2698 5802 2848 5855 habet
2870 5802 3002 5869 lites,
3028 5806 3323 5876 alternaque
3344 5811 3512 5877 jurgia
3545 5810 3718 5865 lectus.
3777 5804 3932 5857 Ραδιο
