4214 6266
430 5843 534 5910 Qui
592 5837 723 5894 illud
815 5835 1098 5907 forinsecus
1174 5837 1221 5900 et

332 302 433 362 8H

1396 300 1484 361 DE
1523 298 2076 363 SINGULARITA'I‘E
2112 300 2574 363 CLERICORUM.

3523 307 3632 365 849.

330 420 471 475 scire
496 432 615 491 qum
644 418 715 475 sit
741 418 950 477 afl‘ectio
975 417 1074 477 ista
1102 418 1428 490 communis,
1470 437 1590 492 qua:
1616 421 1789 477 morbi
1815 422 1928 477 dis-
1956 425 2008 485 Λ
2034 422 2223 479 dentes
2271 438 2434 495 opera
2466 431 2644 479 vestra
2687 423 2858 492 bona,
2886 423 3231 495 magniﬁcent
3276 426 3490 484 Patrem
3537 443 3632 485 ve-

329 509 515 567 sensio
565 526 777 583 semper
800 514 1075 585 ambigua,
1103 529 1224 585 qua:
1266 514 1602 586 propositum
1651 529 1805 569 suum
1840 530 1933 569 nn-

330 602 572 659 tantibus
601 603 839 660 consiliis
869 604 1232 677 impugnando
1257 605 1565 661 conturbat.
1594 604 1660 662 Ut
1680 605 1807 676 quid
1829 605 1932 661 sibi

336 697 583 754 adhibuit
612 699 890 755 mulierem
913 699 1001 770 qui
1032 702 1231 756 ducere
1292 698 1620 770 contempsit
1660 713 1878 755 uxorem
1908 699 1932 753 ?

329 788 518 847 Omnis
539 792 630 862 qui
681 807 789 847 non
814 792 1216 848 manducaverit
1253 806 1472 848 carnem
1495 833 1511 860 ,
1535 800 1597 847 ut
1617 792 1744 863 quid
1775 792 1932 847 habi-

329 884 588 942 tationem
615 900 769 941 snam
799 887 977 943 carnis
1002 887 1346 959 apparatibus
1372 887 1583 958 replet?
1613 888 1679 943 Et
1708 887 1798 959 qui
1826 902 1935 944 non

331 980 529 1038 biberit
575 982 800 1051 vinum,
866 981 992 1052 quid
1050 981 1260 1059 videndi
1305 982 1660 1038 oblectatione
1708 982 1938 1053 perfrni~

330 1073 464 1129 tur?
497 1072 660 1141 Quasi
708 1087 814 1128 non
840 1073 1125 1143 aliquoties
1150 1071 1385 1129 videndo
1421 1088 1523 1131 nec
1547 1073 1813 1144 gnstando
1843 1089 1938 1130 co-

332 1166 419 1236 pia
460 1164 860 1221 esculentorum
903 1165 1116 1221 animus
1144 1166 1403 1235 pascitur,
1434 1175 1490 1223 et
1517 1167 1628 1222 vini
1672 1166 1938 1224 odoriferi

337 1256 454 1313 sola
500 1255 796 1329 fragrantia
850 1259 1142 1314 suscitatur
1168 1260 1365 1328 srepius
1414 1259 1812 1327 animus.Quid
1839 1275 1936 1331 per

338 1349 650 1423 hypocrisin
678 1350 792 1405 vult
816 1349 886 1406 ab
910 1349 1219 1407 hominibus
1245 1350 1525 1408 abstinens
1545 1351 1673 1418 dici,
1701 1362 1753 1407 et
1775 1353 1829 1407 in
1860 1367 1942 1409 se-

338 1451 490 1500 creto
514 1442 767 1499 carnibus
787 1455 843 1500 et
868 1443 1129 1500 ebrietate
1148 1444 1378 1501 distendi
1397 1445 1420 1499 ?
1440 1445 1649 1502 Habent
1675 1445 1827 1501 multi
1854 1446 1939 1501 di-

339 1536 498 1592 vitias
552 1552 687 1609 quas
735 1536 848 1592 suis
875 1535 1065 1594 usibus
1116 1545 1345 1611 negant,
1378 1538 1473 1595 sed
1527 1553 1623 1610 pro
1653 1539 1943 1610 cupiditate

341 1638 663 1687 conservant
690 1646 705 1696 ;
746 1631 940 1701 quibus
962 1631 1008 1687 si
1031 1631 1174 1688 nulla
1202 1632 1466 1705 cupiditas
1486 1633 1813 1702 inhaesisset,
1846 1649 1943 1692 nec

343 1724 651 1795 cupiditatis
695 1723 921 1794 insignia
952 1724 1311 1795 possiderent.
1342 1726 1413 1781 At
1435 1740 1565 1781 vero
1591 1726 1712 1797 quia
1733 1726 1943 1798 cupidi-

2033 524 2204 571 strum
2231 516 2321 586 qui
2364 517 2417 571 in
2446 516 2599 574 ctelis
2628 526 2729 573 est.
2760 517 2873 574 Hoc
2905 519 3146 590 sequitur
3174 529 3229 575 et
3269 520 3464 575 Paulus
3496 536 3633 594 apo-

2035 609 2206 664 stolus
2230 649 2246 674 ,
2290 608 2478 666 dicens
2509 629 2522 664 :
2552 608 2670 665 Non
2725 626 2855 682 ergo
2885 612 3290 684 blasphemetur
3318 615 3517 670 bonum
3543 632 3637 672 ve-

2036 709 2230 756 strum.
2279 701 2347 756 Et
2390 702 2583 757 iterum
2619 720 2633 758 :
2666 703 3022 761 Providentes
3076 707 3215 762 bona
3270 722 3378 761 non
3427 717 3633 783 tantum

2038 809 2221 849 coram
2247 795 2378 863 Deo,
2404 796 2496 853 sed
2526 797 2688 852 etiam
2706 814 2890 854 coram
2918 800 3244 857 hominibus.
3269 802 3335 858 Et
3352 802 3456 857 alio
3478 803 3635 861 loco:

2039 886 2167 943 Sive
2197 902 2327 960 ergo
2355 889 2710 958 manducetis,
2745 891 2862 947 sive
2908 892 3112 959 bibitis,
3145 896 3264 951 sive
3312 895 3454 951 aliud
3510 896 3640 966 quid

2039 977 2234 1045 facitis,
2263 980 2441 1035 omnia
2491 981 2544 1036 in
2575 981 2801 1053 gloriam
2854 982 2949 1039 Dei
2998 984 3174 1040 facite.
3202 984 3270 1040 Et
3299 995 3475 1042 estote
3518 987 3641 1044 sine

2041 1072 2293 1128 seandalo
2319 1072 2540 1141 Iudaeis,
2569 1084 2625 1131 et
2644 1075 2868 1144 Graecis,
2895 1088 2950 1133 et
2977 1078 3232 1136 Ecclesia:
3260 1080 3374 1147 Dei,
3404 1082 3541 1137 sicut
3584 1093 3641 1141 et

2041 1178 2142 1235 ego
2168 1179 2267 1235 per
2301 1167 2759 1225 omnia’omnibus
2787 1170 2994 1239 placeo.

2115 1256 2221 1312 Sed
2250 1254 2540 1329 opponitur
2566 1260 2747 1317 forsan
2772 1305 2787 1329 ,
2817 1263 2944 1333 quid
2969 1273 3052 1321 est
3104 1267 3247 1338 quod
3276 1268 3393 1340 ipse
3443 1271 3640 1329 iterum

2044 1351 2285 1409 dixerit?
2314 1353 2369 1408 Si
2412 1354 2720 1412 hominibus
2759 1356 2975 1427 placere
3019 1360 3218 1417 vellem
3244 1403 3260 1429 ,
3288 1362 3487 1419 Christi
3520 1383 3641 1424 ser-

2043 1460 2142 1500 vus
2163 1461 2270 1500 non
2297 1459 2495 1501 essem.
2530 1446 2829 1520 Numquam
2859 1465 2919 1506 se
2944 1467 3296 1525 quaecumque
3336 1456 3478 1513 dicta
3511 1459 3644 1531 legis

2045 1535 2356 1603 excludunt,
2391 1537 2486 1593 sed
2516 1540 2679 1595 certis
2701 1540 2836 1595 locis
2864 1557 3123 1612 responsa
3176 1547 3424 1603 universa
3470 1549 3645 1607 deﬁxa

2045 1640 2187 1687 sunt.
2206 1631 2321 1687 Illic
2344 1633 2558 1703 placere
2586 1632 2890 1691 hominibus
2909 1652 3012 1692 non
3028 1638 3169 1705 licet,
3186 1639 3274 1695 ubi
3290 1643 3533 1700 voluntas
3547 1646 3646 1703 ho-

2045 1726 2249 1780 minum
2294 1741 2399 1781 non
2440 1728 2583 1797 capit
2618 1728 2828 1784 Domini
2853 1732 3325 1791 volnntatem.Ubi
3353 1752 3481 1794 vero
3501 1754 3647 1796 acce-

344 1824 453 1871 tate
496 1816 730 1887 possessi
761 1824 887 1871 sunt
927 1817 1274 1887 perfruuntur
1310 1822 1494 1873 animo
1531 1819 1675 1888 quod
1706 1834 1803 1875 usu
1833 1833 1938 1874 non
1968 1822 2017 1883 B
2045 1828 2195 1889 ptant
2218 1819 2464 1876 homines
2493 1820 2633 1891 quod
2673 1821 2740 1876 ad
2777 1823 3000 1894 gloriam
3025 1825 3233 1894 proﬁcit
3258 1828 3392 1894 Dei;
3435 1831 3646 1889 innote-

347 1918 594 1981 tangunt.
624 1909 701 1965 Ita
752 1912 798 1965 is
824 1911 915 1982 qui
944 1910 1194 1980 despexit
1222 1912 1497 1967 vinculum
1527 1911 1859 1982 nuptiarum,
1889 1922 1945 1967 et

341 2000 501 2057 aliter
574 2001 801 2058 vinculis
857 2002 1105 2059 femineis
1145 2003 1446 2073 obligatur;
1497 2005 1742 2075 quamvis
1798 2004 1946 2060 nullo

346 2094 637 2152 concubitu
683 2096 996 2160 misceatur,
1052 2094 1322 2151 desiderio
1372 2084 1570 2162 tamen,
1613 2095 1752 2162 visu,
1783 2096 1948 2151 collo-

347 2187 498 2260 quio,
531 2185 912 2258 conjunctione
953 2201 1171 2258 semper
1220 2187 1541 2243 oblectatur.
1563 2185 1696 2242 Nam
1727 2188 1772 2243 si
1803 2187 1948 2244 desi-

347 2282 555 2340 derium
595 2282 806 2339 femina:
829 2296 936 2339 non
959 2281 1196 2351 haberet,
1216 2297 1507 2354 numquam
1555 2281 1810 2339 feminam
1835 2284 1948 2340 suis

347 2378 759 2436 oblectamentis
774 2386 1091 2434 assumeret.

421 2471 593 2528 Immo
615 2485 744 2525 vero
799 2470 1019 2540 insuper
1079 2468 1207 2525 mihi
1238 2479 1545 2541 suspectum
1568 2470 1821 2542 placitum
1848 2470 1948 2528 de-

349 2566 429 2623 dit
454 2584 467 2621 :
498 2566 586 2637 qui
609 2579 715 2620 non
738 2564 1029 2636 legitimam
1051 2562 1222 2629 duxit,
1250 2573 1305 2619 et
1325 2564 1616 2635 legitimam
1640 2565 1945 2620 recusavit:

348 2657 456 2718 nisi
503 2658 678 2725 fallor,
729 2657 785 2713 in
814 2657 1032 2728 publico
1072 2665 1478 2729 argumentatus
1518 2666 1602 2714 est
1645 2658 1950 2716 hominibus

350 2752 668 2825 promittere
713 2751 1072 2817 sanctitatem,
1102 2758 1157 2804 et
1187 2750 1239 2805 in
1273 2750 1485 2807 occulto
1507 2750 1627 2806 sine
1647 2766 1816 2807 uxore
1842 2766 1950 2807 non

349 2860 492 2902 esse.
524 2846 639 2900 Duo
681 2852 993 2915 argumenta
1036 2843 1334 2898 sanctitatis
1371 2851 1427 2899 et
1470 2842 1704 2898 libidinis
1748 2842 1872 2899 hinc
1897 2851 1953 2899 et

350 2937 477 2996 inde
503 2938 749 2994 miranda
798 2946 957 3003 sunt,
991 2951 1112 3006 qua:
1139 2945 1369 3006 utraque
1407 2937 1638 2992 invicem
1670 2944 1874 3007 tegunt,
1896 2945 1954 2993 et

353 3041 582 3101 utraque
632 3029 863 3084 invicem
916 3027 1172 3099 produnt.
1222 3025 1534 3098 IngeniOsus
1572 3026 1851 3083 eunuchus
1898 3035 1988 3083 ει·

350 3124 596 3207 moechus
639 3122 845 3180 invidet
884 3121 987 3178 sibi
1033 3121 1160 3176 dum
1188 3121 1454 3189 consulit,
1486 3129 1542 3177 et
1591 3121 1718 3178 dum
1763 3120 1956 3192 quaerit

2048 1911 2461 1968 scereomnibus
2489 1913 2601 1983 ipse
2624 1912 2824 1969 Paulus
2853 1917 3126 1986 apostolus
3161 1921 3434 1989 praecepit.
3465 1922 3646 1979 Unus-

2055 2003 2300 2074 quisque,
2355 2003 2562 2074 inquit,
2597 2017 2862 2070 nostrum.
2894 2009 3138 2078 proximo
3186 2025 3285 2066 suo
3316 2012 3523 2081 plaeeat
3574 2017 3645 2073 ad

2049 2096 2245 2153 bonam
2274 2098 2707 2156 :ediﬁcationem.
2723 2102 2892 2168 Quale
2904 2119 3032 2176 ergo
3053 2109 3327 2175 praemium
3349 2111 3649 2168 sanctitatis

2052 2199 2349 2260 exspectat,
2378 2190 2467 2261 qui
2512 2206 2618 2247 non
2646 2192 2820 2249 solum
2851 2194 3235 2265 blasphemiam
3259 2200 3557 2256 sanctitatis
3580 2203 3650 2259 ab

2050 2281 2358 2338 inﬁdelibus
2398 2294 2688 2355 provocat,
2736 2286 2834 2343 sed
2877 2288 3038 2343 etiam
3074 2290 3323 2348 ﬁdelibus
3376 2295 3648 2364 pernicio-

2050 2393 2170 2434 sum
2199 2378 2403 2448 praebet
2444 2379 2762 2450 exemplar;
2793 2389 2855 2436 ut
2891 2381 3090 2439 inﬁrmi
3128 2385 3229 2440 sub
3272 2394 3538 2456 praetextu
3564 2388 3647 2444 di-

2050 2468 2301 2527 leCtionis
2324 2470 2593 2528 subtiliter
2611 2470 2943 2529 fornicentur
2962 2516 2978 2543 ,
3006 2484 3061 2531 et
3090 2477 3316 2546 pudicus
3365 2479 3648 2550 impudici-

2060 2562 2213 2618 simae
2236 2563 2497 2627 castitatis
2525 2565 2761 2635 praebeat
2787 2566 3168 2638 magisterium,
3195 2570 3482 2629 destruens
3504 2575 3649 2644 quod

2054 2650 2252 2709 Paulus
2285 2655 2559 2725 apostolus
2578 2656 2964 2713 comminatur:
2981 2659 3163 2727 Periit,
3180 2661 3369 2733 inquit.
3387 2663 3553 2721 frater
3567 2666 3651 2721 in-

2055 2747 2242 2804 ﬁrmus
2258 2749 2309 2803 in
2334 2757 2420 2803 tua
2433 2750 2780 2816 conscientia,
2800 2761 3017 2821 promer
3027 2769 3186 2824 quem
3200 2755 3445 2812 Christus
3456 2774 3649 2830 passus

2056 2841 2180 2897 est?
2207 2840 2298 2897 Sic
2345 2848 2523 2896 autem
2563 2854 2847 2911 peccantes
2875 2845 2928 2899 in
2958 2843 3169 2908 fratres.
3192 2856 3248 2902 et
3286 2850 3651 2917 percutientes

2055 2931 2440 2987 conscientiam
2470 2947 2656 2989 eorum
2688 2932 2980 2999 inﬁrmam,
3010 2935 3065 2989 in
3096 2935 3367 2992 Christum
3395 2942 3650 3009 peccatis.

2056 3023 2124 3079 Et
2146 3024 2360 3095 quidem
2383 3039 2488 3080 non
2519 3024 2623 3080 hoc
2660 3025 2948 3095 juvenibus
2978 3024 3205 3095 tantum,
3228 3029 3324 3085 sed
3356 3041 3410 3086 et
3435 3032 3655 3089 senibus

2057 3118 2326 3188 congruit,
2345 3119 2567 3173 fratrum
2590 3117 2941 3174 imbecillitati
2955 3120 3241 3178 consulere
3265 3138 3280 3187 ;
3308 3137 3374 3179 ne
3403 3134 3653 3181 senectus

353 3228 661 3290 utrumque,
692 3225 943 3273 neutrum
970 3214 1137 3281 facit;
1169 3223 1230 3271 ut
1273 3224 1493 3271 sanctus
1533 3216 1753 3273 minime
1780 3216 1949 3286 depu-
1975 3216 2022 3280 C
2056 3210 2234 3281 perire
2288 3219 2545 3281 provocet
2585 3210 2946 3281 juventutem,
2975 3227 3044 3268 ex
3071 3230 3173 3284 qua
3219 3214 3419 3271 debent.
3472 3219 3656 3274 omnia

350 3322 496 3371 tetur
526 3354 544 3381 ,
593 3312 686 3384 qui
742 3326 848 3367 non
897 3311 1027 3366 vera
1064 3309 1440 3381 conjunctione
1465 3310 1791 3381 perfruatur,
1820 3326 1942 3367 cum

353 3401 554 3462 Paulus
596 3403 869 3474 apostolus
893 3402 1076 3458 dicat:
1101 3402 1363 3473 Alligatus
1386 3417 1446 3458 es
1469 3404 1619 3457 uxori
1644 3401 1669 3455 ?
1698 3417 1767 3459 ne
1795 3417 1948 3473 quae-

357 3495 514 3553 sieris
534 3496 877 3552 solutionem.
908 3495 1128 3552 Solutus
1145 3509 1216 3555 es.
1234 3494 1302 3550 ab
1327 3494 1541 3550 uxore?
1565 3509 1635 3550 ne
1663 3494 1943 3565 quaesieris

353 3603 604 3644 uxorem.
631 3587 739 3644 Sed
768 3587 1048 3644 consentio
1092 3601 1197 3642 non
1243 3600 1364 3643 esse
1391 3586 1651 3643 castitatis
1678 3587 1833 3658 hujus
1858 3604 1954 3658 pu-

352 3681 593 3738 dicitiam
645 3682 939 3740 violatam:
980 3680 1292 3751 suspiciosis
1322 3688 1498 3736 tamen
1546 3681 1740 3736 malam
1772 3680 1950 3751 porri-

352 3777 429 3848 git
470 3776 700 3841 famam;
731 3782 787 3831 et
827 3772 1097 3845 pudicitiae
1145 3772 1349 3829 bonum
1400 3770 1597 3828 frustra
1629 3773 1955 3829 intrinsecus

356 3867 634 3925 laborioso
686 3882 858 3940 agone
908 3864 1181 3933 custodit;
1217 3867 1308 3938 qui
1353 3866 1487 3923 illud
1518 3866 1811 3923 forinsecus
1868 3865 1954 3921 ef-

360 3962 471 4019 ﬁcit
519 3962 767 4017 infamari
809 4003 826 4031 ,
883 3960 1165 4017 destruens
1212 3959 1578 4029 magisterium
1620 3957 1771 4013 Pauli
1824 3972 1953 4028 pro-

355 4054 589 4110 videntis
614 4056 819 4125 pariter
868 4062 923 4109 et
971 4050 1238 4108 monentis
1270 4069 1284 4105 :
1316 4049 1389 4106 Ut
1414 4049 1566 4121 quid,
1591 4050 1781 4121 inquit,
1800 4050 1955 4105 liber-

356 4153 441 4201 tas
486 4160 608 4201 mea
645 4145 916 4215 judicatur
944 4143 1014 4200 ab
1058 4141 1261 4197 inﬁdeli
1316 4140 1773 4197 conscientia?Si
1820 4154 1952 4211 ergo

353 4239 542 4311 gratim
571 4239 832 4309 participo
866 4245 968 4292 :ut
1004 4234 1131 4308 quid
1174 4233 1519 4306 blasphemor
1556 4247 1655 4303 pro
1703 4247 1770 4289 eo
1811 4231 1954 4304 quod

353 4331 555 4404 gratias
591 4331 733 4402 ago?
773 4329 936 4400 Pejus
959 4314 1043 4387 est
1088 4343 1244 4401 quam
1270 4327 1523 4394 moechia,
1567 4326 1952 4382 continentiam

360 4426 565 4482 ducere
616 4425 985 4491 criminosam,
1039 4432 1095 4480 et
1146 4422 1401 4480 infamem
1439 4421 1620 4478 facere
1665 4422 1957 4477 sanctimo-

354 4518 524 4576 niam.
585 4516 981 4588 BlaSphemiam
1051 4517 1251 4588 ingerit
1301 4515 1547 4587 religioni
1597 4528 1758 4584 quam
1803 4513 1953 4581 colit,

2058 3306 2310 3362 salutaria
2356 3305 2678 3362 documenta
2712 3306 3005 3376 procedere
3037 3327 3052 3364 :
3084 3309 3225 3365 sicut
3274 3310 3565 3368 Eleazarus
3590 3312 3651 3370 in

2056 3398 2193 3455 libro
2243 3397 2670 3454 Machabteornm
2709 3397 2994 3468 proﬁtetur
3042 3409 3096 3455 et
3139 3401 3270 3459 dicit
3318 3422 3332 3456 :
3391 3403 3655 3461 Praemitti

2064 3492 2208 3546 malo
2230 3490 2283 3545 in
2316 3490 2602 3556 infernum,
2632 3503 2792 3561 quam
2819 3489 3018 3560 patrias
3054 3490 3199 3564 leges
3224 3493 3494 3549 deserere.
3523 3494 3643 3552 Non

2054 3584 2198 3642 enim
2226 3592 2385 3640 aetate
2423 3592 2605 3640 nostra
2625 3582 2844 3654 dignum
2874 3592 2958 3639 est
2996 3582 3228 3655 ﬁngere;
3256 3595 3314 3641 ut
3342 3587 3494 3643 multi
3519 3587 3652 3644 ado-

2058 3676 2375 3734 lescentium
2405 3674 2648 3731 arbitrati
2676 3675 2990 3730 Eleazarum
3040 3678 3329 3747 nonaginta
3360 3693 3648 3745 annorum,

2058 3771 2314 3826 transisse
2369 3768 2438 3824 ad
2491 3768 2652 3823 vitam
2696 3767 3118 3837 alienigenarum
3144 3809 3159 3832 ,
3208 3777 3260 3823 et
3290 3770 3390 3839 ipsi
3432 3779 3652 3840 propter

2056 3874 2231 3915 meam
2259 3858 2676 3924 simulationem,
2705 3865 2761 3912 ct
2787 3866 3005 3928 propter
3030 3856 3297 3913 modicum
3318 3870 3373 3915 et
3396 3860 3656 3931 corrupti-

2056 3952 2163 4008 bile
2186 3960 2401 4021 tempus
2445 3950 2587 4016 vitae,
2645 3964 2741 4020 per
2786 3964 2876 4006 me
2924 3949 3269 4015 seducantur,
3296 3961 3352 4005 et
3380 3950 3560 4006 odium
3586 3966 3655 4008 ac

2056 4045 2321 4102 maculam
2350 4042 2615 4100 senectuti
2657 4058 2792 4099 meae
2821 4044 3114 4115 acquiram.
3149 4044 3246 4100 Ille
3273 4044 3458 4101 maluit
3485 4046 3651 4101 vitam

2056 4153 2210 4194 suam
2267 4138 2549 4192 tormentis
2598 4133 2867 4205 objicere,
2909 4150 3068 4206 quam
3118 4136 3369 4205 cuiquam
3397 4136 3652 4208 magister

2055 4228 2374 4302 perditionis
2394 4229 2663 4285 existere:
2695 4236 2751 4284 et
2773 4242 2872 4283 nos
2897 4227 2985 4283 ubi
3019 4228 3161 4283 nulla
3188 4237 3455 4283 tormenta
3497 4237 3646 4295 sunt,

2055 4324 2289 4381 ﬁuxibus
2313 4322 2465 4389 solis,
2487 4322 2737 4377 nolumus
2761 4319 3047 4376 salvandos
3072 4319 3266 4375 fratres
3280 4329 3609 4388 anteponere
3633 4334 3651 4369 :

2059 4431 2161 4478 nec
2189 4416 2425 4472 contenti
2453 4429 2641 4470 sumus
2668 4414 2784 4468 sine
2832 4411 2955 4466 ullis
2976 4410 3303 4466 cruciatibus
3332 4418 3439 4464 tam
3496 4409 3653 4465 nobis

2061 4512 2323 4585 prodesse
2349 4522 2509 4580 quam
2537 4505 2771 4571 caeteris,
2798 4519 2920 4559 cum
2948 4502 3042 4558 ille
3067 4503 3237 4557 noluit
3277 4502 3457 4558 vivere
3482 4501 3650 4556 mori-

355 4615 447 4685 qui
473 4612 618 4685 quod
674 4609 984 4679 conﬁtetur,
1013 4626 1119 4666 non
1142 4619 1269 4666 ante
1296 4623 1487 4665 omnes
1513 4607 1854 4678 impleverit;
1882 4620 1951 4663 ne
1975 4606 2029 4668 D
2057 4613 2213 4661 turns
2238 4618 2251 4655 :
2282 4602 2421 4657 sicut
2441 4598 2665 4654 inferius
2690 4606 3005 4668 prosecutus
3033 4604 3117 4650 est
3140 4611 3156 4659 ;
3188 4594 3373 4652 dicens
3406 4594 3647 4661 :Quam-

355 4706 731 4764 Christianitas
758 4703 1010 4762 credatur
1036 4718 1157 4760 esse
1188 4702 1420 4769 fallacia,
1449 4710 1505 4758 et
1555 4700 1844 4758 mmchatio
1868 4700 1947 4755 vi-.

354 4798 546 4857 deatur
590 4813 714 4855 esse
754 4797 1058 4853 sanctitatis
1095 4796 1400 4852 velamento
1449 4794 1663 4851 vestita.
1725 4793 1952 4862 Propter

354 4892 500 4965 quod
541 4893 803 4950 Dominus
846 4891 900 4948 in
946 4889 1236 4962 Evangelio
1264 4890 1343 4945 sic
1376 4895 1693 4960 prtemonet,
1721 4885 1949 4943 dicens:

354 4984 450 5043 Sic
476 4984 658 5044 luceat
676 4985 858 5043 lumen
901 4992 1143 5042 vestrum
1169 4996 1354 5040 coram
1404 4980 1749 5050 hominibus,
1782 4988 1841 5036 ut
1868 4978 1952 5034 vi-

2053 4696 2241 4752 obrem
2284 4692 2492 4749 fortiter
2514 4691 2621 4745 vita
2648 4686 2947 4756 excedens,
2998 4696 3277 4743 senectute
3334 4686 3528 4758 dignus
3553 4702 3650 4759 ap-

2054 4786 2255 4860 parebo
2298 4827 2314 4853 ,
2386 4782 2817 4841 adolescentibus
2869 4778 3084 4852 quidem
3142 4780 3448 4851 exemplum
3511 4781 3653 4836 forte

2053 4881 2377 4951 relinquam,
2405 4886 2465 4932 ut
2490 4883 2740 4946 prompto
2794 4874 2976 4929 animo
3009 4886 3075 4927 ac
3119 4871 3329 4927 fortiter
3357 4886 3456 4943 pro
3483 4872 3656 4943 gravi-

2053 4972 2155 5030 bus
2182 4980 2239 5027 et
2262 4968 2467 5027 sanctis
2492 4967 2703 5039 legibus
2728 4965 2969 5023 honestae
2984 4963 3146 5021 morti
3173 4962 3486 5022 succedant.
3512 4963 3652 5022 Cum

1655 5160 1832 5219 EDIT.
1860 5155 2067 5217 OXON.
2099 5153 2331 5214 NOTE.

351 5341 360 5365 τ
432 5337 612 5395 Omnis
644 5337 731 5408 qui
757 5328 861 5392 ηόη
898 5329 1279 5408 manducavit"!
1321 5341 1546 5408 εστῖιεηέο
1594 5323 1641 5408 .V
1648 5322 1861 5408 “3'19"
1896 5335 1961 5378 ⁸³
2061 5311 3269 5408 A'Ti9"_i"9_'_5‘39933'23‘991'399.1.9329.
3304 5312 3443 5408 (⁷899
3494 5314 3662 5408 [Ξζῖζῗ

353 5394 515 5469 astate
561 5394 746 5466 clerici
773 5423 804 5463 a
843 5405 1095 5462 carnibus
1139 5410 1193 5459 et
1230 5400 1356 5455 vino
1379 5396 1722 5455 abstinuisse.
1751 5394 1957 5449 PAIIEL.

437 5481 656 5537 Videndi
688 5480 1021 5534 oblectatione
1081 5473 1396 5546 perfruitur._
1429 5468 1645 5546 Siclegg
1687 5480 1831 5546 cu_m_
1855 5479 1959 5546 _ve-

352 5534 675 5614 tereexcus.
733 5567 831 5621 pro
879 5550 982 5604 vini
1012 5588 1029 5615 ,
1080 5534 1330 5601 neutrum
1383 5540 1546 5596 habet
1576 5534 1959 5664 'Rlemléoldus.

1685 5625 1756 5665 an
1798 5625 1847 5663 L.

428 5697 736 5764 Suspectum
802 5691 1082 5764 placitum:
1100 5684 1357 5741 Placitum
1381 5697 1482 5755 pro
1508 5683 1781 5738 decretum.
1805 5679 1966 5736 Solus

354 5770 499 5830 enim
529 5759 734 5824 Manut.
754 5759 1035 5835 placidum.
1051 5759 1254 5835 Panes.

604 5933 889 5999 Punon.
934 5925 1038 5990 Ν.
1092 5923 1154 5989 S.
1188 5922 1499 5987 Cvrman.

1224 5808 1331 5898 vim
1405 5808 1666 5898 infamari.
1747 5823 1824 5883 Ita
1898 5836 1965 5882 ex

2062 5406 2248 5457 secus;
2295 5387 2424 5458 legit
2458 5385 2621 5442 eiiam
2669 5385 2762 5443 ille
2804 5385 2978 5441 codex
3024 5385 3269 5459 permittit
3307 5401 3433 5511 Ppro
3487 5385 3656 5456 enim.

3352 5471 3513 5511 AMEL.

3352 5471 3513 5512 AMEL.

2136 5555 2519 5628 Blasphemiam
2544 5554 2767 5628 “ingerit
2834 5550 3071 5628 religioni
3144 5567 3297 5618 quam
3356 5551 3505 5628 colit.
3573 5550 3665 5608 Sic

2066 5621 2275 5701 Optime
2297 5627 2514 5699 quidam
2543 5621 2771 5680 Morellii
2807 5623 3010 5691 codex,
3060 5637 3157 5693 pro
3194 5621 3426 5677 contulit.
3456 5622 3662 5678 Paulae.

2143 5722 2414 5779 Senectute
2434 5719 2642 5791 quidem
2665 5717 2870 5791 dignus.
2887 5715 3185 5791 Adjicitpns
3209 5716 3433 5786 quidem,
3459 5731 3525 5773 ex
3555 5727 3665 5775 νει.

2069 5795 2193 5856 cod.
2225 5793 2359 5850 Nam
2384 5787 2575 5864 legitur
2617 5791 2670 5847 in
2705 5788 3043 5845 Machabaeis.
3076 5787 3281 5844 Panes.

3111 5904 3190 5973 27
