4202 6272
586 322 695 404 8'45

2140 332 2344 401 LlBER

3790 336 3898 401 8H

604 464 711 521 hoc
727 462 887 521 etiam
918 460 1083 517 laicos
1107 456 1319 527 deceat,
1345 471 1414 515 ne
1438 464 1530 515 aut
1558 459 1827 516 extraneis
1852 459 2187 515 occasionem
2216 466 2269 523 Λ
2298 456 2589 531 portaverit
2628 455 2815 529 jugum
2862 470 3025 529 grave
3065 454 3118 512 in
3160 452 3442 528 iuventute
3490 470 3585 514 sua
3616 474 3632 524 ;
3690 457 3898 514 sedebit

598 552 1023 625 blasphemandi,
1046 559 1139 607 aut
1166 550 1484 607 fraternitati
1524 552 1978 624 opportunitatem
2022 551 2186 606 forni-

589 647 819 706 cationis
847 653 1160 716 opponant;
1190 654 1304 701 tum
1358 646 1591 702 maxime
1642 646 1869 701 clericos
1898 646 2187 701 vehemen-

592 750 678 796 ter
724 739 1020 796 necessitas
1074 739 1176 795 ista
1222 738 1583 812 constringit;
1615 739 1809 808 quibus
1856 746 1948 793 aut
1996 738 2187 809 religio

587 831 985 903 blasphemata,
1014 841 1107 887 aut
1136 830 1447 888 fraternitas
1491 831 1700 903 perdita
1729 846 1916 902 poenas
1946 830 2187 901 duplices

592 922 875 996 irrogabit.
935 923 1047 980 Nec
1098 923 1378 980 invenient
1430 924 1482 979 in
1528 923 1732 995 judicio
1762 922 1973 978 Domini
2020 922 2185 977 ullum

584 1018 814 1075 omnino
866 1015 1141 1082 solatium,
1165 1016 1256 1086 qui
1302 1016 1622 1087 alienigenis
1674 1023 1729 1072 et
1779 1014 2030 1070 fratribus
2059 1030 2186 1085 pec-

587 1108 746 1166 condi
773 1108 1017 1165 fomitem
1048 1107 1441 1187 ministrarunt.
1464 1107 1694 1178 Propter
1720 1106 1863 1179 quod
1889 1108 1968 1163 sic
1990 1106 2187 1163 Paulus

589 1203 869 1275 apostolus
913 1201 1091 1257 Titum
1113 1203 1354 1267 instruit,
1388 1202 1612 1259 dicens:
1642 1201 1895 1273 Teipsum
1925 1203 2189 1258 bonorum

592 1295 863 1354 factorum
904 1296 1151 1366 praebens
1176 1296 1479 1367 exemplum
1520 1298 1571 1351 in
1596 1295 1860 1363 doctrina,
1893 1298 1944 1351 in
1973 1296 2190 1367 integri-

594 1400 728 1458 tate,
762 1391 815 1447 in
856 1391 1138 1462 gravitate,
1169 1391 1221 1445 in
1248 1391 1415 1447 verbo
1439 1405 1571 1447 sano
1596 1399 1760 1462 atque
1808 1390 2190 1461 irreprehensi-

594 1483 726 1541 bili:
756 1494 815 1540 ut
842 1483 1178 1540 adversarius
1198 1491 1528 1547 revereatur,
1551 1482 1680 1538 nihil
1706 1481 1912 1538 habens
1939 1482 2006 1538 de
2035 1482 2191 1539 nobis

590 1575 774 1633 dicere
817 1574 967 1630 mali.
987 1574 1057 1630 Et
1089 1575 1320 1630 iterum:
1360 1573 1644 1640 Omnibus,
1679 1573 1872 1644 inquit,
1907 1571 2066 1630 fidem
2097 1575 2192 1629 bo-

600 1683 726 1726 nam
749 1667 993 1734 ostende,
1025 1676 1086 1723 ut
1111 1666 1307 1723 bonam
1329 1666 1629 1723 doctrinam
1659 1664 1951 1722 Salvatoris
1983 1665 2191 1721 Domini

591 1762 764 1818 nostri
789 1761 1082 1834 praeferant
1120 1761 1175 1815 in
1223 1759 1493 1816 omnibus.
1524 1759 1613 1815 Sic
1638 1770 1692 1814 et
1733 1756 1799 1813 ad
1845 1757 2189 1815 Timotheum

2286 552 2625 624 singulariter
2658 559 2714 607 et
2739 550 2952 618 silebit,
2984 551 3237 622 quoniam
3270 552 3391 607 tulit
3417 565 3580 625 super
3614 566 3677 607 se
3701 554 3891 625 iugum

2287 661 2467 718 grave.

2362 736 2469 794 Sed
2490 738 2768 809 quisquam
2811 736 3073 809 malignus
3100 736 3390 793 obsecutor
3414 736 3481 793 ad
3530 737 3731 794 dictum
3767 755 3899 811 apo-

2288 830 2408 887 stoli
2433 830 2578 885 Pauli
2608 828 2878 899 confugiet
2902 827 3131 913 dicentis
3163 847 3180 885 :
3220 830 3396 885 Onera
3428 840 3605 886 vestra
3629 831 3895 888 sustinete

2289 926 2518 982 invicem
2552 967 2567 991 ,
2609 931 2665 978 et
2700 924 2779 980 sic
2805 923 3097 992 implebitis
3138 923 3309 996 legem
3336 922 3533 979 Christi
3570 943 3581 977 :
3610 922 3729 978 Non
3777 923 3898 980 hzec

2290 1028 2416 1075 sunt
2460 1032 2625 1075 onera
2652 1060 2666 1082 ,
2710 1033 2829 1089 quae
2877 1016 3076 1073 Paulus
3106 1016 3386 1089 apostolus
3424 1018 3656 1089 imperat
3696 1019 3900 1073 subve-

2292 1109 2504 1178 henda;
2538 1109 2633 1166 sed
2662 1121 2718 1165 ut
2742 1109 3032 1165 tolerantes
3061 1110 3419 1180 nosmetipsos
3447 1108 3718 1165 discordia
3742 1109 3891 1166 nulla

2292 1205 2604 1270 discernat;
2645 1213 2699 1259 et
2746 1204 2799 1258 in
2846 1203 3229 1260 tentationibus
3281 1204 3588 1259 conStitutis
3634 1200 3897 1259 fratribus

2292 1297 2628 1368 praebeamus
2658 1295 2851 1351 auxilia
2876 1312 2891 1352 :
2916 1311 3022 1351 non
3047 1290 3103 1349 ut
3128 1295 3227 1367 ipsi
3252 1288 3407 1350 nobis
3434 1305 3765 1351 tentamenta
3788 1311 3886 1367 per

2292 1388 2523 1445 feminas
2570 1403 2954 1459 procuremus,
3007 1386 3101 1444 sed
3148 1398 3205 1442 ut
3236 1395 3690 1444 tentamentorum
3724 1389 3898 1460 magis

2298 1481 2541 1553 pondera
2567 1480 2945 1548 sublevemus;
2982 1497 3103 1537 cum
3132 1480 3265 1537 sciat
3304 1481 3463 1552 quale
3492 1483 3563 1538 sit
3599 1481 3903 1539 sanctitatis

2288 1574 2474 1646 jugum
2500 1617 2515 1641 ,
2574 1574 2717 1645 quod
2767 1575 2855 1630 vix
2894 1573 3166 1646 singulare
3205 1584 3465 1645 portetur.
3524 1576 3597 1632 De
3636 1592 3747 1647 quo
3793 1592 3902 1632 non

2300 1669 2474 1724 solum
2533 1668 2681 1739 ipse,
2729 1667 2822 1724 sed
2847 1676 2901 1724 et
2947 1666 3203 1723 Dominus
3231 1667 3401 1723 noluit
3432 1678 3638 1723 certum
3677 1669 3904 1725 definire

2294 1771 2623 1832 praeceptum
2651 1803 2667 1829 ,
2716 1761 2903 1817 dicens
2944 1779 2957 1816 :
3006 1760 3123 1817 Non
3175 1777 3363 1817 omnes
3409 1760 3629 1832 capiunt
3677 1763 3901 1818 verbum

590 1854 799 1920 scribit,
832 1854 1020 1910 dicens
1053 1870 1067 1907 :
1104 1851 1300 1909 Forma
1325 1861 1444 1908 esto
1466 1850 1713 1908 fidelibus
1749 1851 1801 1905 in
1830 1865 2101 1917 sermone,
2138 1853 2189 1906 in
2223 1867 2271 1929 Β
2302 1853 2439 1910 istud
2464 1897 2480 1922 ,
2523 1854 2617 1911 sed
2647 1854 2839 1923 quibus
2868 1851 3181 1910 datum'est.
3229 1850 3299 1909 Et
3338 1854 3565 1909 iterum:
3594 1852 3693 1922 Qui
3726 1860 3907 1924 potest

589 1947 1022 2012 conversatione,
1052 1945 1106 2001 in
1133 1945 1419 2011 charitate,
1446 1945 1499 1998 in
1525 1944 1645 2010 fide,
1678 1945 1731 1999 in
1749 1945 2015 2000 castitate.
2040 1945 2194 2013 Quod

591 2050 649 2097 et
704 2030 895 2097 Petrus
941 2038 1221 2110 apostolus
1263 2039 1543 2103 hortatur,
1571 2036 2192 2106 dicens:Conversatio,

599 2133 794 2205 inquit.
824 2140 997 2189 vestra
1028 2133 1081 2187 in
1110 2132 1362 2203 gentibus
1389 2131 1531 2186 bona
1557 2129 1648 2195 sit,
1673 2137 1733 2184 ut
1762 2129 1816 2183 in
1844 2145 1909 2185 eo
1932 2130 2072 2199 quod
2101 2130 2194 2185 de-

591 2227 813 2284 trahunt
831 2227 899 2285 de
911 2227 1347 2297 vobistamquam
1370 2224 1438 2280 de
1465 2222 1919 2291 malefactoribus,
1937 2224 2005 2280 de
2036 2222 2192 2280 bonis

594 2319 852 2390 operibus
895 2319 1091 2375 vestris
1137 2316 1437 2389 gloriﬁcent
1462 2314 1654 2371 Deum.
1691 2315 1759 2370 Et
1787 2315 2018 2370 iterum:
2048 2316 2191 2382 Quo-

592 2411 737 2467 niam
765 2411 844 2466 sic
874 2418 977 2477 est,
1022 2411 1216 2481 inquit,
1261 2406 1514 2464 voluntas
1540 2404 1659 2475 Dei,
1699 2416 1756 2463 ut
1796 2407 2193 2466 benefacientcs

590 2503 963 2561 obmutescere
979 2502 1184 2559 faciatis
1206 2501 1489 2556 stultorum
1516 2500 1793 2555 hominum
1813 2502 2189 2572 ignorantiam.

661 2599 773 2655 Nec
800 2599 1083 2669 quisquam
1112 2595 1212 2651 sibi
1241 2603 1505 2667 proponat
1528 2603 1583 2649 et
1604 2593 1745 2649 dicat
1774 2611 1793 2649 :
1823 2594 2036 2651 Habere
2062 2594 2187 2650 volo

595 2692 738 2764 quod
763 2692 977 2747 vincam
1008 2708 1022 2745 :
1068 2690 1168 2745 hoc
1187 2699 1271 2745 est
1298 2689 1441 2745 enim
1473 2684 1654 2744 dicere
1684 2730 1698 2753 ,
1735 2688 1920 2743 vivere
1943 2687 2193 2743 desidero

595 2785 698 2841 sub
749 2784 922 2839 ruina.
1002 2781 1136 2851 Quis
1167 2790 1274 2837 tam
1314 2776 1509 2836 stultus
1548 2780 1638 2850 qui
1668 2782 1860 2835 arctari
1903 2780 2082 2851 cupiat
2125 2781 2194 2837 ad

589 2878 826 2935 laborem
859 2922 874 2945 ,
929 2877 1016 2933 cui
1067 2877 1288 2932 offertur
1314 2874 1575 2930 delicatus
1602 2874 1960 2944 triumphus?
2008 2873 2192 2947 Neque

590 2973 734 3029 enim
778 2971 974 3041 duplex
1020 2968 1321 3039 triumphus
1367 2977 1452 3024 est
1493 2967 1596 3023 sub
1644 2968 1858 3022 feminre
1908 2970 2195 3038 prmsentia

587 3064 806 3133 probari
836 3064 1093 3119 victorem
1120 3102 1133 3125 ,
1179 3076 1338 3133 quam
1370 3071 1450 3115 est
1483 3061 1534 3114 in
1566 3060 1939 3131 singularitate
1970 3076 2188 3118 servare

590 3155 852 3225 integram
881 3155 1225 3225 sponsionem
1257 3152 1648 3207 sanctimonim.
1701 3148 1770 3205 Et
1806 3167 1927 3206 cum
1960 3153 2031 3207 sit
2058 3169 2194 3210 unus

588 3247 775 3302 titulus
804 3246 1096 3318 gloriarum
1125 3286 1141 3311 ,
1177 3246 1277 3299 hoc
1306 3244 1428 3298 loco
1458 3257 1596 3297 unus
1622 3242 1776 3297 fortis
1792 3254 1874 3298 est
1897 3286 1913 3310 ,
1941 3244 2031 3315 qui
2064 3245 2193 3300 satis
2220 3266 2265 3330 ρ

594 3337 845 3403 laborat;
885 3346 940 3391 et
981 3350 1107 3391 cum
1137 3334 1231 3388 illo
1268 3331 1359 3404 qui
1411 3347 1597 3402 parum
1638 3331 1929 3388 laborando
1961 3335 2190 3402 vicerit,

594 3430 795 3499 pariter
816 3436 1149 3483 muneratur.
1171 3425 1311 3494 Quid
1341 3423 1483 3496 quod
1499 3425 1588 3481 ille
1615 3426 1913 3496 quinimmo
1937 3442 2191 3483 censum-

598 3528 777 3576 matus
824 3519 1186 3585 adscribitur,
1239 3518 1328 3589 qui
1383 3532 1442 3573 se
1491 3518 1637 3572 omni
1676 3526 1919 3589 tempore
1950 3518 2194 3576 femineis

593 3613 873 3670 affectibus
901 3620 1136 3669 ostentat
1164 3609 1502 3667 abscissum?
1543 3612 1668 3685 quia
1698 3626 1820 3667 eum
1853 3614 2107 3669 Dominus
2138 3614 2192 3669 in

594 3696 887 3777 Evangelio
930 3703 1221 3776 perfectum
1251 3710 1453 3770 vocat,
1496 3704 1587 3775 qui
1623 3713 1793 3760 totum
1849 3705 1960 3761 suis
2003 3706 2188 3763 usibus

594 3798 953 3870 amputaverit
1003 3796 1405 3866 patrimonium.
1468 3795 1629 3851 Certe
1700 3798 1862 3852 etiam
1922 3797 2021 3853 soli
2076 3799 2192 3853 cui-

592 3906 849 3960 cumque,
879 3888 1177 3961 quotidiani
1229 3886 1482 3958 triumphi
1523 3905 1620 3958 pro
1660 3891 1907 3947 castitate
1943 3906 2048 3945 non
2093 3891 2190 3946 de-

593 3991 755 4049 sunt;
795 3984 918 4054 quia
945 3996 1237 4053 numquam
1284 3982 1568 4038 desideriis
1595 3984 1901 4039 carnalibus
1946 3965 2193 4054 spiritum

594 4081 771 4127 cessat
813 4070 1067 4126 infestare
1094 4086 1292 4139 carinis
1330 4070 1623 4126 humanum
1650 4115 1664 4136 ,
1709 4073 1851 4143 quod
1901 4075 2197 4145 Apostolus

594 4162 860 4231 affirmat,
890 4161 1076 4219 dicens
1104 4162 1313 4230 :Caro,
1346 4163 1551 4235 inquit,
1580 4167 1915 4236 concupiscit
1936 4167 2195 4225 adversus

597 4256 887 4327 spiritum,
943 4255 1163 4325 spiritus
1207 4263 1385 4310 autem
1440 4257 1696 4314 adversus
1741 4273 1957 4316 carnem
2009 4276 2022 4315 :
2081 4262 2196 4318 inec

600 4349 742 4403 enim
774 4348 1003 4404 invicem
1033 4347 1387 4404 adversantur
1431 4349 1570 4417 sibi,
1605 4359 1664 4405 ut
1706 4366 1812 4406 non
1844 4368 2197 4425 qumcumque

595 4440 757 4495 vultis
786 4440 870 4494 illa
900 4439 1127 4496 faciatis.
1172 4439 1350 4496 [labes
1390 4456 1531 4497 nunc
1556 4456 1776 4498 carnem
1805 4454 1951 4499 tuam
1971 4488 1984 4507 ,
2034 4460 2194 4515 quam

599 4548 823 4603 superes
844 4547 1057 4603 semper
1086 4551 1100 4587 :
1131 4534 1256 4604 quid
1282 4534 1375 4589 tibi
1395 4534 1475 4587 vis
1494 4534 1721 4590 alteram
1763 4535 1847 4590 vel
1873 4536 2201 4595 conducere!

2298 1965 2511 2021 capere,
2532 1949 2727 2019 capiat.
2754 1947 2808 2004 Si
2832 1964 2960 2020 ergo
2980 1946 3200 2003 difficile
3225 1946 3562 2018 singulariter
3575 1947 3900 2018 magnitudo

2299 2042 2452 2095 istius
2502 2040 2755 2111 ponderis
2792 2039 3089 2106 toleratur;
3128 2038 3399 2110 quomodo
3443 2037 3756 2094 tolerabitur
3787 2080 3802 2103 ,
3850 2038 3903 2092 si

2294 2134 2579 2205 geminatis
2610 2131 2934 2202 ponderibus
2964 2132 3368 2203 praegravetur?
3401 2130 3465 2186 Et
3507 2131 3550 2186 si
3583 2131 3892 2202 singulares

2299 2243 2435 2298 pene
2464 2243 2654 2282 omnes
2683 2229 2769 2281 vix
2798 2227 2995 2282 durant
3039 2226 3284 2281 carnales
3312 2226 3534 2281 insidias
3577 2226 3848 2281 sustinere
3879 2241 3895 2291 ;

2304 2322 2433 2393 quid
2461 2312 2661 2377 faciunt
2682 2322 2757 2377 illi
2796 2320 2887 2392 qui
2915 2338 2979 2377 ex
3008 2329 3235 2391 utroque
3264 2320 3429 2376 latere
3460 2319 3649 2391 gladiis
3693 2319 3873 2390 impeu
3894 2347 3906 2357 ο

2309 2414 2561 2472 dentibus
2589 2430 2695 2469 non
2741 2424 3058 2469 cunctantur
3089 2412 3441 2469 incumbere?
3496 2412 3622 2468 Plus
3647 2411 3788 2468 dico.
3844 2414 3901 2468 Si

2300 2507 2475 2561 mariti
2519 2517 2573 2560 et
2623 2521 2816 2561 uxores
2857 2505 3123 2561 desideria
3172 2505 3474 2577 conjugalia
3518 2505 3756 2576 quotidie
3802 2521 3899 2577 ge-

2299 2608 2514 2669 rentes,
2562 2598 2665 2652 sibi
2705 2614 2809 2654 non
2852 2598 3166 2666 sufficiunt;
3205 2598 3329 2670 quid
3375 2608 3541 2670 agunt
3586 2598 3662 2653 illi
3700 2598 3788 2666 qui
3831 2598 3900 2655 ad

2296 2689 2568 2759 augendas
2595 2690 3028 2760 impugnationes
3070 2689 3279 2745 feminis
3328 2692 3601 2746 sociantur
3629 2689 3652 2743 ?
3684 2682 3761 2745 Ex
3794 2689 3900 2746 im-

2297 2783 2513 2853 proviso
2533 2783 2614 2837 vel
2644 2792 2984 2838 transeunter
3008 2782 3073 2837 ad
3105 2784 3287 2836 horam
3339 2780 3607 2838 femineus
3646 2793 3896 2854 ﬂSpL‘ClUS

2298 2888 2592 2929 occurrens
2610 2915 2625 2937 ,
2650 2875 2796 2930 velut
2825 2876 3044 2946 sagittas
3064 2874 3250 2929 alienis
3268 2874 3442 2929 oculis
3464 2875 3645 2944 jactat.
3674 2875 3900 2943 Quando

2298 2964 2462 3021 libent
2492 2979 2596 3020 non
2626 2967 2950 3034 estsimplex
2981 2967 3277 3021 reverentia
3303 2984 3318 3033 ;
3349 2967 3474 3037 quid
3506 2966 3613 3022 illic
3640 2967 3845 3038 geritur
3871 3009 3886 3033 ,

2260 3048 2265 3057 ’
2299 3058 2387 3112 ubi
2419 3057 2680 3112 libertatis
2711 3057 2872 3113 sumit
2919 3057 3114 3113 mulier
3158 3060 3208 3113 in
3253 3056 3740 3115 contubernalitate
3770 3074 3905 3114 con-

2299 3151 2584 3207 Stantiam?
2600 3150 2811 3222 quando
2828 3152 2879 3205 in
2908 3150 3217 3206 domesticis
3247 3151 3476 3222 negotiis
3496 3167 3637 3206 nunc
3658 3148 3889 3206 lacertos

2298 3258 2360 3299 ac
2407 3242 2610 3299 femora
2663 3243 2887 3298 lanificis
2930 3243 3182 3313 operibus
3220 3243 3385 3297 nudat
3417 3287 3431 3309 ,
3480 3259 3619 3299 nunc
3648 3255 3889 3300 aestuans

2296 3338 2497 3409 detegit
2535 3338 2774 3393 membra
2801 3380 2815 3403 ,
2850 3352 2991 3392 nunc
3021 3339 3234 3410 fatigata
3261 3338 3489 3409 jactatur
3516 3380 3532 3405 ,
3564 3344 3659 3391 aut
3686 3339 3737 3391 in
3789 3355 3901 3394 usu

2297 3429 2584 3501 aliquando
2632 3430 2980 3497 dissolvitur;
3016 3444 3161 3485 nunc
3211 3428 3487 3485 blanditias
3530 3428 3790 3496 exhibet,
3838 3438 3907 3486 et

2299 3523 2441 3592 quod
2468 3523 2884 3578 estvenenosius
2915 3537 3075 3593 super
3091 3535 3280 3578 cuneta
3313 3522 3536 3593 psallere
3561 3521 3865 3579 delectatur
3884 3567 3903 3592 ,

2296 3623 2386 3670 aut
2411 3616 2644 3671 canere?
2668 3610 2833 3686 Cujus
2866 3628 3028 3670 cantu
3060 3616 3394 3671 tolerabilius
3427 3625 3511 3672 est
3536 3616 3725 3672 audire
3750 3616 3899 3671 basi-

2302 3706 2491 3763 liscum
2542 3709 2868 3765 sibilantem.
2925 3693 3121 3765 Contra
3166 3726 3325 3781 quam
3377 3708 3634 3767 Salomon
3683 3711 3761 3766 sic
3801 3726 3906 3767 nos

2308 3813 2495 3856 cautos
2533 3798 2737 3869 efficit,
2778 3801 2963 3858 dicens
2995 3819 3009 3856 :
3038 3802 3169 3858 Cum
3201 3804 3494 3859 cantatrice
3522 3803 3633 3858 noli
3660 3804 3907 3859 assiduus

2298 3910 2450 3961 esse,
2482 3911 2582 3951 nec
2607 3894 2794 3951 audias
2824 3895 3004 3965 illam,
3035 3913 3101 3952 ne
3129 3894 3267 3953 forte
3290 3897 3641 3968 diSpereasin
3667 3896 3905 3954 efficacia

2300 3990 2437 4057 ejus.
2470 3988 2644 4043 Taceo
2672 3989 2874 4060 reliqua
2905 4032 2920 4055 ,
2954 4004 3073 4060 quae
3102 3993 3271 4062 magis
3301 3991 3549 4061 pudenda
3582 4003 3707 4047 sunt
3740 4007 3906 4062 quam

2300 4079 2525 4135 dicenda
2557 4097 2570 4134 :
2604 4083 2775 4136 solum
2807 4081 2909 4137 hoc
2952 4082 3073 4138 dico
3102 4125 3116 4148 ,
3152 4083 3203 4138 in
3236 4070 3426 4139 dolore
3454 4085 3536 4140 vel
3568 4085 3623 4140 in
3667 4088 3737 4141 ira
3769 4102 3901 4139 mu-

2303 4169 2485 4227 lierem
2510 4171 2677 4244 frangi
2704 4175 3039 4245 conspicere,
3061 4174 3171 4245 jam
3196 4193 3301 4231 non
3324 4178 3547 4232 estsine
3576 4176 3906 4234 mulcedine.

2304 4260 2440 4331 Quid
2471 4263 2701 4319 dicimus
2729 4267 2774 4320 si
2817 4266 3001 4321 videas
3042 4266 3468 4337 jucundantem,
3516 4280 3609 4324 aut
3637 4270 3779 4341 quod
3822 4279 3915 4327 est

2309 4356 2547 4412 deterius
2570 4357 2932 4414 blandientem
2958 4360 2983 4412 ’ἲ
3014 4359 3191 4416 Semel
3214 4361 3440 4417 dixerim
3471 4403 3486 4429 ,
3521 4364 3698 4419 omnis
3727 4363 3920 4421 incon-

2315 4451 2537 4505 veniens
2568 4451 2822 4506 sodalitas
2858 4454 3142 4510 mulierum
3167 4497 3180 4519 ,
3226 4459 3407 4526 gluten
3437 4466 3520 4513 est
3550 4457 3872 4513 delictorum
3900 4502 3922 4528 ,

2312 4551 2366 4595 et
2401 4541 2604 4597 viscum
2639 4544 2961 4610 toxicatum,
3008 4559 3113 4617 quo
3157 4544 3404 4602 diabolus
3452 4558 3770 4619 aucupatur.
3822 4547 3930 4605 In-

599 4624 770 4681 Nemo
814 4640 977 4696 super
1004 4641 1165 4681 uuam
1195 4624 1402 4682 febrem
1442 4627 1587 4696 cupit
1619 4627 1877 4684 adhibere
1918 4630 2195 4700 peiorem;
2224 4669 2277 4728 Β
2306 4648 2537 4707 congrua
2582 4648 2661 4690 est
2722 4637 2979 4693 sodalitas
3015 4638 3366 4705 feminarum,
3426 4657 3653 4712 quarum
3701 4638 3930 4699 sodali-

600 4735 669 4776 nc
690 4719 910 4791 incipiat
937 4720 1261 4775 hemitritmo
1290 4720 1570 4775 insanabili
1600 4720 1875 4787 laborare,
1908 4724 1994 4778 cui
2019 4724 2199 4780 nullus

601 4812 780 4869 valeat
809 4812 1051 4869 medicus
1079 4811 1391 4868 subvenire.
1444 4809 1627 4883 Neque
1655 4814 1848 4885 aliquis
1875 4830 2037 4886 super
2062 4831 2201 4872 onus

599 4906 874 4978 proprium
906 4905 1045 4960 tollit
1069 4904 1288 4974 insuper
1308 4904 1575 4972 alienum;
1607 4921 1678 4962 ne
1706 4908 1962 4963 oneribus
1988 4909 2201 4966 duobus

599 5012 924 5070 Oppressus,
960 5010 1131 5067 usque
1169 4995 1235 5050 ad
1280 4992 1481 5053 inferos
1523 4997 1886 5070 demergatur.
1933 4998 2089 5058 Unde
2114 5006 2199 5058 'sic

598 5091 898 5148 Hieremias
947 5089 1208 5163 propheta
1240 5091 1398 5147 docet
1442 5095 1742 5150 sanctitatis
1770 5096 1981 5167 pondus
2012 5098 2199 5170 singu-

597 5186 786 5244 lariter
816 5183 1215 5240 sustinendum.
1252 5185 1457 5240 Bonum
1508 5195 1592 5242 est
1615 5229 1630 5256 ,
1660 5187 1873 5259 inquit,
1906 5189 2025 5245 viro
2076 5196 2198 5247 cum

2305 4737 2466 4784 tatem
2497 4729 2565 4783 ita
2596 4744 2692 4783 nos
2714 4746 2924 4787 rursum
2950 4730 3204 4788 Salomon
3230 4734 3389 4789 docet
3415 4736 3468 4789 in
3491 4736 3743 4792 omnibus
3772 4754 3935 4808 prm-

2304 4835 2497 4877 cavere
2544 4840 2556 4876 :
2612 4818 2743 4877 Cum
2797 4825 2968 4879 aliena
2998 4867 3013 4892 ,
3066 4825 3275 4895 inquit,
3322 4826 3549 4884 muliere
3596 4845 3664 4885 ne
3714 4829 3936 4887 sedeas

2304 4914 2558 4981 omnino,
2606 4925 2659 4971 et
2697 4932 2764 4971 ne
2792 4918 3069 4973 alterceris
3093 4934 3213 4974 cum
3251 4920 3340 4975 illa
3374 4921 3426 4975 in
3455 4922 3581 4977 vino
3605 4965 3619 4989 ,
3655 4938 3721 4979 ne
3768 4922 3941 4983 forte

2304 5006 2644 5061 det-linetcor
2671 5016 2819 5063 tuum
2845 5008 2898 5063 in
2928 5010 3072 5064 illam
3094 5051 3109 5077 ,
3148 5022 3199 5066 et
3223 5013 3485 5083 Sanguine
3510 5024 3600 5069 tuo
3624 5012 3837 5073 labaris
3867 5016 3939 5077 in

2306 5099 2683 5170 perditionem.

2374 5190 2658 5250 Postremo
2690 5192 2738 5250 si
2771 5192 3009 5251 animum
3052 5206 3293 5254 nostrum
3336 5198 3660 5258 confidimus
3702 5200 3763 5257 in
3812 5202 3942 5263 hac

1932 5330 2114 5386 EDIT.
2134 5330 2340 5392 OXON.
2360 5332 2591 5388 NOTAE}.

678 5444 920 5518 Quinimo
980 5456 1380 5503 consummatus.
1450 5424 1683 5503 Prorsus
1759 5446 1838 5503 sic
1904 5447 2023 5514 lego
2080 5465 2203 5505 cum

602 5521 847 5577 Morellio
876 5535 973 5592 pro
1005 5522 1095 5592 qui
1130 5520 1362 5574 minimo.
1390 5518 1521 5588 Quia
1553 5535 1712 5589 supra
1743 5520 1879 5575 hanc
1909 5535 2091 5577 vocem
2120 5523 2205 5577 lia-

607 5594 819 5649 buimus
840 5591 1027 5648 eadem
1058 5591 1446 5663 significatione
1466 5633 1479 5657 ,
1502 5601 1555 5647 et
1573 5592 1913 5648 consentiunt
1942 5601 2048 5648 vet.
2081 5607 2197 5649 exc.

610 5665 733 5719 cod.
763 5673 818 5718 et
846 5662 1193 5719 Remholdns.
1227 5662 1433 5717 ΡΑιιει..

677 5735 823 5791 Certe
845 5738 999 5790 etiam
1022 5735 1119 5792 soli
1157 5736 1493 5809 cuicumque-
1512 5734 1721 5804 Adiicio
1753 5749 1821 5791 ex
1857 5736 2048 5809 iisdem
2081 5736 2200 5791 soli.

684 5873 1002 5931 Hemetritwo
1050 5874 1321 5931 insanabili
1370 5876 1620 5930 laborare.
1686 5807 2196 5937 lientet£:;::.fe-

2308 5448 2419 5505 bris
2445 5458 2561 5517 est,
2582 5449 2733 5520 juxta
2760 5450 3140 5522 Remboldum,
3162 5455 3396 5512 tertiana
3420 5471 3528 5512 una
3564 5467 3636 5582 οὲ
3662 5455 3944 5521 dimidia.

3639 5545 3811 5582 All-IL.

2380 5595 2487 5649 Sed
2533 5596 2822 5672 quisquam.
2866 5596 3167 5672 _Omisimus
3204 5600 3450 5672 voculam
3492 5598 3534 5655 si
3571 5545 3951 5672 irlI'tAeﬁelgtam

2303 5666 2453 5738 juxta
2481 5668 2603 5723 cod.
2637 5677 2740 5721 vet.
2772 5676 2827 5722 et
2865 5670 3245 5726 Reniboldum.
3288 5671 3493 5728 I’ause.

2376 5734 2766 5823 EQ-ilriuroviso
2798 5741 2883 5823 vel
2897 5751 3235 5823 transeunter,
3260 5744 3561 5823 Antoninus
3586 5745 3640 5798 in
3668 5750 3953 5823 (rauim,

2306 5810 2400 5866 sed
2436 5810 2561 5864 illud
2593 5810 2672 5865 bis
2695 5820 2843 5866 terve
2872 5813 3007 5867 inf‘ra
3030 5816 3310 5881 repetitur.
3342 5814 3545 5871 Panes.

2374 5882 2474 5937 Aut
2498 5887 2548 5937 in
2571 5899 2666 5938 usu
2692 5880 2971 5953 aliquando
3000 5880 3312 5945 dissolvitur.
3350 5887 3675 5945 licmboldua
3702 5888 3958 5963 legebat
