4202 6272
349 285 462 345 845

1405 276 1497 341 DE
1533 273 2086 344 SINGULABITATE
2122 276 2587 341 CLERICORUM.

3552 278 3665 342 8&6

351 395 737 456 communitate
763 394 963 451 durare
986 408 1205 466 semper
1228 436 1244 463 ,
1267 396 1357 453 vel
1387 396 1518 452 illud
1548 398 1691 468 apud
1722 412 1823 453 nos
1848 397 1947 453 de-
1973 396 2028 458 Α
2053 395 2245 467 singuli
2304 397 2600 465 cogitantes
2630 435 2647 462 ,
2687 392 2783 451 sed
2829 407 2949 465 que
2991 392 3243 449 aliorum.
3296 392 3366 450 Et
3408 395 3605 452 iterum
3634 415 3651 454 :

350 495 442 550 bet
469 506 591 549 esse
635 499 990 562 suspectum;
1033 504 1102 546 ne
1145 490 1275 561 ipsa
1326 504 1449 562 quae
1492 491 1771 548 nobiscum
1817 506 1949 547 con-

351 586 620 652 veniunt,
669 584 722 638 in
756 597 855 639 nos
882 582 1031 653 ipsos
1076 581 1299 638 forsitan
1338 595 1656 639 moveantur
1684 626 1699 651 ,
1750 592 1844 639 aut
1890 584 1945 639 in

354 679 554 733 alteros
587 691 799 731 amores
823 690 938 747 prae
978 674 1160 745 rapida
1188 686 1347 731 relate
1389 676 1750 732 incitamentis
1778 677 1946 733 furia-

354 771 494 826 libus
520 769 865 824 stimuleutur
893 808 909 834 ,
936 778 991 823 et
1015 768 1117 822 erit
1145 767 1299 823 nobis
1316 782 1478 824 causa
1506 776 1598 822 aut
1622 768 1765 839 quod
1797 769 1949 839 pejus

354 873 477 927 est,
523 861 641 916 sine
688 874 848 917 causa
896 869 954 915 ut
994 858 1277 915 fornicatio
1320 875 1417 914 nos
1469 861 1705 916 maculet
1732 861 1945 929 aliena,

354 954 497 1027 apud
537 969 674 1024 quos
713 952 1016 1024 suggeritur
1043 952 1256 1007 caeteris
1292 952 1509 1007 occasio
1546 953 1849 1023 lupanaris;
1893 962 1951 1009 et

354 1047 581 1105 crimine
606 1044 767 1101 alieni
790 1053 970 1100 reatus
998 1044 1438 1111 absorbebimur,
1470 1044 1557 1100 cui
1600 1060 1701 1099 nos
1731 1044 1831 1115 ipsi
1849 1058 1948 1100 su-

353 1143 645 1200 burnamus
713 1136 1064 1193 immunditiu:
1128 1137 1475 1193 lenocinium.
1535 1137 1758 1207 Propter
1804 1137 1947 1209 quod

348 1235 626 1307 apostolus
688 1232 886 1288 Paulus
932 1232 1001 1287 de
1044 1230 1311 1287 similibus
1367 1231 1439 1287 ita
1495 1246 1593 1286 nos
1663 1232 1884 1288 instruit
1928 1275 1944 1300 ,

352 1330 578 1386 dicens:
612 1325 669 1382 Si
700 1333 920 1396 propter
947 1339 1127 1380 escam
1157 1323 1323 1379 frater
1351 1332 1473 1380 tuns
1500 1323 1896 1380 scandalizatur
1927 1364 1943 1391 ,

347 1421 458 1492 jam
504 1434 611 1476 non
638 1419 691 1474 in
719 1417 980 1473 charitate
1027 1416 1289 1472 ambulas.
1331 1415 1449 1472 Noli
1495 1431 1617 1473 esea
1660 1427 1746 1472 tua
1796 1418 1946 1473 illum

346 1514 574 1587 perdere
605 1557 621 1583 ,
675 1520 894 1584 propter
930 1526 1093 1583 quem
1139 1510 1387 1567 Christus
1441 1523 1686 1568 mortuus
1714 1521 1818 1569 est.
1879 1512 1948 1568 Et

347 1608 541 1663 iterum
575 1624 591 1662 :
639 1605 854 1661 Bonum
881 1613 964 1659 est
989 1619 1094 1658 non
1128 1602 1454 1660 manducare
1477 1618 1694 1660 carnem
1722 1646 1736 1671 ,
1773 1618 1948 1675 neque

348 1699 536 1755 bibere
571 1698 795 1766 vinum,
838 1711 1012 1768 neque
1040 1696 1324 1753 ostendere
1370 1697 1421 1751 in
1461 1712 1568 1768 quo
1613 1697 1779 1753 frater
1824 1707 1948 1753 tuus

2052 485 2222 544 Nemo
2247 488 2392 559 quod
2430 502 2585 543 suum
2613 497 2695 544 est
2736 496 2969 559 quaerat,
3002 487 3099 544 sed
3130 487 3272 559 quod
3298 488 3541 544 alterius.

2123 580 2231 636 Sed
2258 581 2446 651 aliquis
2473 581 2734 651 arripiens
2757 580 2826 636 de
2855 581 2972 652 ipso
2998 581 3164 636 Paulo
3195 582 3338 653 quod
3369 591 3607 653 opponat
3638 602 3653 639 :

2056 673 2473 745 Unusquisque,
2533 674 2741 744 inquit,
2792 685 3031 729 vestrum
3092 689 3191 745 pro
3253 689 3313 731 se
3382 675 3650 732 rationem

2051 769 2244 827 reddet
2273 766 2387 825 Deo
2409 786 2422 822 :
2445 776 2500 824 et
2520 768 2887 839 unusquisque
2912 783 3064 825 suam
3092 771 3354 825 sarcinam
3389 773 3643 841 portabit.

2052 861 2153 928 Qui
2187 875 2294 915 non
2321 860 2443 915 vult
2458 874 2587 931 ergo
2612 874 2711 930 pro
2746 860 2921 915 altero
2953 859 3177 916 reddere
3206 862 3469 919 rationem
3494 907 3508 931 ,
3549 881 3651 923 nec

2052 954 2233 1009 causis
2261 954 2380 1024 ejus
2411 994 2428 1021 ,
2460 967 2561 1008 nec
2586 953 2815 1024 negotiis
2841 952 3002 1008 debet
3032 955 3298 1026 particeps
3324 955 3538 1014 illicitos
3567 961 3649 1014 in-

2054 1056 2258 1103 teresse
2304 1065 2316 1099 :
2370 1055 2427 1102 et
2470 1048 2561 1118 qui
2606 1047 2746 1103 liber
2785 1047 2870 1102 vel
2916 1048 3172 1103 immunis
3217 1050 3359 1105 circa
3410 1054 3650 1112 sarcinas

2058 1139 2261 1195 alienas
2281 1147 2505 1194 conatur
2522 1139 2755 1194 existere
2777 1180 2792 1205 ,
2821 1138 2951 1194 nihil
2974 1140 3206 1195 alienum
3222 1145 3490 1199 contraria
3518 1161 3649 1202 con-

2053 1232 2259 1289 ditione
2300 1241 2481 1289 teneat
2508 1232 2644 1287 infra
2691 1249 2771 1289 se.
2826 1232 2960 1288 Nam
2991 1249 3212 1291 necesse
3252 1247 3337 1293 est
3364 1248 3420 1294 ut
3448 1242 3647 1298 rationi

2052 1327 2274 1383 alterius
2294 1327 2610 1398 subjiciatur
2629 1368 2645 1394 ,
2666 1327 2756 1398 qui
2779 1328 3051 1399 negotium
3066 1333 3373 1387 tractaverit
3388 1332 3645 1391 alienum.

2051 1415 2276 1488 Oportet
2322 1433 2448 1473 eum
2498 1417 2696 1474 damno
2743 1420 3024 1492 perstringi
3080 1421 3165 1476 vel
3207 1423 3492 1493 dispendio
3532 1442 3649 1483 sar-

2050 1511 2292 1566 cinarum
2318 1552 2333 1576 ,
2360 1510 2500 1581 apud
2526 1526 2685 1582 quem
2710 1513 2812 1567 sub
2839 1512 3006 1567 intuta
3031 1514 3277 1571 custodia
3306 1518 3486 1573 fratris
3533 1512 3649 1575 sar-

2052 1604 2188 1660 cinae
2233 1605 2553 1675 perierunt;
2581 1605 2708 1676 quia
2745 1605 2999 1676 quicquid
3049 1606 3102 1662 in
3141 1607 3304 1663 domo
3331 1622 3513 1667 nostra
3545 1614 3648 1669 sub

2051 1697 2230 1752 minus
2278 1696 2468 1753 idonea
2518 1697 2680 1752 tutela
2713 1698 2979 1767 perditum
3020 1698 3182 1751 fuerit
3216 1739 3230 1761 ,
3269 1698 3361 1753 aut
3410 1698 3651 1758 latrones

348 1792 671 1860 offenditur,
703 1799 796 1847 aut
827 1790 1219 1846 scandalizatur
1237 1832 1252 1857 ,
1284 1799 1375 1845 aut
1394 1790 1716 1848 infirmatur.
1750 1791 1817 1846 Et
1842 1792 1950 1847 alio
1976 1795 2026 1855 B
2053 1788 2357 1860 etl’regerint
2380 1830 2395 1855 ,
2424 1796 2670 1843 nostrum
2694 1796 2805 1857 est,
2824 1795 2878 1843 et
2903 1803 2932 1842 a
2960 1788 3114 1843 nobis
3138 1790 3382 1861 exigetur
3400 1793 3655 1865 quicquid

349 1885 470 1942 loco
499 1903 513 1939 :
549 1883 691 1950 Hoc,
718 1884 926 1954 inquit,
945 1882 1187 1953 judicare
1212 1882 1381 1954 magis
1400 1925 1415 1949 ,
1444 1898 1513 1938 ne
1537 1883 1748 1954 ponatis
1774 1881 1949 1938 oﬂ'en-

347 1977 581 2032 diculnm
619 1984 712 2029 aut
740 1974 1053 2029 scandalum
1103 1973 1276 2029 fratri.
1334 1975 1401 2029 Et
1436 1973 1506 2030 de
1551 1976 1847 2045 semetipso
1874 1975 1952 2030 sic

349 2069 457 2123 ait:
483 2067 710 2139 Propter
723 2067 867 2137 quod
903 2066 947 2120 si
977 2065 1129 2120 cibus
1153 2064 1480 2120 scandalizat
1499 2064 1719 2122 fratrem
1750 2080 1950 2132 meum,

348 2162 455 2235 jam
485 2178 590 2217 non
618 2161 953 2217 manducabo
978 2175 1195 2216 carnem
1217 2161 1272 2215 in
1298 2171 1557 2216 aeternum
1577 2203 1592 2227 ,
1626 2178 1694 2217 ne
1724 2161 1941 2217 fratrem

352 2254 729 2310 scandalizem.
793 2254 927 2310 Cum
987 2267 1116 2316 ergo
1160 2267 1258 2309 nos
1325 2253 1506 2324 pulsat
1555 2253 1952 2324 coniunctionis

354 2346 513 2419 hujus
567 2347 811 2402 molestia
874 2347 1251 2411 detestabilis;
1309 2354 1366 2401 et
1409 2347 1453 2401 si
1505 2346 1780 2402 adulteros
1844 2362 1955 2403 non

356 2447 535 2511 potest
578 2438 782 2503 facere,
831 2437 956 2493 facit
996 2446 1176 2492 tamen
1212 2436 1431 2509 pejores
1472 2437 1732 2494 adulteris
1776 2447 1832 2493 et
1871 2439 1953 2493 in-

357 2531 540 2586 cestis.
577 2531 706 2598 Quis
730 2530 873 2585 enim
901 2529 1079 2585 cordis
1102 2529 1326 2584 alterius
1348 2539 1617 2585 scrutator
1641 2531 1953 2600 qualitatem

360 2623 775 2693 uniuscujusque
796 2622 1123 2694 perpendat;
1147 2632 1200 2677 et
1222 2635 1319 2691 pro
1335 2622 1501 2676 altera
1525 2636 1753 2691 persona
1770 2631 1956 2677 contra

359 2714 614 2771 Satanam
652 2723 976 2786 repugnatur
995 2754 1011 2777 ,
1041 2714 1185 2770 circa
1217 2714 1383 2768 Deum
1413 2727 1542 2768 vero
1569 2713 1793 2769 idoneus
1822 2714 1957 2770 fide-

354 2811 538 2880 jussor
564 2822 689 2864 esse
733 2808 1072 2879 praesumat?
1116 2808 1192 2863 De
1221 2799 1513 2877 semetipso
1561 2805 1788 2863 demens
1832 2815 1955 2874 est,

358 2904 447 2975 qni
473 2902 670 2973 aliquid
705 2902 993 2973 pollicetur
1013 2942 1029 2968 ,
1060 2916 1130 2956 ne
1157 2900 1331 2955 dicam
1360 2905 1406 2955 si
1429 2900 1591 2955 etiam
1632 2915 1733 2971 pro
1758 2899 1958 2956 femina

363 2996 709 3065 sponsionem
739 3008 940 3063 ponere
963 2991 1245 3058 videatur;
1294 3007 1416 3047 cum
1463 2992 1660 3047 Paulus
1687 2992 1960 3062 apostolus

362 3088 440 3142 sic
461 3087 529 3142 de
543 3101 601 3141 se
628 3087 961 3156 pronuntiet,
984 3086 1204 3142 dicens:
1228 3084 1347 3139 Non
1367 3085 1489 3155 quia
1514 3086 1623 3155 jam
1640 3087 1846 3157 accepi,
1869 3095 1962 3142 aut

2057 1897 2151 1953 per
2179 1878 2428 1937 inertiam
2473 1889 2715 1936 nostram
2759 1881 2899 1937 male
2939 1881 3286 1938 commissum
3327 1886 3649 1943 custoditur.

2054 1973 2207 2029 Tunc
2235 1987 2363 2029 vero
2407 1972 2474 2028 ab
2523 1972 2750 2028 invicem
2795 1971 2950 2028 liberi
2980 1987 3165 2030 sumus
3193 2016 3210 2042 ,
3250 1975 3298 2031 si
3346 1976 3479 2033 nihil
3507 1978 3651 2050 apud

2055 2084 2154 2127 nos
2175 2070 2242 2126 de
2268 2086 2329 2126 re
2358 2071 2581 2127 alterius
2606 2081 2937 2128 reservetur.

2128 2164 2376 2220 Forsitan
2404 2166 2597 2236 aliquis
2632 2165 2774 2221 dicat
2815 2182 2830 2221 :
2880 2165 3021 2237 Ergo
3049 2180 3149 2223 nec
3176 2166 3242 2222 ad
3273 2165 3490 2224 domum
3532 2183 3658 2224 ora-

2060 2254 2218 2311 tionis
2243 2254 2505 2313 debemus
2530 2257 2731 2327 pariter
2758 2258 3048 2314 convenire
3071 2300 3087 2327 ,
3113 2272 3181 2315 ne
3205 2259 3397 2331 aliquis
3425 2261 3658 2332 aliquem

2058 2347 2403 2403 scandalizet.
2457 2346 2739 2404 llaeretica:
2774 2347 3131 2419 professionis
3170 2358 3254 2404 est
3301 2350 3397 2406 ista
3445 2360 3660 2405 contra-

2058 2440 2220 2497 dictio
2236 2442 2586 2509 Calumniosa,
2611 2457 2730 2513 quae
2744 2440 2811 2497 de
2834 2442 2988 2499 bonis
3013 2443 3342 2513 praescribit,
3365 2452 3424 2498 nt
3448 2452 3663 2500 asserat

2060 2534 2197 2588 mala
2223 2550 2239 2600 ;
2265 2545 2320 2591 et
2345 2534 2412 2591 de
2440 2536 2723 2591 sanctitate
2750 2534 3064 2606 praejudicat
3097 2579 3112 2604 ,
3170 2546 3228 2591 ut
3265 2536 3663 2593 immunditiam

2060 2626 2325 2681 subtiliter
2369 2626 2809 2694 introducat;de
2860 2626 3003 2683 licito
3051 2627 3347 2683 calumnias
3387 2625 3551 2696 facit,
3599 2636 3663 2685 ut

2061 2717 2303 2774 obtinere
2353 2719 2596 2774 illicitum
2647 2720 2837 2792 possit.
2888 2719 3119 2790 PrOpter
3188 2718 3334 2792 quod
3384 2719 3664 2791 apostolus

2063 2809 2258 2865 Paulus
2281 2810 2469 2866 hatresi
2499 2810 2623 2866 huic
2644 2822 2768 2867 ante
2798 2811 3096 2880 praescribit
3121 2852 3135 2877 ,
3170 2810 3360 2867 dicens
3384 2827 3399 2864 :
3421 2810 3664 2867 Verum-

2065 2912 2240 2959 tamen
2266 2919 2435 2974 neque
2459 2903 2650 2958 mulier
2673 2904 2790 2958 sine
2814 2904 2927 2957 viro
2944 2945 2958 2969 ,
2983 2918 3158 2973 neque
3182 2904 3261 2956 vir
3290 2903 3408 2957 sine
3437 2903 3665 2958 muliere

2065 2997 2116 3052 in
2154 2998 2397 3052 Domino.
2454 2994 2610 3051 Absit
2640 3037 2655 3061 ,
2686 2995 2860 3059 absit,
2893 3001 2953 3049 ut
3002 2995 3200 3064 ubique
3266 2993 3480 3049 feminae
3524 3010 3665 3065 pra:-

2065 3088 2405 3154 scribantur,
2448 3097 2539 3142 aut
2565 3086 2761 3156 ubique
2807 3084 3089 3155 permissio
3128 3083 3409 3140 tribuatur.
3456 3083 3669 3142 Habent

355 3178 465 3249 jam
491 3178 811 3249 justilicatus
839 3192 957 3232 sum
979 3219 994 3243 ,
1024 3187 1114 3232 aut
1134 3178 1244 3248 jam
1277 3176 1545 3246 perfectus
1571 3192 1688 3232 sum
1716 3196 1729 3232 :
1760 3191 1958 3249 sequor
1983 3189 2030 3255 ρ
2062 3182 2175 3237 loca
2203 3197 2298 3237 sua
2325 3181 2465 3236 circa
2516 3180 2764 3234 maritum
2792 3220 2806 3244 ,
2832 3178 2975 3233 circa
3022 3177 3161 3232 filios
3184 3219 3197 3241 ,
3232 3176 3375 3231 circa
3422 3176 3616 3233 fratres
3640 3219 3658 3246 ,

359 3282 537 3329 autem
568 3272 614 3327 si
647 3272 915 3343 quomodo
941 3269 1393 3341 comprehendam
1420 3311 1436 3337 ,
1486 3269 1541 3324 in
1580 3284 1687 3340 quo
1716 3278 1771 3325 et
1795 3284 1946 3325 com-

360 3368 656 3438 prehensus
683 3382 803 3422 sum
855 3381 887 3420 a
937 3365 1174 3421 Christo.
1226 3362 1448 3419 Fratres
1488 3378 1590 3435 ego
1627 3380 1712 3419 me
1740 3379 1846 3419 non
1872 3380 1962 3420 ar-

360 3463 528 3518 bitror
545 3459 1058 3531 comprehendisse:
1082 3473 1245 3513 unum
1271 3466 1481 3524 tamen,
1518 3457 1815 3527 posteriora
1844 3457 1963 3528 qui-

368 3555 493 3611 dem
535 3554 857 3609 obliviscens
884 3592 900 3620 ,
946 3553 1013 3608 ad
1053 3567 1115 3609 ea
1145 3566 1265 3623 qua:
1308 3560 1430 3606 sunt
1479 3558 1604 3605 ante
1644 3550 1807 3620 pedes
1832 3592 1847 3617 ,
1894 3548 1964 3605 ad

370 3649 609 3721 regulam
635 3662 833 3718 sequor
861 3689 876 3714 ,
913 3648 980 3702 ad
1010 3647 1238 3717 palmam
1262 3658 1509 3717 supernae
1533 3644 1830 3699 vocationis
1852 3643 1962 3698 Do-

363 3745 492 3800 mini
546 3744 718 3799 nostri
767 3742 896 3798 Jesu
931 3741 1151 3797 Christi;
1196 3741 1533 3811 Quicumque
1561 3754 1692 3810 ergo
1729 3736 1963 3809 perfecti

363 3852 546 3892 sumus
565 3880 580 3903 ,
606 3836 709 3891 hoc
731 3836 1047 3891 sentiamus.
1069 3834 1196 3889 Mihi
1218 3876 1232 3902 ,
1257 3833 1458 3902 inquit.
1487 3847 1584 3903 pro
1608 3833 1831 3887 minimo
1851 3839 1955 3898 est,

367 3938 426 3984 ut
476 3944 505 3984 a
548 3928 703 3983 vobis
726 3927 935 3997 judicer
967 3970 980 3992 ,
1028 3934 1119 3982 aut
1147 3925 1214 3981 ab
1241 3925 1478 3981 humano
1506 3925 1591 3980 die
1619 3940 1634 3980 :
1666 3924 1761 3980 sed
1789 3936 1966 3994 neque

366 4024 625 4093 meipsum
644 4021 854 4093 judico,
887 4022 978 4092 qui
1006 4032 1182 4077 autem
1207 4020 1410 4090 judicat
1430 4035 1517 4075 me
1538 4061 1552 4085 ,
1574 4020 1837 4074 Dominus
1856 4026 1958 4073 est.

369 4115 433 4171 Et
461 4116 566 4171 alio
591 4116 711 4171 loco
743 4134 755 4171 :
784 4115 982 4171 Beatus
1002 4158 1016 4179 ,
1050 4114 1223 4186 inquit
1251 4157 1266 4181 ,
1291 4116 1380 4185 qui
1406 4129 1515 4169 non
1540 4110 1744 4183 judicat
1767 4124 1965 4169 semet-

368 4208 539 4277 ipsum
566 4251 580 4275 ,
632 4208 684 4262 in
714 4223 819 4278 quo
848 4207 1037 4278 prohat
1072 4208 1258 4264 alium.
1292 4207 1548 4276 Quamvis
1578 4220 1706 4278 ergo
1736 4220 1834 4261 nos
1863 4220 1963 4262 nec

368 4300 436 4356 de
462 4308 641 4355 nostra
685 4300 972 4356 stabilitate
1018 4309 1224 4356 certum
1264 4299 1465 4371 aliquid
1493 4298 1784 4354 habeamus
1812 4340 1828 4366 ,
1874 4299 1961 4371 qui

342 4378 345 4383 ’
375 4394 494 4450 sine
519 4395 821 4449 cessatione
840 4394 1175 4449 concutimur
1193 4436 1207 4461 ,
1242 4394 1381 4449 inter
1409 4392 1601 4448 fluctus
1628 4393 1809 4447 szeculi
1845 4408 1966 4447 sus-

369 4491 600 4546 tinentes
649 4488 977 4560 procellosus
1018 4488 1263 4544 incursus
1294 4504 1309 4553 ;
1352 4495 1530 4543 tamen
1558 4487 1601 4542 si
1632 4486 1789 4541 alicui
1819 4494 1962 4542 tanta

2065 3278 2207 3333 circa
2232 3289 2503 3348 parentes,
2525 3276 2665 3332 circa
2687 3288 2894 3340 servos;
2914 3281 2969 3329 et
2989 3272 3043 3329 in
3073 3274 3234 3329 domo
3264 3273 3526 3329 orationis
3549 3283 3670 3330 tan-

2066 3368 2342 3425 tummodo
2365 3369 2515 3440 juxta
2545 3377 2769 3423 cunctos
2795 3366 3043 3422 clericos.
3072 3364 3131 3420 ιιι
3162 3366 3443 3421 mansione
3479 3375 3663 3422 autem

2065 3477 2169 3517 una
2193 3505 2207 3529 ,
2234 3461 2349 3517 sine
2369 3459 2688 3532 cognatione
2712 3467 3082 3528 competenter
3103 3471 3210 3512 non
3232 3456 3437 3512 habent
3459 3457 3663 3512 socios.

2068 3554 2194 3612 "(BC
2222 3564 2306 3612 est
2335 3554 2504 3611 libera
2528 3568 2647 3625 qua:
2668 3561 2793 3608 stat.
2840 3549 2995 3609 Stare
3034 3566 3161 3605 vero
3192 3565 3299 3605 non
3324 3559 3500 3620 potest
3518 3550 3667 3621 quic-

2066 3648 2193 3720 quid
2247 3646 2586 3703 inclinaverit
2642 3645 2849 3711 libera,
2898 3645 3111 3699 dicente
3160 3642 3484 3713 Scriptura:
3544 3641 3664 3698 Non

2067 3740 2360 3798 declinabis
2394 3740 2447 3794 in
2484 3740 2767 3805 dextram,
2813 3752 2987 3807 neque
3028 3736 3078 3790 in
3119 3735 3411 3790 sinistram.
3450 3732 3521 3788 Et
3558 3734 3667 3789 00-

2068 3834 2245 3890 minus
2268 3831 2323 3886 in
2352 3830 2644 3903 Evangelio
2671 3846 2686 3884 :
2719 3829 2873 3898 Quod
2901 3826 3132 3895 amplius
3159 3836 3242 3882 est
3270 3869 3285 3895 ,
3328 3841 3357 3880 a
3388 3826 3532 3881 malo
3556 3835 3662 3882 est.

2071 3925 2226 3980 Disce
2258 3937 2400 3979 nunc
2427 3923 2795 3993 temperantiae
2823 3919 3040 3976 modum
3065 3959 3083 3987 ,
3130 3918 3223 3989 qui
3265 3932 3362 3989 per
3391 3917 3666 3975 licentiam

2066 4017 2262 4087 qureris
2288 4001 2593 4072 excessum.
2626 4015 2758 4069 Ama
2784 4013 3010 4069 feminas
3034 4012 3173 4066 inter
3191 4027 3343 4066 saera
3374 4011 3663 4080 solemnia,

2066 4117 2121 4165 et
2144 4108 2270 4165 odio
2287 4109 2423 4165 habe
2444 4109 2497 4163 in
2516 4106 2894 4163 communione
2919 4104 3161 4176 privata;
3187 4104 3234 4159 si
3254 4104 3339 4159 vis
3356 4101 3665 4160 Salomonis
3693 4124 3703 4133 ’

2069 4212 2251 4259 tenere
2299 4201 2644 4259 doctrinam:
2695 4201 2937 4271 Tempus
2967 4242 2983 4267 ,
3036 4199 3250 4270 inquit,
3302 4200 3552 4267 amandi,
3608 4210 3667 4258 et

2068 4305 2277 4367 tempus
2308 4295 2546 4351 odiendi.

2137 4387 2287 4444 Tunc
2302 4403 2430 4460 ergo
2444 4385 2680 4443 cavenda
2702 4393 2827 4441 sunt
2853 4382 3065 4440 feminm
3109 4381 3385 4452 participia
3404 4424 3418 4449 ,
3446 4381 3665 4452 quando

2064 4482 2266 4552 geritur
2291 4482 2587 4538 carnalium
2614 4492 2862 4534 curarum
2898 4475 3149 4532 continua
3177 4475 3501 4530 unanimiter
3547 4474 3660 4532 fre-

371 4582 561 4638 fiducia
580 4591 662 4637 est
689 4581 758 4636 de
784 4579 1156 4636 immobilitate
1183 4581 1411 4650 propria:
1438 4578 1737 4644 ﬁrmitatis;
1769 4576 1962 4633 saltem
1986 4591 2039 4651 υ
2065 4579 2279 4646 quentia
2311 4594 2323 4630 :
2354 4575 2603 4647 quoniam
2632 4573 2771 4628 inter
2799 4585 2956 4628 curas
2978 4583 3103 4624 suas
3127 4582 3253 4623 caro
3285 4582 3500 4638 semper
3530 4570 3665 4624 inci-

370 4674 630 4731 sollicitus
655 4670 1003 4739 reformidet,
1034 4688 1103 4728 ne
1142 4675 1259 4742 ipse
1292 4672 1373 4728 sit
1416 4671 1729 4728 scandalum
1759 4670 1966 4727 visibus

365 4766 553 4822 alienis
582 4808 595 4831 ,
639 4764 733 4821 scd
773 4773 1039 4821 terreatur
1085 4778 1216 4820 voce
1267 4764 1476 4820 Domini
1535 4762 1959 4819 comminantis:

368 4860 462 4916 νει·
488 4902 504 4929 ,
534 4860 737 4931 inquit,
769 4860 893 4913 huic
914 4857 1115 4913 mundo
1145 4859 1212 4913 ab
1240 4856 1551 4912 scandulis:
1593 4863 1964 4911 verumtamen

371 4970 451 5010 va:
482 4954 685 5009 homini
714 4952 791 5008 illi
814 4966 912 5023 per
932 4966 1091 5023 quem
1122 4951 1431 5007 scandalum
1462 4950 1625 5006 venit.
1655 4948 1713 5005 Si
1738 4947 1836 5004 has
1864 4948 1967 5004 Do—

369 5048 498 5105 mini
527 5047 974 5104 comminationes
1002 5045 1256 5117 religioso
1281 5044 1444 5101 corde
1466 5045 1754 5100 metuimus
1784 5052 1838 5098 et
1876 5056 1966 5097 ve-

369 5156 556 5198 remur
586 5183 601 5209 ,
653 5141 773 5211 plus
799 5140 869 5196 de
897 5140 1018 5195 aliis
1052 5154 1216 5212 quam
1264 5138 1332 5195 de
1371 5138 1525 5194 nobis
1554 5138 1968 5193 extimescamus

369 5224 665 5305 peri'culum
685 5242 925 5289 nostrum
957 5273 974 5299 ,
996 5233 1085 5303 qui
1114 5231 1313 5288 mutuis
1339 5233 1358 5302 (
1387 5230 1455 5286 ab
1493 5230 1738 5301 apostolo
1759 5227 1967 5299 Paulo)

369 5326 689 5384 utilitatibus
717 5326 1058 5398 obligamur:
1095 5323 1211 5381 Non
1250 5339 1369 5397 quae
1404 5338 1501 5380 sua
1530 5332 1655 5381 sunt
1686 5363 1701 5391 ,
1751 5321 1963 5393 inquit,
2006 5368 2009 5371 .

2069 4678 2298 4725 tamenta
2348 4668 2612 4742 cupidinis
2656 4673 2956 4738 provocat;
3001 4672 3053 4719 et
3082 4663 3189 4718 illic
3243 4665 3379 4733 parit
3425 4663 3665 4719 fomenta

2071 4764 2323 4835 peccandi
2350 4804 2364 4828 ,
2414 4764 2500 4819 ubi
2544 4771 2875 4834 pertractans
2923 4760 3204 4819 commoda
3226 4775 3321 4815 sua
3354 4761 3665 4831 temporalis

2069 4857 2191 4910 vita:
2218 4857 2630 4927 cogitationibus
2658 4856 2888 4910 senserit
2918 4853 3188 4926 paululum
3217 4853 3445 4908 relaxari
3480 4868 3493 4919 ;
3525 4852 3665 4908 sicut

2067 4948 2322 5005 Salomon
2348 4948 2575 5015 asserit,
2611 4950 2793 5005 dicens
2823 4966 2836 5003 :
2873 4948 3129 5019 Deprimit
3157 4955 3368 5002 terrena
3406 4946 3663 5017 eugitatio

2070 5056 2285 5096 sensum
2322 5043 2485 5097 multa
2524 5043 2866 5114 cogitantem.
2922 5042 2978 5097 ιιι
3007 5048 3273 5096 conventu
3321 5055 3449 5095 vero
3477 5053 3661 5095 sacro-

2069 5150 2186 5190 rum
2210 5175 2227 5203 ,
2259 5135 2347 5190 ubi
2370 5133 2588 5205 spiritus
2613 5135 2916 5190 dominatur
2940 5176 2954 5199 ,
2985 5132 3176 5189 ancilla
3203 5133 3547 5202 semetipsum
3569 5145 3663 5187 co-

2067 5242 2329 5298 gnoscens
2355 5228 2529 5297 perdit
2546 5243 2657 5283 suae
2679 5227 2968 5297 voluptatis
2990 5241 3175 5290 usum;
3201 5224 3374 5295 perdit
3394 5236 3448 5280 et
3469 5225 3659 5280 luxum

2068 5320 2194 5376 dum
2246 5328 2541 5376 tractantur
2585 5320 2865 5388 cmlestia,
2913 5319 3040 5375 dum
3093 5317 3665 5389 celebranturisancta

1697 5456 1876 5515 EDIT.
1892 5455 2096 5516 OXO'N.
2110 5455 2344 5515 NOTAE.

370 5584 424 5636 in
452 5583 561 5636 risu
590 5598 605 5648 ;
634 5594 734 5652 pro
758 5594 865 5649 quo
891 5576 1147 5634 Erasmus
1175 5574 1374 5632 rectius
1395 5573 1450 5630 in
1476 5574 1673 5630 risum:
1702 5572 1801 5630 sed
1832 5568 1962 5628 illud

373 5653 536 5708 habet
564 5662 671 5707 vet.
699 5665 819 5707 exc.
850 5652 1070 5705 Ῥειιιει..

446 5722 624 5793 Neque
651 5722 935 5779 ostendere.
953 5719 1070 5778 Non
1096 5728 1178 5776 est
1205 5719 1346 5777 istud
1372 5716 1532 5777 hodie
1548 5717 1690 5790 apud
1727 5717 1962 5789 Aposto-

374 5780 509 5856 ιιῖιιι.
542 5780 753 5853 Panas.

2139 5571 2214 5644 Ab
2258 5569 2491 5644 apostolo
2547 5568 2736 5644 Paulo.
2796 5567 3053 5644 Erasmus
3100 5578 3310 5644 testante
3365 5568 3651 5644 Apostolo,

2067 5652 2122 5697 at
2149 5643 2277 5697 illud
2293 5641 2503 5696 arridet
2525 5682 2542 5707 ,
2570 5642 2694 5711 quia
2724 5649 2807 5696 est
2832 5642 2885 5696 iu
2912 5651 3019 5697 vet.
3047 5641 3167 5698 cod.
3202 5641 3410 5701 Ρλιιει..

2141 5712 2213 5788 1η
2235 5723 2616 5788 οοῃρειιιιιλυενο
2639 5712 2920 5788 sacrorum
2939 5755 2963 5788 _,
2986 5720 3099 5788 e_t_c._
3118 5711 3351 5771 Pulcher
3380 5715 3529 5788 locus
3558 5729 3658 5788 pro

2069 5784 2251 5843 Sacris
2298 5784 2585 5855 Ecclesiae;
2614 5785 2815 5858 quippe
2860 5784 2954 5843 ubi
2999 5783 3133 5843 dicit
3159 5788 3381 5844 tractari
3401 5783 3671 5862 coelestia,
