4214 6266
591 284 700 341 847

2165 283 2372 342 LIBER

3850 289 3966 346 8-18

589 401 845 473 mysteria
877 417 893 466 ;
943 407 1050 457 tota
1095 398 1400 454 humanitas
1441 404 1734 469 occupatur
1758 437 1774 465 ,
1807 397 1896 453 ubi
1945 411 2051 452 non
2100 397 2201 451 hu-
2227 403 2278 464 Λ
2301 400 2510 468 justitia
2542 414 2647 456 non
2683 409 2860 472 potest
2888 413 3010 458 esse
3039 402 3182 473 quod
3213 402 3454 471 mandat.
3485 405 3574 477 qui
3607 411 3842 477 potens
3875 415 3964 461 est

591 510 750 549 mana
778 540 792 560 ,
846 492 940 548 sed
991 491 1166 546 divina
1214 499 1338 545 sunt
1385 493 1607 545 omnia:
1641 490 1731 546 ubi
1777 492 2056 546 veneratio
2110 491 2195 545 vel

591 597 797 644 tremor
825 594 879 640 et
929 593 1102 640 terror
1145 584 1438 650 incutitur;
1473 585 1668 640 animis
1692 585 1960 638 universis
1989 583 2196 654 sepulta

590 690 674 736 est
703 676 936 748 perfecta
955 676 1255 732 substantia
1277 677 1527 734 carnalis.
1576 678 1720 734 Inter
1739 679 1851 748 ipsa
1875 677 1988 734 fere
2013 679 2197 734 carnis

590 769 939 825 mercimonia
989 769 1142 824 multi
1191 770 1520 841 voluptatem
1581 772 1829 841 corporis
1880 771 2191 842 negligunt,

590 863 800 917 scilicet
825 861 1039 932 quando
1065 877 1095 917 a
1119 863 1418 932 legionibus
1454 863 1710 920 exercitia
1753 863 2084 919 meditantur
2110 879 2200 919 ar-

595 971 850 1022 morum,
903 964 998 1010 aut
1048 966 1234 1026 crepat
1286 957 1468 1012 litibus
1519 957 1738 1024 forum,
1785 968 1875 1010 aut
1940 965 2199 1012 resonant

589 1051 790 1106 litteris
834 1049 1100 1106 auditoria
1124 1095 1138 1117 ,
1197 1061 1288 1105 aut
1323 1051 1684 1122 negotiatores
1713 1051 2052 1106 commerciis
2089 1051 2200 1106 ius-

589 1153 768 1198 tanter
797 1143 1153 1208 incumbunt,
1204 1152 1296 1198 aut
1325 1143 1560 1200 artiﬁces
1588 1143 1641 1197 in
1673 1143 1899 1198 artiﬁcia
1931 1144 2044 1213 ipsa
2076 1157 2200 1213 pro-

590 1235 745 1308 pensi
773 1244 902 1289 sunt
930 1253 943 1290 :
973 1245 1174 1304 quanto
1205 1235 1375 1305 magis
1418 1234 1506 1289 ubi
1555 1249 1660 1287 non
1687 1234 1905 1290 carnale
1934 1250 2069 1302 Opus
2101 1233 2201 1288 ho—

592 1329 803 1382 minum
833 1343 848 1390 ;
877 1319 1244 1396 sed'spiritale
1268 1325 1476 1395 geritur
1499 1325 1828 1395 Angelorum
1860 1323 1883 1376 ?
1914 1323 2058 1378 Nihil
2089 1322 2203 1378 illic

599 1419 1030 1489 impugnationes
1059 1425 1316 1488 possunt,
1347 1415 1434 1469 ubi
1461 1427 1514 1470 et
1537 1415 1637 1484 ipsi
1663 1414 1938 1470 daemones
1967 1414 2199 1480 cedunt;

598 1521 655 1567 et
688 1511 831 1566 nulla
865 1524 1025 1565 sexus
1070 1509 1300 1579 alicujus
1345 1507 1667 1577 permittitur
1713 1507 2040 1562 considerari
2092 1506 2202 1559 dis-

588 1604 755 1658 tantia
780 1646 796 1669 ,
827 1603 919 1656 ubi
950 1616 1048 1656 nec
1086 1610 1256 1668 tetas,
1310 1615 1412 1654 nec
1437 1598 1704 1670 dignitas,
1757 1598 1849 1652 sed
1879 1597 1991 1652 sola
2023 1612 2202 1667 aequa-

589 1697 716 1747 litas
755 1703 945 1760 regnat
977 1712 990 1743 :
1046 1703 1206 1760 atque
1259 1702 1318 1746 ut
1369 1693 1578 1761 plenius
1606 1692 1780 1745 dicam
1808 1730 1822 1754 ,
1856 1705 2044 1746 omnes
2096 1691 2202 1744 illic

2303 492 2620 563 injustitiam
2647 493 2990 563 justiﬁcando
3021 510 3217 551 vocare
3242 496 3526 566 justitiam,
3555 509 3618 552 et
3649 495 3952 567 justitiam

2301 585 2647 654 reprobando
2685 586 3003 657 injustitiam
3045 587 3275 657 probare
3305 598 3692 642 transversam
3720 632 3738 653 ,
3795 587 3960 657 cujus

2301 677 2551 730 voluntas
2596 687 2682 732 est
2727 677 2842 731 sola
2886 689 2941 732 et
2987 693 3110 733 vera
3152 677 3383 749 justitia.
3432 678 3488 734 Si
3536 679 3709 734 enim
3774 688 3954 735 totum

2301 769 2440 839 quod
2468 771 2743 840 gerimus,
2777 770 2846 824 ad
2877 769 2979 824 hoc
3007 759 3380 826 tantummodo
3405 770 3663 842 gerimus
3685 815 3704 837 ,
3748 781 3814 824 ut
3850 771 3956 826 Do-

2303 864 2450 919 mino
2495 865 2842 935 placeamus;
2895 864 3138 936 profecto
3187 865 3290 920 hoc
3333 865 3507 919 solum
3555 867 3684 920 erit
3733 863 3951 935 justum

2303 958 2553 1029 quicquid
2582 958 2830 1026 voluerit,
2865 967 2920 1014 et
2945 958 3190 1029 jusserit,
3222 968 3277 1014 et
3309 959 3629 1029 probaverit
3672 959 3838 1015 Deus
3865 963 3952 1018 cui

2302 1051 2515 1122 placere
2547 1053 2828 1123 gestimus.
2875 1052 3008 1107 Nam
3033 1068 3156 1108 cum
3185 1053 3328 1108 servi
3362 1068 3466 1108 non
3509 1054 3753 1124 possint
3783 1068 3818 1108 a
3866 1069 3951 1110 sc-

2305 1144 2556 1212 metipsis
2580 1144 2720 1199 scire
2751 1143 2881 1214 quid
2919 1145 3033 1198 suis
3063 1144 3296 1200 dominis
3334 1144 3565 1214 placeat,
3604 1145 3730 1200 nisi
3769 1146 3950 1201 domi-

2310 1250 2504 1290 norum
2546 1247 2840 1307 sequantur
2869 1237 3129 1307 imperia;
3161 1245 3215 1292 et
3241 1237 3426 1307 utique
3453 1237 3731 1292 homines
3763 1237 3948 1294 homi-

2305 1343 2435 1382 num
2466 1328 2722 1383 similium
2752 1328 2852 1383 sibi
2881 1343 2988 1383 non
3011 1328 3227 1384 valeant
3247 1329 3550 1385 voluntates
3581 1343 3936 1399 agnoscere,

2305 1421 2408 1475 nisi
2439 1420 2746 1490 acceperint
2773 1420 2916 1491 quod
2945 1421 3233 1476 observent
3261 1439 3274 1475 :
3306 1421 3478 1476 multo
3507 1422 3700 1492 magis
3727 1433 3944 1476 morta-

2307 1513 2388 1568 les
2409 1514 2658 1569 nesciunt
2680 1513 3004 1568 immortalis
3028 1513 3119 1568 Dei
3139 1512 3402 1583 justitiam
3424 1513 3937 1582 comprehendere,

2313 1605 2416 1660 nisi
2446 1606 2560 1675 ipse
2588 1606 2912 1676 justitiarum
2941 1621 3160 1662 suarum
3192 1604 3442 1676 dignetur
3468 1605 3682 1661 indicia
3707 1606 3942 1662 demon-

2307 1709 2514 1767 strare,
2549 1703 2687 1754 sicut
2725 1701 2978 1756 Salomon
3009 1694 3303 1770 approbat,
3336 1700 3522 1756 dicens
3555 1719 3568 1755 :
3605 1701 3761 1768 Quis
3791 1702 3936 1757 enim

591 1784 734 1838 tales
764 1797 958 1838 sensus
991 1781 1262 1850 aCCiPillnl
1293 1797 1309 1846 ;
1351 1790 1413 1835 ut
1440 1791 1493 1835 ει
1524 1782 1632 1850 ipsa
1662 1781 2016 1850 coniugalilas
2046 1781 2194 1850 isno'
2231 1795 2279 1854 Β
2307 1791 2583 1847 hominum
2607 1792 2804 1862 poterit
2831 1792 2977 1848 scire
3005 1792 3293 1848 consilium
3325 1792 3465 1848 Dei?
3491 1801 3584 1846 aut
3615 1795 3753 1864 quis
3783 1802 3940 1864 pote-

590 1884 742 1930 retur
774 1918 788 1941 ,
819 1873 912 1928 ubi
941 1873 1184 1928 Christus
1233 1872 1466 1942 loquitur
1489 1914 1505 1940 ,
1551 1873 1765 1926 auditur
1789 1913 1805 1937 ,
1848 1873 2143 1928 attenditur
2172 1916 2187 1940 ,

591 1976 645 2023 et
672 1982 768 2038 per
789 1965 968 2020 omnia
989 1973 1044 2020 et
1073 1965 1124 2018 in
1151 1964 1402 2018 omnibus
1428 1963 1576 2018 solus
1604 1973 1688 2018 est
1718 1973 1888 2018 totum
1917 2008 1930 2030 ,
1966 1974 2197 2020 testante

594 2059 856 2129 Apostolo
886 2066 941 2112 et
965 2057 1180 2112 dicente
1207 2073 1220 2109 :
1252 2055 1354 2112 Ubi
1385 2071 1489 2111 non
1513 2065 1635 2123 est,
1668 2056 1872 2127 inquit,
1895 2057 2113 2114 Iudaeus
2139 2067 2196 2115 et

599 2154 820 2213 Graecus
856 2197 871 2220 ,
923 2151 1262 2207 circumcisio
1308 2161 1362 2205 et
1417 2150 1734 2221 praeputium
1768 2191 1784 2217 ,
1835 2151 2101 2208 Barbarus
2144 2163 2200 2209 et

601 2246 805 2318 Scytha
826 2287 842 2312 ,
877 2246 1147 2301 masculus
1190 2253 1246 2300 et
1290 2243 1486 2300 femina
1512 2283 1527 2308 ,
1578 2259 1767 2299 servus
1795 2255 1850 2300 et
1876 2245 2012 2301 liber
2040 2291 2053 2312 ,
2101 2247 2198 2302 sed

606 2339 788 2396 omnia
806 2347 862 2394 et
891 2339 942 2392 in
963 2338 1216 2393 omnibus
1234 2335 1503 2392 Christus.
1523 2335 1676 2392 Hunc
1697 2337 1855 2406 plane
1875 2345 2198 2394 conventum

593 2431 765 2502 gloria
814 2438 898 2484 est
935 2429 1210 2485 celebrare
1252 2443 1374 2484 cum
1403 2426 1618 2482 feminis
1647 2468 1663 2496 ,
1710 2428 1764 2484 in
1802 2443 1909 2500 quo
1945 2429 2088 2484 nulla
2115 2439 2200 2486 est

592 2522 850 2578 discretio
893 2521 1164 2591 qualitatis
1195 2559 1212 2585 ,
1241 2519 1332 2574 ubi
1365 2527 1570 2573 tantum
1599 2518 1726 2575 licet
1763 2534 1952 2574 omnes
1979 2536 2198 2592 aequare

591 2617 714 2671 sine
757 2615 938 2684 aliqua
985 2613 1328 2668 differentia:
1362 2621 1418 2667 ιιι
1469 2627 1572 2668 nec
1627 2614 1682 2667 in
1727 2613 1844 2685 ipso
1870 2613 2197 2684 Baptismate

592 2706 910 2776 cujusquam
937 2704 1151 2759 uuditas
1180 2703 1464 2759 erubescat
1493 2742 1511 2770 ,
1537 2704 1626 2760 ubi
1644 2703 1776 2760 Adae
1801 2715 1853 2762 et
1883 2707 2008 2762 Eva:
2037 2722 2197 2763 reno-

597 2809 757 2856 vatur
807 2796 1076 2855 infantia:
1130 2810 1231 2852 nec
1287 2797 1545 2867 exponit,
1612 2797 1709 2854 sed
1756 2799 1934 2870 potius
2001 2800 2197 2871 accipit

591 2892 851 2948 tunicam.

659 2984 814 3053 Quod
859 2983 906 3039 si
934 2992 990 3039 et
1018 2983 1129 3041 illic
1156 2983 1227 3039 sit
1252 2983 1445 3054 aliquis
1473 2984 1690 3061 diabolo
1742 2984 1893 3058 pejor
1919 3031 1934 3055 ,
1983 2989 2075 3060 qui
2114 2991 2194 3045 le-

586 3079 858 3134 minarum
902 3077 1210 3146 aspectibus
1264 3077 1484 3133 feriatur
1510 3119 1528 3145 ,
1576 3077 1645 3133 de
1688 3078 1832 3134 nullo
1862 3089 2036 3136 tamen
2064 3096 2194 3138 eon-

2303 1883 2373 1937 rit
2398 1882 2638 1953 cogitare
2667 1883 2794 1954 quid
2825 1884 2952 1938 velit
2981 1883 3163 1939 Deus?
3193 1881 3560 1954 Cogitationes
3583 1885 3748 1940 enim
3785 1900 3929 1941 mor-

2306 1975 2492 2029 talium
2524 1975 2744 2043 timidtn,
2790 1984 2845 2032 et
2877 1976 3095 2031 incertae
3125 1976 3479 2046 providentiae
3506 1987 3745 2032 nostrzc.
3792 1975 3924 2032 Cora

2305 2083 2404 2137 pus
2445 2069 2588 2123 enim
2631 2069 2773 2139 quod
2817 2070 3212 2139 corrumpitur,
3263 2079 3519 2140 aggravat
3542 2072 3795 2126 animum
3825 2089 3840 2124 :
3871 2080 3924 2128 et

2302 2159 2558 2230 deprimit
2594 2170 2807 2218 terrena
2841 2161 3161 2217 iuhabitatio
3203 2176 3421 2217 sensum
3453 2163 3625 2218 multa
3667 2164 3916 2236 cogitan-

2303 2264 2432 2310 tem.
2466 2254 2698 2312 Difﬁcile
2733 2257 3065 2311 :estimamus
3091 2271 3212 2327 qua:
3243 2257 3295 2311 in
3335 2264 3477 2312 terra
3513 2266 3667 2322 sunt,
3708 2267 3765 2312 et
3794 2271 3912 2327 qua:

2307 2347 2359 2402 in
2387 2357 2676 2419 prospectu
2699 2359 2826 2405 sunt
2849 2350 3150 2406 invenimus
3175 2366 3296 2405 cu-m
3325 2350 3513 2406 labore
3543 2369 3554 2404 :
3581 2368 3707 2423 qua:
3732 2353 3784 2405 in
3808 2365 3916 2407 cu:-

2301 2438 2369 2494 lis
2418 2449 2597 2496 autem
2645 2451 2810 2509 sunt,
2855 2438 2978 2513 qtﬁs
3022 2443 3397 2513 investigahit?
3447 2443 3682 2500 Sensum
3734 2454 3904 2500 autem

2303 2542 2452 2587 tuum
2481 2535 2602 2604 quis
2630 2536 2754 2602 scit,
2785 2536 2885 2590 nisi
2916 2546 2970 2591 tu
3001 2536 3214 2592 dederis
3251 2537 3302 2592 ei
3331 2539 3689 2608 sapientiam,
3729 2548 3787 2594 et
3812 2539 3907 2593 mi-

2299 2626 2435 2680 seris
2463 2625 2720 2696 Spiritum
2748 2637 2992 2683 sanctum
3019 2628 3087 2684 de
3107 2629 3430 2685 altissimis?
3461 2632 3525 2686 Et
3553 2632 3601 2686 si
3631 2642 3893 2688 correctae

2299 2727 2425 2772 sunt
2463 2719 2669 2774 semitae
2707 2735 2897 2775 eorum
2936 2722 3026 2792 qui
3061 2722 3114 2776 in
3157 2731 3300 2778 terra
3348 2734 3506 2787 sunt,
3552 2733 3605 2779 et
3646 2740 3767 2795 qua:
3798 2721 3891 2777 tibi

2307 2811 2524 2882 placent
2577 2811 2858 2869 didicerint
2902 2815 3175 2884 homines,
3212 2827 3266 2871 et
3314 2833 3408 2888 per
3453 2819 3757 2888 sapientiam
3801 2831 3889 2871 sa-

2297 2906 2406 2960 nati
2430 2914 2556 2960 sunt
2582 2924 2598 2962 :
2629 2907 2972 2962 ambulantes
2997 2909 3050 2964 in
3081 2910 3320 2965 tenebris
3345 2911 3682 2980 sibimetipsis
3704 2909 3884 2963 lumen

2297 3011 2404 3052 non
2442 3007 2670 3067 possunt
2699 2999 3010 3068 ostendere,
3044 3000 3148 3056 nisi
3179 3001 3490 3058 ultroneum
3521 3005 3745 3074 seipsum
3777 3016 3884 3057 non

2297 3091 2605 3148 videntibus
2651 3091 2844 3148 offerat
2897 3093 3098 3148 lmnen.
3151 3093 3228 3149 Ita
3282 3095 3516 3150 humana
3565 3097 3774 3153 caecitas
3824 3093 3889 3149 ad

586 3175 826 3244 gregatio
857 3181 1035 3225 vestra
1056 3171 1300 3238 culpatur
1322 3212 1338 3234 ,
1368 3187 1487 3241 qua:
1527 3183 1748 3241 propter
1772 3174 2010 3230 coelestia
2040 3216 2056 3241 ,
2087 3193 2191 3231 non
2220 3188 2265 3250 C
2301 3183 2468 3237 Deum
2498 3198 2604 3240 non
2642 3185 2827 3256 dirigit
2856 3186 3018 3252 viam,
3049 3187 3152 3241 nisi
3181 3189 3298 3257 ipse
3334 3189 3604 3244 lucernam
3643 3189 3774 3260 legis
3801 3201 3888 3243 os-

590 3276 815 3335 propter
849 3273 1060 3318 terrena
1091 3263 1376 3333 colligitur.
1418 3263 1805 3321 Verumtamen
1851 3269 1895 3321 si
1923 3268 2042 3337 quis
2081 3270 2194 3326 illic

583 3356 885 3411 luxuriosis
947 3354 1218 3408 obtutibus
1274 3354 1474 3418 fuerit,
1535 3356 1681 3410 nullo
1731 3357 1892 3412 modo
1963 3361 2191 3416 aiterum

587 3446 739 3504 laedit
759 3488 774 3512 ,
805 3446 898 3516 qui
937 3460 1044 3498 non
1097 3444 1163 3498 ad
1196 3446 1465 3500 hominem
1489 3486 1506 3511 ,
1563 3446 1659 3502 sed
1688 3447 1756 3502 ad
1792 3447 2062 3505 Christum
2094 3468 2192 3522 pro

585 3541 759 3596 salute
785 3537 1072 3607 processit.
1103 3537 1406 3604 Quinetiam
1434 3538 1503 3594 de
1530 3539 1643 3594 suis
1668 3541 2190 3602 contradictionibus

581 3631 1008 3690 contradictores
1060 3629 1381 3698 excludam,
1431 3640 1490 3686 ut
1543 3646 1652 3688 non
1698 3633 1830 3689 meis
1861 3675 1877 3701 ,
1931 3635 2025 3690 sed
2075 3637 2188 3692 suis

583 3725 1043 3798 propositionibus
1083 3723 1298 3779 cedant.
1361 3725 1418 3781 Si
1453 3725 1597 3782 inter
1622 3726 1756 3782 festa
1802 3737 1984 3782 sancta
2013 3739 2189 3800 poteSt

587 3822 892 3879 communis
917 3821 1205 3875 conventio
1232 3818 1580 3874 seandalizari
1606 3864 1620 3887 ,
1655 3819 1745 3875 ubi
1793 3829 2026 3876 tentator
2071 3823 2186 3893 ipse

588 3917 837 3972 diabolus
878 3913 1141 3979 tremuit;
1189 3915 1310 3983 quis
1358 3913 1471 3969 illic
1510 3915 1757 3970 stabilem
1803 3930 1863 3971 se
1906 3930 2027 3972 esse
2056 3932 2184 3988 pro-

583 4009 751 4066 mittit
779 4047 794 4072 ,
835 4006 925 4060 ubi
961 4014 1191 4059 tentator
1218 4006 1478 4061 audenter
1504 4009 1773 4062 occurrit?
1800 4018 1855 4063 et
1884 4010 1929 4064 si
1955 4010 2064 4066 illic
2093 4028 2186 4081 pe-

577 4101 879 4158 riclitamur
902 4139 919 4165 ,
948 4099 1042 4152 ubi
1089 4099 1178 4152 Dei
1212 4109 1475 4169 praecepta
1505 4116 1601 4155 nos
1644 4113 2007 4174 congregant,
2053 4107 2181 4175 quid

579 4194 790 4263 agimus
837 4190 928 4245 ubi
973 4189 1068 4244 Dei
1093 4189 1241 4259 jussa
1283 4204 1382 4244 nos
1427 4193 1804 4260 scparant?et
1831 4195 1875 4249 si
1905 4198 2181 4254 turbamur

579 4285 693 4340 illic
724 4326 738 4350 ,
771 4281 861 4336 ubi
895 4282 988 4336 Dei
1021 4280 1295 4336 voluntate
1322 4282 1632 4349 munimur;
1662 4295 1863 4354 qnanto
1890 4290 2060 4360 magis
2088 4293 2176 4347 ubi

572 4392 684 4434 non
705 4376 878 4432 solum
909 4373 1183 4430 diabolum
1214 4416 1229 4441 ,
1261 4373 1356 4430 sed
1385 4375 1546 4430 etiam
1591 4375 1874 4433 Dominum
1916 4380 2177 4439 habemus

574 4473 866 4528 adversum
915 4469 940 4522 ?
997 4469 1133 4525 Cum
1199 4471 1557 4525 sacrosanctis
1614 4471 1758 4526 enim
1805 4472 1971 4543 jussis
2021 4476 2175 4533 nobis

2299 3274 2502 3329 tendat.
2541 3274 2695 3331 Unde
2735 3276 2902 3332 David
2945 3279 3024 3333 sic
3062 3277 3322 3348 loquitur,
3367 3281 3556 3337 dicens
3594 3299 3606 3336 :
3642 3280 3878 3335 Lucerna

2297 3374 2401 3432 est,
2437 3367 2630 3437 inquit,
2661 3368 2888 3437 pedibus
2915 3370 3051 3425 meis
3077 3371 3300 3425 verbum
3324 3380 3495 3438 tnum,
3525 3382 3578 3429 et
3593 3373 3688 3427 'lux
3717 3372 3876 3426 semi-

2303 3460 2370 3514 tis
2399 3461 2554 3515 meis.
2583 3461 2649 3515 Et
2679 3463 2874 3519 iterum
2911 3481 2924 3517 :
2953 3463 3292 3535 Praeceptum
3326 3466 3536 3521 Domini
3567 3465 3790 3522 lucidum
3814 3463 3874 3518 il-

2297 3552 2568 3610 luminans
2595 3555 2800 3612 oculos.
2824 3556 2936 3612 Hoc
2961 3567 3042 3613 est
3064 3573 3192 3629 ergo
3216 3558 3492 3614 luciferum
3521 3560 3880 3632 quodcumque

2292 3643 2456 3701 fuerit
2482 3661 2512 3700 a
2546 3647 2656 3702 Deo
2687 3647 2991 3704 intimatnm
3021 3667 3035 3704 :
3067 3659 3121 3705 et
3161 3651 3264 3705 hoc
3304 3651 3415 3706 Deo
3445 3650 3686 3721 dignum.
3729 3647 3867 3719 quod

2290 3739 2406 3808 ipse
2447 3739 2588 3794 Deus
2617 3740 2880 3796 voluntati
2917 3757 3028 3797 sua:
3059 3741 3259 3798 fatetur
3297 3752 3595 3813 acceptum,
3634 3752 3688 3796 ut
3713 3754 3864 3795 exer-

2289 3841 2409 3888 ceat
2456 3849 2549 3902 per
2588 3836 2769 3889 omnia
2811 3835 3166 3892 dominatum.
3209 3836 3421 3908 Alioqui
3458 3851 3555 3892 nec
3591 3850 3682 3890 nos
3722 3832 3858 3892 servi

2287 3924 2741 3993 adscriberemur,
2777 3943 2877 3982 nec
2919 3929 3035 3998 ipse
3065 3929 3326 3983 Dominus
3358 3929 3664 3992 haberetur;
3689 3927 3735 3981 si
3766 3938 3854 3979 se-

2287 4017 2521 4072 cundum
2559 4018 2892 4075 voluntatem
2923 4031 3162 4076 nostram
3203 4021 3635 4089 permitteremur
3667 4021 3864 4087 impen-

2286 4107 2419 4164 dere
2447 4111 2796 4175 servitutem,
2829 4119 2884 4166 et
2911 4111 3135 4166 arbitrio
3171 4121 3358 4166 nostro
3388 4126 3494 4166 non
3539 4111 3634 4167 Dei
3660 4110 3873 4180 eligere—

2284 4215 2406 4256 mus
2432 4202 2852 4258 exercitamenta
2886 4204 3133 4273 justitite.
3173 4203 3330 4259 Tales
3375 4204 3574 4260 Paulus
3609 4201 3868 4275 apostolus

2283 4293 2566 4360 vaniﬁcat,
2600 4295 2788 4352 dicens
2818 4313 2832 4349 :
2863 4297 3182 4367 lgnorantes
3202 4341 3216 4364 ,
3247 4299 3440 4368 inquit,
3472 4299 3569 4354 Dei
3589 4297 3872 4369 justitiam,

2281 4397 2336 4444 et
2364 4403 2515 4443 suam
2544 4390 2791 4446 volentes
2819 4399 3079 4459 statuere,
3101 4391 3324 4462 justitize
3347 4392 3443 4447 Dei
3471 4407 3579 4448 non
3608 4400 3734 4448 sunt
3759 4388 3872 4444 sub—

2274 4479 2428 4549 jecti.
2471 4480 2754 4537 Tollantur
2783 4497 2924 4538 nunc
2954 4498 2984 4539 e
3013 4483 3192 4539 medio
3221 4484 3479 4555 ambages
3509 4485 3629 4540 ista:
3661 4493 3764 4539 tam
3790 4494 3876 4535 va-

575 4567 755 4624 divina
779 4563 1038 4636 protectio
1057 4563 1420 4629 ministratur,
1443 4563 1581 4618 sicut
1604 4564 1789 4619 Esaias
1811 4567 1886 4620 ait
1911 4585 1924 4620 :
1954 4567 2174 4639 Legem,
2201 4582 2254 4643 1)
2283 4586 2384 4638 nae,
2418 4580 2473 4626 et
2499 4573 2852 4642 querimonia:
2881 4575 3117 4630 inaniter
3145 4573 3512 4631 calumniosre.
3548 4577 3635 4632 Ad
3675 4573 3874 4646 spirita-

572 4647 748 4732 inquit
778 4698 794 4724 ,
842 4659 894 4712 in
925 4656 1248 4726 adiutorium
1281 4655 1430 4710 dedit
1459 4673 1473 4722 ;
1517 4657 1634 4712 sine
1674 4657 2005 4726 jnssionibus
2046 4678 2176 4720 vero

573 4754 773 4810 divinis
805 4752 1006 4807 nullum
1038 4760 1215 4820 potest
1243 4765 1364 4806 esse
1390 4751 1723 4820 praesidium.

649 4843 807 4901 Aliud
838 4853 921 4899 est
954 4843 1094 4914 quod
1123 4845 1262 4898 Deus
1316 4845 1544 4914 imperat
1583 4845 1778 4916 facere,
1812 4857 1867 4904 ct
1905 4848 2048 4905 aliud
2079 4867 2172 4908 vo—

571 4937 772 4993 luntati
801 4936 921 5004 ejus
948 4935 1215 4990 obsistere
1259 4954 1272 4989 :
1301 4935 1456 5006 cujus
1496 4937 1567 4990 ita
1609 4948 1734 4993 sunt
1778 4941 2028 4997 mandata
2059 4960 2172 5000 scr-

567 5028 769 5095 vanda,
804 5036 864 5083 ut
895 5029 939 5082 si
965 5027 1167 5098 aliquid
1191 5028 1417 5097 jusserit
1441 5030 1581 5099 quod
1608 5033 1902 5088 secundum
1926 5035 2174 5094 homines

565 5120 826 5191 iniustum
849 5133 972 5173 esse
999 5118 1266 5186 videatur,
1291 5119 1494 5188 justum
1521 5123 1776 5180 credatur
1804 5135 1859 5181 et
1884 5126 2006 5194 ﬁat;
2041 5138 2097 5184 et
2124 5130 2170 5184 si

559 5217 766 5286 justum
787 5212 1043 5283 jusserit,
1075 5212 1278 5282 justum
1320 5223 1599 5286 repetetur
1630 5225 1686 5271 et
1719 5217 1811 5273 ﬁat
1841 5236 1853 5272 :
1896 5234 2018 5276 cum
2049 5222 2168 5278 sine

2281 4661 2361 4717 les
2387 4675 2537 4718 aetus
2566 4679 2688 4718 cum
2738 4665 2981 4731 feminis,
3024 4666 3134 4722 Deo
3160 4665 3416 4736 juvante,
3461 4682 3568 4723 non
3594 4665 3874 4723 metuimus

2279 4755 2503 4811 adunari
2525 4799 2539 4822 ,
2573 4757 2662 4827 qui
2691 4772 2790 4828 per
2830 4758 2923 4814 Dei
2958 4758 3258 4829 jussionem
3284 4760 3547 4830 justitiam
3577 4777 3682 4817 nos
3710 4755 3871 4815 credi-

2280 4866 2399 4906 mus
2429 4853 2664 4922 operari,
2705 4867 2771 4908 ex
2803 4868 2908 4923 qua
2950 4853 3108 4911 nobis
3143 4855 3346 4911 scimus
3378 4856 3718 4911 munimenta
3752 4863 3871 4919 sup-

2277 4945 2424 5016 poni.
2476 4945 2730 5002 Privatim
2775 4961 2937 5014 vero,
2980 4947 3382 5004 continentibus
3424 4947 3870 5018 quamplurimum

2275 5038 2490 5094 clericis
2520 5049 2575 5095 et
2603 5041 2897 5112 virginibus
2919 5082 2934 5108 ,
2978 5041 3210 5112 hospitia
3251 5043 3550 5113 separanda
3576 5049 3726 5106 sunt,
3754 5033 3868 5108 quia

2275 5133 2417 5202 quod
2453 5133 2600 5190 Deus
2631 5135 2870 5205 iniquum
2897 5135 3123 5206 judicat,
3149 5136 3354 5206 justum
3382 5151 3504 5193 esse
3529 5152 3640 5192 non
3671 5137 3855 5207 potest.

2276 5222 2702 5284 Contubernium
2734 5237 2912 5285 tamen
2951 5228 3055 5286 etsi
3089 5229 3236 5285 nulla
3274 5229 3326 5284 in
3364 5228 3484 5301 ipso
3519 5220 3864 5286 contubernio

1854 5331 2033 5390 EDIT.
2056 5334 2262 5394 ΟΧΟΝ.
2305 5338 2538 5396 NOTAE.

557 5419 826 5496 celebrari
854 5428 1048 5496 sancta
1088 5421 1367 5490 mysteria,
1399 5437 1535 5494 opus
1565 5421 1801 5492 spiritale
1829 5423 2160 5496 Angelorum

555 5493 712 5563 geri,
761 5506 823 5548 ea
853 5491 946 5548 Dei
979 5501 1244 5563 praecepta
1278 5508 1374 5548 nos
1403 5491 1729 5566 cengrc’gare
1779 5491 2152 5622 ctpcolligere.

1883 5585 2046 5622 AHEL.

626 5633 756 5707 cum
776 5635 883 5690 sine
891 5635 1097 5707 justitia
1124 5652 1226 5690 non
1249 5647 1411 5706 potest
1437 5654 1563 5692 esse.
1593 5637 1810 5695 Phrasis
1838 5585 2154 5698 iasl‘tugltrcto-

550 5704 650 5762 ris.
680 5705 846 5782 vetus
874 5704 996 5782 ese.
1023 5716 1080 5762 et
1103 5704 1433 5767 Remboldus
1456 5711 1637 5782 legunt
1657 5711 1766 5768 sine
1786 5712 2018 5768 victoria.
2043 5714 2152 5773 Sed

553 5790 661 5850 non
689 5778 885 5853 placet.
916 5777 1125 5838 Pauca.

2336 5434 2680 5506 Cogitationes
2721 5436 2857 5491 enim
2897 5438 3209 5492 mortalium.
3233 5437 3404 5493 Recte
3443 5436 3520 5492 sic
3549 5433 3773 5506 Gravius
3810 5432 3860 5482 ei

2259 5503 2531 5581 Morellius
2550 5522 2778 5581 ,_pro_e_o
2804 5508 2945 5581 quod
2983 5509 3069 5562 alii
3122 5511 3453 5581 cogitationes
3481 5504 3852 5581 immortalitati.

2257 5575 2391 5652 Nam
2407 5579 2484 5632 sic
2500 5569 2662 5633 habet
2681 5569 2834 5652 liber
2855 5579 3166 5650 Sapientiae,
3183 5569 3349 5652 quam
3379 5581 3682 5652 Salomonis
3708 5569 3854 5652 titulo

2256 5650 2406 5718 citat,
2461 5651 2732 5720 quomodo
2760 5660 2815 5706 et
2842 5654 3004 5723 paulo
3050 5660 3173 5725 post
3208 5650 3420 5709 librum

3471 5639 3848 5707 Ecclesiastici.

3510 5722 3715 5779 Pansa.
