4214 6266
371 360 481 422 849

1406 370 1495 427 DE
1534 370 2097 431 SINGULARITATE
2131 372 2600 436 CLERICORUM.

3572 378 3679 442 850

375 482 552 553 turpis
587 484 919 542 consuetudo
952 494 1226 557 noscatur,
1259 488 1535 556 accendit;
1566 491 1691 561 quia
1726 491 1976 561 impossi-
1999 492 2054 551 A
2078 490 2337 550 adversus
2389 511 2513 550 eum
2562 495 2805 568 captivus
2836 480 3075 570 incipiat
3128 500 3438 573 praevalere.
3499 501 3670 558 Num-

387 573 497 631 bile
540 586 625 631 est
667 577 1023 649 integritatem
1069 580 1136 636 ad
1180 580 1458 637 victoriam
1503 583 1806 653 pervenire,
1855 598 1977 655 quae

383 668 663 724 contendit
685 681 871 726 contra
912 671 1004 728 Dei
1036 673 1186 744 jussa
1220 689 1478 746 pugnare.
1511 674 1783 742 Quantum
1829 677 1975 731 enim

387 759 477 818 lex
506 760 880 820 obedientibus
903 767 1142 838 suggerit
1169 766 1520 836 adjutorium,
1552 777 1759 823 tantum
1788 767 1977 824 inobe-

384 854 656 913 dientibus
681 858 869 914 incitat
892 869 1190 930 peccatum,
1214 860 1429 917 dicente
1449 860 1707 931 Apostolo
1730 879 1743 916 :
1770 859 1973 929 Virtus,

384 948 577 1021 inquit,
608 951 840 1022 peccati,
884 949 990 1007 lex.
1029 951 1129 1020 Qui
1156 968 1256 1008 nos
1292 966 1422 1023 ergo
1445 953 1605 1023 jussit
1633 961 1689 1007 ut
1714 952 1768 1006 in
1808 952 1978 1009 sacris

374 1044 490 1102 suis
518 1060 640 1100 cum
676 1044 893 1102 feminis
946 1045 1360 1118 triumphcmus,
1391 1047 1506 1118 ipse
1530 1045 1685 1118 jubet
1712 1055 1770 1102 ut
1798 1046 1975 1117 priva-

376 1136 473 1193 tim
500 1151 702 1209 pugnas
728 1137 990 1196 femineas
1013 1153 1320 1196 caveamus.

445 1230 585 1288 Sunt
614 1232 863 1304 equidem
893 1233 1242 1290 necessitates
1268 1234 1423 1303 alim,
1464 1248 1582 1304 qua:
1615 1247 1714 1304 nos
1751 1247 1966 1304 quoque

379 1323 628 1394 privatim
669 1324 893 1381 feminas
943 1324 1129 1381 videre
1153 1325 1497 1397 compellant,
1531 1324 1625 1380 sed
1652 1325 1813 1380 etiam
1840 1324 1971 1395 ipsae

386 1416 553 1474 divini
595 1417 774 1488 operis
800 1417 901 1492 .vel
940 1418 1194 1487 praecepti
1234 1418 1500 1489 imperant
1538 1415 1868 1482 efﬁcaciam,
1906 1423 1967 1470 ut

392 1509 688 1577 visitemus,
731 1518 789 1564 ut
815 1509 1004 1566 solatia
1040 1508 1388 1580 prmbeamus,
1428 1517 1488 1564 ut
1524 1508 1860 1564 hortamenta
1890 1507 1974 1562 vi-

397 1604 520 1661 talia
548 1603 833 1660 salubriter
860 1603 1170 1660 intimemus
1198 1621 1211 1659 :
1240 1618 1338 1659 nec
1367 1612 1544 1659 tamen
1580 1610 1637 1658 et
1662 1602 1715 1656 in
1746 1600 1829 1657 his
1857 1598 1978 1655 offi-

385 1699 487 1756 ciis
522 1699 698 1754 minor
722 1714 848 1753 cura
875 1697 1080 1769 agenda
1114 1706 1197 1754 est
1232 1712 1330 1769 pro
1367 1695 1607 1752 moribus
1648 1696 1879 1761 nostris,
1911 1701 1971 1749 ut

390 1792 691 1849 clarescant
717 1790 769 1846 in
797 1798 979 1846 nostra
1007 1789 1319 1862 operatione
1348 1788 1544 1844 iudicia
1573 1786 1836 1858 puritatis.
1872 1785 1974 1842 Se-

2078 599 2243 655 quam
2284 601 2507 644 securus
2542 603 2667 645 cum
2696 581 2968 647 thesauro'
2995 591 3132 649 latro
3158 602 3369 649 tenetur
3394 594 3632 652 inclusus
3660 612 3676 648 :

2080 691 2181 732 nec
2208 679 2346 734 intra
2402 695 2560 736 unam
2608 696 2826 739 caveam
2851 682 3098 741 habitans
3123 699 3245 742 eum
3274 686 3398 757 lupo
3425 695 3569 743 tutus
3592 697 3679 744 est

2084 785 2274 841 agnus.
2307 770 2429 843 Ipse
2453 788 2512 831 se
2541 775 2710 832 voluit
2738 778 3002 848 superari,
3035 780 3125 850 qui
3155 778 3366 836 hostem
3392 780 3670 851 proprium

2090 862 2142 917 in
2165 877 2292 921 suas
2312 877 2494 936 portas
2517 867 2744 936 induxit;
2767 879 2823 926 et
2847 872 3159 928 intestinum
3177 872 3413 944 gladium
3433 874 3537 931 sibi
3560 876 3679 946 ipse

2083 959 2386 1028 supposuit,
2417 961 2511 1032 qui
2537 960 2712 1019 locum
2740 963 3088 1023 habitationis
3111 982 3225 1024 sua:
3254 968 3551 1025 adversarii
3581 971 3669 1026 in-

2080 1050 2356 1121 gressibus
2380 1057 2643 1111 reseravit
2670 1072 2688 1124 ;
2716 1065 2774 1114 et
2796 1058 2885 1130 qui
2912 1058 3085 1116 fretus
3108 1068 3192 1116 est
3213 1063 3526 1118 conversari
3551 1078 3676 1119 cum

2082 1142 2374 1211 seandalo,
2419 1147 2538 1203 sine
2565 1162 2727 1204 causa
2756 1149 2890 1207 dicit
2921 1162 2954 1204 ε·
2978 1152 3203 1208 Pacatus
3233 1167 3354 1209 esse
3390 1154 3516 1210 volo
3543 1169 3668 1210 cum

2085 1232 2330 1299 diabolo;
2363 1247 2550 1294 contra
2579 1240 2896 1310 Apostolum
2927 1242 3194 1300 dicentem
3225 1263 3241 1300 :
3279 1243 3457 1301 Nolite
3492 1248 3671 1303 locum

2085 1325 2215 1383 dare
2238 1328 2473 1385 diabolo.
2506 1330 2663 1388 Omni
2692 1348 2821 1404 ergo
2850 1335 3014 1392 modo
3042 1336 3362 1394 muniendus
3392 1346 3476 1394 est
3501 1338 3673 1403 locus,

2086 1419 2173 1475 ubi
2205 1420 2363 1478 fuerit
2394 1424 2678 1481 thesaurus
2713 1426 3096 1497 absconditus,
3137 1446 3206 1485 ne
3245 1445 3343 1502 per
3380 1447 3542 1488 unam
3581 1449 3678 1489 ca-

2083 1527 2309 1593 vernam
2341 1523 2510 1571 totum
2538 1517 2796 1587 parietem
2822 1519 2961 1576 latro
2986 1520 3253 1578 suﬁ‘odiat.
3285 1522 3418 1581 Nam
3446 1525 3492 1581 si
3521 1526 3677 1581 defo-
3759 1520 3763 1524 ’

2079 1605 2155 1661 ris
2181 1620 2493 1679 expugnans
2515 1610 2602 1665 vix
2632 1614 2799 1669 muris
2839 1613 3148 1684 expellitur,
3180 1626 3438 1687 quantum
3467 1617 3672 1674 valebit

2081 1699 2127 1754 si
2166 1698 2305 1756 intra
2338 1717 2523 1758 muros
2548 1706 2820 1777 acceperit
2861 1708 3265 1764 habitaculum?
3302 1710 3371 1766 Et
3403 1711 3447 1768 si
3479 1711 3554 1766 illi
3583 1712 3679 1781 qui

2081 1802 2269 1847 contra
2307 1808 2433 1848 eum
2467 1795 2759 1860 claudunt,
2787 1796 3109 1868 aliquotiens
3136 1799 3205 1854 ab
3231 1800 3425 1856 eodem
3453 1803 3679 1872 capiun-

352 1884 586 1941 'veritas
611 1897 716 1939 non
753 1882 930 1951 desit,
971 1898 1092 1955 quae
1127 1881 1229 1937 sub
1270 1881 1466 1937 clerico
1513 1879 1766 1936 feminam
1806 1876 1976 1947 possit
2002 1888 2051 1950 Β
2087 1890 2196 1946 tur;
2225 1894 2428 1954 quanto
2456 1887 2625 1956 magis
2660 1885 2770 1952 ille,
2800 1888 2893 1957 qui
2936 1888 3211 1946 ultrbneus
3250 1891 3327 1946 illi
3363 1892 3680 1963 patefecerit

385 1978 683 2048 astringere
705 2019 719 2045 ,
767 1986 826 2033 ut
861 1978 1031 2048 ipsam
1073 1975 1499 2033 consolationem
1537 1983 1776 2029 nostram
1803 1972 1974 2028 susci—

380 2071 490 2144 piat
517 2085 640 2127 cum
670 2082 925 2137 tremore,
949 2080 1006 2126 et
1032 2070 1103 2124 ita
1131 2069 1329 2126 sentiat
1353 2066 1677 2122 visitationis
1699 2062 1968 2132 affectum,

393 2172 453 2218 ut
470 2162 722 2218 clericum
751 2171 1058 2218 veneretur.
1091 2162 1170 2216 Ac
1202 2175 1271 2216 ne
1303 2157 1503 2214 tardius
1531 2159 1602 2213 sit
1636 2156 1849 2228 evagari
1875 2170 1975 2227 per

388 2254 596 2326 singula
617 2298 633 2325 ,
667 2265 712 2308 tr
724 2263 835 2312 1m
866 2253 1113 2325 quicquid
1142 2252 1377 2324 agimus,
1409 2250 1695 2307 honestum
1723 2263 1847 2305 esse
1876 2262 1973 2318 po-

393 2356 519 2415 test,
561 2363 607 2404 ει
649 2361 863 2418 semper
891 2346 943 2401 in
985 2345 1141 2403 nobis
1166 2345 1318 2417 signa
1360 2342 1661 2399 honestatis
1685 2341 1973 2398 eluceant:

395 2442 535 2497 sicut
557 2439 754 2495 Paulus
798 2437 1072 2508 apostolus
1113 2438 1361 2493 universa
1391 2434 1702 2505 complexus
1728 2443 1856 2500 est,
1894 2432 1979 2487 di-

391 2547 524 2589 cens
563 2548 578 2587 :
609 2530 801 2587 Omnia
825 2542 1002 2588 vestra
1032 2530 1255 2586 honeste
1283 2528 1429 2582 fiant.
1465 2527 1532 2582 Et
1558 2526 1752 2582 iterum
1783 2543 1797 2581 :
1828 2524 1979 2581 Sicut

386 2624 776 2697 praecepimus,
824 2622 1026 2694 inquit,
1078 2621 1252 2687 vobis,
1299 2629 1357 2675 ut
1404 2618 1630 2673 honeste
1672 2616 1975 2673 ambuletis.

383 2716 505 2774 Non
539 2717 679 2772 bene
702 2716 942 2771 succedit
963 2712 1220 2787 quidquid
1246 2714 1422 2784 agitur
1445 2712 1647 2783 passim
1684 2729 1697 2764 :
1728 2719 1782 2766 et
1821 2725 1982 2765 sanc-

388 2818 500 2865 tum
531 2824 638 2864 non
670 2818 753 2863 est
779 2806 919 2877 quod
957 2808 1158 2878 geritur
1184 2815 1448 2870 sanctum,
1488 2804 1595 2860 nisi
1625 2813 1810 2858 sancte
1836 2801 1982 2872 quod

387 2911 632 2959 sanctum
657 2910 740 2956 est
762 2908 1065 2971 peragatur,
1083 2898 1222 2955 sicut
1240 2896 1499 2954 Salomon
1521 2896 1735 2962 asserit,
1759 2895 1946 2950 dicens
1964 2910 1984 2949 :

384 2995 483 3061 Qui
526 2994 669 3050 enim
714 2992 1067 3049 custodierint
1105 2991 1251 3062 juste
1289 2990 1434 3061 justa
1463 3031 1478 3056 ,
1522 2984 1980 3060 ju'stificabuntur.

387 3084 686 3142 Sinceriter
711 3100 840 3156 ergo
866 3082 1151 3154 sinceritas
1177 3082 1291 3152 ipsa
1316 3080 1581 3136 servanda
1606 3088 1709 3146 est;
1741 3087 1800 3135 et
1824 3092 1989 3134 omne

391 3177 535 3249 quod
584 3177 694 3232 voti
722 3186 837 3243 est,
887 3176 1048 3231 etiam
1090 3175 1143 3250 in
1179 3182 1303 3229 actu
1329 3172 1644 3245 signandum
1670 3215 1685 3239 ,
1731 3188 1802 3228 ne
1847 3170 1991 3226 aliud

2088 1971 2413 2044 ingressum,
2436 1974 2739 2046 decipitur?
2762 1975 2897 2033 Cum
2924 1978 3068 2034 dicat
3090 1980 3344 2037 Salomon
3371 2000 3386 2038 :
3415 1985 3471 2041 Si
3492 1985 3671 2055 justus

2078 2068 2165 2123 vix
2192 2068 2370 2124 salvus
2398 2069 2475 2138 tit,
2514 2069 2752 2141 injustas
2785 2071 2875 2127 ubi
2906 2073 3159 2142 parebit?
3197 2075 3397 2133 Omnes
3433 2092 3564 2149 ergo
3596 2078 3677 2133 ri-

2080 2177 2205 2226 mae,
2238 2177 2306 2219 ne
2330 2162 2506 2218 dicam
2535 2173 2729 2235 portae,
2758 2164 3072 2223 claudendae
3111 2177 3257 2234 sunt,
3285 2185 3354 2227 ne
3388 2184 3484 2239 per
3516 2186 3681 2226 unum

2083 2253 2330 2311 foramen
2351 2264 2530 2311 castra
2546 2256 2729 2313 omnia
2752 2264 3102 2328 penetrentur
3130 2278 3143 2315 ε
3174 2269 3228 2315 et
3249 2263 3502 2316 universa
3530 2276 3685 2317 com-

2080 2346 2335 2418 ponenda
2361 2356 2488 2404 sunt
2514 2348 2869 2418 munimenta,
2901 2365 2970 2405 ne
2996 2366 3094 2422 per
3120 2352 3389 2409 modicum
3418 2370 3525 2409 non
3556 2370 3677 2408 mu-

2081 2441 2253 2496 nitum
2287 2450 2397 2497 tota
2425 2442 2613 2498 civitas
2652 2452 2802 2510 ruat,
2842 2444 2981 2499 sicut
3020 2444 3284 2502 Salomon
3321 2447 3550 2516 repetit,
3597 2447 3682 2502 di-

2082 2547 2215 2608 cens
2246 2551 2260 2588 :
2289 2532 2390 2600 Qui
2417 2533 2627 2604 spernit
2647 2533 2879 2604 modica,
2907 2536 3162 2606 paulatim
3192 2536 3370 2593 cadet.

2162 2623 2248 2679 Fit
2277 2624 2459 2681 studio
2485 2633 2666 2680 autem
2695 2625 2856 2697 hujus
2886 2629 3255 2697 perversitatis
3279 2629 3534 2699 arbitror,
3568 2641 3627 2686 ut
3654 2647 3687 2686 a

2084 2716 2297 2772 clericis
2327 2716 2396 2771 ad
2422 2719 2864 2775 communitatem
2925 2718 3122 2776 femina
3151 2724 3322 2791 magis
3344 2737 3509 2794 quam
3544 2716 3691 2779 mas-

2086 2807 2239 2864 culus
2283 2806 2533 2878 eligatur.
2575 2808 2851 2881 Numquid
2890 2818 3097 2867 tantum
3138 2814 3333 2871 mulier
3374 2814 3558 2870 utilior
3603 2825 3691 2871 est

2088 2900 2385 2956 commodis
2421 2900 2636 2969 clerici,
2675 2913 2935 2973 quantum
2965 2904 3186 2975 prodest
3215 2909 3488 2964 masculus
3514 2909 3689 2966 conti-

2091 3006 2247 3060 nens,
2277 2993 2362 3048 vel
2389 3007 2525 3064 puer
2549 2994 2790 3050 masculo
2811 2996 3156 3052 continenti?
3185 2998 3294 3053 Aut
3316 3000 3433 3070 ipsa
3463 3000 3569 3056 erit
3591 3001 3692 3058 de-

2091 3098 2221 3141 cens
2259 3084 2494 3155 utilitas,
2534 3100 2694 3155 quam
2737 3086 2995 3144 indecens
3022 3089 3378 3146 communitas
3416 3089 3582 3147 facit?
3620 3092 3693 3147 Et

2100 3178 2188 3234 ubi
2220 3178 2321 3234 erit
2346 3177 2487 3250 quod
2516 3176 2773 3235 Salomon
2813 3181 2887 3235 ait
2927 3197 2941 3234 :
2983 3179 3155 3237 Omne
3181 3182 3382 3238 animal
3412 3183 3590 3257 diligit
3618 3186 3696 3240 si-

393 3279 516 3325 vota
546 3268 946 3335 commendent,
977 3277 1031 3323 et
1057 3266 1201 3323 aliud
1233 3276 1384 3322 actus
1411 3265 1700 3322 insinuent.
1735 3264 1988 3336 Undique
2012 3281 2059 3346 C
2103 3272 2233 3328 mile
2261 3271 2404 3328 sibi?
2440 3272 2508 3328 Et
2545 3273 2737 3329 iterum
2775 3291 2789 3327 ε
2825 3273 3074 3329 votaulia
3102 3273 3171 3331 ad
3196 3268 3303 3330 sibi
3329 3274 3527 3332 similia
3553 3293 3691 3334 εοη-

390 3363 663 3436 probanda
689 3373 771 3419 est
809 3362 1072 3417 institutio
1111 3360 1435 3427 voluntatis,
1480 3368 1536 3415 et
1571 3358 1808 3429 undique
1851 3373 1984 3415 con-

387 3456 742 3515 summandus
771 3463 855 3512 est
874 3468 1066 3511 cursus
1092 3452 1514 3524 uniuscujusque
1546 3450 1889 3517 certaminis;
1919 3464 1988 3505 ne

390 3551 569 3606 minus
594 3550 664 3604 sit
689 3548 888 3618 aliquid
921 3547 988 3602 ad
1028 3548 1357 3618 triumphum
1380 3587 1398 3614 ,
1437 3545 1486 3601 si
1526 3561 1632 3600 non
1663 3543 1873 3615 plenius
1902 3540 1991 3598 di-

391 3644 640 3699 micetur.
669 3641 804 3697 Hine
823 3640 1022 3696 Paulus
1064 3639 1339 3711 apostolus
1359 3636 1650 3694 introducit
1669 3636 1992 3693 documenta

397 3734 757 3792 certaminum
785 3750 799 3788 :
829 3731 938 3789 Sed
962 3741 1015 3787 et
1036 3732 1126 3802 qui
1149 3731 1203 3787 in
1229 3745 1425 3803 agone,
1448 3729 1639 3800 inquit,
1668 3736 1858 3796 certat,
1882 3742 1991 3784 non

395 3828 766 3896 coronabitur,
799 3828 902 3884 nisi
923 3826 1015 3898 qui
1044 3825 1282 3897 legitime
1309 3823 1620 3880 certaverit.
1650 3822 1719 3877 Et
1745 3822 1942 3878 iterum
1975 3840 1990 3875 :

395 3923 649 3991 Nescitis,
676 3922 869 3994 inquit,
898 3921 1154 3992 quoniam
1183 3918 1275 3990 qui
1308 3918 1360 3973 in
1392 3917 1569 3973 stadio
1593 3925 1838 3985 currunt,
1868 3929 1992 3971 om-

396 4034 493 4075 nes
518 4016 736 4090 quidem
761 4026 987 4073 currunt
1010 4056 1025 4082 ,
1056 4014 1151 4071 sed
1176 4029 1315 4069 unus
1353 4012 1561 4082 accepit
1598 4011 1868 4066 bravium.
1907 4008 1999 4065 Sic

398 4111 622 4179 currite,
650 4120 709 4167 ut
732 4107 1228 4181 comprehendatis.
1255 4104 1443 4161 Omnis
1463 4104 1610 4160 enim
1636 4104 1724 4174 qui
1748 4103 1801 4158 in
1828 4117 2001 4175 agone

399 4202 697 4269 contendit,
724 4202 794 4257 ab
824 4201 1075 4257 omnibus
1111 4214 1171 4255 se
1200 4197 1438 4253 abstinet
1470 4214 1483 4250 :
1507 4202 1562 4251 ct
1588 4194 1663 4250 illi
1692 4193 1908 4266 quidem
1936 4202 1999 4250 ut

403 4294 808 4364 corruptibilem
846 4308 1104 4349 coronam
1142 4290 1438 4361 accipiant,
1479 4301 1576 4343 vos
1612 4296 1793 4344 autem
1824 4288 2002 4344 incor-

405 4393 642 4456 ruptam.
677 4384 960 4441 Plenitudo
981 4393 1218 4455 estergo
1247 4380 1567 4446 sanctitatis,
1591 4389 1646 4435 et
1670 4380 1844 4450 palma
1875 4395 1998 4449 per.

403 4475 567 4541 fecta,
606 4483 663 4531 ut
688 4490 754 4531 ex
782 4476 926 4531 omni
971 4484 1121 4546 parte
1158 4489 1344 4532 secum
1376 4488 1480 4529 non
1512 4470 1708 4527 habeat
1737 4469 1881 4543 quod
1911 4485 1999 4528 re-

404 4578 589 4635 cuset;
621 4583 690 4625 ne
729 4567 871 4639 quod
903 4568 1181 4641 profitetur
1207 4567 1388 4626 odisse
1410 4608 1426 4637 ,
1472 4563 1709 4623 tenendo
1753 4562 2000 4622 videatur

403 4678 607 4719 annare.

478 4755 634 4826 Quod
676 4756 722 4812 si
769 4755 967 4828 aliquis
993 4755 1126 4812 dicit
1170 4754 1500 4825 :Captivum
1547 4762 1707 4809 teneo
1748 4750 2001 4809 adversa-

407 4847 549 4907 rium
579 4864 759 4907 meum
780 4888 800 4920 ,
831 4849 920 4906 cui
964 4862 1179 4921 semper
1222 4846 1473 4905 insultem
1498 4888 1515 4917 ,
1547 4844 1728 4903 videat
1773 4844 2010 4902 neforte

2092 3364 2336 3421 veniunt.
2385 3364 2493 3428 Sed
2533 3373 2588 3419 et
2625 3364 2671 3421 si
2709 3363 2908 3421 femina
2969 3366 3155 3422 utilior
3192 3367 3554 3435 existimatur,
3583 3387 3693 3427 non

2093 3456 2377 3528 oportebat
2417 3457 2653 3513 carnalia
2692 3459 3056 3514 emolumenta
3101 3474 3418 3531 praeponere
3451 3463 3698 3519 utilitati-

2093 3549 2197 3605 bus
2243 3548 2570 3619 spiritalium
2610 3549 3021 3607 commodorum
3056 3569 3070 3607 :
3102 3560 3159 3607 et
3200 3551 3525 3624 expediebat
3559 3571 3697 3626 qua-

2097 3641 2440 3712 lemcumque
2482 3642 2659 3697 virum
2698 3641 2942 3698 inutilem
2977 3643 3248 3699 sustinere
3283 3658 3384 3714 pro
3420 3646 3699 3702 existima-

2099 3735 2247 3791 tione
2283 3733 2574 3789 munienda
2594 3775 2610 3801 ,
2653 3748 2814 3803 quam
2861 3734 3032 3790 bonos
3057 3733 3279 3791 effectus
3305 3735 3550 3792 mulieris
3574 3752 3699 3792 cum

2098 3827 2498 3886 existimatione
2522 3826 2848 3896 turpissima.
2891 3827 3047 3894 Quod
3082 3827 3337 3883 Salomon
3365 3840 3691 3899 comparat,

2101 3920 2289 3976 dicens
2319 3938 2332 3975 :
2360 3918 2547 3975 Melior
2571 3929 2685 3984 est.
2722 3919 2927 3990 inquit,
2960 3919 3213 3991 iniquitas
3247 3920 3367 3990 viri,
3404 3937 3563 3993 quam
3599 3923 3699 3980 be-

2106 4010 2383 4068 nefaciens
2412 4011 2624 4067 mulier.
2653 4010 2969 4068 Artificialia
2996 4024 3119 4068 sunt
3147 4014 3325 4085 itaque
3348 4029 3566 4086 semper
3586 4017 3704 4073 dia-

2104 4104 2217 4161 boli
2244 4102 2525 4170 veneﬁcia,
2558 4102 2752 4175 quibus
2778 4103 3048 4176 ingenium
3072 4119 3187 4162 sua:
3207 4106 3515 4164 calliditatis
3541 4123 3704 4165 excr-

2105 4212 2266 4263 cens,
2318 4196 2687 4253 sanctimoniae
2734 4196 2944 4254 deditos
2987 4198 3190 4255 dolosis
3227 4200 3704 4256 commoditatibus

2100 4290 2255 4362 juvat
2279 4299 2335 4346 ut
2362 4289 2551 4361 perdat
2582 4309 2596 4344 :
2625 4300 2680 4346 et
2708 4290 2847 4347 inter
2882 4292 3222 4349 continentes
3262 4294 3417 4364 quasi
3448 4310 3698 4351 necessa-

2106 4382 2185 4437 ria
2203 4382 2569 4439 emolumenta
2594 4384 2792 4439 mutuis
2812 4383 3244 4454 adjuvaminibus
3262 4385 3702 4457 subministratis,

2105 4476 2215 4548 agit
2242 4475 2389 4548 prius
2415 4475 2715 4532 masculum
2739 4485 2794 4532 et
2819 4474 3072 4532 feminam
3128 4477 3329 4546 pariter
3354 4481 3702 4544 conversari;

2108 4576 2167 4623 ut
2196 4574 2481 4638 postquam
2513 4564 2906 4636 inseparabiles
2934 4565 3123 4622 fecerit
3151 4580 3247 4635 per
3273 4566 3535 4626 alterutra
3564 4570 3711 4627 sola-

2021 4682 2078 4745 D
2107 4660 2201 4729 tia,
2242 4659 2416 4731 possit
2445 4657 2698 4714 occidere
2721 4655 2917 4713 dantes
2947 4656 3223 4728 simplices
3247 4660 3459 4717 animos
3490 4660 3556 4716 ad
3585 4676 3713 4718 cas-

2117 4753 2281 4809 titatis
2317 4759 2441 4808 vota
2482 4748 2746 4806 servanda
2791 4767 2807 4804 :
2849 4756 2907 4805 et
2947 4748 3365 4820 impugnationis
3408 4767 3522 4809 sua:
3564 4768 3715 4810 arma

2115 4843 2425 4902 subducens
2468 4840 2726 4911 interim,
2772 4839 2927 4913 quasi
2969 4839 3214 4914 placidus
3258 4840 3439 4902 fautor
3479 4846 3722 4918 suggerit

1721 4981 1906 5040 EDlT.
1926 4979 2135 5043 OXON.
2163 4979 2388 5040 NOTAE.

488 5132 558 5189 Ut
598 5133 773 5209 ipsam_
810 5131 1212 5209 consolationem
1256 5135 1483 5183 nostram
1531 5125 1795 5209 suscipiat.
1844 5124 2013 5209 Yetus

412 5197 642 5261 excusas
655 5220 718 5260 ac
742 5203 1090 5269 Remboldus,
1120 5212 1173 5256 et
1200 5202 1302 5256 hoc
1319 5210 1375 5255 et
1392 5198 1670 5269 sequentia
1695 5197 1891 5268 plurali
1917 5212 2012 5253 nu-

414 5290 566 5332 mero
593 5276 796 5346 legunt,
825 5275 920 5330 sed
948 5272 1201 5346 praecedit
1225 5272 1486 5346 feminam.
1518 5269 1725 5346 Parim"

488 5346 557 5401 Et
584 5340 722 5402 οηῖηὶ
748 5340 885 5418 me
912 5340 1124 5402 votiest.
1150 5342 1539 5418 Confirmatum
1568 5340 1693 5418 hinc
1718 5348 1902 5396 votum
1931 5347 2015 5418 ta-

417 5419 581 5475 citum
625 5410 885 5475 castitatis
923 5430 1195 5473 annexum
1235 5413 1510 5470 cmlibatui
1548 5412 1863 5478 clericorum
1888 5453 1904 5480 ,
1950 5410 2019 5468 de

418 5506 541 5567 qui:
553 5492 710 5567 paulo
737 5499 859 5561 post
883 5488 1149 5567 apertiu§_._
1451 5562 1461 5567 Δ
1541 5562 1551 5567 Δ
1755 5553 1786 5567 Α,
1917 5554 1932 5567 ι
2008 5555 2020 5567 ,

495 5554 568 5616 Εἰ
593 5554 766 5630 palmis
800 5554 1041 5631 perfecta.
1090 5558 1228 5631 Hine
1248 5562 1682 5631 apparebatque
1708 5554 1877 5631 etiam
1897 5554 2023 5631 legi

422 5626 676 5689 debere:
713 5626 846 5705 unus
884 5626 1079 5705 accepit
1140 5626 1387 5702 palmam.
1434 5626 1587 5683 Sicut
1633 5626 1831 5699 ubique
1897 5626 2027 5699 legit

424 5704 740 5777 Cyprianus.
774 5704 981 5761 Pansa.

535 5793 622 5843 pse
644 5793 699 5847 s_e
735 5777 892 5831 voluit
931 5772 1183 5847 superari.
1208 5770 1333 5829 Vel.
1363 5785 1477 5828 exc.
1508 5778 1563 5829 et
1587 5769 1917 5827 Remboldus
1932 5784 2024 5843 pe—

426 5839 640 5905 netrari.
669 5839 880 5904 Pausa-

500 5916 627 5977 Sine
655 5936 810 5976 causa
837 5918 979 5974 dicit.
1010 5917 1131 5975 Vet.
1190 5930 1305 5973 exc.
1349 5932 1451 5971 non
1498 5915 1690 5970 dicit-:
1733 5912 1826 5969 sed
1880 5911 2028 5983 prius

2119 5123 2318 5197 placet.
2348 5123 2554 5181 PAIEL.

2193 5195 2297 5265 Qui
2343 5197 2539 5266 spernit
2588 5196 2790 5253 modica
2812 5238 2828 5263 ,
2890 5197 3143 5268 paulatim
3188 5200 3355 5255 cadet.
3420 5199 3680 5257 Erasmus
3703 5243 3721 5268 ,

2119 5268 2263 5341 male
2286 5310 2300 5332 .
2332 5268 2507 5341 cadit;
2539 5283 2661 5325 nam
2691 5271 2842 5341 prius
2864 5269 3027 5341 habet
3053 5268 3490 5328 Ecclesiasticus.
3509 5272 3719 5328 Putat.

2197 5339 2289 5413 Sic
2316 5339 2495 5394 studeo
2532 5339 2736 5413 nutent,
2766 5350 2873 5413 etc.
2915 5340 3028 5413 Hoc
3071 5341 3295 5413 Erasmo
3331 5343 3507 5413 placet
3535 5360 3633 5413 pro
3659 5359 3726 5398 eo

2122 5409 2267 5483 quod
2302 5420 2439 5483 erat,
2466 5410 2715 5486 ‘arbitrio.
2773 5411 3085 5485 Legendum
3135 5409 3488 5542 videtur,P/it
3533 5409 3722 5471 studio.

3443 5503 3608 5542 AIEL.

3443 5503 3608 5543 AIEL.

2202 5554 2369 5621 Quam
2403 5555 2562 5627 bonos
2625 5554 2834 5622 elfcctus
2877 5555 3125 5612 mulieris.
3181 5557 3439 5615 Erasmus
3485 5557 3725 5627 a/Tectus,

2128 5626 2305 5682 minus
2331 5640 2497 5683 reete.
2531 5625 2740 5683 ΡΑιιει..

2202 5699 2317 5769 Agit
2346 5703 2487 5766 prius
2516 5702 2797 5753 masculum
2836 5709 2886 5754 et
2928 5700 3192 5771 feminam,
3249 5711 3353 5759 etc.
3397 5702 3731 5758 Retnboldus

2129 5770 2385 5847 omiserat
2427 5771 2734 5839 conversari,
2764 5779 2819 5847 et
2846 5770 3105 5831 Erasmus
3130 5773 3315 5845 legeba
3368 5774 3570 5847 adjicit,
3595 5774 3729 5831 illud

2127 5857 2256 5901 vero
2284 5841 2447 5902 habet
2471 5851 2579 5901 vet.
2607 5856 2725 5901 exc.
2765 5841 2972 5902 Pansa.
