4214 6266
627 342 726 406 85f

2177 344 2380 402 LIBER

3895 341 4004 403 852

631 469 933 528 sanctitatis
978 473 1292 538 argumenta
1316 506 1334 532 ,
1383 463 1558 521 donec
1598 462 1801 520 diutius
1846 463 1989 521 inter
2031 463 2218 520 ambos
2245 463 2298 525 Α
2322 462 2639 528 ascendere,
2687 476 2825 535 quos
2868 471 2928 519 ut
2963 461 3032 521 de
3071 462 3183 521 alto
3220 463 3562 536 prmeipitet,
3617 461 3898 520 elaborat
3935 465 3998 523 ad

632 567 903 624 inimicam
934 563 1135 617 nutriat
1163 559 1529 616 concordiam.
1563 558 1716 615 Facit
1739 557 1980 615 affabiles
2013 559 2115 614 sibi
2145 561 2226 613 in-

630 658 804 713 vicem
847 664 902 710 et
944 654 1256 722 deservire,
1298 664 1355 709 et
1391 661 1694 709 assentator
1737 653 1961 708 infestus
1999 651 2224 719 impedi-

628 757 809 806 menta
840 762 1127 804 removens
1156 749 1406 803 universa
1428 789 1444 812 ,
1475 745 1775 803 commodis
1805 760 1990 800 eorum
2029 745 2223 815 gaudet

627 841 918 898 efﬁcaciam
961 841 1339 906 commodare;
1372 848 1430 895 ut
1467 848 1578 894 tota
1617 853 1713 894 eos
1748 837 2094 907 sibimetipsis
2131 851 2220 892 ne-

623 937 876 991 cessitate
899 933 1308 1001 commendans,
1338 935 1594 990 exhibere
1624 947 1720 990 eos
1747 933 1916 1002 possit
1943 932 1995 986 in
2025 932 2222 986 alteru—

626 1038 768 1084 trum
808 1029 961 1083 solita
999 1029 1368 1084 consolatione
1409 1027 1665 1098 pendere.
1713 1025 1830 1081 Non
1871 1025 1988 1078 vult
2029 1039 2122 1080 eos
2168 1025 2220 1078 in

627 1121 810 1188 aliquo
858 1120 1136 1191 impedire,
1188 1136 1256 1176 ne
1295 1127 1512 1190 separet
1554 1130 1660 1174 tam
1707 1118 2019 1187 spiritaliter
2059 1132 2220 1188 quam

625 1214 936 1268 carnaliter.
963 1213 1316 1268 Inconcussos
1341 1211 1507 1267 efﬁcit
1532 1213 1735 1275 vivere,
1762 1227 1829 1264 ne
1857 1210 1971 1279 ipsa
1999 1210 2221 1264 societa-

623 1307 694 1362 tis
741 1308 888 1362 initia
935 1307 1220 1362 immaturo
1260 1316 1502 1373 tempore
1546 1303 1749 1359 fmdera
1789 1312 1965 1372 coepta
2003 1311 2220 1357 contur-

620 1398 772 1454 bent.
801 1397 978 1468 Usque
1006 1398 1139 1452 adeo
1167 1397 1310 1462 illos,
1334 1395 1641 1451 videntibus
1669 1395 1895 1456 cunctis.
1924 1393 1989 1448 ad
2015 1392 2219 1464 perfec-

621 1501 734 1547 tum
767 1492 1064 1548 sanctitatis
1096 1491 1318 1555 invitat,
1357 1489 1537 1555 fovet,
1567 1489 1813 1544 sublevat
1843 1506 1858 1543 :
1889 1496 1948 1542 ut
1977 1488 2069 1542 Dei
2097 1503 2216 1544 esse

625 1595 938 1656 computent
980 1585 1236 1640 beneﬁcia
1265 1585 1378 1654 ipsa
1406 1583 1693 1647 contraria,
1725 1581 1920 1651 quibus
1949 1579 2214 1636 inducun-

624 1689 714 1734 tur
748 1687 806 1732 ttt
855 1688 1095 1749 pereant;
1143 1679 1444 1732 nescientes
1495 1690 1785 1745 numquam
1831 1675 1994 1728 Deum
2029 1674 2218 1744 juvare

621 1771 765 1841 quod
797 1781 961 1826 vetat.
993 1771 1198 1840 Quibus
1228 1771 1278 1824 in
1309 1779 1514 1824 tantum
1542 1768 1786 1823 diabolus
1815 1767 2096 1822 blandiens
2127 1783 2213 1822 se-

2329 559 2540 613 culmen
2571 557 2914 614 adversarius
2946 558 3235 628 protelare.
3265 559 3371 615 Sed
3411 574 3679 616 necesse
3711 568 3806 614 est
3834 561 3997 615 cadu-

2327 649 2405 704 cis
2441 649 2676 719 lapsibus
2703 649 2992 716 elidantur,
3025 651 3117 720 qui
3153 651 3292 705 viam
3325 651 3609 706 lubricam
3645 661 3991 720 tenuerunt,

2326 743 2396 799 de
2423 759 2526 813 qua
2568 741 2824 799 Salomon
2852 745 2929 799 sic
2971 743 3256 814 praedicat,
3289 744 3474 800 dicens
3523 763 3540 800 :
3595 745 3712 800 Est
3757 746 3847 800 via
3877 764 3989 816 qua:

2326 837 2535 892 videtur
2563 838 2702 907 apud
2746 837 2990 893 homines
3029 848 3174 893 recta
3217 853 3372 904 esse;
3417 839 3767 895 novissima
3809 851 3986 897 autem

2327 932 2445 1002 ejus
2473 933 2695 1010 veniunt
2724 933 2775 986 in
2807 931 3129 1002 profundum
3160 932 3525 992 infernorum.

2397 1023 2501 1080 Sed
2545 1024 2693 1079 aiunt
2736 1041 2750 1080 :
2800 1024 2855 1080 Si
2900 1025 2968 1080 de
2995 1024 3096 1080 hac
3133 1027 3526 1093 conjunctione
3571 1026 3789 1082 clerici
3820 1027 3985 1084 deno-

2328 1125 2523 1181 tantur,
2560 1115 2779 1170 notandi
2808 1126 2929 1170 sunt
2961 1119 3124 1172 etiam
3159 1118 3327 1171 sancti
3362 1117 3630 1189 plerique
3663 1120 3976 1176 nobiscum.

2323 1207 2471 1264 Sicut
2497 1210 2696 1276 Helias,
2725 1212 2814 1280 qui
2841 1214 3035 1266 mansit
3063 1211 3203 1281 apud
3229 1210 3444 1266 viduam
3477 1230 3494 1266 :
3531 1214 3669 1268 sive
3699 1214 3975 1284 Apostoli,

2323 1302 2417 1373 qui
2467 1303 2719 1359 mulieres
2778 1320 2959 1361 secum
3008 1305 3233 1360 comites
3284 1306 3804 1363 circumducebant
3858 1325 3873 1362 :
3922 1319 3976 1364 ut

2322 1393 2580 1459 Joannes,
2613 1396 2703 1465 qui
2733 1406 2959 1452 matrem
2993 1397 3200 1452 Domini
3227 1398 3568 1466 assumpsit,
3613 1399 3832 1454 eodem
3879 1401 3973 1456 Do-

2324 1491 2472 1545 mino
2503 1490 2813 1560 delegante;
2842 1503 2933 1547 aut
2960 1492 3073 1562 ipse
3103 1491 3379 1558 Dominus,
3409 1492 3496 1547 cui
3534 1491 3615 1547 de
3648 1494 3776 1549 suis
3809 1493 3969 1549 facul-

2326 1583 2522 1637 tatibus
2547 1583 2799 1638 alimenta
2839 1584 3164 1653 praestabant
3190 1584 3384 1654 aliqum
3418 1584 3710 1640 mulieres
3754 1585 3969 1656 religio-

2323 1693 2417 1738 sae.
2446 1677 2532 1730 cui
2564 1676 2725 1730 etiam
2751 1675 2953 1732 Martha
2984 1676 3322 1731 ministrabat
3359 1675 3426 1730 ad
3458 1692 3762 1742 mensam,
3794 1687 3852 1732 et
3878 1682 3961 1749 qui

2322 1771 2667 1842 singulariter
2696 1771 2905 1825 locutus
2935 1781 3018 1825 est
3042 1769 3107 1824 ad
3137 1779 3354 1840 puteum
3396 1769 3614 1824 sedens
3660 1786 3794 1826 cum
3839 1772 3961 1827 alic—

617 1865 902 1920 curitatem
947 1871 1213 1935 praeparat
1254 1862 1622 1918 sanctimoniae
1649 1903 1663 1927 ,
1702 1871 1760 1915 ut
1795 1860 2115 1929 conjunctos
2157 1875 2216 1916 se
2247 1868 2295 1927 B
2324 1865 2518 1930 nigena
2571 1861 2797 1916 muliere
2839 1863 3196 1928 Samaritana,
3238 1863 3319 1918 vel
3362 1863 3447 1917 cui
3479 1864 3848 1919 recnmhenti
3887 1864 3956 1920 fe-

618 1959 788 2029 magis
835 1959 1105 2012 :estimcnt
1149 1970 1309 2024 quam
1353 1954 1669 2024 disiunctas,
1725 1951 2029 2007 immobiles
2073 1953 2215 2008 circa

617 2049 897 2105 libidinem
935 2047 1232 2118 perdurare
1261 2063 1274 2098 :
1305 2059 1442 2115 quos
1477 2059 1600 2098 cum
1637 2043 1786 2098 omni
1831 2044 2217 2114 tranquillitate

616 2143 916 2206 deducens,
959 2140 1120 2194 nullis
1149 2137 1409 2208 procellis
1434 2145 1528 2190 aut
1557 2134 1808 2190 ﬂuctibus
1837 2136 2129 2206 inquietat;
2163 2147 2218 2192 et

612 2235 765 2290 velut
808 2235 858 2288 in
901 2232 1080 2287 medio
1117 2229 1254 2285 mari
1293 2231 1471 2285 minus
1511 2240 1701 2284 cautor.
1731 2227 1935 2283 inducit
1974 2229 2217 2283 relaxare

612 2328 752 2391 vela,
788 2341 887 2380 nec
915 2339 1158 2392 qurerere
1186 2322 1572 2394 gubernacula,
1606 2330 1664 2375 ut
1689 2320 1862 2375 subita
1897 2331 2216 2391 tempeState

618 2417 940 2481 concitatos,
975 2416 1262 2485 naufragos
1298 2430 1363 2470 ex
1398 2415 1665 2484 insperata
1694 2415 2060 2470 commotione
2087 2416 2214 2470 sub-

611 2521 838 2579 mergat.
872 2509 1020 2563 llanc
1061 2509 1234 2577 primo
1258 2507 1481 2562 exhibet
1509 2507 1823 2575 lenitatem,
1862 2517 1919 2562 ut
1944 2507 2078 2562 duas
2120 2525 2214 2563 na-

611 2616 706 2657 ves
739 2601 971 2655 oblectet
997 2599 1062 2652 ad
1093 2599 1322 2654 invicem
1349 2597 1672 2663 convenire;
1701 2614 1836 2669 quas
1875 2616 1996 2655 cum
2027 2601 2218 2656 fecerit

611 2694 847 2765 junctas,
881 2691 1172 2759 repentinis
1205 2691 1503 2746 turbinibus
1549 2691 1601 2746 in
1659 2695 1980 2764 setnetipsas
2009 2694 2214 2750 elidere

610 2787 784 2856 possit
805 2794 860 2840 et
880 2784 1124 2854 frangere
1156 2804 1168 2839 :
1200 2795 1255 2840 et
1280 2783 1364 2838 his
1391 2785 1554 2838 utitur
1576 2785 1972 2850 blandimentis,
2001 2798 2057 2842 ut
2084 2790 2214 2844 sub-

606 2879 797 2934 tractis
835 2875 1088 2932 omnibus
1114 2876 1305 2946 jaculis
1345 2892 1694 2945 compescens
1729 2878 1987 2944 adversa,
2025 2895 2216 2951 sugge-

606 2985 735 3025 rens
786 2983 1082 3039 prospera,
1139 2967 1339 3024 tamdiu
1397 2969 1626 3039 sopitum
1687 2971 1862 3040 ignem
1916 2973 2034 3027 sine
2090 2973 2214 3028 ullis

605 3061 838 3118 ﬂammis
867 3047 1135 3130 occultet,
1164 3061 1337 3117 donec
1369 3062 1502 3117 duas
1533 3061 1734 3118 faculas
1756 3065 2021 3135 jungens,
2053 3066 2213 3121 simul

604 3157 795 3212 ambas
821 3156 1078 3212 accendat
1118 3173 1134 3212 :
1167 3166 1221 3212 et
1262 3158 1463 3211 tamdiu
1504 3167 1682 3213 cessat
1710 3160 1930 3214 saavitiat
1955 3173 2067 3214 sua:
2110 3161 2212 3216 tela

2321 1957 2466 2011 mina
2493 1955 2745 2026 lacrymis
2771 1954 2938 2026 pedes
2965 1955 3112 2017 lavit,
3143 1965 3197 2009 et
3223 1954 3431 2022 capillis
3460 1955 3737 2011 extersit.
3768 1956 3954 2011 Callidi

2319 2058 2785 2120 argumentatores
2824 2057 2879 2102 ct
2911 2046 3206 2118 jurisperiti
3238 2045 3456 2102 fallaces
3493 2066 3507 2102 :
3545 2049 3649 2117 qui
3691 2047 3820 2103 dum
3859 2061 3950 2103 cu-

2326 2145 2476 2214 piunt
2525 2141 2862 2213 przcvaricari
2907 2140 3299 2196 controversias
3341 2141 3717 2212 actionesque
3761 2156 3945 2197 eausa-

2320 2253 2460 2303 rum,
2511 2237 2671 2291 etiam
2716 2237 2831 2305 ipsa
2875 2235 2993 2305 jura
3041 2242 3436 2300 transvertuut;
3485 2246 3548 2290 et
3600 2249 3732 2290 cum
3761 2234 3941 2289 nolunt

2325 2327 2753 2396 competentibus
2790 2325 3028 2383 coerceri
3070 2327 3396 2397 jussiunibus
3442 2328 3655 2398 legum,
3714 2329 3784 2398 ad
3827 2327 3936 2383 illu-

2335 2420 2542 2476 dcndos
2574 2420 2782 2490 judices
2821 2419 3315 2474 inconvenientibus
3353 2420 3632 2489 exemplis
3679 2420 3825 2474 velut
3861 2419 3932 2474 si-

2332 2515 2488 2570 miles
2507 2512 2996 2583 conjecturasjuris
3022 2511 3314 2582 objiciunt:
3342 2510 3434 2582 qui
3458 2527 3558 2581 per
3583 2511 3927 2568 Salomonem

2325 2611 2494 2679 ipsius
2525 2610 2655 2679 legis
2693 2610 2984 2680 sagacitate
3018 2609 3316 2678 produntur
3347 2625 3360 2661 :
3396 2607 3684 2675 Peccator,
3722 2609 3918 2677 inquit,

2329 2703 2490 2758 homo
2527 2704 2692 2756 evitat
2730 2701 3155 2771 correptionem,
3199 2708 3254 2754 et
3292 2700 3360 2754 ad
3404 2701 3738 2755 voluntatem
3776 2713 3920 2752 suam

2326 2796 2530 2850 invenit
2571 2795 3046 2864 comparationem.
3091 2793 3415 2864 Tales'ergo
3455 2810 3560 2848 non
3606 2809 3699 2862 per
3725 2791 3918 2846 oratio-

2319 2907 2461 2956 nem,
2509 2891 2603 2947 sed
2642 2908 2739 2963 per
2775 2891 3167 2946 correctionem
3206 2890 3387 2960 potius
3425 2888 3726 2944 revincendi
3756 2896 3902 2949 sunt,

2318 2995 2374 3040 ut
2424 3003 2530 3041 non
2583 2994 2707 3040 ante
2758 2983 3122 3054 interpretatis
3170 2982 3504 3038 orationibus
3553 2983 3905 3042 insuuantur,

2317 3093 2473 3149 quam
2513 3077 2829 3132 admiserint
2869 3076 3011 3146 quod
3051 3074 3118 3130 ad
3161 3073 3494 3130 defensionis
3536 3074 3782 3129 solatium
3827 3083 3910 3123 re-

2317 3183 2592 3242 pererunt;
2622 3171 2756 3225 sicut
2785 3184 2882 3225 nos
2905 3169 3163 3224 adversus
3199 3167 3498 3239 hujusmodi
3538 3167 3789 3221 homines
3816 3162 3907 3217 Sa-

604 3264 931 3318 supponere,
962 3247 1135 3304 donec
1163 3251 1302 3303 sicut
1343 3250 1546 3319 peritus
1582 3262 1804 3306 venator
1830 3267 1964 3321 quos
2000 3255 2208 3310 occisu-

2326 3256 2494 3322 lom'on
2527 3267 2755 3332 edocet,
2789 3266 2974 3322 dicens
3007 3283 3020 3319 :
3054 3265 3170 3320 Noli
3197 3308 3213 3332 ,
3245 3267 3441 3336 inquit,
3472 3262 3798 3332 respondere
3828 3260 3905 3313 in—

609 3357 704 3397 rus
754 3351 837 3395 est
876 3343 1052 3410 laquei
1087 3343 1169 3395 sui
1198 3342 1426 3397 vinculis
1463 3341 1660 3413 alliget.
1701 3347 1768 3398 At
1801 3347 1887 3400 ubi
1925 3347 2209 3403 indissolu-

605 3435 700 3490 bili
726 3443 913 3489 catena
943 3433 1224 3490 devinctos
1255 3436 1635 3504 adstrinxerit;
1664 3438 1810 3493 velut
1857 3441 2043 3496 lanista
2086 3459 2208 3510 pro-

605 3527 750 3580 tinus
799 3525 933 3581 duos
983 3526 1304 3597 gladiatores
1353 3527 1612 3585 adversus
1655 3531 1878 3585 invicem
1933 3535 2205 3603 compellit

602 3618 822 3681 armari;
847 3627 901 3673 et
929 3618 1156 3674 subinde
1184 3621 1472 3675 stimulans
1499 3622 1760 3689 membra,
1793 3624 1970 3678 statim
2000 3627 2205 3694 gladios

601 3725 784 3784 aptat,
825 3714 1004 3768 statim
1045 3715 1322 3770 succendit
1350 3715 1609 3769 insaniam
1635 3757 1649 3779 ,
1693 3725 1746 3770 et
1785 3716 2064 3772 vulnificos
2089 3735 2204 3774 am-

602 3813 790 3882 plexus
819 3813 1117 3882 impingens
1142 3851 1155 3872 ,
1197 3817 1483 3878 utrumque
1512 3809 1668 3862 simul
1703 3825 1807 3863 uno
1839 3810 1942 3864 ictu
1976 3812 2202 3866 mortifi-

597 3918 702 3958 cat.
746 3906 835 3959 Sic
876 3905 1105 3972 explicat
1134 3901 1273 3970 quod
1301 3909 1426 3954 ante
1464 3911 1717 3970 praestare
1745 3902 1973 3967 videtur,
2017 3907 2096 3960 sic
2133 3906 2202 3961 de

600 3998 826 4065 simplici
875 3995 1135 4047 charitate
1165 4008 1402 4046 amorem
1443 3994 1642 4047 contlat
1678 3995 1954 4062 illicitum,
1999 3999 2076 4052 sic
2105 4013 2200 4067 per

598 4089 939 4144 sanctitatem
970 4087 1070 4140 sibi
1101 4084 1305 4138 inducit
1332 4085 1626 4150 interitum;
1657 4086 1784 4141 dum
1806 4099 2090 4146 contentus
2117 4102 2200 4148 est

599 4182 814 4245 cedere,
841 4181 918 4233 sic
948 4178 1090 4233 valet
1116 4177 1303 4231 fortius
1333 4190 1617 4244 occupare;
1646 4186 1700 4231 et
1730 4177 1856 4233 dum
1882 4183 2198 4238 summissus

597 4275 798 4345 patitur
839 4271 1186 4338 semetipsum
1235 4269 1476 4340 praebere
1518 4269 1785 4326 devictum
1811 4314 1826 4336 ,
1870 4274 1946 4329 sic
1991 4277 2196 4344 plenius

597 4365 884 4422 devincere
922 4363 1199 4434 gloriatur.
1233 4361 1395 4431 Cujus
1430 4365 1691 4421 versutias
1743 4364 1937 4421 Paulus
1978 4377 2195 4438 προδιο-

595 4460 682 4514 lus
713 4458 790 4512 sic
820 4457 1098 4527 intelligit,
1147 4455 1334 4512 dicens
1361 4470 1375 4508 :
1408 4453 1525 4511 Non
1555 4460 1698 4511 enim
1731 4458 2038 4529 ignoramus
2058 4504 2071 4526 ,
2113 4464 2195 4519 in-

592 4554 728 4624 quit,
761 4552 983 4608 astutias
1010 4552 1147 4621 ejus.
1195 4551 1332 4606 Male
1361 4551 1540 4622 itaque
1570 4553 1622 4608 in
1655 4554 1753 4609 hac
1789 4558 2194 4630 participatione

2314 3361 2524 3430 sipienti
2555 3361 2619 3415 ad
2649 3362 2816 3431 ipsius
2849 3361 3231 3431 insipientiam,
3260 3377 3326 3416 ne
3348 3361 3533 3414 similis
3561 3359 3654 3411 fias
3683 3358 3776 3420 illi;
3808 3356 3904 3409 sed
3973 3429 3978 3433 _

2314 3455 2578 3524 responde
2606 3454 2875 3524 insipienti
2906 3465 3089 3522 contra
3117 3456 3275 3525 ipSius
3298 3453 3671 3524 insipientiam,
3699 3461 3759 3505 ut
3783 3464 3889 3504 non

2311 3548 2553 3602 videatur
2582 3547 2683 3602 sibi
2712 3549 2925 3618 sapiens
2954 3563 3094 3603 esse.

2384 3642 2589 3697 Revera
2631 3641 2807 3712 magni
2844 3637 3088 3696 homines
3114 3642 3203 3710 qui
3247 3655 3305 3696 se
3331 3647 3642 3710 comparant
3666 3637 3890 3696 sanctis,

2309 3748 2363 3791 et
2413 3737 2606 3791 eximia
2661 3737 3000 3790 conversatio
3054 3743 3267 3799 nostra,
3319 3750 3438 3804 qnze
3488 3731 3757 3802 Proplietis
3809 3729 3886 3780 vcl

2308 3827 2580 3898 Apostolis
2609 3827 2852 3882 videatur
2895 3828 3134 3898 atqualis.
3181 3827 3257 3880 Ad
3304 3825 3636 3881 occasionem
3674 3819 3880 3875 luxuria:

2310 3932 2505 3977 nostra:
2533 3922 2582 3976 in
2613 3935 2925 3992 perversum
2956 3932 3168 3976 sanctos
3196 3920 3442 3973 volumus
3471 3917 3654 3972 imitari
3690 3929 3704 3979 ;
3753 3921 3801 3967 et
3830 3909 3876 3963 in

2306 4027 2532 4072 cmteros
2577 4027 2726 4071 actus
2772 4017 2991 4086 vestigia
3039 4018 3303 4084 justorum
3352 4015 3596 4067 nolumus
3641 4008 3799 4078 sequi.
3829 4003 3880 4056 In

2305 4108 2622 4177 quibusdam
2651 4108 2889 4162 infirmos
2915 4122 3010 4161 nos
3035 4119 3352 4161 excusemus
3378 4103 3444 4158 ad
3490 4099 3733 4158 imitanda
3758 4095 3881 4150 facta

2307 4200 2566 4270 majorum
2591 4218 2604 4265 ;
2634 4211 2686 4253 et
2711 4200 2760 4254 in
2786 4199 2901 4253 aliis
2931 4213 3027 4252 nos
3057 4198 3290 4268 arquales
3315 4196 3610 4266 majoribus
3639 4199 3879 4263 proteSIa—

2305 4309 2423 4347 tnur
2448 4311 2460 4345 :
2490 4308 2610 4347 cum
2639 4292 2813 4346 llelias
2841 4292 2955 4358 ipse
2992 4291 3045 4345 in
3084 4290 3324 4361 anguStia
3351 4289 3702 4351 constitutus,
3731 4284 3880 4350 impa-

2303 4401 2416 4439 rem
2443 4401 2501 4440 se
2547 4386 2783 4456 patribus
2823 4385 2934 4438 suis
2960 4393 3082 4438 ante
3116 4385 3281 4437 Deum
3309 4382 3556 4436 fateatur.
3601 4371 3876 4444 Numquid.

2302 4479 2500 4548 inquit,
2532 4477 2722 4533 melior
2743 4494 2858 4531 sum
2892 4477 3127 4547 patribus
3157 4476 3334 4530 meis?
3362 4474 3473 4528 Hoc
3510 4473 3686 4529 Helias
3710 4470 3770 4523 de
3793 4480 3877 4518 an-

2303 4571 2658 4627 tecessoribus
2697 4571 2807 4624 suis
2841 4571 2892 4625 in
2932 4570 3240 4624 infirmitate
3266 4583 3360 4623 sua
3398 4568 3612 4638 cogitur
3634 4561 3876 4620 exclama-

591 4647 771 4718 pacati
809 4655 952 4711 sunt,
995 4646 1087 4716 qui
1126 4645 1193 4699 ad
1223 4645 1360 4700 bella
1393 4646 1706 4715 paciﬁcante
1743 4647 1959 4732 diabolo
2001 4653 2194 4722 perdu-

2327 4681 2394 4720 e:
2443 4674 2498 4720 et
2545 4680 2642 4718 nos
2685 4663 2850 4718 Helia:
2898 4663 2979 4718 vel
3025 4662 3344 4731 Pmphetis,
3386 4670 3440 4716 et
3484 4657 3784 4732 Apostolis,
3832 4657 3877 4704 et

591 4749 804 4804 cuntur,
836 4749 890 4793 et
927 4751 1030 4792 non
1072 4738 1209 4792 bene
1249 4738 1301 4791 in
1341 4739 1625 4796 sanctitate
1663 4743 1962 4810 proficiunt,
2001 4747 2194 4816 quibus

596 4832 662 4886 ad
690 4833 1068 4887 detrimentum
1093 4831 1364 4901 profectus
1391 4832 1505 4901 ipse
1529 4833 1724 4888 inimici
1754 4837 1977 4892 artiﬁcio
2003 4839 2191 4897 subor-

590 4933 785 4990 natur;
815 4939 915 4979 nec
954 4932 1102 4980 recto
1129 4937 1289 4979 cursu
1320 4924 1613 4980 moliuntur
1650 4931 1992 4987 continentia:
2018 4936 2190 4990 scalas

2301 4755 2530 4810 Domino
2557 4756 2804 4809 virtutem
2847 4764 3082 4810 nostram
3124 4769 3228 4807 non
3282 4752 3589 4807 dubitamus
3640 4731 3875 4818 azqitare?

2296 4846 2466 4905 Video
2510 4849 2664 4918 plane
2708 4848 2786 4903 sic
2831 4847 2971 4918 apud
3017 4863 3114 4903 vos
3161 4848 3356 4903 calcari
3407 4846 3718 4908 avaritiam,
3755 4839 3875 4892 sicut

2296 4940 2536 5011 Apostoli
2577 4941 2790 5010 prOpria
2821 4948 3012 4994 cuncta
3040 4938 3376 4994 dimiserunt.
3410 4937 3578 4992 Video
3625 4929 3872 5003 crapulam

1918 5047 2099 5104 EDIT.
2117 5052 2325 5111 OXON.
2345 5053 2569 5111 NOTAE.

657 5152 726 5207 In
760 5151 1052 5222 semetipsos
1091 5151 1295 5206 elidere.
1359 5151 1571 5208 Censeo
1622 5153 1904 5226 legendum
1966 5162 2186 5218 illidere.

659 5295 836 5366 Ignem
889 5295 997 5366 sine
1023 5293 1159 5366 pullis
1200 5293 1420 5363 ﬂammis
1449 5297 1682 5351 occultet.
1733 5231 2185 5360 licetEAgiszitlo-

583 5365 769 5447 rellius
792 5375 850 5447 _c_t
875 5365 1100 5447 Gravius
1129 5381 1250 5447 cum
1283 5375 1385 5420 vet.
1411 5381 1528 5421 exc.
1562 5380 1616 5424 et
1644 5369 1968 5430 Remboldus
1999 5391 2094 5446 pro
2120 5395 2186 5434 eo

583 5439 726 5510 quod
756 5438 844 5510 alii
870 5437 1104 5491 occultat.
1139 5436 1344 5492 ΡΑιιει.

652 5508 720 5563 Et
786 5509 907 5562 dum
965 5510 1280 5564 summissus.
1338 5509 1549 5580 Adjicio
1619 5512 1741 5567 dum
1793 5525 1847 5570 et
1899 5523 2013 5574 vct.‘
2062 5535 2179 5576 exc.

1887 5591 1905 5620 )

1865 5588 1905 5641 Ρ
2057 5629 2068 5643 .

648 5652 1407 5733 Controversias._actionesqttq
1431 5670 1724 5733 cpit-tarum.
1767 5606 2176 5733 GenlsxiquUO-

577 5741 678 5804 que
705 5737 784 5804 cit
814 5721 926 5777 inec
957 5725 1134 5791 lectio,
1166 5737 1220 5780 et
1250 5721 1578 5804 Reniboltlus
1620 5743 1714 5797 pro
1741 5746 1805 5784 eo
1832 5733 1972 5800 quod
2015 5721 2172 5804 repo-

575 5792 680 5846 suit
730 5792 985 5848 Erasmus
1019 5815 1032 5850 :
1070 5807 1414 5853 controversas
1458 5792 1700 5865 actiones,
1743 5792 2167 5870 qum-causarum.

1853 5872 2058 5924 Pun-2L.

1896 5889 2058 5930 αει..

2364 5167 2496 5295 SedP
2513 5186 2600 5237 per
2625 5169 3003 5224 correctionem.
3038 5167 3221 5224 Placet
3248 5177 3302 5226 et
3329 5169 3430 5226 ista
3475 5183 3571 5241 pro
3618 5161 3866 5233 correptio-
3963 5225 3972 5235 _

2364 5258 2423 5293 an
2501 5257 2664 5295 ause.

2291 5257 2423 5294 "EHL
2459 5257 2664 5296 νΑΗΕι.

2367 5332 2429 5386 Et
2478 5333 2530 5386 in
2561 5344 2766 5387 caeteros
2807 5343 2968 5388 actus.
3012 5333 3185 5388 Etiam
3228 5334 3342 5389 haec
3372 5349 3468 5404 pro
3505 5335 3654 5389 inter.
3683 5331 3862 5386 ΡΑιιειη

2374 5423 2530 5478 Video
2589 5427 2738 5494 plane
2783 5427 2875 5480 sic.
2947 5427 3012 5482 Et
3041 5427 3126 5481 hic
3173 5436 3226 5482 et
3295 5428 3452 5496 paulo
3511 5439 3631 5498 post
3694 5418 3866 5487 adjecit

2291 5498 2625 5560 negationem
2704 5514 2839 5564 non,
2923 5499 3220 5564 Erasmus;
3285 5501 3378 5554 sed
3437 5516 3540 5554 non
3599 5506 3680 5554 est
3725 5503 3859 5561 opus-

2290 5565 2386 5622 Εηι
2415 5569 2750 5642 enituironia
2769 5609 2783 5633 ,
2815 5571 2951 5625 sicut
2980 5582 3030 5624 et
3061 5570 3114 5624 in
3139 5588 3204 5625 eo
3230 5571 3371 5642 quod
3405 5573 3646 5640 sequitur
3673 5576 3861 5642 φθηον

2280 5656 2360 5698 co.
2393 5652 2496 5694 etc.
2528 5638 2671 5693 lilem
2701 5649 2784 5694 est
2808 5642 3065 5710 judicium
3096 5644 3165 5698 de
3192 5638 3274 5697 his
3300 5638 3548 5712 adjuncta
3579 5644 3646 5695 ab
3675 5639 3760 5692 illo
3781 5647 3862 5685 ue-

2277 5714 2510 5782 gatione,
2539 5712 2604 5766 ad
2635 5712 2776 5766 illam
2809 5720 3151 5782 sententiam,
3185 5717 3229 5769 si
3253 5716 3483 5770 Christus
3504 5714 3851 5784 seipstmt,_elc-

2275 5781 2575 5856 praesertim
2629 5785 2673 5842 si
2727 5786 2966 5859 legamus
3015 5805 3137 5846 cum
3182 5789 3288 5847 illis
3332 5790 3456 5862 facit
3507 5781 3608 5914 pr:
3656 5781 3810 5854 faciet-

3015 5901 3024 5912 .
3610 5868 3758 5913 AIBL.

3610 5868 3758 5913 ΔΙΒῐ..
