4214 6266
377 264 486 329 855

1421 265 1509 322 DE
1547 263 2100 325 SINGULARITATE
2139 263 2603 323 CLERICORUM.

3571 270 3681 332 834

374 391 428 439 et
457 381 770 439 ebrietatem
796 381 872 437 sic
903 381 1091 445 vestris
1120 381 1382 438 conviviis
1412 382 1598 439 abesse
1618 425 1633 449 ,
1666 382 1806 439 sicut
1832 384 1976 453 Apo-
2002 383 2055 449 Α
2078 382 2402 452 gloriantes,
2443 382 2541 439 sed
2584 383 2650 439 ad
2702 397 3010 447 mensuram
3047 385 3235 456 gratia:
3259 427 3275 452 ,
3306 403 3469 459 quam
3522 390 3680 447 nobis

374 473 499 530 stoli
545 473 678 528 nihil
723 473 980 532 habentes
1025 475 1329 546 frequenter
1371 477 1541 531 coacti
1584 486 1707 532 sunt
1746 476 1967 534 esurire.

376 566 654 638 C0gnosco
697 567 872 622 taliter
915 568 969 622 in
1023 567 1176 623 nobis
1218 568 1452 641 jejunia,
1506 569 1688 635 sitim,
1741 570 1973 638 famem,

375 660 670 715 nuditatem
700 671 917 731 propter
941 660 1247 718 instantiam
1287 660 1546 719 doctrinae
1575 662 1743 718 solius
1781 663 1977 733 ubique

379 749 613 826 pollere,
652 754 791 809 sicut
819 754 871 808 in
915 754 1185 824 Apostolis
1230 755 1455 825 legimus
1484 754 1881 824 triumphasse:
1923 764 1978 811 et

377 846 743 919 approbantur
780 846 922 918 apud
949 863 1046 902 nos
1074 847 1265 905 eadem
1290 846 1546 903 exercitia
1572 846 1781 904 fervere
1806 849 1976 904 virtu-

377 949 489 995 tum
511 981 524 1003 ,
556 939 748 1010 quibus
790 939 1030 1011 Apostoli
1060 941 1237 996 omnia
1264 941 1392 996 vitia
1430 950 1783 997 tremuerunt.
1812 940 1978 999 Plane

377 1032 728 1106 quadraginta
754 1032 961 1088 dierum
994 1032 1259 1104 jejunium
1290 1032 1499 1089 Domini
1528 1030 1848 1090 medita'mur
1868 1077 1883 1101 ,
1925 1042 1979 1090 et

377 1128 649 1183 orationes
695 1126 1053 1197 excubiasque
1102 1127 1297 1198 quibus
1349 1127 1436 1182 ille
1506 1142 1603 1198 per
1663 1127 1977 1185 solitudines

379 1222 540 1278 etiam
572 1231 831 1277 nocturna
872 1220 1084 1275 silentia
1130 1221 1430 1292 rumpebat.
1460 1219 1729 1292 Numquid
1775 1222 1978 1278 similes

380 1328 580 1388 agones
616 1312 1018 1384 frequentamus
1058 1322 1243 1369 contra
1280 1314 1565 1371 luctamina
1605 1312 1875 1381 vitiorum,
1923 1322 1978 1368 et

379 1409 458 1465 sic
481 1407 687 1479 agimus
725 1406 900 1477 rigore
921 1447 936 1473 ,
965 1408 1277 1463 austeritate
1298 1449 1313 1475 ,
1349 1408 1546 1478 vigiliis
1565 1448 1580 1474 ,
1614 1406 1976 1478 passionibus,

379 1498 598 1564 labore,
637 1498 991 1563 necessitate,
1031 1496 1323 1554 afﬂictione
1346 1540 1361 1564 ,
1392 1499 1745 1566 abstinentia,
1788 1499 1980 1572 quibus

380 1599 600 1665 peccata
643 1591 937 1656 calcantur,
989 1601 1046 1648 ut
1093 1608 1253 1649 nemo
1285 1593 1354 1650 de
1401 1594 1555 1651 nobis
1601 1594 1729 1651 mali
1778 1596 1979 1668 aliquid

379 1685 843 1756 snspicetur?Per
868 1699 988 1757 quae
1030 1684 1229 1742 Paulus
1278 1688 1554 1761 apostolus
1595 1689 1977 1745 conscientiam

2080 490 2297 530 mensus
2321 485 2405 531 est
2426 476 2585 532 Deus.
2620 476 2835 533 Etenim
2859 477 3285 547 contemplamur
3307 481 3449 552 quod
3482 483 3675 540 iterum

2078 562 2216 623 dixit
2245 585 2258 621 :
2298 565 2426 622 Plus
2461 566 2529 623 ab
2556 567 2660 623 illis
2697 568 2948 624 omnibus
2984 568 3254 636 laboravi,
3293 570 3423 627 nihil
3451 575 3677 641 melius,

2079 657 2209 713 nihil
2238 660 2411 729 aptius
2442 658 2571 714 mihi
2596 661 2936 731 proponitur,
2967 660 3108 719 unde
3128 662 3358 728 vincam.
3391 665 3495 721 nisi
3525 674 3582 721 ut
3607 668 3675 725 de

2079 751 2198 823 ipso
2222 750 2292 808 de
2316 766 2424 823 quo
2448 752 2577 811 mihi
2608 752 3000 823 praescribitur,
3039 768 3139 824 ego
3164 755 3276 825 ipse
3302 758 3675 827 praescribam.

2079 843 2239 900 Certe
2269 844 2389 915 plus
2418 843 2667 901 omnibus
2695 846 2809 915 ipse
2835 845 3126 913 laboravit,
3156 855 3214 903 et
3242 856 3420 905 tamen
3454 851 3523 906 ad
3557 867 3682 907 mu.

2080 936 2240 994 lieres
2265 938 2743 995 circumducendas
2782 939 3015 1010 collegas
3053 954 3182 999 suos
3222 940 3418 998 imitari
3460 952 3682 1000 centre.

2080 1031 2236 1097 muit,
2265 1046 2333 1086 ne
2361 1045 2421 1087 se
2443 1031 2509 1087 ad
2532 1032 2807 1089 interitum
2827 1032 3118 1101 subjiceret
3139 1035 3421 1091 teutatioui
3446 1039 3672 1093 carnali.

2079 1119 2233 1178 Unde
2254 1121 2368 1191 ipse
2393 1124 2654 1179 rationem
2684 1124 2762 1181 sic
2787 1122 3039 1187 reddidit,
3062 1124 3248 1182 dicens
3273 1144 3286 1180 :
3312 1126 3448 1198 Ego,
3479 1129 3674 1200 inquit,

2080 1211 2159 1267 sic
2189 1227 2380 1279 curro,
2417 1228 2523 1273 non
2550 1215 2701 1285 quasi
2750 1215 2805 1273 in
2851 1215 3113 1273 incertum
3148 1233 3161 1270 :
3209 1216 3287 1273 sic
3324 1232 3538 1289 pugno,
3574 1235 3679 1276 non

2082 1305 2231 1375 quasi
2257 1319 2436 1360 aerem
2475 1306 2708 1373 cgedens,
2748 1305 2845 1365 sed
2887 1304 3067 1377 afﬂigo
3095 1323 3293 1378 corpus
3336 1326 3517 1368 meum
3545 1322 3600 1368 et
3632 1314 3683 1367 in

2082 1397 2398 1453 servitutem
2442 1398 2665 1470 redigo,
2715 1414 2784 1455 ne
2832 1399 2971 1459 forte
3015 1399 3136 1457 aliis
3186 1401 3524 1472 praedicans,
3572 1405 3685 1474 ipse
3760 1429 3767 1439 τ

2082 1494 2344 1564 reprobus
2370 1496 2632 1553 inveniar.
2667 1496 2801 1553 Huic
2824 1512 2955 1568 ergo
2991 1506 3044 1554 te
3077 1512 3328 1568 compara
3349 1541 3365 1565 ,
3400 1500 3490 1571 qui
3534 1502 3680 1570 Apo-

2084 1589 2285 1651 stolum
2307 1589 2514 1660 jactas;
2546 1600 2600 1646 et
2625 1607 2691 1647 ex
2715 1592 2833 1661 ipso
2860 1592 3010 1648 disce
3035 1593 3161 1663 quid
3186 1603 3393 1657 metuas
3411 1637 3425 1661 ,
3456 1596 3547 1667 qni
3574 1597 3688 1651 cla-

2085 1693 2197 1740 mat
2221 1692 2277 1740 et
2317 1684 2446 1741 dicit
2475 1704 2489 1739 :
2531 1684 2640 1741 Oro
2668 1701 2786 1753 vos,
2815 1687 3110 1744 imitatores
3136 1688 3240 1743 mei
3270 1698 3462 1744 estote.
3491 1689 3675 1746 Noluit

381 1793 531 1836 suam
556 1778 854 1834 innotuisse
878 1778 1127 1835 omnibus
1165 1780 1464 1850 gloriatur:
1501 1780 1556 1836 In
1581 1782 1866 1850 omnibus,
1899 1782 1983 1838 in-
2012 1782 2061 1844 B
2089 1780 2270 1850 itaque
2315 1778 2385 1835 de
2433 1779 2749 1835 mulieribus
2788 1780 3255 1836 Circumducendis
3301 1783 3503 1839 habere
3551 1785 3701 1845 “du:

379 1873 513 1942 quit,
536 1870 977 1927 commendantes
1001 1873 1361 1942 nosmetipsos
1386 1874 1539 1945 quasi
1565 1874 1663 1931 Dei
1686 1874 1985 1945 ministros,

379 1963 434 2019 in
457 1964 844 2019 sustentatione
870 1964 1057 2031 multa,
1088 1965 1141 2019 in
1175 1968 1459 2035 pressuris,
1489 1967 1543 2023 in
1572 1967 1979 2035 tentationibns,

380 2057 434 2112 in
468 2055 932 2125 tribulationibus,
963 2056 1018 2112 in
1058 2058 1353 2129 angustiis,
1396 2060 1451 2116 in
1494 2060 1695 2132 plagis,
1728 2061 1781 2115 in
1807 2071 1986 2118 custo-

381 2149 517 2220 diis,
547 2149 600 2204 in
623 2149 963 2218 carceribus,
993 2150 1048 2205 in
1074 2150 1460 2222 seditionibus,
1525 2153 1579 2208 in
1629 2153 1983 2211 invocationi-

382 2242 501 2309 bus,
531 2243 582 2297 in
610 2242 902 2310 laboribus,
932 2243 983 2297 in
1014 2243 1238 2315 vigiliis,
1269 2245 1319 2301 iu
1345 2244 1601 2317 jejuniis,
1631 2247 1683 2303 in
1708 2247 1983 2316 castitate,

384 2334 439 2389 in
466 2334 722 2402 scientia,
749 2334 802 2389 in
831 2334 1267 2406 longanimitate,
1315 2338 1367 2391 in
1400 2336 1679 2406 bonitate,
1710 2339 1762 2393 in
1787 2338 1991 2411 Spiritu

385 2435 601 2496 sancto,
646 2427 699 2481 in
727 2427 987 2483 cbaritate
1022 2442 1127 2483 non
1167 2428 1288 2484 ﬁcta
1308 2472 1322 2497 ,
1352 2431 1404 2484 in
1432 2431 1598 2486 verbo
1626 2433 1898 2500 veritatis,
1931 2434 1987 2488 in

386 2520 589 2576 virtute
622 2520 735 2587 Dei,
765 2535 862 2591 per
894 2536 1044 2574 arma
1065 2522 1283 2592 justitiae
1308 2537 1337 2576 a
1361 2522 1566 2578 dextris
1595 2534 1649 2578 et
1678 2540 1708 2578 a
1735 2526 1985 2582 sinistris.

388 2612 471 2670 Ad
503 2614 600 2668 has
650 2612 975 2667 imitationes
1023 2612 1221 2668 inlirmi
1268 2628 1487 2681 sumus;
1528 2623 1583 2669 et
1621 2614 1689 2669 ad
1736 2616 1990 2672 mulieres

391 2705 868 2763 circumducendas
922 2705 1333 2779 possibilitatem
1398 2707 1551 2763 nobis
1615 2710 1990 2781 comparanda:

390 2796 704 2853 imitationis
730 2795 1110 2853 adsciscintus:
1141 2796 1285 2868 quod
1311 2797 1354 2854 si
1381 2797 1541 2854 etiam
1562 2809 1752 2853 cuncta
1776 2798 1987 2857 illorutu

389 2893 674 2965 quisquam
721 2908 781 2948 se
831 2892 1055 2961 implere
1098 2892 1353 2963 jactasset
1396 2910 1530 2961 ;me
1572 2903 1750 2951 tamen
1797 2896 1991 2952 nullius

389 2983 605 3040 suadela
636 2994 849 3055 poterat
887 2984 1182 3051 inclinare,
1233 2995 1293 3043 ut
1337 2986 1472 3042 alios
1517 3003 1659 3044 nunc
1703 2988 1991 3060 Apostolus

391 3077 698 3146 crederem,
721 3087 905 3134 contra
938 3081 1163 3153 apostoli
1190 3079 1338 3135 Pauli
1370 3079 1793 3151 professionem:
1816 3085 1979 3143 Num-

2091 1872 2270 1934 ciam;
2313 1871 2404 1942 qui
2435 1886 2540 1927 non
2580 1872 2859 1942 ignorabat
2884 1882 3143 1942 quantum
3186 1872 3308 1927 alia
3346 1874 3572 1933 virtutes
3616 1877 3685 1929 ab

2090 1962 2211 2019 aliis
2238 1962 2527 2021 virtutibus
2566 1962 2851 2030 diderant,
2881 1974 2937 2018 et
2983 1962 3145 2019 aliam
3188 1964 3482 2021 claritatem
3525 1966 3687 2033 solis,

2090 2064 2145 2111 et
2168 2054 2325 2109 aliam
2344 2054 2505 2123 lunae,
2533 2055 2693 2109 aliam
2717 2070 2844 2110 vero
2863 2053 3155 2120 stellarum,
3181 2054 3252 2111 de
3277 2054 3688 2112 cbarismatibus

2091 2148 2484 2207 Ecclesiasticis
2530 2148 2939 2209 similitudinem
2974 2163 3296 2218 comparans
3320 2150 3679 2206 intimaverat.

2090 2241 2196 2298 Sed
2251 2257 2349 2297 nos
2395 2250 2585 2304 contra
2638 2241 2709 2298 de
2752 2240 3048 2312 apostolica
3105 2240 3262 2297 nobis
3306 2243 3678 2313 comquatinne

2091 2335 2428 2404 blandimur,
2467 2351 2574 2392 non
2611 2334 2951 2395 intendentes
2977 2335 3191 2404 penitus
3218 2334 3346 2405 quid
3374 2334 3612 2405 Apostoli
3639 2344 3694 2389 et

2090 2428 2263 2485 sancti
2292 2442 2479 2487 omnes
2506 2426 2701 2485 invicta
2729 2428 2925 2487 virtute
2967 2438 3287 2498 gesserunt,
3315 2440 3371 2485 et
3414 2428 3690 2486 difﬁcilem

2076 2537 2343 2593 rumpere
2380 2522 2672 2594 quaerimus
2698 2524 2873 2587 aviam,
2902 2537 3026 2583 cum
3056 2538 3149 2593 per
3174 2521 3350 2581 facilia
3381 2523 3590 2594 planior
3614 2524 3686 2580 sit

2093 2615 2249 2671 nobis
2275 2615 2518 2685 apposita
2549 2632 2563 2680 ;
2593 2624 2779 2673 contra
2824 2614 3164 2681 Salomonem
3202 2616 3467 2677 dicentem
3499 2633 3515 2674 :
3560 2614 3681 2673 Non

2096 2713 2148 2761 te
2190 2706 2378 2763 credas
2402 2748 2416 2772 ,
2462 2707 2668 2778 inquit,
2699 2707 2806 2763 vim
2836 2706 3157 2774 laboriosis.
3208 2724 3277 2767 ne
3307 2725 3474 2780 ponas
3498 2708 3693 2766 animze

2096 2807 2199 2855 tua:
2221 2799 2552 2861 scandalum.
2583 2800 2695 2858 Nec
2732 2801 2870 2859 ullus
2896 2801 3233 2871 considerat,
3263 2802 3513 2873 quoniam
3552 2815 3689 2859 unus

2095 2905 2317 2946 securus
2343 2892 2397 2949 in
2437 2891 2641 2948 lubrico
2676 2891 2947 2963 graditur,
2977 2903 3032 2949 et
3060 2893 3198 2951 alius
3235 2894 3326 2964 qui
3357 2893 3529 2964 impar
3569 2904 3690 2959 est,

2095 2983 2290 3039 labitur
2347 3002 2362 3039 :
2407 2999 2543 3041 unus
2607 3000 2706 3057 per
2749 3000 2912 3056 rupes
2954 3000 3116 3047 cursu
3162 2995 3375 3047 montes
3415 2985 3696 3050 ascendit,

2105 3077 2241 3133 alius
2276 3078 2323 3134 si
2352 3093 2411 3134 se
2437 3080 2759 3145 coarctavit,
2806 3080 2969 3141 cadit.
3012 3066 3116 3136 Uni
3145 3080 3405 3151 contingit
3444 3094 3540 3149 per
3568 3091 3701 3137 tem-

391 3171 552 3242 quid,
626 3171 831 3244 inquit,
886 3186 1075 3227 omnes
1149 3174 1434 3242 Apostoli?
1495 3174 1763 3249 Numquid
1805 3195 1994 3239 omnes
2019 3178 2067 3245 ρ
2102 3180 2335 3243 pestates
2360 3172 2568 3244 navigia
2591 3171 2821 3229 feliciter
2849 3173 3144 3243 explicare,
3170 3182 3226 3229 et
3251 3173 3408 3231 alteri
3440 3173 3562 3231 talis
3583 3172 3700 3230 feli-

392 3261 719 3334 Propheta}?
747 3261 803 3318 Si
831 3261 1079 3319 Christus
1110 3256 1344 3334 se'ipsum
1375 3280 1689 3338 comparare
1722 3285 1885 3329 ausus
1910 3281 1997 3329 est

288 3389 302 3399 .
394 3354 537 3421 Deo,
567 3354 657 3426 qui
697 3354 809 3409 ait:
844 3353 1002 3409 Pater
1045 3355 1218 3422 major
1256 3371 1343 3411 me
1372 3366 1499 3413 est:
1531 3369 1624 3415 aut
1668 3362 1712 3416 si
1750 3361 1996 3434 Apostoli

394 3461 675 3517 coaequare
710 3444 1032 3523 semetipsos
1071 3446 1185 3502 ausi
1231 3458 1356 3503 sunt
1395 3449 1650 3506 Christo:
1699 3468 1798 3509 nos
1837 3456 1998 3513 hodie

403 3537 675 3609 Apostolis
718 3537 956 3609 aequales
986 3538 1112 3594 facit
1152 3540 1449 3595 consimilis
1492 3542 1763 3601 fortitudo.
1807 3545 1997 3603 Misera

397 3636 701 3693 humanitas
726 3637 779 3693 in
804 3636 905 3693 hac
929 3636 1233 3707 aequalitate
1257 3654 1361 3693 non
1388 3639 1544 3695 times
1568 3640 1857 3711 fulminari,
1880 3657 2000 3717 qua:

398 3729 466 3787 de
488 3730 625 3786 Filio
654 3731 780 3794 Dei,
803 3740 895 3787 aut
915 3731 983 3787 de
1009 3730 1134 3787 filiis
1166 3731 1405 3802 tonitrni,
1445 3749 1551 3793 non
1576 3738 1844 3793 cunctaris
1872 3754 2000 3811 pec-

399 3823 536 3879 catis
566 3824 669 3878 tuis
703 3823 949 3893 exempla
982 3824 1123 3880 velut
1165 3824 1361 3880 similia
1409 3836 1653 3883 mutuare
1681 3828 1704 3879 ?
1744 3828 1877 3886 Cum
1908 3845 2001 3887 su-

402 3916 602 3986 perbia:
646 3916 716 3970 sit
758 3916 897 3973 elata
938 3916 1197 3987 jactantia
1224 3957 1241 3984 ,
1274 3916 1435 3972 etiam
1481 3919 1717 3977 minimis
1747 3920 2005 3979 Ecclesia:

399 4026 719 4084 quemquam
759 4011 1173 4083 comparabilem
1214 4010 1348 4066 velle
1376 4013 1687 4081 conscribit,
1716 4029 1838 4070 cum
1870 4015 2008 4073 Pau-

398 4104 482 4159 lus
525 4113 740 4158 moneat
767 4113 819 4157 et
848 4101 1030 4157 dicat:
1067 4101 1217 4156 Alter
1256 4101 1484 4157 alterum
1529 4090 1862 4175 superiorem
1905 4107 2007 4165 sibi

403 4198 793 4253 existimantes.
824 4195 889 4251 Et
920 4196 1142 4252 inferius
1168 4194 1406 4265 addidit,
1445 4192 1629 4253 dicens
1664 4216 1676 4253 :
1725 4199 1840 4256 Hoc
1879 4216 2004 4258 sen-

406 4289 499 4343 tite
538 4286 606 4343 de
636 4288 787 4343 vobis
824 4289 965 4361 quod
1011 4290 1146 4344 etin
1178 4288 1393 4346 Christo
1439 4290 1602 4358 Jesu,
1650 4292 1741 4363 qui
1787 4309 1906 4350 cum
1954 4297 2007 4355 iu

407 4379 577 4435 forma
606 4379 700 4435 Dei
736 4391 876 4436 esset
922 4383 1278 4453 constitutus,
1312 4399 1414 4440 non
1444 4385 1688 4455 rapinam
1723 4387 2012 4445 arbitratus

409 4485 486 4527 est
516 4487 636 4528 esse
656 4487 717 4528 se
734 4471 992 4545 aequalem
1030 4474 1137 4529 Deo
1154 4516 1169 4542 ,
1196 4474 1292 4531 sed
1319 4476 1672 4547 semetipsum
1696 4478 2009 4548 exinanivit,

408 4562 633 4618 formam
664 4563 804 4618 servi
833 4562 1121 4635 accipiens.

483 4653 656 4708 Minus
688 4656 865 4725 itaque
913 4656 980 4710 de
1022 4656 1220 4711 nostris
1264 4657 1465 4713 viribus
1513 4659 1848 4715 sentiendum
1891 4670 2011 4731 est,

411 4758 511 4798 nec
553 4744 846 4800 fortitudini
891 4756 1199 4802 sanctorum
1244 4759 1427 4804 nostra
1478 4750 1758 4807 inﬁrmitas
1799 4769 2018 4826 compa-

415 4836 582 4891 randa
607 4846 720 4902 est,
761 4838 900 4894 sicut
929 4838 1082 4895 nobis
1111 4842 1383 4911 apostolus
1410 4842 1606 4898 Paulus
1635 4844 1703 4900 de
1727 4848 2019 4919 semetipso

413 4928 774 5000 magisterium
804 4932 1083 5001 proponit,
1116 4943 1170 4986 et
1200 4932 1328 4989 dicit
1362 4952 1372 4987 :
1401 4933 1517 4990 Non
1548 4937 1691 4991 enim
1716 4938 1977 4994 audemus
2000 4980 2018 5008 ,

414 5024 616 5094 inquit,
653 5038 970 5096 comparare
1008 5040 1106 5081 nos
1131 5035 1225 5081 aut
1269 5027 1515 5083 conferre
1560 5030 1878 5100 quibusdam
1926 5035 2017 5103 qui

415 5120 621 5189 seipsos
647 5119 1057 5189 commendant,
1081 5119 1176 5175 sed
1208 5121 1306 5192 ipsi
1338 5121 1391 5181 in
1423 5122 1576 5178 nobis
1608 5125 1736 5195 ipsis
1773 5136 2014 5182 nosmet-

418 5210 561 5283 ipsos
604 5213 759 5269 nobis
821 5212 1306 5271 commendantes:
1347 5231 1454 5272 non
1497 5231 1659 5288 supra
1704 5232 2015 5273 mensuram

2099 3262 2233 3320 citas
2266 3280 2381 3321 non
2452 3275 2626 3337 potest
2674 3267 2928 3333 evenire;
2990 3266 3134 3338 quod
3185 3267 3384 3325 Paulus
3429 3266 3705 3337 apostolus

2101 3356 2367 3425 decernit,
2409 3356 2594 3415 dicens
2648 3375 2659 3412 :
2709 3356 3120 3430 Unusquisque,
3169 3359 3373 3431 inquit,
3421 3360 3698 3431 proprium

2102 3447 2301 3505 donum
2343 3448 2506 3506 habet
2547 3464 2613 3511 ex
2651 3449 2805 3520 Deo,
2848 3465 2989 3511 unus
3015 3450 3231 3522 quidem
3272 3451 3392 3521 sic,
3438 3451 3578 3511 alius
3610 3467 3705 3507 ve-

2102 3559 2163 3600 ro
2192 3543 2290 3600 sic.

2176 3638 2283 3696 Sed
2312 3639 2405 3713 qui
2430 3639 2561 3699 mihi
2584 3639 2653 3696 de
2680 3649 2999 3699 sanctorum
3019 3640 3270 3712 exemplo
3300 3640 3686 3712 praeiudicant;

2104 3730 2232 3805 quid
2282 3730 2427 3789 aliud
2503 3731 2808 3802 exemplum
2879 3731 3070 3793 nolunt
3113 3732 3504 3802 contemplari,
3555 3733 3700 3804 quod

2108 3830 2350 3878 metuant
2397 3842 2412 3879 :
2465 3832 2520 3880 et
2546 3823 2635 3893 qui
2659 3823 2926 3893 Apostolis
2948 3824 3215 3895 coaequari
3237 3825 3544 3892 contendit,
3567 3840 3697 3897 qna-

2107 3931 2169 3972 re
2199 3932 2303 3973 non
2344 3918 2513 3989 magis
2552 3918 2895 3990 presbyteros
2936 3918 3212 3979 adulteros
3253 3919 3395 3991 apud
3426 3920 3699 3977 Danielem

2112 4008 2179 4064 ad
2227 4007 2569 4069 formidinem
2627 4009 2961 4082 sibimetipse
3009 4010 3301 4082 proponit?
3347 4010 3473 4071 Hac
3517 4022 3702 4067 autem

2113 4116 2219 4157 non
2246 4101 2367 4158 ideo
2393 4118 2654 4176 propono,
2680 4112 2735 4161 ut
2761 4104 2911 4176 quasi
2937 4103 3319 4176 Apostolorum
3346 4103 3705 4163 imitatoribus

2112 4197 2494 4261 contradicam.
2541 4198 2634 4255 scd
2666 4209 2722 4254 ut
2748 4199 2866 4257 illos
2893 4198 3239 4266 confundam,
3282 4200 3373 4270 qui
3415 4213 3476 4256 se
3510 4200 3712 4257 sanctis

2114 4297 2417 4362 exaequent.
2448 4288 2560 4347 Nec
2595 4306 2733 4363 nego
2764 4292 2907 4364 ipsos
2935 4306 3057 4353 esse
3099 4290 3415 4355 sectandos,
3445 4304 3580 4359 quos
3608 4290 3710 4347 do-

2116 4392 2299 4436 ctores
2322 4383 2624 4454 accepimus
2653 4384 2829 4439 cuncti
2854 4400 2870 4451 ;
2899 4382 2997 4439 sed
3018 4381 3280 4439 adversus
3299 4395 3394 4438 eos
3414 4383 3707 4451 contendo,

2117 4476 2209 4546 qui
2238 4474 2517 4549 cupientes
2540 4474 2608 4530 ad
2644 4475 2781 4531 mala
2817 4490 2912 4531 sua
2941 4475 3201 4531 bonorum
3241 4474 3494 4531 historias
3519 4474 3714 4547 depra-

2038 4573 2093 4635 D
2117 4582 2266 4635 vare,
2291 4567 2461 4637 legem
2486 4565 2579 4623 Dei
2606 4567 2705 4623 sibi
2731 4567 3000 4623 aestimant
3021 4565 3300 4638 suffragari
3328 4566 3504 4633 ;sicut
3523 4581 3715 4625 omnes

2118 4660 2206 4733 qui
2246 4661 2425 4732 perire
2454 4658 2708 4715 festinant
2725 4698 2739 4718 .
2767 4667 2823 4715 et
2844 4658 2946 4715 sub
2970 4659 3192 4715 obtentu
3217 4667 3523 4715 sanctorum
3549 4658 3716 4715 dede-

2122 4767 2249 4809 cora
2275 4768 2371 4808 sua
2404 4753 2593 4808 volunt
2620 4766 2743 4808 esse
2770 4754 2938 4808 celata
2956 4795 2972 4821 ,
3003 4763 3061 4810 nt
3084 4751 3185 4809 sub
3224 4753 3520 4813 imitatione
3545 4755 3718 4824 majo—

2120 4863 2239 4903 rum
2280 4845 2544 4903 contraria
2590 4861 2817 4919 quaeque
2849 4848 3222 4918 committant;
3263 4863 3399 4920 quos
3442 4848 3721 4920 apostolus

2122 4940 2321 4997 Paulus
2351 4938 2528 5012 prodit
2553 4949 2606 4995 et
2625 4939 2894 5011 publicat,
2919 4939 3105 4999 dicens
3131 4958 3144 4995 :
3168 4940 3321 5011 Quod
3345 4950 3526 4997 autem
3553 4938 3716 5007 facio,

2121 5047 2176 5090 et
2203 5033 2439 5089 facturus
2468 5048 2624 5098 sum,
2677 5041 2735 5089 ut
2782 5044 3054 5105 amputem
3104 5033 3490 5102 occasionem;
3536 5045 3724 5089 eorum

2120 5129 2211 5199 qui
2250 5127 2431 5182 volunt
2462 5125 2835 5192 occasionem;
2867 5135 2926 5181 ut
2960 5125 3016 5181 in
3042 5140 3108 5183 eo
3149 5125 3202 5181 iu
3247 5139 3354 5197 quo
3390 5123 3684 5197 gloriantur
3705 5167 3723 5193 ,

2123 5220 2254 5275 tales
2284 5219 2621 5274 inveniantur
2644 5218 2829 5289 quales
2863 5227 2918 5274 et
2947 5232 3046 5274 nos
3083 5232 3293 5275 sumus.
3315 5218 3447 5274 Nam
3476 5226 3533 5275 et
3562 5218 3719 5289 hujus

1756 5377 1938 5434 EDlT.
1964 5377 2172 5437 OXON.
2193 5378 2423 5437 NOTE.

496 5511 563 5567 In
604 5512 1027 5569 invocationibus.
1080 5510 1254 5567 Voces
1282 5511 1558 5567 nonnulla:
1595 5511 1684 5567 hic
1721 5512 2024 5569 redundan-

422 5592 507 5639 tes
532 5600 564 5637 e
602 5586 842 5655 margine
872 5585 1128 5638 videntur
1148 5582 1200 5637 in
1235 5585 1762 5655 textumirrepsisse.

509 5655 655 5711 Unus
680 5654 769 5727 per
796 5670 969 5728 rupes.
1006 5656 1167 5711 Vetus
1198 5668 1316 5710 exc.
1356 5664 1412 5711 et
1441 5654 1766 5781 Remboldtltf
1793 5656 1950 5725 ripas.

1754 5741 1914 5781 ΑηΕι.

513 5800 709 5865 Paulus
753 5800 1012 5879 apostolus
1069 5797 1319 5869 decernit,
1369 5799 1555 5858 dicem.
1612 5799 1821 5873 Adjicio
1857 5800 2028 5856 dicens

2127 5531 2191 5571 ex
2219 5522 2326 5570 vet.
2357 5529 2475 5571 exc.
2509 5512 2715 5571 Pansa.

2203 5587 2338 5664 Ωιιίᾴ
2386 5587 2529 5664 αἰέν-ά
2574 5594 2862 5664 exelnplum
2907 5586 3104 5664 vglunt.
3143 5587 3225 5646 Ex
3255 5588 3444 5647 eodem
3468 5605 3590 5648 cum
3613 5590 3724 5647 Mo-

2126 5657 2282 5713 rellio
2310 5660 2425 5728 lego
2455 5662 2562 5723 sic,
2593 5673 2689 5728 pro
2716 5657 2908 5721 ὺοιηηι.
2941 5658 3146 5717 Pansa.

2203 5728 2269 5782 Et
2322 5730 2407 5801 qui
2453 5730 2728 5803 Apostolis,
2780 5736 2935 5794 Solus
3001 5730 3265 5791 Manutius
3326 5733 3648 5865 Aptgtolids.

3451 5822 3617 5865 AIEL.

3451 5822 3617 5865 Αηι..
