4202 6272
535 329 644 389 855

2082 337 2284 393 LIBER

3735 341 3862 398 856

536 447 685 504 modi
714 445 1168 519 pseudo-apostoli
1191 422 1318 502 sunt
1343 448 1573 518 operarii
1604 448 1808 515 dolosi,
1851 451 2135 521 transligu-
2161 457 2216 512 A
2240 453 2478 509 caelestis
2512 453 2731 524 prandia
2777 455 3124 511 ministrare?
3165 455 3435 528 Numquid
3475 456 3577 514 sub
3617 457 3860 514 Domino

544 550 729 595 rantes
759 555 819 594 se
847 540 900 592 in
923 539 1209 608 Apostolos
1231 537 1456 596 Christi.
1486 540 1596 596 Hoc
1625 541 1827 597 addunt
1852 544 1916 597 ad
1948 559 2134 598 eumu-

534 632 650 687 lum
697 629 1010 702 perditionis
1055 631 1470 698 cumulandum,
1521 641 1579 688 ut
1625 635 1794 689 bonos
1840 636 2132 699 infament,

537 739 764 794 quorum
814 724 1062 792 exemplo
1109 732 1328 778 utuntur
1371 723 1438 779 ad
1483 725 1722 790 malum;
1770 726 1960 795 quibus
2007 726 2138 783 utile

538 823 683 870 esset
712 814 843 868 satis
867 823 921 868 et
941 813 1174 878 salubre,
1197 813 1244 868 si
1265 813 1646 885 cujuscumque
1669 816 1904 872 historiae
1931 816 2137 886 seipsos

536 907 712 976 magis
742 905 1027 960 crederent
1051 921 1158 960 non
1190 905 1521 962 intellexisse
1544 907 1832 974 rationem,
1857 923 2018 977 quam
2047 909 2139 962 ali-

543 998 672 1070 quid
702 998 1044 1053 inhonestum
1093 999 1489 1054 arbitrarentur
1527 999 1578 1053 in
1611 1001 1728 1069 lege
1772 1018 1784 1054 :
1833 1015 1968 1070 quos
2011 1016 2141 1070 apo-

545 1091 718 1147 stolus
748 1090 941 1145 Paulus
968 1091 1190 1160 corripit
1216 1099 1270 1146 et
1296 1089 1602 1156 confundit,
1632 1091 1819 1147 dicens
1851 1110 1862 1145 :
1909 1092 2023 1147 Non
2056 1093 2139 1146 in-

541 1183 843 1254 telligentes
888 1199 1061 1253 neque
1107 1199 1226 1253 qua:
1272 1185 1560 1253 loquuntur
1611 1201 1785 1253 neque
1831 1185 1898 1240 dc
1949 1185 2143 1255 quibus

545 1277 832 1334 affirmant.
875 1275 944 1330 Et
975 1278 1166 1331 iterum
1198 1293 1211 1329 :
1241 1275 1296 1331 Si
1326 1276 1446 1345 quis
1476 1286 1622 1346 putat
1653 1291 1712 1332 se
1737 1276 1877 1332 scire
1906 1277 2102 1348 aliquid
2123 1317 2139 1343 ,

546 1369 776 1422 necdum
815 1367 1064 1436 cognovit
1102 1366 1515 1436 quemamodum
1554 1383 1675 1422 eum
1707 1376 1950 1436 oporteat
1980 1368 2141 1423 scire.

547 1461 756 1516 Vacaut
779 1460 959 1530 itaque
991 1457 1296 1528 prtejudicia
1331 1458 1713 1529 petulantium,
1755 1473 1890 1529 quos
1934 1459 2146 1529 ingenia

549 1568 664 1608 sua:
705 1551 1072 1622 perversitatis
1118 1549 1419 1605 errabunda
1461 1549 1851 1614 transducunt;
1900 1558 1955 1603 et
1995 1565 2147 1620 quaa-

551 1655 680 1700 runt
715 1653 1080 1713 competentes
1119 1642 1230 1697 suis
1257 1642 1507 1697 sensibus
1547 1640 1798 1696 historias
1825 1655 1957 1710 quas
1983 1656 2150 1709 exlio-

547 1742 718 1798 nant,
750 1735 842 1804 qui
881 1734 1021 1788 male
1063 1743 1282 1804 agentes
1322 1741 1568 1788 mutuant
1610 1732 1798 1802 legalia
1830 1733 2144 1802 patrocinia.

2246 561 2352 600 non
2404 545 2556 602 fuere
2603 549 2890 603 convivia?
2938 549 3046 606 Aut
3099 549 3199 605 sub
3253 551 3539 621 majestate
3587 553 3704 623 ejus
3734 561 3867 609 erat

2239 639 2374 694 alias
2403 641 2554 696 cilms
2585 651 2676 696 aut
2717 651 2874 712 polus
2897 687 2912 711 ,
2957 660 3118 715 quam
3147 645 3430 714 disciplina
3471 648 3861 705 tantummodo

2239 747 2358 800 quae
2406 732 2704 800 pascebat?
2751 733 3005 790 Testante
3049 735 3166 805 ipso
3218 735 3447 792 Domino
3493 753 3556 794 ac
3587 738 3808 794 dicente
3845 756 3860 794 :

2240 824 2386 880 Meus
2412 825 2562 880 cibus
2601 836 2677 882 est
2698 869 2712 894 ,
2745 837 2802 882 ut
2831 827 3022 883 faciam
3056 829 3382 885 voluntatem
3423 830 3541 899 ejus
3577 832 3666 901 qui
3694 832 3854 887 misit

2242 932 2349 972 me.
2399 918 2488 972 Sic
2536 919 2824 988 Apostolos
2855 919 3136 975 mulierum
3167 921 3451 976 comitatus
3473 922 3700 978 decebat
3740 938 3862 979 non

2244 1021 2303 1065 ut
2327 1011 2636 1080 perderent,
2661 1011 2753 1066 sed
2778 1021 2835 1066 ut
2857 1011 3129 1068 discerent
3156 1015 3532 1082 reverentiam,
3555 1025 3609 1070 et
3631 1027 3865 1087 propter

2246 1101 2592 1157 humanitatis
2637 1103 2995 1159 exhibendum
3048 1106 3401 1160 ministerium
3448 1108 3854 1177 sequebantur,

2245 1199 2382 1252 sicut
2415 1197 2468 1252 in
2500 1198 2786 1268 Evangelio
2816 1197 2884 1254 de
2915 1199 3141 1254 Domino
3167 1209 3219 1254 et
3248 1200 3317 1256 de
3344 1201 3474 1270 ipsis
3505 1203 3707 1272 pariter
3735 1219 3858 1258 mc-

2248 1299 2488 1345 moratur
2517 1307 2531 1343 :
2563 1290 2628 1345 Et
2651 1289 2847 1344 factum
2876 1300 2980 1357 est,
3014 1291 3213 1361 inquit,
3241 1301 3362 1362 post
3390 1291 3506 1348 haec
3529 1302 3584 1348 et
3610 1295 3724 1364 ipse
3757 1295 3869 1349 iter

2255 1380 2483 1437 faciebat
2507 1398 2602 1450 per
2631 1381 2881 1438 civitates
2903 1393 2956 1438 et
2983 1383 3201 1439 castella
3231 1386 3606 1454 evangelizans
3637 1403 3870 1458 regnum

2252 1474 2380 1540 Dei,
2429 1483 2484 1529 et
2529 1473 2814 1530 duodecim
2855 1490 2974 1531 cum
3019 1475 3147 1543 illo,
3190 1488 3246 1532 et
3275 1477 3534 1534 mulieres
3560 1496 3677 1550 quae
3708 1491 3874 1536 erant

2250 1576 2450 1621 curata:
2480 1581 2509 1620 a
2540 1567 2818 1638 spiritibus
2842 1568 3135 1624 immundis
3158 1579 3212 1624 et
3237 1569 3672 1637 infirmitatibus,
3702 1572 3868 1627 Maria

2251 1673 2369 1728 quin
2417 1667 2636 1714 vocatur
2685 1658 3031 1730 Magdalene,
3077 1659 3146 1716 de
3183 1677 3288 1732 qua
3329 1661 3594 1718 daemonia
3639 1675 3847 1732 septem

2253 1754 2524 1820 exierant,
2553 1763 2607 1809 et
2635 1752 2862 1822 Joanna,
2893 1769 3032 1810 uxor
3076 1754 3273 1810 Chuzaz
3299 1757 3664 1826 procuratoris
3693 1757 3868 1813 Hero-

525 1828 698 1900 Βθηθ
717 1828 1000 1898 “Senum”
1026 1827 1164 1882 δοίη
1191 1836 1318 1882 sum
1343 1827 1542 1891 omnia,
1575 1840 1924 1896 quaecumque
1948 1827 2144 1895 scrip”
2175 1848 2224 1908 B
2252 1847 2333 1903 dis
2353 1889 2368 1913 ,
2397 1855 2452 1902 et
2481 1846 2725 1902 Susanna
2749 1891 2764 1915 ,
2793 1859 2847 1904 et
2885 1848 3003 1904 alia:
3038 1848 3218 1903 multae
3246 1864 3365 1920 quae
3399 1857 3454 1905 et
3482 1849 3868 1906 ministrabant

548 1932 709 1990 sum,
758 1924 847 1992 qui
890 1920 1169 1978 benedicta
1213 1921 1351 1976 bene
1395 1921 1724 1990 suscipiunt;
1777 1921 1915 1976 sicut
1952 1921 2152 1979 Paulus

551 2016 830 2087 apostolus
884 2016 1163 2086 pollicetur
1193 2033 1206 2070 :
1237 2015 1448 2071 Scimus
1474 2014 1727 2086 quoniam
1753 2016 1893 2072 bona
1920 2027 2004 2073 est
2033 2019 2148 2088 lex,

557 2109 606 2164 si
632 2108 754 2178 quis
772 2122 837 2163 ea
864 2107 1103 2179 legitime
1129 2115 1331 2163 utatur.

627 2202 968 2258 Obtinuimus
992 2201 1369 2258 eoufundendo
1388 2202 1830 2259 contradictores.
1856 2203 2152 2262 Converta-

553 2315 678 2355 mur
703 2298 932 2353 subinde
973 2297 1192 2354 eosdem
1222 2312 1358 2368 quos
1387 2297 1612 2354 vicimus
1658 2299 1876 2369 insuper
1905 2299 2118 2356 erudire
2137 2344 2152 2369 ,

553 2407 627 2447 ne
654 2400 745 2446 aut
769 2402 824 2446 ut
849 2400 1067 2446 sanctos
1104 2405 1388 2447 remanere
1418 2391 1681 2460 patiamur
1707 2390 1761 2446 in
1791 2391 2038 2458 crimine,
2066 2404 2157 2451 aut

555 2486 728 2556 ignari
769 2485 1085 2556 deputemur
1130 2487 1183 2543 in
1213 2486 1486 2544 reddendo
1517 2487 1818 2554 rationem,
1850 2495 1907 2542 ut
1947 2489 2158 2556 publice

553 2584 681 2640 victi
722 2583 1088 2654 paenitentiam
1117 2592 1304 2654 gerant
1333 2599 1349 2637 :
1379 2591 1470 2636 aut
1499 2581 1546 2636 si
1575 2581 1874 2648 noluerint,
1916 2596 2014 2636 nos
2051 2598 2157 2638 cx-

553 2679 844 2750 punximus
870 2677 1012 2747 quod
1037 2676 1104 2731 ad
1139 2685 1374 2732 nostram
1423 2675 1655 2745 pertinet
1701 2675 2066 2747 diligentiam;
2100 2684 2159 2731 ut

559 2770 833 2842 quomodo
852 2769 1210 2825 satisfecimus
1237 2784 1398 2838 supra
1426 2769 1585 2825 dictae
1610 2770 1890 2824 sententia:
1913 2770 2158 2827 Salomo—

560 2867 680 2934 nis,
735 2865 806 2919 ita
849 2863 1239 2920 satisfaciamus
1284 2863 1448 2918 Paulo
1487 2866 1730 2933 apostolo
1768 2865 2108 2920 concionanti
2141 2882 2156 2921 :

561 2958 790 3014 Servum
811 2997 825 3023 ,
857 2957 1046 3027 inquit,
1076 2957 1286 3012 Domini
1312 2971 1418 3011 non
1443 2967 1655 3028 oportet
1678 2958 1906 3026 litigare,
1937 2959 2030 3014 sed
2059 2961 2159 3014 mi-

558 3061 669 3106 tem
695 3065 814 3107 csse
841 3050 908 3105 ad
929 3065 1138 3118 omnes,
1169 3049 1472 3115 docibilem,
1508 3052 1820 3122 patientem,
1855 3067 1975 3106 cum
2009 3055 2159 3110 omni

560 3147 820 3204 modestia
859 3147 1236 3217 corripientem
1273 3161 1369 3202 eos
1395 3145 1488 3216 qui
1518 3146 1782 3202 resistunt
1807 3146 2058 3213 veritati;
2090 3164 2160 3204 ne

2258 1940 2306 1996 ei
2330 1939 2396 1994 de
2419 1939 2761 1995 facultatibus
2783 1939 2914 1995 suis.

2328 2030 2594 2103 Numquid
2625 2031 2972 2089 adhaerebant
2997 2033 3357 2104 singularibus
3387 2017 3622 2103 singulm,
3647 2043 3740 2088 aut
3775 2036 3871 2088 in—

2258 2124 2610 2194 disciplinata:
2636 2135 3061 2193 commorantes,
3095 2129 3513 2198 perseverabant
3536 2127 3869 2185 illecebroso

2262 2221 2538 2275 consortio
2593 2220 3020 2276 conversantes?
3099 2220 3204 2276 Ubi
3249 2231 3357 2277 tota
3398 2221 3635 2277 Ecclesia
3668 2237 3872 2292 prope-

2260 2310 2480 2366 modum
2507 2310 2796 2375 videbitur,
2823 2320 2881 2366 ut
2909 2327 3015 2366 non
3043 2311 3111 2367 ad
3132 2313 3534 2368 convivationes
3565 2313 3866 2383 improbas,

2261 2403 2358 2460 sed
2383 2404 2450 2459 ad
2475 2403 2730 2460 discenda
2755 2408 2909 2460 bona:
2933 2406 3357 2461 conversationis
3378 2406 3553 2462 studia
3576 2421 3872 2477 sequeren-

2264 2507 2369 2553 tur.
2423 2497 2548 2554 ldeo
2589 2513 2696 2554 non
2751 2499 2876 2556 inde
2901 2500 3184 2564 scribitur,
3212 2500 3357 2572 quod
3389 2501 3590 2558 nostris
3611 2503 3868 2557 conviva-

2264 2594 2501 2649 tionibus
2549 2601 2888 2664 coaequetur,
2941 2608 3046 2650 non
3096 2593 3272 2660 risus,
3321 2609 3428 2649 non
3474 2595 3630 2666 jocns
3678 2595 3873 2650 dicitur

2263 2684 2502 2741 affuisse.
2534 2685 2643 2741 Nec
2671 2686 2812 2741 sicut
2839 2685 2980 2756 apud
3010 2685 3270 2756 quosdam
3303 2701 3446 2742 nunc
3474 2703 3645 2757 usque
3670 2689 3871 2743 assolet

2266 2777 2416 2846 fieri,
2459 2777 2658 2834 chorus
2692 2778 3031 2848 psallentium
3073 2779 3340 2849 virginum
3384 2794 3545 2835 aures
3585 2780 3870 2836 venenosis

2264 2869 2510 2924 cautibus
2537 2870 2794 2926 asseritur
2813 2869 3151 2926 demulsisse.
3184 2869 3249 2924 Et
3277 2877 3335 2925 ut
3357 2869 3426 2927 de
3448 2869 3712 2940 Apostolis
3738 2871 3863 2926 bre-

2263 2966 2403 3021 viter
2431 2963 2675 3036 probem,
2711 2972 2970 3036 quanttttn
3013 2963 3120 3019 illis
3155 2962 3298 3019 fluxa
3327 2963 3662 3019 familiaritas
3695 2964 3870 3035 potuit

2264 3057 2584 3131 displicere,
2618 3061 2707 3132 qui
2747 3059 3008 3130 compulsi
3039 3069 3165 3116 sunt
3192 3071 3248 3116 et
3276 3059 3346 3115 de
3382 3060 3500 3131 ipso
3530 3061 3762 3116 Domino
3789 3062 3870 3115 lo-

2264 3167 2462 3227 quente
2501 3170 2621 3227 cum
2664 3155 2860 3210 femina
2912 3154 3193 3219 dubitare,
3249 3154 3354 3210 nisi
3398 3170 3493 3210 eos
3568 3156 3866 3225 majestatis

558 3239 702 3297 forte
743 3240 832 3295 del
877 3239 984 3294 illis
1027 3240 1170 3294 Deus
1201 3238 1571 3310 paenitentiam
1619 3239 1686 3294 ad
1727 3240 2155 3310 cognoscendam
2183 3241 2228 3306 C
2262 3248 2447 3304 notitia
2481 3248 2701 3318 probata
2727 3256 3117 3318 compesceret,
3143 3247 3283 3303 sicut
3303 3247 3638 3319 Evangelista
3671 3248 3862 3311 refert,

559 3335 843 3389 veritatem
862 3373 876 3396 ,
906 3341 960 3387 et
981 3333 1298 3401 resipiscant
1317 3346 1347 3384 a
1374 3330 1572 3386 diaboli
1598 3331 1823 3402 laqueis,
1855 3347 1882 3385 a
1906 3347 2012 3404 quo
2032 3347 2158 3405 cap-

556 3425 652 3481 tivi
685 3433 932 3479 tenentur
957 3423 1252 3478 secundum
1283 3422 1400 3492 ejus
1425 3423 1780 3478 voluntatem.

631 3515 803 3572 Omne
823 3515 1082 3586 quidquid
1110 3515 1179 3570 ab
1207 3515 1516 3571 auctoribus
1555 3518 1760 3572 nostris
1784 3525 1994 3588 gestum
2035 3529 2119 3575 est
2137 3562 2153 3588 ,

557 3609 950 3668 rationabiliter
972 3611 1259 3682 gerebatur
1292 3629 1305 3664 :
1346 3621 1404 3666 ut
1443 3611 1673 3680 posteris
1708 3611 1863 3668 nobis
1897 3614 2156 3671 adversus

556 3705 999 3778 praevaricatores
1023 3707 1224 3761 munita
1253 3706 1488 3778 undique
1517 3709 1808 3765 auctoritas
1831 3710 2152 3778 traderetur,

553 3809 778 3870 propter
805 3799 1035 3855 haeresin
1068 3799 1447 3870 amputandam
1477 3815 1637 3872 quam
1663 3803 1910 3873 superius
1947 3807 2153 3862 taxavi-

553 3910 708 3962 mus,
739 3895 807 3951 de
831 3894 1170 3952 assumendis
1199 3895 1444 3961 feminis;
1493 3911 1653 3965 quam
1680 3897 1792 3953 sive
1827 3913 1924 3968 per
1952 3910 2149 3955 semet-

554 3988 732 4058 ipsum
751 4028 765 4051 ,
797 3990 910 4043 sive
937 4003 1032 4056 per
1060 4002 1248 4044 servos
1275 4005 1402 4044 suos
1428 3989 1682 4045 Dominus
1712 3991 1984 4060 paululum
2011 3994 2154 4049 rela-

551 4080 728 4142 xavit,
758 4095 826 4134 ne
852 4080 1019 4136 nimio
1045 4080 1222 4150 rigore
1248 4081 1301 4136 in
1331 4089 1499 4135 totum
1525 4081 1733 4138 Domini
1769 4082 1966 4140 fabrica
1997 4085 2152 4140 dam-

552 4181 808 4237 naretur;
842 4171 1274 4241 praevidebantur
1312 4190 1344 4228 a
1375 4173 1601 4228 Domino
1631 4173 1866 4232 haeretici
1895 4177 1985 4249 qui
2013 4194 2152 4248 nup-

552 4264 656 4318 tias
702 4263 988 4330 auferunt;
1035 4273 1092 4321 et
1168 4279 1304 4336 quos
1368 4265 1623 4321 Dominus
1703 4267 1911 4339 junxit,
1963 4281 2149 4327 contra

552 4368 759 4415 naturae
808 4359 1163 4430 principium,
1195 4370 1252 4416 et
1279 4369 1467 4416 contra
1511 4361 1859 4434 Evangelium
1899 4381 2152 4435 separare

549 4454 902 4510 contendunt.
935 4455 1140 4525 Quibus
1184 4455 1511 4512 interdicens
1549 4457 1661 4527 jam
1705 4467 1830 4515 tunc
1857 4461 2148 4518 auctoritas

546 4547 860 4616 parabatur,
901 4561 969 4601 ne
993 4547 1257 4603 maritata:
1283 4548 1540 4604 mulieres
1569 4549 1816 4607 accidere
1840 4560 2151 4622 vetarentur

2261 3343 2442 3398 dicens
2472 3359 2484 3396 :
2516 3341 2659 3396 lnter
2677 3340 2815 3407 haec,
2845 3340 3036 3412 inquit,
3069 3352 3330 3397 venerunt
3363 3340 3601 3411 discipuli
3633 3341 3770 3410 ejus,
3799 3352 3859 3396 et
3950 3414 3964 3425 ο

2262 3434 2595 3489 mirabantur
2636 3431 2779 3503 quod
2809 3449 2930 3488 cum
2959 3431 3184 3488 muliere
3211 3433 3530 3503 loqueretur.
3575 3431 3742 3488 Nemo
3767 3442 3851 3486 ta-

2261 3542 2382 3582 men
2410 3525 2543 3580 dixit
2572 3525 2649 3579 illi
2679 3542 2692 3578 :
2733 3525 2870 3592 Quid
2914 3528 3144 3595 quaeris,
3175 3534 3268 3579 aut
3303 3525 3424 3596 quid
3456 3525 3697 3596 loqueris
3725 3540 3854 3580 cum

2259 3619 2365 3675 ea?
2395 3617 2531 3686 Quid
2561 3627 2738 3672 autem
2768 3617 2956 3688 loquar
2996 3631 3271 3672 accessum
3317 3617 3529 3672 feminae
3575 3616 3643 3671 ad
3684 3617 3850 3686 pedes

2260 3712 2472 3768 Domini
2495 3711 2822 3782 provoluta},
2849 3712 3004 3782 cujus
3025 3710 3200 3766 luctus
3225 3719 3278 3766 et
3308 3710 3553 3781 planctus
3576 3710 3641 3765 ad
3669 3709 3862 3765 delen-

2257 3805 2464 3860 sionem
2492 3803 2722 3859 lascivia:
2759 3819 2871 3859 sua:
2908 3818 3014 3859 non
3057 3802 3386 3859 erubescunt
3432 3802 3662 3872 improbi
3706 3801 3857 3874 ﬂagi-

2261 3900 2416 3955 tare?
2452 3877 2630 3967 Usque
2656 3897 2791 3954 adeo
2819 3897 2937 3954 illos
2969 3897 3185 3968 propria
3215 3897 3428 3952 caecitas
3464 3895 3641 3966 rapit,
3673 3905 3730 3952 ut
3759 3912 3858 3952 nec

2257 3992 2325 4047 de
2351 3991 2613 4048 similibus
2637 3991 2812 4045 causis
2837 3989 3068 4046 audeant
3109 3989 3360 4045 reluctari
3381 4030 3397 4056 ,
3439 3988 3508 4044 de
3532 3989 3728 4060 quibus
3755 3987 3857 4044 Sa-

2256 4083 2437 4140 lomon
2471 4103 2484 4138 :
2524 4083 2846 4151 Excaecavit,
2902 4082 3096 4153 inquit,
3146 4096 3244 4138 eos
3275 4080 3476 4137 malitia
3522 4096 3742 4147 eorum,
3794 4091 3854 4136 ut

2257 4178 2528 4233 nescirent
2571 4183 2903 4232 sacramenta
2952 4174 3068 4230 Dei.
3115 4173 3352 4230 Joannes
3400 4183 3579 4229 autem
3626 4184 3851 4229 matrem

2258 4271 2466 4327 Domini
2497 4271 2798 4341 suscepisse
2818 4269 3062 4334 videtur,
3091 4268 3186 4324 sed
3219 4275 3446 4324 matrem
3488 4268 3642 4337 cujus
3680 4281 3857 4322 mores

2255 4377 2555 4422 maternum
2599 4365 2797 4420 indicat
2842 4379 3057 4419 nomen.
3117 4353 3321 4418 Tamen
3387 4377 3492 4417 non
3536 4376 3752 4432 possum
3800 4371 3854 4416 ct

2255 4459 2388 4515 alias
2413 4457 2610 4514 Christi
2640 4464 2839 4511 matres
2866 4455 3148 4510 admittere
3168 4493 3181 4516 ,
3211 4468 3313 4509 nec
3340 4452 3598 4523 :equanda
3625 4462 3709 4508 est
3737 4469 3850 4508 mu-

2254 4553 2473 4610 lieribus
2493 4549 2728 4616 cunctis,
2759 4564 2877 4619 quae
2902 4546 3086 4618 genuit
3114 4545 3470 4614 Majestatem.
3501 4545 3682 4600 Helias
3709 4561 3845 4616 quo-

547 4639 615 4694 ad
641 4637 912 4694 Christum
934 4681 950 4706 ,
983 4640 1074 4710 qui
1121 4640 1174 4694 in
1215 4641 1502 4710 praesentia
1533 4643 1860 4698 servierunt.
1907 4644 2012 4700 Sed
2045 4661 2152 4704 non
2176 4647 2230 4707 D
2256 4662 2360 4718 que
2375 4647 2558 4717 jussus
2579 4652 2661 4702 est
2685 4659 2715 4698 a
2747 4636 2974 4697 Domino
2997 4641 3306 4710 relinquere
3327 4638 3668 4694 solitudinem
3691 4649 3745 4695 et
3772 4641 3852 4694 itt-

545 4734 666 4789 sine
691 4734 1061 4790 moderamine
1089 4733 1186 4790 fuit
1210 4735 1370 4790 etiam
1400 4735 1512 4806 ipsa
1538 4738 1820 4803 permissio
1841 4750 2146 4808 procurata,

545 4841 667 4897 qua:
708 4843 812 4881 non
842 4826 942 4881 sibi
971 4825 1297 4898 operabatur
1324 4828 1464 4897 quod
1491 4829 1739 4898 gerebat,
1781 4830 1876 4886 sed
1909 4834 2139 4888 caeteris.

541 4918 680 4975 Nam
709 4921 788 4976 sic
810 4920 1072 4977 allocutus
1102 4920 1361 4976 Dominus
1403 4919 1792 4978 Samaritanam
1813 4966 1826 4987 ,
1857 4924 1922 4979 ad
1954 4924 2141 4982 horam

540 5014 727 5070 docuit
751 5025 805 5071 et.
829 5015 1086 5082 recessit,
1112 5028 1212 5070 nec
1242 5013 1610 5072 defensionem
1636 5018 2014 5075 continuandis
2043 5036 2141 5076 ex-

538 5109 782 5166 cessibus
801 5109 948 5166 fecit.
977 5109 1058 5166 Ad
1085 5109 1275 5165 horam
1299 5126 1511 5182 quoque
1541 5111 1800 5168 Martham
1839 5129 2032 5186 passus
2059 5125 2141 5171 est

541 5200 958 5260 ministrantem.
985 5199 1094 5259 Sed
1119 5201 1248 5274 quid
1273 5211 1390 5261 erat
1417 5202 1560 5260 aliud
1586 5204 1835 5274 Domino,
1866 5207 1966 5263 nisi
1990 5207 2141 5280 regni

2251 4741 2403 4814 gredi
2432 4737 2829 4796 tabernaculum
2853 4735 3046 4791 viduae.
3079 4734 3186 4790 Pro
3213 4734 3438 4803 imperio
3471 4733 3677 4789 Domini
3711 4732 3850 4790 labo-

2247 4836 2385 4892 ravit
2425 4844 2483 4890 ut
2523 4834 2574 4888 in
2621 4834 2781 4888 domo
2825 4827 3270 4892 mansisset,'cui
3315 4825 3548 4882 solitudo
3590 4827 3838 4882 solatium

2245 4926 2533 4999 praestabat
2559 4935 2613 4981 et
2640 4923 2878 4992 requiem
2903 4937 2917 4986 ;
2949 4919 3288 4976 occasionem
3317 4918 3391 4974 illi
3416 4919 3676 4975 Dominus
3696 4918 3843 4975 obtu-

2247 5020 2308 5076 lit
2355 5019 2423 5075 ad
2468 5016 2734 5090 magnalia
2781 5013 3056 5081 facienda,
3105 5023 3165 5068 ut
3206 5011 3374 5083 magis
3414 5011 3567 5068 famis
3608 5021 3846 5082 tempore

2244 5123 2352 5170 tam
2378 5111 2672 5185 ipsi',vidua:
2691 5124 2851 5180 quam
2873 5107 3093 5180 pupillis
3112 5106 3232 5176 ejus
3251 5105 3572 5162 sufficientia
3593 5105 3845 5162 tribueret

2243 5206 2494 5263 alimenta
2513 5247 2529 5274 ,
2561 5203 2650 5277 qui
2675 5201 2896 5277 jejuniis
2920 5212 3302 5274 usquequaque
3327 5196 3557 5256 afﬂictus
3580 5197 3842 5256 tolerave-

1864 5342 2046 5398 EDlT.
2065 5341 2273 5401 OXON.
2292 5339 2522 5400 NOTAE.

613 5456 753 5522 Quos
806 5453 1059 5511 Dominus
1101 5457 1295 5524 iunxit.
1339 5454 1444 5512 Ant
1497 5457 1574 5513 sic
1649 5456 1929 5528 legendum
2008 5472 2130 5512 cum

537 5526 784 5590 Erasmo.
807 5541 1030 5584 autcum
1052 5539 1160 5584 vet.
1186 5544 1302 5584 exc.
1321 5538 1377 5584 et
1393 5526 1720 5592 Remboldo,
1733 5530 1869 5600 quod
1880 5527 2132 5585 Dominus

529 5601 722 5668 jussit;
745 5601 892 5668 prius
920 5610 1095 5655 tamen
1123 5601 1323 5656 arridet
1345 5602 1531 5671 magis.
1558 5601 1763 5658 PAMEL.

615 5671 707 5726 Sic
751 5672 1020 5739 Apostolos
1057 5673 1326 5727 mulierum
1387 5674 1654 5728 comitatus
1715 5673 1938 5730 decebat.
2009 5673 2130 5730 νει.

537 5743 980 5814 θχςςίΑροειοιηε,
1013 5754 1116 5800 etc.
1147 5745 1376 5799 docebat.
1407 5745 1611 5800 Pilum.

612 5811 712 5866 Ubi
738 5811 856 5885 tota
910 5815 1138 5870 Ecclesia
1201 5816 1565 5885 propemodum
1624 5817 1890 5874 videbitur.
1957 5818 2135 5874 Locus

535 5894 763 5947 prorsus
809 5883 1089 5938 obscurus.
1123 5883 1246 5940 Ve‘t.
1291 5883 1524 5941 excusus
1563 5901 1690 5942 vero
1719 5897 1776 5942 et
1805 5889 2136 5946 Remboldus

2233 5459 2418 5528 legunt
2466 5454 2841 5528 conjurationes
2914 5451 3287 5528 improbrosas,
3345 5467 3445 5525 pro
3475 5453 3842 5511 convivationes

2234 5525 2491 5600 improbas
2511 5569 2526 5588 .
2555 5525 2683 5600 non
2703 5535 2872 5600 recte.
2895 5525 3117 5600 Pansa.

2309 5596 2435 5656 Ideo
2465 5617 2566 5654 non
2595 5599 2714 5652 inde
2751 5597 3008 5653 scribitur.
3044 5596 3156 5652 Hoc
3185 5613 3251 5653 ex
3279 5596 3400 5653 cod.
3451 5607 3561 5653 vel.
3589 5613 3706 5654 exe.
3744 5615 3838 5668 pro

2237 5688 2343 5732 nuo
2378 5670 2736 5734 Remboldus,
2767 5669 2929 5731 adeo;
2963 5669 3216 5724 Erasmus
3266 5685 3430 5733 vero,
3493 5670 3563 5725 ad
3605 5687 3664 5726 ea
3718 5671 3838 5726 bene

2236 5744 2554 5801 describitur.
2580 5741 2783 5796 Morel].
2817 5741 2943 5794 adeo
2965 5757 3064 5793 non
3087 5740 3225 5794 bene.
3257 5741 3462 5796 Pun.

2311 5817 2502 5871 Tamen
2558 5831 2659 5869 non
2729 5829 2954 5884 possum.
3011 5811 3154 5866 Istud
3225 5828 3438 5866 rursum
3489 5827 3554 5868 ex
3621 5813 3833 5872 illorum

2235 5889 2494 5960 utroque,
2528 5897 2626 5958 pro
2649 5900 2714 5940 eo
2730 5881 2885 5954 quod
2913 5883 3167 5938 Erasmus
3196 5894 3424 5956 possunt.
3444 5884 3649 5942 Ρωει.
