4214 6266
281 303 409 363 857

1336 301 1424 359 DE
1463 301 2022 362 SINGULABITATE
2056 301 2519 363 CLERICORUM.

3480 295 3591 363 858

286 431 382 480 rat
410 421 787 494 indigentiam;
817 429 873 477 et
890 420 983 493 qui
1010 421 1209 477 missus
1238 429 1460 477 venerat
1497 421 1680 491 pasci,
1711 429 1895 492 pastus
1919 424 1975 483 Α
1999 438 2067 482 ne
2110 425 2199 482 vel
2248 432 2581 481 momentum
2625 421 2840 495 aliquod
2890 428 3160 487 transeat,
3186 418 3420 490 'qnando
3459 419 3601 476 indi-

286 516 540 589 quinitno
582 513 864 572 conferens
907 514 1155 581 miseris,
1205 514 1452 570 miserias
1478 514 1734 585 egestatis
1774 512 1903 569 fecit

289 608 534 667 excludi.
567 608 634 665 Et
673 608 777 665 hoc
805 625 912 664 non
955 616 1131 679 potest
1171 607 1489 679 cujusquam
1521 606 1703 664 favere
1746 607 1903 662 luxu.

287 705 430 771 rima;
458 719 581 761 cum
611 703 755 761 nulla
784 702 948 759 fuerit
970 705 1342 774 opportunitas
1364 701 1602 758 scandali
1629 701 1720 758 ubi
1751 710 1900 757 tran-

298 803 527 853 seunter
591 796 732 867 quod
778 795 931 866 pejus
967 804 1050 850 est
1094 803 1395 865 egestosam
1443 793 1688 849 habuerit
1744 808 1903 849 man-

294 890 548 954 sionem,
597 902 756 959 qnam
794 887 1116 959 quicumque
1147 887 1344 957 hospes
1381 884 1661 956 effugeret.
1702 889 1774 942 At
1818 884 1904 942 hic

292 979 441 1051 apud
479 994 616 1051 quos
663 978 963 1049 hospitatus
1009 986 1126 1046 est,
1177 978 1418 1049 implevit
1468 985 1525 1033 et
1568 976 1760 1042 rediit;
1802 977 1902 1048 qui
1953 1027 1962 1035 .

292 1073 509 1131 etiamsi
542 1084 874 1140 moraretur,
909 1083 1191 1141 suspectus
1214 1085 1335 1127 esse
1365 1080 1470 1125 non
1500 1071 1691 1140 potuit.
1719 1069 1904 1138 Qualis

296 1166 417 1229 illic
440 1164 541 1221 fuit
570 1163 969 1220 communitatis
998 1161 1222 1219 effectus
1241 1205 1258 1229 ,
1293 1163 1382 1218 ubi
1411 1177 1519 1218 non
1546 1170 1663 1218 erat
1691 1162 1905 1217 victus?

294 1258 373 1317 Et
415 1258 627 1330 qualem
654 1256 722 1313 ad
774 1255 985 1312 viduam
1032 1254 1215 1311 habuit
1248 1255 1429 1312 Helias
1466 1254 1777 1320 introitum,
1819 1255 1905 1310 cui

293 1350 473 1407 fames
497 1349 645 1406 dedit
676 1348 1015 1420 hospitium?
1041 1347 1295 1418 Quisquis
1320 1362 1379 1404 es
1405 1347 1495 1419 qui
1527 1357 1579 1404 te
1610 1348 1690 1402 vis
1736 1347 1904 1404 Heliae

295 1443 371 1500 de
422 1442 846 1500 commoratione
878 1434 1071 1497 'viduaé
1116 1442 1297 1498 vocari
1344 1440 1705 1514 discipulum,
1758 1441 1904 1511 prius

295 1535 607 1594 solitudinis
633 1534 982 1603 afﬂictiones,
1010 1516 1066 1591 et
1098 1533 1447 1606 quadraginta
1489 1534 1699 1590 dierum
1740 1535 1906 1591 tolera

292 1631 489 1704 jejunii
509 1631 711 1687 exitum
728 1672 744 1697 ,
767 1636 824 1686 et
847 1640 943 1685 aut
990 1642 1099 1685 non
1126 1642 1333 1700 qumres
1358 1627 1611 1685 feminam
1632 1669 1649 1694 ,
1675 1636 1770 1685 aut
1797 1643 1906 1685 non

298 1725 408 1781 erit
434 1724 525 1795 qui
550 1738 673 1780 cum
699 1721 895 1777 femina
940 1730 1324 1787 commoretur,
1351 1731 1407 1777 et
1437 1729 1616 1776 tamen
1643 1721 1687 1777 si
1715 1721 1906 1777 value-

2003 527 2163 591 geant
2190 518 2331 589 quod
2356 517 2627 574 affectant.
2659 515 2750 572 Sic
2787 516 2924 571 inter
2952 528 3049 570 eos
3087 513 3364 585 integritas
3387 514 3590 570 emori-

2005 619 2122 676 tur;
2172 609 2260 665 ubi
2303 609 2480 665 omnis
2527 606 2916 674 commoratio,
2946 605 3060 661 sive
3097 606 3448 671 convivendo,
3483 606 3601 663 sive

2004 702 2397 759 commanendo
2425 699 2695 771 corruptis
2715 686 3091 756 affectionibus
3114 698 3437 770 inquinatur.
3453 697 3603 766 Quos

2005 805 2221 852 sanctus
2252 795 2441 851 Petrus
2469 792 2747 863 apostolus
2781 791 3102 862 designavit,
3134 789 3319 846 dicens
3349 806 3362 845 :
3390 788 3447 845 In
3472 804 3604 845 con-

2006 888 2164 944 viviis
2196 890 2311 944 suis
2339 888 2699 952 luxuriantes,
2724 884 2912 942 oculos
2943 882 3205 939 habentes
3246 880 3431 952 plenos
3465 895 3601 938 mm~

2005 978 2368 1044 chationibus,
2399 987 2454 1032 et
2483 974 2892 1033 incessabilibus
2916 973 3148 1039 delictis,
3176 972 3451 1043 capientes
3477 974 3599 1027 ani-

2010 1088 2127 1128 mas
2160 1072 2423 1128 infirmas.
2452 1071 2562 1127 llos
2588 1070 2748 1126 etiam
2790 1070 2861 1124 ita
2896 1068 3150 1124 Salomon
3178 1066 3402 1123 denotat
3423 1084 3436 1121 :
3457 1067 3604 1123 Abo-

2007 1165 2229 1220 minatio
2248 1174 2363 1230 est,
2397 1163 2596 1235 inquit,
2620 1177 2801 1218 coram
2847 1161 3073 1218 Domino
3097 1158 3337 1231 deligens
3363 1159 3601 1215 oculum.

2009 1256 2175 1313 Plane
2194 1266 2404 1321 contra,
2435 1271 2626 1327 purum
2668 1255 2878 1310 oculum
2906 1262 3134 1309 testatur
3161 1266 3222 1307 se
3244 1251 3456 1325 habere
3476 1250 3598 1321 Job,

2006 1352 2098 1437 qui
2127 1350 2202 1405 ait
2242 1368 2256 1404 :
2294 1350 2361 1405 Et
2392 1349 2438 1404 si
2484 1348 2659 1404 oculis
2700 1344 2979 1403 consensit
3021 1359 3117 1400 cor
3161 1360 3363 1401 meum.
3402 1344 3602 1401 Verum

2008 1446 2285 1500 enimvero
2312 1444 2406 1501 ille
2431 1451 2607 1514 potest
2633 1441 2745 1498 suis
2772 1439 2943 1498 oculis
2966 1440 3232 1496 obnoxius
3262 1453 3370 1496 non
3398 1439 3601 1507 teneri;

2008 1538 2095 1593 cui
2124 1536 2324 1592 nolenti
2353 1536 2667 1607 repentinus
2704 1548 2961 1591 occursus
3004 1532 3247 1589 mulieris
3292 1531 3603 1588 scandalum

2011 1632 2260 1698 moverit,
2289 1631 2430 1702 quod
2456 1631 2702 1701 protinus
2740 1643 2896 1687 mens
2921 1629 3065 1699 quod
3106 1629 3323 1686 nolebat
3358 1627 3602 1699 expellit.

2009 1724 2105 1780 ille
2125 1735 2317 1781 autem-
2332 1726 2750 1781 commotionem
2789 1724 2871 1779 sui
2897 1722 3047 1779 visus
3083 1737 3190 1777 non
3217 1731 3455 1778 meretur
3481 1735 3607 1776 eva-

299 1817 382 1873 ris
410 1816 503 1872 tibi
528 1829 704 1872 serva.
734 1812 901 1871 Nobis
922 1822 1103 1870 autem
1131 1814 1185 1870 in
1215 1813 1405 1885 spiritu
1433 1822 1489 1870 et
1515 1814 1712 1870 virtute
1740 1813 1904 1871 Helia:
1933 1822 1982 1884 B
2009 1816 2161 1884 dere,
2193 1817 2284 1887 qui
2313 1816 2457 1887 apud
2500 1831 2560 1871 se
2599 1815 2837 1871 scandaii
2862 1814 3142 1870 materiam
3173 1823 3353 1880 tenet,
3377 1813 3469 1885 qui
3494 1813 3608 1869 vult

298 1924 412 1966 non
441 1908 603 1965 alium
631 1923 789 1979 quam
829 1906 1091 1964 Joannem
1119 1906 1295 1965 solum
1331 1908 1599 1980 Angelus,
1636 1917 1692 1965 et
1717 1908 1902 1966 Domi-

240 1983 257 1998 ’
297 2016 407 2058 nus
430 2001 676 2058 Christus
699 2001 953 2058 insinuat.
1014 2026 1025 2037 κ

378 2092 525 2149 Proh
562 2092 718 2149 dolor
754 2094 767 2148 !
810 2093 995 2151 dolere
1038 2095 1282 2166 cogimur
1301 2094 1442 2167 quod
1481 2095 1768 2154 docemus:
1816 2101 1909 2169 qui

305 2200 482 2258 usque
504 2184 572 2241 ad
599 2184 701 2242 hoc
723 2188 989 2254 venimus,
1031 2187 1167 2243 utin
1190 2188 1591 2260 comparatione
1615 2189 1903 2262 ﬂuxorum,

307 2277 381 2335 de
399 2287 706 2334 sanctorum
732 2278 1324 2336 tremendisvirtutihus
1343 2279 1695 2351 diSputemus.
1717 2283 1907 2351 Parce,

305 2370 419 2442 jam
447 2385 628 2442 parce,
659 2371 1004 2441 protervitas.
1046 2370 1345 2444 Numquam
1369 2372 1463 2428 tibi
1489 2375 1663 2431 sancti
1682 2391 1910 2435 consen-

313 2467 488 2531 tiunt;
529 2466 619 2536 qui
665 2464 942 2535 religiosa,
986 2465 1252 2533 modesta,
1300 2468 1636 2538 veneranda,
1689 2471 1907 2543 pudica,

314 2558 578 2631 pudorata
614 2572 738 2614 cum
780 2557 990 2614 feminis
1030 2560 1242 2629 negotia
1310 2572 1653 2631 peregerunt.
1709 2563 1817 2619 Aut
1862 2566 1910 2622 si

315 2649 492 2706 adhuc
523 2667 617 2721 per
658 2661 875 2708 sanctos
918 2652 1269 2709 cavillationis
1309 2654 1583 2711 anfractus
1628 2658 1911 2715 contendis

316 2744 635 2815 exquirere;
669 2759 768 2800 nos
799 2753 977 2800 tamen
1005 2745 1207 2801 amicos
1245 2746 1340 2803 Dei
1382 2763 1487 2802 non
1512 2748 1781 2816 novimus,
1808 2750 1914 2806 nisi

314 2834 383 2891 ad
406 2837 806 2893 venerationem
834 2837 1204 2894 tantummodo
1226 2843 1538 2907 memorari,
1563 2840 1707 2912 quod
1739 2842 1911 2899 David

314 2928 515 2998 docuit,
540 2928 727 2986 dicens
771 2947 783 2984 :
814 2930 941 2986 Mihi
983 2939 1163 2987 autem
1198 2931 1544 2990 vehementer
1575 2933 1912 2992 lionorilicati

316 3034 442 3082 sunt
467 3026 626 3082 amici
651 3026 746 3093 tui,
780 3026 939 3083 Deus.
990 3026 1127 3082 Eant
1167 3042 1308 3083 nunc
1348 3027 1627 3099 praedones
1656 3027 1909 3101 pudoris,

315 3129 367 3175 et
392 3119 635 3192 plagiarii
660 3121 958 3187 castitatis,
990 3120 1318 3177 mulierculis
1345 3122 1457 3177 suis
1481 3138 1759 3194 exponere
1790 3138 1910 3178 mo-

2008 1909 2322 1965 intentionis
2341 1923 2454 1963 suae
2469 1908 2747 1964 affectibus
2766 1906 2890 1974 frui,
2908 1907 2998 1977 qui
3012 1906 3225 1962 affectat
3245 1905 3444 1962 habere
3464 1904 3607 1974 quod

2008 2001 2181 2059 oeulis
2206 2000 2563 2059 offensionem
2592 2002 2820 2072 ingerat,
2854 2014 3085 2070 quorum
3109 1997 3340 2054 aviditas
3367 1995 3610 2067 inexple-

2008 2094 2133 2151 bilis
2185 2096 2329 2151 inter
2365 2093 2688 2150 oﬂ'cndicula
2737 2093 2991 2149 continua
3036 2091 3182 2147 nullo
3224 2089 3384 2145 modo
3432 2097 3610 2159 potest

2009 2189 2231 2245 omnino
2256 2190 2561 2259 compesci;
2590 2186 2735 2259 quod
2774 2188 3034 2244 Salomon
3065 2186 3346 2258 approbat,
3380 2185 3566 2240 dicens
3591 2202 3605 2239 :

2010 2278 2259 2338 lnfernus
2276 2288 2332 2336 et
2356 2280 2606 2337 interitus
2634 2295 2739 2335 non
2770 2281 3052 2345 satiantur,
3077 2277 3327 2334 similiter
3344 2276 3487 2332 oculi
3511 2276 3610 2332 ho-

2011 2377 2217 2434 minum
2249 2377 2580 2434 insatiabiles
2607 2385 2751 2432 sunt.
2779 2377 2844 2433 Et
2870 2378 2922 2432 in
2957 2375 3064 2430 alio
3092 2375 3213 2430 loco
3240 2390 3256 2427 :
3284 2371 3401 2428 Non
3447 2372 3610 2427 satia-

2012 2480 2100 2527 tur
2119 2471 2307 2527 oculus
2331 2471 2560 2527 videndo
2584 2513 2600 2539 ,
2634 2470 2703 2526 Et
2732 2466 2972 2527 iterum‘:
3003 2468 3241 2541 Nequius
3278 2466 3436 2524 oculo
3478 2465 3607 2536 quid

2011 2573 2249 2621 creatum
2275 2567 2400 2622 est?
3596 2586 3599 2587 '

2085 2656 2196 2711 Hac
2221 2657 2571 2729 castigatione
2606 2673 2713 2715 non
2740 2658 3046 2731 compuncti
3070 2701 3085 2726 ,
3113 2657 3298 2714 divina
3324 2655 3609 2713 interdicta

2012 2746 2260 2805 nefandae
2278 2746 2653 2805 familiaritatis
2673 2750 3034 2807 obstinatione
3057 2756 3431 2816 contemnunt,
3448 2756 3505 2804 et
3523 2745 3613 2802 ad-

2014 2845 2123 2902 huc
2158 2849 2378 2918 insuper
2418 2848 2486 2904 de
2519 2848 2783 2904 charitate
2826 2857 3137 2913 causantur,
3176 2849 3266 2918 qui
3315 2846 3609 2903 secundum

2014 2941 2237 2997 verbum
2270 2941 2443 2996 Esaia:
2470 2942 2880 2998 amaritudinem
2910 2956 3011 3013 pro
3038 2939 3326 3001 dulcedine
3350 2939 3613 2994 devoran-

2017 3043 2115 3100 tes,
2137 3034 2332 3090 nudam
2355 3033 2647 3091 foeditatem
2671 3033 2975 3090 velamento
2991 3032 3116 3089 boni
3132 3031 3365 3087 nominis
3384 3040 3567 3101 tegunt
3593 3044 3608 3094 ;

2012 3126 2141 3184 dum
2172 3127 2312 3199 apud
2341 3143 2437 3183 eos
2462 3128 2564 3184 sub
2593 3128 2721 3182 falsa
2754 3126 3063 3194 dilectione,
3098 3140 3223 3181 vera
3252 3124 3470 3180 dilectio
3498 3122 3613 3177 vio-

316 3209 499 3266 leSLias
523 3212 885 3283 querelarum.
917 3211 1072 3281 Apud
1101 3220 1318 3268 sanctos
1340 3222 1555 3268 nostros
1582 3228 1687 3269 non
1712 3214 1912 3271 habent
1936 3217 1981 3281 C
2015 3223 2173 3279 latur.
2207 3221 2314 3279 sed
2334 3222 2601 3278 exclamat
2640 3220 2877 3277 charitas
2925 3230 2983 3276 et
3031 3217 3283 3288 appellat,
3325 3217 3462 3272 tales
3509 3229 3611 3286 ego

313 3304 536 3360 omnino
562 3303 869 3376 suffugium.
893 3305 1087 3376 quibus
1124 3305 1336 3362 misceri
1376 3305 1631 3362 Ecclesiae
1675 3308 1913 3364 auctori-
2018 3329 2124 3370 non
2148 3314 2324 3385 junxi,
2366 3314 2497 3368 falsa
2536 3314 2705 3369 altera
2733 3321 2817 3367 est
2845 3324 2968 3383 quae
3012 3325 3099 3365 me
3125 3307 3430 3366 simulando
3477 3322 3608 3363 con-

276 3431 291 3441 -
315 3408 423 3453 tate
448 3396 595 3453 Pauli
636 3397 865 3469 apostoli
901 3397 1217 3469 prohibetur
1268 3416 1283 3454 :
1314 3398 1383 3454 Et
1418 3398 1550 3467 hos,
1579 3399 1789 3470 inquit,
1818 3400 1906 3456 de~

2015 3409 2191 3466 ﬁnxit.
2234 3408 2535 3481 Numquam
2571 3407 2667 3463 Dei
2718 3405 3000 3477 praeceptis
3044 3402 3269 3471 obsisto,
3320 3417 3610 3473 numquam

325 3492 464 3554 Vlla;
490 3504 555 3545 ει
599 3489 681 3545 his
717 3491 859 3546 enim
890 3500 1016 3546 ευιιι
1044 3490 1134 3561 (illi
1172 3503 1367 3561 rePu“l
1397 3490 1450 3546 ίι)
1478 3491 1703 3557 domos,
1734 3502 1790 3548 el
1821 3507 1913 3548 (‘8-
2013 3502 2171 3559 ﬂuais
2198 3492 2524 3571 faveo,'per-
2550 3513 2638 3556 me
2686 3498 3028 3554 sanctitatem
3074 3510 3179 3551 non
3211 3503 3340 3566 opto
3382 3490 3608 3560 culpari.

314 3587 485 3658 ptivas
526 3586 728 3642 ducunt
766 3585 1106 3643 mulierculas
1159 3594 1410 3642 oneratas
1478 3586 1712 3659 peccatis
1736 3630 1752 3656 ,
1781 3601 1909 3658 quae
2014 3593 2329 3652 Calumnias
2350 3593 2479 3648 mihi
2507 3607 2694 3649 aversa
2724 3592 3050 3664 germanitas
3080 3591 3226 3659 facit,
3275 3588 3510 3660 pericula
3557 3595 3613 3642 ct

313 3680 582 3736 ducuntur
612 3679 772 3736 variis
801 3678 1112 3736 desideriis.

381 3774 510 3831 Post
539 3774 642 3831 hoc
668 3773 898 3831 edictum
926 3775 1130 3831 utinam
1160 3773 1431 3831 conﬁdant
1453 3775 1554 3831 sibi
1578 3776 1907 3847 Angelorum

312 3869 560 3942 exempla
601 3868 925 3925 conducere.
969 3867 1078 3924 Nos
1117 3868 1230 3940 jam
1288 3885 1395 3925 non
1436 3870 1618 3927 valent
1664 3869 1901 3938 flectere,

311 3965 399 4037 qui
436 3965 687 4022 novimus
711 3974 768 4021 et
795 3964 1030 4037 Angelos
1072 3980 1195 4021 cum
1248 3962 1464 4020 feminis
1506 3964 1788 4022 cecidisse.
1820 3964 1904 4022 Ab

311 4060 439 4131 ipsis
485 4061 734 4135 equidem
775 4060 912 4118 bene
946 4061 1240 4133 patrocinia
1285 4069 1616 4127 mutuantur,
1658 4060 1753 4117 sed
1805 4074 1904 4117 nos

309 4156 513 4211 nullum
539 4157 798 4229 Angelum
826 4157 1072 4211 audimus
1092 4164 1278 4212 contra
1301 4154 1526 4211 Paulum
1559 4154 1896 4226 apostolum:

309 4246 447 4314 Etsi,
472 4249 659 4319 inquit,
683 4265 784 4321 ego
818 4259 907 4305 aut
935 4249 1171 4322 Angelus
1219 4248 1311 4304 Dei
1356 4248 1516 4304 aliter
1559 4248 1897 4321 evangeliza-

308 4340 633 4410 veritvobis,
665 4350 1018 4413 prmterquam
1045 4341 1188 4412 quod
1215 4341 1700 4413 evangelizavimus
1726 4341 1897 4407 vobis,

2010 3704 2113 3761 ego
2127 3691 2264 3745 inter
2285 3688 2448 3744 falsos
2471 3687 2667 3743 fratres
2687 3687 2910 3744 incurri.
2924 3686 3212 3752 Succurre,
3235 3699 3386 3740 meus
3408 3699 3605 3754 praeco,

2009 3797 2284 3850 succurre,
2314 3780 2480 3837 Paule
2517 3780 2783 3850 apostole,
2805 3778 2892 3833 dic
2924 3777 3288 3833 testimonium
3306 3791 3508 3842 meum,
3542 3791 3610 3829 ne

2008 3873 2151 3944 quod
2179 3872 2248 3929 de
2271 3887 2359 3929 me
2397 3873 2686 3927 annuntias
2719 3877 3076 3941 pervertatur.
3104 3868 3254 3924 Finis
3275 3876 3453 3924 autem
3482 3883 3610 3939 prac-

2008 3968 2147 4037 cepti
2174 3974 2260 4023 est
2282 3966 2520 4023 charitas
2545 3971 2612 4021 de
2638 3964 2802 4022 corde
2825 3978 2979 4035 puro,
3007 3974 3059 4019 et
3087 3962 3413 4019 conscientia
3440 3960 3603 4029 bona,

2007 4070 2060 4116 et
2102 4059 2209 4117 fide
2247 4076 2355 4116 non
2397 4060 2540 4116 ficta.
2599 4060 2824 4115 Dilectio
2880 4056 3244 4128 deputabitur,
3297 4071 3396 4126 per
3443 4069 3605 4127 quam

2007 4156 2306 4211 sanctitatis
2326 4154 2521 4225 injuria
2543 4154 3005 4210 criminationibus
3024 4150 3326 4223 appetitur?
3348 4151 3450 4206 Aut
3480 4150 3604 4204 illn-

2004 4260 2124 4301 rum
2156 4246 2262 4302 erit
2276 4246 2485 4302 sincera
2502 4245 2805 4302 fraternitas
2823 4244 3157 4310 :estimanda,
3176 4243 3245 4298 de
3265 4242 3463 4313 quibus
3482 4241 3604 4296 tiliae

2005 4339 2191 4395 matris
2238 4338 2497 4413 Ecclesia;
2544 4338 2914 4411 perducuntur
2969 4338 3022 4392 in
3079 4335 3339 4407 culpam?
3382 4333 3438 4389 Si
3484 4333 3606 4389 talis

309 4431 593 4487 anathema
617 4431 708 4487 sit.
731 4432 1008 4489 lnsaniunt
1032 4449 1276 4505 prorsus,
1299 4433 1490 4490 ardent
1511 4432 1782 4490 desiderio
1820 4434 1901 4490 fe-
2002 4427 2311 4488 Christiana
2338 4430 2571 4487 charitas
2597 4440 2916 4496 annotatur;
2944 4428 3311 4484 indubitanter
3336 4425 3458 4482 odia
3486 4440 3601 4481 me-

309 4524 605 4591 minarum,
637 4533 902 4596 quotquot
947 4524 1070 4580 huic
1107 4525 1468 4582 interdictioni
1510 4540 1616 4581 non
1667 4525 1894 4592 cedunt;
2000 4526 2133 4583 liora
2183 4534 2346 4591 sunt,
2395 4541 2515 4597 quin
2563 4526 2690 4580 dum
2739 4530 3023 4593 separant,
3076 4521 3344 4577 neminem
3422 4533 3605 4575 macu-

308 4625 360 4671 et
387 4614 830 4672 obscoenitatibus
854 4614 1142 4679 inhiantes,
1168 4617 1374 4672 malunt
1403 4617 1562 4685 mori,
1594 4633 1752 4688 quam
1776 4632 1899 4674 con-
1922 4626 1978 4688 Ι)
2002 4621 2135 4677 lant.
2167 4619 2293 4675 Hmc
2318 4630 2497 4675 autem
2526 4617 2859 4690 parricidalis
2883 4614 3099 4671 dilectio
3128 4613 3322 4670 fratres
3361 4627 3606 4683 persecu-

310 4707 435 4777 tcnti
465 4708 570 4762 sint
593 4724 622 4761 a
648 4706 903 4763 lateribus
929 4708 1213 4770 mulierum
1235 4709 1411 4780 aliqua
1432 4708 1797 4779 disjunclione
1822 4709 1906 4766 di-
2007 4723 2156 4769 tores
2202 4713 2443 4769 adunare
2479 4711 2777 4775 consuevit,
2824 4709 2913 4781 qui
2948 4708 3179 4763 libenter
3204 4693 3487 4777 patiuntur
3535 4705 3605 4761 de

308 4799 428 4855 velli
484 4816 498 4852 :
537 4808 594 4854 ut
638 4799 706 4856 ad
755 4800 1079 4870 explendam
1130 4816 1243 4856 θυῖε
1291 4800 1560 4857 aviditatis
1610 4801 1901 4873 ingluviem
2006 4821 2108 4863 suo
2153 4807 2427 4863 consortio
2457 4805 2595 4861 filias
2640 4787 2900 4859 Ecclesiae
2949 4799 3261 4856 fornicarias
3301 4795 3601 4864 diﬁ‘amari,

308 4891 464 4947 etiam
492 4901 692 4962 puncto
718 4892 974 4962 temporis
1002 4907 1107 4947 non
1129 4893 1239 4949 sint
1280 4892 1397 4950 sine
1418 4893 1634 4951 femina:
1657 4894 1904 4966 volupta-
2005 4908 2193 4955 contra
2220 4900 2537 4957 cbaritatem
2565 4913 2722 4966 quam
2751 4895 2948 4951 Paulus
2992 4891 3268 4964 apostolus
3292 4888 3495 4954 docuit,
3521 4888 3604 4944 di-

308 4992 357 5038 te
385 5001 399 5035 :
432 4993 488 5039 et
514 4983 656 5040 hunc
682 4983 882 5041 habent
909 4986 962 5040 in
990 4985 1303 5042 mulieribus
1334 4988 1564 5045 fructum
1591 5031 1608 5058 ,
1638 4989 1771 5045 utin
1796 4990 1903 5048 illis
2007 5006 2137 5048 cens
2169 5009 2182 5046 :
2216 4989 2439 5046 Dilectio
2460 4989 2685 5061 proximi
2707 4987 2906 5044 malum
2941 4999 3047 5041 non
3075 4991 3346 5055 operatur.
3376 4981 3600 5051 Egregia

308 5093 519 5153 semper
547 5079 722 5139 defixa
748 5079 1067 5151 intentione,
1091 5080 1358 5140 desideria
1378 5084 1574 5143 satient
1592 5085 1898 5156 oculorum,
2007 5085 2252 5157 probatio
2278 5082 2558 5141 charitatis
2577 5124 2594 5154 ,
2621 5098 2741 5157 qua:
2767 5095 2875 5140 non
2906 5086 3114 5136 tantum
3142 5075 3302 5134 noxia
3329 5073 3603 5148 germani-

1615 5242 1797 5300 EDIT.
1815 5241 2028 5305 OXON.
2047 5240 2278 5303 ΝΟΤιΕ.

2074 5411 2198 5467 Sua:
2255 5411 2514 5467 aviditati:
2550 5409 2845 5483 ingluuiem.
2867 5406 3013 5483 ﬂet.
3041 5418 3162 5463 exc.
3185 5411 3242 5462 et
3266 5402 3600 5462 Remboldus

1995 5482 2245 5548 illuviem,
2294 5495 2544 5540 neutrum
2570 5480 2840 5549 displicet.
2865 5480 3071 5535 PAIIEL.

366 5548 570 5608 Amicos
627 5552 719 5606 Dei
761 5548 865 5607 non
908 5555 1158 5617 novimus,
1201 5554 1300 5609 nisi
1363 5555 1431 5608 ad
1500 5554 1889 5610 venerationem.
1977 5571 1981 5576 '
2072 5555 2290 5625 Quando
2332 5555 2617 5625 indigeant.
2662 5548 2780 5610 illuc
2843 5562 2990 5608 certe
3031 5566 3103 5606 ex
3140 5549 3232 5605 illo
3260 5548 3598 5621 reposuimus

305 5623 472 5700 Locus
515 5625 739 5700 insignis
768 5639 865 5695 pro
890 5625 1239 5700 veneratione
1262 5625 1603 5700 Sanctorum.
1635 5626 1839 5700 Pauca.
1995 5623 2106 5700 pro
2120 5644 2257 5700 cum.
2286 5623 2491 5700 Piraei.

370 5693 472 5768 Qui
517 5691 847 5751 novinms'et
916 5697 1133 5768 Angelos
1180 5713 1295 5768 cnm
1369 5698 1887 5766 feminiscecidisse.
1997 5691 2012 5700 ’
2066 5698 2129 5755 Si
2172 5699 2289 5753 talis
2329 5695 2620 5753 Christiana
2667 5698 2889 5751 alacritas
2918 5691 3472 5768 adnotaturallectins
3519 5692 3598 5746 sic

303 5763 468 5821 Etiam
521 5768 606 5822 hic
654 5775 841 5824 auctor
861 5763 1014 5825 filios
1030 5766 1123 5826 Dei
1176 5766 1326 5841 (Gen.
1356 5763 1428 5842 vi)
1455 5769 1689 5841 Angelos
1720 5769 1889 5828 inter-

303 5847 553 5898 pretatur.
584 5839 793 5898 Pailst.

2008 5779 2100 5831 ret.
2164 5785 2284 5829 exc.
2353 5778 2411 5830 ct
2476 5768 2816 5829 Remboldus
2841 5809 2859 5839 ,
2936 5783 3096 5841 quam
3148 5766 3237 5823 alii
3277 5764 3591 5892 Ι(ξιιυοειιιιιν.

3322 5852 3484 5892 ΛΙΕΙΑ

301 5847 553 5910 pretatur.
585 5846 793 5898 Pansa.

3278 5846 3484 5892 ΡΛΙΕΙΑ

371 5407 687 5481 Egeslosam.
718 5408 808 5467 Sic
834 5417 983 5467 recte
1007 5408 1301 5478 Morellius,
1322 5390 1653 5469 Bemboldus
1700 5418 1756 5468 et
1782 5418 1891 5467 vet.

303 5495 415 5537 exc.
448 5485 610 5551 q'nunt
640 5482 732 5553 alii
760 5493 1092 5553 egestuosant.
1111 5482 1316 5539 PAIEL.
