4202 6272
649 297 757 368 859
2214 300 2284 365 ιι

2366 300 2421 363 :lt
3853 300 3955 366 ϐω

650 433 763 482 tate
782 421 955 487 oidcit
980 422 1243 496 proximo,
1271 420 1367 479 sed
1399 422 1561 481 etiam
1586 421 1825 492 subiecta
1845 436 1952 481 non
1983 419 2095 478 vult
2118 436 2242 479 esse
2265 424 2322 486 Α
2416 416 2639 476 Dilectio
2664 425 2747 475 est
2769 462 2783 485 ,
2814 416 3082 490 inquiunt.
3109 417 3157 475 0
3174 416 3395 477 dilectio
3415 434 3537 492 qum
3565 417 3777 479 invidet
3806 420 3907 479 sibi
3935 425 3951 481 !

656 516 1151 589 praescriptionibus
1180 516 1803 587 Apostoliczciussionis.
1843 513 2252 573 Confuudautur
2353 512 2654 569 Ocharitas
2689 528 2810 583 qua:
2847 514 2996 584 cupit
3045 528 3107 569 se
3160 514 3211 569 in
3260 515 3656 586 vituperatione
3704 514 3946 576 laudari!

654 620 955 666 assertores
975 608 1279 666 dilectionis
1301 608 1697 679 huiuscemodi,
1721 622 1857 679 quos
1876 607 2120 679 iudicant
2150 606 2248 672 illi,
2355 606 2570 663 Grande
2600 607 2933 677 miraculum,
2962 616 3019 663 ut
3044 607 3309 680 virginum
3339 608 3576 665 charitas
3615 609 3857 680 virgines
3879 612 3950 665 la-

654 704 749 775 qui
779 719 875 773 pro
895 703 1271 761 communibus
1290 704 1589 761 commodis
1609 706 1772 762 etiam
1801 702 2252 773 consanguineam
2355 701 2464 757 ciat
2493 702 2637 756 velut
2661 702 2918 773 coniuges
2940 701 3089 758 credi
3123 718 3137 756 :
3166 711 3223 758 et
3250 704 3538 775 coniugum
3565 704 3810 760 charitas
3834 718 3951 761 con.

656 796 916 852 deserunt
940 797 1281 853 charitalcm.

733 889 792 946 In
825 889 974 947 omni
1001 890 1203 947 mundo
1218 904 1356 961 pene
1388 899 1554 947 totum
1580 892 1824 961 iunctum
1851 904 1934 950 est
1958 909 2131 966 genus
2154 894 2253 950 hu-

661 997 904 1048 manum,
935 992 991 1039 et
1024 984 1218 1053 ubique
1259 984 1507 1054 cognatio
1549 987 1804 1042 naturalis
1848 989 2054 1044 alterna
2099 1005 2254 1059 pere-

662 1077 970 1148 grinatione
1014 1076 1357 1132 discernitur.
1414 1076 1645 1132 Possunt
1689 1090 1974 1149 parentes,
2032 1092 2259 1151 possunt

668 1168 783 1233 lilii,
811 1176 1031 1238 possunt
1066 1167 1277 1235 fratres,
1326 1181 1550 1239 possunt
1592 1183 1646 1227 et
1673 1173 1794 1243 ipsi,
1820 1173 1961 1243 quod
2007 1176 2124 1244 plus
2153 1184 2255 1241 est,

665 1260 923 1331 coniuges
946 1275 979 1315 ιι
1006 1260 1115 1316 Deo
1134 1274 1389 1317 concessa
1415 1262 1518 1318 sibi
1554 1273 1760 1319 natura:
1790 1265 1998 1319 vincula
2026 1266 2259 1320 disrum-

671 1368 829 1425 pere;
856 1361 912 1408 et
936 1352 1115 1409 clerici
1153 1352 1261 1409 Deo
1293 1370 1399 1409 non
1430 1356 1793 1422 concedente,
1827 1356 2046 1425 insuper
2075 1356 2260 1426 prohi-

671 1448 848 1512 beate,
880 1447 1167 1502 mulierum
1198 1448 1425 1504 nexibus
1453 1449 1762 1504 anciliatam
1784 1464 1890 1504 non
1911 1450 2090 1505 valent
2106 1464 2261 1504 recu-

669 1554 791 1594 sare
812 1538 1170 1594 charitatem?
1193 1538 1438 1610 Optanda
1461 1555 1675 1611 semper
1692 1544 1932 1610 cognatis
1952 1542 2265 1599 absenlatur

670 1630 907 1689 affinitas
935 1633 1337 1700 proximorum;
1361 1643 1413 1689 et
1449 1635 1779 1705 peregrinari
1800 1635 1869 1691 ab
1887 1639 2156 1693 extraneis
2189 1638 2267 1695 fe-

675 1724 835 1779 minis
861 1725 1043 1781 clerici
1083 1727 1452 1783 reluctantur?
1492 1729 1687 1799 quibus
1727 1730 2028 1787 faciendnm
2071 1730 2262 1800 fuerat,

2351 791 2509 863 iuges
2535 791 2690 848 faciat
2718 794 2864 848 velut
2892 793 3127 864 virgines
3153 796 3428 851 mstimari.
3462 796 3602 852 Ecce
3646 811 3779 852 vera
3827 797 3949 855 dile~

2358 884 2487 949 ctio,
2517 900 2637 954 quae
2666 886 2719 940 in
2745 886 3125 957 coniugalitate
3145 887 3349 954 dividit,
3388 891 3516 943 utin
3546 890 3804 946 castitate
3831 908 3947 948 con-

2356 976 2564 1047 iungat.
2610 979 2749 1035 Ecce
2794 988 2976 1033 sancta
3024 980 3259 1048 dilectio,
3310 997 3431 1052 qua:
3472 982 3847 1054 coniugalibus
3890 985 3946 1041 ad

2360 1088 2705 1128 communem
2739 1074 2952 1129 tandem
3000 1073 3200 1128 inducit
3230 1074 3545 1131 absentiam.
3583 1075 3651 1131 Hi
3689 1092 3792 1149 pro
3814 1089 3947 1134 certo

2361 1180 2483 1221 sese
2532 1166 2959 1236 inseparabiliter
2994 1166 3243 1237 diligunt,
3270 1169 3358 1239 qui
3415 1176 3471 1222 ut
3514 1168 3824 1241 triumphos
3861 1174 3945 1228 sibi

2365 1260 2614 1326 inferant,
2649 1276 2679 1314 a
2709 1261 2903 1330 seipsis
2932 1260 3246 1328 discedunt;
3270 1264 3464 1333 quibus
3484 1279 3584 1319 nec
3607 1265 3838 1331 crimen,
3862 1281 3943 1323 nec

2364 1363 2575 1421 natura,
2606 1368 2707 1409 nec
2733 1353 2841 1421 lex,
2873 1370 2973 1410 nec
2997 1354 3269 1422 Dominus,
3297 1372 3397 1411 nec
3419 1357 3714 1428 Apostolus
3734 1367 3943 1428 potesta-

2366 1453 2475 1500 tem
2507 1446 2665 1501 unius
2687 1445 2963 1503 interdixit
2984 1455 3075 1500 aut
3103 1446 3243 1514 tulit,
3273 1449 3366 1503 scd
3400 1463 3496 1519 pro
3514 1449 3736 1506 tuendis
3754 1452 3943 1521 paribus

2367 1539 2528 1605 votis,
2560 1547 2766 1594 semota
2809 1538 3163 1595 unanimitate
3202 1541 3472 1596 absentari
3518 1540 3764 1599 charitas
3803 1558 3941 1615 quam

2369 1639 2647 1695 voverunt,
2670 1632 2761 1702 qui
2793 1646 2893 1687 nec
2931 1631 3166 1698 crimini,
3197 1646 3297 1687 nec
3321 1643 3548 1699 natum,
3573 1649 3678 1691 nec
3711 1635 3831 1707 legi,
3863 1649 3943 1692 nec

2373 1726 2620 1791 Domino,
2653 1740 2751 1782 nec
2772 1728 2807 1779 Α
2819 1725 3051 1796 postolo,
3083 1740 3181 1782 nec
3208 1727 3307 1797 ipsi
3325 1727 3696 1799 coniugalitati
3721 1744 3941 1786 succum-

674 1818 837 1872 etiam
863 1818 907 1873 si
942 1818 1210 1887 peculiare
1248 1818 1448 1889 aliquid
1499 1821 1580 1877 vel
1609 1821 1979 1878 inconsuetum
2008 1824 2267 1881 Dominus
2295 1826 2342 1888 Β
2371 1819 2535 1885 bunt;
2577 1832 2714 1889 quos
2755 1828 2958 1873 tantum
3001 1818 3281 1889 virginitas
3308 1821 3562 1889 probrosa
3607 1820 3938 1886 condemnat,

677 1910 1024 1979 imperasset;
1055 1911 1148 1982 qui
1192 1912 1259 1971 ad
1310 1913 1625 1984 explicanda
1676 1915 2027 1983 impossibilia
2070 1917 2270 1972 habent
2373 1922 2630 1984 quantum
2658 1913 2779 1968 illos
2804 1912 3154 1984 couingalitas
3180 1922 3408 1969 castrata
3441 1914 3702 1984 glorificat
3726 1958 3739 1981 ,
3770 1916 3945 1985 quibus

679 2002 937 2073 Spiritum
971 2013 1240 2071 sanetum,
1272 2021 1431 2076 quem
1462 2008 1719 2065 mundani
1749 2009 1996 2065 homines
2033 2026 2138 2065 non
2172 2012 2269 2065 ha-

680 2093 829 2150 bent.
865 2094 1018 2152 Unde
1041 2095 1277 2153 Joannes
1318 2100 1594 2168 apostolus
1622 2102 1700 2157 sic
1728 2102 2014 2167 admonet,
2038 2102 2225 2157 dicens
2257 2119 2270 2157 :

682 2185 883 2252 Filioli,
914 2188 1109 2245 vincite
1136 2190 1279 2251 illos.
1301 2192 1551 2261 quosnam
1575 2194 1746 2265 major
1788 2196 1988 2265 estqui
2028 2195 2080 2249 in
2123 2193 2275 2250 vobis

683 2287 955 2350 est,qusm
970 2282 1059 2350 qui
1091 2283 1143 2338 in
1160 2282 1262 2341 hoc
1278 2285 1498 2341 mundo.
1519 2286 1669 2343 Nunc
1695 2302 1822 2345 vero
1837 2290 2093 2360 possibile
2113 2289 2274 2347 etiam

683 2371 932 2441 gentibus
959 2374 1088 2441 (non
1117 2374 1293 2430 dicam
1319 2375 1660 2452 Christianis)
1687 2390 1743 2437 et
1780 2382 1900 2439 leve
1930 2385 2274 2454 prospicitur,

684 2471 739 2517 et
762 2462 899 2531 apud
919 2463 1147 2520 clericos
1166 2466 1282 2523 sine
1305 2468 1428 2525 ullis
1447 2469 1725 2526 effectibus
1750 2484 2068 2540 evacuatur;
2102 2485 2157 2529 ut
2184 2492 2280 2546 pa-

687 2569 805 2608 rum
833 2556 902 2610 sit
928 2558 1008 2612 eis
1040 2558 1131 2613 Dei
1154 2560 1403 2615 mandata
1429 2561 1727 2631 despicere,
1754 2566 1858 2620 nisi
1877 2567 2023 2623 aliud
2047 2568 2282 2625 dedecus

689 2648 920 2705 habeant
943 2650 1084 2721 quod
1111 2666 1211 2707 nec
1237 2662 1531 2723 sectantur,
1565 2671 1669 2712 non
1697 2657 1870 2713 dicam
1925 2660 2139 2716 vincunt
2163 2676 2282 2717 om-

689 2742 837 2795 nium
858 2743 1099 2813 gentium
1128 2744 1574 2803 consuetudinem
1604 2766 1616 2803 :
1655 2748 1850 2818 quibus
1895 2751 2153 2808 Dominus
2188 2769 2285 2825 per

692 2832 1034 2890 Ezechielem
1057 2836 1350 2905 exprobrat
1375 2848 1430 2894 et
1448 2837 1578 2896 dicit
1611 2857 1624 2894 :
1647 2841 1705 2898 In
1734 2842 2001 2913 legalibus
2021 2847 2156 2902 meis
2179 2863 2284 2902 non

690 2925 1027 2994 ambulastis,
1056 2936 1112 2983 et
1140 2927 1556 2999 iustiﬁcationes
1595 2950 1742 2990 meas
1777 2952 1883 2992 nou
1928 2936 2147 2994 fecistis.
2180 2938 2285 2995 Sed

693 3032 866 3088 neque
887 3020 1186 3076 secundum
1209 3021 1624 3092 iustiﬁcationes
1646 3029 1907 3098 gentium,
1938 3047 2061 3101 quat
2087 3043 2212 3088 sunt
2234 3034 2287 3088 in

693 3112 918 3167 circuitu
941 3122 1140 3181 vestro,
1171 3114 1396 3171 fecistis.
1436 3118 1748 3175 l‘udcndutu
1777 3123 1960 3178 nescio
1983 3124 2112 3195 quid
2151 3123 2289 3181 diie-

2374 2009 2605 2066 sufliciat
2634 2009 2701 2063 ad
2731 2010 3049 2078 supplicium
3078 2009 3468 2065 dedecorosum
3490 2052 3504 2072 ,
3526 2009 3665 2079 quod
3692 2009 3947 2078 spadones

2376 2101 2751 2171 acouiugibus
2776 2100 3103 2171 iudicantur.
3153 2100 3232 2156 Ad
3277 2116 3508 2171 quorum
3549 2101 3943 2171 increpationem

2378 2210 2483 2251 non
2517 2194 2728 2249 tacendi
2756 2202 2882 2249 sunt
2908 2195 3069 2249 etiam
3101 2191 3193 2247 lilii
3222 2192 3384 2248 Israel
3410 2235 3424 2261 ,
3453 2194 3544 2263 qui
3571 2192 3707 2264 apud
3735 2192 3941 2249 Esdram

2380 2303 2579 2343 uxores
2591 2297 2642 2342 et
2665 2287 2801 2343 filios
2823 2297 3010 2342 contra
3028 2286 3206 2342 divina
3224 2287 3344 2356 jura
3369 2296 3647 2356 susceptos
3664 2303 3777 2345 ,non
3799 2301 3939 2342 enuc-

2383 2381 2477 2436 tati
2521 2380 2811 2449 depellene,
2854 2394 2954 2435 nec
2992 2389 3176 2434 contra
3210 2379 3416 2433 Domini
3451 2379 3765 2434 charitalem
3791 2379 3941 2434 conati

2382 2483 2508 2529 sunt
2530 2487 2811 2529 excusare.
2847 2472 3041 2528 Verum
3074 2471 3267 2537 fatear,
3301 2472 3346 2526 si
3373 2470 3670 2542 permittor.
3706 2473 3798 2541 Qui
3823 2487 3941 2526 nunc

2385 2580 2482 2636 pro
2506 2565 2838 2622 dimittendis
2879 2566 3091 2622 feminis
3111 2609 3125 2632 ,
3175 2567 3364 2620 alienis
3395 2566 3674 2622 adhaerent
3698 2583 3712 2619 :
3741 2566 3853 2639 quid
3880 2565 3940 2619 fa-

2384 2668 2570 2715 cerent
2595 2660 2640 2715 si
2670 2660 2867 2716 liberos
2891 2669 2946 2715 et
2972 2675 3166 2715 uxores
3198 2660 3461 2730 projicere
3497 2661 3813 2732 iubeantur?
3852 2663 3940 2716 Aut

2385 2753 2601 2823 quando
2650 2753 2900 2808 valebunt
2952 2768 3048 2823 pro
3091 2752 3309 2810 Christo
3358 2754 3666 2811 renuntiare
3710 2753 3939 2825 cognatis,

2389 2848 2477 2919 qui
2520 2847 2863 2902 mulierculas
2888 2860 2994 2901 non
3020 2861 3144 2902 suas
3169 2858 3489 2918 praeponunt
3516 2847 3702 2903 Christi
3728 2860 3943 2917 prmccp-

2390 2944 2502 2999 tis?
2529 2943 2659 2999 Dico
2683 2957 2778 2998 eos
2811 2942 3015 2996 facilius
3039 2958 3135 3012 pro
3163 2942 3353 2997 iisdem
3381 2941 3698 2997 mulierculis
3722 2946 3945 3010 parentes

2391 3038 2639 3110 proprios
2663 3037 2951 3108 abnegare,
2980 3052 3138 3107 quam
3165 3046 3383 3107 propter
3404 3035 3671 3091 Christum
3699 3034 3828 3105 ipsas
3840 3046 3944 3088 mu-

2395 3131 2647 3188 lierculas
2701 3131 3008 3200 relinquere
3067 3143 3265 3199 posse;
3333 3128 3687 3198 despicientes
3734 3124 3863 3198 quod
3904 3125 3944 3177 in

695 3205 801 3259 ctio
832 3206 931 3260 ista
973 3208 1258 3277 signiﬁcat,
1289 3226 1408 3280 qua:
1447 3213 1760 3284 extorqueri
1808 3223 1998 3271 contra
2044 3225 2288 3272 naturam
2316 3222 2362 3287 C
2396 3225 2684 3297 Evangelia
2721 3224 2836 3294 ipse
2877 3224 3133 3279 Dominus
3162 3222 3296 3278 dixit
3327 3241 3340 3278 :
3369 3222 3423 3279 Si
3448 3224 3565 3292 quis
3599 3221 3733 3276 venit
3776 3218 3838 3275 ad
3878 3234 3948 3272 me

698 3306 933 3368 putatur.

769 3391 959 3449 Adhuc
984 3393 1157 3450 habeo
1187 3395 1312 3467 quid
1340 3397 1522 3452 mirari
1554 3416 1567 3451 :
1596 3398 1730 3456 Cum
1780 3402 1989 3459 videam
2025 3404 2093 3460 de
2131 3404 2292 3461 Chri-

699 3485 888 3541 ειὶιιιιὶε
918 3487 1203 3558 plerosque
1260 3491 1484 3546 maritos
1538 3495 1734 3562 pariter
1779 3506 1837 3551 et
1893 3514 2085 3556 uxores
2125 3502 2299 3557 couti-

699 3580 934 3634 ncntiam
979 3580 1327 3648 destinantes,
1376 3584 1644 3641 domicilia
1685 3589 1970 3658 singularia
2002 3592 2170 3661 magis
2198 3594 2293 3648 eli-

696 3686 844 3742 gere,
899 3684 956 3729 ut
984 3691 1252 3732 consensu
1314 3680 1683 3736 communium
1726 3691 1974 3739 votorum
2025 3686 2142 3740 siue
2173 3687 2294 3741 irri-

703 3767 904 3822 latione
947 3769 1251 3838 praesentia:
1300 3778 1355 3825 et
1409 3773 1773 3830 concordante
1827 3790 2043 3833 secessu
2089 3780 2300 3834 Vttlcattl

701 3858 947 3916 obtinere
976 3875 990 3913 :
1021 3870 1076 3916 et
1102 3861 1335 3918 eunuchi
1365 3865 1531 3919 nostri
1559 3880 1666 3921 non
1707 3868 1904 3923 durant
1931 3870 2050 3924 sine
2086 3872 2300 3927 femina:

705 3951 987 4007 sodalitate
1013 3952 1291 4010 dormire?
1317 3954 1470 4025 Apud
1500 3956 1619 4013 illos
1659 3973 1811 4016 amor
1835 3961 2131 4032 coniugalis
2165 3979 2298 4019 cou-

705 4046 943 4101 tiueutiae
967 4061 1153 4102 amore
1179 4060 1466 4119 pensatur;
1491 4061 1545 4105 et
1569 4052 1709 4122 apud
1737 4054 2002 4123 Spadoues
2023 4056 2302 4114 cohabita-

708 4137 782 4190 tio
812 4126 1025 4192 feminae
1071 4154 1364 4210 numquam
1394 4151 1572 4210 potest
1597 4144 1796 4199 habere
1825 4144 2116 4202 fastidium.
2154 4149 2303 4205 Dicat

707 4230 1073 4287 cunuchorum
1096 4232 1353 4298 charitas,
1380 4233 1542 4300 dicat,
1576 4250 1644 4291 ne
1675 4234 1813 4291 forte
1839 4238 1892 4293 in
1923 4238 2021 4293 hac
2040 4243 2304 4298 secessio-

708 4337 774 4377 ne
798 4323 965 4393 magis
990 4323 1288 4395 coniugalis
1308 4326 1541 4380 charitas
1574 4337 1785 4397 peccet;
1815 4338 1874 4385 ut
1914 4333 2145 4402 apostoli
2168 4332 2305 4389 Pau-

707 4418 741 4471 li
769 4417 1053 4473 consilium
1080 4418 1647 4492 videaturconiugibns
1667 4422 1966 4480 insinuasse
1983 4426 2268 4483 divortium
2288 4444 2303 4483 :

708 4509 966 4581 Tempus,
1000 4514 1189 4583 inquit,
1236 4514 1376 4583 quod
1423 4525 1609 4581 restat,
1655 4515 1818 4574 breve
1868 4527 1972 4574 est.
2020 4518 2304 4591 Reliquum

2395 3330 2451 3376 et
2477 3334 2584 3373 non
2610 3317 2723 3373 odit
2762 3325 2967 3387 patrem
2998 3331 3185 3384 suum,
3213 3325 3306 3370 aut
3334 3326 3581 3380 matrem,
3608 3319 3693 3366 aut
3726 3324 3949 3372 uxorein,

2396 3421 2490 3467 aut
2519 3411 2675 3474 ﬂlios,
2703 3420 2797 3466 aut
2821 3409 3032 3476 fratres,
3062 3418 3116 3465 et
3162 3422 3393 3476 sorores,
3438 3416 3490 3463 et
3514 3405 3735 3461 animam
3774 3415 3952 3464 suam,

2400 3520 2507 3558 non
2531 3512 2706 3573 potest
2735 3516 2887 3557 meus
2909 3516 3033 3557 esse
3070 3501 3383 3570 discipulus.

2470 3599 2523 3654 Si
2546 3598 2615 3653 de
2634 3597 2948 3667 abiiciendis
2969 3597 3281 3668 parentibus
3300 3594 3622 3656 dubitantes,
3635 3588 3831 3661 lndigni
3851 3597 3953 3643 sunt

2400 3690 2631 3755 Christo,
2666 3691 2791 3761 quid
2813 3692 2912 3745 sibi
2937 3690 3274 3761 promittunt,
3306 3705 3441 3758 quos
3467 3695 3851 3755 contemptores
3873 3697 3950 3735 ex-

2403 3784 2553 3840 hibet
2581 3783 2798 3839 Christo
2842 3798 2947 3839 nou
2978 3783 3272 3855 parentalis
3304 3782 3556 3837 affectio?
3588 3782 3663 3835 Ac
3685 3795 3775 3850 per
3798 3778 3883 3832 hoc
3902 3777 3952 3828 il-

2403 3878 2579 3932 lorum
2630 3878 2839 3932 meritis
2882 3886 3224 3939 evacuantur,
3258 3890 3396 3947 quos
3444 3874 3630 3929 vident
3668 3869 3954 3939 contempla-

2403 3972 2551 4025 tione
2575 3969 2776 4024 Christi
2804 3968 2977 4023 nullas
3026 3983 3286 4038 personas
3331 3969 3585 4036 excipere
3631 3972 3955 4036 cognatorum.

2404 4061 2515 4118 Nec
2544 4062 2722 4117 minus
2749 4075 2866 4126 eos,
2898 4060 2993 4115 sed
3037 4060 3189 4130 pejus
3216 4061 3376 4115 etiam
3404 4060 3479 4113 illi
3520 4057 3864 4116 confundunt,
3886 4052 3956 4121 qui

2406 4164 2709 4210 metuentes
2736 4169 2842 4209 non
2875 4162 3078 4209 tantum
3115 4169 3235 4209 cum
3275 4153 3485 4218 aliena,
3529 4152 3632 4209 sed
3679 4151 3818 4209 etiam
3858 4162 3959 4203 cuiu

2405 4263 2501 4305 sua
2527 4264 2691 4304 carne
2721 4248 2909 4303 luctari
2930 4248 3219 4319 amputatis
3238 4247 3561 4319 genitalibus
3590 4246 3882 4303 abscedunt.
3906 4242 3960 4295 De

2408 4341 2603 4410 quibus
2623 4340 2783 4396 modo
2804 4340 3221 4396 examinatiouis
3241 4339 3512 4409 suspendo
3540 4340 3870 4402 sententiam,
3894 4350 3962 4388 rc-

2411 4429 2660 4500 linquens
2706 4430 2810 4487 alia
2860 4430 3225 4503 disputatione
3274 4429 3653 4500 promendum.
3702 4426 3964 4485 Secundum

2409 4520 2778 4578 confusionem
2792 4522 3113 4592 spadonum,
3134 4537 3239 4577 non
3261 4521 3449 4576 dubito
3470 4521 3727 4578 meliores
3745 4530 3968 4581 asserere,

708 4613 791 4657 est
818 4611 876 4656 ut
914 4613 967 4659 et
993 4605 1083 4677 qui
1113 4604 1310 4661 habent
1340 4621 1568 4670 uxores,
1602 4606 1681 4661 sic
1710 4609 1862 4678 quasi
1896 4624 2002 4665 non
2047 4610 2307 4668 habentes
2331 4621 2385 4687 ι)
2408 4615 2500 4685 qui
2570 4630 2671 4671 nec
2737 4616 2838 4671 sibi
2911 4626 3138 4685 parcunt
3205 4613 3456 4684 quidem,
3534 4613 3716 4670 dicam
3797 4609 3970 4666 feminis

708 4709 829 4751 esse
860 4697 1120 4763 nitantur,
1148 4711 1202 4753 et
1230 4697 1321 4767 qui
1351 4712 1456 4753 non
1486 4699 1705 4766 habent,
1732 4703 1880 4771 quasi
1906 4701 2165 4758 habentes
2184 4720 2308 4761 esse

709 4787 1028 4858 glorientur.
1061 4789 1136 4844 De
1166 4789 1249 4845 his
1276 4790 1389 4861 ipse
1413 4791 1705 4861 Apostolus
1731 4792 1799 4848 ait
1838 4809 1851 4845 :
1899 4792 2081 4863 Gloria
2108 4797 2161 4852 in
2192 4809 2305 4852 tur-

712 4879 954 4952 pitudine
980 4881 1238 4953 ipsorum.

2411 4706 2612 4763 audent
2637 4717 2960 4764 tentamenta
3002 4708 3297 4779 porrigere.
3332 4706 3716 4777 Respondeant
3748 4702 3972 4777 spiritales

2411 4801 2663 4869 eunuchi,
2694 4801 2813 4873 quis
2840 4802 2986 4857 furor
3016 4805 3067 4856 iu
3094 4801 3384 4857 dilectione
3410 4802 3728 4868 mulierum,
3755 4799 3832 4854 vel
3863 4793 3974 4866 quod

2413 4896 2485 4952 sit
2506 4897 2562 4953 in
2588 4897 3072 4981 contubernalitate
3113 4898 3325 4954 femiutc
3352 4900 3671 4972 mysterium
3690 4942 3704 4967 ,
3739 4904 3788 4951 ut
3814 4895 3860 4950 in
3883 4904 3977 4964 pcr-

2043 5048 2223 5108 EDIT.
2241 5052 2448 5113 OXON.
2466 5057 2695 5116 NOTAE.

786 5209 969 5285 Adhuc
1033 5207 1192 5263 habeo
1238 5207 1363 5285 quid
1392 5207 1589 5285 mirari.
1624 5205 1739 5262 Non
1766 5207 1943 5285 placet
1979 5212 2120 5285 quod
2149 5229 2308 5285 repo-

715 5282 823 5336 suit
871 5282 1154 5346 Erasmus,
1205 5280 1328 5350 quid
1374 5280 1551 5333 mirari
1591 5296 1691 5334 non
1721 5281 1895 5348 ualeo,
1943 5280 2042 5336 uisi
2086 5280 2311 5342 addatur

710 5354 858 5409 satis.
909 5352 1071 5408 Certe
1123 5351 1255 5406 illud
1304 5350 1503 5406 habent
1549 5361 1656 5406 vet.
1708 5367 1829 5408 exc.
1849 5364 1902 5407 et
1955 5353 2305 5415 Retuboldus.

712 5423 810 5480 Est
851 5434 1029 5481 autem
1085 5423 1236 5479 locus
1302 5423 1370 5479 de
1419 5432 1544 5478 voto
1582 5425 1928 5479 continentia
1965 5427 2270 5550 c3ningum.

2034 5514 2194 5550 nunc.

2034 5514 2194 5553 Ανει.

784 5566 1023 5623 Eunuchi
1071 5567 1232 5623 nostri
1296 5582 1398 5622 non
1446 5566 1654 5622 durant.
1709 5565 1898 5639 Neque
1968 5567 2054 5624 hic
2105 5571 2308 5626 arridet

712 5638 870 5694 lcetio
901 5639 1152 5694 Erasmi:
1196 5639 1260 5693 Et
1305 5639 1521 5693 eunuchi
1547 5638 1817 5694 dubitant.
1843 5640 2049 5698 ΡΑιιει.

789 5711 1097 5768 Potestatem
1159 5715 1332 5767 unius.
1385 5713 1671 5782 Adiecerat
1723 5715 1978 5769 Erasmus
2032 5728 2305 5769 conversa-

717 5783 886 5854 tionis,
927 5784 1021 5839 sed
1070 5784 1361 5854 superﬂue.
1392 5784 1599 5841 ΡΑιιει..

794 5851 915 5907 Non
964 5851 1184 5909 cunctati
1236 5865 1353 5910 sunt
1395 5856 1663 5924 depellere.
1698 5856 1809 5915 Hoc
1837 5872 2050 5914 rursum
2092 5874 2160 5916 ex
2200 5868 2305 5915 vet.

2413 5233 2532 5296 exc.
2555 5234 2684 5296 cum
2705 5219 2902 5277 Gravio
2936 5229 2990 5278 et
3015 5220 3289 5296 Morellio,
3326 5237 3432 5296 pro
3482 5236 3549 5296 eo
3588 5221 3732 5293 quod
3775 5224 3983 5296 corrupte

2414 5289 2746 5348 Rcmboldus
2786 5302 2840 5349 et
2877 5294 3056 5349 caeteri
3084 5294 3297 5348 contuli.
3324 5289 3592 5349 Manutius
3607 5289 3752 5420 ver;
3777 5289 3980 5347 contenti.

3749 5378 3899 5420 Αιιει..

3749 5378 3899 5420 Αιει.

2496 5432 2682 5489 Verum
2727 5440 2912 5503 fatear,
2949 5438 2994 5492 si
3038 5436 3321 5506 permittor.
3377 5434 3546 5491 Etiam
3576 5435 3693 5492 haec
3719 5431 3986 5506 Morelliiet

2415 5505 2628 5560 illorum
2674 5508 2903 5577 genuina
2953 5505 3044 5564 est
3063 5506 3262 5580 iectio,
3312 5522 3409 5579 pro
3467 5523 3532 5564 eo
3577 5508 3721 5580 quod
3770 5505 3987 5562 Erasmus

2415 5582 2597 5650 fateor,
2649 5584 2691 5634 si
2735 5580 3015 5648 permittor.
3061 5578 3264 5634 PAIEL.

2487 5650 2598 5705 Nec
2626 5641 2794 5704 minus
2820 5667 2923 5715 eos,
2954 5651 3041 5705 sed
3071 5652 3215 5721 pejus
3245 5651 3396 5705 etiam
3417 5650 3496 5705 illi
3522 5641 3987 5721 confrtndunl.Mcn-

2414 5723 2539 5777 dum
2572 5723 2690 5779 cod.
2753 5722 3033 5779 Rcutboldi
3078 5724 3165 5779 hic
3190 5739 3405 5794 quoque
3457 5720 3716 5780 remansit
3769 5720 3989 5776 haeteuus

2415 5796 2468 5850 in
2497 5796 2729 5863 excusis,
2763 5812 2854 5851 nec
2883 5797 3034 5852 minis
3060 5812 3143 5853 eos
3178 5796 3269 5852 sed
3299 5797 3482 5868 paruis.
3515 5794 3723 5851 PAIEL.
