4214 6266
268 369 382 440 861

1347 377 1435 437 DE
1476 378 2031 441 SINGULARITATE
2070 377 2538 440 CLERICORUM.

3471 368 3581 434 86%

272 500 476 557 niciem
506 512 659 556 suam
678 494 867 557 alienis
895 495 1153 556 membris
1175 494 1643 568 indulgeant.cum
1671 495 1744 552 illi
1773 510 1871 553 sua
1895 497 1950 560 Α
1973 508 2156 556 reatus
2223 496 2504 567 prohibitus
2570 489 3073 552 contubernalitatis
3131 504 3236 547 non
3314 488 3574 546 absolvit.

273 609 498 666 quoque
524 594 890 649 incunctanter
916 591 1230 649 abscindunt
1251 593 1275 646 2
1299 592 1362 647 lli
1388 591 1732 648 c0nfirntalos
1747 592 1800 646 in
1820 606 1880 649 se

274 698 436 746 artus
461 690 753 760 abjiciunt;
776 698 833 745 et
850 688 927 745 illi
948 688 1269 745 adveretriis
1285 688 1507 743 artubus
1528 689 1877 759 glutinantur.

273 783 349 840 lii
377 799 474 855 pro
499 783 799 854 integritate
821 783 1046 854 spiritali
1074 797 1196 838 cum
1227 792 1494 838 tormento
1547 797 1652 838 non
1687 782 1878 853 integri

276 875 528 946 corporis
557 874 816 930 dimicare
843 890 949 930 non
977 874 1254 937 dubitant;
1276 884 1331 929 et
1352 874 1427 928 illi
1449 860 1566 929 sine
1591 884 1879 941 tormento,

278 968 478 1040 integri
505 982 629 1024 esse
661 968 781 1023 sine
828 966 1142 1025 feminarum
1181 965 1514 1021 dimidictate
1557 967 1878 1021 detrectant.

277 1061 394 1118 Sed
436 1060 694 1117 adversus
738 1060 859 1116 illos
896 1060 1224 1131 comparatio
1261 1061 1404 1119 nulla
1435 1069 1516 1115 est
1544 1058 1788 1116 facienda
1815 1058 1883 1116 de

278 1154 515 1218 nostris;
543 1166 611 1207 ne
640 1152 985 1209 consolentur
1008 1150 1202 1207 addicti
1224 1151 1651 1222 quibuscumque
1670 1151 1882 1221 iudiciis

275 1244 624 1301 Christianis.
653 1243 873 1314 Pejores
902 1252 1028 1299 sunt
1048 1243 1283 1313 etaliqui
1311 1242 1663 1307 memorandi,
1689 1251 1744 1297 ut
1772 1257 1884 1297 ma-

273 1338 369 1409 jor
398 1351 555 1407 pana
579 1337 649 1393 sit
671 1352 702 1393 a
731 1339 1046 1394 detruncata
1084 1336 1343 1391 damnari.
1387 1334 1605 1392 Iudaeos
1632 1335 1880 1391 conside-

274 1439 410 1486 rent
436 1445 602 1501 usque
634 1429 791 1486 hodie
813 1445 909 1499 pro
935 1430 1066 1501 legis
1091 1429 1317 1500 imperio
1342 1429 1522 1485 carnis
1545 1442 1657 1484 sure
1677 1439 1881 1499 partem

277 1521 693 1578 circumcisione
735 1532 1018 1588 truncare;
1055 1530 1112 1576 et
1150 1520 1322 1577 sciant
1377 1520 1507 1591 quid
1550 1530 1879 1588 mereantur,

279 1613 399 1682 qui,
433 1611 722 1683 Evangelia
741 1612 984 1683 jubente,
1011 1612 1347 1668 dissimulant
1368 1611 1671 1669 circumcisi
1697 1612 1885 1667 mulie-

277 1719 405 1759 rum
440 1706 719 1775 praesentia
751 1720 1004 1775 peragere
1050 1705 1259 1761 Domini
1288 1707 1638 1772 voluntatem,
1671 1719 1778 1760 non
1806 1706 1883 1759 in-

277 1797 591 1868 telligentes
618 1798 757 1869 quod
789 1799 903 1869 ipse
932 1798 1190 1855 Dominus
1215 1798 1412 1854 dixerit
1442 1816 1457 1853 :
1486 1798 1599 1853 Nisi
1639 1797 1881 1853 abunda-

1983 589 2094 646 Nec
2122 591 2434 645 innocentes
2460 589 2512 642 in
2545 588 2660 658 ipsa
2692 586 2994 643 innocentia
3040 583 3212 655 potuit
3240 582 3575 653 approbare;

1983 685 2178 754 quibus
2201 692 2564 752 contemptum
2584 682 2716 753 legis
2734 691 2790 737 et
2813 678 3235 736 conversationis
3256 677 3452 732 illicitis
3478 674 3579 731 fus-

1983 779 2227 844 ditatem,
2254 790 2327 842 et,
2358 779 2499 844 quod
2529 787 2612 833 est
2656 778 2870 849 gravius
2916 789 3078 845 super
3122 772 3323 833 omnia,
3374 772 3578 826 crimen

1985 872 2242 927 Ecclesia:
2270 873 2507 928 cernitur
2537 871 2824 943 ignovisse.
2869 870 3078 924 Etenim
3115 867 3273 922 noxia
3303 876 3387 920 eSt
3418 864 3576 919 inno-

1984 965 2186 1029 centia,
2235 980 2356 1034 quae
2397 979 2611 1036 sponsae
2661 962 2860 1019 Christi
2908 960 3080 1017 ofﬁcit
3124 960 3302 1014 fanus.
3355 957 3424 1012 Et
3460 968 3580 1011 cunt

1984 1056 2228 1112 Christus
2248 1072 2418 1127 agnus
2447 1058 2726 1123 innocens,
2747 1057 2911 1111 immo
2937 1052 3301 1124 ipsecmlestis
3330 1052 3583 1104 innocen-

1987 1150 2081 1218 tia,
2108 1149 2348 1220 quodest
2374 1150 2575 1217 verius,
2591 1159 2757 1205 totum
2784 1164 2843 1205 se
2870 1146 3252 1216 contempserit
3274 1159 3370 1215 pro
3393 1142 3579 1198 Eccle-

1987 1241 2090 1303 sia,
2121 1251 2182 1297 ut
2204 1257 2324 1297 eam
2348 1243 2466 1297 sine
2494 1241 2699 1297 macula
2722 1241 2824 1296 ulla
2853 1239 2937 1295 vel
2976 1253 3105 1309 ruga
3130 1236 3381 1293 redderet
3408 1234 3582 1289 illiba-

1986 1345 2128 1401 tam;
2175 1337 2350 1409 qualis
2399 1345 2485 1392 est
2524 1336 2756 1392 clericus
2788 1334 2875 1390 cui
2920 1333 2986 1389 ad
3020 1334 3121 1387 hoc
3153 1344 3347 1401 sponsa
3378 1326 3580 1383 Christi

1985 1431 2360 1498 committitur,
2392 1441 2449 1485 ut
2475 1444 2571 1499 pro
2596 1430 2755 1485 unius
2786 1428 3001 1483 femina:
3045 1439 3231 1480 amore
3263 1422 3468 1492 culpari
3500 1431 3580 1476 to-

1987 1533 2094 1578 tam
2123 1524 2412 1579 Ecclesiam
2430 1523 2675 1592 patiatur.
2699 1520 2972 1577 Audemus
2987 1517 3201 1573 dicere:
3228 1518 3269 1571 Α
3297 1516 3408 1570 Deo
3429 1523 3578 1584 patre

1988 1618 2183 1673 missus
2210 1626 2293 1671 est
2313 1615 2478 1671 Filius
2504 1615 2570 1670 de
2598 1614 2723 1670 sinu
2760 1613 2952 1675 Patris,
2977 1620 3031 1666 et
3048 1625 3214 1679 regno
3241 1609 3437 1663 absens
3460 1620 3582 1662 esse

1985 1708 2220 1775 duravit,
2253 1718 2309 1763 ut
2338 1707 2633 1763 Ecclesiam
2661 1705 2861 1760 faceret
2882 1704 3248 1769 innocentem,
3271 1709 3327 1756 et
3350 1699 3578 1755 clericus

1988 1801 2227 1856 mulieris
2255 1804 2393 1855 latus
2416 1800 2668 1855 deserere
2693 1812 2803 1852 non
2835 1806 3048 1866 potest,
3077 1812 3145 1851 ne
3167 1794 3366 1850 Christi
3393 1791 3577 1848 Eccle-

275 1888 417 1943 verit
434 1888 638 1959 justitia
662 1899 839 1945 vestra
862 1890 980 1960 plus
996 1907 1153 1961 quam
1176 1890 1483 1947 Scribarum
1499 1900 1555 1947 et
1576 1890 1876 1950 Pliarisato-
1911 1904 1959 1965 Β
1989 1895 2123 1951 siam
2148 1893 2338 1949 reddat
2366 1891 2655 1948 infamem?

277 1995 426 2044 rum,
458 1996 562 2038 non
593 1983 860 2038 intrabitis
906 1983 958 2038 in
992 1999 1212 2053 regnum
1241 1985 1521 2040 caelorum.
1564 1983 1700 2039 Puto
1721 1983 1884 2040 etiam

274 2073 350 2130 de
375 2073 543 2131 Gallis
566 2075 678 2132 suis
697 2077 852 2133 nobis
868 2076 1166 2133 idololatria
1206 2078 1594 2148 esprobranter
1609 2078 1882 2143 insultent,

274 2169 376 2240 qui
426 2168 803 2226 abscindeutes
858 2172 1177 2241 semetipsos
1248 2170 1477 2227 libenter
1535 2170 1880 2237 excruciant,

273 2258 574 2336 dummodo
597 2277 718 2316 cum
746 2261 943 2317 damno
967 2272 1141 2318 status
1158 2265 1262 2327 sui,
1281 2262 1692 2317 simulacrorum
1717 2261 1882 2317 dissi-

274 2352 668 2408 mulationibus
697 2361 939 2424 pareant.
966 2352 1162 2408 Clerici
1181 2362 1359 2407 autem
1382 2352 1570 2418 nostri,
1592 2352 1659 2407 ad
1678 2353 1882 2409 lucrum

273 2446 457 2515 magis
501 2444 747 2515 corporis
799 2444 1023 2515 proprii,
1077 2444 1330 2498 damnum
1373 2446 1557 2499 volunt
1596 2444 1880 2499 mulierum

279 2550 472 2591 secum
503 2536 948 2591 commorantium
991 2534 1288 2600 sustinere;
1318 2549 1451 2603 quas
1477 2534 1637 2588 etiam
1663 2533 1733 2590 de
1757 2535 1884 2589 sub-

272 2629 481 2685 stantia
509 2629 723 2699 propria
753 2627 984 2685 evellere
1021 2628 1322 2698 oportebat,
1351 2628 1397 2683 si
1438 2642 1560 2682 cum
1601 2627 1707 2682 illis
1735 2629 1884 2684 nasci

274 2721 645 2792 contingeret,
683 2736 753 2776 ne
785 2720 1079 2790 comparati
1132 2718 1428 2775 idololatris
1464 2728 1520 2774 et
1564 2720 1879 2790 sacrilegis,

272 2816 683 2872 erubescerent.
710 2816 785 2871 De
802 2814 995 2886 quibus
1023 2823 1078 2869 et
1101 2814 1354 2870 Dominus
1376 2824 1776 2884 contemptores
1792 2830 1883 2869 ar-

270 2908 415 2979 guit,
444 2907 627 2963 dicens
658 2926 673 2962 :
697 2907 1074 2963 Prudentiores
1089 2916 1209 2960 sunt
1238 2904 1331 2960 filii
1358 2906 1542 2960 saeculi
1581 2905 1738 2975 hujus
1760 2906 1882 2961 filiis

270 3000 438 3055 lucis.
470 3000 610 3070 Ergo
644 3000 842 3055 nostris
870 2998 1081 3054 clericis
1112 2998 1292 3052 talium
1320 2996 1540 3067 profana
1563 2997 1777 3053 devotio
1799 3006 1882 3053 est

2061 1987 2167 2046 Sed
2194 1988 2376 2042 aiunt:
2407 1985 2465 2041 In
2509 1984 2768 2057 martyrio
2793 1983 3085 2055 ignoscitur
3122 1981 3300 2048 nobis,
3331 1981 3473 2036 sicut
3502 1981 3584 2035 in-

1986 2080 2194 2137 dultum
2245 2089 2331 2135 est
2373 2079 2707 2150 parentibus.
2743 2076 2856 2132 iloc
2902 2090 3033 2147 ergo
3059 2084 3115 2130 et
3157 2089 3259 2130 nos
3297 2087 3487 2130 omoes
3515 2072 3583 2128 de

1989 2174 2223 2242 peccatis
2249 2172 2450 2228 nostris
2491 2170 2860 2238 confidamus;
2883 2178 2943 2224 ut
2970 2169 3060 2239 qui
3081 2183 3241 2239 agerc
3262 2168 3400 2223 bene
3429 2164 3581 2222 labo-
3655 2160 3662 2168 ’

1988 2279 2193 2332 ramus,
2222 2265 2363 2320 inter
2402 2264 2642 2319 luxurias
2678 2276 2986 2333 evagemur,
3014 2269 3070 2315 et
3097 2258 3463 2315 discurramus
3487 2271 3583 2328 per

1984 2363 2209 2417 semitas
2238 2371 2607 2432 peccatorum,
2640 2359 2931 2416 retinacula
2954 2358 3309 2424 dimittamus,
3335 2366 3389 2414 et
3417 2358 3580 2411 frtena

1986 2456 2266 2509 laxemus:
2295 2454 2496 2509 Eamus
2524 2467 2624 2508 nos
2648 2466 2984 2523 quacumque
3015 2450 3248 2505 mundus
3274 2449 3577 2515 abstulerit,

1984 2559 2038 2605 et
2086 2551 2413 2621 ubicumque
2457 2564 2556 2605 nos
2592 2549 2838 2605 diabolus
2880 2546 3202 2608 invitaverit.
3260 2545 3428 2601 libere
3468 2542 3579 2599 for-

1985 2640 2249 2708 nicamur,
2298 2644 2657 2706 invideamus,
2687 2643 2979 2712 rapiamus,
3024 2639 3353 2703 fraudemus,
3402 2636 3579 2692 omnia

1986 2738 2127 2791 mala
2181 2740 2356 2793 securi
2401 2738 2838 2803 committamus;
2871 2740 3186 2807 martyrium
3214 2735 3501 2790 subveniet
3527 2742 3587 2789 et

1986 2830 2298 2887 evademus.
2350 2832 2452 2888 Sic‘
2480 2833 2624 2887 enim
2677 2831 2877 2886 Paulus
2929 2829 3208 2901 apostolus
3256 2829 3578 2899 pollicetur:

1986 2921 2267 2977 Faciamus
2294 2923 2433 2976 mala
2465 2931 2524 2977 ut
2570 2924 2788 2978 veniant
2828 2922 2965 2977 bona
2999 2938 3011 2973 :
3042 2934 3271 2989 quorum
3305 2918 3581 2973 damnatio

1979 3012 2123 3083 justa
2161 3023 2264 3070 est.
2293 3013 2430 3069 Huic
2474 3013 2733 3086 martyrio
2762 3028 2914 3082 spem
2943 3009 3177 3078 tradant,
3209 3023 3345 3079 quos
3374 3009 3581 3064 mathe-

270 3092 674 3165 przeponenda,
699 3093 892 3163 quibus
920 3107 1043 3147 cum
1075 3090 1237 3146 tantis
1275 3089 1454 3145 exitiis
1482 3089 1730 3145 amabilia
1758 3096 1877 3145 sunt

1987 3106 2169 3161 matici
2200 3106 2501 3162 docuerunt
2550 3106 2750 3162 habere
2777 3105 2845 3161 de
2873 3105 3110 3161 crastino
3151 3102 3581 3175 prtescientiam;

272 3188 457 3257 turpia
486 3186 804 3241 sacerdotia.
844 3185 1037 3240 Clerici
1064 3199 1192 3255 vero
1234 3197 1329 3252 pro
1355 3180 1610 3252 dignitate
1629 3179 1882 3236 saccrdo-
1984 3197 2083 3253 has
2107 3212 2335 3255 coronas
2361 3206 2691 3269 exspectem,
2714 3199 2811 3267 ηυξ
2848 3212 3009 3268 ευμεν
3038 3197 3275 3268 Angelos
3303 3205 3359 3252 ει
3393 3193 3578 3250 cum.

270 3281 345 3337 tii
384 3280 621 3335 crelestis
675 3296 783 3333 non
830 3279 1142 3348 sanguinem
1183 3274 1447 3342 fundunt,
1493 3291 1598 3330 non
1652 3275 1882 3331 tolerant
1907 3293 1953 3357 ρ
1988 3302 2099 3347 mm
2139 3308 2236 3363 ρει.
2276 3294 2576 3363 astrologos
2618 3293 2921 3348 didiceram
2957 3292 3097 3347 scire
3140 3301 3414 3360 ιθηψοη,
3461 3303 3582 3359 φη

264 3373 506 3439 ferrum:
535 3388 642 3428 ηοη
668 3382 749 3428 εει
774 3369 989 3441 al“in0d
1017 3370 1228 3431 “unus:
1265 3382 1369 3422 "0"
1411 3376 1494 3423 εει
1523 3366 1714 3434 ali“Ulli
1760 3384 1881 3422 θιύ·
1985 3384 2147 3441 Pater
2190 3386 2242 3439 in
2286 3401 2380 3440 sua
2409 3387 2588 3456 posuit
2628 3392 2910 3454 potestate,
2945 3393 3003 3437 ut
3028 3382 3109 3438 vel
3143 3390 3269 3437 tunc
3290 3381 3583 3437 recorden-

264 3468 493 3533 ciatus;
551 3465 642 3522 sed
689 3466 836 3521 solus
880 3473 1068 3519 contra
1121 3462 1404 3517 Dominum
1456 3459 1669 3521 femina:
1738 3468 1882 3515 tenet
1984 3486 2100 3542 ιιπ,
2140 3486 2266 3532 ante
2292 3476 2536 3549 many,“
2568 3485 2780 3546 tempus
2811 3475 2947 3531 bene
2971 3489 3133 3546 agere
3156 3473 3429 3537 debuisse,
3458 3487 3577 3527 cum

261 3578 295 3618 a
316 3574 549 3632 spectas.
578 3560 667 3617 Sic
696 3561 750 3614 in
777 3559 1024 3615 fteminas
1053 3564 1245 3625 ruunt,
1278 3555 1358 3611 sic
1407 3554 1633 3610 feminas
1663 3563 1876 3619 amant,

263 3664 476 3709 utnon
504 3661 722 3723 sperent
759 3649 1091 3707 manifestari
1138 3648 1440 3704 dilectionis
1487 3663 1600 3703 sua:
1642 3646 1881 3716 quando-

261 3762 379 3819 que
424 3760 582 3816 posse
637 3746 841 3814 itnpura
893 3741 1179 3813 mysteria;
1247 3741 1387 3795 sicut
1420 3754 1518 3811 per
1575 3739 1879 3794 consimiles

272 3854 464 3896 eorum
497 3838 726 3909 turpiter
752 3834 1019 3907 publicata
1047 3841 1171 3888 sunt
1197 3842 1251 3888 et
1290 3833 1500 3888 detecta
1525 3849 1540 3898 ;
1573 3846 1708 3901 quos
1738 3830 1878 3885 Pau-

274 3936 365 3990 lus
416 3933 692 4004 apostolus
746 3930 1083 4001 prawiderat,
1128 3928 1241 3999 jam
1279 3938 1402 3982 tunc
1428 3966 1442 3992 ,
1480 3926 1663 3980 dicens
1694 3942 1707 3977 :
1736 3924 1881 3991 Quo-

278 4025 528 4081 rumdam
552 4024 826 4080 hominum
851 4031 1065 4094 peccata
1085 4020 1362 4076 manifesta
1382 4030 1505 4073 sunt
1524 4016 1879 4088 praecedentia

271 4117 341 4172 ad
370 4116 649 4187 judicium,
678 4115 934 4187 quosdam
974 4121 1150 4169 autem
1201 4121 1254 4166 et
1307 4126 1402 4164 sua
1455 4109 1874 4178 subsequuntur.

271 4208 534 4264 Similiter
566 4220 743 4264 autem
784 4219 833 4263 et
882 4207 1019 4262 facta
1076 4206 1215 4261 bona
1270 4203 1546 4257 manifesta
1597 4209 1724 4256 sunt
1753 4241 1767 4264 ,
1820 4209 1876 4257 et

270 4316 625 4373 quaecumque
661 4301 815 4356 aliter
859 4316 917 4356 se
956 4299 1158 4355 habent
1194 4294 1449 4351 abscondi
1482 4311 1585 4350 non
1619 4304 1862 4365 possunt.

348 4394 418 4450 At
443 4404 625 4450 contra
650 4403 703 4449 et
729 4394 826 4462 ipsi
869 4395 1056 4450 dicunt
1085 4409 1099 4448 :
1130 4389 1377 4447 Nonnulli
1404 4389 1472 4444 de
1494 4388 1878 4458 contemptori-

272 4490 380 4546 hus
428 4488 630 4543 nostris
665 4488 911 4544 similiter
955 4486 1182 4543 feminas
1216 4485 1478 4545 habentes
1510 4485 1561 4539 in
1593 4482 1872 4551 dentibus,

275 4584 594 4655 martyrium
620 4582 895 4638 consecuti
942 4591 1085 4646 sunt,
1121 4589 1178 4636 ut
1212 4581 1426 4635 illorum
1456 4579 1714 4634 innocens
1738 4592 1872 4633 con-

1981 3571 2125 3628 diem
2157 3571 2364 3627 Domini
2407 3569 2682 3627 senserint
2724 3571 2865 3625 sicut
2907 3569 3099 3624 furem.
3140 3566 3248 3624 Sed
3296 3565 3581 3621 credamus

1982 3680 2145 3735 super
2189 3664 2311 3719 illos
2337 3665 2654 3735 martyrium
2680 3663 2791 3732 jam
2816 3662 3034 3733 jamque
3061 3661 3319 3732 pendere.
3363 3659 3578 3714 Interim

1984 3759 2293 3828 priusquam
2321 3765 2587 3827 martyres
2617 3755 2768 3821 iiant,
2800 3753 3006 3823 legibus
3021 3752 3330 3821 subjacent;
3363 3760 3421 3805 ttt
3438 3749 3580 3819 judi-

1981 3853 2068 3908 cio
2095 3850 2467 3919 subjiciantur,
2500 3848 2601 3903 nisi
2627 3849 2793 3903 armis
2807 3856 3177 3901 exarmentur.
3204 3843 3454 3898 Audacia:
3482 3858 3578 3897 nc-

1982 3941 2064 3996 fas
2088 3951 2192 4003 est,
2226 3940 2330 3995 illis
2356 3939 2618 3994 adversus
2643 3938 3018 3992 auctoritatem
3052 3936 3261 3991 Domini
3295 3946 3573 4005 parentum

1982 4046 2243 4103 personas
2270 4032 2527 4101 objieere,
2575 4030 2768 4101 quibus
2805 4030 2921 4099 ipse
2969 4029 3225 4083 Dominus
3267 4024 3574 4082 contradic-

1983 4126 2144 4181 tionis
2171 4124 2330 4194 hujus
2359 4124 2576 4179 abstulit
2604 4137 2813 4178 vocem.
2847 4123 2903 4177 ln
2934 4122 3191 4192 legalibus
3212 4163 3227 4185 ,
3259 4121 3450 4190 inquit,
3480 4134 3577 4189 pa-

1981 4226 2121 4272 trum
2174 4226 2474 4273 vestrorum
2519 4217 2689 4272 nolite
2719 4215 3026 4278 ambulare,
3070 4226 3122 4270 et
3164 4213 3576 4283 justilicationes

1981 4324 2168 4365 eorum
2224 4308 2392 4364 nolite
2451 4309 2756 4374 cusmdire;
2818 4319 2873 4363 et
2920 4307 3113 4363 studiis
3166 4321 3353 4363 eorum
3412 4304 3577 4359 nolite

1980 4402 2345 4468 commisceri,
2393 4411 2448 4457 et
2477 4401 2646 4457 nolite
2685 4400 2974 4470 inquinari.
2998 4398 3114 4468 Ego
3141 4398 3399 4452 Dominus
3440 4395 3580 4451 Deus

1982 4502 2177 4560 vester,
2206 4496 2259 4550 in
2290 4495 2572 4565 praeceptis
2601 4494 2736 4550 meis
2770 4492 3065 4555 ambulate,
3096 4498 3151 4546 et
3172 4486 3580 4558 justificationes

1981 4601 2130 4641 meas
2156 4589 2441 4643 custodite.

274 4679 505 4733 scientia
551 4677 890 4745 probaretur.
932 4674 1069 4731 Nolo
1113 4674 1245 4730 mihi
1288 4674 1544 4745 martyrio
1588 4672 1870 4742 quisquam
1899 4688 1952 4749 ι)
2050 4677 2234 4736 Sciant
2278 4696 2422 4737 nunc
2448 4680 2699 4748 adempta
2724 4679 2827 4733 sibi
2854 4691 2974 4732 esse
3005 4674 3300 4745 parentalia
3332 4673 3569 4744 patroci-

275 4778 490 4827 nioveat
514 4771 817 4837 actionem;
846 4770 969 4840 quia
1007 4769 1204 4838 SiBIlillS
1228 4777 1284 4824 et
1311 4768 1530 4835 moechi,
1566 4776 1620 4822 et
1645 4768 1864 4837 sangui—

275 4864 434 4929 narii,
465 4871 521 4919 et
550 4862 786 4932 ebriosi,
828 4873 881 4918 et
918 4863 1159 4918 omnium
1206 4860 1469 4917 scelerum
1505 4861 1623 4927 rei,
1655 4868 1870 4930 reperta

274 4971 467 5026 pugnte
513 4957 795 5010 occasione
833 4955 1111 5019 conversi,
1154 4962 1466 5010 meruerunt
1514 4952 1581 5009 ad
1631 4954 1869 5023 martyrii

272 5047 482 5102 veniam
512 5047 812 5116 pervenire.
847 5046 973 5101 ideo
1012 5046 1155 5101 enim
1204 5050 1524 5115 martyrium
1572 5045 1873 5116 appellatur

275 5154 381 5193 tam
403 5153 623 5204 corona,
656 5154 814 5208 quam
846 5138 1143 5209 baptisma;
1176 5139 1297 5209 quia
1322 5138 1552 5207 baptizat
1576 5138 1776 5208 paritt-r
1813 5147 1869 5193 et

270 5240 513 5288 coronat.
543 5232 698 5302 Auge
744 5246 907 5298 nunc,
940 5233 983 5287 si
1015 5230 1222 5286 licuerit
1263 5228 1581 5300 quibusdam
1611 5228 1866 5285 inviolata

269 5326 592 5382 feminarum
650 5326 910 5383 societate
989 5326 1302 5398 martyrium
1374 5324 1705 5393 promereri;
1756 5325 1875 5379 sine

270 5420 598 5493 indulgentia
617 5435 831 5492 quoque
851 5421 957 5477 illis
970 5421 1279 5492 martyrium
1298 5419 1472 5491 ipsum
1488 5432 1592 5474 non
1616 5418 1875 5487 fuit,quos

1976 4771 2085 4835 nia,
2114 4771 2203 4841 qui
2233 4772 2334 4828 huc
2357 4783 2532 4843 atque,
2556 4772 2684 4827 illuc
2713 4781 3056 4826 recurrentes
3087 4766 3575 4825 contradictionum

1976 4863 2209 4921 latebras
2247 4874 2518 4936 quaerunt,
2569 4881 2636 4920 ne
2691 4879 2923 4934 unquam
2972 4861 3184 4918 feminis
3232 4869 3484 4917 careant:
3525 4865 3581 4914 et

1976 4957 2099 5026 quia
2142 4958 2375 5028 undique
2418 4956 2752 5013 defensionis
2794 4955 3049 5025 suffragio
3092 4954 3437 5014 deseruntur,
3475 4965 3577 5006 no-

1973 5049 2210 5105 rissimls
2253 5050 2461 5105 cunctis
2516 5050 2851 5120 argumentis
2897 5048 3202 5111 exhaustis,
3251 5045 3575 5101 sententiam

1978 5141 2125 5197 Pauli
2149 5143 2376 5213 apostoli
2413 5143 2662 5213 opitulari
2688 5142 2788 5196 sibi
2817 5141 3128 5212 opinantur,
3174 5147 3230 5193 et
3254 5137 3437 5193 dicunt
3461 5155 3474 5192 :
3498 5136 3578 5192 Tu

1975 5233 2064 5303 qui
2093 5246 2173 5300 es,
2205 5231 2294 5303 qui
2341 5230 2409 5288 de
2438 5244 2594 5288 servo
2623 5234 2799 5289 alieno
2843 5232 3091 5304 jndices?
3139 5230 3397 5302 Agnoscit
3424 5231 3578 5300 equi.

1976 5323 2102 5380 dem
2131 5323 2329 5381 Paulus
2355 5326 2632 5396 apostolus
2667 5326 3069 5383 constitutionis
3096 5341 3208 5382 sua:
3240 5324 3406 5381 verba
3453 5337 3579 5393 pro—

1976 5415 2122 5495 lata;
2168 5418 2265 5475 sed
2313 5419 2806 5476 cunstitutionarios
2849 5428 2906 5475 et
2932 5418 3233 5490 prolatores
3259 5417 3405 5489 ipsos
3427 5414 3579 5488 igno-

1594 5552 1774 5609 EDIT.
1800 5552 2008 5611 OXON.
2037 5553 2267 5611 ΝΟΤΑΞ.

343 5672 417 5727 De
442 5670 608 5728 Gallis
651 5671 777 5728 stris.
820 5670 954 5729 Galli
988 5671 1060 5727 uti
1103 5684 1230 5726 vere
1281 5668 1560 5725 annotavit
1608 5666 1859 5723 Rembol-

264 5742 365 5801 dus
390 5754 543 5801 erant
573 5746 882 5801 sacerdotes
912 5742 1159 5815 Cybeles,
1181 5757 1212 5796 a
1239 5740 1393 5798 Gallo
1412 5739 1577 5866 iluvig
1601 5741 1678 5796 sic
1703 5738 1851 5794 dicti.

1579 5826 1744 5868 Αηει.

344 5886 644 5947 Meruerunt
671 5887 742 5948 ad
767 5887 1001 5959 martyrii
1044 5886 1262 5944 ueniam.
1288 5883 1550 5959 Reposuit
1597 5882 1853 5940 Erasmus

1960 5676 2214 5759 Palmam,
2270 5671 2364 5756 sed
2411 5670 2643 5758 quia.de
2698 5669 3072 5759 peccatoribus
3128 5673 3409 5759 loquitur”2
3480 5670 3571 5759 qui

1957 5742 2075 5819 ipso
2126 5742 2385 5819 inartyrio
2428 5742 2648 5802 'veniam
2696 5742 3106 5817 impetrabant,
3173 5742 3303 5801 illud
3354 5742 3572 5802 illorum

1958 5818 2152 5891 placet.
2184 5816 2392 5875 Pansa.
2778 5816 2787 5817 “
3094 5816 3097 5817 ⁷
3128 5857 3170 5883 1,
