4214 6266
667 361 778 422 865

2219 361 2423 419 LIBER

3903 363 4043 420 365

669 484 898 542 rat.lllis
918 481 1060 540 enim
1081 477 1816 554 contulitdefensionem,qui
1840 482 2042 538 nullam
2060 490 2267 553 partem
2293 479 2569 542 Adientia
2616 487 2792 536 vestra
2844 480 3124 552 suscipiet,
3167 488 3224 537 et
3271 479 3613 551 versipellem
3665 481 4040 537 contr-adice

672 575 804 647 legis
832 576 1172 646 impugnant;
1202 582 1259 630 et
1288 573 1421 644 ipsis
1448 575 1631 630 tribuit
1663 576 2020 646 patrocinium
2041 619 2054 643 ,
2083 577 2172 647 qui
2199 591 2266 631 ex

671 675 798 722 voto
840 681 938 722 suo
984 665 1187 738 aliquid
1227 668 1446 732 faciunt,
1489 683 1590 724 nec
1637 669 1925 741 quidquam
1968 669 2266 726 Ecclesias-

672 758 792 814 ticis
825 757 962 827 juris
1014 757 1332 826 impediunt.
1401 759 1496 816 Jus
1555 769 1744 816 tractat
1783 761 2016 826 vivendi,
2067 771 2121 818 et
2163 776 2268 817 non

672 848 901 916 edendi;
939 849 1220 906 arbitrium
1248 852 1670 924 uniuscujusque
1706 854 2053 908 confirmans.
2088 853 2167 908 De
2190 853 2268 909 si-

673 941 893 999 milibus
919 943 1188 1000 neminem
1231 945 1394 1014 jussit
1415 945 1670 1016 judicari,
1704 964 1823 1016 qua:
1871 947 2131 1002 voluntati
2159 949 2270 1002 siu-

675 1035 923 1109 gulorum
983 1038 1276 1094 auctoritas
1331 1037 1507 1094 divina
1562 1041 1885 1108 concedens,
1924 1041 1995 1095 -in
2051 1053 2274 1107 utraque

678 1141 833 1202 parte
876 1131 1104 1188 faciendi
1154 1141 1210 1188 et
1259 1149 1366 1188 non
1419 1133 1651 1190 faciendi
1696 1136 1989 1191 clementer
2034 1135 2273 1190 indulsit.

677 1225 806 1283 Illos
864 1235 1042 1282 autem
1111 1225 1510 1282 Ecclesiasticis
1578 1227 1928 1282 tribunalibus
1996 1227 2272 1293 subdidit,

679 1333 813 1390 quos
881 1326 1310 1389 transgressores
1356 1320 1641 1375 ordinariae
1664 1319 2106 1390 transgressionis
2132 1321 2277 1375 trulla

687 1411 979 1481 impunitas
1007 1415 1316 1477 excusavit;
1364 1423 1424 1468 ut
1451 1415 1541 1483 qui
1572 1414 1768 1483 passim
1801 1413 1902 1486 (Tu
1934 1415 2054 1484 quis
2075 1429 2153 1478 es,
2185 1413 2275 1482 qui

685 1504 755 1560 de
781 1519 940 1561 servo
964 1504 1145 1562 alieno
1164 1505 1428 1578 iudices?)
1455 1506 1713 1563 adversus
1737 1522 1835 1562 nos
1859 1507 2018 1562 veluti
2041 1506 2278 1563 libellum

685 1597 1160 1674 contradictorium
1189 1598 1480 1669 proferant,
1524 1600 1836 1656 rationabile
1860 1601 2015 1655 simul
2059 1610 2114 1656 et
2157 1616 2280 1656 cer-

689 1699 802 1746 tum
851 1701 1245 1762 recognoscant
1269 1693 1411 1764 quod
1441 1693 1738 1766 accipimus
1784 1695 1853 1749 ab
1881 1694 2070 1750 eodem
2113 1694 2278 1749 Paulo

627 1772 635 1778 ’
687 1785 933 1854 apostolo
965 1784 1358 1856 repulsorium;
1384 1785 1751 1854 Praecipimus,
1781 1786 1970 1856 inquit,
2001 1786 2152 1841 vobis
2173 1784 2284 1840 fra-

2373 577 2579 631 tionum
2601 577 2767 631 vitate
2808 575 3093 632 fallaciam.
3119 576 3318 632 Purum
3346 577 3448 632 iter
3477 577 3670 632 vestris
3698 576 4039 648 gressibus

2371 669 2646 736 mundate,
2699 680 2754 723 et
2780 683 2946 740 super
2967 670 3151 739 spinas
3170 679 3226 725 et
3248 669 3474 725 tribulos
3503 668 3673 726 nolite
3698 669 4032 724 seminare

2373 763 2455 818 vel
2508 763 2747 829 calcare,
2811 779 2879 819 ne
2923 764 3121 820 bonum
3176 779 3367 821 semen
3435 779 3544 820 non
3598 766 3783 835 possit
3841 763 4034 819 vobis

2375 865 2595 926 propter
2637 856 2806 925 Spinte
2867 857 3088 911 frutices
3143 857 3444 912 sanctitatis
3502 857 3708 912 fruetus
3771 854 4028 910 afferre.

2377 947 2530 1003 Unde
2577 949 2836 1019 propheta
2862 949 3162 1005 Hieremias
3186 949 3266 1004 sic
3310 949 3556 1004 bortatur
3583 957 3640 1004 et
3669 947 3844 1002 docet
3875 989 3898 1011 ,
3934 949 4028 1002 di-

2378 1061 2548 1103 cens:
2590 1045 2789 1114 Nolite,
2825 1046 3027 1117 inquit,
3060 1061 3245 1102 serere
3272 1045 3324 1100 in
3351 1045 3544 1118 spinis.
3600 1044 4023 1101 Circumcidite

2378 1154 2476 1194 vos
2540 1139 2651 1194 Deo
2700 1147 2915 1206 vestro,
2974 1138 3344 1194 circumcidite
3404 1136 3727 1208 praeputium
3814 1135 4018 1190 cordis

2379 1232 2569 1287 vestri.
2621 1229 3000 1286 Abseiudeuda
3021 1239 3146 1285 sunt
3174 1244 3304 1301 ergo
3334 1230 3401 1285 de
3422 1243 3550 1300 agro
3580 1237 3775 1283 nostro
3801 1241 4013 1282 cuneta

2383 1338 2502 1394 quae
2550 1337 2786 1392 pungere
2814 1331 2868 1376 et
2908 1322 3146 1377 lacerare
3184 1331 3624 1387 consueverunt;
3658 1335 3726 1376 ne
3769 1321 4007 1375 animus

2384 1415 2724 1488 agricultoris
2765 1416 2817 1469 in
2856 1416 3196 1484 possessione
3223 1429 3320 1469 sua
3350 1414 3603 1486 malignis
3630 1413 3896 1468 sontibus
3927 1417 4010 1468 in-

2387 1519 2615 1564 seratur.
2650 1507 2716 1562 Et
2740 1507 3064 1578 amputanda
3090 1517 3214 1562 sunt
3233 1509 3412 1563 omnia
3431 1508 3606 1574 nobis,
3629 1504 4028 1578 quascumque

2389 1601 2600 1672 igniferi
2627 1599 2832 1656 fomitis
2862 1600 3306 1672 sulphurantibus
3354 1601 3584 1656 ﬂammis
3612 1611 3846 1657 scatens
3892 1601 4009 1655 fer-

2391 1682 2493 1750 na'x
2516 1693 2820 1750 ebullientis
2845 1695 3022 1749 carnis
3042 1702 3334 1757 exaestuat;
3368 1707 3434 1749 ne
3454 1693 3540 1749 vel
3561 1695 3738 1749 tenuis
3765 1693 4000 1764 quidem

2391 1785 2622 1841 scintilla
2647 1794 2857 1841 servata
2899 1784 3102 1855 majora
3135 1785 3334 1841 conflet
3363 1784 3628 1840 incendia.
3683 1785 3854 1852 Quod
3894 1783 3998 1839 Sa-

689 1885 798 1932 tres
827 1877 879 1931 in
916 1877 1131 1933 nomine
1163 1878 1374 1933 Domini
1405 1879 1574 1934 nostri
1602 1878 1730 1934 Jesu
1767 1877 1986 1944 Christi,
2029 1888 2087 1933 ut
2115 1894 2271 1948 sepa-
2306 1887 2354 1946 B
2380 1882 2561 1938 lomon
2593 1880 2919 1947 manifestat,
2959 1881 3144 1935 dicens
3174 1898 3188 1934 :
3220 1879 3302 1934 Ab
3332 1879 3563 1936 scintilla
3602 1895 3710 1934 una
3757 1891 4002 1950 augetur

691 1971 820 2026 retis
869 1985 965 2026 vos
1011 1986 1040 2025 a
1103 1971 1358 2027 fratribus
1420 1972 1820 2028 ambulantibus
1863 1972 2195 2040 inordinate,
2228 1982 2283 2028 et

691 2081 800 2121 non
845 2065 1138 2121 secundum
1169 2065 1511 2121 traditionem
1551 2082 1711 2137 quam
1746 2067 2033 2136 accepistis
2054 2081 2084 2120 a
2109 2065 2284 2122 vobis.

764 2157 1064 2224 Evasimus,
1089 2157 1300 2228 Opinor,
1335 2158 1742 2228 tantaligamina
1768 2158 2284 2230 quaestionum,qui—

693 2247 796 2305 bus
862 2258 1129 2306 amatores
1177 2250 1453 2306 eunuchos
1491 2253 1779 2321 amplexus
1829 2250 2046 2308 feminei
2086 2251 2289 2322 ligave-

697 2351 822 2398 runt
847 2361 860 2396 :
888 2344 977 2414 qui
1001 2344 1269 2413 perversis
1295 2344 1823 2426 interpretationibus
1843 2343 2060 2400 decreta
2089 2343 2281 2415 legalia

695 2434 976 2492 demutare
1023 2446 1316 2508 eguntur;
1357 2447 1411 2492 et
1455 2438 1661 2492 malunt
1707 2437 1882 2492 audiri
1925 2447 2291 2507 proponentes

694 2543 832 2584 vana
861 2537 918 2584 et
967 2528 1209 2584 fabulosa
1257 2539 1584 2596 commenta,
1636 2544 1797 2599 quam
1839 2529 1938 2599 ipsi
1987 2544 2108 2600 qua:
2164 2543 2290 2584 vera

692 2631 825 2680 sunt
847 2622 1069 2679 audiant
1097 2642 1111 2678 :
1159 2639 1298 2694 quos
1327 2623 1522 2678 Paulus
1562 2623 1840 2694 apostolus
1863 2622 2178 2690 annuntiat,
2205 2623 2288 2677 di-

696 2733 866 2775 cens:
904 2721 942 2773 Α
980 2718 1205 2774 veritate
1251 2717 1468 2790 quidem
1514 2719 1754 2774 auditum
1799 2729 2063 2781 avertent,
2097 2718 2164 2773 ad
2214 2718 2293 2773 fa-

696 2811 851 2867 bulas
877 2821 1057 2868 autem
1085 2822 1488 2868 convertentur.
1522 2801 1752 2882 Quiquid
1786 2812 1973 2866 volunt
1999 2811 2173 2866 adhuc
2199 2827 2294 2866 ex-

697 2905 932 2974 quirant,
958 2915 1013 2960 ut
1035 2905 1296 2961 obsistant
1310 2921 1405 2975 pro
1424 2904 1739 2961 mulieribus
1755 2905 1984 2959 veritati.
2003 2903 2292 2959 Victoriam

698 3016 806 3057 non
835 2998 1054 3065 habent,
1085 2999 1226 3070 apud
1256 3014 1392 3069 quos
1419 3008 1605 3055 contra
1632 2997 1859 3054 Esdram
1891 2998 2080 3053 mulier
2113 2997 2290 3066 potius

698 3111 857 3168 quam
902 3097 1104 3152 veritas
1130 3095 1276 3152 vicit.
1308 3093 1418 3150 Vos
1458 3105 1669 3159 autem,
1700 3093 1790 3148 lilii
1828 3091 2156 3158 charissimi,
2189 3107 2293 3146 non

699 3195 908 3242 tantum
957 3187 1326 3257 persuasione,
1374 3185 1470 3242 sed
1522 3193 1788 3256 potestate
1836 3184 2116 3240 convenio.
2169 3183 2297 3239 Tale

2392 1972 2550 2044 ignis.
2583 1973 2824 2028 Avertite
2865 1972 3179 2028 occasiones
3213 1973 3469 2042 impuras,
3502 1971 3698 2042 quibus
3729 1973 4005 2026 interiora

2394 2068 2627 2138 pectoris
2655 2076 3023 2138 penetrantur,
3051 2078 3109 2123 ut
3141 2067 3337 2139 liquida
3371 2069 3423 2122 in
3446 2067 3600 2123 vobis
3631 2068 4005 2138 perSpieuitas

2392 2161 2700 2215 honoretur.
2725 2157 2974 2216 Contenti
3000 2169 3176 2216 estote
3200 2160 3625 2231 singularitatem
3655 2161 3996 2216 laboriosam

2394 2270 2488 2325 pro
2518 2254 2721 2323 pudore
2748 2253 3016 2310 servando
3046 2255 3222 2324 potius
3251 2253 3544 2321 sustinere,
3572 2268 3734 2324 quam
3765 2254 3891 2310 sine
3918 2254 4001 2308 la-

2391 2348 2523 2404 bore
2547 2346 2614 2402 ad
2654 2347 2890 2403 dedecus
2915 2349 3234 2420 pervenire.

2464 2440 2910 2512 Contemplamini
2962 2441 3088 2512 quid
3117 2441 3187 2496 sit
3215 2441 3412 2512 populo
3435 2449 3624 2496 sancto
3651 2455 3916 2512 praeesse,
3942 2450 3999 2495 et

2393 2532 2730 2588 considerate
2773 2533 2931 2605 quale
2974 2535 3044 2588 sit
3067 2532 3261 2590 divinis
3311 2534 3660 2589 sacramentis
3711 2533 3993 2589 insistere.

2395 2625 2593 2682 Alteris
2647 2626 2858 2696 placere
2893 2627 3110 2689 debent.
3159 2626 3248 2697 qui
3290 2626 3473 2682 alteris
3503 2627 3708 2694 vivunt,
3763 2636 3818 2682 et
3874 2628 4001 2681 talis

2395 2718 2648 2773 convenit
2677 2733 2804 2773 cura
2831 2717 3156 2775 sinceritatis
3186 2719 3430 2784 sacratis,
3463 2719 3638 2788 qualia
3666 2727 3790 2772 sunt
3832 2731 3997 2773 sacra

2399 2811 2509 2882 ipsa
2536 2813 2730 2883 quibus
2756 2813 3013 2869 exhibent
3037 2811 3212 2867 ofﬁcia
3252 2810 3564 2876 servitutis;
3607 2825 3672 2865 ne
3697 2810 3837 2865 circa
3875 2810 3990 2863 Do-

2399 2904 2600 2960 minum
2623 2904 2892 2960 olfendant
2914 2905 3013 2974 ipsi
3041 2903 3182 2975 quod
3197 2913 3442 2969 tractant,
3466 2903 3701 2958 autcirca
3720 2901 3987 2972 populum

2399 2997 2659 3066 incipiant
2700 2998 2960 3069 impedire
3011 2995 3155 3067 quod
3203 2994 3511 3066 praedicant.
3572 2993 3794 3064 PrOpter
3846 2993 3997 3064 quod

2403 3088 2602 3147 Paulus
2633 3093 2907 3163 apostolus
2935 3091 3014 3146 sic
3063 3089 3379 3146 tesulicatur
3410 3104 3424 3142 :
3461 3088 3528 3143 Et
3562 3088 3768 3155 omnia,
3802 3088 3996 3156 inquit,

2402 3190 2730 3244 sustinemus
2752 3229 2766 3253 ,
2823 3199 2891 3240 ne
2941 3183 3087 3254 quod
3118 3181 3559 3251 impedimentum
3597 3181 3783 3236 demus
3814 3178 3994 3233 Eran-

700 3279 1115 3336 deliramentum
1145 3279 1427 3347 despicite;
1458 3293 1684 3348 quormn
1713 3277 2040 3348 quaestiones
2072 3277 2293 3333 Paulum
2326 3285 2369 3348 ς,
2402 3283 2541 3354 gelio
2568 3280 2787 3337 Christi.
2832 3277 2900 3332 Et
2923 3277 3114 3332 iterum
3140 3293 3154 3329 :
3183 3275 3391 3330 Nemini
3421 3274 3613 3330 dantes
3637 3273 3795 3328 unam
3818 3271 3997 3327 οπθη.

700 3372 1003 3442 apostolum
1031 3371 1180 3426 scitis
1206 3370 1406 3440 ubique
1433 3369 1740 3437 damnasse,
1770 3369 1909 3424 sicut
1931 3369 1998 3425 ad
2027 3371 2298 3428 Romanos

701 3463 935 3532 scripsit,
983 3463 1168 3519 dicens
1199 3481 1210 3515 :
1245 3463 1394 3532 Rogo
1419 3476 1532 3528 vos,
1567 3461 1780 3528 fratres,
1808 3460 2092 3531 diligenter
2111 3464 2301 3521 obser-

703 3571 831 3611 vare
859 3571 953 3612 eos
980 3557 1068 3628 qui
1099 3555 1468 3614 dissensiones
1505 3567 1560 3614 et
1603 3557 1923 3616 offendicula
1955 3567 2149 3631 praeter
2173 3558 2302 3616 doc-

705 3651 899 3707 trinam
926 3667 1084 3722 quam
1135 3667 1230 3707 vos
1267 3652 1552 3719 didicistis,
1582 3663 1676 3709 aut
1703 3654 1908 3721 dicunt,
1961 3666 2052 3709 aut
2077 3654 2300 3720 faciunt,

703 3759 758 3802 et
794 3745 1061 3802 declinate
1089 3745 1158 3802 ab
1181 3747 1329 3818 ipsis.
1359 3747 1531 3803 Sic'et
1551 3748 1836 3805 'l‘imotbeo
1863 3749 2073 3821 delegat
2101 3766 2114 3802 :
2147 3749 2264 3805 Noli
2284 3792 2299 3811 .

705 3841 898 3913 inquit,
947 3840 1127 3897 verbis
1162 3841 1524 3908 contendere;
1572 3841 1707 3898 nihil
1739 3842 1883 3897 enim
1917 3842 2045 3898 utile
2071 3850 2174 3909 est,
2203 3843 2304 3898 nisi

705 3935 758 3990 in
796 3935 1203 3990 subversionem
1238 3935 1592 3991 audientium.
1633 3935 1873 3992 Sollicite
1918 3951 2046 3990 cura
2073 3937 2304 4005 teipsum

708 4028 1036 4096 probabilem
1084 4027 1341 4082 exhibere
1392 4028 1520 4092 Deo,
1573 4029 1878 4097 operarium
1918 4028 2310 4099 irreprehensi-

707 4122 892 4186 bilem,
926 4131 1072 4176 recte
1102 4129 1420 4174 tractantem
1459 4120 1680 4176 verbum
1714 4122 1976 4176 veritatis.
2003 4121 2179 4178 Stulta
2207 4137 2306 4176 au-

709 4223 817 4269 tem
847 4222 903 4269 et
947 4213 1126 4267 inania
1163 4213 1373 4280 eloquia
1413 4212 1628 4268 devita:
1682 4212 1914 4268 multum
1959 4213 2100 4268 enim
2151 4212 2312 4282 proli-

709 4308 856 4363 ciunt
899 4306 964 4362 ad
1015 4307 1361 4377 impietatem,
1413 4316 1468 4360 et
1508 4320 1688 4361 sermo
1714 4321 1900 4361 eorum
1931 4305 2072 4360 sicut
2110 4320 2308 4360 cancer

707 4401 896 4471 serpit.
940 4401 1113 4468 Atque
1139 4407 1197 4453 ut
1224 4397 1535 4453 ostenderet
1585 4397 1797 4454 clericis
1837 4397 2184 4467 dlSpOllelldlS
2236 4396 2304 4452 ad

710 4493 1045 4550 evacuandas
1085 4492 1412 4564 quiestiones
1433 4507 1551 4562 quae
1577 4493 1645 4546 sit
1671 4491 1916 4548 doctrina
1957 4492 2304 4558 conveniens,

711 4587 872 4642 etiam
904 4585 1024 4640 Tito
1072 4587 1150 4642 sic
1199 4585 1452 4648 insinuat,
1484 4585 1670 4640 dicens
1698 4602 1712 4639 :
1745 4584 1825 4640 Tu
1870 4595 2051 4640 autem
2083 4584 2314 4656 loquere

2403 3376 2634 3437 sionem,
2685 3381 2742 3427 ut
2781 3386 2887 3427 non
2943 3370 3275 3440 vituperetur
3330 3368 3688 3423 ministerium
3726 3375 3997 3420 nostrum.

2404 3470 2514 3526 Hac
2565 3469 2722 3539 igitur
2765 3466 3099 3522 institutione
3141 3464 3290 3518 vobis
3317 3477 3477 3534 quam
3529 3463 3814 3535 plurimum
3844 3461 4005 3515 labo-

2407 3560 2636 3616 randum
2666 3565 2771 3623 est,
2820 3557 2887 3612 de
2937 3557 3002 3611 iis
3030 3555 3223 3626 quibus
3259 3553 3326 3609 ad
3353 3554 3807 3610 manifestaudam
3833 3554 4006 3624 gravi-

2409 3662 2573 3708 tatem
2617 3651 2963 3721 singularitas
2985 3650 3157 3720 magis
3198 3664 3361 3720 quam
3393 3648 3668 3718 pluralitas
3699 3648 3851 3703 testis
3879 3663 4004 3702 vera

2409 3755 2508 3800 est.
2534 3742 2804 3812 Respicite
2825 3751 3022 3812 quanta
3047 3740 3185 3794 mala
3204 3739 3536 3795 conversatio
3552 3737 3710 3805 hujus
3731 3738 4006 3807 acquirat;

2413 3850 2534 3907 quae
2561 3851 2667 3889 non
2700 3835 2799 3889 nisi
2843 3833 3240 3904 corruptionem
3285 3832 3533 3896 seminat,
3589 3829 3809 3900 pullulat
3840 3830 4000 3894 vitia,

2410 3928 2754 4000 Cupiditatem
2785 3927 3021 3996 concipit
3039 3910 3062 3991 ,I
3081 3926 3426 3997 ignominiam
3453 3924 3606 3994 parit,
3633 3921 3841 3977 rabiem
3864 3936 4007 3976 con-

2417 4026 2566 4090 citat,
2614 4023 2838 4095 porrigit
2863 4020 3089 4087 furiam,
3120 4020 3392 4076 lasciviam
3434 4017 3621 4089 pascit,
3655 4017 4004 4088 petulantiam

2413 4120 2581 4174 nutrit
2609 4159 2624 4183 ,
2678 4131 2838 4173 casus
2879 4115 3100 4177 exultat,
3133 4115 3313 4168 ruinas
3342 4112 3607 4179 aedificat,
3637 4112 3781 4182 ripas
3805 4112 3991 4181 eripit,

2413 4213 2706 4282 praecipitia
2749 4210 2985 4277 instruit,
3019 4208 3274 4279 periculis
3301 4209 3533 4277 navigat,
3564 4205 3853 4276 naufragiis
3873 4205 3998 4259 veli~

2417 4305 2561 4370 licat,
2608 4303 2907 4376 perditione
2937 4301 3150 4372 gaudet,
3209 4301 3485 4356 interitum
3531 4296 3698 4366 fovet,
3745 4296 4003 4352 confusio-

2416 4415 2542 4454 nem
2565 4406 2850 4461 mcreatur,
2873 4395 3198 4451 thesaurizat
3220 4391 3590 4464 opprobrium,
3609 4390 3996 4446 criminationes

2419 4499 2743 4562 exaggerat,
2796 4488 3166 4544 acizusationes
3217 4486 3551 4551 inflammat,
3607 4493 3662 4539 et
3709 4484 4003 4538 catervatim

2419 4585 2586 4639 semel
2637 4582 2690 4636 in
2745 4581 2943 4636 fascem
3005 4580 3311 4650 glomerans
3366 4590 3682 4632 numerosas
3732 4573 3996 4643 indagines

711 4696 832 4750 qua:
870 4683 1198 4736 conveniunt
1232 4695 1378 4735 sanae
1419 4679 1681 4734 doctrina:
1711 4697 1726 4734 :
1755 4679 1988 4748 majores
2044 4690 2171 4732 natu
2214 4695 2306 4734 so-
2341 4682 2393 4742 D
2418 4679 2760 4749 captionum,
2815 4691 2914 4746 per
2998 4673 3204 4729 infinita
3264 4672 3624 4738 dedecorum,
3691 4667 3994 4738 multiplices

714 4773 860 4830 brios
899 4789 1042 4839 esse,
1088 4772 1400 4844 prudentes,
1454 4786 1614 4826 sanos
1647 4771 1697 4826 in
1745 4771 1870 4836 fide,
1915 4773 1966 4826 in
2013 4771 2305 4836 cbaritate,

711 4867 771 4924 in
809 4867 1065 4939 patientia
1092 4871 1322 4922 sincera.
1367 4863 1512 4936 Ergo
1537 4863 1847 4921 auditiones
1876 4864 2150 4936 simplices
2175 4865 2307 4922 obe—

2409 4782 2612 4829 mortes
2640 4770 2845 4827 invehit
2873 4771 2924 4825 in
2953 4769 3244 4840 perniciem
3277 4767 3629 4837 perditorum.

2480 4867 2584 4924 Tot
2621 4869 2801 4938 itaque
2824 4875 2880 4923 et
2908 4873 3086 4921 tantas
3116 4873 3325 4936 strages
3351 4861 3673 4919 calamitatis
3727 4869 3782 4916 et
3840 4856 3996 4930 pessi-

2049 5049 2226 5106 EDIT.
2258 5047 2466 5108 OXON.
2495 5045 2725 5105 NOTAE.

790 5204 891 5262 Jus
932 5211 1114 5260 tractat
1145 5199 1340 5258 vivendi
1375 5208 1423 5254 et
1474 5213 1576 5254 non
1607 5195 1810 5253 edendi.
1841 5193 2114 5319 Obsculrns
2142 5191 2315 5247 locus.

2049 5279 2212 5319 AIEL.

2049 5279 2212 5319 AIEL.

2427 5187 2675 5246 Morellio
2727 5163 2827 5259 pro
2864 5195 3108 5254 vestrum,
3156 5185 3281 5257 quia
3329 5181 3600 5240 consentit
3646 5178 3936 5306 Aplostloalps.

3760 5271 3802 5306 Ar
3898 5292 3908 5304 .

3760 5271 3908 5306 AMEL.

2536 5331 2698 5388 Casus
2725 5331 2934 5386 exultat.
2981 5328 3114 5384 Male
3151 5328 3405 5383 Erasmus
3461 5342 3627 5391 casas,
3685 5339 3848 5394 neque
3894 5334 4010 5375 vero

795 5348 1215 5420 Transgressores
1254 5337 2007 5420 ordinaria!“transgressionis.
2039 5335 2204 5391 Recte
2245 5332 2324 5390 sic

726 5409 986 5478 Erasmus
1030 5434 1126 5487 pro
1181 5433 1247 5473 eo
1293 5417 1434 5486 quod
1483 5415 1560 5470 illi
1587 5409 1837 5487 ordinari.
1869 5409 2086 5487 ﬂamen.

801 5481 1141 5548 Rationabile.
1187 5490 1255 5544 Et
1305 5481 1389 5543 hic
1421 5496 1476 5542 et
1521 5500 1682 5556 supra
1727 5481 1922 5539 alicubi
1968 5488 2122 5535 vetus
2166 5492 2329 5534 excu-

735 5579 848 5629 sus,
891 5576 943 5618 et
974 5561 1303 5618 Remboldus
1330 5558 1591 5614 rationali.
1614 5557 1818 5612 PMIEL.

777 5631 780 5636 ’
811 5623 996 5691 Alteris
1040 5637 1240 5704 placere
1292 5633 1480 5704 debent
1505 5630 1590 5700 qui
1619 5629 1789 5683 alteris
1817 5626 2007 5704 vivant.
2048 5623 2171 5678 Haec
2201 5636 2328 5704 quo-

739 5724 842 5779 que
886 5693 1125 5779 genuina
1161 5713 1248 5779 est
1291 5703 1468 5779 lectio,
1517 5693 1635 5779 'pro
1661 5715 1751 5779 _eo
1799 5695 1940 5779 quod
1997 5712 2163 5779 .man
2199 5693 2336 5779 male

739 5765 1018 5843 Erasmus,
1073 5775 1319 5831 altaribus
1354 5765 1552 5845 placere
1590 5772 1790 5838 debent,
1819 5765 1926 5840 'qui
1973 5767 2038 5822 de
2091 5765 2338 5822 altaribus
2443 5765 2602 5848 multi;

741 5853 927 5900 vfmmt.
960 5833 1162 5901 Patrne.
1354 5833 1365 5845 ”
1777 5833 1787 5838 ⁷
1851 5833 1861 5840 ’
2555 5833 2622 5887 Et

819 5916 1157 5970 Miuisterium
1206 5925 1454 5968 nostrum.
1503 5913 1730 5967 Prorsus
1774 5911 1852 5965 sic
1905 5909 2185 5991 lrgendum
2217 5923 2339 5964 cum

2430 5406 2590 5461 etiam
2640 5405 2846 5475 placet,
2876 5400 3039 5475 quod
3079 5404 3319 5469 reposuit
3361 5400 3477 5475 ipse
3531 5417 3544 5453 :
3586 5393 3795 5475 rapinas
3827 5393 4006 5475 ξπὴᾳὶι,

2434 5491 2532 5548 pro
2556 5465 2660 5548 geo'i
2685 5465 2840 5548 quod
2871 5465 2945 5528 illi
3007 5465 3562 5548 (“meoptaag,;ripas
3601 5465 3772 5539 eripit.
3812 5465 4009 5548 intra.

2545 5535 2859 5611 Multiplices
2909 5535 3094 5599 mortes
3117 5535 3327 5600 invehit.
3353 5535 3550 5596 Vetus
3575 5535 3757 5611 excits.
3785 5535 4012 5602 simplices

2440 5631 2650 5674 mentes.
2682 5609 3012 5672 Romboldus
3057 5626 3108 5669 et
3143 5615 3229 5669 alii
3261 5614 3505 5683 plerique
3553 5609 4008 5683 sintplieesmortrs,

2441 5706 2537 5761 pro
2569 5705 2674 5756 quo
2720 5687 2947 5743 Gravius
2991 5695 3047 5742 et
3070 5682 3270 5761 Manut.
3301 5702 3466 5740 mores
3495 5701 3514 5748 ;
3547 5682 3825 5761 ‘lllorellius
3850 5687 4012 5732 autem

2443 5753 2752 5829 multiplices
2779 5768 2994 5822 mortes,
3035 5760 3176 5827 quod
3221 5758 3394 5824 placet
3420 5755 3673 5829 maxime.
3716 5753 3902 5829 PAIEI:

2671 5833 2899 5905 pessima:
2962 5822 3376 5905 con-versatimtis.
3467 5827 3814 5905 Interjecgrat
3866 5822 4016 5876 Rem-

2447 5905 2639 5965 boldus
2668 5896 2845 5962 denuo
2889 5911 3102 5971 strages,
3137 5901 3231 5956 sed
3264 5916 3369 5955 non
3398 5909 3481 5955 est
3510 5913 3665 5968 opus.
3701 5896 3886 5951 Putat.
