4202 6272
207 235 313 294 865

1277 230 1367 289 DE
1407 226 1965 290 SlNGULARlTATE
2002 228 2483 290 CLERICORUM.

3399 228 3508 292 866

204 359 305 406 ma
352 327 781 405 conversationis
826 358 987 402 nemo
1013 344 1327 417 prosternit,
1380 360 1542 403 nemo
1595 346 1799 413 calcat,
1830 346 1883 408 Α
1910 345 2144 411 nubent,
2196 360 2383 418 neque
2433 344 2726 414 nubentur,
2774 359 2947 418 neque
2996 347 3138 404 enim
3183 348 3503 408 morientur.

206 456 365 497 nemo
391 440 647 505 funestat,
676 438 778 494 nisi
806 438 1096 510 singularis
1116 437 1336 493 castitas
1356 438 1469 492 sola
1502 454 1515 491 :
1545 453 1665 508 qua
1692 453 1809 493 mu-

207 537 387 591 ninten
418 534 678 588 invictum
707 542 791 588 cst
827 533 1224 598 sanctimonia,
1253 540 1309 587 et
1347 532 1671 602 expugnatio
1700 531 1807 587 for-

208 629 275 687 tis
301 627 566 693 infamiae;
611 624 942 682 fortitudinis
984 626 1227 692 firmitas,
1276 634 1331 680 et
1360 624 1599 680 lascivia
1652 632 1809 695 petu-

211 718 370 775 lantis
390 717 676 773 infirmitas
695 734 710 784 ;
736 715 1017 787 probitatis
1032 715 1362 788 prasidium,
1380 725 1432 772 et
1450 716 1810 787 improbitatis

213 811 484 870 excidium
501 828 515 876 ;
542 811 737 866 anima
752 809 999 877 victoria,
1022 818 1078 866 et
1092 810 1332 881 corporis
1350 808 1561 881 prada;
1590 809 1811 866 ubertas

209 907 528 979 gloriarum,
597 913 652 960 et
712 903 964 960 sterilitas
1005 904 1319 970 crimiuunt;
1361 901 1600 974 pronuba
1649 918 1809 960 sanc-

210 1000 400 1066 titatis,
424 1007 479 1055 et
499 997 782 1070 repudium
798 994 1163 1068 turpitudinis;
1187 996 1513 1053 sinceritatis
1527 994 1807 1063 indicium,

210 1104 264 1154 et
290 1094 510 1150 abolitio
543 1090 956 1157 scandalorum;
986 1089 1303 1146 exercitium
1333 1090 1683 1147 continentiae
1703 1130 1718 1154 ,
1751 1097 1810 1144 et

211 1187 495 1245 cvacuatio
524 1195 632 1241 tota
660 1184 920 1251 luxuria;
949 1198 1051 1255 pax
1084 1198 1273 1240 secura
1304 1183 1596 1249 virtutum,
1628 1190 1684 1238 et
1706 1181 1806 1239 de-

208 1279 433 1339 bellatio
446 1277 622 1349 quieta
636 1276 930 1343 bellorum;
969 1276 1214 1347 puritatis
1232 1275 1470 1342 culmen,
1498 1284 1553 1331 et
1576 1273 1813 1331 libidinis

215 1388 437 1439 carcer;
479 1370 778 1428 honestatis
805 1380 1014 1441 portus,
1042 1378 1097 1425 et
1138 1368 1444 1441 ignominia
1489 1367 1812 1438 naufragalis

217 1468 372 1525 locus
390 1465 743 1539 :virginitatis
760 1473 950 1528 mater,
965 1472 1020 1519 et
1039 1462 1208 1519 hostis
1236 1460 1619 1527 immunditia;
1647 1461 1813 1517 lorica

216 1561 461 1633 pudoris,
492 1569 550 1617 et
593 1557 823 1630 spolium
841 1555 1248 1629 probrositatis;
1288 1554 1649 1625 corruptionis
1696 1553 1812 1609 exi-

219 1659 375 1725 tium,
421 1669 607 1712 murus
650 1654 843 1725 rigoris
885 1660 942 1708 et
988 1650 1283 1706 destructio
1330 1649 1694 1721 vulgaritatis;
1723 1662 1814 1705 se-

1912 438 2046 494 Nam
2081 447 2208 494 sunt
2253 439 2456 495 similes
2500 439 2720 511 Angelis
2760 439 2898 496 Dei:
2930 441 3053 512 quia
3100 445 3509 501 resurrectionis

1913 532 2007 587 filii
2034 541 2176 588 sunt.
2219 531 2336 588 Hoc
2373 533 2541 604 exigit
2574 544 2761 589 sancta
2799 533 3142 605 singularitas
3166 534 3507 603 clericorum,

1912 637 1970 682 ut
2017 634 2302 698 antequam
2348 625 2775 698 trausfiguretur,
2822 626 2933 699 jam
2978 628 3354 699 transfigurata
3392 641 3514 684 cer-

1918 728 2085 774 natur
2111 719 2164 773 in
2201 718 2472 790 Angelica
2517 718 2777 775 claritatis
2816 729 3118 790 aspectum,
3163 735 3284 791 qua
3325 720 3512 777 omnia

1912 811 2016 868 sibi
2033 820 2316 883 amputans
2335 811 2786 882 concupiscentia
2806 813 3101 869 certamina
3123 811 3473 883 depradatur
3494 829 3511 870 :

1913 902 2067 974 cujus
2094 902 2282 960 laudes
2322 903 2578 960 Salomon
2606 904 2911 976 exequitur,
2941 905 3130 962 dicens
3159 924 3172 960 :
3205 905 3396 961 Melius
3423 916 3508 962 est

1913 1011 2033 1053 esse
2060 998 2177 1053 sine
2205 995 2335 1052 filiis
2364 1011 2488 1053 cum
2534 997 2800 1055 claritate.
2860 997 3240 1054 lmmortalitas
3264 1006 3351 1054 est
3369 998 3511 1056 enim

1912 1089 1967 1145 in
1994 1090 2255 1146 memoria
2295 1090 2471 1158 illius;
2517 1092 2642 1163 quia
2670 1100 2725 1148 et
2763 1093 2903 1163 apud
2953 1093 3119 1149 Deum
3167 1101 3294 1149 nota
3324 1102 3430 1162 est,
3459 1101 3517 1150 et

1912 1183 2052 1255 apud
2079 1183 2348 1240 homines.
2399 1185 2537 1240 Cum
2582 1200 2821 1256 prasens
2858 1194 2964 1252 est,
2998 1186 3279 1243 imitantur
3331 1186 3515 1256 illam,

1913 1285 1970 1333 et
2014 1277 2323 1334 desiderant
2354 1292 2496 1346 eam,
2540 1294 2663 1335 cum
2692 1293 2752 1336 se
2782 1278 3102 1347 abduxerit;
3131 1291 3186 1337 et
3231 1281 3284 1336 in
3314 1295 3519 1353 perpe-

1915 1379 2065 1426 tuum
2107 1380 2365 1427 coronata
2395 1371 2712 1442 triumphat,
2757 1372 3283 1445 incoinquinatorum
3339 1383 3519 1432 certa-

1916 1464 2120 1520 minum
2152 1465 2394 1536 praelium
2446 1465 2690 1523 vincens.

1988 1556 2106 1613 Non
2135 1566 2218 1612 est
2261 1558 2380 1614 sine
2419 1557 2550 1615 filiis
2575 1572 2698 1614 cum
2726 1558 2995 1628 claritate,
3042 1561 3146 1617 nisi
3174 1563 3519 1637 singularitas

1920 1651 2059 1716 sola,
2090 1665 2249 1721 quam
2273 1665 2377 1706 non
2399 1652 2576 1707 solum
2603 1654 2935 1710 conscientia
2959 1669 3057 1711 sua
3081 1656 3244 1712 nullis
3268 1659 3520 1717 sordibus

216 1749 458 1807 veritatis
473 1747 702 1820 gladius,
722 1743 1077 1815 triumphator
1094 1752 1150 1799 et
1164 1742 1375 1799 occisor
1391 1740 1762 1797 dissolutionis
1794 1755 1810 1808 ;
1844 1747 1895 1808 Β
1924 1743 2177 1808 maculat,
2208 1741 2304 1799 sed
2334 1743 2497 1799 etiam
2530 1745 2694 1801 nulla
2737 1745 3020 1816 opiniones
3077 1759 3344 1819 suSpecta
3402 1752 3524 1822 pitt-

225 1853 501 1901 armatura
541 1841 753 1908 virium,
787 1848 843 1895 et
881 1846 1223 1895 exarmatura
1248 1836 1550 1900 fluxorum;
1592 1834 1818 1905 integri-

226 1939 353 1994 tatis
381 1938 633 2010 dignitas;
656 1943 712 1992 et
738 1933 1109 1990 fornicationis
1136 1931 1399 1997 addictio;
1427 1928 1687 1987 claritatis
1714 1928 1822 1985 fas-

220 2031 432 2103 tiginm,
458 2039 516 2087 et
546 2028 831 2085 dedecoris
854 2026 1248 2099 pracipitium;
1273 2023 1524 2080 voluntas
1556 2022 1820 2078 honorum

224 2138 471 2194 operum,
498 2131 554 2178 et
578 2120 798 2178 afﬂictio
826 2120 1112 2185 vitiorum;
1153 2117 1491 2188 refrigerium
1519 2113 1818 2187 pudicitiae,

223 2230 382 2288 pana
411 2214 749 2286 petulantia;
799 2211 1083 2284 acquisitio
1131 2209 1551 2280 triumphorum,
1597 2216 1653 2263 et
1682 2204 1819 2263 faci-

220 2325 411 2368 norum
438 2309 852 2372 detrimentum;
898 2304 1118 2376 requies
1152 2302 1362 2368 salutis,
1403 2310 1458 2356 et
1502 2298 1824 2372 perditionis

221 2405 477 2470 exilium;
506 2403 613 2458 vita
641 2401 882 2474 spiritus,
912 2408 967 2456 et
980 2398 1160 2455 carnis
1181 2396 1458 2462 interitus;
1490 2402 1663 2450 status
1690 2408 1823 2465 qua-

220 2498 388 2555 litatis
412 2497 689 2568 angelica,
718 2493 878 2551 funus
899 2492 1148 2549 humana
1175 2490 1510 2547 substantia.
1540 2488 1711 2557 Hujus
1736 2501 1821 2542 re-

222 2588 476 2645 tinaculis
514 2586 692 2643 omnis
716 2584 1050 2642 obscanitas
1077 2581 1359 2648 franatur,
1391 2589 1447 2637 et
1470 2578 1822 2650 compedibus

221 2681 338 2752 ejus
364 2680 538 2737 calces
562 2677 789 2735 furentis
815 2675 1053 2733 libidinis
1071 2683 1405 2731 statuuntur.
1433 2671 1488 2727 In
1515 2672 1657 2727 hanc
1676 2671 1824 2726 velut

222 2773 278 2830 in
317 2773 571 2844 scopulos
606 2770 926 2842 franguntur
953 2769 1184 2838 impetus
1219 2768 1642 2837 qualescumque
1694 2778 1823 2818 san-

223 2866 399 2939 guinis
426 2863 767 2930 inundantis;
799 2872 852 2918 et
873 2863 926 2917 in
949 2861 1041 2916 illa
1057 2859 1278 2917 sedatur
1304 2872 1562 2929 spumans
1581 2855 1822 2911 humoris

225 2960 431 3018 insania
454 2958 774 3029 corporalis.
796 2956 928 3026 Qua
943 2956 1071 3012 dum
1089 2955 1191 3011 sibi
1213 2954 1483 3010 subtrahit
1501 2950 1823 3009 adminicula

226 3051 699 3125 concupiscentia,
721 3061 931 3106 mortua
960 3048 1202 3105 membra
1232 3063 1327 3103 sua
1352 3045 1699 3118 cognoscitur
1731 3046 1825 3101 ba-

1930 1834 2156 1890 ralitatis
2183 1833 2468 1891 infamant.
2508 1835 2643 1891 Nam
2666 1836 2713 1892 si
2733 1837 2978 1905 castitas,
3007 1840 3148 1911 quod
3170 1850 3255 1897 est
3280 1841 3523 1913 difficile,

1924 1927 2225 1983 masculum
2250 1937 2304 1983 et
2353 1928 2606 1985 feminam
2640 1931 2843 2001 pariter
2880 1934 2935 1988 in
2966 1933 3275 2005 virginitate
3302 1949 3525 1991 conser-

1923 2028 2030 2087 vet,
2093 2034 2200 2076 non
2244 2019 2407 2076 habet
2430 2020 2765 2090 claritatem;
2803 2038 2963 2096 quam
2991 2028 3352 2083 communitas
3402 2028 3520 2099 ipsa

1931 2126 2040 2167 non
2060 2121 2238 2183 potest
2259 2113 2360 2168 nisi
2380 2112 2698 2185 quibusdam
2725 2115 3148 2187 probrositatum
3179 2120 3416 2176 tenebris
3436 2120 3528 2176 ob-

1928 2219 2166 2263 scurare.
2215 2205 2576 2279 Singularitas
2603 2224 2733 2265 vero
2773 2210 2845 2266 ita
2894 2211 3039 2268 clara
3066 2225 3150 2269 est
3178 2215 3429 2271 omnibus
3471 2222 3529 2271 et

1925 2309 2142 2369 exerta,
2175 2309 2232 2356 ut
2257 2303 2467 2358 cunctis
2492 2302 2779 2373 splendore
2808 2304 2890 2360 sui
2917 2306 3168 2362 candoris
3191 2322 3323 2378 pura
3352 2310 3525 2364 mani-

1929 2390 2154 2449 festetur
2177 2400 2234 2448 et
2273 2393 2475 2449 lucida.
2520 2393 2679 2451 Unde
2704 2396 2784 2452 sic
2825 2411 2925 2453 nos
2963 2398 3256 2468 Apostolus
3295 2399 3519 2468 edocet,

1927 2485 2154 2542 dicens:
2183 2484 2335 2544 Sicut
2360 2485 2456 2542 filii
2485 2486 2622 2544 lucis
2662 2488 2931 2546 ambulate
2960 2509 2974 2544 :
3008 2491 3215 2548 fructus
3245 2493 3387 2548 enim
3438 2493 3526 2548 lu-

1927 2578 2084 2635 minis
2114 2580 2280 2636 estin
2320 2582 2467 2661 omni
2499 2581 2758 2650 bonitate,
2807 2591 2863 2639 et
2898 2583 3124 2655 iustitia,
3168 2594 3223 2642 et
3264 2587 3527 2658 veritate,

1925 2670 2222 2742 probantes
2259 2672 2401 2743 quod
2448 2673 2840 2744 beneplacitum
2887 2677 2958 2731 sit
3007 2678 3140 2733 Deo.
3187 2677 3255 2734 Et
3299 2679 3526 2737 iterum:

1927 2763 2138 2831 Omnia,
2184 2765 2377 2838 inquit,
2404 2766 2563 2823 facite
2610 2768 2729 2824 sine
2758 2771 3177 2828 murmuratione
3223 2782 3278 2828 et
3315 2773 3533 2830 hasita-

1935 2860 2098 2927 tione,
2123 2869 2178 2917 et
2204 2861 2326 2917 sitis
2350 2861 2851 2933 irreprehensibiles
2877 2874 2932 2920 et
2965 2864 3238 2935 simplices
3263 2868 3400 2922 sicut
3427 2868 3523 2924 filii

1932 2952 2027 3008 Dei
2056 2952 2384 3010 immaculati
2406 2954 2459 3009 in
2506 2954 2686 3011 medio
2711 2956 2943 3012 nationis
2963 2973 3139 3028 prava
3163 2967 3219 3015 et
3239 2973 3524 3030 perversa,

1936 3046 2078 3103 inter
2106 3062 2242 3119 quos
2295 3049 2483 3104 lucetis
2532 3049 2672 3105 sicut
2714 3049 2999 3107 luminaria
3050 3052 3103 3106 in
3164 3053 3385 3110 mundo.
3442 3052 3534 3111 Sic

222 3150 395 3221 julare
423 3166 438 3205 :
470 3148 539 3204 de
566 3147 760 3220 quibus
801 3144 1077 3217 apostolus
1128 3143 1327 3200 Paulus
1368 3151 1689 3213 pramouet,
1739 3139 1821 3197 di-
1856 3145 1902 3210 (ζ
1937 3139 2132 3210 ubique
2203 3141 2551 3213 singularitas
2615 3142 2900 3213 splendet,
2954 3152 3014 3199 ut
3053 3159 3244 3202 omnes
3299 3152 3397 3218 pro
3445 3147 3536 3203 illa

229 3256 356 3299 cens
386 3260 399 3297 :
429 3239 747 3296 Mortificate
796 3253 926 3310 ergo
985 3235 1264 3302 membra,
1314 3250 1435 3305 qua:
1484 3242 1612 3290 sunt
1664 3248 1828 3305 super

228 3344 465 3401 terram;
507 3331 951 3398 fornicationem,
1009 3327 1441 3392 immunditiam,
1504 3324 1839 3400 libidinem,

229 3425 721 3496 concupiscentiam
770 3422 991 3488 malam,
1035 3429 1091 3476 et
1118 3419 1422 3487 avaritiam,
1454 3433 1574 3489 qua
1603 3427 1687 3473 est
1716 3417 1831 3474 ido-

228 3521 401 3578 lorum
431 3521 684 3583 servitus,
716 3525 1079 3589 preptenqua
1126 3515 1272 3570 venit
1313 3514 1391 3567 ira
1427 3512 1541 3568 Dei.

302 3614 387 3669 Ab
413 3612 501 3667 his
539 3609 793 3666 omnibus
838 3624 944 3663 non
990 3607 1094 3662 nisi
1132 3604 1417 3678 splendido
1446 3603 1832 3676 singularitatis

231 3705 406 3762 cultro
431 3711 698 3760 castratur
718 3700 950 3757 humana
976 3708 1186 3765 natura,
1222 3707 1281 3753 ut
1300 3698 1530 3753 illihatos
1560 3697 1832 3767 spadones

228 3800 298 3857 ad
342 3797 644 3855 convivium
681 3793 981 3851 sanctitatis
1022 3791 1374 3863 dispensante
1417 3789 1833 3848 circumcisione

232 3893 556 3951 introducat.
612 3890 713 3947 Cui
769 3889 1024 3946 sanctitas
1077 3887 1151 3942 ita
1202 3885 1453 3956 promisit
1504 3883 1693 3939 annuli
1749 3882 1834 3939 sui

234 3990 475 4062 nuptiale
516 3986 877 4060 signaculum,
910 3992 970 4039 ιιι
996 3984 1114 4040 sine
1139 3982 1252 4052 ipsa
1281 3980 1561 4051 virginitas
1589 3979 1831 4050 resigne-

232 4095 342 4150 tnr,
380 4098 500 4154 qua
538 4097 600 4138 se
638 4080 751 4136 sola
797 4086 1050 4135 contenta
1078 4074 1386 4146 cupidinem
1428 4073 1631 4139 domat,
1676 4086 1834 4127 men-

231 4185 451 4246 temque
476 4174 736 4231 rectiiicat
754 4214 768 4238 ,
797 4169 1294 4243 concupiscentiam
1321 4166 1537 4239 subigit,
1568 4164 1834 4223 desideria

233 4268 446 4324 ardoris
472 4264 755 4337 extinguit,
784 4274 934 4318 artus
960 4261 1227 4326 debilitat,
1255 4275 1454 4332 corpus
1490 4260 1708 4316 ancillat
1736 4278 1750 4315 :
1781 4266 1837 4317 et

232 4364 307 4419 ita
336 4359 570 4415 carnalia
599 4354 878 4426 cruciflgit,
915 4362 974 4409 ut
1000 4364 1107 4410 tam
1139 4353 1414 4409 masculus
1433 4367 1594 4424 quam
1638 4351 1835 4408 femina

232 4453 482 4511 videatur
512 4451 564 4505 in
606 4446 1015 4506 conversatione
1042 4445 1284 4511 mentiri,
1326 4445 1455 4501 dum
1482 4446 1606 4501 illos
1631 4444 1834 4500 utrius-

1935 3233 2224 3305 splendere
2261 3251 2365 3292 non
2389 3235 2635 3293 dubitent
2660 3255 2674 3293 :
2704 3247 2759 3293 et
2786 3238 2855 3294 ita
2887 3240 3230 3297 sanctitatem
3250 3241 3306 3295 in
3336 3250 3537 3298 semet-

1933 3326 2049 3398 ipsa
2077 3327 2359 3397 clariﬁcat,
2400 3336 2461 3384 ut
2500 3328 2713 3385 laudem
2745 3329 2847 3385 sibi
2888 3330 2956 3387 ab
2999 3331 3131 3402 ipsis
3168 3348 3383 3405 quoque
3433 3334 3538 3391 ini-

1932 3420 2088 3477 micis
2130 3430 2469 3493 extorqueat.
2517 3421 2673 3490 Quod
2718 3421 2955 3479 maxime
2983 3423 3054 3480 de
3086 3427 3375 3496 praeposito
3404 3441 3542 3499 quo-

1932 3528 2162 3586 cumque
2201 3513 2400 3570 Paulus
2444 3514 2721 3583 apostolus
2761 3515 3006 3583 mandat,
3055 3516 3242 3573 dicens
3271 3535 3287 3573 :
3315 3517 3542 3588 Oportet

1932 3620 2113 3665 autem
2145 3623 2266 3664 eum
2292 3616 2347 3664 et
2372 3608 2744 3664 testimonium
2775 3608 2976 3665 habere
3016 3608 3216 3664 bonum
3249 3610 3316 3665 ab
3339 3610 3422 3665 his
3445 3611 3540 3682 qui

1935 3700 2065 3755 foris
2104 3708 2250 3766 sunt,
2290 3709 2350 3755 ut
2378 3714 2485 3755 non
2509 3701 2561 3754 iu
2598 3700 2948 3771 opprobrium
2978 3700 3181 3755 incidat
3210 3711 3264 3757 et
3289 3702 3540 3773 laqueum

1934 3790 2155 3847 diaboli.
2192 3791 2338 3847 Hanc
2377 3792 2539 3863 igitur
2577 3800 2774 3858 amate,
2826 3791 2965 3848 hanc
3002 3801 3217 3861 tenete,
3267 3811 3385 3866 qua
3424 3797 3541 3853 sola

1934 3890 2112 3955 potest
2140 3882 2365 3937 feminas
2405 3881 2715 3938 debellare:
2758 3898 2879 3939 cum
2927 3882 3104 3940 adhuc
3149 3888 3535 3958 concupiscen-

1937 3977 2008 4032 tia
2037 3974 2181 4031 nulla
2209 3984 2398 4045 pectus
2439 3974 2718 4046 impulsat,
2760 3984 2816 4032 et
2840 3975 2970 4033 dum
3000 3976 3178 4035 adhuc
3222 3979 3543 4053 simplicitas

1935 4068 2248 4140 incorrupta
2287 4077 2572 4140 permanet
2606 4069 2689 4125 vel
2717 4069 2920 4141 quieta,
2951 4070 3018 4127 ad
3045 4082 3272 4130 secreta
3300 4074 3544 4147 singula-

1934 4162 2108 4217 ritatis
2156 4161 2374 4217 tutelam
2414 4161 2522 4218 cito
2541 4164 2864 4231 concurrite,
2918 4179 2988 4222 ne
3031 4166 3376 4236 postmodum
3430 4183 3543 4226 non

1943 4254 2167 4310 valeatis
2208 4253 2465 4326 effugere.

2009 4347 2472 4418 Praoccupandus
2522 4349 3044 4407 estadituscunctis
3089 4351 3319 4421 insidiis,
3352 4352 3541 4411 nebo-

1938 4440 2137 4497 stilitas
2166 4442 2314 4512 prior
2344 4440 2615 4513 obrepens
2644 4450 2895 4498 occurrat
2923 4442 3257 4512 improvidis.
3301 4444 3547 4503 Salutare

232 4560 343 4618 que
372 4557 533 4600 sexus
557 4539 867 4613 operatiose
908 4538 1176 4595 abscidit:
1216 4546 1309 4593 aut
1336 4546 1587 4595 neutrum
1635 4535 1838 4593 faciens
1861 4547 1917 4609 ι)
1940 4532 2240 4590 remedium
2271 4542 2356 4589 est
2396 4533 2693 4605 praevenire
2719 4534 2898 4604 potius
2926 4549 3086 4605 quam
3130 4538 3413 4606 praveuiri
3449 4555 3463 4594 :
3492 4546 3548 4595 et

235 4638 308 4694 de
335 4636 566 4702 duobus,
607 4633 821 4690 tertiam
865 4631 1093 4688 formam
1131 4630 1382 4687 conferre
1416 4629 1678 4702 gloriatur
1717 4644 1837 4684 am-

231 4730 432 4792 bobus,
479 4738 534 4782 ut
564 4736 689 4783 ante
718 4725 1163 4782 resurrectionem
1204 4723 1615 4781 resurrectionis
1648 4724 1840 4795 imagi-

234 4838 386 4888 nem,
430 4820 497 4876 ad
526 4820 696 4875 instar
740 4816 1064 4890 Angelorum
1095 4816 1348 4872 tneditari
1386 4825 1660 4872 noscatur.
1686 4814 1839 4884 Quod

236 4914 560 4987 promittens
584 4910 841 4966 Dominus
872 4909 1108 4965 futurum
1135 4926 1150 4963 :
1180 4908 1281 4977 Qui
1310 4907 1493 4980 digni,
1520 4908 1709 4980 inquit,
1741 4907 1842 4964 ha-

1942 4625 2239 4696 anticipare
2254 4626 2431 4695 potius
2446 4640 2608 4697 quam
2629 4624 2931 4695 anticipari,
2956 4627 3161 4683 viribus
3181 4627 3406 4686 fortibus
3418 4646 3548 4688 cou-

1941 4720 2104 4792 gruit.
2135 4718 2472 4792 Ubicumque
2502 4720 2662 4775 fuerit
2687 4718 3041 4790 providentia,
3067 4720 3393 4779 frustrantur
3430 4725 3551 4782 uni-

1944 4827 2101 4870 versa
2132 4812 2438 4879 contraria;
2488 4810 2579 4867 ubi
2622 4820 2799 4867 autem
2847 4812 3183 4883 providentia
3231 4816 3545 4887 negligitur,

1947 4907 2127 4962 omnia
2153 4904 2423 4962 contraria
2462 4903 2829 4960 dominantur.
2866 4907 3007 4963 Ante
3030 4904 3226 4963 famem
3253 4919 3545 4979 certamus,

236 5010 436 5069 bentur
462 5006 648 5064 saeculi
678 5005 820 5062 illius
854 5014 911 5063 et
955 5003 1369 5061 resurrectionis
1396 5018 1426 5058 a
1453 5005 1699 5070 mortuis,
1738 5016 1847 5058 non
1946 5009 2072 5059 ante
2102 5000 2336 5073 inopiam
2362 4996 2660 5057 laborando
2688 4997 2997 5072 fatigamus.
3025 5000 3116 5061 Sic
3145 5017 3241 5074 per
3258 5004 3437 5060 omnia
3460 5018 3552 5061 ca-

1556 5140 1736 5198 EDIT.
1760 5139 1967 5200 OXON.
1999 5138 2229 5197 NOTAE.

312 5272 379 5329 Et
429 5272 672 5328 sterilitas
719 5271 1012 5326 criminum.
1058 5267 1184 5328 llac
1240 5268 1401 5329 lectio
1466 5275 1574 5325 vet.
1646 5279 1832 5324 excus.

236 5345 470 5415 genuina
503 5355 608 5410 est,
649 5344 771 5413 quia
804 5344 1058 5415 pracedit
1118 5345 1357 5410 ubertas,
1407 5357 1503 5415 pro
1562 5354 1667 5411 qua
1713 5352 1835 5395 cum

239 5413 570 5473 Rentboldus
611 5413 818 5486 legeret
837 5417 1112 5487 cupiditas,
1142 5417 1399 5485 reposuit,
1453 5413 1709 5468 Erasmus
1753 5427 1839 5464 ca-

239 5491 467 5563 ptiuitas.
498 5488 709 5563 Patren.

314 5559 686 5614 lmmortalitas
736 5559 871 5615 enim
916 5568 989 5613 est
1030 5554 1273 5612 memoria
1310 5553 1471 5609 illius.
1504 5554 1700 5611 Contra
1753 5554 1840 5610 hic

237 5642 391 5692 recte
420 5647 524 5684 non
568 5632 746 5700 posuit
792 5631 1049 5685 Erasmus
1075 5624 1435 5700 immortalitas
1461 5627 1709 5700 estettim
1735 5642 1841 5679 me-

239 5704 407 5758 moria
453 5697 623 5767 illiits;
654 5703 776 5774 quia
818 5701 951 5758 illud
978 5697 1245 5774 reperitur
1266 5697 1333 5752 ad
1365 5698 1586 5774 verbum
1625 5697 1837 5774 Graece.

241 5775 410 5836 Iiectc
468 5766 687 5831 tamen"
717 5775 835 5847 ipse
907 5766 1179 5847 quia'pro
1242 5783 1395 5841 quae;
1451 5766 1642 5825 Graec
1693 5767 1838 5825 enim

1940 5272 2025 5322 est
2070 5269 2166 5322 ὅτι.
2210 5262 2416 5320 Pansa.

2020 5336 2287 5411 Suspecta:
2334 5332 2668 5411 pluralitatis.
2711 5333 2947 5411 Rursum
2986 5334 3096 5411 _hic
3156 5335 3434 5411 legebatur
3485 5358 3555 5403 ex

1944 5407 2139 5463 mendo
2170 5407 2292 5463 cod.
2338 5405 2624 5463 Remboldi
2653 5406 2949 5477 parilitatt's.
2985 5406 3191 5468 Pansa.

2020 5478 2137 5533 Non
2205 5478 2350 5532 habet
2414 5478 2720 5558 claritatem.
2780 5478 2895 5558 Ego
2966 5483 3308 5551 negationem
3365 5499 3560 5558 super-

1943 5549 2107 5606 ﬂuam
2153 5563 2372 5604 censeo.
2415 5549 2622 5605 Panes.
2808 5553 2822 5564 '

2020 5621 2088 5677 Ut
2148 5635 2338 5693 omnes
2366 5636 2460 5693 pro
2525 5618 2633 5693 illi
2665 5619 2931 5693 splendere
2982 5640 3086 5679 non
3138 5624 3388 5685 dubitent.
3442 5628 3558 5687 Me-

1945 5694 2210 5766 taphrasis
2254 5689 2422 5749 efficit
2456 5698 2516 5748 ut
2590 5689 2849 5750 Erasmus
2902 5704 3189 5770 reponeret
3241 5701 3565 5778 spondam,

3241 5771 3457 5832 Pansa.
