4202 6272
649 317 756 374 867
2211 313 2411 377 LIBER

649 430 975 487 lamitatibus
1002 429 1207 484 cunctis
1228 427 1466 484 tollimus
1490 428 1688 496 locum,
1719 427 1846 484 dum
1867 430 2104 501 gerimus
2125 447 2248 502 pro-
2274 438 2328 497 Α
2353 437 2640 492 latronum.
2695 437 2819 493 Plus
2847 437 3011 495 duces
3051 444 3106 495 et
3149 437 3609 514 principes‘quam
3645 441 3845 499 milites
3894 445 3973 501 ab

649 527 936 581 \‘idcntiam
979 535 1277 594 temporum
1312 523 1632 580 futurorum.
1682 526 1892 594 Quanto
1922 528 2089 598 magis
2120 540 2244 583 ante

650 620 1020 690 pricvcnienda
1051 629 1134 675 est
1159 621 1304 675 omni
1341 620 1652 691 provisione
1689 622 1964 675 calamitas
2019 622 2243 676 femina-

647 727 798 773 rttm;
831 710 983 781 cujus
1023 712 1214 780 cupido
1242 713 1286 767 si
1317 714 1618 768 admittitur
1651 714 1906 783 incipere,
1953 729 2244 783 numquam

649 822 868 876 prorsus
913 807 1109 878 accipit
1156 808 1356 863 linem?
1399 807 1565 876 Cujus
1595 808 2054 876 comparationem
2084 806 2240 862 Salo-

647 916 776 953 nion
805 899 1055 969 explicat,
1085 899 1271 955 dicens
1297 916 1310 955 :
1342 899 1608 967 Infernus,
1633 908 1688 955 et
1714 915 1869 953 amor
1895 900 2154 966 mulieris,
2187 909 2244 954 et

649 1003 789 1047 terra
820 1008 939 1063 quae
969 1009 1076 1047 non
1099 992 1324 1047 satiatur
1344 1006 1502 1064 aqua,
1527 1001 1580 1046 et
1599 993 1734 1061 ignis
1759 1007 1861 1046 non
1890 991 2021 1046 dicit
2048 1009 2060 1045 :
2095 990 2246 1044 sufﬂ-

645 1087 738 1140 cit.
769 1085 1146 1157 Unusquisque
1169 1087 1349 1157 itaque
1377 1087 1469 1156 qui
1499 1101 1724 1142 securus
1751 1099 1834 1142 est
1857 1087 1980 1158 quia
2009 1085 2236 1141 necdum

647 1190 904 1248 tentatur,
937 1183 1148 1246 timeat;
1177 1182 1301 1252 quia
1335 1181 1468 1235 nihil
1515 1181 1580 1236 de
1619 1197 1684 1236 eo
1707 1181 1920 1248 dicitur,
1956 1181 2246 1251 prospiciat

646 1291 714 1328 ne
753 1274 962 1330 dicatur
1010 1293 1024 1329 :
1075 1273 1332 1330 Homines
1375 1288 1583 1339 sumus,
1625 1272 1958 1343 fragilitatem
2008 1281 2246 1326 nostram

644 1381 808 1422 carne
825 1375 1124 1436 portamus.
1143 1364 1235 1420 Sic
1254 1365 1363 1434 jam
1389 1364 1623 1435 undique
1648 1379 1746 1418 nos
1765 1366 2154 1433 circumspecta
2175 1364 2246 1417 vi-

646 1462 869 1516 vacitate
895 1458 1231 1515 circumdare
1267 1458 1529 1513 debemus
1567 1466 1623 1511 et
1662 1458 1905 1527 cingere,
1944 1466 2002 1511 ut
2041 1471 2147 1511 non
2179 1456 2250 1510 sit

644 1569 769 1623 pars
791 1554 970 1623 aliqua
994 1568 1113 1623 qua:
1144 1551 1376 1606 vacillet.
1410 1551 1720 1621 Accipimus
1744 1550 1958 1619 quidem
1983 1549 2250 1604 fortitudi-

645 1664 766 1704 nem
795 1648 1110 1720 spiritalem,
1136 1663 1228 1716 pcr
1247 1661 1407 1717 quam
1429 1645 1740 1700 substantia:
1768 1653 1966 1698 nostra:
1989 1643 2245 1713 fragilitas

643 1745 948 1798 roboretur.
974 1741 1080 1796 Sed
1105 1741 1173 1795 ita
1200 1741 1354 1794 nobis
1374 1739 1630 1808 spiritalis
1647 1737 1904 1792 fortitudo
1927 1736 2119 1790 collata
2142 1744 2245 1800 est;

2351 529 2590 585 hostibus
2621 540 2949 602 appetuntur
2976 534 3028 586 in
3058 548 3231 603 pugna
3258 551 3271 586 :
3301 542 3357 590 et
3384 534 3706 590 violentibus
3735 536 3972 608 propul-

2352 631 2541 676 santttr
2566 624 2742 678 ventis
2765 631 2818 678 et
2848 625 3149 680 turbinibus
3170 625 3426 692 culmina,
3452 643 3807 699 qutccumque
3833 637 3970 684 sunt

2350 714 2563 770 altiora.
2610 715 2738 771 Ideo
2767 719 2935 787 magis
2963 719 3240 789 magisque
3265 735 3372 789 quo
3405 720 3523 789 plus
3549 723 3760 776 cmteris
3791 738 3969 778 unus-

2352 811 2580 879 quisque
2603 820 2800 880 potest,
2831 811 2966 866 sciat
2988 827 3107 867 esse
3125 813 3224 866 sibi
3248 814 3591 869 metuendum
3616 831 3683 870 ne
3706 817 3754 870 in
3779 817 3970 888 aliquo

2351 902 2664 965 minaretur.
2717 912 2936 973 propter
2972 903 3113 973 quod
3163 904 3418 960 Salomon
3447 907 3524 961 sic
3550 906 3806 964 admonet
3831 950 3845 972 ,
3884 908 3971 963 di-

2350 1011 2478 1054 cens
2507 1015 2519 1050 :
2553 998 2651 1066 Qui
2681 997 2958 1066 gloriatur,
3007 999 3179 1070 inquit
3223 999 3275 1054 in
3314 999 3550 1067 divitiis,
3594 1010 3967 1072 paupertatem

2351 1101 2617 1145 vereatur.
2659 1090 2811 1161 Rogo
2864 1105 2960 1146 vos
3006 1100 3268 1162 quantum
3313 1094 3502 1157 valeo,
3543 1103 3598 1148 et
3629 1093 3769 1148 ultra
3800 1111 3966 1165 quam

2350 1184 2523 1248 valeo,
2560 1183 2674 1238 haec
2703 1184 2814 1239 sint
2833 1184 3011 1238 studia
3046 1185 3287 1239 omnium
3314 1185 3660 1250 clericorum,
3689 1194 3745 1240 ut
3774 1186 3966 1254 singu-

2351 1275 2580 1331 laritatis
2594 1276 2969 1332 inaccusabitis
2985 1277 3296 1333 secessione
3317 1277 3634 1349 fungantur:
3657 1293 3726 1334 ne
3747 1288 3840 1333 aut
3862 1279 3963 1348 ipsi

2352 1379 2448 1438 per
2476 1367 2721 1434 feminas,
2769 1375 2860 1422 aut
2912 1366 3125 1423 femina:
3149 1383 3244 1437 per
3273 1368 3392 1424 illos
3414 1369 3479 1423 ad
3503 1370 3863 1441 ignominiosa
3887 1371 3966 1424 lu-

2351 1460 2523 1515 dibria
2556 1467 2934 1529 provocentur.
2957 1460 3014 1515 Si
3044 1460 3162 1530 quis
3187 1459 3348 1515 habet
3377 1471 3626 1528 matrem,
3650 1462 3732 1516 vel
3769 1461 3952 1528 ﬁliam,

2352 1555 2433 1610 vel
2460 1567 2722 1617 sororem,
2757 1553 2841 1607 vel
2871 1553 3274 1624 conjugem,vel
3301 1564 3607 1625 cognatam.
3641 1553 3954 1620 sichabeat,

2354 1656 2411 1701 ut
2437 1647 2579 1701 nulla
2613 1647 2804 1701 ancilla
2837 1645 3078 1710 intersit,
3111 1661 3280 1717 neque
3313 1647 3486 1718 aliqua
3516 1649 3848 1718 ingrediatur
3872 1665 3965 1703 ex-

2353 1749 2571 1804 tranea;
2619 1754 2685 1793 ne
2713 1738 2778 1793 ad
2813 1740 2913 1794 hoc
2937 1739 3180 1794 videatur
3208 1749 3388 1794 tenere
3418 1743 3690 1810 proximas
3729 1757 3875 1808 suas,
3908 1749 3963 1796 ut

644 1843 701 1888 ut
727 1833 981 1904 providos
1007 1848 1112 1887 non
1135 1841 1193 1886 ut
1215 1831 1518 1902 praecipites
1541 1839 1751 1884 tueatur
1776 1848 1790 1884 :
1819 1838 1878 1884 ut
1898 1829 2020 1883 illos
2037 1827 2245 1882 muniat
2275 1837 2324 1898 Β
2355 1832 2588 1901 ipsarum
2627 1845 2786 1885 causa
2820 1830 2989 1885 libere
3029 1830 3128 1884 sibi
3165 1830 3416 1885 adhibeat
3453 1831 3658 1888 alienas
3699 1851 3711 1888 :
3745 1833 3892 1903 quod
3920 1835 3963 1889 si

643 1930 731 2000 qui
761 1929 1067 1983 renuntiant
1112 1923 1602 1997 importunitatibus
1631 1922 1948 1977 delictorum
1975 1963 1990 1988 ,
2021 1937 2128 1975 non
2157 1934 2250 1975 eos

643 2023 733 2094 qui
777 2037 836 2078 se
870 2022 1038 2092 magis
1067 2020 1389 2090 importunis
1415 2019 1626 2074 delictis
1652 2019 1998 2088 immergunt.
2049 2015 2245 2072 Custos

645 2113 797 2169 nobis
824 2113 980 2168 datus
1007 2120 1092 2168 est
1121 2113 1338 2182 Spiritus
1357 2153 1370 2175 ,
1416 2110 1509 2166 sed
1541 2118 1601 2164 ut
1627 2109 1894 2164 contraria
1926 2107 2247 2163 declinanti-

643 2208 743 2263 bus
767 2206 1069 2262 assistendo
1095 2205 1393 2270 subveniat,
1427 2219 1532 2258 non
1561 2210 1617 2257 ut
1641 2201 1904 2257 contraria
1928 2200 2247 2271 eligentibus

645 2303 858 2369 faveat;
889 2317 988 2358 nec
1018 2310 1074 2355 ut
1101 2299 1433 2355 voluntarios
1462 2307 1516 2352 et
1545 2311 1743 2367 pronos
1775 2297 1826 2349 in
1859 2294 2085 2350 adversa
2115 2308 2248 2348 con-

643 2396 825 2461 l'ortct,
860 2393 952 2450 sed
977 2401 1033 2447 ut
1062 2393 1130 2448 ab
1158 2391 1399 2446 adversis
1426 2390 1659 2444 nitentes
1684 2389 1921 2459 separari
1944 2387 2248 2443 confirmet.

643 2487 776 2542 Nam
807 2488 1129 2557 quicumque
1159 2483 1475 2554 perniciosis
1496 2481 1776 2537 conatibus
1802 2479 1963 2534 audet
1988 2492 2248 2533 exercere

643 2583 918 2645 virtutem,
947 2580 1202 2650 juvamen
1230 2592 1333 2630 non
1359 2574 1520 2630 habet
1545 2573 1776 2644 Spiritus
1797 2571 1992 2637 sancti,
2025 2569 2113 2638 qui
2147 2583 2248 2624 ne-

645 2673 846 2728 minem
870 2671 983 2727 vult
1010 2670 1312 2724 ultroneum
1338 2667 1510 2721 virum
1543 2664 1736 2720 fortem
1777 2661 1842 2716 ad
1883 2659 2250 2716 fraudulentas

644 2763 897 2818 victorias
923 2763 1187 2818 coarctari
1212 2779 1223 2814 :
1260 2774 1357 2814 nec
1386 2757 1615 2828 protegit
1644 2755 1814 2820 illum,
1835 2752 2129 2822 quinimino
2156 2749 2249 2805 sed

645 2857 864 2923 deserit,
893 2869 1048 2924 quem
1080 2852 1330 2922 periculis
1355 2849 1646 2904 irruentem
1669 2863 1766 2917 per
1793 2846 2006 2900 illicitos
2025 2855 2250 2900 eventus

644 2947 926 3017 exquirere
966 2944 1266 3015 triumphos
1311 2941 1620 3013 agnoverit;
1665 2939 1804 2994 sicut
1845 2939 1959 3007 ipse
1981 2936 2090 3007 jam
2125 2947 2252 2990 tunc

645 3055 741 3109 per
771 3039 1114 3095 Salomonem
1153 3037 1361 3092 locutus
1396 3043 1513 3100 est,
1545 3032 1732 3087 dicens
1767 3048 1778 3083 :
1812 3030 2012 3084 Amans
2040 3027 2252 3097 pericu-

647 3135 781 3199 lum,
810 3135 861 3188 in
893 3134 1011 3205 ipso
1040 3131 1256 3202 peribit.

2358 1938 2461 1977 non
2493 1923 2696 1991 possint
2729 1923 2858 1991 ipsa:
2896 1937 3016 1992 qua:
3044 1931 3170 1976 sunt
3199 1925 3462 1992 proximae
3497 1925 3614 1979 sine
3641 1925 3962 1981 famularum

2355 2018 2682 2081 ministerio,
2715 2017 2797 2071 vel
2835 2017 2953 2071 sine
2985 2017 3278 2072 amicarum
3324 2032 3446 2073 esse
3484 2019 3700 2084 solatio;
3733 2021 3968 2089 expedit

2358 2120 2415 2163 ut
2440 2110 2674 2180 migrent
2717 2109 2783 2162 ad
2829 2108 2972 2164 aliud
3000 2109 3327 2163 domicilium
3351 2161 3366 2180 ,
3408 2123 3559 2180 quam
3591 2121 3810 2180 propter
3838 2111 3966 2168 illas

2358 2215 2602 2272 persona;
2633 2201 2916 2255 contraria:
2939 2209 3241 2255 teneantur.
3275 2201 3575 2255 Humanum
3603 2211 3687 2258 est
3709 2203 3882 2268 enim,
3909 2212 3963 2257 ut

2358 2307 2459 2346 nec
2483 2294 2714 2347 clericus
2739 2292 2858 2346 illas
2883 2293 3199 2348 necessariis
3221 2291 3435 2348 feminis
3453 2293 3681 2360 fraudet,
3713 2310 3813 2350 nec
3836 2296 3965 2364 ipsa:

2356 2386 2610 2442 clericum
2631 2400 2727 2454 per
2749 2385 3081 2456 importunas
3099 2383 3324 2440 feminas
3365 2385 3664 2442 sordident.
3691 2387 3966 2458 Assiguari

2366 2487 2592 2548 possunt
2615 2477 2814 2531 sanctis
2845 2477 3181 2543 mulieribus,
3205 2492 3326 2532 cum
3358 2478 3552 2548 quibus
3577 2480 3777 2544 vivant,
3803 2479 3965 2534 dum-

2364 2570 2527 2625 modo
2549 2585 2668 2624 cum
2696 2570 2891 2624 clerico
2942 2568 3142 2624 femina
3170 2571 3313 2624 nulla
3340 2580 3698 2626 commaneat.
3719 2569 3831 2626 Non
3865 2571 3965 2626 de—

2357 2673 2558 2732 specta,
2608 2679 2712 2716 non
2750 2661 2949 2727 vetula,
2980 2664 3097 2718 sine
3121 2662 3396 2730 afﬁnitate,
3432 2664 3773 2733 peculiariter
3798 2665 3964 2720 susci-

2356 2756 2548 2827 pienda
2569 2756 2634 2810 ad
2655 2757 3007 2811 domesticum
3039 2756 3352 2825 obsequium
3385 2775 3399 2811 :
3432 2759 3554 2828 quia
3583 2760 3748 2829 magis
3771 2760 3962 2816 illicito

2354 2849 2702 2918 delinquitur,
2736 2851 2825 2904 ubi
2856 2851 2973 2905 sine
3013 2851 3321 2922 suspicione
3359 2865 3606 2906 securum
3639 2862 3812 2920 potest
3837 2867 3964 2908 esse

2355 2943 2648 3010 delictum;
2699 2946 2930 2999 maxime
2979 2945 3101 3014 quia
3149 2944 3386 3013 cupidini
3439 2945 3578 3000 nulla
3625 2945 3964 3012 deformitas,

2357 3037 2499 3091 nulla
2522 3037 2799 3108 despectio
2825 3036 3053 3102 fastidii,
3097 3038 3182 3092 vel
3206 3037 3326 3091 vilis
3359 3038 3572 3102 existit,
3595 3037 3686 3092 sed
3713 3037 3964 3092 diabolus

2366 3133 2590 3203 pingens
2619 3132 2918 3202 speciosum
2945 3130 3111 3186 efficit
3133 3129 3394 3201 quidquid
3423 3130 3624 3186 ftedum
3669 3130 3758 3186 vel
3788 3130 3962 3186 borri-

716 3225 916 3280 Ordiue
955 3239 1053 3278 suo
1081 3222 1261 3292 igitur,
1290 3234 1395 3274 non
1419 3227 1605 3272 nostro
1637 3214 1860 3270 arbitrio
1885 3212 2056 3266 virtus
2083 3211 2251 3264 sancti
2284 3233 2327 3297 ρ
2361 3227 2489 3282 dum
2522 3226 2700 3282 fuerit.

647 3321 876 3390 Spiritus
917 3317 1287 3380 ministratur,
1342 3322 1398 3368 et
1449 3309 1744 3365 secundum
1782 3307 2084 3362 institutum
2133 3304 2252 3373 ejus

648 3411 832 3482 priclia
904 3417 1307 3480 prosperantur.
1382 3403 1680 3474 Numquam
1733 3402 1834 3456 nisi
1889 3398 2253 3470 praacipitatus

649 3505 919 3559 exercitus
947 3500 1172 3567 cecidit,
1201 3499 1294 3568 qui
1320 3494 1506 3551 avidus
1537 3494 1745 3550 fortiter
1773 3493 1947 3548 facere
1982 3490 2136 3545 ducis
2163 3489 2249 3544 vel

651 3594 992 3665 imperatoris
1039 3591 1122 3645 sui
1175 3587 1556 3658 dispasitiones
1602 3586 1829 3654 irrupit;
1875 3583 2044 3637 multo
2086 3583 2255 3652 magis

651 3702 928 3760 perperam
958 3691 1144 3755 erogat
1171 3680 1534 3737 fortitudinem
1560 3720 1574 3746 ,
1605 3677 1694 3748 qui
1719 3677 1836 3731 sine
1864 3675 2028 3730 armis
2050 3675 2256 3730 doctri-

648 3799 731 3838 uae
764 3779 1002 3852 magistri
1033 3777 1265 3848 Spiritus
1290 3771 1698 3846 prtesumpscrit
1729 3769 2060 3841 triumphare
2092 3788 2104 3823 :
2132 3784 2254 3824 cum

647 3879 788 3932 dicat
820 3893 832 3928 :
867 3873 958 3927 Va:
1001 3871 1091 3942 qui
1131 3884 1226 3939 per
1255 3865 1726 3936 prtesumptionem
1751 3875 1901 3916 suam
1929 3859 2130 3931 aliquid
2167 3857 2255 3912 fa-

650 3971 817 4033 ciunt,
848 3981 954 4021 non
989 3980 1084 4033 per
1111 3964 1298 4018 Deum.

720 4083 777 4140 Si
802 4096 903 4151 qua
928 4079 1086 4150 igitur
1107 4077 1159 4130 in
1185 4075 1335 4130 vobis
1359 4082 1441 4128 est
1471 4070 1664 4125 fiducia
1691 4069 1882 4124 virium
1913 4065 2253 4136 spiritalium,

653 4176 779 4249 quid
810 4172 1085 4245 spiritales
1113 4169 1303 4224 deceat
1330 4161 1688 4220 recordemini
1715 4180 1728 4214 :
1755 4169 1806 4215 et
1837 4161 1882 4215 si
1913 4158 2132 4213 creditis
2161 4171 2259 4213 vos

652 4270 962 4341 spiritaliter
991 4265 1248 4330 n'tilitare,
1279 4259 1552 4332 agnoscite
1579 4256 1718 4326 quod
1741 4254 1997 4310 docemus
2015 4268 2120 4307 non
2139 4265 2260 4307 esse

654 4365 866 4422 carnale
892 4405 908 4432 ,
949 4361 1088 4416 sicut
1115 4357 1313 4412 Paulus
1359 4350 1632 4425 apostolus
1659 4349 1909 4418 loquitur,
1943 4346 2125 4401 dicens
2157 4363 2170 4399 :
2199 4343 2260 4400 Si

652 4460 773 4532 quis
803 4466 953 4529 putat
975 4470 1034 4510 se
1063 4450 1379 4524 prophetam
1409 4461 1554 4513 esse,
1583 4452 1674 4498 aut
1694 4441 2009 4514 spiritalem,
2033 4454 2261 4510 cognos-

547 4558 555 4566 '
653 4562 740 4610 cat
763 4567 883 4624 qute
909 4548 1085 4605 scribo
1115 4545 1288 4600 vobis.
1332 4541 1449 4597 Non
1476 4548 1559 4595 est
1586 4537 1728 4609 quod
1752 4535 1904 4590 vobis
1933 4533 1983 4587 in
2014 4533 2111 4587 hac
2139 4547 2259 4601 per-

2430 3323 2486 3380 Si
2515 3325 2636 3394 quis
2663 3333 2842 3377 autem
2868 3320 3030 3376 modo
3059 3317 3391 3391 profectione
3426 3327 3651 3388 cogente
3675 3318 3818 3387 apud
3851 3318 3959 3373 fra-

2358 3425 2466 3470 tres
2493 3457 2507 3482 ,
2539 3415 2619 3470 vel
2653 3415 2794 3484 apud
2819 3423 3106 3469 extraneos
3134 3412 3440 3482 Ιιοεβὶιειιπ,
3471 3411 3557 3464 ubi
3585 3410 3849 3464 mulieres
3879 3411 3967 3464 in-

2358 3517 2590 3572 tersunt;
2611 3509 2829 3562 omnino
2851 3522 2909 3562 se
2934 3515 3126 3571 arctet,
3145 3522 3214 3561 ne
3229 3504 3572 3576 passibilitate
3598 3503 3779 3573 aliqua
3803 3504 3969 3559 vitie-

2357 3611 2462 3655 tur.
2512 3601 2760 3656 Semotus
2779 3613 2842 3654 ac
2867 3611 3107 3654 secretus
3147 3600 3264 3654 Deo
3286 3607 3438 3653 vacet
3461 3606 3516 3651 et
3536 3596 3672 3660 sibi,
3704 3611 3775 3650 ne
3823 3596 3965 3651 intus

2360 3697 2601 3766 ctipiatur
2628 3711 2654 3747 a
2685 3694 2930 3761 diabolo;
2959 3703 3014 3748 et
3034 3693 3122 3763 qui
3147 3692 3280 3748 foris
3302 3693 3417 3762 capi
3445 3707 3552 3746 non
3581 3694 3755 3762 potuit
3776 3733 3790 3756 ,
3824 3690 3962 3760 apud

2357 3803 2485 3844 suos
2513 3787 2687 3842 cadat.
2717 3786 2816 3852 Qui
2850 3785 3033 3841 hostes
3062 3785 3266 3855 effugit,
3295 3785 3361 3839 ad
3393 3795 3602 3854 tempus
3631 3799 3728 3854 pro
3755 3782 3962 3837 saluta-

2359 3882 2505 3937 ribus
2527 3882 2704 3935 causis
2734 3881 2989 3950 procedat
3015 3879 3078 3934 ad
3113 3880 3324 3945 faciem,
3359 3888 3413 3933 et
3445 3879 3636 3933 iterum
3666 3879 3770 3932 cito
3787 3876 3966 3930 disce-

2360 3973 2490 4030 dere
2529 3973 2597 4028 de
2627 3981 2919 4042 con5pectu
2947 3971 3180 4028 festinet.
3212 3969 3422 4040 Ubique
3450 3968 3710 4039 gustanda
3733 3976 3812 4022 est
3835 3981 3963 4022 cum

2361 4064 2706 4131 mulieribus;
2755 4077 2866 4118 non
2911 4061 3270 4118 continuanda
3313 4064 3628 4131 praesentia,
3673 4058 3767 4113 sed
3809 4058 3960 4128 quasi

2362 4168 2701 4213 transeunter
2731 4156 2941 4210 feminis
2987 4154 3289 4209 exhibenda
3319 4162 3403 4208 est
3432 4151 3669 4207 accessio
3703 4150 3961 4218 quodam-

2363 4252 2524 4308 modo
2555 4251 2794 4322 fugitiva.
2824 4250 3194 4304 Protervitatis
3217 4249 3363 4303 enim
3389 4248 3498 4318 jam
3530 4255 3706 4316 empta
3728 4255 3854 4298 sunt
3877 4259 3962 4298 re-

2365 4344 2675 4416 prrcsentari
2707 4357 2921 4412 semper
2962 4342 3013 4395 in
3056 4339 3288 4396 medium
3317 4357 3330 4406 ;
3364 4349 3419 4394 et
3447 4337 3767 4410 perditionis
3793 4335 3958 4391 medi-

2363 4441 2492 4495 tatio
2547 4446 2630 4493 est
2680 4435 3122 4506 frequentativum
3178 4435 3315 4487 inter
3383 4432 3633 4486 mulieres
3679 4430 3958 4484 celebrare

2363 4544 2693 4601 processum.
2731 4529 2805 4583 De
2824 4541 2927 4596 qua
2956 4542 3013 4580 re
3040 4525 3194 4580 nobis
3218 4524 3470 4580 Salomon
3494 4522 3840 4578 moderamen
3867 4522 3962 4575 im-

653 4617 901 4701 suasiOne
953 4636 1257 4708 deceptoria
1288 4629 1634 4688 blandiamini
1661 4670 1674 4693 ,
1717 4634 1776 4681 ut
1819 4625 1943 4694 quia
1988 4623 2255 4693 spiritales
2280 4633 2333 4694 Ῑ)
2357 4627 2552 4698 posuit,
2579 4623 2765 4678 dicens
2788 4639 2803 4677 :
2827 4622 2883 4676 lu
2911 4619 3087 4676 medio
3110 4619 3391 4674 mulierum
3417 4620 3523 4674 noli
3550 4617 3805 4673 assiduus
3824 4631 3962 4671 esse.

656 4737 814 4803 estis,
848 4734 1022 4790 velitis
1070 4732 1210 4785 inter
1247 4724 1634 4798 flagitiosorum
1663 4725 1994 4773 armamenta
2025 4715 2246 4778 versari,

658 4848 754 4889 nec
777 4845 872 4888 vos
900 4826 1162 4884 inhabiles
1199 4837 1319 4878 esse
1356 4834 1450 4890 pro
1477 4816 1764 4872 clericatus
1795 4811 2093 4882 dignitate:
2127 4808 2251 4879 quia

657 4924 889 4995 majores
929 4917 1220 4990 majoribus
1246 4918 1640 4970 consueverunt
1670 4906 2037 4962 conflictiones
2068 4915 2254 4957 occur-

655 5035 794 5076 rere.
829 5017 1019 5072 Acrius
1039 5011 1297 5068 divitibus
1337 5015 1497 5077 quam
1527 4999 1848 5074 pauperibus
1879 4995 2167 5061 invidetur,
2201 5001 2257 5049 et

655 5129 761 5171 non
810 5113 1018 5180 inopes,
1064 5103 1161 5161 sed
1191 5100 1486 5172 locupletes
1532 5094 1792 5167 inquietat
1817 5090 2091 5146 infestatio
2113 5103 2254 5144 saeva

2359 4721 2448 4775 Sic
2479 4719 2637 4789 igitur
2667 4715 2934 4771 ambulate
2957 4753 2973 4774 ,
3002 4714 3082 4768 sic
3108 4713 3249 4782 agite
3271 4753 3287 4778 ,
3323 4721 3381 4764 ut
3421 4725 3635 4780 semper
3666 4710 3717 4764 in
3759 4707 3964 4764 clericis

2354 4811 2611 4866 Ecclesiae
2632 4818 2848 4864 senatus
2874 4805 3136 4861 candidus
3165 4812 3396 4860 constet.
3429 4803 3705 4859 Severitas
3726 4803 3782 4857 in
3809 4800 3962 4856 vobis

2355 4906 2496 4960 circa
2529 4903 2756 4960 feminas
2801 4904 2999 4972 vigeat,
3029 4900 3320 4954 auctoritas
3349 4899 3569 4971 polleat,
3602 4897 3757 4968 vigor
3789 4907 3968 4952 tenea-

2361 5007 2464 5062 tur,
2493 4997 2728 5068 gravitas
2757 5001 3073 5050 veneretur.

2430 5090 2497 5147 Ut
2528 5091 2697 5146 semel
2735 5087 2914 5143 omnia
2941 5088 3258 5158 colligamus
3287 5083 3352 5138 ad
3385 5082 3680 5140 clausulam
3705 5124 3722 5151 ,
3758 5081 3971 5138 brevia-

1977 5203 2154 5259 EDIT.
2179 5202 2385 5261 OXON.
2414 5205 2642 5261 ΝΟΤᾹΞ.

731 5320 799 5377 Ut
830 5316 1088 5390 providos,
1118 5331 1219 5369 non
1260 5320 1315 5366 ut
1353 5305 1896 5390 prazcip‘itesItu'elatur‘.

655 5373 1022 5452 cumhiorelio
1051 5373 1117 5444 ex
1147 5393 1256 5442 vet.
1288 5373 1405 5439 exc.
1431 5389 1484 5436 et
1509 5373 1810 5452 Bemboldo
1834 5377 1913 5437 ut,
1945 5373 2141 5424 omissa
2171 5377 2255 5423 ta-

656 5450 782 5523 men
808 5479 940 5519 voce
965 5476 1055 5514 nos
1081 5475 1098 5514 :
1123 5473 1243 5514 cum
1276 5455 1485 5510 iisdem.
1512 5450 1752 5523 Paust..__
1801 5514 1817 5523 _
2010 5511 2043 5523 η
2116 5511 2126 5522 ,

728 5511 1349 5602 ἶςοιίιῖἶεννῖξιξέγέαυσίδ,
1391 5534 1497 5582 etc.
1545 5523 1681 5577 Cum
1718 5514 1911 5572 iisdem
1961 5511 2254 5583 adjecimus

658 5611 873 5683 fortiter.
917 5606 1123 5683 Putet.
1429 5668 1468 5683 η
1745 5656 2048 5683 “unum,

731 5681 897 5736 Multo
920 5679 1082 5749 magis
1111 5687 1392 5749 perperam.
1429 5668 1695 5749 Hactenus
1741 5665 2256 5749 corruptissime

1110 5738 1392 5803 Reniboldi
1469 5741 1743 5810 legclatur
1801 5747 1890 5803 per
1946 5738 2256 5810 _pertturtmt.

659 5755 788 5809 vitio
849 5751 1049 5806 codicis

1946 5802 2146 5854 PAMEL.

751 5893 910 5964 QuidI
932 5890 1186 5965 spiritales
1250 5885 1454 5950 deceat,
1528 5878 1879 5936 recordemini.
1936 5870 2264 5930 Remboldus

2359 5300 2537 5354 denuo
2562 5306 2814 5365 corrupte
2843 5296 3156 5363 recordetur,
3184 5310 3282 5365 pro
3337 5309 3444 5365 quo
3493 5294 3754 5350 Erasmus
3798 5309 3962 5347 recor-

2360 5372 2557 5425 demur.
2586 5374 2655 5425 At
2685 5367 2815 5423 illud
2847 5371 3134 5439 genuinum
3166 5379 3267 5423 est.
3293 5367 3499 5423 PAMEL.

2433 5440 2575 5496 Inter
2609 5438 2987 5512 flagitiosum":
3030 5450 3366 5497 (irritamenta.
3421 5439 3762 5510 Reposuerat
3802 5438 3969 5493 Eras-

2362 5529 2484 5568 mus
2509 5511 2761 5567 armenta.
2806 5511 3010 5564 PauEL.

2437 5585 2805 5639 Protervitatis.
2851 5582 2985 5636 Male
3016 5580 3132 5636 haec
3176 5583 3483 5646 cohairent;
3526 5597 3625 5636 nec
3658 5590 3972 5650 promptum

2359 5666 2441 5712 est
2467 5657 2734 5726 conjicere
2778 5653 2903 5725 qnid
2946 5652 3046 5706 sibi
3074 5653 3232 5726 veliti
3257 5655 3486 5726 scriptor
3520 5654 3603 5726 hic
3638 5653 3971 5726 :rqui_ctiam

2361 5730 2417 5784 S.
2453 5722 2754 5791 Scripturas
2781 5722 2916 5794 quas
2947 5724 3142 5794 passim
3175 5725 3420 5787 adducit,
3457 5739 3550 5791 pro
3575 5722 3731 5779 libitu
3773 5722 3969 5778 detor-

2363 5808 2509 5872 quet.
2548 5797 2766 5854 Videtur
2792 5811 2887 5867 per
2909 5805 3074 5866 carpta
3101 5796 3397 5866 intelligere
3421 5795 3587 5849 initia.

3854 325 3977 385 868
