4214 6266
258 355 364 412 869

1272 341 1358 410 DE
1399 351 1748 412 DUODECIM
1788 345 2239 414 ABUSIONIBUS
2279 344 2571 413 SIECULI.

3462 351 3565 412 870

259 472 397 528 rium
428 469 718 540 relegimus
756 469 930 536 vobis,
963 467 1106 540 quod
1133 467 1197 523 ad
1226 469 1663 539 compendiosam
1697 470 1868 539 plcni-
1895 475 1946 532 Α
1973 485 2325 541 quzrcttntque
2366 470 2522 525 bona:
2562 469 2748 536 famm,
2784 469 2826 523 si
2868 482 2968 538 qna
3001 467 3169 524 virtus
3194 510 3210 535 ,
3243 469 3284 523 si
3318 485 3420 539 qna
3455 471 3568 527 laus

256 564 496 620 tudinem
525 562 774 633 redigens
807 563 1002 618 Paulus
1041 562 1314 633 apostolus
1335 563 1574 618 insinuat
1603 580 1617 617 :
1653 563 1728 617 De
1751 579 1859 619 cre-

260 669 398 724 tero,
434 656 647 723 fratres,
675 673 1026 728 quaecumque
1058 667 1182 712 sunt
1209 671 1356 724 vera,
1384 672 1737 728 quascumque
1761 671 1858 727 pu-

263 753 421 820 dica,
472 767 825 823 qua-cumque
885 761 1110 820 sancta,
1162 767 1514 822 quaecumque
1569 751 1859 820 amabilia,

1963 564 2258 634 disciplinae
2280 606 2294 630 ,
2319 565 2431 619 Iure
2453 565 2682 634 cogitate
2709 580 2824 633 qnzr
2847 563 3129 631 accepistis
3155 603 3168 622 .
3200 571 3254 616 et
3283 561 3566 631 didicistis,

1967 668 2021 714 et
2045 657 2289 722 audistis,
2317 667 2369 711 et
2397 656 2603 710 vidiStis
2627 657 2677 709 in
2704 671 2806 710 me.
2833 655 2959 709 Haec
2977 655 3150 726 agite;
3186 663 3239 709 et
3264 654 3402 710 Deus
3429 655 3572 725 pacis

1967 762 2022 807 et
2050 751 2353 806 dilectionis
2380 750 2483 805 erit
2514 749 2810 804 vobiscum.
2844 750 3034 804 Amen.

969 1061 1098 1188 DE
1181 1061 1693 1192 DUODECIM
1777 1049 2444 1194 ABUSIONIBUS
2527 1066 2893 1198 SlECULI

1571 1311 2250 1400 TRACTATUS,

379 1505 1026 1591 PERPERAM
1075 1500 1670 1590 CYPRIANO
1733 1503 1880 1584 ET
1955 1501 2653 1588 AUGUSTINO
2712 1503 3473 1593 ADSCRIPTUS.

813 1855 1038 1933 CAPUT
1082 1873 1365 1930 PRIMUM.

348 2015 558 2070 Primus
599 2013 872 2069 abusionis
898 2012 1094 2084 gradus
1121 2019 1203 2066 est
1226 2053 1241 2076 ,
1289 2009 1334 2064 si
1362 2009 1479 2064 sine
1514 2007 1669 2061 bonis
1700 2006 1877 2074 operi-

278 2113 375 2165 bus
406 2111 622 2180 sapiens
669 2117 722 2162 et
752 2107 1070 2178 przrdicator
1102 2105 1281 2173 fuerit,
1319 2105 1407 2174 qui
1440 2102 1582 2172 quod
1627 2116 1878 2155 sermone

277 2204 469 2268 docet,
516 2201 722 2256 actibus
745 2200 960 2270 explere
989 2197 1219 2268 negligit.
1270 2195 1557 2249 Auditores
1579 2192 1718 2248 enim
1751 2190 1880 2245 doc-

276 2297 432 2350 trinae
462 2338 476 2362 ,
510 2296 649 2349 dicta
699 2292 873 2348 facere
912 2298 1263 2346 contemnunt
1292 2331 1305 2353 ,
1349 2303 1471 2342 cum
1512 2285 1879 2357 prmdicatoris

276 2405 439 2461 opera
467 2405 495 2442 a
542 2384 936 2457 praedicationis
962 2384 1139 2438 verbis
1172 2382 1480 2451 discrepare
1519 2379 1877 2449 conspiciunt.

276 2481 575 2550 Numquam
605 2479 747 2532 enim
802 2475 857 2529 ﬂt
901 2473 1091 2529 eﬂlcax
1137 2472 1514 2527 constituentis
1562 2469 1877 2534 auctoritas,

277 2573 380 2628 nisi
411 2587 528 2626 eam
554 2568 746 2624 eﬂ‘ectu
774 2568 952 2636 operis
977 2565 1124 2620 cordi
1151 2565 1379 2618 al’tixerit
1405 2561 1670 2616 audientis
1695 2604 1709 2626 ,
1745 2577 1881 2629 prte-

279 2665 466 2720 sertim
511 2676 632 2716 cum
681 2671 733 2715 et
779 2659 892 2728 ipse
923 2657 1131 2724 doctor,
1185 2655 1230 2710 si
1273 2656 1326 2709 in
1366 2654 1614 2709 vitiorum
1642 2669 1881 2709 amorem

280 2757 532 2825 delapsus
560 2753 738 2818 luerit,
780 2752 1000 2806 alterius
1035 2749 1270 2804 doctoris
1297 2747 1744 2801 medicamentum
1773 2746 1883 2800 suis

280 2848 594 2904 vulneribus
641 2845 894 2900 adhibere
937 2843 1290 2914 parvipendit.
1334 2841 1486 2897 Unde
1537 2851 1590 2895 et
1636 2841 1749 2908 ipse
1778 2841 1886 2896 Do.

281 2943 461 2997 minus
482 2942 534 2994 in
567 2939 858 3007 Evangelio
884 2938 952 2992 de
981 2937 1223 2991 doctrina
1257 2937 1455 3006 pariter
1474 2944 1529 2990 et
1560 2935 1701 2988 bono
1721 2948 1885 3003 Opere

277 3036 551 3089 instruere
580 3034 769 3086 volens
806 3030 1100 3100 discipulos
1121 3071 1135 3096 ,
1166 3029 1376 3099 qualem
1411 3029 1460 3082 in
1505 3028 1588 3081 his
1616 3027 1882 3081 cautelam

284 3128 545 3183 baberent
577 3124 939 3189 admonebat,
972 3123 1158 3177 dicens
1185 3139 1199 3176 :
1247 3121 1398 3188 Quod
1427 3122 1472 3175 si
1498 3121 1578 3175 sat
1605 3120 1882 3186 evanuerit,

281 3225 336 3277 in
361 3240 460 3294 quo
479 3221 688 3274 satietur
718 3218 934 3292 (Matth.
958 3233 1008 3282 v,
1044 3216 1178 3288 l5)?
1235 3216 1344 3270 lloc
1374 3224 1473 3281 est,
1509 3215 1551 3268 si
1579 3214 1770 3268 doctor
1796 3228 1885 3268 er-

288 3316 507 3381 raverit,
531 3328 560 3367 a
592 3326 700 3383 quo
730 3314 922 3366 iterum
947 3310 1170 3364 doctore
1199 3307 1608 3363 emendabitur?
1635 3304 1702 3360 Et
1729 3307 1768 3360 si
1801 3307 1884 3360 ta-

289 3423 425 3473 men,
451 3406 585 3474 quod
612 3407 664 3458 in
687 3413 733 3458 te
753 3413 844 3467 est,
869 3403 1085 3457 tenebraz
1109 3411 1262 3463 sunt;
1292 3400 1418 3464 ipsa:
1445 3399 1660 3454 tenebrae
1687 3407 1886 3469 quanta:

281 3508 432 3552 erant
487 3496 702 3570 (Matth.
750 3511 801 3549 vt
829 3535 842 3558 ,
879 3493 1017 3566 2'5)?
1057 3493 1112 3548 Si
1139 3507 1366 3562 namque
1393 3492 1577 3547 oculus
1613 3506 1642 3545 a
1673 3488 1887 3544 videndi

289 3589 474 3644 ofﬁcio
499 3588 751 3653 desierit;
783 3588 903 3656 quis
927 3599 956 3639 a
979 3599 1138 3639 manu
1160 3627 1175 3652 ,
1206 3583 1343 3639 vela
1385 3585 1520 3653 pede
1540 3625 1553 3649 ,
1586 3583 1670 3636 vel
1697 3598 1726 3636 a
1755 3582 1884 3637 reli-

283 3698 397 3755 quo
441 3695 670 3752 corpore
706 3680 836 3736 illud
877 3679 1231 3734 ministerium
1277 3677 1492 3749 exiget?
1545 3679 1886 3745 Quapropter

287 3776 542 3830 doctores
570 3772 842 3843 cogitent,
887 3787 958 3826 ne
993 3770 1237 3839 ampliori
1269 3770 1515 3824 vindicta:
1551 3768 1885 3837 subjaceant,

287 3869 331 3924 si
364 3867 606 3937 plurimis
640 3863 954 3935 perditionis
981 3863 1316 3917 occasionem
1359 3862 1713 3915 abundantius
1754 3873 1887 3928 pra:-

288 3970 450 4016 stent.
504 3959 638 4014 Nam
679 3969 733 4014 et
775 3960 888 4028 ipse
931 3958 1183 4011 Salomon
1227 3955 1353 4011 dum
1392 3955 1575 4009 multa:
1606 3954 1887 4024 sapientitc

289 4053 767 4124 transgressionem
815 4050 1040 4106 incurrit
1070 4091 1085 4115 ,
1137 4050 1302 4104 totius
1356 4047 1666 4104 Israeliticae
1719 4047 1888 4116 plebis

289 4149 438 4218 regni
469 4147 860 4217 dispersionem
890 4144 1056 4199 solius
1083 4143 1163 4197 sui
1201 4143 1396 4198 merito
1442 4143 1708 4212 praestitit.
1751 4141 1881 4206 Qui-

291 4241 390 4294 bus
409 4255 537 4309 ergo
557 4239 964 4294 committuntur
990 4237 1174 4301 multa,
1197 4235 1399 4304 majora
1427 4233 1685 4304 perdunt;
1712 4233 1755 4287 si
1785 4246 1889 4286 non

291 4339 439 4387 recte
464 4331 889 4400 dispensaverint
916 4329 1142 4383 rectoris
1173 4329 1252 4382 sui
1283 4343 1525 4392 munera,
1560 4342 1679 4397 quae
1701 4341 1890 4396 perce-

295 4434 510 4494 perunt.
537 4421 636 4476 Cui
665 4423 807 4477 enim
851 4421 970 4490 plus
1006 4422 1359 4476 committitur
1385 4420 1454 4476 ab
1481 4435 1544 4474 eo
1582 4420 1700 4490 plus
1729 4419 1894 4488 exigi-

296 4526 403 4572 tur.
460 4513 528 4569 Et
567 4531 742 4570 servus
779 4515 865 4583 qui
903 4515 1096 4569 domini
1137 4517 1214 4569 sui
1262 4515 1571 4568 voluntatem
1608 4511 1895 4583 intelligens

299 4627 400 4665 non
444 4610 602 4679 facit,
649 4609 932 4662 acrioribus
967 4617 1012 4663 et
1053 4609 1369 4680 gravioribus
1398 4606 1620 4680 ﬂagellis
1659 4607 1897 4661 vindictae

298 4701 560 4773 vapulabit
585 4699 739 4774 (Luc.
764 4715 856 4768 xu,
876 4699 994 4771 47).

943 4861 1172 4920 CAPUT
1204 4863 1268 4918 ll.

376 5027 655 5086 Secundus
701 5029 976 5086 abusionis
1025 5006 1226 5101 gradus
1256 5035 1375 5098 est,
1414 5027 1459 5084 si
1495 5027 1614 5083 sine
1652 5023 1910 5096 religione

1908 1867 1955 1926 B
1984 1879 2144 1920 senex
2178 1879 2298 1920 esse
2347 1866 2662 1921 inveniatur.
2713 1867 2810 1923 Cui
2853 1884 2973 1924 cum
3020 1871 3259 1928 membra
3300 1874 3585 1930 exterioris

1983 1958 2213 2012 hominis
2261 1969 2631 2024 veterascnnt;
2668 1961 2807 2015 vires
2835 1963 3034 2029 animi,
3065 1963 3114 2018 id
3155 1977 3267 2028 est,
3310 1964 3584 2022 interioris

1981 2051 2213 2105 hominis
2259 2053 2534 2118 membra,
2588 2054 2916 2108 incrementa
2956 2056 3166 2111 roboris
3200 2072 3304 2112 non
3345 2059 3584 2129 capiunt.

1982 2144 2107 2198 Plus
2157 2145 2298 2199 enim
2349 2146 2599 2202 omnibus
2647 2149 2886 2217 religioni
2931 2164 3148 2218 operam
3190 2151 3321 2208 dare
3363 2153 3586 2207 senibus

1981 2241 2238 2308 competit
2262 2282 2274 2304 ,
2307 2255 2443 2310 quos
2477 2242 2760 2310 prmsentis
2800 2242 2982 2296 sa'culi
3027 2243 3212 2298 ﬂorida
3248 2256 3376 2299 a-tas
3409 2257 3586 2301 trans-

1985 2345 2100 2388 acta
2129 2333 2387 2389 deseruit.
2440 2333 2592 2390 Sicut
2641 2351 2872 2404 namque
2921 2337 2972 2390 in
3017 2338 3173 2409 lignis
3201 2340 3310 2408 ipsa
3358 2340 3587 2410 reproba

1993 2425 2156 2480 arbor
2207 2436 2503 2496 comparet,
2561 2442 2680 2496 quae
2724 2440 2841 2498 post
2895 2427 3054 2484 ﬂores
3107 2429 3311 2484 fructus
3355 2434 3587 2501 optimos

1990 2519 2180 2572 cultori
2219 2534 2317 2573 suo
2345 2535 2450 2573 non
2477 2520 2699 2575 exhibet
2730 2540 2742 2574 :
2772 2521 2849 2575 sic
2876 2533 2928 2576 et
2958 2523 3006 2576 in
3038 2522 3343 2578 hominibus
3375 2524 3587 2594 ipsere-

1991 2611 2190 2680 prohns
2219 2621 2299 2666 est
2319 2653 2332 2678 ,
2360 2627 2518 2681 quem
2556 2611 2967 2683 ﬂosjnventutis
2995 2617 3318 2682 deseruit,et
3342 2626 3516 2672 tamen
3537 2618 3590 2673 in

1995 2702 2078 2756 sui
2122 2704 2364 2773 corporis
2418 2714 2726 2770 senectute,
2775 2707 3034 2762 bonorum
3085 2725 3306 2779 opermn
3353 2719 3590 2766 maturos

1986 2792 2192 2849 fructus
2246 2795 2486 2865 proferre
2539 2798 2892 2868 parvipendit.
2951 2797 3087 2867 Quid
3143 2802 3283 2856 enim
3344 2802 3592 2857 stolidius

1991 2887 2104 2942 ﬂeri
2140 2891 2352 2958 potest;
2391 2892 2434 2944 si
2482 2905 2633 2946 mens
2671 2891 2736 2946 ad
2770 2891 3149 2962 perfectionem
3198 2895 3453 2951 festinare
3485 2910 3592 2950 non

1989 2981 2312 3047 contendat,
2369 2983 2582 3052 quando
2636 2985 2800 3038 totius
2850 2986 3090 3053 corporis
3144 2987 3352 3039 habitus
3401 3000 3593 3041 senec-

1992 3084 2104 3129 tute
2133 3073 2410 3131 conlectus
2437 3075 2500 3130 ad
2534 3077 2804 3132 interitum
2835 3078 3122 3148 properat?
3151 3078 3284 3133 Dum
3325 3079 3466 3133 oculi
3496 3093 3592 3133 ca-

1991 3167 2194 3239 ligant,
2225 3183 2384 3224 aures
2421 3169 2661 3239 graviter
2690 3171 2910 3225 audiunt
2931 3214 2945 3237 ,
2980 3171 3158 3240 capilli
3193 3171 3394 3237 ﬂuunt,
3426 3169 3590 3227 facies

1911 3251 1958 3315 C
1991 3261 2044 3314 in
2083 3261 2337 3330 pallorem
2379 3271 2634 3328 mutatur,
2682 3263 2872 3318 dentes
2903 3264 3037 3334 lapsi
3074 3279 3298 3319 numero
3339 3266 3594 3318 minuun-

1993 3363 2098 3419 tur,
2126 3357 2262 3410 cutis
2289 3357 2502 3422 arescit,
2534 3355 2691 3412 ﬂatus
2717 3374 2822 3412 non
2851 3357 3085 3414 suaviter
3110 3359 3239 3423 olet,
3271 3366 3456 3427 pectus
3487 3359 3597 3412 sul-

1993 3444 2222 3513 l‘ocatur,
2268 3448 2428 3501 tussis
2455 3449 2779 3514 cachinnat,
2822 3465 2990 3519 genua
3034 3450 3299 3520 trepidant
3329 3493 3344 3518 ,
3379 3449 3515 3505 talos
3543 3459 3598 3505 et

1994 3540 2158 3609 pedes
2192 3551 2368 3595 tumor
2399 3540 2585 3608 inﬂat;
2619 3547 2780 3598 etiam
2807 3543 2971 3598 homo
3008 3545 3232 3600 interior
3259 3545 3346 3615 qni
3377 3559 3480 3600 non
3511 3561 3596 3600 sc-

1999 3633 2188 3698 nescit,
2221 3631 2304 3686 his
2335 3634 2583 3688 omnibus
2611 3645 2950 3705 aggr‘avatur.
2981 3635 3049 3690 Et
3073 3634 3188 3692 [uec
3216 3638 3395 3692 omnia
3425 3639 3598 3692 ruitu-

1995 3740 2107 3779 ram
2150 3725 2479 3795 jamjamque
2521 3727 2739 3781 domum
2793 3729 3035 3797 corporis
3075 3731 3181 3782 cito
3213 3731 3596 3798 prtenuntiant.

1995 3815 2132 3884 Quid
2174 3832 2301 3887 ergo
2327 3829 2593 3888 superest,
2630 3819 2728 3873 nisi
2771 3829 2828 3873 ut
2863 3821 2990 3874 dum
3023 3821 3180 3890 hujus
3211 3823 3330 3876 vitm
3358 3822 3601 3879 delectus

1996 3911 2407 3981 appropinquat,
2442 3911 2574 3966 nihil
2603 3912 2743 3967 aliud
2770 3915 3006 3984 cogitare
3030 3929 3189 3985 quam
3218 3915 3488 3985 quomodo
3507 3914 3596 3970 l‘u~

1997 4013 2114 4059 tttra
2163 4003 2422 4058 habitatio
2482 4020 2738 4075 prospere
2790 4006 3318 4078 comprehendatur,
3375 4007 3603 4080 quisque

2000 4113 2164 4152 senex
2215 4096 2466 4167 appetat?
2504 4096 2799 4153 Juvenibus
2831 4098 2972 4154 enim
3019 4101 3254 4156 incertus
3285 4101 3443 4172 hujus
3484 4103 3605 4158 vita:

2000 4189 2264 4242 terminus
2314 4189 2518 4253 instat,
2553 4190 2773 4246 senibus
2819 4208 2947 4247 vero
2991 4193 3198 4249 cunctis
3247 4194 3509 4249 maturior
3537 4209 3604 4250 ex

1997 4281 2101 4337 hac
2145 4282 2261 4337 lace
2309 4281 2484 4339 exitus
2527 4284 2763 4341 breviter
2817 4287 3128 4341 concordat.
3180 4286 3443 4341 Cavendac
3484 4293 3608 4340 sunt

2001 4387 2131 4445 ergo
2163 4373 2365 4428 homini
2395 4374 2514 4431 dure
2549 4377 2853 4447 particular,
2902 4394 3020 4449 qut?
3049 4380 3101 4433 in
3135 4379 3278 4433 illius
3305 4393 3468 4434 carne
3499 4394 3605 4432 non

2001 4476 2382 4536 vetcrascunt,
2414 4478 2469 4522 et
2497 4478 2664 4524 totum
2694 4469 2965 4526 hominem
2994 4487 3178 4528 secum
3217 4472 3282 4526 ad
3329 4480 3609 4542 peccatum

2006 4559 2354 4628 pertralnmt;
2405 4578 2499 4618 cor
2525 4562 2776 4620 videlicet
2806 4573 2860 4620 et
2897 4565 3073 4636 lingua
3107 4583 3118 4619 :
3168 4567 3289 4636 quia
3319 4580 3414 4620 cor
3445 4579 3611 4620 novas

1926 4651 2612 4724 Dsetnper‘eogilationes
2652 4656 2943 4710 macltinari
2999 4671 3101 4711 non
3149 4655 3385 4722 desinit;
3432 4655 3613 4726 lingua

2009 4745 2235 4816 impigre
2266 4744 2520 4816 loquitur,
2548 4747 2924 4818 quodcumque
2966 4748 3259 4803 machinari
3291 4763 3386 4803 cor
3428 4762 3613 4803 seuse—

2008 4838 2097 4890 rit.
2128 4835 2328 4891 Caveat
2375 4851 2504 4906 ergo
2530 4838 2716 4892 senilis
2747 4848 2878 4893 actas
2899 4880 2914 4904 ,
2944 4855 3013 4895 ne
3059 4840 3174 4895 ista:
3198 4839 3615 4910 juvenescentes

2010 4929 2283 4999 particnlte
2317 4937 2482 4984 totam
2513 4931 2591 4985 sui
2621 4930 2953 4986 harmoniam
2983 4931 3273 5002 decipiant,
3316 4943 3368 4988 et
3397 4948 3492 5003 per
3524 4945 3614 4987 res

2011 5021 2224 5093 ineptas
2251 5021 2440 5092 reliqui
2482 5024 2727 5094 corporis
2754 5025 3074 5095 gravitatem
3107 5025 3351 5082 illudant.
3397 5023 3621 5083 Unicui-

1532 5155 1772 5215 STEPH.
1817 5151 2093 5212 BALUZII
2131 5151 2360 5210 NOTAE.

379 5279 509 5336 CAP.
540 5279 581 5335 l.
601 5278 1066 5334 ——Constituentis.
1121 5275 1460 5333 Ptvedicantis
1498 5275 1641 5347 apud
1667 5276 1916 5346 Augusti-

311 5369 460 5416 num,
481 5362 612 5406 tom.
660 5350 712 5404 6.
748 5351 912 5407 Paulo
939 5362 1061 5406 ante
1088 5351 1229 5421 apud
1257 5349 1506 5404 eumdem
1533 5347 1805 5420 complere.

392 5424 637 5477 Hectoris.
670 5421 970 5492 Largitoris,
1003 5423 1125 5477 cod.
1155 5422 1521 5477 Corbeiensis.

392 5494 454 5548 Et
484 5489 815 5566 gravioribus.
862 5491 952 5549 Sic
984 5494 1090 5548 duo
1137 5494 1346 5548 codices
1388 5508 1520 5566 mss.
1555 5491 1687 5566 Reg.
1721 5499 1772 5566 et
1799 5489 1918 5543 Col-

314 5563 450 5620 bert.
483 5561 653 5619 Aliter
686 5567 736 5618 in
782 5566 910 5620 edit.
952 5566 1228 5619 acrioribus
1259 5564 1478 5635 ﬂagellis
1509 5561 1919 5632 gravioribusque

313 5637 548 5691 vindictis
587 5639 869 5705 vapulabit.
924 5636 1087 5691 Paulo
1133 5645 1256 5690 ante
1309 5637 1449 5705 apud
1489 5636 1627 5704 Aug.
1679 5636 1787 5687 solo
1826 5648 1920 5685 suo

317 5721 515 5762 merito.

390 5783 518 5833 (Lar.
553 5779 617 5833 ll.
641 5811 707 5820 —-
737 5777 1005 5849 Contpetit.
1042 5777 1281 5832 Convenit
1325 5777 1464 5847 apud
1495 5778 1631 5844 Aug.

396 5851 650 5909 Deseruit.
695 5846 894 5907 Deserit
932 5852 987 5906 in
1015 5851 1224 5907 duobus
1257 5846 1388 5907 mss.
1423 5861 1476 5905 et
1509 5848 1714 5917 Morell.
1753 5846 1806 5902 ltt
1839 5859 1924 5902 se-

2021 5273 2204 5351 quenti
2249 5271 2474 5351 periodo
2513 5273 2761 5351 similiter
2800 5275 3024 5351 legimus
3062 5286 3120 5333 ut
3145 5277 3284 5349 apud
3312 5280 3450 5351 Aug.
3479 5279 3622 5336 dese-

2020 5346 2160 5409 rtn‘t,
2191 5347 2433 5414 quamvis
2463 5346 2669 5416 legatur
2722 5346 2906 5403 deserit
2959 5352 3009 5405 in
3057 5346 3334 5408 codicibus
3383 5346 3514 5408 mss.
3567 5361 3624 5409 ct

2023 5416 2182 5488 editis
2207 5433 2428 5488 operum
2459 5417 2731 5488 Cypriani.

2100 5487 2285 5564 Quani.
2318 5487 2463 5542 Hanc
2489 5487 2672 5564 vocem
2703 5489 2879 5544 addidi
2911 5507 2973 5547 ex
3001 5492 3129 5548 edit.
3163 5494 3281 5564 Aug
3326 5492 3415 5549 ubi
3446 5495 3524 5551 sic
3549 5495 3621 5552 le-

2024 5560 2166 5682 gitur
2194 5578 2207 5614 :
2241 5560 2410 5624 Quam
2437 5562 2690 5626 quomodo
2726 5566 2911 5632 futura:
2948 5565 3120 5619 aditus
3147 5560 3361 5636 propere
3395 5583 3625 5636 compre-

2045 5631 2299 5682 tt'ltdtllttt'.
2337 5631 2390 5682 [Il
2433 5631 2552 5682 cod.
2589 5634 2750 5682 Corli.
2795 5636 2980 5682 fulurm
3014 5635 3186 5682 aditus
3237 5639 3624 5682 nrnxnprilmis:

2045 5631 2299 5707 tettdatur.
2337 5631 2390 5707 In
2419 5631 2552 5707 _cod.
2589 5634 2750 5687 Corb.
2792 5636 2980 5706 futura:
3014 5631 3186 5690 aditus
3234 5631 3624 5707 prosperitatis;

2025 5702 2270 5783 eamdem
2303 5703 2591 5756 editionent
2635 5702 2911 5783 sequimur
2938 5709 2987 5761 in
3018 5709 3136 5762 aliis
3171 5702 3443 5765 nonnullis
3472 5702 3625 5783 locis,

2029 5771 2097 5826 de
2119 5771 2312 5840 quibus
2335 5789 2554 5828 necesse
2582 5791 2685 5828 non
2715 5771 2798 5830 est
2821 5777 3132 5834 admonere.

2099 5842 2306 5900 Secum.
2345 5844 2502 5902 Deest
2531 5860 2594 5902 ea
2624 5861 2728 5904 vox
2757 5848 2812 5904 in
2842 5850 3057 5911 duobus.
3078 5866 3208 5909 mss.
