4202 6272
726 344 827 403 871

722 556 938 628 dignum
959 558 1063 626 sit;
1093 569 1151 615 ut
1168 561 1268 617 hoc
1290 574 1433 634 agat,
1459 566 1600 635 quod
1626 583 1727 625 nec
1746 576 1931 643 vitam,
1958 590 2060 632 nec
2078 585 2315 649 aetatem,

720 662 823 704 nec
850 650 1207 708 ministerium
1236 653 1344 711 vile
1372 656 1579 714 reddat.

1308 787 1538 847 CAPUT
1574 791 1660 849 Ill.

789 917 1002 977 Tertius
1062 921 1336 981 abusionis
1384 929 1581 999 gradus
1642 931 1724 986 est
1758 973 1775 1000 ,
1834 933 2149 996 adolescens
2200 939 2317 996 sine
2356 1010 2361 1015 κ

715 1012 1053 1083 obedientia;
1120 1032 1227 1089 quo
1276 1020 1510 1077 mundus
1551 1038 1582 1078 a
1635 1034 1785 1081 recto
1847 1030 2072 1087 rationis
2125 1033 2315 1091 ordine

714 1105 1058 1177 depravatur.
1089 1109 1332 1177 Qualiter
1355 1128 1585 1186 namque
1609 1117 1661 1171 in
1690 1129 1966 1179 senectute
2004 1124 2124 1181 aliis
2151 1126 2311 1182 mini-

714 1198 936 1254 sterium
971 1200 1272 1272 imperabit,
1300 1206 1390 1275 qui
1428 1207 1479 1261 in
1522 1206 1880 1267 adolescentia
1923 1229 1981 1269 se
2011 1217 2315 1275 senioribus

711 1290 1050 1349 obedientem
1078 1294 1336 1353 exhibere
1364 1301 1693 1355 contemnit?
1740 1301 1891 1359 Unde
1920 1317 1974 1361 et
2014 1308 2067 1363 in
2095 1325 2314 1380 prover-

710 1382 801 1439 hio
842 1385 981 1453 apud
1024 1398 1236 1443 veteres
1282 1389 1527 1457 habetur,
1572 1393 1715 1463 quod
1759 1395 2020 1455 dominari
2060 1413 2310 1473 nequeat,

708 1479 798 1549 qui
827 1480 973 1550 prius
1000 1482 1157 1537 alicui
1184 1486 1495 1541 servitutem
1534 1491 1778 1558 pra-here
1806 1493 2053 1566 denegat.
2086 1498 2312 1570 Propter

706 1570 849 1641 quod
868 1580 925 1627 et
947 1571 1203 1631 Dominus
1220 1574 1376 1632 Jesus
1394 1578 1445 1633 in
1471 1582 1803 1652 temporibus
1829 1600 1941 1640 sum
1962 1590 2159 1655 carnis,
2179 1591 2305 1647 dum

707 1663 884 1722 adhuc
909 1667 978 1723 ad
1005 1668 1297 1739 legitimam
1326 1680 1539 1730 aetatem
1569 1675 1808 1735 doctoris
1834 1696 1942 1736 non
1968 1697 2308 1758 pervenerat,

704 1757 1021 1815 obedienter
1058 1757 1511 1822 ministratioﬁem
1541 1771 1856 1838 parentibus
1885 1775 1998 1830 suis
2039 1757 2305 1847 praestitit.

705 1851 856 1909 Sicut
881 1868 1011 1926 ergo
1041 1855 1093 1911 in
1129 1858 1348 1914 senibus
1374 1861 1638 1918 sobrietas
1658 1905 1675 1931 ,
1704 1875 1761 1921 et
1790 1882 2001 1924 morum
2046 1872 2304 1941 perfectio

702 1947 990 2017 requiritur
1023 1966 1036 2001 :
1066 1948 1138 2004 ita
1179 1950 1339 2006 etiam
1386 1951 1440 2008 in
1466 1953 1916 2028 adolescentibus,
1948 1961 2261 2035 obsequium
2281 2006 2299 2035 ,

700 2047 756 2095 et
780 2038 1065 2112 subjectio,
1088 2052 1142 2099 et
1163 2042 1468 2102 obedientia
1491 2048 1594 2104 rite
1617 2047 1861 2106 debetur.
1886 2053 2223 2127 Quapropter
2247 2068 2302 2116 et

699 2131 756 2187 in
778 2133 1045 2189 mandatis
1074 2135 1206 2207 legis
1229 2135 1459 2207 primum
1478 2139 1529 2193 in
1549 2139 1634 2196 his
1662 2157 1782 2213 qua:
1809 2144 1877 2200 ad
1906 2145 2152 2205 homines
2174 2166 2297 2220 per-

698 2226 890 2293 tinent,
906 2228 1073 2300 patris
1091 2240 1144 2285 et
1165 2232 1352 2288 matris
1375 2231 1549 2289 honor
1571 2234 1883 2306 imperatur,
1902 2240 2025 2310 quia
2048 2245 2296 2312 quamvis

694 2323 923 2379 carnalis
968 2333 1123 2395 pater
1179 2341 1286 2381 non
1334 2327 1728 2397 supervixerit,
1778 2340 1869 2387 aut
1909 2332 2154 2406 indignus
2182 2337 2297 2395 fue-

692 2416 795 2484 rit;
824 2416 983 2473 alicui
1016 2427 1192 2475 tamen
1220 2420 1358 2491 patri
1388 2419 1549 2492 digno
1576 2430 1631 2476 et
1658 2421 1882 2492 viventi,
1909 2434 2165 2496 paternus
2188 2429 2291 2486 ho-

692 2524 793 2565 nor
816 2524 987 2581 usque
1011 2510 1081 2567 ad
1108 2510 1324 2583 dignam
1354 2522 1567 2569 aetatem
1597 2530 1629 2569 a
1671 2515 1793 2572 liliis
1819 2518 2142 2589 prarbendus
2169 2537 2291 2578 esse

692 2602 1021 2659 ostenditur.
1051 2602 1293 2671 Quatuor
1327 2605 1525 2661 etenim
1558 2607 1731 2663 modis
1768 2623 1862 2679 per
1882 2610 2187 2683 Scripturas
2205 2613 2290 2670 di-

688 2698 839 2752 vinas
868 2708 1048 2766 patres
1076 2707 1364 2766 vocantur;
1394 2698 1497 2755 hoc
1524 2711 1628 2764 est,
1658 2711 1866 2769 natura,
1886 2714 2064 2775 gente,
2096 2707 2289 2763 admo-

687 2787 915 2860 nitione,
945 2798 1002 2847 et
1022 2800 1200 2848 aetate.
1234 2794 1311 2850 De
1341 2803 1490 2864 patre
1516 2810 1747 2867 namque
1773 2800 1999 2854 naturali
2026 2800 2196 2857 Jacob
2218 2803 2286 2860 ad

685 2882 866 2939 Laban
898 2885 1136 2955 loquitur
1163 2904 1179 2942 :
1202 2884 1324 2940 Nisi
1351 2888 1501 2941 timor
1523 2889 1687 2959 patris
1712 2891 1811 2943 mei
1835 2890 1988 2946 Isaac
2018 2894 2283 2965 adfuisset,

683 2977 885 3033 tulisses
905 2980 1078 3034 omnia
1102 2996 1216 3050 qua:
1250 2996 1362 3035 mea
1409 2992 1527 3037 sunt
1579 2982 1732 3057 (Gen.
1770 3001 1917 3051 xxxi,
1955 2986 2070 3055 42).
2101 2986 2287 3048 ,Gente

682 3086 810 3128 vero
828 3083 981 3144 pater
992 3074 1207 3142 dicitur,
1226 3074 1440 3155 quando
1465 3075 1722 3133 Dominus
1738 3077 1804 3133 de
1827 3079 1961 3135 ruho
1981 3080 2048 3135 ad
2067 3080 2283 3153 Moysen

676 3163 995 3235 loquebatur
1023 3183 1038 3219 :
1063 3166 1177 3238 Ego
1204 3184 1338 3231 sunt,
1364 3168 1635 3238 inquiens,
1664 3168 1804 3226 Deus
1831 3181 2035 3242 patrum
2058 3183 2279 3242 tuorum,

675 3254 818 3312 Deus
845 3258 1124 3326 Abraham,
1146 3257 1286 3315 Deus
1312 3257 1486 3324 Isaac,
1522 3259 1659 3315 Deus
1685 3261 1847 3318 Iacob
1868 3262 2064 3337 (Exod.
2094 3281 2171 3330 ιιι,
2195 3266 2273 3340 6).

679 3352 866 3409 Etate
911 3362 1089 3408 autem
1132 3363 1187 3407 et
1226 3351 1590 3413 admonitione
1624 3355 1823 3424 pariter
1874 3366 2024 3427 pater
2058 3357 2274 3427 dicitur,

671 3462 796 3503 cum
822 3445 1033 3516 Moyses
1063 3446 1116 3501 in
1139 3447 1352 3502 cantico
1376 3444 1778 3504 Deuteronomii
1802 3450 2036 3522 loquitur
2069 3451 2279 3508 :lnter-

671 3553 796 3609 roga
817 3546 1014 3605 patrem
1048 3547 1212 3604 tuum,
1244 3546 1291 3592 et
1337 3538 1658 3593 annuntiabit
1698 3541 1831 3606 tibi;
1870 3544 2088 3612 majores
2127 3554 2272 3613 tuos,

668 3640 717 3684 et
745 3630 913 3684 dicent
944 3629 1032 3685 tibi
1064 3628 1240 3701 (Deut.
1286 3646 1460 3686 χχιιι.
1496 3631 1573 3701 7).
1608 3630 1760 3700 Quod
1786 3633 1830 3688 si
1858 3648 1988 3706 ergo
2014 3638 2279 3728 naturalis

665 3735 820 3797 pater
848 3734 1123 3797 superstes
1146 3741 1251 3782 non
1274 3726 1453 3794 fuerit,
1484 3736 1578 3782 aut
1601 3726 1852 3800 indignus
1873 3726 2272 3797 fuerit;admo;

668 3820 820 3877 neuti
849 3830 1026 3876 tamen
1053 3829 1148 3875 aut
1180 3819 1381 3876 seniori
1412 3818 1770 3889 adolescentis
1796 3821 2098 3879 obedientia
2128 3840 2268 3897 pra:-

660 3913 838 3971 henda
877 3914 1002 3971 erit.
1055 3912 1337 3982 Quomodo
1387 3928 1516 3983 ergo
1554 3912 1848 3971 honoratus
1894 3917 1945 3971 in
1986 3926 2265 3976 senectute

663 4002 971 4075 apparebit,
1019 4004 1109 4073 qui
1160 4002 1461 4073 disciplina:
1509 4004 1746 4061 laborem
1795 4006 1846 4061 in
1893 4006 2258 4064 adolescentia

659 4108 768 4150 non
799 4092 1156 4149 sustinuerit?
1195 4092 1582 4165 Quodcumque
1612 4094 1810 4151 etenim
1854 4095 2016 4152 homo
2045 4098 2258 4154 labora-

658 4186 814 4253 verit,
851 4188 952 4242 hoc
979 4195 1035 4242 ct
1064 4193 1247 4241 metet.
1283 4185 1464 4241 Omnis
1490 4204 1708 4259 namque
1737 4188 2012 4258 disciplina
2038 4191 2091 4244 in
2119 4206 2253 4261 pra:-

651 4282 782 4337 senti
809 4297 910 4337 non
935 4279 1134 4335 videtur
1156 4296 1264 4337 esse
1283 4281 1493 4353 gaudii,
1521 4282 1612 4337 sed
1634 4283 1902 4350 narraris;
1930 4294 2107 4355 postea
2139 4301 2256 4341 uero

650 4366 876 4446 fructum
902 4373 1285 4444 pacatissimam
1322 4372 1615 4429 exercitatio
1645 4390 1735 4442 per
1761 4390 1873 4428 eam
1899 4375 2076 4430 reddet
2096 4377 2256 4448 justi-

650 4466 736 4522 tia:
760 4465 919 4539 (Ileb.
946 4481 1041 4531 ιιι,
1087 4463 1200 4537 11).
1234 4466 1385 4522 Sicut
1422 4480 1552 4537 ergo
1586 4464 1793 4522 fructus
1834 4480 1939 4522 non
1981 4468 2254 4526 invenitur

646 4558 701 4615 in
750 4558 965 4625 arbore,
998 4558 1052 4614 in
1077 4573 1181 4630 qua
1207 4558 1488 4630 pampinus
1522 4567 1614 4613 aut
1646 4556 1748 4613 ﬂos
1781 4558 1929 4628 prius
1949 4575 2058 4615 non
2085 4575 2251 4633 appa-

652 4651 821 4708 ruerit
851 4649 966 4706 :sie
990 4660 1046 4706 et
1087 4652 1138 4704 in
1168 4658 1448 4706 senectute
1488 4651 1749 4705 honorem
1773 4650 2066 4722 legitimum
2093 4668 2245 4709 asse-

643 4743 735 4815 qui
765 4759 875 4799 non
905 4742 1120 4813 poterit,
1144 4743 1235 4813 qui
1268 4742 1320 4797 in
1350 4740 1711 4797 adolescentia
1741 4742 2045 4812 disciplina:
2075 4744 2243 4800 alicu-

634 4838 725 4907 jus
768 4835 1151 4893 exercitatione
1198 4851 1304 4891 non
1349 4833 1692 4890 laboraverit.
1745 4834 2034 4906 Disciplina
2081 4837 2247 4907 igitur

637 4927 842 5001 absque
884 4926 1211 4994 obedientia,
1244 4927 1476 4998 qualiter
1504 4926 1618 4983 tieri
1668 4928 1885 4998 potest?
1913 4928 2243 4987 Adolescens

636 5037 766 5094 ergo
789 5023 907 5079 sine
934 5020 1218 5094 disciplina
1238 5062 1255 5091 ,
1293 5022 1610 5080 adolescens
1639 5022 1757 5080 sine
1784 5022 2090 5080 obedientia
2115 5034 2237 5082 est:

2289 369 2491 432 LIBER

721 478 830 535 que
870 465 1009 522 enim
1059 467 1506 528 considerandum
1537 481 1619 530 est
1645 514 1660 541 ,
1713 476 1839 548 quid
1870 487 2028 537 tenue
2057 482 2317 543 eminenti
2343 492 2392 552 Α

3919 404 4034 468 872

2422 494 2673 563 quoniam
2705 505 2759 553 et
2787 498 2899 570 ipsa
2931 501 3234 563 obedientia
3260 548 3274 575 ,
3304 523 3424 581 qua:
3446 513 3685 571 omnium
3716 516 4029 593 disciplina-

2423 600 2541 640 rum
2565 598 2738 645 mater
2762 601 2867 663 est,
2897 609 3089 664 magna
3116 602 3500 666 exercitatione
3527 607 3731 679 indiget
3756 628 3772 675 ;
3803 628 3918 682 qua:
3937 616 4029 671 sui

2426 694 2671 736 normam
2693 684 2851 740 studii
2892 688 2944 741 in
2980 687 3196 747 Christo
3231 692 3460 751 Domino
3483 701 3745 771 sumpsit,
3775 706 3864 774 qui
3890 707 4030 764 obe-

2421 769 2576 827 diens
2609 775 2745 843 patri
2778 790 2947 849 usque
2976 780 3044 836 ad
3080 793 3334 857 mortem,
3362 791 3539 847 crucis
3563 769 3913 866 ignominiam
3952 800 4027 857 li-

2419 861 2613 920 benter
2633 867 2905 927 sustinuit.

3036 1033 3267 1095 CAPUT
3321 1037 3412 1097 Ν.

2489 1178 2721 1248 Quartus
2820 1183 3093 1246 ahusionis
3188 1195 3387 1264 gradus
3458 1206 3542 1256 est
3590 1241 3606 1269 ,
3679 1203 3831 1264 dives
3901 1210 4018 1271 sine

2416 1271 2789 1348 cleemosyna;
2819 1282 2909 1350 qui
2936 1284 3211 1354 superﬂua
3242 1304 3371 1346 usus
3405 1294 3487 1347 sui
3514 1310 3636 1365 qua:
3667 1303 4013 1365 custodienda

2415 1365 2467 1421 in
2497 1376 2765 1435 posterum
2796 1378 3060 1442 recondit,
3095 1379 3454 1452 indigentibus
3471 1398 3526 1443 et
3546 1389 3675 1446 nihil
3696 1392 4012 1456 habentibus
4086 1379 4096 1390 ’

2415 1472 2522 1513 non
2561 1459 2833 1518 distribuit
2874 1481 3017 1536 :per
3059 1472 3202 1539 quod
3244 1474 3495 1547 cllicitur,
3529 1491 3586 1536 ut
3616 1482 3745 1540 dum
3784 1488 3838 1542 in
3875 1498 4011 1549 terra

2414 1552 2637 1620 qumsita
2662 1553 2908 1627 diligenti
2930 1574 3056 1617 cura
3074 1565 3329 1634 custodit,
3356 1571 3592 1631 cmlestis
3620 1580 3806 1647 patria:
3830 1596 4011 1652 peren-

2414 1658 2537 1698 nem
2567 1647 2876 1706 thesaurum
2907 1654 3135 1711 amittat.
3181 1659 3264 1715 Ad
3300 1678 3457 1732 quem
3494 1669 3805 1727 thesaurum
3830 1647 4011 1732 Domi-

2414 1752 2515 1794 nus
2542 1739 2698 1796 Jesus
2723 1740 3120 1806 adolescentem
3159 1753 3399 1825 divitem,
3429 1760 3519 1831 qui
3555 1776 3679 1818 eum
3706 1765 3777 1821 de
3805 1769 4008 1838 perlec-

2413 1833 2559 1888 tione
2616 1833 3072 1911 interrogaverat,
3130 1842 3202 1900 ita
3245 1851 3578 1919 respondens
3624 1833 3872 1915 invitavit
3901 1878 3915 1914 :
3949 1861 4009 1917 Si

2331 1902 2381 1965 B
2407 1928 2482 1980 vis
2510 1929 2763 1998 perfectus
2794 1949 2921 2002 esse,
2948 1937 3077 1992 uade
3113 1949 3162 1994 et
3202 1943 3361 1998 vende
3410 1948 3582 2003 omnia
3609 1965 3725 2020 qua:
3752 1953 3930 2022 habes,
3957 1966 4006 2011 et

2404 2018 2473 2072 da
2494 2023 2876 2092 pauperibus,et
2895 2030 3028 2095 ueni,
3056 2047 3261 2103 sequere
3279 2051 3378 2101 me,
3407 2048 3456 2092 et
3481 2018 3683 2096 habebis
3705 2018 4009 2103 thesaurum

2402 2112 2455 2168 in
2490 2114 2617 2170 creto
2671 2117 2887 2190 (Matth.
2920 2119 3043 2190 'xtx,
3083 2125 3198 2197 2t).
3244 2129 3413 2198 Quem
3473 2133 3773 2192 thesaurum
3819 2140 4006 2199 nullus

2401 2220 2655 2279 umquam
2684 2212 2960 2271 hominum
2989 2216 3188 2276 habere
3204 2231 3404 2291 potest,
3427 2226 3529 2281 nisi
3554 2229 3644 2298 qui
3668 2232 4000 2301 pauperibus

2399 2300 2590 2357 solatia
2628 2314 2881 2376 praestat,
2931 2320 3026 2365 aut
3066 2326 3163 2382 per
3218 2315 3454 2386 seipsum
3501 2335 3703 2392 pauper
3737 2300 3841 2380 eSt.
3884 2326 4000 2385 Non

2396 2408 2526 2466 ergo
2552 2396 2784 2454 dormiat
2804 2401 2857 2455 in
2879 2400 3146 2461 thesauris
3167 2408 3301 2477 tuis,
3318 2409 3461 2480 quod
3478 2426 3743 2483 pauperes
3765 2416 3999 2475 dormire

2396 2498 2504 2540 non
2534 2488 2681 2543 sinit.
2702 2490 2862 2548 Dives
2887 2508 3118 2566 namque
3144 2498 3246 2554 etsi
3272 2499 3438 2555 multa
3457 2511 3881 2576 congregaverit,
3911 2508 3993 2566 bis

2394 2576 2500 2632 frui
2556 2581 2702 2638 solus
2748 2600 3086 2659 nequaquam
3128 2593 3358 2661 poterit;
3407 2596 3532 2666 quia
3563 2598 3722 2655 unius
3764 2600 3992 2662 hominis

2393 2681 2582 2728 natura
2610 2676 2792 2734 multis
2821 2681 2985 2738 rebus
3010 2699 3120 2741 non
3149 2689 3436 2744 succurrit.
3461 2689 3601 2759 Quid
3622 2707 3752 2766 ergo
3780 2698 3991 2758 stultius

2391 2778 2657 2839 estquam
2687 2784 2907 2847 propter
2933 2782 3092 2840 unius
3119 2784 3353 2840 hominis
3380 2786 3579 2843 victum
3607 2797 3664 2844 ct
3702 2793 3987 2865 vestitum,

2393 2866 2557 2916 totam
2587 2867 2735 2936 regni
2756 2872 2998 2930 caelestis
3018 2876 3249 2947 perdere
3267 2894 3558 2947 perennem
3574 2882 3987 2958 iucunditatem,

2389 2960 2445 3006 et
2489 2962 2725 3016 aiternos
2773 2962 2967 3021 interni
3017 2970 3305 3036 cruciatus,
3351 2973 3559 3047 absque
3599 2978 3988 3038 consolationis

2389 3050 2791 3116 praastolatione
2813 3059 3033 3116 subire?
3067 3061 3221 3129 Quod
3268 3064 3429 3136 igitur
3452 3069 3735 3141 aliquando
3762 3088 3858 3144 per
3889 3092 3989 3133 ne-

2386 3140 2691 3199 cessitatem
2722 3150 3071 3210 amittendum
3094 3166 3196 3221 est,
3213 3170 3311 3227 pro
3331 3140 3985 3228 :eternairemuneratione

2387 3245 2580 3301 sponte
2603 3238 3029 3301 distribuendum
3063 3258 3164 3304 est.
3199 3249 3389 3306 Omnia
3428 3256 3561 3310 enim
3587 3273 3702 3325 quia
3725 3261 3979 3331 uidentur,

2383 3329 2685 3393 temporalia
2711 3345 2847 3402 sunt,
2881 3353 2995 3407 qua:
3020 3356 3122 3396 non
3148 3342 3380 3399 uidentur
3401 3357 3589 3402 caterua
3615 3362 3737 3405 sunt
3768 3352 3839 3425 (ll
3856 3329 3980 3412 Cor.

2381 3429 2434 3514 γ,
2457 3417 2567 3485 18).
2589 3420 2852 3488 Quamdiu
2868 3444 3100 3499 namque
3131 3438 3449 3505 temporales
3466 3453 3673 3506 sumus,
3700 3417 3989 3514 tempora-

2380 3506 2521 3565 libus
2539 3519 2855 3587 temporalia
2873 3522 3204 3595 deserviunt,
3221 3541 3271 3588 et
3289 3547 3406 3589 eum
3428 3532 3551 3590 hinc
3567 3539 3979 3610 transierimus,

2377 3607 2598 3663 aeternis
2617 3617 2820 3670 aeterna
2850 3620 3041 3679 solatia
3066 3625 3478 3693 praestabantur.
3506 3629 3712 3686 ideirco
3739 3647 3849 3689 non
3877 3607 3976 3691 de;

2374 3702 2565 3761 bemus
2587 3704 2810 3777 diligere
2860 3726 2924 3767 ea
2952 3730 3072 3784 qua:
3097 3732 3203 3773 non
3223 3733 3440 3792 semper
3456 3722 3809 3793 habebimus;
3832 3743 3975 3800 prte-

2371 3798 2557 3854 sertim
2581 3814 2703 3856 cum
2732 3814 3010 3875 expertem
3049 3811 3274 3868 rationis
3315 3828 3535 3873 avarum
3566 3818 3785 3876 divitem
3806 3798 3971 3887 ,vthe-

2370 3893 2512 3946 sauri
2568 3894 2652 3948 sui
2709 3903 2765 3951 et
2812 3901 2947 3971 agri,
2976 3908 3031 3957 et
3065 3907 3246 3963 omnia
3274 3924 3395 3980 quae
3422 3911 3616 3977 habet,
3649 3914 3963 3983 ostendant;

2367 3985 2488 4055 quia
2523 3993 2638 4042 toto
2657 3989 2838 4048 cordis
2864 3994 3057 4052 intuitu
3079 3998 3200 4056 illas
3226 4017 3314 4058 res
3337 4012 3484 4060 amat
3520 4022 3641 4077 qua:
3668 4023 3964 4080 numquam

2365 4089 2425 4131 se
2445 4078 2693 4149 diligunt.
2727 4081 2785 4140 Si
2812 4087 2955 4143 enim
2982 4105 3172 4148 aurum
3202 4101 3259 4150 et
3280 4105 3585 4167 argentum,
3614 4109 3671 4155 et
3696 4078 3876 4172 agros,
3907 4111 3965 4159 et

2363 4177 2700 4245 vestimenta,
2722 4188 2780 4236 et
2820 4182 2990 4253 cibos,
3022 4196 3077 4242 et
3116 4189 3364 4257 metalla,
3397 4201 3454 4247 et
3497 4192 3653 4250 bruta
3705 4196 3961 4253 animalia

2361 4269 2481 4341 quis
2507 4270 2778 4342 dilexerit,
2811 4275 2928 4333 haec
2950 4281 3129 4335 omnia
3170 4281 3340 4338 vicem
3370 4285 3473 4341 sibi
3516 4289 3718 4344 amoris
3763 4303 3960 4358 repen—

2358 4363 2489 4420 dere
2533 4381 2638 4421 non
2686 4382 2867 4437 posse,
2902 4370 3018 4441 ipsa
3051 4387 3233 4429 rerum
3275 4386 3466 4433 natura
3507 4378 3765 4437 ostendit.
3815 4381 3957 4451 Quid

2357 4472 2488 4530 ergo
2534 4474 2565 4515 a
2611 4461 2820 4518 ratione
2864 4463 3076 4537 longius
3111 4477 3197 4525 est
3235 4485 3397 4541 quam
3447 4475 3691 4545 diligere,
3722 4480 3869 4551 quod
3899 4489 3956 4538 te

2354 4568 2538 4610 amare
2563 4570 2669 4611 non
2696 4557 2869 4626 valet;
2895 4570 2949 4616 et
2976 4562 3245 4636 negligere
3266 4566 3438 4635 illum,
3457 4570 3547 4642 qui
3573 4580 3681 4630 tua:
3706 4573 3959 4632 dilectio-

2353 4648 2407 4702 ni
2435 4665 2555 4705 cum
2576 4649 2864 4709 dilectione
2892 4656 3071 4712 omnia
3111 4659 3353 4728 prtebet?
3382 4662 3608 4735 Propter
3646 4665 3752 4723 hoc
3789 4668 3957 4740 igitur

2350 4755 2455 4797 non
2480 4743 2627 4817 diligi
2668 4746 2920 4814 mundus,
2954 4749 3048 4806 sed
3076 4751 3222 4824 diligi
3251 4755 3525 4823 proximus
3553 4772 3582 4811 a
3614 4757 3726 4815 Deo
3756 4762 3953 4830 praeci-

2348 4835 2489 4906 pitur
2513 4855 2529 4904 ;
2557 4839 2679 4908 quia
2706 4841 2982 4910 proximus
3008 4843 3180 4900 vicem
3205 4846 3287 4901 sui
3314 4847 3515 4904 amoris
3540 4859 3721 4920 potest
3746 4869 3956 4925 repen-

2345 4932 2498 5001 dere,
2527 4933 2668 5006 quod
2693 4934 2926 4993 mundus
2952 4937 3173 5011 minime
3203 4954 3361 5011 posse
3390 4958 3496 4999 non
3527 4943 3825 5005 dubitatur.
3850 4948 3950 5007 Sic

2344 5026 2486 5082 enim
2514 5026 2791 5084 inimicum
2834 5043 2958 5087 esse
3001 5030 3334 5104 diligendum
3378 5036 3637 5094 Dominus
3656 5044 3939 5115 praecepit,

1845 5140 2089 5202 STEPH.
2128 5140 2404 5201 BALUZII
2439 5141 2669 5201 NOTAE.

710 5256 824 5315 Vile
848 5258 1049 5315 reddat.
1084 5258 1197 5318 Duo
1220 5259 1438 5319 codices
1465 5274 1596 5317 mss.
1624 5259 1852 5316 vilescat.

701 5330 1045 5406 Ministerium
1078 5331 1197 5389 aliis
1233 5332 1520 5405 imperabit.
1569 5329 1728 5404 Apud
1768 5331 1906 5406 Aug.
1946 5332 2228 5391 ministrari

622 5401 983 5492 sibi'sperabit:
1049 5476 1081 5492 η
1559 5478 1573 5492 ,
1620 5401 1636 5404 —
1706 5481 1724 5492 ,
1788 5490 1796 5492 4
1856 5401 1879 5406 ⁷
1947 5486 1958 5492 ,
2011 5478 2040 5492 ..

700 5473 872 5547 (Isque
914 5476 983 5531 ad
1026 5476 1257 5551 dignam.
1300 5476 1471 5551 Usque
1504 5478 1573 5534 ad
1606 5481 1885 5553 perfectam
1910 5486 1959 5533 et
1987 5478 2220 5551 dignam.

620 5544 761 5603 Autz.

691 5562 796 5696 iis}:
820 5620 1025 5696 seniori.
1058 5622 1155 5696 (Sic
1195 5619 1320 5677 cod.
1351 5622 1484 5696 Reg.
1527 5622 1824 5681 admonenti
1851 5621 2040 5679 seniori
2077 5623 2209 5680 edit.

616 5685 787 5770 Paulo
826 5701 947 5761 post
985 5694 1285 5751 delevimus
1334 5685 1463 5770 ante
1508 5698 1675 5753 crucis
1721 5698 2055 5770 ignominiam
2096 5696 2213 5752 hmc

613 5762 786 5837 verba
801 5773 1021 5837 mortem
1042 5775 1212 5821 autem
1249 5781 1368 5837 qute
1406 5768 1604 5824 desunt
1646 5770 1699 5824 in
1738 5762 1952 5825 duobus
2000 5780 2130 5823 mss.
2162 5775 2218 5825 et

619 5834 773 5903 apud
784 5834 923 5903 Aug.

693 5900 997 5960 Adolescens
1016 5920 1137 5978 ergo
1166 5907 1276 5962 sine
1292 5908 1593 5981 disciplina.
1620 5909 1820 5968 Contra
1860 5910 2002 5984 apud
2028 5912 2212 5985 Augu-

2331 5264 2536 5351 stinum
2561 5265 2896 5351 :Adolesceus
2921 5285 3040 5342 ergo
3062 5269 3171 5328 sine
3193 5272 3496 5345 obedientia,
3509 5277 3809 5334 adolescens
3820 5276 3942 5337 sine

2331 5336 2604 5408 disciplina
2632 5348 2727 5393 est.
2975 5336 2995 5342 ⁷
3483 5336 3494 5345 ’

2405 5408 2540 5464 Usus
2566 5412 2666 5464 sui.
2684 5409 3093 5469 Conservationis
3107 5430 3216 5471 sua:
3233 5415 3353 5472 eod.
3377 5418 3528 5476 Coib.

2399 5479 2466 5561 _ln
2490 5483 2748 5561 thesauris
2762 5485 2880 5548 tuis,
2894 5486 3060 5561 quod.
3075 5486 3165 5543 Sic
3175 5488 3295 5561 cod.
3312 5489 3446 5561 Reg.
3468 5492 3523 5547 in
3545 5492 3801 5549 thesauris
3818 5495 3934 5551 suis

2323 5552 2412 5638 qui
2440 5551 2571 5608 edit.
2594 5554 2649 5607 in
2679 5551 2935 5622 thesauris
2950 5558 3051 5612 tuis
3077 5558 3214 5629 quod
3233 5551 3453 5633 pauperi
3469 5563 3711 5636 prodesse
3735 5574 3931 5638 potest,

2322 5626 2713 5773 Auferennem.
2728 5697 2899 5773 Deest
2915 5699 3056 5771 apud
3080 5703 3218 5773 Aug.

2391 5765 2519 5849 Tum
2539 5767 2821 5849 dilectioni.
2846 5771 2936 5828 Sic
2951 5765 3088 5830 'cod.
3128 5765 3263 5849 Εἷς.
3292 5792 3403 5835 sua:
3434 5778 3620 5837 ditiani
3660 5780 3791 5838 edit.
3822 5782 3934 5841 tite

2226 5869 2236 5878 -
2320 5838 2499 5896 ditioni
2523 5840 2661 5911 Aug.

2395 5912 2546 5981 Quod
2568 5914 2788 5971 mundus
2818 5916 3023 5975 minime
3050 5936 3215 5993 posse.
3252 5921 3340 5980 Sic
3372 5923 3511 5997 Aug.
3541 5932 3598 5983 et
3638 5923 3766 5983 cod.
3796 5924 3932 5987 Col-
