4214 6266
305 340 422 403 875

1312 337 1401 394 DE
1444 336 1790 396 DUODECIM
1830 333 2282 396 ABUSIONIBUS
2319 332 2614 392 SECULI.

3506 334 3614 393 874

313 470 373 515 ιιι
394 458 483 513 illa
507 456 725 513 dilectio
743 456 972 513 amicum
1002 456 1148 512 illum
1171 471 1240 513 ex
1266 456 1484 513 inimico
1507 456 1722 513 efficiat.
1747 455 1906 523 Quis.
1935 457 1989 516 A
2013 454 2226 510 meliam
2250 460 2341 508 aut
2368 452 2622 507 ruborem
2647 434 2906 514 incutere,
2926 446 3196 503 neminem
3220 446 3617 518 blasphemare,

312 552 436 623 quis
464 565 594 621 ergo
614 548 762 605 dives
782 549 1007 620 cupidus
1029 550 1143 605 vult
1169 561 1401 607 aeternas
1428 548 1626 605 habere
1653 548 1865 603 divitias
1896 587 1912 613 ,

311 643 686 700 distribuendo
729 643 912 715 egenis
955 652 1177 715 priestct
1202 645 1427 709 interim
1463 657 1570 699 non
1609 655 1910 698 mansuras.

312 739 371 796 Si
394 739 540 795 enim
564 737 705 808 quod
729 738 902 810 diligit
931 753 1038 795 non
1066 738 1243 794 vendit
1269 783 1284 807 ,
1316 754 1475 795 nemo
1509 745 1685 806 potest
1733 750 1914 791 emere

310 832 453 903 quod
483 832 648 902 cupit.
683 830 843 886 Avari
877 847 1108 904 namque
1134 831 1258 887 ideo
1290 833 1341 887 in
1366 831 1570 902 judicio
1608 846 1637 883 a
1671 828 1913 886 rectissi-

310 940 402 980 mo
421 925 603 997 judice
634 937 1009 996 tntncupantur
1054 924 1321 981 malediCti
1342 966 1355 991 ,
1387 925 1509 995 quia
1539 923 1631 995 qui
1671 920 1916 992 praeteri-

309 1016 444 1074 bant
494 1034 680 1075 eorum
739 1017 1036 1073 habitacula
1092 1033 1200 1072 non
1256 1014 1510 1070 dicebant
1559 1032 1571 1067 :
1621 1011 1914 1068 Benedictio

312 1108 522 1165 Domini
545 1128 700 1183 super
718 1127 826 1180 vos,
855 1109 1200 1165 benediximus
1227 1107 1367 1164 vobis
1391 1107 1445 1162 in
1475 1106 1677 1161 nomine
1703 1104 1915 1160 Domini

311 1202 491 1278 (Pent.
523 1220 743 1269 cxxvtu,
777 1201 854 1275 8).
898 1201 1146 1259 Infelices
1185 1217 1312 1274 ergo
1356 1210 1482 1257 sunt
1512 1201 1656 1256 avari
1698 1199 1910 1266 divites,

309 1298 401 1372 qui
430 1309 648 1370 propter
665 1313 752 1354 res
782 1297 1139 1365 transitorias,
1157 1297 1207 1352 in
1225 1305 1484 1354 attentam
1513 1294 1911 1351 damnationem

312 1393 629 1453 dilabuntur
660 1410 676 1459 ;
708 1402 764 1449 ct
793 1406 825 1446 e
853 1391 1123 1447 contrario
1152 1408 1165 1444 :
1194 1389 1339 1446 Beati
1374 1400 1493 1446 sunt
1531 1386 1907 1453 misericordes,

309 1487 430 1559 quia
474 1485 878 1542 misericordiam
913 1495 1282 1555 consequentur
1308 1481 1526 1557 (Matth.
1558 1499 1614 1550 γ,
1646 1481 1726 1555 7).
1762 1482 1910 1537 Felix

309 1590 395 1638 est
413 1596 543 1653 ergo
565 1580 874 1637 misericors
891 1621 908 1648 ,
937 1570 1072 1635 dum'
1095 1580 1148 1635 in
1175 1577 1275 1633 hac
1297 1579 1495 1634 virtute
1526 1591 1634 1633 non
1659 1577 1908 1634 substan-

313 1674 464 1743 tiam,
499 1673 594 1731 sed
624 1672 875 1730 affectum
906 1672 1048 1729 Deus
1076 1656 1321 1742 requirit.

935 1804 1163 1862 CAPUT
1212 1804 1275 1860 γ.

379 1948 608 2017 Quintus
654 1945 926 2002 ahusionis
967 1943 1166 2016 gradus
1199 1951 1302 2010 cst,
1350 1939 1710 1999 feminasine
1755 1938 1911 2012 pudi-

302 2041 451 2097 citia.
484 2042 633 2098 Sicut
674 2040 818 2096 cnim
867 2054 1056 2096 omnes
1109 2038 1280 2095 bonos
1332 2040 1523 2092 tnorcs'
1562 2042 1810 2106 procurat
1858 2044 1913 2090 et

302 2135 536 2191 custodit
574 2135 626 2189 in
677 2133 806 2189 viris
844 2131 1160 2203 prudentia,
1201 2130 1279 2185 sic
1319 2138 1374 2185 et
1411 2128 1463 2183 in
1516 2126 1731 2182 feminis
1777 2142 1908 2183 cun—

305 2239 423 2286 ctos
462 2227 681 2283 honoris
716 2236 868 2283 actus
894 2224 1061 2281 nutrit
1093 2232 1149 2279 et
1197 2222 1339 2277 fovet
1387 2229 1442 2277 et
1477 2218 1713 2277 custodit
1757 2217 1908 2290 pudi-

305 2322 449 2379 citia.
483 2319 739 2377 Pudicitia
792 2333 1023 2390 namque
1068 2316 1373 2373 castitatem
1429 2312 1702 2376 custodit,
1729 2311 1906 2367 avari-

306 2414 432 2470 tiam
468 2412 741 2479 refrzenat,
784 2411 904 2466 lites
932 2409 1155 2475 devitat,
1197 2406 1332 2462 iram
1365 2405 1595 2476 mitigat,
1630 2403 1906 2459 libidinem

303 2510 555 2577 occupat,
600 2502 951 2575 cupiditatem
1003 2509 1284 2572 temperat,
1335 2498 1612 2554 lasciviam
1660 2500 1905 2570 castigat,

304 2600 623 2657 ebrietatem
664 2605 841 2665 cavet,
870 2595 1035 2653 verba
1075 2608 1181 2651 non
1210 2594 1565 2664 multiplicat,
1594 2592 1735 2667 gula:
1776 2608 1908 2649 con-

305 2693 668 2768 cupiscentias
710 2700 936 2764 purgat,
984 2690 1183 2745 furtum
1227 2689 1448 2747 omnino
1486 2688 1726 2746 damnat.
1767 2689 1906 2757 Quid

309 2788 500 2860 plura?
547 2785 739 2844 Omnia
765 2785 892 2839 vitia
932 2782 1242 2853 restringit;
1278 2792 1333 2839 et
1368 2798 1556 2840 omnes
1584 2783 1828 2849 virtutes,
1852 2791 1908 2840 et

304 2881 564 2955 quidquid
595 2895 776 2938 coram
807 2880 920 2936 Deo
944 2888 999 2935 et
1025 2879 1179 2936 bonis
1200 2877 1509 2934 hominibus
1533 2876 1800 2934 laudabile
1824 2888 1908 2934 eSt

304 2977 497 3032 nutrit.
530 2973 801 3047 lmpudica
829 2988 1061 3045 namque
1098 2972 1207 3029 vita
1248 2987 1349 3028 nec
1393 2971 1603 3029 laudem
1632 2970 1700 3028 ab
1740 2970 1933 3027 homi-.

296 3068 467 3133 nibus
506 3068 556 3123 in
584 3067 834 3138 prtcsenti
856 3065 1076 3131 saeculo,
1102 3080 1201 3121 nec
1226 3066 1716 3121 remunerationem
1739 3080 1769 3121 a
1787 3064 1902 3121 Deo

307 3172 584 3234 exspectat
609 3162 663 3218 in
697 3162 893 3217 futuro.
939 3159 1136 3216 Pudica
1163 3174 1292 3215 vero
1315 3159 1417 3214 vita
1440 3200 1455 3225 ,
1481 3158 1677 3215 famam
1705 3159 1902 3215 bonam

2018 561 2177 605 senes
2202 559 2308 600 non
2339 542 2585 608 irridere,
2618 541 2774 597 bonis
2813 554 2918 596 non
2950 539 3189 595 invidere
3212 581 3227 606 ,
3262 539 3471 595 meliori
3511 556 3617 595 non

2017 638 2441 702 controversari;
2473 637 2542 693 de
2569 636 2653 692 bis
2695 651 2815 707 qum
2840 635 3079 705 ignoras,
3113 649 3218 689 non
3264 642 3516 701 tractare,
3563 643 3622 690 et

2017 748 2079 789 ea
2110 749 2229 804 qua:
2256 733 2362 789 scis
2391 747 2496 786 non
2527 730 2706 786 omnia
2738 729 3015 800 proferre:
3049 727 3162 783 haec
3193 726 3334 782 enim
3363 726 3622 797 proximis

2017 824 2303 880 amabilem
2353 822 2629 879 hominem
2677 819 2929 887 reddunt,
2982 828 3039 876 et
3076 819 3186 874 Deo
3236 817 3621 889 acccptahilem

2017 917 2235 974 faciunt.
2264 917 2522 973 Pudicitia
2559 916 2702 972 enim
2745 914 2941 970 anima:
2967 925 3080 983 est,
3122 914 3242 985 plus
3271 923 3492 985 promer
3525 913 3623 970 Dei

2017 1009 2203 1064 oculos
2250 1024 2406 1080 quam
2455 1008 2728 1064 hominum
2768 1005 2948 1063 omnia
2980 1007 3117 1062 bona
3170 1005 3376 1070 facere;
3410 1006 3622 1076 appeti-

2018 1100 2189 1156 tiones
2219 1101 2451 1172 turpium
2475 1100 2858 1172 cogitationum
2887 1113 3263 1168 compescere;
3289 1112 3480 1153 omnes
3502 1114 3622 1153 mc-

2015 1191 2178 1248 liores
2216 1209 2275 1248 se
2304 1208 2427 1250 esse
2467 1194 2758 1259 aestimare,
2791 1191 2988 1247 nemini
3019 1190 3294 1256 invidere;
3326 1189 3392 1246 de
3417 1200 3622 1246 semet-

2015 1287 2133 1358 ipso
2158 1286 2288 1342 nihil
2315 1287 2587 1344 conlidere
2611 1329 2627 1355 ,
2675 1286 2772 1342 Dei
2819 1300 3036 1356 semper
3069 1283 3266 1339 auxilio
3310 1297 3398 1339 res
3433 1298 3623 1339 omnes

2017 1380 2375 1448 committere,
2405 1389 2531 1437 ante
2564 1379 2657 1436 Dei
2690 1378 2873 1435 oculos
2891 1377 3240 1448 semetipsum
3264 1376 3619 1444 constituere,

2016 1469 2267 1528 haeretica
2300 1473 2564 1543 pravitate
2589 1487 2808 1528 sensum
2855 1484 2959 1525 non
3000 1470 3270 1524 maculare
3296 1510 3311 1535 ,
3339 1466 3625 1524 catholicis

2014 1579 2112 1636 per
2141 1566 2320 1621 omnia
2351 1565 2656 1622 consentire
2688 1581 2705 1630 ;
2732 1563 2846 1619 Deo
2874 1563 2974 1618 soli
2998 1562 3297 1629 adhaerere,
3321 1560 3623 1616 castitatem

2013 1667 2232 1714 aeterna:
2282 1658 2477 1715 mentis
2522 1659 2633 1715 Deo
2659 1655 2876 1713 Christo
2914 1654 3154 1721 offerre;
3213 1653 3391 1710 omnia
3444 1663 3623 1725 coepta

2013 1764 2177 1821 opera
2206 1750 2344 1807 bona
2374 1751 2562 1807 mortis
2590 1759 2794 1808 tantum
2840 1748 3072 1805 termino
3100 1748 3254 1804 finire
3280 1764 3295 1815 ;
3328 1758 3623 1819 praesentes

1943 1859 1991 1919 Β
2021 1845 2394 1901 tribulationes
2420 1844 2582 1900 animi
2612 1842 2928 1901 fortitudine
2950 1843 3237 1913 negligere,
3265 1842 3620 1912 parvipendc-

2016 1953 2109 2003 re;
2158 1938 2211 1993 in
2259 1946 2400 1994 terra
2444 1947 2640 2009 praeter
2687 1937 2959 2008 proximos
3008 1937 3140 1992 nihil
3196 1952 3398 2003 amare,
3444 1936 3625 1992 cuncti

2014 2030 2216 2087 amoris
2258 2030 2566 2087 thesaurum
2593 2031 2648 2087 in
2686 2032 2826 2087 coelo
2869 2030 3222 2098 constituere,
3254 2040 3309 2086 et
3338 2045 3434 2101 pro
3473 2029 3622 2084 omni

2015 2130 2157 2188 bono
2193 2137 2317 2184 actu
2364 2126 2671 2183 mercedem
2704 2141 2734 2182 a
2778 2127 2889 2184 Deo
2936 2128 2987 2183 in
3017 2127 3325 2184 coalestibus
3381 2142 3622 2198 sperare.

2011 2223 2273 2281 Pudicitia
2304 2230 2679 2278 ornamentum
2708 2221 2969 2286 nobilium
2997 2230 3078 2277 est
3099 2262 3115 2288 ,
3151 2219 3414 2276 exaltatio
3444 2218 3629 2275 humi-

2010 2316 2162 2385 lium,
2192 2315 2443 2371 nobilitas
2472 2313 2806 2385 ignobilium,
2831 2312 3167 2385 pulchritudo
3197 2312 3474 2380 debilium,
3500 2329 3624 2383 pro-

2010 2411 2242 2482 speritas
2263 2408 2645 2476 laborantium,
2678 2409 2919 2464 solamen
2952 2406 3320 2477 intuentium,
3357 2423 3620 2479 augmen-

2013 2510 2122 2557 tum
2149 2501 2326 2558 omnis
2372 2499 2806 2573 pulchritudinis,
2857 2499 3024 2557 decus
3049 2498 3346 2571 religionis,
3378 2499 3623 2556 defensio

2008 2593 2317 2661 criminum,
2344 2593 2718 2666 multiplicatio
2734 2592 3072 2666 meritorum,
3099 2594 3360 2652 creatoris
3381 2595 3622 2652 omnium

2011 2683 2110 2742 Dei
2141 2684 2398 2741 amicitia.
2890 2692 2895 2699 '

2555 2919 2561 2925 ‘
2618 2842 2850 2900 CAPUT
2903 2842 2992 2899 VL

2079 2974 2272 3031 Sextus
2323 2973 2597 3030 abusionis
2664 2973 2861 3047 gradus
2906 2984 2991 3031 est
3039 2976 3291 3035 dominus
3346 2979 3464 3036 sine
3516 2979 3625 3037 vir-

2010 3076 2142 3135 tute,
2185 3069 2308 3139 quia
2352 3068 2483 3124 nihil
2546 3070 2755 3140 proficit
2806 3072 3117 3129 dominandi
3181 3074 3383 3131 habere
3438 3086 3622 3147 potes-

2009 3169 2205 3229 tatem,
2252 3161 2298 3218 si
2350 3161 2601 3218 dominus
2644 3164 2758 3234 ipse
2815 3182 2922 3221 nou
2974 3165 3170 3224 habeat
3217 3168 3429 3226 virtutis
3481 3171 3625 3242 rigo-

306 3257 449 3314 inter
476 3255 722 3312 homines
763 3254 946 3322 habet,
992 3264 1047 3309 et
1075 3252 1145 3309 de
1191 3268 1288 3323 spe
1326 3252 1518 3309 futura:
1561 3252 1977 3316 beatitudinisC
2011 3270 2147 3311 rem.
2209 3253 2317 3312 Sed
2356 3255 2444 3312 hic
2504 3257 2718 3313 virtutis
2783 3259 2960 3331 rigor,
3013 3276 3119 3317 non
3186 3271 3293 3318 tam
3360 3264 3623 3321 exteriori

307 3348 525 3422 gaudet.
577 3347 938 3405 Prmsentibus
985 3346 1329 3417 semetipsum
1380 3345 1693 3401 imitabilem
1741 3344 1903 3416 facit,

309 3442 542 3514 posteris
570 3441 884 3498 memoriam
911 3439 1193 3495 amabilem
1216 3438 1488 3509 relinquit.
1508 3438 1669 3494 Bonis
1692 3453 1925 3510 semper.

308 3533 552 3591 moribus
575 3533 873 3590 delectatur
900 3541 954 3588 et
977 3529 1281 3599 consentit,
1309 3538 1364 3585 et
1390 3528 1622 3585 assiduis
1662 3528 1906 3601 Scriptu-

307 3641 492 3685 rarum
536 3624 971 3681 meditationibus
1017 3632 1072 3678 et
1116 3622 1344 3693 eloquiis
1388 3622 1623 3678 animam
1669 3630 1903 3694 vegetat.

307 3721 582 3776 Bonorum
608 3714 1020 3789 pt-tcccdentium
1048 3716 1293 3788 exempla
1321 3715 1583 3785 custodit,
1605 3726 1659 3772 et
1688 3715 1905 3788 insepa-

307 3813 497 3870 rabilia
527 3811 779 3883 perfectis
799 3810 1151 3866 contubernia
1179 3809 1362 3865 nectit.
1390 3808 1608 3866 Duobus
1635 3823 1765 3878 ergo
1786 3823 1905 3864 mo-

308 3906 394 3963 dis
424 3912 637 3967 constat
664 3918 807 3960 verae
832 3901 1103 3974 pudicitiae
1129 3900 1480 3967 exercitatio,
1510 3900 1561 3956 id
1588 3908 1673 3957 est
1716 3915 1909 3972 corpo-

310 3999 390 4056 ris
418 3998 600 4055 habitu
621 4006 677 4055 et
700 3994 984 4069 superficie
1019 4003 1075 4051 et
1119 3994 1285 4050 animi
1322 3994 1516 4051 affectu
1544 3994 1774 4050 interno.
1805 3993 1909 4051 Per

309 4092 631 4150 exteriorem
660 4089 878 4146 modum
900 4103 1081 4145 coram
1104 4087 1236 4153 Deo,
1262 4086 1608 4158 providemus
1630 4102 1791 4157 Opera
1813 4086 1910 4143 bo-

309 4201 400 4243 na.
443 4185 704 4241 Pudicitia
745 4197 975 4253 namque
1013 4180 1257 4253 corporis
1286 4188 1389 4250 est,
1418 4180 1619 4236 alienas
1664 4196 1751 4237 res
1798 4196 1906 4237 nou

311 4286 587 4349 appetere,
611 4285 667 4332 et
691 4291 906 4338 omnem
933 4272 1327 4330 immunditiam
1354 4271 1622 4341 devitarc,
1650 4280 1774 4329 ante
1804 4272 1906 4328 lto-

312 4384 428 4427 ram
457 4383 745 4439 congruant
769 4383 874 4422 non
895 4376 1110 4438 gustare
1131 4365 1291 4433 velle,
1319 4365 1486 4421 risum
1516 4378 1619 4420 non
1648 4364 1905 4432 excitare,

311 4465 477 4522 verba
498 4474 631 4515 vana
650 4466 704 4516 et
734 4460 862 4515 falsa
890 4474 997 4514 non
1027 4458 1201 4529 loqui;
1227 4457 1462 4512 habitqu
1499 4473 1592 4529 per
1616 4458 1792 4514 omnia
1820 4474 1908 4515 or-

313 4558 576 4625 dinatum,
603 4555 1155 4627 compositionemque
1173 4555 1582 4612 convenientem
1610 4564 1715 4611 tam
1737 4556 1905 4627 capil-

2011 3346 2347 3414 fortitudine,
2376 3364 2497 3420 qua:
2526 3358 2582 3405 et
2621 3349 2737 3420 ipsa
2774 3353 3119 3411 saacnlaribus
3157 3354 3391 3412 dominis
3432 3372 3621 3414 neces-

2013 3438 2159 3495 saria
2186 3450 2289 3507 est,
2319 3455 2478 3511 quam
2508 3442 2672 3497 animi
2699 3442 2945 3501 interiori
2988 3445 3321 3514 fortitudine,
3374 3450 3621 3506 exerceri

2008 3532 2191 3590 debet.
2223 3533 2380 3606 Saepe
2403 3536 2548 3591 enim
2572 3534 2884 3594 dominandi
2915 3553 3009 3609 per
3043 3540 3206 3596 animi
3240 3542 3619 3613 negligentiam

2009 3628 2255 3700 perditur
2304 3628 2586 3699 fortitudo,
2643 3633 2783 3687 sicut
2827 3624 2879 3687 in
2927 3632 3047 3689 Heli
3085 3634 3367 3692 sacerdote
3418 3635 3618 3694 factum

2010 3722 2172 3778 fuisse
2198 3722 2610 3794 comprobatur;
2655 3725 2744 3794 qui
2772 3724 2900 3780 dum
2951 3728 3241 3784 severitate
3264 3728 3459 3799 judicis
3487 3745 3617 3800 pec-

2011 3825 2194 3871 cantes
2212 3815 2349 3872 filios
2364 3831 2469 3871 non
2482 3815 2743 3885 coercuit,
2759 3816 2812 3872 in
2825 3832 3014 3873 eorum
3031 3818 3339 3885 vindictam,
3361 3821 3617 3878 Dominus

2011 3908 2155 3964 velut
2204 3907 2561 3964 consentienti
2602 3907 2852 3965 ferociter
2890 3925 2999 3966 non
3025 3912 3282 3982 pepercit.
3313 3911 3438 3968 Tria
3483 3930 3614 3987 ergo

2011 3999 2313 4056 necessaria
2353 3998 2452 4055 hos
2477 4000 2567 4072 qui
2602 3999 2947 4058 dominantur
2975 4002 3177 4061 habere
3214 4015 3425 4077 oportet
3458 4027 3473 4064 :
3503 4016 3616 4064 ter-

2010 4106 2186 4149 rorem
2235 4092 2460 4162 scilicet,
2510 4103 2565 4150 et
2611 4093 3026 4165 ordinationem,
3079 4106 3134 4154 et
3184 4113 3442 4156 amorem.
3500 4101 3615 4158 Nisi

2010 4190 2154 4272 enim
2182 4197 2391 4244 ametur
2416 4187 2667 4245 dominus
2701 4190 2902 4260 pariter
2942 4202 2997 4247 ct
3025 4202 3315 4262 metuatur,
3336 4195 3613 4254 ordinatio

2011 4280 2154 4336 illius
2182 4292 2430 4343 constare
2458 4282 2680 4339 minime
2705 4292 2901 4355 potest.
2930 4284 3036 4342 Per
3075 4286 3335 4343 beneﬁcia
3382 4302 3513 4359 ergo
3557 4297 3614 4344 et

2011 4374 2372 4431 affabilitatem
2444 4384 2697 4447 procuret
2747 4386 2804 4431 ut
2857 4376 3142 4449 diligatur,
3198 4387 3257 4434 et
3306 4394 3401 4449 per
3439 4378 3614 4449 justas

2010 4469 2289 4535 vindictas,
2317 4484 2422 4525 non
2452 4470 2686 4542 propriae
2712 4470 2942 4540 injuria},
2980 4471 3073 4527 sed
3101 4471 3231 4542 legis
3259 4471 3371 4539 Dei,
3404 4472 3616 4529 studeat

2012 4570 2071 4618 ut
2099 4571 2386 4619 metuatur.
2410 4562 2700 4633 Propterea
2712 4577 2947 4634 quoque,
2965 4562 3091 4619 dum
3121 4564 3273 4619 multi
3302 4564 3537 4636 pendent
3561 4566 3615 4623 in

313 4653 487 4711 lorum
508 4667 665 4724 quam
695 4650 955 4718 vestium,
990 4651 1126 4705 sicut
1149 4648 1304 4706 dccc!
1324 4691 1339 4715 ,
1373 4648 1604 4716 habere;
1632 4664 1753 4705 cum
1777 4650 1912 4705 ῖηάἱ·
1934 4653 1990 4714 D
2016 4669 2104 4723 eo,
2139 4655 2252 4725 ipse
2276 4655 2385 4711 Deo
2414 4654 2696 4711 adhaerere
2729 4654 2910 4723 debet,
2943 4657 3034 4727 qui
3080 4656 3229 4712 illum
3271 4656 3325 4712 in
3361 4657 3615 4715 ducatum

314 4746 434 4819 gnis
458 4743 813 4801 contubernia
858 4757 963 4799 non
992 4743 1168 4810 inire;
1197 4742 1544 4813 supercilioso
1571 4741 1763 4797 intuitu
1812 4759 1909 4799 ne-

314 4840 513 4896 miuem
569 4836 862 4909 aspicere’,
911 4834 1095 4907 vagari
1154 4835 1340 4892 oculos
1388 4850 1493 4892 non
1548 4835 1907 4907 permittere;

315 4929 618 5003 pompatico
647 4939 702 4986 et
729 4928 1048 4985 illecebroso
1074 4943 1263 5000 gressu
1305 4942 1411 4984 non
1445 4927 1730 4995 incedere;
1780 4928 1911 4985 nulli

313 5024 535 5083 inferior
558 5024 612 5080 in
643 5024 879 5095 inctepto
909 5023 1052 5079 bono
1074 5037 1237 5095 opere
1259 5038 1536 5096 apparere,
1569 5024 1698 5080 nulli
1723 5035 1912 5083 contu-

2022 4749 2301 4806 constituit
2331 4766 2347 4818 ;
2377 4749 2467 4821 qui
2494 4749 2560 4805 ad
2584 4748 2845 4819 portanda
2894 4749 3184 4807 multorum
3213 4767 3398 4821 onera,
3441 4752 3615 4824 ipsum

2012 4843 2176 4899 veluti
2217 4842 2493 4900 fortiorem
2549 4841 2820 4899 solidavit.
2868 4842 3106 4901 Paxillus
3157 4847 3299 4901 enim
3348 4846 3455 4902 nisi
3476 4847 3615 4905 bene

2013 4932 2227 4992 fortiter
2286 4935 2550 4999 firmetur,
2580 4941 2631 4990 et
2676 4934 2835 4991 alicui
2890 4935 3097 4993 fortiori
3134 4936 3424 5006 adhaereat,
3455 4954 3617 4997 omne

2016 5025 2160 5098 quod
2225 5025 2280 5082 in
2336 5041 2403 5083 eo
2453 5025 2652 5098 pendet
2697 5026 2806 5084 cito
2851 5026 3079 5098 labitur;
3143 5038 3199 5087 et
3245 5028 3361 5102 ipse
3412 5030 3617 5090 solutus

1555 5164 1801 5222 STEPH.
1847 5166 2124 5226 BALUZII
2160 5164 2394 5224 ΝΟΤᾸΞ.

313 5289 453 5345 bert.
479 5286 631 5355 Quod
656 5283 877 5356 mundus
909 5299 1011 5339 non
1035 5294 1201 5355 potest
1219 5326 1235 5351 ,
1264 5284 1343 5341 uel
1364 5284 1569 5339 minime
1611 5301 1713 5341 non
1755 5301 1901 5356 posse

312 5359 574 5414 dubitatur
599 5356 728 5411 edit.
780 5355 946 5427 Paulo
975 5363 1096 5425 post
1135 5356 1362 5427 legimus
1407 5372 1472 5411 ex
1502 5355 1623 5413 cod.
1657 5356 1898 5414 Colbert.

310 5431 532 5499 cupidus
554 5427 679 5499 vult,
696 5442 791 5495 pro
816 5426 1031 5498 cupida:
1057 5428 1143 5498 qui
1170 5426 1294 5483 vult.

383 5497 605 5573 Purgat.
640 5497 919 5573 Oppugnth
946 5497 1083 5573 Aug.

384 5569 618 5628 Aninmm
648 5579 860 5641 vegetat.
884 5569 1123 5625 Animum
1147 5571 1260 5642 ﬁgit
1280 5571 1469 5630 Morel.
1485 5579 1541 5630 et
1560 5571 1667 5630 duo
1691 5572 1907 5630 codices

311 5658 540 5771 mslsvuui
585 5715 824 5789 inferior.
856 5719 974 5774 Duo
1002 5711 1216 5771 codices
1237 5730 1370 5772 mss.
1404 5712 1568 5772 Nullo
1594 5715 1808 5788 inferior
1828 5718 1909 5773 in-

310 5796 665 5929 fmygiiilium.
689 5864 831 5935 Aug.
857 5861 1059 5918 vilium.

714 5924 993 6024 Ρξτιιοι..
1041 5954 1150 6019 IV.
1197 5953 1258 6018 S.
1296 5924 1615 6021 Cyrnus.

2072 5287 2333 5344 Amicitia.
2357 5286 2475 5344 Duo
2505 5287 2722 5348 codices
2752 5304 2885 5349 mss.
2913 5291 3101 5350 amica.

2078 5357 2244 5442 Quam
2264 5359 2443 5443 animi.
2465 5360 2819 5443 Adduutediti
2837 5364 3029 5443 indiget
3054 5368 3178 5424 ante
3206 5364 3310 5443 has
3329 5385 3508 5443 voces,
3543 5376 3599 5429 et

2021 5431 2407 5556 ogngmoribuc
2428 5442 2554 5489 ante
2581 5433 2820 5491 exerceri.
2854 5434 3086 5515 Secutus
3110 5453 3228 5495 sum
3278 5439 3416 5499 duos
3457 5431 3608 5501 codi-

2021 5517 2039 5556 [ε
2077 5516 2104 5556 s
2180 5515 2257 5556 ss.

2010 5515 2104 5558 085
2125 5515 2257 5558 mss.

2081 5570 2385 5647 Fortitudo.
2408 5576 2546 5647 Aug.
2584 5573 2893 5647 Dominandi
2919 5577 3100 5635 virtus.

2014 5718 2070 5774 in
2333 5643 2425 5702 Sic
2445 5642 2551 5703 duo
2565 5645 2779 5704 codices
2802 5662 2938 5705 mss.
2968 5664 3068 5723 pro
3088 5650 3294 5724 iudicii,
3322 5656 3465 5729 quod
3504 5668 3623 5716 erat

2086 5786 2370 5847 Ferociter.
2397 5790 2561 5849 Deest
2586 5791 2726 5865 apud
2750 5792 2886 5865 Aug.

3031 5955 3111 6024 28
