4214 6266
523 226 637 284 875’
1236 258 1239 259 ν
2074 218 2212 293 ΗΒΕ

3758 220 3924 285 876

534 364 563 402 a
608 348 786 420 rigore
831 361 942 405 suae
986 346 1285 415 ﬁrmitatis,
1337 361 1457 404 eum
1502 347 1758 404 oneribus
1813 349 1879 405 ad
1932 357 2127 403 terram
2156 347 2387 408 Asente
2439 360 2506 404 ex
2582 359 2917 419 quacumque
2975 361 3135 402 causa
3183 348 3482 416 contendit,
3559 351 3907 421 perspicue

541 441 825 497 delabitur.
861 438 949 496 Sic
975 448 1029 494 et
1055 441 1305 511 princeps
1332 440 1434 495 nisi
1476 455 1573 495 suo
1595 439 1870 496 Cumlilori
1901 441 2135 511 pertina-
2238 439 2469 494 ostendit
2497 438 2638 509 quod
2683 439 2828 493 illum
2878 439 3069 509 diligit.
3100 439 3383 506 Quomodo
3422 455 3553 509 ergo
3579 442 3899 497 mundum

542 535 677 588 citer
710 531 1012 597 adhmserit,
1047 540 1099 587 et
1128 536 1262 602 ipse,
1296 541 1350 588 et
1378 548 1538 588 omne
1563 533 1702 604 quod
1746 534 1999 599 continet,
2027 532 2135 587 cito
2238 531 2382 602 diligi
2410 548 2504 601 per
2529 531 2788 587 Joannem
2817 532 3050 603 Spiritus
3074 533 3248 588 sancti
3296 548 3577 591 sermones
3613 534 3901 591 interdi—

544 626 771 696 deperit.
806 623 1030 691 Quidam
1058 641 1285 696 namque
1308 641 1402 697 per
1423 626 1730 681 dominandi
1753 625 1989 681 ofﬁcium
2018 626 2135 696 plus
2247 633 2395 691 cunt,
2424 626 2512 695 qui
2554 625 2628 679 ait
2660 644 2672 678 :
2708 622 2884 679 Nolite
2917 625 3128 695 diligere
3155 625 3421 693 tumidum,
3464 642 3625 698 neque
3649 644 3713 682 ea
3734 642 3899 697 quia

542 714 655 770 Deo
694 715 1145 786 appropinquant,
1179 718 1392 788 quidam
1423 718 1674 799 imposito
1728 719 1826 773 sibi
1868 718 2140 789 dignitatis
2238 719 2292 772 in
2323 718 2513 771 mundo
2544 729 2661 772 sunt
2688 718 2730 790 (l
2758 716 2918 772 Joan.
2951 733 3009 784 ιιι,
3048 717 3157 791 lii).
3199 718 3378 774 Mundi
3424 720 3568 774 cnim
3618 736 3801 775 arnor
3825 730 3900 777 el

542 808 748 866 honore
795 809 1089 867 deteriores
1139 812 1293 867 ﬁunt.
1350 812 1559 885 Moyses
1617 828 1869 884 namque,
1919 822 2140 881 accepto
2246 811 2337 865 Dei
2392 811 2591 881 pariter
2634 812 2685 864 in
2719 826 2825 865 uno
2873 811 3039 866 eorde
3089 810 3400 866 cohabitare
3444 829 3549 867 non
3599 822 3895 883 possunt,

547 905 726 975 populi
779 903 994 970 ducatu,
1043 904 1357 962 familiarius
1389 908 1510 962 -Dei
1556 907 1913 963 locationibus
1956 906 2141 961 utcba-
2242 906 2693 977 quemadmodum
2716 905 2879 961 iidem
2922 905 3061 960 oculi
3089 906 3282 961 eaalum
3312 907 3513 975 pariter
3550 917 3606 961 et
3650 917 3895 963 terram

544 1007 678 1053 tur:
726 997 854 1054 Saul
885 1015 1033 1067 vero,
1084 999 1225 1056 ﬁlius
1263 1002 1374 1065 Cis,
1411 1012 1693 1073 postquam
1730 1008 1937 1073 sceptra
1991 1003 2142 1072 regni
2245 1016 2578 1071 nequaquam
2642 999 3006 1070 couSpiciunt.
3051 998 3162 1055 Sed
3216 999 3596 1070 requirendum
3670 1010 3764 1056 est
3836 1002 3899 1056 si

544 1091 800 1160 suscepit,
830 1106 925 1162 per
952 1088 1326 1148 inobedientiar
1350 1094 1657 1164 superbiam
1706 1093 1871 1148 Deum
1901 1092 2140 1148 offendit.
2246 1111 2373 1151 vere
2399 1095 2450 1148 in
2498 1094 2700 1148 mundo
2752 1093 2955 1164 aliquid
3004 1095 3072 1147 sit
3125 1093 3271 1163 quod
3310 1095 3476 1149 amari
3523 1094 3748 1161 debeat,
3829 1101 3904 1150 cl.

546 1182 662 1238 Rex
693 1182 946 1239 Salomon
974 1194 1255 1258 postquam
1288 1188 1456 1256 patris
1484 1188 1566 1241 sui
1598 1187 1763 1242 David
1795 1188 1979 1243 sedem
2008 1188 2142 1242 obti-
2247 1187 2367 1258 quis
2386 1187 2455 1240 sit
2486 1186 2574 1242 ille
2601 1185 2854 1251 mundus,
2903 1201 3065 1256 quem
3105 1185 3257 1256 diligi
3302 1186 3481 1241 divina
3523 1188 3742 1257 eloquia
3772 1202 3900 1244 ve-

546 1282 681 1348 nuit,
712 1280 851 1337 Deus
884 1282 1028 1337 illum
1064 1282 1201 1337 ultra
1225 1298 1415 1340 omnes
1456 1283 1709 1339 mortales
1759 1284 1903 1337 velut
1950 1282 2018 1347 ad
2062 1284 2146 1337 in-
2252 1288 2385 1333 tant.
2415 1277 2578 1332 Terra
2608 1294 2735 1348 ergo
2756 1293 2876 1333 cum
2919 1278 3262 1347 nascentibus
3302 1294 3368 1334 ex
3395 1294 3481 1344 ea,
3504 1289 3557 1334 et
3594 1281 3893 1351 metallis,

547 1374 822 1429 numerosi
887 1374 1069 1446 populi
1117 1375 1559 1447 gubernationem
1603 1375 1880 1445 sapientia:
1926 1389 2149 1431 munere
2250 1380 2304 1425 et
2331 1370 2711 1435 animantibus,
2740 1380 2789 1425 et
2818 1368 3214 1440 pulchritudine
3253 1371 3502 1434 vestium,
3535 1382 3591 1426 et
3617 1373 3896 1429 oblecta-

548 1466 757 1522 ditavit.
792 1468 830 1522 E
859 1468 1130 1523 contrario
1156 1484 1284 1524 vero
1312 1467 1655 1534 llicroboam,
1683 1484 1873 1524 servus
1902 1467 2148 1524 Salomo-
2251 1460 2485 1514 timliims
2511 1460 2774 1525 CibOI‘Hm.
2806 1469 2863 1515 el
2914 1460 2978 1514 iis
3010 1477 3127 1530 (ιιιίυ
3157 1460 3223 1515 ad
3260 1460 3375 1516 11ωο
3405 1465 3701 1532 Ροΐιῖηθιιι,
3759 1480 3893 1521 non

551 1562 655 1627 nis,
685 1570 973 1632 postquam
1006 1562 1152 1634 regni
1175 1562 1367 1619 domus
1398 1562 1565 1617 David
1589 1563 1866 1634 occupavit
1903 1571 2104 1628 partem
2133 1603 2148 1629 ,
2254 1554 2396 1624 diligi
2423 1554 2770 1624 praecipitur;
2804 1553 2896 1607 sed
2944 1554 3240 1623 proinIIuS,
3295 1566 3513 1624 propter
3542 1558 3705 1624 quem
3755 1557 3895 1613 haec

548 1657 613 1713 ad
642 1656 910 1711 idolorum
938 1656 1137 1712 cultum
1168 1656 1355 1713 decem
1415 1656 1582 1711 tribus
1620 1655 1808 1724 Iwael,
1838 1671 1957 1725 qua}
2000 1664 2153 1709 erant
2255 1647 2432 1699 Otttttitt
2464 1648 2595 1701 facta
2642 1655 2788 1712 sunt,
2822 1647 2990 1700 amari
3036 1646 3275 1716 jubetnr.
3329 1647 3454 1701 "me
3492 1649 3635 1703 enim
3681 1654 3890 1706 onmia

556 1750 608 1804 in
639 1759 790 1820 parte
818 1748 1097 1817 Samaria},
1123 1748 1434 1804 άίνθιιιετοι,
1476 1749 1577 1804 Per
1603 1764 1721 1818 qua;
1756 1746 2002 1815 exempla
2044 1745 2154 1801 evi—
2182 1744 2232 1804 B
2262 1738 2529 1809 pratdicta,
2565 1739 2709 1794 velut
2734 1754 2837 1792 11011
2872 1753 3145 1801 mansura,
3191 1737 3255 1792 3d
3317 1740 3589 1795 caelestem
3639 1744 3886 1810 [mit'inﬂ]

551 1842 742 1899 denter
795 1842 1117 1909 ostenditur,
1163 1842 1425 1912 quosdam
1466 1842 1518 1896 in
1563 1840 1862 1896 snblimiori
1906 1849 2046 1895 statu
2085 1839 2151 1894 ad

2310 1843 2543 1901 :rgentcs
2570 1830 2922 1885 concomitari
2957 1840 3252 1900 nequeunt.
3280 1830 3523 1886 Proximi
3562 1848 3689 1888 vero
3724 1834 3890 1892 velut.

550 1936 810 2005 majorem
854 1933 1241 2004 ρετῖθοιίοιιθηι
1283 1949 1549 2001 crescere,
1587 1934 1846 2003 quosdam
1889 1950 2016 1988 vero
2058 1949 2155 2004 per
2260 1922 2656 1993 tnausurircgis
2674 1921 3005 1987 Cttililll‘t‘dcs,
3036 1923 3354 1994 semctipsos
3384 1923 3607 1979 iiCODlCI‘
3629 1925 3875 1983 invicem

548 2026 899 2097 supercilium
941 2016 1324 2082 dominationis
1363 2027 1429 2081 ad
1461 2026 1725 2083 deteriora
1754 2026 2010 2082 deﬂuere,
2052 2026 2155 2081 Per
2260 2017 2516 2087 diligunt.
2550 2016 2701 2083 Quod
2728 2031 2859 2087 ergo
2884 2031 3099 2084 semper
3126 2015 3178 2070 in
3207 2015 3407 2071 munde
3435 2033 3542 2071 non
3584 2030 3788 2085 ntanet,
3819 2031 3891 2077 et

551 2119 693 2190 quod
714 2130 1000 2189 utrumque
1047 2119 1363 2190 intelligitur
1397 2134 1492 2174 eos
1519 2120 1607 2191 qui
1637 2120 1704 2175 ad
1734 2121 1954 2175 meliora
1983 2128 2156 2174 trans~

2310 2127 2390 2165 um
2438 2109 2646 2165 mundo
2696 2111 2895 2180 pariter
2940 2109 3173 2178 deﬁciet,
3205 2119 3259 2165 et
3301 2109 3412 2179 ipse
3455 2112 3685 2167 mundus
3755 2130 3871 2169 noxi

552 2212 808 2277 cendunt,
844 2228 939 2283 per
972 2212 1224 2268 virtutem
1273 2213 1437 2267 animi
1488 2222 1541 2268 et
1583 2213 1673 2269 Dei
1701 2213 1954 2268 auxilium
1999 2226 2157 2283 posse
2262 2206 2429 2259 amari
2455 2205 2788 2275 pl‘mcipiltll';
2824 2204 3097 2274 DI‘OXimUS
3126 2213 3329 2269 ίιιιιθιη,
3361 2205 3551 2270 quiest
3575 2222 3701 2278 pars
3725 2209 3888 2279 regni

555 2303 607 2360 id
636 2304 835 2371 facere,
889 2314 943 2360 et
971 2321 1066 2362 eos
1109 2305 1201 2376 qui
1229 2304 1295 2361 ad
1344 2304 1613 2361 deteriora
1660 2305 2030 2370 deverluntur,
2066 2320 2160 2376 per
2265 2300 2522 2364 caelestis,
2570 2298 2621 2352 in
2681 2309 2821 2352 terra
2868 2305 2922 2352 et
2968 2298 3106 2351 ittlet‘
3155 2297 3259 2352 ima
3304 2298 3593 2362 elementa,
3652 2314 3683 2353 a
3720 2300 3884 2370 rt'gtti

556 2398 755 2453 mentis
792 2398 1207 2455 imbecillitatem
1234 2400 1433 2469 pariter
1458 2408 1511 2455 et
1552 2394 1925 2472 negligentiam
1955 2415 2158 2456 errare.
2267 2395 2525 2449 etelornm
2570 2394 2959 2464 appetitoribus
2982 2409 3086 2447 non
3134 2393 3426 2463 iucmtgrue
3445 2404 3661 2450 amatur
3689 2435 3704 2460 ,
3745 2396 3879 2452 dum

561 2490 713 2546 Unde
744 2499 797 2545 et
819 2490 1094 2545 dominum
1119 2493 1321 2561 absque
1337 2492 1537 2547 virtute
1562 2492 1676 2547 ﬁeri
1726 2510 1831 2548 non
1862 2493 2033 2557 decet,
2070 2494 2161 2564 qui
2270 2488 2321 2542 in
2347 2504 2595 2558 suprema
2629 2489 2714 2542 illa
2744 2488 2912 2557 patria
2936 2488 2987 2541 in
3015 2498 3273 2543 aeternum
3306 2482 3882 2545 cohfercs‘habebitur.

560 2583 809 2637 virtutem
841 2585 957 2637 sine
997 2583 1087 2637 Dei
1117 2584 1315 2638 auxilio
1355 2585 1661 2641 nullatenus
1691 2584 1870 2658 habet.
1901 2586 2002 2655 Qui
2049 2598 2165 2643 ete-
2273 2564 2561 2653 Propterea
2609 2596 2736 2637 vero
2784 2580 3014 2635 mundus
3046 2596 3421 2651 prmsens-non
3475 2580 3621 2652 diligi
3648 2582 3888 2653 imperata

561 2676 671 2730 nim
703 2675 870 2728 nmlta
900 2683 1096 2743 tuetur,
1128 2676 1170 2730 si
1210 2692 1315 2730 non
1352 2676 1516 2732 habet
1560 2677 1925 2734 fortitudinem
1976 2680 2162 2745 animi,
2275 2687 2380 2743 tur,
2423 2691 2538 2732 nea
2565 2676 2654 2729 Dei
2687 2674 2975 2731 dilectione
3005 2676 3234 2736 alienus.
3275 2674 3457 2728 s:rculi
3488 2674 3710 2730 dilector
3726 2677 3885 2745 quis-

563 2782 670 2823 non
698 2768 838 2823 valet
868 2766 920 2821 id
956 2782 1136 2838 agere,
1164 2770 1416 2838 quoniam
1459 2785 1649 2842 magna
1695 2772 1900 2843 magnis
1948 2771 2170 2827 inl‘esta-
2274 2784 2378 2840 que
2417 2766 2700 2824 cl‘ticiatur.
2750 2767 2864 2822 Non
2909 2782 3038 2837 ergo
3066 2766 3227 2822 debet
3275 2766 3547 2833 Contendi,
3591 2766 3729 2836 quod
3757 2780 3869 2822 non

568 2861 841 2926 tionibus,
894 2862 975 2915 vel
1030 2862 1444 2920 adversitatibus
1489 2865 1666 2921 solent
1696 2866 1958 2921 laborare.
1983 2865 2171 2921 Omnis
2277 2862 2402 2917 licet
2435 2861 2623 2915 amari.
2676 2860 2839 2930 Igitur
2864 2858 3225 2924 Christianus,
3267 2863 3358 2931 qui
3415 2861 3641 2918 nominis
3673 2858 3879 2915 Christi

576 2967 705 3024 ergo
734 2952 824 3023 qui
854 2961 1066 3022 praeest,
1091 2953 1194 3009 hoc
1221 2953 1471 3024 primitus
1514 2957 1676 3010 animi
1721 2966 1827 3011 tota
1879 2958 2173 3033 intentione
2278 2955 2679 3011 sin‘iilitndinem
2727 2964 2894 3019 tenet,
2929 2970 3137 3008 morum
3169 2971 3384 3027 quoque
3435 2957 3551 3025 ejus
3582 2953 3884 3011 similitudi-

568 3055 853 3115 procnret,
883 3054 942 3100 ut
971 3061 1065 3115 per
1102 3048 1283 3102 omnia
1307 3046 1373 3104 de
1406 3050 1497 3104 Dei
1521 3049 1789 3120 adjutorio
1818 3051 2037 3106 omnino
2066 3068 2172 3106 non
2284 3065 2409 3104 nem
2464 3048 2662 3103 habere
2713 3048 2893 3103 debet.
2953 3047 3289 3103 Christianus
3342 3049 3485 3103 enim
3536 3063 3697 3103 nemo
3741 3057 3886 3103 recte

570 3124 796 3191 dubitet.
822 3136 878 3191 Si
907 3152 1140 3206 namque
1162 3139 1385 3209 coeperit
1430 3141 1482 3194 in
1504 3140 1709 3196 actibus
1738 3143 1852 3198 suis
1881 3143 2166 3199 auxiliato-
2201 3140 2246 3204 C
2280 3143 2496 3208 dicitur,
2552 3142 2656 3197 nisi
2720 3141 2810 3211 qui
2865 3139 3085 3196 Christo
3146 3141 3383 3196 moribus
3433 3146 3762 3211 coaequatur.
3812 3140 3886 3196 De

578 3245 692 3284 rem
723 3229 921 3283 habere
945 3228 1229 3284 Dominum
1262 3231 1622 3300 dominorum,
1675 3235 1852 3290 nullus
1900 3235 2175 3291 hominum
2281 3235 2498 3291 Christo
2524 3249 2650 3288 vero
2681 3249 2776 3303 per
2800 3233 3129 3302 Prophetam
3154 3234 3222 3288 ita
3249 3232 3497 3287 scribitur
3524 3249 3540 3285 :
3576 3230 3712 3286 Ecce
3744 3232 3890 3301 ﬁlius

578 3322 908 3390 contemptui
934 3323 1129 3390 poterit
1156 3321 1352 3377 habere
1375 3323 1491 3392 ejus
1518 3324 1847 3381 dominatum
1870 3345 1880 3377 :
1901 3328 2023 3383 Non
2048 3330 2182 3383 enim
2284 3310 2425 3384 meus
2450 3344 2597 3398 quem
2634 3328 2781 3399 elegi.
2823 3328 3008 3382 electus
3040 3342 3194 3393 mens,
3241 3326 3543 3395 complacuit
3581 3327 3635 3380 in
3662 3325 3756 3380 illa
3785 3328 3890 3381 sibi

590 3421 665 3466 est
691 3421 910 3480 potestas
938 3413 1039 3466 nisi
1076 3429 1107 3465 a
1135 3412 1238 3468 Deo
1290 3413 1467 3487 (Rom.
1502 3414 1640 3490 xm).
1672 3415 1793 3487 Ipse
1828 3420 1971 3473 enim
2008 3420 2187 3476 elevat
2287 3415 2461 3476 anima
2502 3437 2611 3476 mea
2637 3438 2655 3475 :
2677 3438 2864 3492 ponant
2907 3421 3161 3493 Spiritum
3202 3424 3360 3474 meum
3385 3435 3539 3490 super
3588 3434 3728 3473 cuin.
3767 3417 3894 3474 Non

586 3505 655 3561 de
675 3516 914 3561 stercore
950 3521 1199 3577 egenum,
1226 3516 1280 3563 et
1303 3507 1493 3564 sedere
1538 3510 1661 3564 facit
1692 3526 1815 3566 cum
1861 3511 2187 3582 principibus
2303 3516 2586 3579 contendet,
2621 3531 2777 3584 neque
2805 3515 3065 3579 clamabit,
3100 3531 3258 3584 neque
3284 3514 3455 3568 audiet
3480 3513 3672 3585 aliquis
3695 3514 3747 3568 in
3777 3515 3892 3584 plac

583 3597 762 3669 poriuli
792 3598 895 3665 sui,
925 3609 973 3653 et
991 3597 1211 3669 deponit
1241 3609 1487 3670 potentes
1516 3600 1583 3658 de
1621 3602 1769 3669 sede,
1801 3614 1852 3657 et
1875 3606 2076 3659 exaltat
2100 3604 2191 3659 hu-
2296 3606 2554 3663 teaaocem
2576 3605 2804 3679 ejus(ls.
2826 3608 3028 3674 sunt;
3056 3606 3243 3661 Matth.
3264 3622 3357 3669 xu,
3378 3604 3489 3676 18).
3507 3606 3642 3660 Ecce
3655 3604 3893 3660 Christus

582 3694 778 3760 miles;
816 3704 871 3748 ut
898 3683 1156 3751 subditus
1180 3693 1271 3751 ﬁat
1300 3696 1476 3753 omnis
1513 3696 1744 3753 mundus
1776 3697 1883 3753 Deo
1939 3708 1992 3755 et
2038 3709 2193 3772 egeat
2297 3719 2401 3756 non
2421 3700 2717 3767 contendit,
2748 3715 2921 3770 neque
2941 3700 3190 3755 clamavit
3217 3711 3303 3754 :et
3323 3708 3379 3753 tu
3407 3701 3450 3753 si
3476 3712 3675 3752 morum
3695 3694 3888 3752 Christi

585 3788 754 3860 gloria
786 3787 901 3843 θεῖ·
1668 3793 1674 3799 ’
2301 3795 2706 3853 similitudinem
2736 3806 2917 3851 tenere
2936 3794 3109 3865 cupis,
3138 3809 3207 3851 ne
3221 3793 3532 3858 contendas,
3556 3806 3621 3847 ne
3644 3790 3885 3846 abusivus

2302 3893 2355 3945 in
2381 3890 2621 3945 Ecclesia
2648 3888 2990 3945 Christianus
3012 3890 3236 3944 existas.
3265 3886 3393 3943 Suis
3435 3885 3581 3942 enim
3623 3882 3895 3939 sectatori-

2304 3983 2406 4038 bus
2431 3982 2674 4037 Christus
2699 3980 2989 4051 prteeepit:
3025 3980 3201 4035 Nolite
3239 3980 3411 4035 vocari
3464 3978 3645 4042 rabbi;
3674 3991 3804 4031 unus
3825 3982 3897 4029 est

2306 4079 2437 4133 enim
2467 4084 2611 4147 pater
2636 4086 2814 4140 vester,
2835 4075 2919 4146 qui
2950 4077 3003 4151 in
3024 4075 3163 4140 talis
3185 4086 3277 4129 est.
3311 4073 3497 4128 Otum
3529 4072 3667 4127 enim
3688 4085 3771 4125 θοι
3794 4072 3897 4139 [ναι

2309 4181 2407 4225 tres
2451 4170 2565 4224 estis
2607 4168 2820 4239 (Matth.
2851 4185 2997 4232 χχιιι,
3031 4168 3112 4237 8),
3171 4169 3364 4239 quibus
3404 4166 3472 4223 ad
3498 4163 3893 4236 supplicandum

2312 4262 2615 4331 imperavit,
2644 4276 2765 4316 cum
2793 4260 2922 4315 dicit
2948 4278 2960 4313 :
3012 4260 3103 4316 Sic
3124 4271 3296 4315 autem
3324 4259 3534 4313 ambitis
3559 4274 3578 4313 :
3609 4256 3765 4310 Pater
3789 4271 3899 4309 nos-

1198 3922 1426 3982 CAI‘UT
1467 3924 1580 3980 VII.

666 4055 938 4126 Septimus
1004 4056 1276 4111 abusionis
1318 4056 1514 4127 gradus
1558 4066 1641 4113 est
1666 4058 2002 4113 Christianus
2068 4076 2204 4115 conv

603 4150 886 4214 tentiosus,
927 4148 1181 4219 qui,cum
1227 4150 1680 4220 participationem
1731 4153 1962 4207 nominis
2006 4152 2203 4208 Christi

599 4257 705 4313 per
729 4241 886 4297 ﬁdem
944 4250 998 4297 et
1046 4240 1376 4313 Baptismum
1429 4245 1745 4314 susceperit,
1786 4255 1970 4302 contra
2012 4248 2206 4303 Christi

601 4334 744 4390 dicta
796 4341 852 4389 et
905 4334 1258 4404 propositum,
1320 4335 1502 4391 mundi
1567 4338 1765 4393 caduca
1820 4340 2209 4397 delectamenta

2315 4365 2387 4407 ter
2402 4356 2487 4423 qui
2505 4356 2557 4408 in
2574 4355 2733 4420 cretis,
2749 4353 3097 4422 sonctiﬁcctur
3115 4370 3296 4408 nomen
3330 4363 3472 4407 tuum
3491 4351 3703 4425 (Matth.
3736 4366 3801 4415 rt,
3821 4349 3897 4418 9).

524 4506 541 4513 ἡ
604 4426 797 4498 diligit.
825 4424 997 4481 Omne
1045 4427 1189 4483 enim
1239 4427 1308 4482 de
1353 4442 1462 4499 quo
1513 4430 1896 4498 contenditur,
1952 4443 2043 4486 aut
2092 4449 2212 4503 pro~

2316 4446 2535 4502 Frustra
2578 4462 2708 4517 ergo
2754 4446 3031 4501 contendit
3074 4456 3279 4516 patrem
3322 4460 3385 4501 se
3424 4445 3629 4500 habere
3665 4443 3715 4498 in
3743 4452 3904 4516 tem,

610 4532 727 4592 pter
771 4522 1041 4592 propriam
1090 4522 1206 4592 ejus
1255 4524 1332 4579 rei
1370 4523 1710 4579 dilectionem
1756 4523 1823 4580 de
1860 4541 1961 4595 qua
2004 4526 2211 4598 agitur,

2320 4543 2407 4611 qni
2440 4552 2643 4611 patrem
2691 4552 2743 4596 et
2773 4541 2996 4610 patriam
3026 4540 3305 4611 proﬁtetur
3331 4555 3391 4595 se
3437 4538 3634 4595 habere
3660 4538 3711 4592 in
3746 4535 3894 4592 ccio.

610 4623 703 4668 aut
748 4622 967 4684 propter
1009 4613 1227 4669 alterius
1275 4630 1539 4682 amorem,
1588 4632 1706 4686 qua:
1741 4618 1840 4671 sub
1876 4618 2056 4674 odiosa
2088 4634 2212 4690 spe-

2318 4635 2483 4704 Cujus
2526 4634 2714 4704 patria:
2763 4649 2923 4688 nemo
2950 4647 3232 4707 possessor
3280 4632 3532 4693 efﬁcitur.
3587 4630 3688 4685 nisi
3731 4627 3902 4701 quidc

611 4708 693 4762 cie
741 4707 890 4771 latet,
944 4709 1231 4778 appetitur.
1283 4709 1766 4779 Quemadmodum,
1824 4713 1972 4768 verbi
2022 4717 2211 4785 gratia,

2321 4737 2547 4783 terrenae
2571 4727 2756 4797 patria:
2780 4722 3130 4782 contentione
3148 4740 3370 4782 securus
3400 4724 3647 4780 habetur.

612 4799 811 4854 bellum
833 4800 1079 4854 animoso
1104 4804 1575 4871 compugnandum
1605 4803 1855 4859 conﬂictu
1884 4820 2006 4860 cum
2028 4805 2216 4863 odiosa

616 4908 707 4949 res
742 4894 832 4959 sit,
857 4903 1077 4966 propter
1104 4911 1345 4950 amorem
1388 4897 1625 4952 vietor-im
1670 4909 1724 4953 et
1762 4899 2024 4955 libertatis
2065 4916 2217 4969 pera-

614 4985 793 5057 gitur;
823 4992 874 5038 et
902 4987 1089 5041 multa:
1112 4989 1232 5041 alite
1271 4989 1480 5043 dilecta:
1519 4991 1745 5059 species,
1778 4992 1876 5047 sub
1902 4993 2090 5049 odioso
2137 4994 2214 5048 la-

2917 4884 3149 4942 CAPUT
3190 4884 3323 4940 \’lll.
3414 4848 3419 4853 θ

2392 5001 2623 5056 Octavus
2679 5000 2953 5056 abusionis
3022 5000 3220 5072 gradus
3282 5010 3401 5067 cst,
3460 5013 3664 5069 pauper
3727 5011 3898 5066 super-

612 5078 745 5133 bore
765 5079 843 5132 vel
868 5078 1169 5144 formidine,
1197 5081 1325 5135 satis
1345 5083 1679 5138 contentiose
1693 5093 2039 5153 expetuntur.
2065 5086 2216 5144 Unde

615 5171 1191 5242 patenterintelligitur
1218 5174 1349 5236 nihil
1388 5176 1638 5231 contendi
1662 5193 1839 5249 posse,
1871 5180 1971 5235 nisi
1998 5192 2217 5252 promer

616 5266 983 5332 dilectionem,
1016 5277 1283 5336 speratam
1311 5268 1520 5327 scilicet
1543 5279 1597 5326 et
1625 5272 2043 5342 subsequentem
2064 5288 2213 5330 ama-

620 5360 784 5417 bilem
814 5361 1333 5421 remunerationem.
1385 5363 1493 5432 Qui
1536 5364 1696 5437 igitur
1731 5364 1801 5421 de
1825 5366 2031 5422 minuto
2080 5383 2214 5439 prse-

2323 5094 2459 5161 bus,
2525 5097 2635 5167 qui,
2690 5098 2821 5151 nihil
2866 5096 3187 5162 habens,‘in
3244 5096 3550 5167 superbiam
3603 5094 3898 5151 extollitur:

2319 5203 2442 5243 Cum
2481 5204 2511 5242 θ
2540 5192 2814 5248 cotttrario
2854 5189 3109 5243 divitibus
3151 5189 3339 5243 sa'cul't
3386 5174 3493 5243 non
3541 5186 3769 5257 superbe
3819 5199 3901 5239 sa-

2320 5296 2448 5351 pere
2502 5297 2598 5352 per
2646 5274 2949 5353 apostolum
2987 5282 3213 5338 Paulum
3261 5282 3574 5353 imperetur.
3625 5276 3760 5347 Quid
3787 5288 3900 5347 ergo

2320 5375 2565 5429 stolidius
2592 5386 2765 5445 potest
2802 5376 2919 5432 ﬁeri
2968 5393 3127 5448 quam
3181 5374 3331 5432 illum
3372 5376 3461 5447 qui
3514 5388 3612 5445 per
3657 5369 3897 5428 inﬁrmat

1860 5484 2107 5543 STEPH.
2150 5488 2231 5545 BA
2240 5490 2427 5548 LUZII
2460 5492 2690 5549 NOTIE.

648 5622 653 5629 ,
687 5567 1097 5627 Transcendunt.
1129 5572 1219 5629 Sic
1238 5573 1360 5630 cod.
1383 5572 1539 5631 Colb.
1576 5574 1998 5633 Candmendunt
2025 5579 2153 5637 edit.

2393 5585 2639 5641 Invicem.
2669 5587 2819 5644 Hane
2846 5605 3032 5648 vocem
3070 5588 3253 5655 addidi
3302 5602 3375 5646 ex
3397 5586 3615 5645 duobus
3648 5598 3774 5642 mss.
3799 5580 3894 5640 hio-

683 5637 845 5731 ngqt
865 5643 1050 5731 gto‘gjio.
1091 5642 1177 5702 Sic
1205 5645 1390 5703 Morel.
1423 5654 1478 5702 et
1529 5647 1635 5704 duo
1678 5664 1810 5706 mss.
1841 5667 1854 5703 :
1885 5658 2030 5722 egeat
2055 5652 2223 5710 enini:
2320 5637 2675 5731 miseritis;

609 5710 787 5784 glorias
816 5710 879 5768 in
900 5714 1038 5771 aliis.
