4202 6272
299 278 405 337 877

1309 272 1402 330 DE
1442 266 1795 329 DUODECIM
1832 264 2293 327 ABUSIONIBUS
2333 261 2623 323 SECULI.

3424 306 3438 319 .
3498 267 3608 328 878

301 391 571 448 miseriam
614 393 755 447 velut
783 392 836 448 in
859 399 1059 448 terram
1107 390 1371 461 abjectus,
1411 401 1687 447 extremus
1721 397 1777 445 et
1799 388 1899 444 hu-
1924 390 1977 451 Α
2002 383 2322 456 opprimere,
2352 382 2469 439 sine
2499 394 2845 451 personarum
2888 380 3201 451 acceptione
3246 378 3387 439 inter
3431 384 3607 443 virum

299 487 443 541 milis
497 485 754 542 incedere
796 496 851 542 et
882 487 1190 542 contristari
1226 486 1505 553 debuerat,
1544 489 1903 556 supercilioso

298 580 565 651 superbia:
596 591 806 637 tumore
830 581 1066 635 inflatam
1099 564 1332 636 mentem
1371 591 1555 637 contra
1589 583 1757 638 Deum
1790 586 1899 640 eri-

297 674 461 741 gere?
484 673 586 729 Per
605 674 747 744 quod
771 674 954 728 vitium
980 673 1111 743 lapsi
1136 684 1473 742 corruerunt,
1492 676 1582 745 qui
1610 677 1659 729 in
1686 691 1900 733 summo

299 767 419 823 ρωιὶ
470 766 669 821 conditi
721 778 874 822 erant
915 769 1170 823 culmine.
1218 769 1354 835 Quid
1407 784 1538 840 ergo
1589 770 1701 825 vult
1744 771 1899 842 quasi

301 870 491 930 potens
519 861 570 915 in
602 870 743 915 terra
772 861 1054 930 superbire
1084 903 1098 925 .
1130 862 1220 931 qui
1251 878 1361 932 prm
1382 863 1631 918 onmibus
1660 863 1898 918 hornini-

299 955 398 1010 bus
424 955 682 1011 debuerat
710 953 927 1008 humilis
946 956 1246 1024 apparere?
1267 955 1395 1023 Sed,
1418 972 1483 1010 ne
1500 956 1567 1012 de
1590 967 1900 1029 paupertate

297 1063 391 1103 sua
450 1047 719 1103 tristitiam
773 1046 1025 1115 habeant,
1053 1047 1180 1118 quid
1222 1064 1250 1102 a
1308 1049 1419 1103 Deo
1469 1052 1737 1120 recepturi
1792 1052 1900 1106 sint

300 1155 566 1210 pauperes
586 1139 896 1205 attendant;
924 1140 1036 1210 ipse
1056 1140 1199 1194 enim
1231 1140 1403 1211 inquit
1434 1159 1448 1195 :
1474 1139 1624 1195 Beati
1650 1157 1901 1212 pauperes

299 1234 511 1303 spiritu,
561 1233 799 1305 quoniam
816 1233 1044 1303 ipsorum
1078 1243 1150 1287 est
1178 1249 1391 1303 regnum
1418 1234 1655 1287 caularum
1678 1233 1897 1308 (Matth.

226 1385 235 1393 ,
300 1342 355 1392 v,
384 1324 465 1398 5).
511 1327 676 1381 liecta
702 1341 931 1396 namque
956 1324 1356 1395 dispensatione
1394 1326 1699 1383 misericors
1732 1326 1902 1398 judex

298 1420 420 1475 caeli
462 1434 686 1490 regnum
727 1418 832 1473 illis
872 1417 1160 1472 committit
1206 1418 1396 1487 quibus
1438 1421 1587 1491 regni
1633 1431 1901 1475 terrarum

301 1513 756 1584 participationem
790 1511 928 1566 inter
955 1510 1210 1565 mortales
1246 1511 1484 1580 abstulit,
1546 1523 1603 1569 ut
1648 1516 1764 1586 ipse
1814 1517 1901 1572 di-

300 1622 394 1662 ves
417 1608 468 1661 in
507 1605 631 1663 cmli
661 1604 790 1661 sede
841 1614 1097 1674 appareat
1138 1605 1226 1675 qui
1257 1605 1309 1659 in
1344 1614 1482 1661 terra
1511 1608 1722 1678 penitus
1769 1607 1905 1663 nihil

300 1709 571 1769 procurat.
619 1698 928 1754 Cavendum
980 1715 1109 1770 ergo
1153 1699 1480 1770 pauperibus
1525 1709 1610 1757 est
1654 1715 1744 1768 ne,
1770 1701 1900 1756 dum

2002 488 2056 533 et
2082 478 2383 549 proximum
2414 491 2571 532 suum
2594 476 2739 545 juste
2780 474 3044 545 judicare,
3072 475 3296 532 advenis
3324 485 3379 533 et
3421 478 3603 549 pupil-

2003 573 2068 628 lis
2095 581 2149 628 et
2181 572 2354 627 viduis
2401 569 2738 626 defensorem
2768 583 2908 632 esse,
2942 568 3081 624 furta
3127 570 3402 637 cohibere,
3452 572 3606 628 adul-

2004 664 2135 719 teria
2184 663 2391 733 punire,
2437 662 2649 732 iniquos
2714 675 2819 716 non
2885 662 3143 728 exaltare.
3196 661 3497 732 impudicos
3549 672 3608 720 et

2005 759 2292 814 histriones
2318 772 2424 812 non
2451 754 2672 821 nutrire,
2700 754 2894 823 impios
2924 752 2992 809 de
3025 762 3164 810 terra
3194 755 3440 825 perdere,
3476 773 3605 827 par-

2002 852 2199 909 ricidas
2240 859 2296 908 et
2349 850 2648 920 pejerantes
2694 847 2879 903 vivere
2924 862 3031 902 non
3091 848 3290 916 sinere,
3344 848 3607 905 ecclesias

2003 946 2316 1011 defendere,
2359 956 2621 1015 pauperes
2647 941 3004 1011 elcemosynis
3030 940 3199 1009 alere,
3220 940 3395 1011 justas
3438 957 3604 1012 super

2004 1043 2151 1109 regni
2181 1039 2391 1109 negotia
2418 1038 2769 1103 constituere,
2799 1044 3052 1091 senes.et
3096 1035 3368 1104 sapientes
3419 1044 3472 1090 et
3515 1051 3605 1091 se-

2003 1134 2151 1189 brios
2174 1131 2510 1188 consiliarios
2557 1129 2773 1195 habere,
2819 1142 3119 1199 magorum,
3160 1126 3467 1183 ariolorum'
3507 1145 3609 1201 py.

2005 1226 2473 1294 thonissarumque
2552 1219 3023 1290 superstitionibus
3103 1234 3208 1275 non
3275 1220 3552 1276 intendere
3585 1263 3606 1290 ,

2005 1319 2332 1374 iracundiam
2363 1316 2601 1383 diﬂ‘erre,
2642 1314 2865 1386 patriam
2910 1313 3118 1369 fortiter
3142 1323 3193 1369 et
3236 1314 3381 1385 juste
3419 1324 3614 1372 contra

2004 1411 2342 1467 adversarios
2367 1409 2678 1475 defendere,
2704 1423 2797 1477 per
2837 1406 3020 1463 omnia
3061 1409 3114 1460 in
3157 1406 3266 1462 Deo
3307 1408 3603 1472 confidere,

2006 1503 2451 1573 prosperitatibus
2477 1502 2712 1557 animum
2736 1516 2842 1556 non
2874 1498 3107 1566 elevare,
3157 1507 3346 1554 cuncta
3382 1500 3612 1558 adversa

2005 1599 2273 1670 patienter
2298 1598 2546 1663 tolerare,
2578 1596 2735 1652 fidem
2763 1594 3083 1651 catholicam
3114 1593 3169 1650 in
3193 1594 3360 1650 Deum
3384 1595 3609 1662 habere,

2006 1694 2143 1749 filios
2169 1709 2296 1749 suos
2336 1708 2441 1748 non
2466 1693 2649 1749 sinere
2687 1690 2850 1761 impie
2876 1705 3057 1761 agere,
3089 1689 3251 1746 certis
3294 1690 3440 1746 horis
3482 1706 3609 1747 ora-

301 1808 398 1862 per
462 1801 755 1863 egestatem
809 1803 865 1848 et
914 1794 1291 1849 necessitatem
1339 1805 1611 1850 terrenum
1680 1811 1904 1875 regnum

2012 1787 2244 1843 tionibus
2274 1786 2542 1850 insistere,
2590 1793 2717 1839 ante
2747 1783 2910 1839 horas
2963 1797 3227 1853 congruas
3271 1783 3448 1839 cibum
3497 1799 3613 1841 non

299 1892 646 1955 prmtcrennt,
685 1900 780 1955 per
809 1887 1004 1942 mentis
1029 1887 1188 1942 etiam
1227 1887 1610 1958 impudentiam
1639 1890 1904 1945 crelorum

299 1991 463 2047 regna
511 1978 779 2032 amittant.
812 1977 944 2033 Cum
988 1981 1130 2034 enim
1182 1980 1275 2035 Dei
1327 1980 1728 2050 diSpensatione
1771 1998 1907 2053 pau-

301 2079 560 2139 pertatem
582 2071 938 2126 necessariam
962 2082 1309 2143 acceperunt,
1335 2074 1387 2128 in
1419 2074 1659 2145 ipsorum
1675 2075 1906 2135 arbitrio

303 2162 501 2232 pendet
546 2172 722 2219 utrum
786 2180 1050 2235 pauperes
1097 2167 1291 2236 spiritu
1333 2168 1459 2229 sint.
1518 2169 1633 2225 Non
1682 2172 1905 2241 quihus-

302 2271 533 2327 cumque
563 2273 793 2328 namque
820 2258 1141 2328 pauperibus
1157 2261 1276 2316 (ξωΙί
1306 2276 1467 2331 regna
1498 2263 1903 2331 promittuntur,

303 2349 399 2405 sed
456 2349 538 2404 his
586 2351 951 2406 tantummodo
1001 2352 1053 2405 in
1097 2353 1291 2423 quibus
1325 2353 1634 2409 divitiarum
1669 2356 1906 2427 inopiam

303 2447 609 2523 animorum
644 2448 914 2503 lunnilitas
934 2451 1240 2506 comitatur.
1282 2451 1489 2523 Pauper
1507 2454 1650 2508 enim
1689 2453 1908 2509 Immitis

308 2553 509 2608 pauper
530 2539 719 2609 spiritu
754 2540 1073 2610 appellatur,
1097 2544 1206 2611 qui,
1237 2558 1361 2598 cum
1393 2560 1592 2615 egenus
1632 2545 1762 2601 foris
1791 2562 1911 2601 cer-

307 2631 469 2698 nitur,
523 2647 810 2702 numquam
864 2635 916 2687 in
967 2636 1274 2704 superbiam
1303 2636 1543 2693 elevatur
1587 2654 1603 2696 :
1654 2638 1907 2707 quoniam

306 2722 373 2778 ad
390 2724 689 2794 appetenda
716 2740 878 2795 regna
907 2728 1168 2782 ccelorum
1200 2727 1318 2797 plus
1345 2729 1483 2783 valet
1507 2730 1701 2784 mentis
1731 2730 1909 2785 humi-

306 2825 407 2884 tas,
441 2832 599 2886 quam
647 2819 992 2888 prresentium
1052 2821 1358 2876 divitiarum
1425 2822 1737 2893 temporalis
1775 2838 1907 2892 pau-

288 2921 507 2980 pertas.
543 2910 753 2965 Etenim
776 2910 1009 2966 hutniles
1036 2912 1126 2983 qui
1174 2914 1311 2968 bene
1365 2912 1581 2968 divitias
1633 2927 1911 2984 possessas

311 3002 528 3066 habent,
565 3015 786 3073 possunt
810 3021 1072 3076 pauperes
1100 3005 1290 3075 spiritu
1319 3007 1573 3076 appellari
1607 3023 1620 3059 :
1649 3006 1912 3077 superbos

308 3105 485 3150 autem
518 3098 648 3151 nihil
705 3099 981 3165 habentes,
1016 3099 1155 3153 haud
1205 3099 1425 3155 dubium
1453 3111 1537 3155 est
1576 3100 1911 3157 beatitudine

2008 1890 2245 1953 gustare.
2299 1877 2390 1934 Va:
2415 1878 2551 1933 enim
2602 1887 2749 1932 terra:
2786 1877 2936 1947 cujus
2975 1892 3066 1931 rex
3095 1893 3219 1947 puer
3254 1887 3346 1944 est,
3398 1887 3444 1931 et
3465 1878 3615 1948 cujus

1988 1975 2263 2053 principes
2314 1988 2461 2027 marte
2497 1971 2764 2026 comedunt
2817 1968 3016 2039 (Eccle.
3052 1986 3105 2029 ι,
3130 1968 3255 2053 710).
3287 1969 3414 2027 Haec
3462 1970 3618 2040 regni

2011 2065 2417 2138 prosperitatem
2445 2064 2497 2119 in
2524 2061 2771 2132 praesenti
2802 2060 3023 2127 faciunt,
3053 2070 3107 2117 et
3130 2052 3310 2133 regem
3338 2062 3404 2118 ad
3422 2063 3617 2119 caeles-

2011 2160 2080 2215 tia
2114 2173 2276 2228 regna
2321 2157 2543 2213 meliora
2571 2155 2887 2225 perducunt.
2919 2153 3020 2221 Qui
3065 2168 3195 2209 vero
3241 2170 3462 2224 regnum
3506 2170 3618 2212 non

2009 2250 2303 2313 secundum
2355 2250 2492 2305 hanc
2536 2248 2710 2320 legem
2753 2247 3047 2318 dispensat,
3099 2244 3295 2301 multas
3357 2244 3616 2299 nimirum

2010 2343 2360 2399 adversitates
2425 2340 2636 2412 imperii
2697 2337 2963 2395 tolerabit.
3036 2336 3237 2391 Idcirco
3304 2336 3446 2390 enim
3502 2350 3616 2407 pax

2010 2452 2153 2508 saepe
2184 2435 2506 2507 populorum
2536 2432 2816 2504 rumpitur,
2867 2440 2921 2487 et
2960 2428 3277 2486 olfendicttla
3327 2429 3486 2483 etiam
3543 2426 3617 2485 de

2010 2545 2179 2600 regno
2223 2530 2575 2593 suscitantur,
2625 2534 2890 2581 terrarum
2938 2537 3150 2593 quoque
3197 2519 3403 2575 fructus
3455 2518 3617 2574 dimi-

2010 2631 2269 2687 nuuutur,
2301 2630 2355 2677 et
2385 2620 2602 2677 servitia
2630 2617 2950 2690 pepulerum
2995 2613 3415 2696 praepediuntur,
3462 2611 3619 2667 multi

2013 2726 2070 2771 et
2097 2716 2229 2771 varii
2256 2715 2469 2770 dolores
2496 2712 2907 2784 prosperitatem
2956 2708 3102 2778 regni
3131 2707 3392 2772 inficiunt,
3420 2709 3620 2761 charo-

2014 2822 2130 2860 rum
2167 2815 2223 2862 et
2241 2805 2529 2859 liberorum
2558 2810 2760 2857 mortes
2801 2800 3072 2853 tristitiam
3118 2796 3423 2863 conferunt,
3479 2796 3612 2850 bos-

2013 2902 2142 2956 tium
2194 2901 2441 2956 incursus
2489 2896 2789 2969 provincias
2856 2892 3089 2962 undique
3137 2899 3366 2956 vastant,
3430 2889 3619 2943 bestia:

2013 3004 2377 3051 armentorum
2402 3000 2454 3046 et
2480 3004 2730 3061 pecorum
2778 3001 2969 3059 greges
3018 2984 3314 3038 dilacerant
3342 3000 3355 3036 :
3387 2991 3621 3051 tempes-

2017 3096 2153 3142 tates
2179 3086 2321 3141 aeris
2345 3093 2400 3139 et
2426 3082 2634 3155 lryemis
2675 3090 2937 3136 terrarum
2990 3074 3391 3132 fmcunditatem
3421 3084 3475 3128 et
3502 3088 3619 3127 ma-

309 3190 637 3259 paupertatis
661 3191 877 3261 privari,
916 3192 992 3246 De
1020 3192 1214 3263 quibus
1240 3178 1478 3262 ίιινιεφιε
1509 3203 1692 3248 sane“,
1724 3193 1907 3263 scrip.
1933 3191 1979 3255 ρ
2015 3179 2089 3234 ris
2143 3176 2439 3233 ministeria
2486 3172 2768 3263 prohibent
2804 3213 2821 3263 ,
2880 3178 2955 3225 et.
2988 3165 3274 3263 aliquando
3335 3164 3620 3221 fulminum
3704 3194 3710 3201 -

311 3289 425 3335 tura
454 3281 524 3335 ita
554 3282 789 3352 loquitur
820 3301 835 3337 :
868 3282 962 3337 Est
983 3284 1135 3354 quasi
1163 3284 1300 3337 dives
1344 3284 1477 3338 nihil
1514 3285 1721 3350 habens,
1764 3297 1810 3342 et
1839 3294 1911 3342 est

312 3375 459 3442 quasi
484 3391 695 3445 pauper,
723 3391 841 3428 cum
866 3377 922 3429 in
949 3376 1123 3430 mauis
1151 3377 1340 3430 diuitiis
1385 3374 1451 3430 sit
1485 3376 1663 3447 (Prov.
1693 3395 1806 3445 χιιι,
1832 3379 1910 3449 7).

310 3463 471 3531 Quasi
512 3481 717 3536 panper
741 3482 869 3538 ergo
899 3469 949 3522 in
979 3469 1157 3523 multis
1186 3469 1386 3523 divitiis
1413 3479 1499 3523 est
1539 3470 1690 3527 dives
1732 3471 1911 3527 humi-

312 3556 378 3610 lis
424 3558 652 3627 spiritu;
714 3568 767 3614 et
804 3560 939 3614 nihil
990 3561 1194 3617 habens
1236 3564 1385 3633 quasi
1413 3563 1565 3620 dives
1591 3574 1675 3621 est
1716 3582 1915 3638 pauper

309 3650 576 3719 superbus
598 3653 792 3706 mentis
815 3651 1029 3708 aﬂ'ectu.
1056 3653 1261 3711 Nobilis
1288 3671 1418 3727 ergo
1446 3657 1624 3727 inopia
1648 3669 1731 3712 est
1759 3674 1912 3713 men-

313 3743 380 3797 tis
431 3743 726 3812 bumilitas,
802 3755 859 3802 et
913 3748 1110 3818 inepta
1158 3748 1359 3804 divitia:
1414 3760 1541 3804 sunt
1611 3752 1912 3806 animorum

312 3840 626 3894 enormitas.
673 3840 1070 3897 Providendum
1126 3853 1213 3898 est
1268 3858 1397 3914 ergo
1456 3845 1800 3915 pauperibus,
1860 3854 1917 3900 ut

313 3934 655 4003 semetipsos,
706 3935 892 4005 quales
950 3937 1078 4004 sint,
1131 3936 1463 4007 intelligant;
1492 3946 1546 3991 et
1584 3938 1706 4008 quia
1752 3937 1916 3994 rebus

310 4028 566 4097 consequi
611 4028 755 4098 quod
803 4029 1027 4099 cupiunt
1078 4045 1186 4083 non
1230 4030 1430 4096 valent,
1480 4031 1918 4086 mentistumore

313 4117 592 4187 superbire
611 4118 877 4175 desinant.

936 4233 1166 4291 CAPUT
1217 4234 1307 4290 1X.

386 4341 571 4399 Nonus
627 4344 898 4402 abusionis
951 4349 1144 4418 gradus
1199 4357 1318 4415 est,
1375 4354 1469 4405 rex
1534 4351 1764 4422 iniquus.
1824 4350 1920 4406 Et-

315 4435 460 4491 enim
528 4453 707 4509 regem
769 4454 872 4493 non
933 4440 1204 4511 iniquum.
1261 4441 1357 4497 scd
1416 4453 1773 4498 correctorem
1822 4442 1924 4497 ini-

314 4546 539 4600 quorum
592 4548 712 4587 esse
766 4543 995 4603 Oportet.
1052 4532 1183 4590 Inde
1240 4536 1290 4589 in
1350 4537 1640 4606 semetipso
1691 4536 1923 4591 nominis

316 4622 398 4674 sui
440 4621 755 4692 dignitatem
789 4624 1059 4681 custodire
1109 4627 1307 4684 debet:
1356 4644 1551 4684 nomen
1587 4629 1729 4683 enim
1784 4629 1924 4699 regis

319 4715 751 4772 intellectualiter
804 4719 905 4773 hoc
959 4721 1175 4785 retinet,
1245 4732 1302 4776 ut
1357 4722 1613 4791 subjectis
1675 4723 1926 4777 omnibus

317 4808 544 4861 rectoris
565 4807 802 4863 officium
833 4823 1102 4879 procuret.
1131 4811 1234 4867 Sed
1252 4813 1481 4883 qualiter
1497 4813 1629 4867 alios
1655 4814 1926 4884 corrigere

320 4900 516 4969 poterit
541 4942 555 4964 ,
589 4899 682 4971 qui
711 4903 958 4972 proprios
985 4919 1181 4972 mores,
1212 4920 1278 4960 ne
1304 4905 1470 4975 iniqui
1497 4905 1633 4973 sint;
1656 4922 1760 4961 non
1806 4922 1927 4962 cor-

308 4992 485 5061 rigit?
530 4994 781 5061 quoidam
819 4994 872 5049 in
897 4995 1105 5064 justitia
1149 4998 1290 5066 regis
1319 4997 1582 5053 exaltatur
1629 4998 1842 5070 solium,
1870 5010 1927 5056 et.

319 5081 372 5135 in
406 5083 629 5139 veritate
677 5087 820 5157 regis
845 5088 1142 5142 solidantur
1166 5088 1527 5161 gubernacula
1579 5092 1918 5161 p0pulorum.

318 5175 532 5233 Justitia
560 5194 687 5236 vero
712 5184 857 5252 regis
882 5193 963 5239 est
991 5183 1258 5240 neminem
1290 5181 1484 5254 injuste
1513 5198 1609 5256 per
1630 5186 1924 5256 potentiam

2017 3270 2154 3325 ictus
2171 3277 2384 3341 segetes
2424 3276 2478 3324 et
2523 3258 2776 3321 arborum
2802 3261 2963 3318 ﬂores
2985 3272 3037 3316 et
3060 3259 3341 3332 pampinos
3362 3266 3615 3314 exurunt.

2013 3363 2187 3435 Super
2211 3363 2391 3418 omnia
2416 3376 2545 3417 vero
2571 3360 2711 3431 regis
2740 3356 3018 3427 injustitia,
3053 3370 3155 3409 non
3185 3353 3356 3408 solum
3385 3367 3624 3422 praesen-

2016 3461 2082 3515 tis
2114 3458 2321 3529 imperii
2351 3458 2538 3512 faciem
2569 3453 2816 3519 olIuscat,
2857 3451 2951 3507 sed
2996 3450 3155 3505 etiam
3206 3447 3344 3503 ﬁlios
3393 3463 3518 3503 suos
3562 3456 3622 3504 et

2014 3562 2259 3622 nepotes,
2280 3566 2345 3605 ne
2364 3558 2487 3620 post
2511 3563 2569 3604 se
2592 3546 2743 3619 regni
2766 3543 3131 3599 haereditatem
3162 3550 3400 3605 teneant,
3424 3540 3617 3594 obscu-

2014 3656 2118 3700 rat.
2150 3644 2379 3713 Propter
2402 3640 2667 3711 piaculum
2707 3637 2848 3692 enim
2881 3633 3207 3697 Salomonis,
3254 3647 3475 3701 regnum
3524 3631 3622 3685 do-

1964 3726 1975 3738 ’
2016 3754 2136 3793 tuus
2162 3735 2329 3791 Israel
2355 3732 2608 3787 Dominus
2628 3729 2697 3784 de
2722 3728 2968 3795 manibus
2996 3725 3227 3780 filiorum
3272 3723 3387 3794 ejus
3415 3722 3624 3792 disper-

2016 3830 2107 3885 sit.
2136 3828 2207 3883 Et
2241 3836 2457 3896 propter
2499 3822 2758 3893 justitiam
2810 3816 2978 3873 David
3013 3817 3175 3888 regis,
3222 3815 3495 3870 lucernam
3552 3813 3621 3870 de

2013 3919 2223 3995 (semine
2247 3916 2363 3988 ejus
2390 3928 2603 3984 semper
2629 3913 2681 3966 in
2704 3910 3038 3966 Hierusalem
3084 3907 3297 3978 reliquit
3345 3905 3365 3980 (
3393 3904 3460 3960 lll
3490 3905 3620 3977 Reg.

2020 4028 2096 4081 ιι,
2126 4008 2335 4082 51-55).
2369 4009 2509 4063 Ecce
2538 4015 2794 4077 quantum
2818 4001 3024 4073 justitia
3043 4000 3184 4071 regis
3210 3998 3410 4054 saeculo
3428 3997 3628 4067 valeat,

2018 4105 2347 4161 intuentibus
2373 4100 2655 4173 perspicue
2682 4105 2846 4170 patet.
2879 4096 2977 4151 Est
2999 4095 3142 4151 enim
3174 4109 3273 4165 pax
3299 4093 3628 4164 populorum

2025 4211 2261 4256 tutamen
2292 4198 2499 4269 patriar,
2526 4193 2836 4249 immunitas
2861 4190 3051 4260 plebis,
3082 4189 3472 4245 munimentum
3496 4201 3631 4256 gen-

2026 4294 2113 4359 tis,
2135 4306 2260 4347 cura
2293 4289 2630 4359 languorunt,
2682 4283 2934 4357 gaudium
2981 4280 3281 4343 hominum,
3341 4278 3628 4347 temperies

2015 4362 2183 4448 aeris,
2230 4380 2493 4438 serenitas
2545 4378 2729 4442 maris,
2793 4385 2952 4430 terra:
2998 4369 3336 4434 ftecunditas,
3370 4367 3627 4421 solatium

2027 4490 2337 4547 pauperum,
2382 4470 2665 4527 itaet-editas
2708 4467 2962 4528 ﬁliorum,
3019 4471 3072 4517 et
3129 4457 3446 4529 sibimetipsi
3504 4471 3630 4527 spes

1950 4587 1999 4647 Ι)
2030 4570 2218 4622 futura:
2242 4564 2603 4621 beatitudinis.
2641 4559 2891 4615 Attamen
2915 4553 3049 4609 sciat
3073 4567 3169 4607 rex
3194 4549 3357 4621 quod,
3406 4548 3541 4603 sient
3573 4547 3631 4602 in

2031 4662 2226 4716 throno
2285 4658 2562 4715 hominum
2620 4653 2822 4724 primus
2864 4648 3188 4704 constitutus
3229 4652 3333 4710 est,
3380 4643 3457 4697 sic
3500 4642 3637 4726 etin

2032 4753 2225 4822 patriis,
2259 4751 2305 4805 si
2331 4748 2591 4821 justitiam
2636 4759 2740 4798 non
2785 4741 2986 4803 fecerit,
3019 4736 3304 4809 primatum
3352 4733 3634 4790 habiturus

2028 4854 2130 4900 est.
2163 4843 2362 4899 Omnes
2390 4853 2620 4906 namque
2662 4847 3028 4906 quoscumque
3080 4840 3393 4901 peccatores
3432 4827 3532 4883 sub
3574 4842 3636 4881 se

2030 4938 2081 4991 in
2107 4935 2358 5007 pnesenti
2387 4932 2591 4997 habuit,
2620 4945 2781 5001 supra
2808 4943 2867 4984 se
2889 4925 3049 4982 modo
3080 4922 3424 4997 implacabili,
3452 4921 3503 4977 in
3539 4919 3630 4976 illa

2031 5045 2187 5102 poena
2216 5028 2392 5085 futura
2420 5025 2656 5082 habebit.

1510 5397 1516 5404 ,
1576 5345 1813 5404 STEPH.
1858 5346 2132 5405 BALUZH
2170 5344 2401 5405 NOTAE.

394 5477 735 5555 I_’_rttjtereunt.
765 5482 904 5555 Aug.
956 5485 1197 5555 perdunt.

393 5549 680 5628 Neqiniqui.
706 5549 911 5626 Angfsi
938 5549 1120 5628 iniqui.
1314 5608 1317 5611 .

393 5622 635 5703 Animum
661 5643 762 5703 non
792 5622 1161 5703 eleunre.'Non
1196 5630 1379 5683 elevari
1404 5631 1574 5685 animo
1604 5629 1742 5703 Arg.

394 5691 671 5768 Terrarum
696 5700 917 5768 facundi
923 5708 1073 5756 tatem
1082 5709 1211 5765 ,etc.
1233 5702 1317 5756 Sic
1330 5703 1663 5759 emendavim
1672 5691 1731 5761 ιιέ
1742 5711 1929 5758 aucto-

323 5765 482 5821 ritate
498 5766 620 5824 cod.
643 5765 887 5827 Cblbert.
914 5779 968 5829 et
989 5769 1126 5845 Aug.
1140 5771 1275 5831 Male
1306 5772 1358 5830 in
1373 5774 1511 5842 aliis,
1538 5773 1750 5859 turbata.
1766 5790 1937 5832 rerum

2026 5492 2356 5565 [iucunditate
2383 5487 2558 5551 maris,
2608 5493 2712 5565 etc.
2745 5478 2917 5565 Habet
2939 5482 3076 5565 idem
3105 5497 3207 5539 ms.
3238 5483 3501 5565 serenitate
3531 5494 3641 5541 tur-

2030 5556 2148 5616 bata
2193 5574 2316 5617 ante
2342 5574 2611 5615 terrarum.
2646 5556 2812 5613 Paulo
2854 5565 2994 5627 post,
3024 5556 3144 5626 lego
3170 5569 3237 5611 ex
3260 5556 3643 5621 duobusmss.

2036 5634 2305 5703 pampinos
2325 5640 2561 5698 exurunt,
2590 5646 2683 5701 pro
2712 5645 2777 5685 eo
2805 5626 2947 5700 qttod
2981 5636 3065 5685 est.
3095 5628 3146 5683 in
3188 5626 3319 5683 edit.
3368 5630 3642 5699 pampinos

2035 5721 2260 5775 quosque
2281 5712 2517 5761 exurunt.
