4214 6266
578 260 683 317 8Ἱει

1198 367 1428 424 CAPUT
1482 368 1549 422 X.

593 479 602 486 '
652 464 897 520 Decimus
967 459 1164 531 gradus
1227 457 1499 514 almsionis
1546 466 1629 515 est
1676 460 1957 531 episcopus
2008 462 2178 534 negli-

572 573 745 631 gens;
792 553 881 626 qui
934 551 1131 624 gradus
1179 551 1261 607 sui
1315 551 1576 608 honorem
1618 552 1757 608 inter
1802 553 2047 610 homines
2086 571 2173 612 re-

572 648 770 720 quirit,
836 644 1257 702 scd'ministerii
1314 645 1397 700 sui
1440 644 1756 717 dignitatem
1816 661 1998 702 coram
2041 648 2169 715 Deo,

572 755 673 813 pro
714 755 822 811 quo
861 738 1130 811 legatione
1167 737 1423 810 fungitur,
1465 755 1571 795 non
1621 740 1876 797 custodit.
1933 741 2171 798 Primum

571 850 808 906 namque
830 835 898 890 ab
913 835 1187 906 episcOpo,
1204 834 1328 905 quid
1355 835 1437 889 sui
1462 835 1695 891 nominis
1713 834 1945 909 dignitas
1974 848 2171 904 teneat,

571 936 891 1007 inquiratur,
927 936 1198 1008 quoniam,
1231 952 1354 992 cum
1399 937 1683 1009 episcopus
1719 954 1913 995 nomen
1940 957 2172 1012 graecum

570 1028 661 1093 sit,
708 1029 1016 1099 speculator
1053 1029 1455 1099 interpretatur.
1489 1032 1666 1100 Quare
1700 1048 1830 1087 vero
1872 1035 2176 1104 speculator

570 1122 807 1193 ponitur,
850 1132 905 1178 et
934 1122 1061 1194 quid
1100 1138 1131 1177 a
1182 1123 1518 1192 speculatore
1561 1126 1869 1196 requiritur,
1916 1128 2173 1184 Dominus

568 1214 686 1284 ipse
714 1212 982 1279 denudat,
1016 1228 1147 1269 cum.
1166 1214 1264 1268 sub
1302 1213 1602 1283 Ezechielis
1624 1216 1897 1287 propheta:
1919 1232 2168 1289 persona,

568 1304 823 1375 episcopo
855 1303 1015 1359 olticii
1044 1304 1125 1359 sui
1154 1304 1415 1360 rationem
1446 1304 1749 1373 denuntiat,
1782 1308 1851 1362 ita
1883 1309 2127 1380 inquiens
2156 1328 2169 1363 :

573 1399 963 1471 Speculatorem
995 1399 1111 1454 dedi
1151 1410 1198 1453 te
1241 1399 1416 1453 dantui
1456 1398 1639 1454 Israel.
1684 1399 1910 1456 Audiens
1948 1418 2067 1473 ergo
2112 1419 2174 1457 ea:

572 1512 661 1551 ore
689 1511 801 1550 meo
828 1510 1133 1559 sermonem,
1166 1492 1424 1547 nuntiabis
1444 1493 1516 1548 eis
1543 1508 1605 1546 ea:
1631 1509 1729 1547 me.
1754 1492 1815 1548 Si
1842 1484 2012 1547 autem
2034 1494 2171 1549 vide-

568 1590 640 1644 ris
664 1588 893 1661 gladium
912 1588 1207 1653 venientem,
1237 1597 1284 1641 et
1307 1597 1362 1640 tu
1394 1604 1494 1641 non
1518 1586 1897 1643 annuntiaveris
1927 1597 1980 1642 ut
2007 1590 2172 1643 rever-

568 1688 708 1737 tatur
734 1682 923 1753 impius
943 1699 974 1735 a
998 1681 1078 1735 via
1104 1697 1219 1746 sua,
1250 1679 1361 1749 ipse
1385 1679 1590 1749 quidem
1614 1680 1803 1750 impius
1826 1680 1880 1733 in
1908 1680 2171 1751 iniquitate

2121 257 2326 315 LIBER

2198 377 2253 434 Λ
2280 373 2384 429 illis
2411 374 2587 429 cibum
2620 376 2668 428 in
2696 385 2937 448 tempore
2985 394 3084 435 suo
3128 396 3433 441 mensuram
3462 385 3622 442 tritici
3649 428 3665 453 ,
3695 401 3923 458 puram

3807 271 3949 331 886

2281 467 2485 523 scilicet
2536 479 2590 524 et
2632 470 2906 540 probatam
2954 472 3280 545 doctrinam,
3326 487 3587 550 quatenus
3633 480 3927 535 veniente

2283 559 2507 615 Domino
2524 573 2829 618 mereantur
2855 565 3042 622 audire
3066 584 3078 620 :
3104 566 3269 640 Euge,
3296 587 3435 627 ειη-ε
3461 572 3589 627 bone
3608 581 3659 626 et
3685 572 3919 642 ﬁdelis,

2278 653 2396 723 quia
2425 669 2581 723 supra
2613 672 2779 725 pauca
2803 657 2948 725 fuisti
2982 659 3148 727 ﬁdelis
3169 703 3182 726 ,
3216 678 3373 732 supra
3410 665 3574 719 multa
3616 676 3669 719 te
3695 668 3917 719 consti—

2280 752 2419 798 tuant
2454 760 2472 798 :
2501 746 2637 800 intra
2674 747 2728 800 in
2752 749 2997 820 gaudium
3035 751 3230 806 domini
3256 755 3331 808 tui
3351 754 3565 826 (Matth.
3597 773 3741 823 xxv,
3776 757 3915 830 25).

2792 912 2793 915 γ
2873 845 3105 903 CAPUT
3167 846 3261 902 x1.

2350 931 2680 991 Undecimus
2732 936 3005 993 ahusionis
3048 938 3247 1010 gradus
3297 950 3380 996 est
3420 940 3572 1013 plebs
3608 941 3732 999 sine
3788 943 3921 999 dis-

2279 1025 2495 1096 ciplina,
2523 1044 2664 1100 qnze,
2718 1045 2841 1085 cum
2890 1031 3188 1103 disciplina:
3237 1033 3721 1091 exercitationibus
3787 1052 3913 1093 non

2280 1120 2461 1184 servit,
2488 1123 2758 1177 communi
2811 1138 2872 1179 se
2919 1124 3234 1194 perditionis
3276 1126 3467 1197 laqueo
3517 1131 3910 1202 constringit:

2277 1212 2410 1267 iram
2461 1215 2659 1271 ctenim
2713 1216 2921 1273 Domini
2966 1218 3167 1291 absque
3210 1219 3506 1291 disciplina:
3549 1223 3733 1294 rigore
3781 1240 3911 1279 non

2277 1306 2475 1361 evadit.
2506 1307 2680 1379 Atque
2704 1308 2903 1365 idcirco
2931 1310 3230 1367 Psalmista:
3256 1313 3477 1368 vocibus
3508 1312 3910 1384 indisciplina-

2280 1409 2345 1455 ta:
2396 1400 2536 1471 plebi
2588 1402 2908 1472 praulicatur
2953 1422 2965 1458 :
3009 1403 3387 1476 Appreheadite
3434 1406 3789 1477 disciplinam,
3836 1425 3908 1464 ne

2276 1494 2479 1565 quando
2526 1496 2780 1551 irascatur
2825 1497 3074 1552 Dominus
3112 1496 3283 1570 (Psal.
3318 1516 3387 1567 ιι,
3424 1498 3536 1571 12).
3588 1500 3903 1573 Disciplina

2277 1603 2405 1643 vero
2429 1604 2641 1645 morum
2668 1600 2752 1646 est
2778 1591 3020 1647 ordinata
3049 1596 3311 1649 correctio
3343 1604 3399 1649 et
3447 1595 3711 1666 majorum
3739 1590 3904 1667 pra:-

2276 1681 2581 1737 cedentium
2628 1682 2930 1754 regularum
2978 1684 3300 1740 observatio.
3333 1687 3410 1742 De
3453 1703 3554 1759 qua
3597 1688 3898 1767 disciplina

567 1790 662 1830 sua
699 1777 977 1842 morietur,
1012 1773 1311 1845 sanguinem
1338 1782 1508 1827 autem
1536 1774 1666 1840 eius‘
1689 1773 1753 1827 de
1790 1790 1944 1826 manu
1971 1784 2057 1827 tua
2085 1791 2167 1829 re-
2201 1774 2246 1833 Β
2276 1771 2474 1827 Paulus
2514 1774 2789 1844 apostolus
2825 1774 2896 1829 ita
2944 1775 3179 1859 loqu-itur
3230 1777 3415 1834 dicens
3449 1796 3460 1832 :
3494 1777 3561 1833 In
3603 1782 3894 1849 disciplina

566 1870 788 1941 quiram.
813 1868 876 1924 Si
896 1876 1164 1925 autemtu
1201 1865 1602 1933 annuntiaveris,
1648 1873 1693 1919 et
1741 1866 1828 1920 ille
1876 1883 1977 1920 non
2018 1867 2171 1938 fuerit

572 1983 827 2032 reversus,
857 1967 967 2037 ipse
992 1964 1198 2035 quidem
1225 1964 1278 2018 in
1300 1963 1564 2029 iniquitate
1584 1977 1678 2016 sua
1705 1961 1969 2027 morietur,
1998 1961 2087 2016 sed
2115 1971 2169 2016 tu

567 2063 797 2116 animam
850 2072 987 2113 tuam
1036 2057 1262 2113 liberasti
1315 2055 1528 2129 (Ezech.
1558 2070 1637 2119 ιιι,
1672 2054 1782 2126 17).
1839 2054 1999 2109 Decet
2040 2069 2168 2125 ergo

570 2154 905 2224 episcopum,
929 2151 1017 2221 qui
1058 2150 1299 2205 omnium
1327 2147 1631 2219 speculator
1660 2146 1867 2217 positus
1897 2156 1979 2202 est
1999 2188 2013 2214 ,
2046 2162 2169 2218 pec-

565 2257 685 2302 cata
740 2244 1026 2316 diligenter
1072 2241 1383 2307 attendere,
1441 2249 1496 2295 et
1537 2248 1819 2310 postquam
1854 2240 2165 2309 attenderit,

531 2353 838 2403 ~scrmone,
884 2338 930 2393 si
975 2337 1211 2408 potuerit
1262 2344 1318 2391 et
1352 2344 1475 2390 actu
1517 2332 1820 2403 corrigere;
1856 2334 1901 2389 si
1929 2350 2036 2389 non
2067 2349 2166 2405 po-

561 2433 723 2489 tuerit
747 2472 762 2497 ,
790 2432 946 2502 juxta
984 2429 1259 2501 Evangelii
1300 2428 1562 2500 regulam,
1602 2429 1865 2485 scelerum
1891 2430 2167 2500 operarios

568 2531 845 2587 declinare
876 2529 973 2585 :Si
1020 2529 1173 2592 enim,
1224 2526 1395 2598 inquit
1441 2527 1495 2582 in
1548 2526 1839 2598 Evangelio
1884 2526 2159 2594 Dominus,

567 2623 846 2695 peccaverit
872 2622 926 2676 in
954 2630 1001 2676 te
1020 2620 1180 2692 frater
1210 2628 1346 2686 tuus,
1383 2619 1581 2689 corripe
1598 2617 1747 2673 illum
1777 2618 1907 2672 inter
1933 2627 1979 2672 te
1999 2628 2045 2672 et
2086 2618 2164 2689 ip-

565 2734 681 2773 sum
712 2716 902 2771 solum.
936 2714 996 2772 Si
1020 2724 1068 2769 te
1092 2713 1330 2779 audierit,
1357 2713 1584 2767 lucratus
1610 2712 1709 2766 eris
1736 2711 1949 2782 fratrem
1973 2720 2112 2765 tuum
2144 2727 2164 2766 :

569 2811 615 2865 si
638 2821 684 2865 te
712 2826 815 2865 non
835 2808 1074 2876 audierit,
1104 2806 1289 2861 adhibe
1318 2816 1480 2861 tecum
1522 2804 1693 2859 adhuc
1730 2820 1888 2858 unum
1928 2803 2007 2858 vel
2035 2803 2162 2858 duos

562 2917 731 2971 testes,
759 2913 814 2959 ut
834 2904 888 2958 in
908 2919 996 2958 ore
1023 2902 1242 2957 duorum
1269 2901 1345 2957 vel
1363 2899 1516 2955 trium
1541 2900 1741 2954 testium
1761 2906 1855 2952 stet
1882 2913 2030 2951 omne
2050 2911 2163 2950 ver-

564 2998 685 3052 bum
707 3015 725 3055 :
748 2998 789 3053 si
812 2997 929 3052 illos
958 3012 1060 3050 non
1103 2995 1345 3061 audierit,
1369 2994 1451 3049 dic
1485 2991 1733 3047 Ecclesia:
1757 3008 1775 3045 :
1804 2993 1847 3046 si
1881 2989 2160 3045 Ecclesium

555 3076 666 3147 ἰιοη
694 3092 934 3157 audierit,
956 3092 1019 3143 sit
1044 3089 1131 3142 tibi
1154 3095 1283 3143 sicut
1301 3087 1529 3141 ethnicus
1554 3095 1599 3140 et
1624 3085 1920 3155 publicanus
1940 3081 2154 3156 (Matth.

2277 1877 2590 1935 perseuerate
2605 1885 2624 1933 ;
2645 1878 2903 1940 tamquam
2940 1871 3063 1939 [iliis
3100 1871 3237 1927 vobis
3262 1872 3411 1939 o/fert
3441 1890 3496 1927 se
3524 1872 3681 1929 Deus.
3723 1876 3893 1942 Quod

2273 1959 2317 2012 si
2344 1969 2487 2012 extra
2517 1959 2842 2031 disciplinam
2869 1962 3009 2029 estis,
3042 1965 3193 2034 cujus
3231 1965 3504 2036 participes
3550 1967 3670 2034 facti
3718 1969 3889 2025 estis?

2277 2047 2465 2105 Omnes
2505 2054 2639 2106 enim
2682 2053 2926 2123 adulteri,
2951 2064 2998 2110 et
3023 2073 3125 2112 non
3141 2057 3241 2127 ﬁlii
3281 2059 3401 2114 estis
3431 2058 3613 2133 (Hebr.
3650 2077 3749 2127 xu,
3786 2062 3881 2135 8).

2273 2142 2526 2216 Quiergo
2553 2147 2821 2217 adulteri,
2862 2149 2978 2205 sine
3018 2150 3299 2222 disciplina
3346 2161 3501 2218 sunt,
3548 2163 3602 2209 et
3635 2156 3881 2212 ctelestis

2273 2238 2422 2308 regni
2463 2237 2830 2295 lmreditatern
2860 2257 2964 2296 non
2996 2243 3215 2312 capiunt
3244 2262 3258 2299 :
3290 2245 3335 2299 si
3364 2245 3455 2300 lilii
3484 2255 3664 2303 autem
3690 2258 3880 2318 pater-

2271 2344 2356 2383 na:
2413 2328 2711 2402 disciplina:
2753 2333 3118 2391 correctiones
3168 2334 3366 2409 ferunt,
3401 2349 3456 2393 et
3502 2337 3874 2398 hacrcdrtatem

2269 2422 2591 2494 quandoque
2638 2425 2882 2496 recipere
2924 2441 3088 2497 posse
3128 2443 3234 2484 non
3278 2429 3589 2502 desperent.
3647 2433 3723 2490 De
3764 2450 3870 2507 qua

2269 2514 2428 2575 etiam
2470 2514 2751 2588 disciplina
2794 2518 2982 2573 Esaias
3008 2518 3224 2590 quidem
3269 2520 3677 2593 indiscipliuata:
3725 2527 3870 2597 plebi

2267 2608 2547 2678 praedicat,
2584 2610 2771 2667 dicens
2815 2629 2828 2667 :
2886 2610 3138 2679 Quiescite
3185 2630 3338 2686 agere
3387 2631 3645 2685 perverse,
3691 2621 3871 2675 discite

2267 2701 2389 2757 bene
2437 2704 2609 2773 facere
2668 2703 2806 2779 (lsa.
2834 2721 2871 2770 ι,
2925 2706 3038 2777 16).
3082 2705 3150 2761 Et
3192 2708 3259 2761 ad
3294 2708 3538 2765 eamdem
3582 2709 3864 2767 Psalmista

2265 2809 2502 2851 consona
2529 2812 2659 2853 voce
2687 2798 3005 2868 compsallit,
3035 2798 3220 2854 dicens
3253 2816 3267 2854 :
3298 2799 3514 2856 Declina
3546 2821 3576 2855 a
3611 2802 3771 2871 malo,
3804 2812 3859 2857 et

2264 2887 2347 2957 fac
2368 2887 2553 2943 bonum
2581 2889 2754 2961 (Psal.
2800 2907 2955 2957 χχιιι,
2988 2891 3097 2962 15).
3129 2891 3318 2948 Infelix
3351 2911 3481 2967 ergo
3504 2905 3583 2952 est
3602 2897 3687 2967 qui
3715 2896 3855 2967 abji-

2262 2980 2337 3037 cit
2362 2981 2720 3053 disciplinam.
2752 2983 2927 3039 Audet
2954 2984 3096 3039 euitn
3123 2994 3277 3040 extra
3301 2987 3499 3043 milites
3524 2988 3719 3060 aliquid
3744 2988 3857 3060 qui,

2263 3073 2546 3131 Dominum
2576 3075 2971 3149 crucifigentes,
3005 3093 3111 3132 non
3141 3079 3258 3146 ejus
3288 3079 3570 3135 sciderunt
3604 3081 3857 3149 tunicam,

557 3198 713 3248 xvm,
766 3183 879 3254 15).
928 3180 1042 3235 Tali
1081 3179 1268 3235 ordine
1310 3175 1657 3248 expellendus
1701 3185 1785 3231 est
1837 3174 2158 3246 quicumque
2184 3169 2229 3232 C
2263 3167 2351 3235 qui
2382 3166 2641 3224 Ecclesia:
2671 3168 2871 3225 Christi
2902 3167 3099 3225 scindit
3125 3169 3488 3240 disciplinam.
3538 3172 3687 3228 Sicut
3717 3174 3859 3229 enim

561 3275 772 3331 doctdri
814 3273 902 3328 vel
946 3273 1199 3343 episcopo
1235 3270 1514 3325 adhaerere
1555 3267 1805 3323 noluerit.
1842 3266 1909 3320 Et
1945 3266 2034 3337 qui
2070 3264 2160 3319 tali

560 3369 750 3424 ordine
801 3368 1054 3437 expulsus
1096 3364 1272 3428 luerit,
1324 3363 1391 3417 ab
1430 3362 1536 3416 alio
1582 3360 1760 3429 aliquo
1810 3358 2029 3413 doctore
2075 3354 2161 3411 vel

559 3463 818 3534 episcopo
874 3476 977 3514 non
1035 3457 1198 3514 debet
1242 3456 1438 3526 recipi.
1480 3456 1554 3510 De
1597 3452 1881 3510 sacerdote
1928 3465 2159 3520 namque

555 3556 813 3626 scriptum
852 3562 935 3608 est
987 3552 1039 3608 in
1093 3552 1209 3623 lege
1243 3567 1257 3603 :
1292 3548 1514 3603 Viduam
1564 3555 1655 3601 aut
1702 3544 2024 3615 repudiatam
2058 3560 2158 3597 non

549 3627 775 3717 accipiat
801 3660 1009 3701 uxorem
1029 3628 1211 3715 (Leuit.
1244 3657 1359 3707 χιιι,
1394 3639 1587 3709 7).Qui
1617 3653 1746 3709 ergo
1773 3637 1922 3692 illum
1944 3650 2158 3691 excom-

554 3741 886 3799 municatum
938 3755 968 3793 a
1018 3736 1301 3802 catholico,
1346 3733 1440 3790 illo
1489 3748 1595 3788 non
1646 3733 2008 3803 permittente,
2055 3728 2157 3784 sibi

554 3835 752 3906 jungit,
777 3834 899 3903 jura
928 3831 1214 3888 sacerdotii
1245 3828 1418 3885 sancti
1447 3869 1462 3895 ,
1500 3827 1554 3882 in
1586 3841 1692 3897 quo
1731 3823 2155 3880 Christianorum

556 3939 727 3998 genus
752 3926 983 3979 electum
1010 3931 1131 3989 est,
1163 3919 1395 3977 excedit.
1430 3918 1541 3974 [lac
1570 3920 1780 3973 ratione
1806 3918 2114 3987 episcopum
2135 3957 2152 3983 ,

555 4019 624 4074 ad
668 4032 763 4073 eos
803 4017 997 4087 quibus
1049 4016 1100 4070 in
1149 4014 1569 4084 Speculationem
1620 4012 1826 4083 positus
1875 4023 1976 4077 est,
2035 4026 2155 4067 esse

508 4136 513 4139 τ
557 4120 791 4181 Oportet.
842 4107 1107 4163 Caeterum
1161 4120 1312 4170 vero,
1362 4103 1533 4174 qualis
1583 4103 1640 4158 in
1688 4103 1982 4174 semetipso
2032 4118 2154 4160 esse

556 4201 773 4267 debeat,
817 4200 1015 4256 Paulus
1063 4196 1339 4269 apostolus
1392 4195 1611 4266 exponit
1649 4211 1662 4248 :
1706 4204 1763 4250 ut
1811 4194 1878 4250 ad
1928 4194 2152 4267 gradum

555 4292 795 4365 episcopi
826 4292 1045 4347 veniens
1071 4290 1140 4344 sit
1156 4286 1389 4353 sobrius,
1410 4284 1667 4357 prudens,
1688 4296 1888 4351 castus,
1912 4287 2149 4356 sapiens,

552 4385 852 4450 modestus,
908 4381 1225 4453 hospitalis,
1274 4380 1417 4436 ﬁlios
1467 4380 1672 4434 habens
1723 4378 1968 4435 subditos
2030 4396 2151 4435 cum

558 4479 707 4534 omni
746 4476 1020 4544 castitate,
1067 4474 1431 4532 testimonium
1480 4474 1683 4528 habens
1725 4474 1923 4529 bonum
1958 4472 2028 4529 ab
2068 4473 2151 4529 his

2265 3264 2440 3319 tunica
2468 3273 2635 3319 totum
2677 3279 2873 3335 corpus
2910 3274 3103 3335 pra-ter
3127 3275 3281 3335 caput
3319 3267 3532 3336 tegitur,
3589 3268 3661 3320 ita
3691 3267 3862 3326 disci-

2262 3354 2425 3425 plina,
2456 3357 2630 3412 omnis
2668 3356 2942 3424 Ecclesia,
2986 3365 3176 3429 pra:tcr
3201 3355 3509 3424 Chrismm,
3556 3358 3648 3428 qui
3691 3370 3864 3431 caput

2261 3459 2344 3503 est
2373 3448 2629 3506 Ecclesia:
2659 3460 2715 3506 et
2740 3451 2841 3507 sub
2867 3451 3150 3523 disciplina
3186 3466 3285 3506 non
3320 3462 3439 3521 est,
3472 3455 3778 3537 protegitur
3808 3464 3865 3512 et

2260 3551 2499 3597 ornatur.
2524 3542 2642 3613 ipsa
2676 3557 2804 3599 vero
2826 3544 3003 3599 tunica
3031 3554 3278 3601 contexta
3303 3544 3541 3616 desuper
3570 3547 3742 3603 luerat
3767 3565 3864 3620 per

2263 3641 2462 3702 totum,
2519 3634 2641 3705 quia
2696 3635 2883 3691 eadem
2930 3635 3211 3707 disciplina
3250 3636 3509 3693 Ecclesia:
3560 3653 3588 3692 a
3627 3639 3858 3697 Domino

2259 3727 2328 3784 de
2347 3730 2490 3785 ctelo
2519 3729 2771 3785 tribuitur
2790 3739 2846 3786 et
2876 3730 3189 3802 integratur.
3217 3732 3291 3787 De
3315 3746 3420 3802 qua
3451 3730 3700 3788 Dominus
3726 3746 3850 3789 cum

2258 3823 2326 3878 ad
2350 3822 2565 3879 Patrem
2596 3823 2961 3891 ascendisset,
3007 3835 3288 3897 postquam
3316 3828 3609 3883 resurrexit
3632 3843 3663 3882 a
3701 3842 3849 3883 mor-

2261 3914 2384 3981 tuis,
2418 3916 2483 3970 ad
2513 3915 2801 3987 Apostolos
2830 3931 2957 3971 suos
2996 3916 3335 3987 loquebatur,
3359 3918 3584 3975 dicens:
3620 3917 3719 3973 Vos
3758 3926 3855 3974 au“-

2258 4019 2357 4062 tent
2379 4008 2546 4063 sedete
2572 4010 2654 4063 hic
2679 4010 2731 4063 in
2762 4011 2981 4079 civitate,
3010 4012 3339 4080 quoadusque
3362 4010 3652 4066 induamini
3676 4012 3859 4067 uirtute

2257 4119 2321 4157 ex
2345 4102 2449 4158 alto
2483 4101 2632 4175 (Luc.
2668 4120 2815 4168 xxiv,
2844 4103 2958 4177 49).
2984 4103 3186 4160 Tunica
3208 4120 3337 4176 ergo
3381 4106 3629 4176 corporis
3655 4103 3854 4162 Christi

2257 4195 2533 4268 disciplina
2564 4182 2816 4254 Ecclesia:
2843 4207 2926 4254 est
2960 4217 2973 4253 :
3001 4198 3090 4269 qui
3130 4208 3307 4253 autem
3341 4210 3491 4254 extra
3518 4199 3853 4270 disciplinam

2256 4300 2339 4344 est
2366 4331 2380 4354 ,
2418 4290 2622 4346 alienus
2661 4300 2744 4346 est
2789 4306 2817 4344 a
2861 4272 3088 4361 corpore
3127 4289 3347 4346 Christi.
3395 4289 3520 4346 Non
3562 4293 3856 4349 scindant“

2255 4382 2411 4452 igitur
2430 4382 2595 4450 illam,
2626 4383 2715 4437 sed
2741 4383 3014 4438 sortiamur
3038 4384 3100 4438 de
3119 4383 3211 4438 illa
3246 4383 3393 4455 cujus
3433 4385 3497 4438 sit
3528 4382 3705 4458 (Joan.
3741 4402 3853 4455 xtx,

2254 4473 2385 4546 2i);
2420 4475 2469 4530 id
2498 4485 2598 4541 est,
2629 4491 2735 4531 non
2765 4476 3035 4532 solvamus
3054 4476 3341 4547 quidquam
3369 4475 3436 4532 de
3464 4477 3720 4533 mandatis
3742 4478 3853 4534 Do-

552 4570 643 4641 qni
676 4570 805 4626 loris
833 4579 977 4637 sunt,
1001 4567 1278 4639 proferens
1299 4565 1558 4623 doctrina:
1582 4566 1794 4623 lidelcm
1817 4581 2147 4633 sermonem;
2174 4565 2228 4626 D
2255 4564 2406 4631 mini,
2436 4565 2529 4622 sed
2559 4568 2923 4638 unusquisque
2953 4568 3006 4623 in
3037 4584 3142 4638 quo
3173 4577 3391 4624 vocatus
3415 4578 3519 4637 est,
3553 4569 3606 4625 in
3630 4584 3695 4626 eo
3723 4584 3853 4641 pcr-

550 4676 841 4738 antequam
872 4667 1157 4738 episcopus
1197 4665 1285 4731 sit,
1338 4680 1443 4720 non
1479 4665 1663 4735 plures
1711 4664 1914 4718 habens
1956 4677 2150 4720 uxores

547 4774 713 4830 quam
762 4774 958 4826 unam;
1007 4775 1112 4813 non
1171 4771 1490 4828 percussor,
1544 4772 1648 4812 non
1697 4756 1982 4828 bilinguis,
2041 4772 2145 4813 non

548 4855 816 4925 ebriosus,
865 4873 969 4911 non
1010 4854 1351 4926 neophytus,
1387 4864 1443 4910 ut
1490 4871 1587 4926 per
1632 4855 1745 4911 haec
1799 4855 1911 4925 ipse
1963 4862 2146 4911 osten-

548 4950 713 5005 datin
741 4965 906 5020 opere
929 4992 942 5016 ,
971 4948 1112 5020 quod
1144 4949 1278 5003 alios
1307 4948 1466 5004 docet
1502 4949 1555 5003 in
1597 4963 1847 5004 sermone
1883 4947 2144 5003 doctrina:

545 5045 591 5116 (l
611 5044 745 5100 Tim.
774 5060 849 5110 ιιι,
868 5042 945 5114 2).
979 5041 1210 5105 Cavcant
1240 5058 1368 5112 ergo
1389 5041 1724 5113 negligentes
1741 5042 1976 5113 episcopi
2001 5041 2141 5112 quod

542 5136 600 5191 in
651 5147 891 5207 tempore
936 5135 1185 5190 vindicta:
1219 5133 1478 5193 Dominus
1515 5149 1609 5204 per
1650 5134 1975 5204 Prophetam
2013 5149 2141 5188 con-

541 5230 807 5302 queritur,
840 5228 1063 5284 dicens:
1099 5224 1340 5282 Pastores
1353 5227 1476 5280 muti
1500 5225 1727 5281 demoliti
1756 5236 1874 5280 sunt
1896 5225 2142 5299 populant

542 5338 727 5389 meum,
743 5330 901 5377 etnon
915 5320 1185 5393 pascebant
1195 5337 1395 5393 gregem
1409 5336 1573 5375 meum
1592 5328 1839 5391 pastores,
1863 5320 1951 5373 sed
1962 5335 2143 5390 pasceo

540 5412 968 5484 bantsemetipsos
996 5409 1505 5484 (Ezech.xxx1v,8);
1537 5411 1630 5468 sed
1663 5410 1839 5482 potius
1862 5421 2148 5482 procurent

536 5506 595 5563 hi
624 5523 759 5577 quos
798 5506 1341 5563 constituitDominus
1353 5522 1516 5578 super
1541 5505 1793 5563 familiam
1824 5521 1996 5573 suam,
2018 5506 2148 5563 dare

2252 4665 2468 4715 maneat
2495 4657 2636 4730 apud
2665 4659 2972 4716 Dominum.

2849 4752 3079 4811 CAPUT
3119 4753 3233 4811 ΧΠ.

2323 4843 2678 4900 Duodecimus
2714 4845 2989 4902 abusionis
3030 4846 3228 4918 gradus
3282 4856 3367 4905 est
3435 4849 3666 4921 populus
3735 4850 3855 4909 sine

2246 4939 2386 5009 lege,
2415 4939 2527 5010 qui,
2564 4939 2692 4995 dum
2725 4939 2819 4996 Dei
2850 4941 2991 4997 dicta
3034 4950 3089 4998 et
3126 4943 3300 5014 legum
3350 4944 3483 4999 scita
3532 4947 3853 5016 contemnit,

2246 5051 2341 5106 per
2386 5034 2627 5093 diversas
2662 5052 2906 5092 errorum
2946 5038 3062 5092 vias
3103 5036 3352 5094 etnndem
3404 5039 3724 5109 perditionis
3778 5041 3851 5095 la-

2246 5144 2440 5199 queum
2482 5128 2727 5185 incurrit.
2762 5129 2840 5186 De
2869 5129 3066 5200 quibus
3112 5130 3211 5185 viis
3266 5129 3367 5186 sub
3419 5146 3650 5202 persona
3707 5148 3849 5204 pra:-

2247 5221 2562 5279 varicatoris
2615 5223 2835 5294 populi,
2894 5221 3186 5278 humanum
3231 5237 3402 5295 genus
3453 5222 3724 5295 Propheta
3779 5224 3849 5279 ita

2248 5317 2524 5391 deplangit
2562 5337 2573 5373 :
2608 5318 2720 5374 Nos
2758 5328 2928 5374 autem
2958 5319 3086 5374 sicut
3105 5335 3222 5375 ores
3249 5320 3548 5388 erravimus,
3578 5321 3852 5392 unusquis-

2248 5428 2345 5483 que
2369 5412 2422 5465 in
2439 5413 2572 5467 viain
2600 5427 2747 5466 suam
2772 5412 3042 5467 declinavit
3093 5410 3228 5484 (lsa.
3284 5428 3396 5480 un,
3429 5413 3519 5485 6),
3554 5413 3623 5469 de
3654 5413 3848 5484 quibus

2250 5508 2351 5562 viis
2371 5507 2533 5562 etiam
2558 5506 3082 5581 Sapientialoquitur
3106 5522 3203 5580 per
3231 5507 3578 5566 Salomonetu
3612 5526 3628 5565 :
3661 5506 3847 5565 Multa:

1784 5619 2025 5677 STEPH.
2072 5619 2343 5678 BALUZII
2379 5619 2610 5677 ΝΟΤΔΕ.

536 5711 566 5779 Γ
614 5712 679 5784 lu
708 5712 957 5784 quo._Sic
980 5712 1108 5784 eod:
1136 5710 1440 5784 R_eg_.;ed_it.
1471 5713 1624 5784 quod.

534 5788 553 5849 ί
612 5779 772 5841 Muli.
800 5782 891 5837 Sic
917 5780 1040 5836 cod.
1072 5779 1413 5836 Corbeiensis
1451 5779 1590 5862 apud
1618 5783 1755 5852 Aug.
1784 5781 1996 5838 citatus.
2023 5783 2133 5839 lla-

2244 5712 2376 5788 bent
2396 5712 2545 5767 multi
2572 5711 2773 5788 hiqrel._
2793 5722 2847 5769 et
2873 5712 3103 5782 Pamel.,
3134 5717 3233 5772 mei
3259 5715 3395 5788 Aug.

2240 5798 2251 5857 ί
2312 5782 2340 5839 1
2349 5800 2442 5857 psa
2466 5800 2605 5842 vero.
2633 5785 2723 5844 Sic
2741 5784 2849 5843 duo
2868 5801 3000 5845 mss.
3029 5789 3142 5861 ipsa
3160 5789 3295 5845 enim
3310 5782 3440 5847 edit.
