4202 6272
310 259 410 337 εει

1562 254 1650 310 DE
1691 253 1961 312 DUPLICI
1998 253 2378 337 biARTYRlO.

3519 259 3626 317 882

307 374 403 430 vite
430 371 665 428 videnlur
686 370 976 426 hominibus
997 378 1169 438 rectae,
1198 378 1243 425 et
1260 370 1534 425 novissima
1554 386 1727 425 earum
1752 370 1913 426 dedu-
1942 372 1997 434 Α
2021 369 2139 427 sine
2170 370 2286 442 lege
2305 413 2323 435 .
2355 372 2584 442 Pﬁpnlus
2624 371 2744 428 sine
2773 371 2991 428 Christo
3020 378 3125 428 est.
3156 371 3452 429 Abusivum
3494 388 3625 446 ergo

308 477 428 524 cunt
459 466 527 520 ad
566 475 781 520 mortem
807 464 988 538 (Prov.
1037 479 1148 530 xtv,
1186 463 1300 536 i2).
1329 463 1461 531 Qua:
1507 464 1689 534 utique
1731 462 1913 520 multa:

309 560 629 635 perditionis
658 560 757 614 vize
789 567 915 615 tunc
940 557 1279 624 iuceduntur,
1303 574 1425 614 cum
1454 574 1556 613 una
1587 559 1784 630 regalis
1806 559 1911 625 via,

311 653 401 711 lex
423 652 514 708 Dei
545 650 817 718 videlicet,
853 666 974 723 quae
1017 666 1188 722 neque
1217 650 1282 705 ad
1331 650 1609 705 dexteram
1651 666 1824 721 neque
1848 650 1917 706 ad

308 748 583 805 sinistram
648 745 902 812 declinat,
946 760 1043 816 per
1090 744 1468 816 negligentiam
1513 744 1798 801 deseritur.
1843 746 1918 802 De

309 854 413 913 qua
444 839 651 895 scilicet
678 838 762 893 via
806 838 1062 894 Dominus
1089 836 1247 893 Jesus
1277 836 1541 905 Christus,
1571 838 1660 906 qui
1689 848 1773 893 est
1799 838 1919 893 linis

204 918 213 929 ’
310 934 443 1005 legis
468 931 534 987 ad
563 931 821 1001 justitiam
853 932 998 985 omni
1028 929 1294 996 credenti,
1313 929 1630 985 denuntiat:
1658 929 1772 1002 Ego
1803 947 1919 985 sum

308 1029 411 1095 uia,
439 1027 621 1082 veritas
648 1036 694 1081 et
718 1026 839 1092 vita,
884 1040 1042 1095 neque
1088 1024 1220 1077 venit
1256 1022 1326 1077 ad
1370 1021 1578 1077 Patrem
1606 1024 1703 1078 nisi
1725 1039 1816 1093 per
1840 1040 1920 1079 me

310 1118 491 1191 (Joan.
510 1134 627 1186 xtv,
648 1116 724 1190 6).
753 1116 835 1174 Ad
863 1132 1022 1186 quam
1045 1116 1184 1171 viam
1204 1131 1390 1171 omnes
1415 1116 1658 1170 homines
1678 1130 1921 1172 comnm-

310 1212 452 1268 niter
471 1211 680 1277 invitat,
710 1208 896 1265 dicens
917 1207 1124 1263 :Venite
1149 1209 1215 1262 ad
1242 1225 1342 1277 me,
1374 1225 1547 1262 omnes
1567 1211 1653 1287 qui
1673 1208 1921 1265 laboratis

307 1313 356 1359 et
391 1296 594 1359 onerati
618 1304 758 1370 estis,
811 1311 857 1356 et
899 1318 991 1373 ego
1026 1301 1256 1372 reficiam
1297 1317 1384 1357 vos
1433 1300 1649 1375 (Matth.
1681 1318 1756 1369 xi,
1783 1301 1916 1374 28);

305 1398 426 1466 quia
479 1415 579 1452 non
614 1406 686 1453 est
716 1413 1047 1468 personarum
1074 1398 1300 1468 acceptio
1338 1396 1480 1466 apud
1512 1394 1676 1450 Deum
1731 1395 1911 1469 (Rom.

307 1507 367 1559 ιι,
406 1490 517 1564 il).
550 1490 638 1545 ubi
682 1505 789 1546 non
830 1499 912 1544 est
937 1488 1177 1555 Iudaeus,
1220 1503 1319 1544 nec
1360 1487 1603 1555 Graecus,
1648 1489 1918 1543 masculus

313 1593 370 1640 et
425 1583 653 1651 femina,
687 1596 877 1638 servus
915 1591 967 1636 et
988 1580 1145 1647 liber,
1176 1581 1437 1638 barbarus
1470 1591 1523 1636 et
1565 1579 1787 1654 Scytha,
1820 1581 1918 1637 sed

307 1677 496 1730 omnia
532 1677 583 1730 in
613 1674 861 1729 omnibus
891 1672 1173 1729 Christus:
1201 1688 1389 1729 oumes
1424 1673 1566 1728 enim
1597 1690 1759 1728 unum
1792 1681 1918 1728 sunt

2022 461 2075 516 in
2127 461 2460 534 temporibus
2503 463 2780 534 Evangelii
2832 462 3088 534 populum
3140 463 3258 519 sine
3307 464 3425 536 lege
3474 464 3622 535 ﬁeri,

2022 553 2239 624 quando
2268 554 2546 624 Aposmlis
2597 555 2648 610 in
2679 564 2903 611 cunctas
2948 562 3137 625 gentes
3168 555 3381 611 licentia
3425 557 3625 627 praedi-

2020 650 2247 706 cationis
2280 650 2403 705 data
2433 659 2555 718 est,
2594 650 2808 725 quando
2854 649 3144 705 tonitruum
3206 651 3477 722 Evangelii
3527 668 3626 723 per

2021 753 2243 800 cunctas
2289 744 2470 818 saeculi
2522 752 2702 815 partes
2741 743 2993 809 intonuit,
3024 743 3236 812 quando
3265 744 3465 801 Gentes
3502 762 3623 816 quae

2023 853 2129 893 non
2168 837 2512 894 sectabantur
2527 836 2811 907 justitiam,
2833 834 3305 907 apprehenderant
3325 836 3584 907 justitiam
3609 854 3624 901 ;

2021 930 2237 1003 quando
2257 930 2343 1001 qui
2372 930 2438 985 de
2462 931 2621 1002 longe
2644 929 2876 995 fuerant,
2917 929 3038 984 iacti
3068 941 3191 985 sunt
3222 946 3389 1000 prope
3419 931 3471 985 in
3494 947 3624 987 san-

2021 1024 2181 1095 guine
2209 1022 2407 1079 Christi
2435 1041 2448 1076 :
2479 1023 2569 1095 qui
2597 1021 2886 1092 aliquando
2927 1036 3031 1076 non
3078 1023 3327 1092 populus.
3361 1038 3503 1078 nunc
3530 1038 3629 1079 au-

2025 1125 2128 1170 tem
2185 1115 2415 1186 papulas
2454 1115 2549 1171 Dei
2599 1115 2649 1170 in
2698 1113 2947 1181 Christo;
3002 1113 3219 1186 quando
3278 1122 3361 1169 est
3413 1123 3627 1187 tempus

2022 1208 2353 1279 acceptabile
2376 1248 2393 1273 ,
2424 1217 2478 1263 et
2508 1208 2626 1264 dies
2653 1207 2872 1275 salutis,
2905 1215 2959 1262 et
2990 1217 3229 1277 tempora
3258 1208 3522 1280 refrigerii
3568 1210 3618 1264 in

2023 1312 2317 1374 conspectu
2355 1301 2652 1365 Altissimi;
2686 1301 2899 1372 quando
2926 1316 3261 1372 unaquaeque
3288 1317 3422 1372 gens
3464 1301 3628 1358 habet

2025 1404 2219 1451 testem
2264 1396 2717 1462 resurrectionis;
2760 1394 2974 1466 quando
3022 1394 3136 1465 ipse
3189 1394 3448 1449 Dominus
3501 1411 3628 1465 pro-

2025 1497 2269 1556 testatur,
2304 1487 2491 1545 dicens
2522 1505 2536 1541 :
2570 1487 2705 1543 Ecce
2723 1504 2814 1560 ego
2846 1488 3100 1543 vobiscum
3126 1505 3238 1545 sum
3260 1488 3493 1543 omnibus
3519 1491 3629 1544 dic-

2023 1580 2115 1635 bus
2159 1596 2317 1651 usque
2340 1580 2407 1634 ad
2440 1581 2926 1635 consummationem
2953 1581 3127 1635 seaculi
3181 1580 3397 1653 (Matth.
3428 1598 3621 1645 xxvut.

2020 1671 2137 1746 ΞΟ).
2163 1673 2282 1730 Non
2326 1675 2506 1747 itaque
2546 1675 2713 1731 simus
2743 1675 2859 1730 sine
2889 1674 3103 1731 Christo
3134 1676 3184 1729 iu
3229 1675 3330 1731 hoc
3373 1684 3616 1747 tempore

310 1767 364 1822 in
392 1766 609 1823 Christo
635 1766 784 1823 Jesu.
832 1766 967 1821 Dum
1005 1781 1135 1837 ergo
1171 1766 1417 1823 Christus
1449 1766 1570 1822 ﬁnis
1618 1767 1751 1837 legis
1799 1775 1911 1835 est,
1945 1778 1993 1839 Β
2023 1768 2354 1837 transitorio,
2388 1784 2456 1825 ne
2488 1769 2607 1825 sine
2646 1768 2803 1825 nobis
2841 1768 3086 1825 Christus
3137 1781 3258 1825 esse
3302 1767 3523 1838 incipiat
3569 1768 3621 1827 in

304 1859 394 1931 qui
424 1858 539 1915 sine
565 1857 682 1929 lege
705 1866 827 1913 sunt
846 1898 862 1924 ,
888 1857 1004 1914 sine
1046 1856 1261 1914 Christo
1288 1857 1439 1913 ﬁunt.
1470 1857 1631 1929 Igitur
1667 1858 1896 1930 populus

2004 1858 2199 1916 futuro.

1544 2014 1784 2071 STEPH.
1828 2014 2104 2073 BALUZII
2141 2016 2370 2074 ΝΟΤιΕ.

380 2159 508 2216 Sine
533 2158 662 2229 tege.
694 2156 829 2214 Cod.
863 2155 1099 2213 Colbert.
1132 2155 1242 2211 sine
1275 2154 1501 2211 Christo.

304 2314 3610 2342 MM

479 2460 1069 2680 LlBER
1162 2420 1429 2600 DE
1516 2454 2319 2603 DUPLICI
2402 2454 3533 2644 MARTYRIO,

1191 2730 1299 2790 AD
1344 2724 1919 2800 FORTUNATUM,
1968 2724 2317 2788 INCERTO
2361 2725 2758 2789 AUCTORE.

383 3084 423 3140 Ι.
453 3082 824 3139 Μυιιτιηιιιλιι
854 3080 1145 3152 multisque
1188 3063 1361 3135 modis
1383 3092 1484 3151 ago
1512 3078 1738 3152 gratias,
1772 3078 1908 3134 For—
1936 3078 1981 3142 C
2016 3079 2152 3137 bene
2178 3080 2521 3151 prosperare!
2549 3079 3010 3148 Quemadmodum
3037 3080 3181 3137 enim
3214 3079 3347 3137 nihil
3375 3088 3621 3136 sanctum

312 3186 494 3234 tunate
522 3175 730 3232 mibiin
761 3174 985 3231 Domino
1034 3171 1370 3239 charissima,
1423 3171 1619 3227 divina:
1670 3146 1917 3243 bcnigui—

314 3271 405 3325 tati
454 3268 592 3341 quod
639 3279 694 3323 et
742 3276 883 3322 tuam
917 3266 1166 3337 pietatem
1198 3262 1450 3320 excitavit
1474 3263 1543 3318 ad
1570 3263 1917 3319 exstimulan—

311 3364 436 3421 dum
464 3361 696 3418 ofﬁcium
725 3376 926 3425 meum,
964 3368 1022 3413 ut
1048 3359 1212 3415 unico.
1233 3356 1411 3412 libello
1459 3355 1915 3412 commilitonibus

313 3457 513 3514 nostris
556 3454 834 3510 materiam
879 3452 1374 3514 subministrarem,
1406 3448 1547 3504 unde
1591 3448 1714 3513 sibi,
1746 3446 1916 3519 gratia

314 3550 548 3620 Spiritus
576 3546 893 3619 opitulante,
919 3544 1246 3600 munimenta
1286 3542 1498 3613 telaque
1523 3541 1916 3615 fabricarentur

314 3641 573 3698 adversus
611 3637 1037 3711 persecutionum
1074 3638 1349 3703 incursus;
1391 3644 1447 3691 et
1490 3633 1621 3690 mihi
1651 3633 1793 3706 quod
1818 3649 1915 3705 pe-

310 3734 470 3809 tebas
523 3732 762 3798 conanti,
805 3746 911 3785 non
957 3728 1233 3801 dedignata
1282 3738 1361 3784 est
1384 3727 1572 3784 adesse
1600 3771 1616 3795 ,
1670 3735 1726 3781 et
1773 3725 1916 3798 quod

318 3828 596 3899 utriusque
639 3833 882 3881 nostrum
910 3835 1144 3894 ’operam
1197 3837 1301 3877 non
1326 3836 1480 3890 passa
1510 3830 1592 3877 est
1617 3835 1734 3877 esse
1761 3818 1919 3875 steri-

316 3921 494 3985 rilem,
550 3919 652 3975 hoc
679 3927 763 3975 est
818 3918 959 3989 quod
983 3917 1087 3972 mei
1114 3914 1388 3973 Fortunati
1418 3915 1562 3985 pium
1594 3912 1917 3969 desiderium

319 4013 455 4070 bene
499 4012 807 4079 lortuuavit,
854 4021 907 4067 et
933 4008 1162 4065 ministri
1192 4008 1272 4061 sui
1323 4006 1558 4063 olﬁeium
1606 4005 1772 4061 voluit
1800 4018 1920 4058 esse

324 4108 502 4179 gregis
524 4107 605 4162 sui
648 4102 988 4160 beneﬁcium.
1012 4099 1216 4157 Scribis
1254 4098 1396 4155 enim
1427 4116 1495 4155 ex
1525 4115 1589 4155 eo
1620 4099 1757 4155 libro
1779 4095 1921 4155 mul-

322 4208 433 4253 tum
464 4197 670 4253 roboris
692 4204 749 4252 et
771 4192 1060 4250 alacritatis
1085 4192 1379 4248 accessisse
1398 4191 1654 4258 strenuis,
1684 4190 1919 4248 timidio-

321 4291 471 4348 ribus
499 4297 753 4345 autemet
778 4287 1004 4343 inﬁrmis
1045 4294 1248 4341 tantum
1287 4286 1587 4340 animorum
1631 4301 1752 4342 esse
1770 4285 1921 4342 addi—

325 4395 456 4450 tum,
487 4390 545 4438 ut
590 4395 653 4436 cx
687 4380 771 4435 his
810 4393 1021 4450 quoque
1062 4393 1157 4449 per
1200 4378 1295 4433 Dei
1326 4378 1573 4449 gratiam,
1604 4387 1809 4434 certam
1841 4379 1921 4434 vi-

2021 3160 2125 3230 nisi
2148 3175 2242 3231 illo
2268 3174 2658 3241 sanctiﬁcante,
2688 3173 2817 3229 nihil
2865 3184 3054 3245 potens
3092 3174 3194 3230 nisi
3224 3173 3320 3229 illo
3361 3160 3621 3230 corrobo-

2019 3277 2194 3335 rante,
2244 3268 2316 3325 ita
2348 3268 2481 3324 nihil
2505 3267 2649 3333 felix,
2687 3267 2817 3322 nihil
2846 3268 3198 3339 auSpicatum,
3230 3268 3335 3324 nisi
3371 3268 3462 3324 illo
3493 3284 3622 3338 pro-
3690 3325 3699 3331 ,

2019 3370 2288 3431 sperante.
2315 3355 2476 3426 Sane,
2503 3368 2557 3415 et
2576 3358 2768 3416 vestris
2797 3360 3041 3431 precibus
3067 3369 3121 3417 et
3146 3359 3360 3415 Domini
3385 3359 3623 3415 bonitate

2020 3453 2208 3522 fretus,
2244 3453 2545 3526 aggrediar.

2093 3546 2155 3600 ll.
2186 3546 2402 3619 Martyr,
2433 3556 2491 3601 ut
2512 3546 2576 3602 iis
2613 3560 2826 3617 quoque
2862 3555 3045 3602 notum
3072 3545 3264 3617 estqui
3299 3559 3473 3616 graece
3495 3560 3623 3600 nes-

2020 3638 2191 3705 ciunt,
2225 3648 2396 3694 testem
2435 3647 2614 3693 sonat.
2645 3637 2979 3708 Quamquam
3010 3647 3211 3703 autem,
3234 3646 3355 3706 post
3382 3648 3625 3692 exortam

2022 3730 2358 3800 Evangelicre
2385 3729 2623 3784 veritatis
2644 3729 2841 3792 lucem,
2870 3729 3232 3784 ecclesiastica
3285 3730 3620 3786 consuetudo

2021 3820 2356 3891 cegnominis
2382 3819 2540 3890 hujus
2576 3819 2838 3875 honorem
2887 3819 3101 3891 proprie
3125 3819 3386 3875 tribueret
3429 3819 3495 3874 iis
3519 3820 3627 3890 ,qui

2021 3911 2075 3971 iu
2106 3911 2384 3967 tormentis
2414 3911 2664 3983 usquead
2688 3922 2916 3968 mortem
2947 3912 3307 3983 perdurarent
3333 3912 3383 3967 in
3410 3911 3623 3983 prolus-

2024 4009 2177 4064 sione
2206 4004 2436 4061 nominis
2479 4006 2606 4063 Jesu
2652 4002 2874 4073 Christi,
2923 4015 2979 4062 et
3022 4007 3387 4079 evangelicum
3426 3985 3627 4062 instru-

2024 4108 2264 4156 mentum
2286 4099 2545 4170 sanguine
2568 4113 2668 4155 suo
2700 4099 2849 4155 velut
2884 4098 3238 4169 obsignarunt
3264 4099 3406 4171 apud
3451 4092 3626 4156 incre-

2026 4195 2202 4261 dulos,
2256 4195 2429 4249 omnis
2457 4202 2633 4250 tamen
2665 4194 2873 4266 piorum
2905 4194 3010 4249 vita
3042 4194 3403 4249 testimonium
3447 4195 3627 4251 reddit

2025 4290 2159 4347 Deo.
2191 4288 2308 4346 Non
2336 4289 2492 4361 quod
2518 4290 2607 4346 ille
2635 4291 2949 4361 cujusquam
2980 4298 3137 4363 egeat
3182 4289 3508 4355 testimonio,
3535 4291 3626 4359 qui

2026 4398 2095 4440 ex
2123 4398 2184 4440 se
2204 4380 2323 4438 fons
2345 4393 2426 4439 est
2466 4392 2681 4438 :eternte
2731 4382 2940 4453 gloriae,
2968 4389 3151 4435 utnec
3200 4380 3322 4434 ullis
3351 4378 3629 4437 hominum

321 4477 544 4534 ctoriam
573 4474 727 4531 nobis
753 4474 1059 4545 promittere
1094 4472 1393 4527 debeamus
1424 4489 1438 4526 :
1469 4486 1641 4544 eoque
1668 4471 1923 4528 libentius
1947 4476 2001 4537 D
2028 4474 2322 4532 honoribus
2347 4475 2460 4532 ﬁeri
2493 4475 2660 4541 possit
2684 4473 3016 4540 honoratior,
3044 4487 3144 4528 nec
3170 4471 3295 4527 ullis
3320 4473 3627 4528 mortalium

322 4567 690 4641 obtemperavi
715 4564 1098 4639 posterioribus
1124 4564 1453 4631 tuislitteris,
1484 4564 1677 4636 quibus
1696 4575 1814 4622 orat
1838 4574 1925 4622 tua

323 4663 579 4733 Charitas,
612 4669 690 4727 ut,
724 4658 973 4731 quoniam
998 4657 1102 4712 hoc
1121 4655 1372 4728 auspiciis
1396 4656 1928 4732 DomininostriJesu

323 4756 521 4814 Christi
554 4756 690 4812 bene
716 4752 1007 4821 successit,
1042 4750 1233 4807 addam
1286 4752 1536 4808 volumen
1590 4751 1821 4807 alterum
1860 4751 1930 4807 de

323 4850 521 4922 duplici
573 4849 813 4920 martyrii
865 4861 1063 4919 genere
1097 4860 1365 4917 :quorum
1438 4860 1599 4901 unum
1649 4844 1933 4902 exhibetur

325 4961 448 5003 cum
492 4944 646 5000 smvit
695 4952 955 4998 tortorum
1000 4940 1307 4996 humanitas
1338 4979 1353 5004 ,
1399 4937 1626 4994 alterum
1669 4938 1930 4994 occultius

324 5039 542 5113 quidem
571 5046 675 5104 est,
702 5035 796 5092 sed
823 5034 1168 5090 nihilominus
1194 5032 1385 5088 fortem
1417 5031 1653 5087 aniumm
1672 5031 1928 5103 postulat,

327 5129 874 5203 multaqnedivinitus
899 5136 1167 5183 armatura
1195 5124 1605 5181 communitum.
1632 5120 1848 5179 Utinam
1878 5131 1932 5178 et

329 5228 433 5286 hoc
455 5240 648 5282 munus
670 5223 866 5280 Christi
899 5222 1132 5293 Spiritus
1162 5237 1255 5292 per
1278 5235 1364 5275 me
1396 5219 1649 5276 fratribus
1699 5227 1753 5274 et
1778 5234 1930 5275 com-

232 5380 239 5385 .
326 5320 661 5380 militouibus
700 5318 900 5375 nostris
926 5316 1107 5388 largiri
1156 5315 1424 5387 dignetur,
1455 5313 1674 5386 etquod
1727 5312 1934 5369 dederit

2032 4570 2339 4644 ignominiis
2368 4569 2678 4634 obscurior;
2706 4566 2801 4623 sed
2830 4574 3009 4622 tamen
3034 4567 3104 4621 ita
3132 4566 3300 4621 visum
3318 4576 3402 4621 est
3422 4575 3630 4622 aeterno

2032 4666 2174 4722 illius
2203 4663 2491 4734 divinoque
2517 4659 2765 4726 consilio,
2791 4667 2849 4713 ut
2874 4672 3025 4714 suam
3067 4658 3381 4725 bonitatem,
3412 4658 3631 4727 sapien-

2034 4760 2161 4814 tiam
2182 4774 2246 4814 ac
2294 4756 2584 4829 potentiam
2628 4753 2769 4825 apud
2795 4752 3041 4809 homines
3082 4768 3176 4823 per
3227 4752 3475 4809 homines
3506 4752 3639 4807 velit

2035 4850 2322 4914 illustrari;
2355 4848 2495 4904 sicut
2520 4845 2780 4903 mundum
2806 4845 3094 4916 gubernari
3136 4846 3305 4901 voluit
3335 4861 3430 4917 per
3459 4847 3638 4917 Ange-

2035 4943 2137 5008 los,
2165 4957 2286 4998 cum
2313 4941 2643 5011 Angelorum
2668 4937 2967 4993 ministerio
3009 4951 3116 4993 non
3154 4946 3329 5009 egeat,
3363 4938 3637 5009 multaque

2037 5034 2344 5090 hominibus
2396 5048 2498 5105 per
2535 5031 2781 5088 homines
2831 5030 3087 5101 largiatur
3112 5045 3231 5101 quae
3276 5045 3373 5103 per
3422 5031 3641 5087 sedare

2036 5134 2267 5198 poterat,
2313 5126 2404 5197 qui
2449 5123 2705 5197 quicquid
2746 5123 2862 5179 vult
2888 5129 3018 5178 nutu
3067 5130 3261 5193 potest,
3293 5132 3348 5177 et
3405 5124 3489 5177 cui
3544 5138 3659 5187 νη-⁸

2036 5221 2201 5276 luisse
2233 5219 2425 5276 fecisse
2467 5227 2570 5274 est.
2604 5218 2671 5272 Et
2714 5231 3070 5287 quamquam,
3102 5226 3162 5270 ut
3188 5214 3322 5282 dixi,
3374 5214 3441 5269 ad
3489 5215 3637 5270 illam

2037 5312 2361 5370 incﬁ'abilem
2412 5312 2749 5384 majestatem
2800 5309 2943 5364 nulla
3015 5309 3269 5381 pertingit
3311 5309 3639 5381 ignominia;

1681 5425 2044 5484 VARIORUM
2082 5426 2313 5484 NOTAE.

404 5557 557 5624 Quod
576 5556 675 5612 mei
702 5553 996 5620 Fortunati,
1026 5560 1129 5624 etc.
1149 5550 1480 5624 Quamquam
1494 5544 1941 5624 hieutCypriani

329 5616 452 5686 esse
481 5628 830 5698 persuaderet
882 5616 1024 5680 hunc
1048 5616 1539 5698 librum._al'terius_
1560 5619 1677 5675 libri
1710 5616 1776 5673 ad
1809 5616 1941 5698 For-

331 5692 576 5757 tunatam
626 5698 968 5763 meminerit,
1030 5703 1207 5748 tamen
1269 5695 1382 5763 ipse
1436 5692 1607 5764 stylus
1656 5696 1938 5764 repugnat.

334 5771 520 5841 Neque
565 5770 708 5825 enim
759 5762 968 5841 veteres
1023 5765 1210 5841 Patres
1267 5762 1519 5841 umquam
1580 5762 1941 5841 voce__fortu-

336 5831 463 5898 nare
484 5841 563 5897 usi
591 5851 735 5907 sunt,
764 5834 832 5896 ne
864 5841 1091 5896 fortuna:
1114 5831 1426 5891 viderentur
1453 5831 1650 5899 aliquid
1683 5832 1937 5886 tribuere.

2122 5544 2222 5612 Qui
2246 5544 2299 5597 in
2321 5543 2580 5597 tormentis
2600 5557 2757 5611 usque
2774 5540 2842 5594 ad
2863 5548 3072 5595 mortem
3091 5538 3453 5613 pet-durarunt.
3475 5539 3648 5608 Quam

2045 5607 2257 5672 divérsa
2301 5607 2688 5684 signiﬁcatione
2732 5620 2993 5683 martyres
3032 5607 3261 5684 accipiat
3306 5607 3649 5684 Cyprianus,

2046 5625 2257 5672 diversa
2301 5625 2688 5684 signiﬁcatione
2732 5625 2993 5683 martyres
3032 5625 3261 5680 accipiat
3306 5625 3649 5736 bygrtauus,

2046 5700 2207 5756 Supra
2247 5685 2462 5742 abunde
2522 5684 2775 5751 diximus,
2808 5683 3104 5754 praesertim
3139 5682 3546 5809 ιοηιοὶῄἐεξει.
3576 5696 3653 5739 ix.

3341 5767 3503 5807 AIEL.
