4202 6272
579 311 690 374 883

2132 294 2336 356 LIBER

3782 276 3897 346 88!

581 440 766 486 tamen
797 426 851 482 in
875 420 1253 494 Scripturisita
1280 417 1535 490 loquitur,
1563 414 1718 488 quasi
1765 429 1862 487 per
1888 426 1986 471 nos
2013 412 2186 469 hono-
2210 416 2265 476 Α
2291 410 2574 478 ﬁctilibus;
2604 413 2661 464 ut
2702 405 3005 464 sublimitas
3055 403 3125 462 sit
3173 403 3387 462 virtutis
3437 402 3552 473 Dei,
3576 410 3632 462 et
3666 417 3773 462 non
3822 421 3895 463 ex

582 531 755 585 retur,
795 519 880 575 vel
907 516 1193 589 ignominia
1225 513 1505 569 afﬁciatur.
1536 511 1669 568 Nam
1689 510 1743 566 in
1774 509 2188 568 Deuteronomio

586 633 709 675 cum
741 615 921 685 Moyse
947 609 1271 682 expostulat,
1306 607 1447 680 quod
1482 606 1622 678 apud
1652 606 1907 677 populum
1950 607 2020 661 ob
2070 605 2190 661 lati-

581 714 663 769 cis
683 710 958 781 penuriam
1009 713 1430 761 murmurantem
1479 703 1530 757 in
1588 699 1764 758 Cades
1815 700 2015 756 deserti
2070 698 2187 766 Sin,

584 804 654 861 ad
685 818 850 876 aquas
875 797 1312 857 eontradictiouis
1338 811 1441 851 non
1474 793 1815 850 sanctificarit
1846 792 2021 864 ipsum
2052 793 2191 849 inter

587 897 730 952 ﬁlios
782 894 967 958 Israel,
998 901 1052 948 ct
1104 891 1174 945 ob
1216 891 1353 945 hanc
1402 886 1660 944 offensam
1690 904 1796 942 non
1846 898 1928 943 est
1974 887 2049 941 illi
2093 902 2191 943 nec

587 988 789 1046 Aaroni
819 987 1001 1041 datum
1029 983 1231 1053 ingredi
1265 990 1457 1037 terram
1488 979 1829 1051 promissam,
1854 995 1916 1035 ac
1939 990 2015 1034 tot
2037 979 2193 1036 annis

588 1088 976 1152 exspectatam,
997 1078 1090 1134 sed
1118 1086 1322 1132 tantum
1345 1089 1376 1130 e
1403 1073 1602 1129 montis
1624 1074 1823 1128 vertice
1843 1071 2021 1143 procul
2045 1073 2192 1143 aspi-

592 1189 719 1231 cere
750 1172 919 1228 licuit.

664 1269 754 1325 Ill.
784 1269 952 1323 Porro
987 1265 1129 1338 quod
1173 1264 1374 1322 dictum
1405 1274 1485 1320 est
1530 1264 1849 1332 sanctiﬁcnre
1879 1277 1972 1333 pro
1999 1262 2195 1333 glari/i-

592 1379 743 1430 care,
777 1364 864 1434 qui
893 1361 1097 1416 litteras
1129 1359 1475 1414 Hebraeorum
1532 1357 1749 1423 callent,
1783 1358 2050 1411 affirtnant
2078 1371 2195 1412 esse

590 1456 857 1514 sermonis
909 1454 1054 1510 illius
1090 1453 1497 1523 pr0prietatcm.
1528 1450 1681 1517 Quod
1714 1450 1886 1519 ipsum
1915 1458 2092 1504 tamen
2129 1465 2193 1503 ex

590 1550 709 1603 aliis
726 1548 1121 1617 Scripturarum
1156 1545 1289 1599 locis
1320 1545 1525 1615 liquere
1544 1553 1749 1613 potest,
1775 1543 1819 1599 si
1871 1544 2047 1596 minus
2079 1542 2194 1608 illo-

589 1658 712 1698 rum
742 1640 1052 1696 testimonio
1084 1636 1315 1702 ﬁdimus,
1351 1636 1784 1706 quandoquidem
1814 1643 1866 1688 et
1894 1633 1947 1689 in
1997 1635 2194 1689 oratio-

595 1751 668 1790 nc
720 1732 1024 1795 Dominica,
1080 1731 1443 1799 Sancti/iretur
1516 1745 1700 1783 nomen
1764 1737 1902 1780 tuum
1937 1802 1943 1809 .
1979 1726 2191 1797 (Matth.

2294 504 2467 560 nobis.

2328 596 2453 653 Ἰν.
2491 597 2630 667 Ergo
2681 608 3007 667 quamquam
3034 592 3208 648 omnis
3249 588 3459 662 piorum
3488 591 3593 646 vita
3634 591 3899 664 martyrio

2293 706 2391 747 suo
2416 690 2682 763 glorificat
2709 690 2875 744 Deum
2904 687 3249 742 etChristum
3279 685 3448 740 ﬁlium
3474 685 3593 755 ejus
3613 727 3628 751 ,
3684 685 3896 741 nullum

2295 793 2468 840 tamen
2493 793 2573 839 est
2593 783 2852 837 illustrius
2875 779 3239 835 testimonium
3266 777 3405 848 apud
3437 776 3703 843 homines,
3733 792 3897 847 quam

2295 877 2589 946 sanguinis,
2614 875 2716 930 hoc
2744 883 2828 929 est
2852 874 2973 928 vita:
3012 878 3228 943 prOpter
3285 870 3450 926 Deum
3477 878 3802 941 contempta:
3843 880 3901 926 et
3986 926 3995 935 ,

2298 971 2487 1025 mortis
2512 969 2718 1023 fortiter
2746 967 3007 1022 toleratm.
3050 964 3421 1020 Reddideruut
3447 971 3502 1019 et
3531 963 3790 1018 miracula
3819 972 3901 1019 te-

2296 1063 2608 1120 stimonium
2650 1061 2844 1116 divina:
2886 1059 3170 1131 potentizn,
3219 1058 3517 1128 praesertim
3555 1056 3694 1127 apud
3723 1056 3903 1112 inere-

2298 1156 2453 1211 dulos
2480 1174 2493 1209 :
2519 1171 2640 1209 nam
2671 1153 2753 1207 bis
2784 1153 3004 1222 proliric
3030 1150 3149 1205 data
3182 1158 3307 1203 sunt
3327 1148 3474 1220 signa
3498 1192 3512 1215 ,
3544 1148 3901 1219 quemadmo-

2297 1250 2423 1303 dum
2451 1248 2641 1304 scribit
2679 1248 2866 1302 beatus
2897 1245 3182 1316 Apostolus
3210 1260 3223 1309 ;
3258 1244 3351 1298 sed
3383 1258 3598 1313 semper
3627 1243 3904 1299 efﬁcacius

2298 1343 2399 1397 fuit
2432 1341 2705 1412 sanguinis
2737 1337 2938 1410 profusi
2969 1336 3356 1393 testimonium.
3389 1336 3534 1404 Quot
3563 1336 3783 1391 morbos
3820 1337 3905 1392 in-

2298 1435 2565 1490 sanabiles
2595 1434 2758 1487 verbo
2787 1439 3005 1487 sanarat
3050 1430 3343 1484 Dominus!
3396 1439 3527 1499 quot
3576 1443 3754 1484 cureos
3786 1428 3907 1484 illii-

2299 1527 2532 1581 strarat!
2564 1532 2694 1595 quot
2733 1537 2953 1578 mancos
2973 1563 2989 1589 ,
3021 1520 3342 1593 paralyticos
3396 1536 3459 1576 ac
3487 1520 3695 1576 debiles
3748 1521 3902 1575 resti-

2300 1620 2499 1675 tuerat!
2528 1628 2658 1690 quot
2683 1617 2960 1671 exanimes
2985 1615 3050 1669 ad
3081 1616 3246 1669 vitam
3280 1614 3595 1668 revocaret!
3631 1613 3700 1669 Et
3726 1621 3903 1669 tamen

2300 1715 2457 1785 pauci
2494 1709 2785 1764 credebant
2814 1708 2866 1762 in
2918 1722 3075 1773 eum,
3107 1716 3163 1760 et
3197 1705 3486 1760 audiebat:
3516 1703 3591 1759 ln'
3628 1703 3943 1767 Beelzebub-

592 1845 683 1895 vr,
719 1828 776 1898 9)
814 1827 1014 1881 dictum
1057 1833 1158 1887 est,
1191 1839 1288 1894 pro
1333 1823 1669 1895 gloriﬁcatur,
1703 1824 1818 1877 sive
1856 1802 2188 1890 clariﬁcetttr,

2309 1808 2441 1879 eject't
2470 1804 2721 1859 daemonia
2769 1802 2920 1877 (Luc.
2962 1817 3052 1870 xl,
3084 1799 3194 1874 15).
3228 1801 3519 1865 Οιυιθινιιηι,
3550 1801 3639 1856 ubi
3685 1809 3905 1857 ventum

596 1938 785 1976 nomen
817 1930 979 1974 tuttm.
1034 1918 1121 1972 Sic
1147 1928 1201 1973 et
1230 1915 1538 1971 Corinthios
1576 1915 1889 1970 exhortatur
1917 1923 1973 1968 tit
2000 1911 2199 1983 glorifl.

597 2024 724 2072 cent
770 2030 832 2069 ac
884 2014 1120 2079 bajulent
1153 2013 1318 2065 Deum
1371 2011 1423 2064 in
1458 2025 1683 2078 corpore
1726 2025 1843 2063 suo.
1880 2007 2029 2063 Sicut
2056 2007 2199 2062 enim

596 2123 793 2163 nomen
827 2106 916 2159 Dei
935 2104 1266 2175 glorificatur
1293 2103 1397 2156 vita
1426 2103 1635 2172 piorum
1683 2100 1979 2164 hominum,
2007 2100 2059 2153 in
2087 2100 2202 2169 qui-

595 2201 699 2255 bus
740 2201 852 2269 ipse
886 2212 978 2265 per
1020 2196 1277 2265 Spiritum
1320 2209 1474 2248 suum
1524 2201 1778 2262 operatur
1828 2190 2078 2261 quicquid
2123 2192 2200 2243 fa-

598 2291 750 2345 ciunt
775 2290 918 2355 b0ai,
977 2289 1047 2343 ita
1077 2303 1106 2342 e
1131 2286 1346 2341 diverso
1390 2285 1643 2358 polluitur
1683 2297 1735 2338 et
1769 2283 2057 2338 infamatur
2084 2297 2200 2337 ma-

598 2385 808 2440 lefaCIis
838 2399 1024 2438 eorum
1053 2382 1139 2452 qui
1172 2395 1231 2435 se
1252 2380 1341 2435 Dei
1374 2379 1611 2433 cultores
1645 2378 1977 2447 profitentur.
2009 2376 2202 2445 Quem-

599 2476 891 2531 admodum
965 2486 1018 2531 et
1074 2474 1260 2528 militis
1322 2472 1490 2527 virtus
1527 2478 1621 2526 aut
1660 2472 1799 2526 servi
1840 2470 2077 2540 probitas
2119 2484 2206 2525 rc-

598 2567 801 2622 dundat
829 2569 877 2621 in
909 2565 1133 2636 gloriam
1169 2562 1320 2618 ducis
1361 2572 1446 2617 aut
1475 2562 1588 2618 heri
1617 2604 1631 2626 .
1668 2561 1737 2616 ita
1761 2561 1944 2617 militis
1972 2559 2200 2631 ignavia,

599 2670 694 2714 aut
724 2658 863 2713 servi
896 2658 1147 2727 nequitia,
1181 2654 1431 2709 dedecori
1462 2664 1543 2707 est
1571 2654 1693 2707 duci
1743 2664 1833 2706 aut
1874 2654 2023 2718 hero,
2082 2668 2206 2722 pro-

598 2759 785 2822 pterea
815 2749 956 2820 quod
1010 2747 1198 2802 horum
1229 2762 1405 2800 mores
1436 2759 1627 2815 magna
1675 2760 1741 2801 ex
1797 2752 1944 2814 parte
1974 2745 2208 2814 pendent

602 2841 672 2895 ab
700 2841 912 2895 illorum
963 2839 1202 2894 moribus
1260 2840 1310 2892 in
1356 2852 1585 2908 quorum
1639 2845 1901 2907 potestate
1928 2846 2070 2889 sunt.
2105 2836 2205 2902 Qui

601 2934 812 2989 etiamsi
843 2947 1062 3003 prorsus
1082 2931 1276 2986 absunt
1302 2931 1368 2984 ab
1389 2930 1534 2983 omni
1567 2929 1744 2998 culpa,
1780 2938 1956 2983 tamen
1982 2929 2206 2999 popula-

597 3025 677 3080 ris
697 3025 1022 3079 existimatio
1051 3024 1189 3079 solet
1237 3022 1575 3078 dominorum
1603 3036 1781 3076 mores
1818 3036 1883 3076 ex
1930 3037 2206 3075 servorum

600 3120 841 3174 moribus
868 3120 1152 3174 aestimare.
1183 3116 1336 3173 Unde
1367 3117 1527 3172 etiam
1567 3116 1657 3173 hic
1700 3106 1944 3171 Videmus
1973 3115 2207 3171 divinam

2306 1897 2471 1955 estad
2512 1897 2828 1967 sanguinem
2847 1937 2861 1961 ,
2895 1895 2964 1950 ibi
3005 1894 3272 1965 dejectum
3297 1905 3378 1948 est
3404 1893 3615 1949 Satanae
3638 1906 3864 1964 regnum
3884 1938 3899 1960 ,

2306 1994 2378 2050 ibi
2412 1992 2665 2047 subactus
2692 2001 2778 2046 eSt
2822 1989 3077 2045 mundus.
3122 1988 3526 2044 Commemorat
3568 1996 3621 2043 et
3664 1988 3909 2044 Joannes

2306 2087 2633 2158 evangelista
2682 2086 2874 2155 triplex
2924 2084 2976 2138 iu
3022 2094 3161 2138 terra
3205 2082 3604 2145 testimonium,
3633 2082 3907 2152 Spiritus,

2306 2195 2442 2251 aqua
2489 2190 2543 2234 et
2586 2179 2802 2248 sanguis
2826 2217 2841 2243 ,
2873 2176 3015 2246 quod
3062 2175 3498 2231 efficacissimum
3525 2184 3609 2230 est
3635 2185 3911 2246 postremo

2307 2287 2595 2327 recensens
2636 2270 3061 2342 loco.‘Spiritum
3091 2270 3142 2323 in
3179 2269 3441 2324 columba:
3468 2270 3650 2339 Specie
3675 2269 3901 2351 descen.

2308 2364 2524 2420 dentem
2556 2380 2718 2434 super
2734 2363 2920 2419 Jesum
2946 2357 3128 2418 videre
3161 2363 3355 2417 meruit
3383 2361 3622 2417 Joannes
3644 2363 3906 2434 Baptista;

2307 2475 2376 2515 an
2426 2460 2514 2514 alii
2569 2459 2801 2515 viderint
2850 2460 3135 2514 incertum.
3184 2457 3343 2514 Certe
3387 2458 3491 2513 hoc
3532 2461 3906 2517 testimonium

2310 2548 2506 2607 Joanni
2537 2549 2721 2607 datum
2769 2562 2882 2620 est,
2923 2565 3031 2621 quo
3077 2551 3348 2607 desineret
3386 2551 3634 2609 dubitare
3685 2551 3755 2609 de
3806 2555 3909 2609 Do-

2310 2644 2459 2699 mino
2511 2644 2639 2699 Jesu
2701 2660 2767 2699 an
2802 2644 2888 2699 ille
2919 2654 3065 2699 esset
3113 2648 3203 2715 qui
3262 2644 3562 2714 baptizaret
3612 2646 3814 2718 Spiritu
3857 2659 3913 2705 et

2311 2738 2439 2808 igni.
2476 2738 2642 2808 Aqua:
2672 2737 3040 2795 testimonium
3084 2737 3217 2792 vidit
3256 2737 3494 2794 Joannes
3543 2742 3866 2810 evangelista
3890 2783 3907 2809 ,

2313 2845 2415 2886 nec
2440 2830 2579 2884 'salis
2617 2839 2829 2884 consmt
2880 2830 3100 2883 solusne
3154 2828 3365 2896 viderit,
3418 2846 3487 2883 an
3539 2846 3655 2884 cum
3702 2832 3903 2886 multis.

2311 2921 2585 2991 Eratquid
2608 2939 2675 2975 :m
2707 2922 2809 2976 hoc
2834 2923 3021 2991 ingens
3051 2922 3366 2993 mysterium
3397 2924 3537 2978 sacri
3577 2923 3767 2979 lavacri
3796 2941 3906 2996 quo

2312 3014 2560 3070 delentur
2616 3024 2868 3084 peccata:
2900 3014 2996 3070 sed
3044 3014 3174 3069 vidit
3222 3030 3418 3085 aquam
3476 3017 3635 3070 simul
3686 3016 3909 3075 effluere

2313 3124 2434 3164 cum
2462 3109 2740 3179 sanguine,
2766 3110 2853 3179 qui
2880 3108 2981 3163 nisi
3008 3107 3293 3177 adfuisset,
3320 3112 3566 3167 ineﬂicax
3596 3122 3713 3167 erat
3751 3128 3903 3183 aqua.

601 3212 935 3282 Scripturam
977 3212 1284 3282 frequenter
1327 3212 1477 3281 juxta
1526 3211 1829 3266 mortalium
1860 3210 2081 3265 affectus
2128 3211 2180 3265 lo

2315 3201 2453 3270 Quid
2479 3205 2622 3257 enim
2661 3203 2879 3273 prodest
2934 3204 3136 3259 aboleri
3193 3215 3444 3274 peccata,
3501 3207 3603 3261 nisi
3657 3208 3913 3261 succedat

599 3316 876 3373 quentem,
904 3305 1052 3359 velut
1092 3305 1143 3357 in
1189 3303 1430 3357 Levitieo
1458 3301 1526 3358 de
1549 3318 1615 3357 eo
1641 3304 1730 3373 qui
1756 3302 1825 3356 de
1869 3304 2074 3358 semine
2114 3316 2211 3357 suo

604 3394 843 3448 dedisset
873 3395 1018 3449 idolo
1049 3394 1277 3457 Moloch,
1308 3394 1434 3458 dicit
1462 3410 1476 3446 :
1506 3393 1639 3462 Quia
1668 3395 1847 3462 polluit
1889 3411 2070 3449 nomen
2091 3413 2211 3450 stm-

606 3499 745 3543 ctum
786 3506 953 3543 meum
985 3487 1169 3558 (Leuit.
1210 3506 1337 3555 Lxx,
1373 3488 1451 3560 '5).
1498 3491 1565 3542 At
1594 3488 1735 3559 quod
1784 3489 1853 3542 ah
1909 3489 2212 3544 hominibus

604 3578 995 3635 sanctificatum
1045 3590 1126 3634 cst
1173 3579 1337 3650 pollui
1388 3588 1581 3650 potest,
1633 3578 1723 3632 Dei
1771 3594 1899 3633 vero
1931 3595 2125 3634 nomen
2159 3583 2209 3636 in

601 3689 665 3728 se
689 3689 905 3744 semper
928 3683 1011 3729 est
1029 3675 1318 3743 gloriosum
1341 3714 1354 3736 ,
1387 3674 1524 3743 apud
1575 3673 1821 3727 homines
1853 3682 2053 3726 tantum
2077 3690 2208 3729 con-

606 3768 920 3833 taminatur,
952 3766 1403 3837 quemadmodum
1451 3765 1677 3820 mendax
1719 3765 1931 3820 infamia
1963 3782 2066 3823 non
2098 3768 2212 3837 pol-

602 3857 706 3914 luit
734 3859 907 3912 virum
960 3860 1247 3928 integrum.
1276 3858 1366 3912 Sic
1394 3866 1448 3911 et
1476 3858 1615 3927 apud
1646 3858 1978 3913 Ezechielem
2015 3861 2212 3916 clamat

604 3967 804 4007 nomen
836 3967 988 4005 suum
1020 3951 1184 4006 fuisse
1208 3951 1464 4020 pollutum
1498 3951 1848 4007 interGeutes
1888 3952 2063 4022 impiis
2091 3969 2208 4010 mo-

605 4046 758 4101 ribus
798 4046 1175 4100 Israelitarum.
1212 4046 1350 4111 Quin
1386 4056 1438 4099 et
1471 4046 1810 4101 beatissimus
1857 4046 2048 4102 Paulus
2080 4051 2211 4103 scri-

606 4138 744 4191 bens
774 4137 1050 4203 Romanis,
1078 4153 1147 4195 ,ex
1176 4138 1491 4191 auctoritate
1521 4137 1805 4207 Pr0phet:c
1850 4138 1998 4205 dicit,
2028 4142 2213 4210 appel-

597 4230 724 4285 lans
750 4228 985 4294 Judieos,
1021 4230 1189 4299 legem
1220 4231 1552 4299 profitentes,
1580 4231 1672 4284 sed
1702 4245 1763 4284 ea
1792 4245 1910 4300 quae
1953 4232 2034 4286 lex
2066 4242 2212 4287 vetat

603 4323 866 4378 facientes
889 4338 902 4374 :
926 4320 1127 4375 Nomen
1151 4320 1241 4376 Dei
1271 4320 1649 4392 blasphematur
1673 4322 1804 4376 inter
1824 4322 2006 4378 Gentes
2029 4323 2207 4397 (Rom.

604 4415 809 4485 Inﬁt).
846 4410 909 4469 Et
935 4414 985 4468 in
1024 4415 1264 4469 oratione
1315 4414 1612 4481 Dominica,
1640 4416 1780 4471 sicut
1827 4420 1975 4488 attigi
2028 4420 2207 4485 modo,

603 4520 675 4561 ex
702 4506 1017 4561 auctoritate
1046 4505 1446 4576 Redemptoris,
1472 4522 1693 4562 oramus
1742 4518 1802 4562 ut
1847 4511 2212 4568 sanctiflcelur

2316 3297 2422 3350 vita
2452 3297 2673 3365 justitim
2705 3311 2865 3367 quam
2912 3298 3127 3363 confert
3179 3300 3431 3369 s:mguis?
3471 3300 3810 3370 Quamquam
3860 3303 3913 3356 bi

2317 3400 2426 3445 tres
2454 3405 2618 3444 unttm
2648 3400 2773 3444 sunt
2800 3407 2811 3443 :
2846 3405 2981 3445 unus
3021 3393 3164 3445 cnim
3219 3393 3352 3447 ficus
3379 3401 3488 3455 est,
3519 3393 3609 3463 qui
3658 3409 3755 3463 per
3784 3394 3919 3464 Spi-

2314 3482 2537 3549 ritum,
2580 3497 2771 3551 aquam
2842 3491 2891 3537 et
2948 3486 3261 3554 sanguinem
3329 3484 3563 3540 declarat
3629 3484 3915 3541 hominum

2316 3578 2499 3648 generi
2536 3580 2785 3631 virtutem
2818 3592 2881 3632 ac
2912 3576 3204 3633 bonitatent
3248 3593 3434 3633 sitam:
3464 3578 3703 3634 antideo
3727 3577 3918 3633 dicun-

2316 3679 2402 3725 tur
2432 3687 2594 3724 unum
2626 3685 2777 3734 esse,
2808 3670 3058 3740 quoniam
3094 3671 3332 3741 undique
3378 3669 3480 3725 sibi
3513 3679 3723 3735 constat
3767 3671 3915 3725 testi-

2317 3763 2554 3817 inonium
2577 3804 2591 3828 ,
2624 3779 2719 3817 nec
2747 3763 2853 3817 ulla
2881 3779 2943 3818 ex
2980 3774 3127 3831 parte
3158 3765 3397 3819 dissonat
3424 3782 3437 3830 ;
3465 3764 3913 3836 quemadmodum

2316 3870 2451 3925 quos
2473 3856 2773 3909 arctissitna
2794 3856 2968 3925 jungit
2990 3856 3249 3922 amicitia,
3272 3866 3491 3927 propter
3513 3874 3770 3912 summum
3792 3857 3911 3911 aui-

2314 3962 2524 4001 morum
2557 3962 2915 4011 consensum,
2946 3964 3084 4003 unus
3112 3950 3323 4003 animus
3347 3965 3470 4005 esse
3495 3950 3764 4005 dicuntur.

2391 4039 2453 4093 V.
2476 4040 2573 4107 Ae,
2594 4042 2742 4109 juxta
2770 4056 2988 4096 sensum
3017 4041 3360 4108 crassiorem,
3387 4042 3503 4097 hace
3531 4044 3627 4096 tria
3646 4042 3917 4114 pﬁl’clpllft

2316 4136 2519 4189 suntin
2555 4134 2771 4190 homine
2802 4136 2920 4189 vita!
2949 4146 3261 4205 argumenta
3303 4147 3464 4203 atque
3505 4136 3667 4191 etiam
3715 4139 3917 4190 instru‘

2316 4236 2517 4281 ntcnta.
2569 4227 2833 4294 Quamdiu
2887 4230 3027 4282 enim
3086 4229 3353 4299 pulmonis
3405 4228 3583 4284 officio
3629 4231 3921 4286 attrahitur

2316 4320 2551 4375 vicissim
2585 4336 2646 4374 ac
2688 4321 2930 4375 redditur
2958 4320 3185 4387 halitus,
3229 4331 3437 4377 certum
3484 4325 3612 4375 vitae
3655 4322 3919 4381 indicium

2317 4427 2438 4471 est:
2475 4415 2615 4470 unde
2655 4414 2908 4485 loquendi
2940 4415 3361 4481 Consuetudine,
3414 4416 3620 4485 spirare
3664 4417 3789 4471 dicu
3816 4427 3924 4473 :tur

2320 4513 2409 4582 qui
2442 4511 2667 4577 vivunt,
2698 4518 2751 4564 et
2782 4510 3058 4579 expirasse
3084 4510 3173 4579 qui
3204 4511 3363 4563 vitam
3394 4511 3665 4565 finierunt.
3696 4512 3835 4579 Quin
3864 4522 3924 4566 et

604 4614 804 4656 nomen
836 4601 925 4655 Dei
957 4600 1152 4666 Patris,
1182 4600 1287 4656 hoc
1323 4610 1405 4656 est
1456 4611 1514 4655 ut
1543 4602 1858 4659 inclarescat
1904 4616 1955 4659 et
1985 4607 2214 4664 illustrc-
2240 4601 2292 4660 D
2330 4606 2505 4659 anima
2540 4605 2717 4659 latinis
2743 4606 2901 4674 [latus
2937 4604 3151 4671 dicitur,
3198 4603 3264 4670 ad
3307 4620 3496 4674 gramm
3536 4605 3683 4659 vocis
3735 4606 3920 4660 itaita-

608 4694 696 4747 Jur
720 4692 860 4762 apud
905 4692 1171 4757 homines,
1206 4694 1387 4765 utique
1414 4708 1508 4763 per
1543 4693 1806 4760 homines,
1839 4698 1919 4751 vel
1955 4700 2128 4767 potius
2154 4700 2209 4756 in

604 4784 933 4840 hominibus.
965 4785 1267 4841 Illustratur
1303 4794 1480 4840 autem
1526 4787 1569 4841 si
1596 4786 1830 4857 Spiritus
1856 4790 1999 4845 illius
2030 4805 2213 4863 regnet

607 4881 664 4938 in
693 4877 867 4943 nobis,
900 4887 954 4933 et
973 4879 1016 4932 si
1046 4879 1188 4933 illius
1216 4877 1477 4933 Voluntati
1515 4880 1915 4951 obtemperetur
1952 4883 2003 4936 in
2030 4886 2207 4953 terris,

610 4970 1144 5049 quemadmodumin
1172 4971 1326 5028 caelis
1356 4970 1500 5028 nulla
1542 4984 1623 5029 est
1674 4974 1914 5031 rebellio.
1947 4979 2208 5045 QttOniutn

605 5072 786 5118 autem
818 5064 1058 5119 homines
1082 5078 1146 5118 ex
1169 5078 1290 5119 sese
1322 5064 1455 5119 nihil
1483 5065 1679 5121 habent
1701 5066 1933 5131 virtutis,
1959 5071 2209 5140 quicquid

560 5170 703 5233 .per
730 5172 829 5211 nos
877 5167 1023 5212 recte
1065 5155 1267 5227 geritur
1323 5157 1467 5213 cedit
1512 5159 1564 5211 in
1611 5159 1832 5229 gloriam
1865 5160 1977 5226 Dei,
2006 5172 2061 5217 et
2092 5163 2209 5219 ideo

603 5247 917 5307 thesaurum
945 5248 1137 5304 divina:
1159 5249 1417 5320 potentiae
1442 5252 1639 5321 promit
1677 5251 1943 5308 interdum
1972 5268 2037 5309 ex
2069 5256 2209 5313 vasis

2319 4698 2540 4767 tionem,
2572 4699 2659 4768 qtti
2713 4706 2912 4752 t'enfnnt
2961 4705 3130 4767 ἄνεμεν
3160 4708 3371 4753 vocant.
3404 4698 3578 4769 Super
3606 4698 3757 4761 ha‘c.
3792 4707 3922 4753 sunt

2319 4792 2371 4846 in
2416 4792 2533 4861 ipso
2582 4790 2799 4846 homine
2844 4789 3178 4844 subtilissimi
3230 4789 3479 4860 spiritus,
3529 4805 3557 4843 a
3614 4790 3780 4844 corde
3825 4791 3918 4845 ubi

2317 4885 2519 4939 fontem
2582 4884 2779 4938 habent
2824 4885 2995 4955 sparsi
3044 4900 3140 4954 per
3187 4885 3493 4937 universum
3544 4899 3766 4955 corpus,
3816 4886 3918 4939 sed

2315 4977 2586 5047 prrecipue
2640 4991 2735 5046 per
2785 4978 3010 5029 arterias
3064 4985 3462 5042 commeantes,
3513 4975 3637 5031 licet
3691 4987 3744 5032 ct
3796 4977 3920 5031 aliis

2318 5069 2559 5141 partibus
2586 5070 2838 5124 omnibus
2868 5069 3020 5123 miin
3051 5086 3064 5135 ;
3100 5069 3151 5122 bi
3197 5068 3240 5123 si
3286 5069 3466 5124 subito
3505 5070 3738 5135 evolent,
3772 5085 3918 5125 mor-

2319 5172 2426 5220 tem
2481 5149 2802 5235 pra‘sentcm
2866 5163 3151 5217 afferunt:
3199 5163 3281 5217 sin
3341 5163 3716 5231 includantur,
3773 5165 3914 5219 lenta

2314 5257 2670 5332 aegrotatione
2705 5265 3031 5311 consumunt
3076 5254 3370 5309 hominem.
3405 5255 3574 5311 Adest
3619 5265 3678 5311 et
3720 5256 3916 5311 humor

1952 5415 2317 5476 VARIORUM
2352 5417 2583 5474 ΝΟΤΛΕ.

623 5614 633 5626 ν
661 5551 931 5626 oblaticii:
958 5551 1247 5623 penuriam.
1280 5548 1397 5626 Non
1425 5559 1570 5607 recte
1616 5550 1880 5626 Manutius
1899 5563 1973 5626 _ct
2015 5553 2211 5626 Morel-

598 5613 703 5679 lius
733 5622 927 5697 loricis,
954 5613 1128 5697 neque
1171 5636 1299 5697 vero
1335 5623 1411 5677 sie
1452 5625 1611 5678 etiam
1655 5624 1850 5679 alicubi
1885 5623 2204 5697 Cyprianus,

598 5696 683 5747 Cui
713 5696 872 5749 etiam
907 5696 1018 5750 beri
1050 5709 1245 5749 nomen
1278 5694 1515 5762 ignotum
1544 5706 1643 5750 est.
1675 5697 1881 5751 Pauca.

672 5767 736 5797 ¹⁷θ
766 5766 867 5818 Aut
894 5766 1006 5818 ideo
1039 5782 1196 5817 unum
1230 5765 1468 5818 dicuntur
1505 5783 1631 5833 esse,
1651 5777 1755 5821 etc.
1788 5768 2051 5821 Nimirum
2074 5782 2205 5821 con-

598 5833 759 5885 sentit
784 5834 899 5887 haec
927 5836 1189 5903 expositio
1218 5836 1651 5892 annotationibus
1685 5836 1894 5893 Erasmi
1924 5880 1938 5906 ,
1983 5840 2035 5893 in
2062 5839 2203 5894 hunc

2313 5554 2566 5624 Epistolas
2592 5551 2814 5607 Joannis
2860 5550 3077 5624 locum;
3109 5551 3383 5624 ipservero
3421 5549 3726 5622 Cyprianus
3754 5552 3915 5622 longe

2310 5622 2484 5689 aliter,
2514 5625 2582 5679 de
2615 5624 2815 5678 unitate
2858 5623 3061 5689 Patris,
3120 5622 3240 5678 Filii
3285 5634 3338 5678 et
3366 5623 3596 5693 Spiritus
3624 5626 3791 5679 sancti
3827 5627 3917 5678 in.

2312 5706 2649 5766 terpretatur,
2694 5694 2829 5750 libro
2858 5694 2922 5750 de
2972 5693 3116 5750 Unit.
3152 5694 3421 5752 Ecclesiaz.
3469 5695 3558 5752 Sic
3603 5696 3765 5751 etiam
3819 5696 3915 5751 alii

2309 5779 2538 5826 veteres.
2578 5767 2786 5823 PAIEL.
