  <div class='ocr_page' id='page_1' title='image "/cluster/home/n/w/nwhite01/storage/ocr_20150623/4/hvd.32044048207708/448.png"; bbox 0 0 4202 6272; ppageno 0'>
   <div class='ocr_carea' id='block_1_1' title="bbox 278 246 397 323">
    <p class='ocr_par' dir='ltr' id='par_1_1' title="bbox 278 246 397 323">
     <span class='ocr_line' id='line_1_1' title="bbox 278 246 397 323; baseline -0.025 0"><span class='ocrx_word' id='word_1_1' title='bbox 278 246 397 323; x_wconf 68' lang='lat' dir='ltr'><strong>ass</strong></span> 
     </span>
    </p>
   </div>
   <div class='ocr_carea' id='block_1_2' title="bbox 1535 258 2349 320">
    <p class='ocr_par' dir='ltr' id='par_1_2' title="bbox 1535 258 2349 320">
     <span class='ocr_line' id='line_1_2' title="bbox 1535 258 2349 320; baseline -0.001 -3"><span class='ocrx_word' id='word_1_2' title='bbox 1535 261 1621 317; x_wconf 83' lang='lat' dir='ltr'><strong>DE</strong></span> <span class='ocrx_word' id='word_1_3' title='bbox 1664 258 1929 319; x_wconf 85' lang='lat' dir='ltr'><strong>DUPLICI</strong></span> <span class='ocrx_word' id='word_1_4' title='bbox 1970 260 2349 320; x_wconf 78' lang='lat' dir='ltr'><strong>MARTYRIO.</strong></span> 
     </span>
    </p>
   </div>
   <div class='ocr_carea' id='block_1_3' title="bbox 3482 274 3587 332">
    <p class='ocr_par' dir='ltr' id='par_1_3' title="bbox 3482 274 3587 332">
     <span class='ocr_line' id='line_1_3' title="bbox 3482 274 3587 332; baseline 0.029 -3"><span class='ocrx_word' id='word_1_5' title='bbox 3482 274 3587 332; x_wconf 76' lang='lat'><strong>886</strong></span> 
     </span>
    </p>
   </div>
   <div class='ocr_carea' id='block_1_4' title="bbox 286 374 3588 455">
    <p class='ocr_par' dir='ltr' id='par_1_4' title="bbox 286 374 3588 455">
     <span class='ocr_line' id='line_1_4' title="bbox 286 374 3588 455; baseline 0.002 -21"><span class='ocrx_word' id='word_1_6' title='bbox 286 379 507 451; x_wconf 77' lang='lat' dir='ltr'><strong>quidam</strong></span> <span class='ocrx_word' id='word_1_7' title='bbox 524 376 801 446; x_wconf 75' lang='lat' dir='ltr'><strong>naturalis,</strong></span> <span class='ocrx_word' id='word_1_8' title='bbox 830 392 1011 448; x_wconf 80' lang='lat' dir='ltr'><strong>quem,</strong></span> <span class='ocrx_word' id='word_1_9' title='bbox 1039 383 1093 431; x_wconf 89' lang='lat' dir='ltr'><strong>ut</strong></span> <span class='ocrx_word' id='word_1_10' title='bbox 1116 377 1370 441; x_wconf 56' lang='lat' dir='ltr'><strong>arbitror,</strong></span> <span class='ocrx_word' id='word_1_11' title='bbox 1410 376 1602 431; x_wconf 86' lang='lat' dir='ltr'><strong>medici</strong></span> <span class='ocrx_word' id='word_1_12' title='bbox 1636 378 1881 446; x_wconf 78' lang='lat' dir='ltr'><strong>plilegma</strong></span> <span class='ocrx_word' id='word_1_13' title='bbox 1915 374 1967 436; x_wconf 78' lang='grc' dir='ltr'><strong>Α</strong></span> <span class='ocrx_word' id='word_1_14' title='bbox 1994 376 2136 443; x_wconf 83' lang='lat' dir='ltr'><strong>bilis,</strong></span> <span class='ocrx_word' id='word_1_15' title='bbox 2163 393 2258 432; x_wconf 88' lang='lat' dir='ltr'><strong>nec</strong></span> <span class='ocrx_word' id='word_1_16' title='bbox 2288 377 2411 432; x_wconf 87' lang='lat' dir='ltr'><strong>alibi</strong></span> <span class='ocrx_word' id='word_1_17' title='bbox 2437 379 2605 451; x_wconf 83' lang='lat' dir='ltr'><strong>magis</strong></span> <span class='ocrx_word' id='word_1_18' title='bbox 2647 395 2831 437; x_wconf 80' lang='lat' dir='ltr'><strong>verum</strong></span> <span class='ocrx_word' id='word_1_19' title='bbox 2862 381 2992 451; x_wconf 89' lang='lat' dir='ltr'><strong>fuit,</strong></span> <span class='ocrx_word' id='word_1_20' title='bbox 3023 384 3163 455; x_wconf 88' lang='lat' dir='ltr'><strong>quod</strong></span> <span class='ocrx_word' id='word_1_21' title='bbox 3206 384 3303 441; x_wconf 80' lang='lat' dir='ltr'><strong>Dei</strong></span> <span class='ocrx_word' id='word_1_22' title='bbox 3341 387 3497 442; x_wconf 76' lang='lat' dir='ltr'><strong>rit-tus</strong></span> <span class='ocrx_word' id='word_1_23' title='bbox 3534 390 3588 443; x_wconf 83' lang='lat' dir='ltr'><strong>in</strong></span> 
     </span>
    </p>
   </div>
   <div class='ocr_carea' id='block_1_5' title="bbox 286 468 1887 541">
    <p class='ocr_par' dir='ltr' id='par_1_5' title="bbox 286 468 1887 541">
     <span class='ocr_line' id='line_1_5' title="bbox 286 468 1887 541; baseline -0.001 -16"><span class='ocrx_word' id='word_1_24' title='bbox 286 480 503 539; x_wconf 71' lang='lat' dir='ltr'><strong>Vocant,</strong></span> <span class='ocrx_word' id='word_1_25' title='bbox 539 484 759 541; x_wconf 75' lang='lat' dir='ltr'><strong>sparsus</strong></span> <span class='ocrx_word' id='word_1_26' title='bbox 788 480 838 525; x_wconf 90' lang='lat' dir='ltr'><strong>et</strong></span> <span class='ocrx_word' id='word_1_27' title='bbox 863 471 976 538; x_wconf 86' lang='lat' dir='ltr'><strong>ipse</strong></span> <span class='ocrx_word' id='word_1_28' title='bbox 1008 485 1101 540; x_wconf 85' lang='lat' dir='ltr'><strong>per</strong></span> <span class='ocrx_word' id='word_1_29' title='bbox 1130 473 1438 523; x_wconf 80' lang='lat' dir='ltr'><strong>universum</strong></span> <span class='ocrx_word' id='word_1_30' title='bbox 1471 483 1685 539; x_wconf 89' lang='lat' dir='ltr'><strong>corpus.</strong></span> <span class='ocrx_word' id='word_1_31' title='bbox 1715 468 1887 538; x_wconf 85' lang='lat' dir='ltr'><strong>llujus</strong></span> 
     </span>
    </p>
   </div>
   <div class='ocr_carea' id='block_1_6' title="bbox 274 556 1885 633">
    <p class='ocr_par' dir='ltr' id='par_1_6' title="bbox 274 556 1885 633">
     <span class='ocr_line' id='line_1_6' title="bbox 274 556 1885 633; baseline -0.001 -15"><span class='ocrx_word' id='word_1_32' title='bbox 274 556 451 618; x_wconf 59' lang='lat' dir='ltr'><strong>&#39;usum</strong></span> <span class='ocrx_word' id='word_1_33' title='bbox 502 577 791 633; x_wconf 75' lang='lat' dir='ltr'><strong>numquam</strong></span> <span class='ocrx_word' id='word_1_34' title='bbox 819 563 1082 617; x_wconf 85' lang='lat' dir='ltr'><strong>sentimus</strong></span> <span class='ocrx_word' id='word_1_35' title='bbox 1109 561 1413 617; x_wconf 88' lang='lat' dir='ltr'><strong>evidentius</strong></span> <span class='ocrx_word' id='word_1_36' title='bbox 1439 579 1597 633; x_wconf 86' lang='lat' dir='ltr'><strong>quam</strong></span> <span class='ocrx_word' id='word_1_37' title='bbox 1647 563 1697 616; x_wconf 89' lang='lat' dir='ltr'><strong>iu</strong></span> <span class='ocrx_word' id='word_1_38' title='bbox 1724 578 1885 617; x_wconf 89' lang='lat' dir='ltr'><strong>sensu</strong></span> 
     </span>
    </p>
   </div>
   <div class='ocr_carea' id='block_1_7' title="bbox 290 655 1890 729">
    <p class='ocr_par' dir='ltr' id='par_1_7' title="bbox 290 655 1890 729">
     <span class='ocr_line' id='line_1_7' title="bbox 290 655 1890 729; baseline 0 -19"><span class='ocrx_word' id='word_1_39' title='bbox 290 666 477 729; x_wconf 87' lang='lat' dir='ltr'><strong>gustus</strong></span> <span class='ocrx_word' id='word_1_40' title='bbox 511 674 524 711; x_wconf 91' lang='lat'><strong>:</strong></span> <span class='ocrx_word' id='word_1_41' title='bbox 560 657 659 709; x_wconf 75' lang='lat' dir='ltr'><strong>nisi</strong></span> <span class='ocrx_word' id='word_1_42' title='bbox 690 657 833 711; x_wconf 86' lang='lat' dir='ltr'><strong>enim</strong></span> <span class='ocrx_word' id='word_1_43' title='bbox 866 655 959 711; x_wconf 87' lang='lat' dir='ltr'><strong>hic</strong></span> <span class='ocrx_word' id='word_1_44' title='bbox 983 656 1260 710; x_wconf 84' lang='lat' dir='ltr'><strong>admixtus</strong></span> <span class='ocrx_word' id='word_1_45' title='bbox 1288 657 1357 710; x_wconf 87' lang='lat' dir='ltr'><strong>sit</strong></span> <span class='ocrx_word' id='word_1_46' title='bbox 1397 657 1538 710; x_wconf 88' lang='lat' dir='ltr'><strong>inter</strong></span> <span class='ocrx_word' id='word_1_47' title='bbox 1569 656 1802 726; x_wconf 80' lang='lat' dir='ltr'><strong>linguam</strong></span> <span class='ocrx_word' id='word_1_48' title='bbox 1834 664 1890 710; x_wconf 86' lang='lat' dir='ltr'><strong>et</strong></span> 
     </span>
    </p>
   </div>
   <div class='ocr_carea' id='block_1_8' title="bbox 205 748 1890 823">
    <p class='ocr_par' dir='ltr' id='par_1_8' title="bbox 205 748 1890 823">
     <span class='ocr_line' id='line_1_8' title="bbox 205 748 1890 823; baseline -0.001 -20"><span class='ocrx_word' id='word_1_49' title='bbox 205 752 218 765; x_wconf 85' lang='lat'><strong><em>‘</em></strong></span> <span class='ocrx_word' id='word_1_50' title='bbox 290 752 551 823; x_wconf 82' lang='lat' dir='ltr'><strong>palatum,</strong></span> <span class='ocrx_word' id='word_1_51' title='bbox 600 749 809 804; x_wconf 80' lang='lat' dir='ltr'><strong>nullum</strong></span> <span class='ocrx_word' id='word_1_52' title='bbox 838 750 942 804; x_wconf 87' lang='lat' dir='ltr'><strong>erit</strong></span> <span class='ocrx_word' id='word_1_53' title='bbox 973 750 1133 820; x_wconf 91' lang='lat' dir='ltr'><strong>palati</strong></span> <span class='ocrx_word' id='word_1_54' title='bbox 1158 748 1442 818; x_wconf 88' lang='lat' dir='ltr'><strong>judicium.</strong></span> <span class='ocrx_word' id='word_1_55' title='bbox 1471 748 1537 802; x_wconf 87' lang='lat' dir='ltr'><strong>Et</strong></span> <span class='ocrx_word' id='word_1_56' title='bbox 1565 757 1745 803; x_wconf 88' lang='lat' dir='ltr'><strong>tamen</strong></span> <span class='ocrx_word' id='word_1_57' title='bbox 1776 748 1890 802; x_wconf 75' lang='lat' dir='ltr'><strong>haec</strong></span> 
     </span>
    </p>
   </div>
   <div class='ocr_carea' id='block_1_9' title="bbox 290 840 1890 910">
    <p class='ocr_par' dir='ltr' id='par_1_9' title="bbox 290 840 1890 910">
     <span class='ocr_line' id='line_1_9' title="bbox 290 840 1890 910; baseline -0.003 -10"><span class='ocrx_word' id='word_1_58' title='bbox 290 844 370 900; x_wconf 79' lang='lat' dir='ltr'><strong>sic</strong></span> <span class='ocrx_word' id='word_1_59' title='bbox 400 842 565 897; x_wconf 82' lang='lat' dir='ltr'><strong>mixta</strong></span> <span class='ocrx_word' id='word_1_60' title='bbox 596 851 721 896; x_wconf 84' lang='lat' dir='ltr'><strong>sunt</strong></span> <span class='ocrx_word' id='word_1_61' title='bbox 749 842 801 896; x_wconf 90' lang='lat' dir='ltr'><strong>in</strong></span> <span class='ocrx_word' id='word_1_62' title='bbox 828 841 1079 907; x_wconf 84' lang='lat' dir='ltr'><strong>homine,</strong></span> <span class='ocrx_word' id='word_1_63' title='bbox 1113 850 1169 894; x_wconf 88' lang='lat' dir='ltr'><strong>ut</strong></span> <span class='ocrx_word' id='word_1_64' title='bbox 1208 856 1312 894; x_wconf 93' lang='lat' dir='ltr'><strong>non</strong></span> <span class='ocrx_word' id='word_1_65' title='bbox 1340 840 1411 894; x_wconf 90' lang='lat' dir='ltr'><strong>sit</strong></span> <span class='ocrx_word' id='word_1_66' title='bbox 1438 840 1653 910; x_wconf 78' lang='lat' dir='ltr'><strong>sanguis</strong></span> <span class='ocrx_word' id='word_1_67' title='bbox 1689 840 1890 910; x_wconf 85' lang='lat' dir='ltr'><strong>absque</strong></span> 
     </span>
    </p>
   </div>
   <div class='ocr_carea' id='block_1_10' title="bbox 289 933 1888 1008">
    <p class='ocr_par' dir='ltr' id='par_1_10' title="bbox 289 933 1888 1008">
     <span class='ocr_line' id='line_1_10' title="bbox 289 933 1888 1008; baseline -0.005 -13"><span class='ocrx_word' id='word_1_68' title='bbox 289 937 486 1008; x_wconf 70' lang='lat' dir='ltr'><strong>Spiritu</strong></span> <span class='ocrx_word' id='word_1_69' title='bbox 512 946 563 991; x_wconf 92' lang='lat' dir='ltr'><strong>ct</strong></span> <span class='ocrx_word' id='word_1_70' title='bbox 595 934 936 1006; x_wconf 72' lang='lat' dir='ltr'><strong>phlegmata,</strong></span> <span class='ocrx_word' id='word_1_71' title='bbox 969 942 1024 990; x_wconf 89' lang='lat' dir='ltr'><strong>et</strong></span> <span class='ocrx_word' id='word_1_72' title='bbox 1064 934 1267 1006; x_wconf 88' lang='lat' dir='ltr'><strong>pariter</strong></span> <span class='ocrx_word' id='word_1_73' title='bbox 1312 933 1379 987; x_wconf 85' lang='lat' dir='ltr'><strong>ad</strong></span> <span class='ocrx_word' id='word_1_74' title='bbox 1429 933 1678 988; x_wconf 88' lang='lat' dir='ltr'><strong>tuendam</strong></span> <span class='ocrx_word' id='word_1_75' title='bbox 1724 934 1888 987; x_wconf 83' lang='lat' dir='ltr'><strong>vitam</strong></span> 
     </span>
    </p>
   </div>
   <div class='ocr_carea' id='block_1_11' title="bbox 293 1026 1889 1097">
    <p class='ocr_par' dir='ltr' id='par_1_11' title="bbox 293 1026 1889 1097">
     <span class='ocr_line' id='line_1_11' title="bbox 293 1026 1889 1097; baseline -0.004 -10"><span class='ocrx_word' id='word_1_76' title='bbox 293 1030 583 1087; x_wconf 83' lang='lat' dir='ltr'><strong>conterunt</strong></span> <span class='ocrx_word' id='word_1_77' title='bbox 636 1029 836 1084; x_wconf 84' lang='lat' dir='ltr'><strong>omnia.</strong></span> <span class='ocrx_word' id='word_1_78' title='bbox 886 1027 1142 1083; x_wconf 80' lang='lat' dir='ltr'><strong>Videmus</strong></span> <span class='ocrx_word' id='word_1_79' title='bbox 1206 1026 1435 1097; x_wconf 77' lang='lat' dir='ltr'><strong>quodvis</strong></span> <span class='ocrx_word' id='word_1_80' title='bbox 1494 1028 1690 1080; x_wconf 91' lang='lat' dir='ltr'><strong>animal</strong></span> <span class='ocrx_word' id='word_1_81' title='bbox 1756 1028 1889 1081; x_wconf 85' lang='lat' dir='ltr'><strong>mori</strong></span> 
     </span>
    </p>
   </div>
   <div class='ocr_carea' id='block_1_12' title="bbox 292 1117 1893 1193">
    <p class='ocr_par' dir='ltr' id='par_1_12' title="bbox 292 1117 1893 1193">
     <span class='ocr_line' id='line_1_12' title="bbox 292 1117 1893 1193; baseline -0.004 -13"><span class='ocrx_word' id='word_1_82' title='bbox 292 1123 452 1182; x_wconf 82' lang='lat' dir='ltr'><strong>simul</strong></span> <span class='ocrx_word' id='word_1_83' title='bbox 473 1132 635 1193; x_wconf 87' lang='lat' dir='ltr'><strong>atque</strong></span> <span class='ocrx_word' id='word_1_84' title='bbox 660 1119 876 1192; x_wconf 75' lang='lat' dir='ltr'><strong>sanguis</strong></span> <span class='ocrx_word' id='word_1_85' title='bbox 895 1117 1190 1184; x_wconf 84' lang='lat' dir='ltr'><strong>efﬂuxerit;</strong></span> <span class='ocrx_word' id='word_1_86' title='bbox 1214 1127 1288 1188; x_wconf 89' lang='lat' dir='ltr'><strong>et,</strong></span> <span class='ocrx_word' id='word_1_87' title='bbox 1313 1127 1630 1187; x_wconf 87' lang='lat' dir='ltr'><strong>consumpto</strong></span> <span class='ocrx_word' id='word_1_88' title='bbox 1666 1117 1893 1173; x_wconf 85' lang='lat' dir='ltr'><strong>humore</strong></span> 
     </span>
    </p>
   </div>
   <div class='ocr_carea' id='block_1_13' title="bbox 295 1202 1893 1291">
    <p class='ocr_par' dir='ltr' id='par_1_13' title="bbox 295 1202 1893 1291">
     <span class='ocr_line' id='line_1_13' title="bbox 295 1202 1893 1291; baseline -0.006 -17"><span class='ocrx_word' id='word_1_89' title='bbox 295 1233 457 1291; x_wconf 83' lang='lat' dir='ltr'><strong>quem</strong></span> <span class='ocrx_word' id='word_1_90' title='bbox 510 1215 702 1271; x_wconf 88' lang='lat' dir='ltr'><strong>medici</strong></span> <span class='ocrx_word' id='word_1_91' title='bbox 747 1213 1029 1267; x_wconf 73' lang='lat' dir='ltr'><strong>radicatam</strong></span> <span class='ocrx_word' id='word_1_92' title='bbox 1074 1221 1295 1277; x_wconf 82' lang='lat' dir='ltr'><strong>rocant,</strong></span> <span class='ocrx_word' id='word_1_93' title='bbox 1330 1228 1436 1267; x_wconf 91' lang='lat' dir='ltr'><strong>non</strong></span> <span class='ocrx_word' id='word_1_94' title='bbox 1483 1202 1638 1266; x_wconf 83' lang='lat' dir='ltr'><strong>aliter</strong></span> <span class='ocrx_word' id='word_1_95' title='bbox 1667 1211 1893 1265; x_wconf 85' lang='lat' dir='ltr'><strong>moritur</strong></span> 
     </span>
    </p>
   </div>
   <div class='ocr_carea' id='block_1_14' title="bbox 297 1304 1888 1381">
    <p class='ocr_par' dir='ltr' id='par_1_14' title="bbox 297 1304 1888 1381">
     <span class='ocr_line' id='line_1_14' title="bbox 297 1304 1888 1381; baseline -0.006 -16"><span class='ocrx_word' id='word_1_96' title='bbox 297 1312 481 1376; x_wconf 88' lang='lat' dir='ltr'><strong>homo,</strong></span> <span class='ocrx_word' id='word_1_97' title='bbox 529 1323 686 1381; x_wconf 90' lang='lat' dir='ltr'><strong>quam</strong></span> <span class='ocrx_word' id='word_1_98' title='bbox 740 1306 1069 1376; x_wconf 79' lang='lat' dir='ltr'><strong>extinguitur</strong></span> <span class='ocrx_word' id='word_1_99' title='bbox 1113 1304 1331 1361; x_wconf 86' lang='lat' dir='ltr'><strong>lucerna</strong></span> <span class='ocrx_word' id='word_1_100' title='bbox 1382 1314 1703 1375; x_wconf 88' lang='lat' dir='ltr'><strong>consumpto</strong></span> <span class='ocrx_word' id='word_1_101' title='bbox 1749 1304 1888 1359; x_wconf 88' lang='lat' dir='ltr'><strong>oleo.</strong></span> 
     </span>
    </p>
   </div>
   <div class='ocr_carea' id='block_1_15' title="bbox 298 1399 1889 1469">
    <p class='ocr_par' dir='ltr' id='par_1_15' title="bbox 298 1399 1889 1469">
     <span class='ocr_line' id='line_1_15' title="bbox 298 1399 1889 1469; baseline -0.004 -10"><span class='ocrx_word' id='word_1_102' title='bbox 298 1402 408 1460; x_wconf 85' lang='lat' dir='ltr'><strong>Sed</strong></span> <span class='ocrx_word' id='word_1_103' title='bbox 438 1403 659 1457; x_wconf 87' lang='lat' dir='ltr'><strong>nimium</strong></span> <span class='ocrx_word' id='word_1_104' title='bbox 684 1400 775 1455; x_wconf 89' lang='lat' dir='ltr'><strong>diu</strong></span> <span class='ocrx_word' id='word_1_105' title='bbox 802 1414 1077 1454; x_wconf 83' lang='lat' dir='ltr'><strong>moramur</strong></span> <span class='ocrx_word' id='word_1_106' title='bbox 1106 1399 1157 1454; x_wconf 91' lang='lat' dir='ltr'><strong>in</strong></span> <span class='ocrx_word' id='word_1_107' title='bbox 1188 1400 1639 1469; x_wconf 75' lang='lat' dir='ltr'><strong>contemplatiOue</strong></span> <span class='ocrx_word' id='word_1_108' title='bbox 1666 1409 1889 1465; x_wconf 66' lang='lat' dir='ltr'><strong>naturaz;</strong></span> 
     </span>
    </p>
   </div>
   <div class='ocr_carea' id='block_1_16' title="bbox 297 1493 1894 1569">
    <p class='ocr_par' dir='ltr' id='par_1_16' title="bbox 297 1493 1894 1569">
     <span class='ocr_line' id='line_1_16' title="bbox 297 1493 1894 1569; baseline -0.003 -16"><span class='ocrx_word' id='word_1_109' title='bbox 297 1496 441 1569; x_wconf 89' lang='lat' dir='ltr'><strong>quod</strong></span> <span class='ocrx_word' id='word_1_110' title='bbox 464 1507 642 1551; x_wconf 84' lang='lat' dir='ltr'><strong>tamen</strong></span> <span class='ocrx_word' id='word_1_111' title='bbox 668 1510 771 1551; x_wconf 90' lang='lat' dir='ltr'><strong>non</strong></span> <span class='ocrx_word' id='word_1_112' title='bbox 804 1494 1066 1549; x_wconf 85' lang='lat' dir='ltr'><strong>inutiliter</strong></span> <span class='ocrx_word' id='word_1_113' title='bbox 1096 1493 1293 1550; x_wconf 85' lang='lat' dir='ltr'><strong>factum</strong></span> <span class='ocrx_word' id='word_1_114' title='bbox 1322 1494 1514 1564; x_wconf 83' lang='lat' dir='ltr'><strong>Opinor</strong></span> <span class='ocrx_word' id='word_1_115' title='bbox 1536 1509 1563 1547; x_wconf 91' lang='lat' dir='ltr'><strong>a</strong></span> <span class='ocrx_word' id='word_1_116' title='bbox 1605 1494 1790 1556; x_wconf 85' lang='lat' dir='ltr'><strong>nobis,</strong></span> <span class='ocrx_word' id='word_1_117' title='bbox 1836 1505 1894 1548; x_wconf 90' lang='lat' dir='ltr'><strong>ut</strong></span> 
     </span>
    </p>
   </div>
   <div class='ocr_carea' id='block_1_17' title="bbox 293 1588 1895 1660">
    <p class='ocr_par' dir='ltr' id='par_1_17' title="bbox 293 1588 1895 1660">
     <span class='ocr_line' id='line_1_17' title="bbox 293 1588 1895 1660; baseline -0.002 -15"><span class='ocrx_word' id='word_1_118' title='bbox 293 1590 582 1646; x_wconf 79' lang='lat' dir='ltr'><strong>dilucidius</strong></span> <span class='ocrx_word' id='word_1_119' title='bbox 618 1590 709 1644; x_wconf 77' lang='lat' dir='ltr'><strong>ﬂat</strong></span> <span class='ocrx_word' id='word_1_120' title='bbox 751 1589 997 1644; x_wconf 87' lang='lat' dir='ltr'><strong>cbaritati</strong></span> <span class='ocrx_word' id='word_1_121' title='bbox 1038 1599 1232 1644; x_wconf 79' lang='lat' dir='ltr'><strong>vestrae</strong></span> <span class='ocrx_word' id='word_1_122' title='bbox 1284 1590 1599 1660; x_wconf 87' lang='lat' dir='ltr'><strong>mysterium</strong></span> <span class='ocrx_word' id='word_1_123' title='bbox 1645 1589 1696 1643; x_wconf 89' lang='lat' dir='ltr'><strong>in</strong></span> <span class='ocrx_word' id='word_1_124' title='bbox 1744 1588 1895 1659; x_wconf 85' lang='lat' dir='ltr'><strong>cujus</strong></span> 
     </span>
    </p>
   </div>
   <div class='ocr_carea' id='block_1_18' title="bbox 297 1680 1895 1753">
    <p class='ocr_par' dir='ltr' id='par_1_18' title="bbox 297 1680 1895 1753">
     <span class='ocr_line' id='line_1_18' title="bbox 297 1680 1895 1753; baseline -0.002 -15"><span class='ocrx_word' id='word_1_125' title='bbox 297 1681 754 1753; x_wconf 84' lang='lat' dir='ltr'><strong>contemplatione</strong></span> <span class='ocrx_word' id='word_1_126' title='bbox 795 1680 919 1736; x_wconf 86' lang='lat' dir='ltr'><strong>ideo</strong></span> <span class='ocrx_word' id='word_1_127' title='bbox 949 1696 1227 1736; x_wconf 73' lang='lat' dir='ltr'><strong>versamur</strong></span> <span class='ocrx_word' id='word_1_128' title='bbox 1257 1681 1549 1747; x_wconf 85' lang='lat' dir='ltr'><strong>lubentius,</strong></span> <span class='ocrx_word' id='word_1_129' title='bbox 1584 1681 1704 1750; x_wconf 91' lang='lat' dir='ltr'><strong>quia</strong></span> <span class='ocrx_word' id='word_1_130' title='bbox 1753 1681 1895 1735; x_wconf 86' lang='lat' dir='ltr'><strong>salu-</strong></span> 
     </span>
    </p>
   </div>
   <div class='ocr_carea' id='block_1_19' title="bbox 1991 472 3589 550">
    <p class='ocr_par' dir='ltr' id='par_1_19' title="bbox 1991 472 3589 550">
     <span class='ocr_line' id='line_1_19' title="bbox 1991 472 3589 550; baseline 0.009 -27"><span class='ocrx_word' id='word_1_131' title='bbox 1991 472 2288 538; x_wconf 82' lang='lat' dir='ltr'><strong>iuﬁrmitate</strong></span> <span class='ocrx_word' id='word_1_132' title='bbox 2320 474 2581 542; x_wconf 77' lang='lat' dir='ltr'><strong>perﬁcitur</strong></span> <span class='ocrx_word' id='word_1_133' title='bbox 2632 474 2709 547; x_wconf 86' lang='lat' dir='ltr'><strong>(ll</strong></span> <span class='ocrx_word' id='word_1_134' title='bbox 2766 475 2880 532; x_wconf 83' lang='lat' dir='ltr'><strong>Cor.</strong></span> <span class='ocrx_word' id='word_1_135' title='bbox 2917 494 3009 544; x_wconf 87' lang='lat' dir='ltr'><strong>xu,</strong></span> <span class='ocrx_word' id='word_1_136' title='bbox 3043 480 3120 550; x_wconf 57' lang='lat'><strong>9)’.</strong></span> <span class='ocrx_word' id='word_1_137' title='bbox 3174 478 3249 535; x_wconf 86' lang='lat' dir='ltr'><strong>lbi</strong></span> <span class='ocrx_word' id='word_1_138' title='bbox 3296 477 3456 537; x_wconf 78' lang='lat' dir='ltr'><strong>fracta</strong></span> <span class='ocrx_word' id='word_1_139' title='bbox 3507 491 3589 538; x_wconf 89' lang='lat' dir='ltr'><strong>est</strong></span> 
     </span>
    </p>
   </div>
   <div class='ocr_carea' id='block_1_20' title="bbox 1993 556 3588 640">
    <p class='ocr_par' dir='ltr' id='par_1_20' title="bbox 1993 556 3588 640">
     <span class='ocr_line' id='line_1_20' title="bbox 1993 556 3588 640; baseline 0.008 -22"><span class='ocrx_word' id='word_1_140' title='bbox 1993 563 2204 619; x_wconf 76' lang='lat' dir='ltr'><strong>Satanae</strong></span> <span class='ocrx_word' id='word_1_141' title='bbox 2236 567 2508 636; x_wconf 84' lang='lat' dir='ltr'><strong>tyrannis,</strong></span> <span class='ocrx_word' id='word_1_142' title='bbox 2542 566 2613 621; x_wconf 89' lang='lat' dir='ltr'><strong>ibi</strong></span> <span class='ocrx_word' id='word_1_143' title='bbox 2642 556 2835 623; x_wconf 68' lang='grc' dir='ltr'>ἀεινῶιί</span> <span class='ocrx_word' id='word_1_144' title='bbox 2880 579 3003 624; x_wconf 88' lang='lat' dir='ltr'><strong>sunt</strong></span> <span class='ocrx_word' id='word_1_145' title='bbox 3046 571 3234 640; x_wconf 89' lang='lat' dir='ltr'><strong>inferi,</strong></span> <span class='ocrx_word' id='word_1_146' title='bbox 3278 573 3349 628; x_wconf 88' lang='lat' dir='ltr'><strong>ibi</strong></span> <span class='ocrx_word' id='word_1_147' title='bbox 3397 576 3588 630; x_wconf 81' lang='lat' dir='ltr'><strong>trium-</strong></span> 
     </span>
    </p>
   </div>
   <div class='ocr_carea' id='block_1_21' title="bbox 1995 658 3587 732">
    <p class='ocr_par' dir='ltr' id='par_1_21' title="bbox 1995 658 3587 732">
     <span class='ocr_line' id='line_1_21' title="bbox 1995 658 3587 732; baseline 0.007 -20"><span class='ocrx_word' id='word_1_148' title='bbox 1995 658 2213 728; x_wconf 87' lang='lat' dir='ltr'><strong>phatmn</strong></span> <span class='ocrx_word' id='word_1_149' title='bbox 2242 668 2323 712; x_wconf 84' lang='lat' dir='ltr'><strong>est</strong></span> <span class='ocrx_word' id='word_1_150' title='bbox 2356 658 2424 713; x_wconf 86' lang='lat' dir='ltr'><strong>de</strong></span> <span class='ocrx_word' id='word_1_151' title='bbox 2458 658 2711 727; x_wconf 85' lang='lat' dir='ltr'><strong>diabolo,</strong></span> <span class='ocrx_word' id='word_1_152' title='bbox 2762 662 2830 716; x_wconf 89' lang='lat' dir='ltr'><strong>ibi</strong></span> <span class='ocrx_word' id='word_1_153' title='bbox 2875 661 3115 732; x_wconf 78' lang='lat' dir='ltr'><strong>dejectus</strong></span> <span class='ocrx_word' id='word_1_154' title='bbox 3144 668 3340 732; x_wconf 73' lang='lat' dir='ltr'><strong>orcus,</strong></span> <span class='ocrx_word' id='word_1_155' title='bbox 3392 670 3587 724; x_wconf 59' lang='lat' dir='ltr'><strong>callum</strong></span> 
     </span>
    </p>
   </div>
   <div class='ocr_carea' id='block_1_22' title="bbox 1994 749 3592 827">
    <p class='ocr_par' dir='ltr' id='par_1_22' title="bbox 1994 749 3592 827">
     <span class='ocr_line' id='line_1_22' title="bbox 1994 749 3592 827; baseline 0.008 -23"><span class='ocrx_word' id='word_1_156' title='bbox 1994 760 2255 820; x_wconf 89' lang='lat' dir='ltr'><strong>apertum.</strong></span> <span class='ocrx_word' id='word_1_157' title='bbox 2316 749 2575 806; x_wconf 87' lang='lat' dir='ltr'><strong>Nimirum</strong></span> <span class='ocrx_word' id='word_1_158' title='bbox 2628 752 2730 809; x_wconf 90' lang='lat' dir='ltr'><strong>hoc</strong></span> <span class='ocrx_word' id='word_1_159' title='bbox 2780 764 2899 808; x_wconf 89' lang='lat' dir='ltr'><strong>erat</strong></span> <span class='ocrx_word' id='word_1_160' title='bbox 2951 759 3092 827; x_wconf 86' lang='lat' dir='ltr'><strong>quod</strong></span> <span class='ocrx_word' id='word_1_161' title='bbox 3142 758 3373 816; x_wconf 88' lang='lat' dir='ltr'><strong>instante</strong></span> <span class='ocrx_word' id='word_1_162' title='bbox 3405 763 3592 817; x_wconf 77' lang='lat' dir='ltr'><strong>mortis</strong></span> 
     </span>
    </p>
   </div>
   <div class='ocr_carea' id='block_1_23' title="bbox 1998 844 3594 925">
    <p class='ocr_par' dir='ltr' id='par_1_23' title="bbox 1998 844 3594 925">
     <span class='ocr_line' id='line_1_23' title="bbox 1998 844 3594 925; baseline 0.005 -25"><span class='ocrx_word' id='word_1_163' title='bbox 1998 856 2238 915; x_wconf 89' lang='lat' dir='ltr'><strong>tempore</strong></span> <span class='ocrx_word' id='word_1_164' title='bbox 2276 844 2663 916; x_wconf 82' lang='lat' dir='ltr'><strong>deprecabatur</strong></span> <span class='ocrx_word' id='word_1_165' title='bbox 2707 847 2960 903; x_wconf 76' lang='lat' dir='ltr'><strong>Dominus</strong></span> <span class='ocrx_word' id='word_1_166' title='bbox 2991 867 3004 903; x_wconf 88' lang='lat'><strong>:</strong></span> <span class='ocrx_word' id='word_1_167' title='bbox 3042 848 3211 915; x_wconf 84' lang='lat' dir='ltr'><strong>Pater,</strong></span> <span class='ocrx_word' id='word_1_168' title='bbox 3267 854 3493 922; x_wconf 80' lang='lat' dir='ltr'><strong>clariﬁca</strong></span> <span class='ocrx_word' id='word_1_169' title='bbox 3530 856 3594 925; x_wconf 83' lang='lat' dir='ltr'><strong>[i-</strong></span> 
     </span>
    </p>
   </div>
   <div class='ocr_carea' id='block_1_24' title="bbox 1996 937 3590 1018">
    <p class='ocr_par' dir='ltr' id='par_1_24' title="bbox 1996 937 3590 1018">
     <span class='ocr_line' id='line_1_24' title="bbox 1996 937 3590 1018; baseline 0.006 -27"><span class='ocrx_word' id='word_1_170' title='bbox 1996 937 2121 991; x_wconf 84' lang='lat' dir='ltr'><strong>lium</strong></span> <span class='ocrx_word' id='word_1_171' title='bbox 2144 948 2305 1001; x_wconf 81' lang='lat' dir='ltr'><strong>tuum,</strong></span> <span class='ocrx_word' id='word_1_172' title='bbox 2335 946 2388 990; x_wconf 82' lang='lat' dir='ltr'><strong>ut</strong></span> <span class='ocrx_word' id='word_1_173' title='bbox 2418 937 2555 1006; x_wconf 77' lang='lat' dir='ltr'><strong>ﬁlius</strong></span> <span class='ocrx_word' id='word_1_174' title='bbox 2582 947 2698 993; x_wconf 73' lang='lat' dir='ltr'><strong>tuus</strong></span> <span class='ocrx_word' id='word_1_175' title='bbox 2737 940 2980 1009; x_wconf 82' lang='lat' dir='ltr'><strong>clariﬁcet</strong></span> <span class='ocrx_word' id='word_1_176' title='bbox 3017 951 3063 995; x_wconf 83' lang='lat' dir='ltr'><strong>te</strong></span> <span class='ocrx_word' id='word_1_177' title='bbox 3116 941 3305 1013; x_wconf 85' lang='lat' dir='ltr'><strong>(Joan.</strong></span> <span class='ocrx_word' id='word_1_178' title='bbox 3337 961 3443 999; x_wconf 86' lang='lat' dir='ltr'><strong>xvu</strong></span> <span class='ocrx_word' id='word_1_179' title='bbox 3464 989 3477 1012; x_wconf 95' lang='lat'><strong>,</strong></span> <span class='ocrx_word' id='word_1_180' title='bbox 3512 945 3590 1018; x_wconf 74' lang='grc' dir='ltr'><strong>Ι).</strong></span> 
     </span>
    </p>
   </div>
   <div class='ocr_carea' id='block_1_25' title="bbox 1995 1030 3594 1107">
    <p class='ocr_par' dir='ltr' id='par_1_25' title="bbox 1995 1030 3594 1107">
     <span class='ocr_line' id='line_1_25' title="bbox 1995 1030 3594 1107; baseline 0.006 -22"><span class='ocrx_word' id='word_1_181' title='bbox 1995 1030 2132 1097; x_wconf 87' lang='lat' dir='ltr'><strong>Quid</strong></span> <span class='ocrx_word' id='word_1_182' title='bbox 2180 1030 2395 1087; x_wconf 85' lang='lat' dir='ltr'><strong>homine</strong></span> <span class='ocrx_word' id='word_1_183' title='bbox 2428 1041 2638 1085; x_wconf 90' lang='lat' dir='ltr'><strong>mortuo</strong></span> <span class='ocrx_word' id='word_1_184' title='bbox 2686 1034 3091 1101; x_wconf 83' lang='lat' dir='ltr'><strong>eontemptius?</strong></span> <span class='ocrx_word' id='word_1_185' title='bbox 3138 1037 3267 1107; x_wconf 78' lang='lat' dir='ltr'><strong>Quis</strong></span> <span class='ocrx_word' id='word_1_186' title='bbox 3300 1038 3444 1092; x_wconf 89' lang='lat' dir='ltr'><strong>enim</strong></span> <span class='ocrx_word' id='word_1_187' title='bbox 3493 1042 3594 1095; x_wconf 80' lang='lat' dir='ltr'><strong>veli</strong></span> 
     </span>
    </p>
   </div>
   <div class='ocr_carea' id='block_1_26' title="bbox 1996 1123 3594 1204">
    <p class='ocr_par' dir='ltr' id='par_1_26' title="bbox 1996 1123 3594 1204">
     <span class='ocr_line' id='line_1_26' title="bbox 1996 1123 3594 1204; baseline 0.005 -27"><span class='ocrx_word' id='word_1_188' title='bbox 1996 1123 2260 1177; x_wconf 68' lang='lat' dir='ltr'><strong>Ctesarcm</strong></span> <span class='ocrx_word' id='word_1_189' title='bbox 2294 1134 2561 1178; x_wconf 80' lang='lat' dir='ltr'><strong>mortuum</strong></span> <span class='ocrx_word' id='word_1_190' title='bbox 2609 1128 2850 1179; x_wconf 80' lang='lat' dir='ltr'><strong>metuat?</strong></span> <span class='ocrx_word' id='word_1_191' title='bbox 2880 1125 2984 1180; x_wconf 90' lang='lat' dir='ltr'><strong>Sed</strong></span> <span class='ocrx_word' id='word_1_192' title='bbox 3024 1126 3224 1183; x_wconf 84' lang='lat' dir='ltr'><strong>Christi</strong></span> <span class='ocrx_word' id='word_1_193' title='bbox 3272 1140 3444 1185; x_wconf 78' lang='lat' dir='ltr'><strong>uiorte</strong></span> <span class='ocrx_word' id='word_1_194' title='bbox 3471 1134 3594 1204; x_wconf 82' lang='lat' dir='ltr'><strong>quid</strong></span> 
     </span>
    </p>
   </div>
   <div class='ocr_carea' id='block_1_27' title="bbox 1997 1216 3597 1297">
    <p class='ocr_par' dir='ltr' id='par_1_27' title="bbox 1997 1216 3597 1297">
     <span class='ocr_line' id='line_1_27' title="bbox 1997 1216 3597 1297; baseline 0.005 -26"><span class='ocrx_word' id='word_1_195' title='bbox 1997 1216 2313 1271; x_wconf 81' lang='lat' dir='ltr'><strong>efficacius?</strong></span> <span class='ocrx_word' id='word_1_196' title='bbox 2354 1216 2528 1271; x_wconf 76' lang='lat' dir='ltr'><strong>l’elam</strong></span> <span class='ocrx_word' id='word_1_197' title='bbox 2570 1218 2744 1286; x_wconf 79' lang='lat' dir='ltr'><strong>templi</strong></span> <span class='ocrx_word' id='word_1_198' title='bbox 2768 1219 2979 1273; x_wconf 75' lang='lat' dir='ltr'><strong>scissum</strong></span> <span class='ocrx_word' id='word_1_199' title='bbox 3011 1230 3084 1274; x_wconf 80' lang='lat' dir='ltr'><strong>est</strong></span> <span class='ocrx_word' id='word_1_200' title='bbox 3119 1238 3151 1275; x_wconf 80' lang='grc' dir='ltr'><em>α</em></span> <span class='ocrx_word' id='word_1_201' title='bbox 3193 1239 3388 1277; x_wconf 82' lang='lat' dir='ltr'><strong>summa</strong></span> <span class='ocrx_word' id='word_1_202' title='bbox 3440 1242 3597 1297; x_wconf 67' lang='lat' dir='ltr'><strong>usque</strong></span> 
     </span>
    </p>
   </div>
   <div class='ocr_carea' id='block_1_28' title="bbox 1998 1312 3594 1383">
    <p class='ocr_par' dir='ltr' id='par_1_28' title="bbox 1998 1312 3594 1383">
     <span class='ocr_line' id='line_1_28' title="bbox 1998 1312 3594 1383; baseline 0.004 -18"><span class='ocrx_word' id='word_1_203' title='bbox 1998 1312 2066 1365; x_wconf 83' lang='lat' dir='ltr'><strong>ad</strong></span> <span class='ocrx_word' id='word_1_204' title='bbox 2104 1312 2279 1376; x_wconf 79' lang='lat' dir='ltr'><strong>innuit,</strong></span> <span class='ocrx_word' id='word_1_205' title='bbox 2337 1322 2476 1368; x_wconf 88' lang='lat' dir='ltr'><strong>terra</strong></span> <span class='ocrx_word' id='word_1_206' title='bbox 2519 1326 2779 1366; x_wconf 86' lang='lat' dir='ltr'><strong>concussa</strong></span> <span class='ocrx_word' id='word_1_207' title='bbox 2835 1323 2946 1379; x_wconf 91' lang='lat' dir='ltr'><strong>est,</strong></span> <span class='ocrx_word' id='word_1_208' title='bbox 3003 1330 3130 1369; x_wconf 82' lang='lat' dir='ltr'><strong>saxa</strong></span> <span class='ocrx_word' id='word_1_209' title='bbox 3177 1315 3397 1371; x_wconf 80' lang='lat' dir='ltr'><strong>discissa</strong></span> <span class='ocrx_word' id='word_1_210' title='bbox 3452 1330 3594 1383; x_wconf 83' lang='lat' dir='ltr'><strong>Sunt,</strong></span> 
     </span>
    </p>
   </div>
   <div class='ocr_carea' id='block_1_29' title="bbox 1999 1405 3598 1478">
    <p class='ocr_par' dir='ltr' id='par_1_29' title="bbox 1999 1405 3598 1478">
     <span class='ocr_line' id='line_1_29' title="bbox 1999 1405 3598 1478; baseline 0.005 -20"><span class='ocrx_word' id='word_1_211' title='bbox 1999 1414 2181 1475; x_wconf 88' lang='lat' dir='ltr'><strong>aperta</strong></span> <span class='ocrx_word' id='word_1_212' title='bbox 2205 1415 2326 1459; x_wconf 85' lang='lat' dir='ltr'><strong>sunt</strong></span> <span class='ocrx_word' id='word_1_213' title='bbox 2354 1412 2696 1459; x_wconf 88' lang='lat' dir='ltr'><strong>monumenta</strong></span> <span class='ocrx_word' id='word_1_214' title='bbox 2724 1446 2735 1468; x_wconf 86' lang='grc'><strong>,</strong></span> <span class='ocrx_word' id='word_1_215' title='bbox 2770 1405 3079 1460; x_wconf 83' lang='lat' dir='ltr'><strong>revixerunt</strong></span> <span class='ocrx_word' id='word_1_216' title='bbox 3105 1408 3433 1478; x_wconf 83' lang='lat' dir='ltr'><strong>sepultorum</strong></span> <span class='ocrx_word' id='word_1_217' title='bbox 3462 1426 3598 1465; x_wconf 79' lang='lat' dir='ltr'><strong>eur-</strong></span> 
     </span>
    </p>
   </div>
   <div class='ocr_carea' id='block_1_30' title="bbox 1999 1495 3593 1576">
    <p class='ocr_par' dir='ltr' id='par_1_30' title="bbox 1999 1495 3593 1576">
     <span class='ocr_line' id='line_1_30' title="bbox 1999 1495 3593 1576; baseline 0.006 -26"><span class='ocrx_word' id='word_1_218' title='bbox 1999 1512 2149 1567; x_wconf 87' lang='lat' dir='ltr'><strong>pora,</strong></span> <span class='ocrx_word' id='word_1_219' title='bbox 2175 1497 2255 1551; x_wconf 90' lang='lat' dir='ltr'><strong>sol</strong></span> <span class='ocrx_word' id='word_1_220' title='bbox 2273 1495 2449 1551; x_wconf 80' lang='lat' dir='ltr'><strong>medio</strong></span> <span class='ocrx_word' id='word_1_221' title='bbox 2465 1496 2551 1552; x_wconf 88' lang='lat' dir='ltr'><strong>die</strong></span> <span class='ocrx_word' id='word_1_222' title='bbox 2569 1496 2979 1553; x_wconf 85' lang='lat' dir='ltr'><strong>obtexitfaciem</strong></span> <span class='ocrx_word' id='word_1_223' title='bbox 2997 1498 3373 1573; x_wconf 53' lang='lat' dir='ltr'><strong>suam(i‘llattlt.</strong></span> <span class='ocrx_word' id='word_1_224' title='bbox 3406 1506 3593 1576; x_wconf 67' lang='grc' dir='ltr'><strong>Χςγιι).</strong></span> 
     </span>
    </p>
   </div>
   <div class='ocr_carea' id='block_1_31' title="bbox 1998 1589 3602 1667">
    <p class='ocr_par' dir='ltr' id='par_1_31' title="bbox 1998 1589 3602 1667">
     <span class='ocr_line' id='line_1_31' title="bbox 1998 1589 3602 1667; baseline 0.004 -22"><span class='ocrx_word' id='word_1_225' title='bbox 1998 1589 2295 1661; x_wconf 87' lang='lat' dir='ltr'><strong>Numquam</strong></span> <span class='ocrx_word' id='word_1_226' title='bbox 2328 1606 2422 1660; x_wconf 88' lang='lat' dir='ltr'><strong>per</strong></span> <span class='ocrx_word' id='word_1_227' title='bbox 2458 1606 2673 1644; x_wconf 85' lang='lat' dir='ltr'><strong>omnem</strong></span> <span class='ocrx_word' id='word_1_228' title='bbox 2704 1591 2865 1644; x_wconf 89' lang='lat' dir='ltr'><strong>vitatu</strong></span> <span class='ocrx_word' id='word_1_229' title='bbox 2908 1593 3076 1663; x_wconf 86' lang='lat' dir='ltr'><strong>magis</strong></span> <span class='ocrx_word' id='word_1_230' title='bbox 3097 1594 3386 1651; x_wconf 79' lang='lat' dir='ltr'><strong>declaravit</strong></span> <span class='ocrx_word' id='word_1_231' title='bbox 3417 1608 3602 1667; x_wconf 68' lang='lat' dir='ltr'><strong>potet.-</strong></span> 
     </span>
    </p>
   </div>
   <div class='ocr_carea' id='block_1_32' title="bbox 2000 1682 3600 1762">
    <p class='ocr_par' dir='ltr' id='par_1_32' title="bbox 2000 1682 3600 1762">
     <span class='ocr_line' id='line_1_32' title="bbox 2000 1682 3600 1762; baseline 0.007 -27"><span class='ocrx_word' id='word_1_232' title='bbox 2000 1683 2127 1735; x_wconf 88' lang='lat' dir='ltr'><strong>tiam</strong></span> <span class='ocrx_word' id='word_1_233' title='bbox 2148 1696 2298 1735; x_wconf 90' lang='lat' dir='ltr'><strong>suam</strong></span> <span class='ocrx_word' id='word_1_234' title='bbox 2333 1700 2345 1733; x_wconf 91' lang='lat'><strong>:</strong></span> <span class='ocrx_word' id='word_1_235' title='bbox 2375 1697 2521 1749; x_wconf 84' lang='lat' dir='ltr'><strong>mox,</strong></span> <span class='ocrx_word' id='word_1_236' title='bbox 2550 1682 2794 1737; x_wconf 84' lang='lat' dir='ltr'><strong>refractis</strong></span> <span class='ocrx_word' id='word_1_237' title='bbox 2810 1684 3058 1740; x_wconf 88' lang='lat' dir='ltr'><strong>omnibus</strong></span> <span class='ocrx_word' id='word_1_238' title='bbox 3087 1688 3273 1741; x_wconf 79' lang='lat' dir='ltr'><strong>mortis</strong></span> <span class='ocrx_word' id='word_1_239' title='bbox 3301 1692 3566 1762; x_wconf 76' lang='lat' dir='ltr'><strong>repagulis</strong></span> <span class='ocrx_word' id='word_1_240' title='bbox 3586 1736 3600 1761; x_wconf 92' lang='lat'><strong>,</strong></span> 
     </span>
    </p>
   </div>
   <div class='ocr_carea' id='block_1_33' title="bbox 298 1772 3604 1846">
    <p class='ocr_par' dir='ltr' id='par_1_33' title="bbox 298 1772 3604 1846">
     <span class='ocr_line' id='line_1_33' title="bbox 298 1772 3604 1846; baseline 0.002 -15"><span class='ocrx_word' id='word_1_241' title='bbox 298 1772 467 1831; x_wconf 87' lang='lat' dir='ltr'><strong>brius.</strong></span> <span class='ocrx_word' id='word_1_242' title='bbox 499 1776 652 1844; x_wconf 82' lang='lat' dir='ltr'><strong>Nam,</strong></span> <span class='ocrx_word' id='word_1_243' title='bbox 681 1777 830 1846; x_wconf 81' lang='lat' dir='ltr'><strong>juxta</strong></span> <span class='ocrx_word' id='word_1_244' title='bbox 871 1785 1075 1831; x_wconf 76' lang='lat' dir='ltr'><strong>natum:</strong></span> <span class='ocrx_word' id='word_1_245' title='bbox 1105 1776 1614 1842; x_wconf 88' lang='lat' dir='ltr'><strong>considerationem,</strong></span> <span class='ocrx_word' id='word_1_246' title='bbox 1644 1783 1769 1829; x_wconf 89' lang='lat' dir='ltr'><strong>tunc</strong></span> <span class='ocrx_word' id='word_1_247' title='bbox 1796 1774 1894 1827; x_wconf 75' lang='lat' dir='ltr'><strong>ista</strong></span> <span class='ocrx_word' id='word_1_248' title='bbox 1926 1778 1975 1838; x_wconf 84' lang='grc' dir='ltr'><strong>Β</strong></span> <span class='ocrx_word' id='word_1_249' title='bbox 2007 1777 2188 1829; x_wconf 86' lang='lat' dir='ltr'><strong>vivum</strong></span> <span class='ocrx_word' id='word_1_250' title='bbox 2212 1791 2271 1830; x_wconf 85' lang='lat' dir='ltr'><strong>se</strong></span> <span class='ocrx_word' id='word_1_251' title='bbox 2296 1775 2572 1846; x_wconf 85' lang='lat' dir='ltr'><strong>discipulis</strong></span> <span class='ocrx_word' id='word_1_252' title='bbox 2602 1776 2863 1831; x_wconf 78' lang='lat' dir='ltr'><strong>exhibuit.</strong></span> <span class='ocrx_word' id='word_1_253' title='bbox 2902 1778 3170 1834; x_wconf 62' lang='lat' dir='ltr'><strong>Nimirum</strong></span> <span class='ocrx_word' id='word_1_254' title='bbox 3214 1780 3313 1836; x_wconf 82' lang='lat' dir='ltr'><strong>hoc</strong></span> <span class='ocrx_word' id='word_1_255' title='bbox 3353 1792 3436 1837; x_wconf 79' lang='lat' dir='ltr'><strong>est</strong></span> <span class='ocrx_word' id='word_1_256' title='bbox 3485 1785 3604 1839; x_wconf 76' lang='lat' dir='ltr'><strong>eili-</strong></span> 
     </span>
    </p>
   </div>
   <div class='ocr_carea' id='block_1_34' title="bbox 299 1868 1898 1943">
    <p class='ocr_par' dir='ltr' id='par_1_34' title="bbox 299 1868 1898 1943">
     <span class='ocr_line' id='line_1_34' title="bbox 299 1868 1898 1943; baseline -0.005 -15"><span class='ocrx_word' id='word_1_257' title='bbox 299 1888 549 1943; x_wconf 86' lang='lat' dir='ltr'><strong>magnam</strong></span> <span class='ocrx_word' id='word_1_258' title='bbox 578 1869 684 1925; x_wconf 87' lang='lat' dir='ltr'><strong>vim</strong></span> <span class='ocrx_word' id='word_1_259' title='bbox 713 1869 911 1926; x_wconf 86' lang='lat' dir='ltr'><strong>habent</strong></span> <span class='ocrx_word' id='word_1_260' title='bbox 941 1886 1063 1925; x_wconf 90' lang='lat' dir='ltr'><strong>cum</strong></span> <span class='ocrx_word' id='word_1_261' title='bbox 1096 1870 1147 1923; x_wconf 91' lang='lat' dir='ltr'><strong>in</strong></span> <span class='ocrx_word' id='word_1_262' title='bbox 1196 1870 1319 1924; x_wconf 86' lang='lat' dir='ltr'><strong>vivo</strong></span> <span class='ocrx_word' id='word_1_263' title='bbox 1343 1884 1569 1940; x_wconf 90' lang='lat' dir='ltr'><strong>corpore</strong></span> <span class='ocrx_word' id='word_1_264' title='bbox 1594 1884 1688 1922; x_wconf 84' lang='lat' dir='ltr'><strong>sua</strong></span> <span class='ocrx_word' id='word_1_265' title='bbox 1718 1868 1898 1921; x_wconf 90' lang='lat' dir='ltr'><strong>munia</strong></span> 
     </span>
    </p>
   </div>
   <div class='ocr_carea' id='block_1_35' title="bbox 299 1961 1899 2036">
    <p class='ocr_par' dir='ltr' id='par_1_35' title="bbox 299 1961 1899 2036">
     <span class='ocr_line' id='line_1_35' title="bbox 299 1961 1899 2036; baseline -0.004 -17"><span class='ocrx_word' id='word_1_266' title='bbox 299 1972 579 2036; x_wconf 86' lang='lat' dir='ltr'><strong>peragunt,</strong></span> <span class='ocrx_word' id='word_1_267' title='bbox 612 1978 696 2034; x_wconf 85' lang='lat' dir='ltr'><strong>ac,</strong></span> <span class='ocrx_word' id='word_1_268' title='bbox 749 1962 901 2033; x_wconf 82' lang='lat' dir='ltr'><strong>juxta</strong></span> <span class='ocrx_word' id='word_1_269' title='bbox 948 1962 1227 2033; x_wconf 83' lang='lat' dir='ltr'><strong>mysticam</strong></span> <span class='ocrx_word' id='word_1_270' title='bbox 1289 1961 1718 2031; x_wconf 86' lang='lat' dir='ltr'><strong>philos0phiam,</strong></span> <span class='ocrx_word' id='word_1_271' title='bbox 1774 1970 1899 2014; x_wconf 88' lang='lat' dir='ltr'><strong>tunc</strong></span> 
     </span>
    </p>
   </div>
   <div class='ocr_carea' id='block_1_36' title="bbox 300 2053 1776 2124">
    <p class='ocr_par' dir='ltr' id='par_1_36' title="bbox 300 2053 1776 2124">
     <span class='ocr_line' id='line_1_36' title="bbox 300 2053 1776 2124; baseline -0.007 -10"><span class='ocrx_word' id='word_1_272' title='bbox 300 2056 519 2113; x_wconf 86' lang='lat' dir='ltr'><strong>demum</strong></span> <span class='ocrx_word' id='word_1_273' title='bbox 543 2054 839 2124; x_wconf 84' lang='lat' dir='ltr'><strong>plurimum</strong></span> <span class='ocrx_word' id='word_1_274' title='bbox 868 2054 1052 2109; x_wconf 84' lang='lat' dir='ltr'><strong>valent</strong></span> <span class='ocrx_word' id='word_1_275' title='bbox 1079 2068 1199 2109; x_wconf 87' lang='lat' dir='ltr'><strong>cum</strong></span> <span class='ocrx_word' id='word_1_276' title='bbox 1229 2067 1429 2124; x_wconf 86' lang='lat' dir='ltr'><strong>corpus</strong></span> <span class='ocrx_word' id='word_1_277' title='bbox 1449 2053 1776 2121; x_wconf 84' lang='lat' dir='ltr'><strong>relinquunt.</strong></span> 
     </span>
    </p>
   </div>
   <div class='ocr_carea' id='block_1_37' title="bbox 374 2142 1901 2205">
    <p class='ocr_par' dir='ltr' id='par_1_37' title="bbox 374 2142 1901 2205">
     <span class='ocr_line' id='line_1_37' title="bbox 374 2142 1901 2205; baseline -0.003 0"><span class='ocrx_word' id='word_1_278' title='bbox 374 2148 470 2205; x_wconf 75' lang='lat' dir='ltr'><strong>Vl.</strong></span> <span class='ocrx_word' id='word_1_279' title='bbox 500 2146 670 2205; x_wconf 82' lang='lat' dir='ltr'><strong>Nemo</strong></span> <span class='ocrx_word' id='word_1_280' title='bbox 714 2147 943 2203; x_wconf 76' lang='lat' dir='ltr'><strong>miratus</strong></span> <span class='ocrx_word' id='word_1_281' title='bbox 994 2155 1079 2201; x_wconf 86' lang='lat' dir='ltr'><strong>est</strong></span> <span class='ocrx_word' id='word_1_282' title='bbox 1128 2146 1414 2201; x_wconf 82' lang='lat' dir='ltr'><strong>Dominum</strong></span> <span class='ocrx_word' id='word_1_283' title='bbox 1469 2148 1704 2201; x_wconf 86' lang='lat' dir='ltr'><strong>humano</strong></span> <span class='ocrx_word' id='word_1_284' title='bbox 1750 2142 1901 2201; x_wconf 83' lang='lat' dir='ltr'><strong>more</strong></span> 
     </span>
    </p>
   </div>
   <div class='ocr_carea' id='block_1_38' title="bbox 300 2238 1902 2315">
    <p class='ocr_par' dir='ltr' id='par_1_38' title="bbox 300 2238 1902 2315">
     <span class='ocr_line' id='line_1_38' title="bbox 300 2238 1902 2315; baseline -0.003 -15"><span class='ocrx_word' id='word_1_285' title='bbox 300 2242 595 2315; x_wconf 80' lang='lat' dir='ltr'><strong>Spirantem</strong></span> <span class='ocrx_word' id='word_1_286' title='bbox 620 2257 685 2298; x_wconf 87' lang='lat' dir='ltr'><strong>ac</strong></span> <span class='ocrx_word' id='word_1_287' title='bbox 713 2241 1062 2311; x_wconf 88' lang='lat' dir='ltr'><strong>respirantem</strong></span> <span class='ocrx_word' id='word_1_288' title='bbox 1084 2257 1098 2294; x_wconf 90' lang='lat'><strong>:</strong></span> <span class='ocrx_word' id='word_1_289' title='bbox 1121 2240 1236 2305; x_wconf 90' lang='lat' dir='ltr'><strong>sed,</strong></span> <span class='ocrx_word' id='word_1_290' title='bbox 1259 2254 1381 2295; x_wconf 87' lang='lat' dir='ltr'><strong>cum</strong></span> <span class='ocrx_word' id='word_1_291' title='bbox 1411 2240 1463 2294; x_wconf 92' lang='lat' dir='ltr'><strong>in</strong></span> <span class='ocrx_word' id='word_1_292' title='bbox 1477 2255 1638 2295; x_wconf 86' lang='lat' dir='ltr'><strong>cruce</strong></span> <span class='ocrx_word' id='word_1_293' title='bbox 1665 2238 1902 2295; x_wconf 83' lang='lat' dir='ltr'><strong>clamore</strong></span> 
     </span>
    </p>
   </div>
   <div class='ocr_carea' id='block_1_39' title="bbox 305 2332 1898 2403">
    <p class='ocr_par' dir='ltr' id='par_1_39' title="bbox 305 2332 1898 2403">
     <span class='ocr_line' id='line_1_39' title="bbox 305 2332 1898 2403; baseline -0.003 -11"><span class='ocrx_word' id='word_1_294' title='bbox 305 2335 485 2392; x_wconf 87' lang='lat' dir='ltr'><strong>valido</strong></span> <span class='ocrx_word' id='word_1_295' title='bbox 539 2335 809 2391; x_wconf 74' lang='lat' dir='ltr'><strong>emisisset</strong></span> <span class='ocrx_word' id='word_1_296' title='bbox 863 2334 1142 2403; x_wconf 85' lang='lat' dir='ltr'><strong>spiritum,</strong></span> <span class='ocrx_word' id='word_1_297' title='bbox 1198 2332 1355 2388; x_wconf 85' lang='lat' dir='ltr'><strong>simul</strong></span> <span class='ocrx_word' id='word_1_298' title='bbox 1413 2332 1748 2389; x_wconf 90' lang='lat' dir='ltr'><strong>intellectum</strong></span> <span class='ocrx_word' id='word_1_299' title='bbox 1815 2341 1898 2388; x_wconf 83' lang='lat' dir='ltr'><strong>est</strong></span> 
     </span>
    </p>
   </div>
   <div class='ocr_carea' id='block_1_40' title="bbox 306 2426 1900 2485">
    <p class='ocr_par' dir='ltr' id='par_1_40' title="bbox 306 2426 1900 2485">
     <span class='ocr_line' id='line_1_40' title="bbox 306 2426 1900 2485; baseline -0.002 -1"><span class='ocrx_word' id='word_1_300' title='bbox 306 2429 457 2485; x_wconf 86' lang='lat' dir='ltr'><strong>illum</strong></span> <span class='ocrx_word' id='word_1_301' title='bbox 505 2437 561 2483; x_wconf 89' lang='lat' dir='ltr'><strong>et</strong></span> <span class='ocrx_word' id='word_1_302' title='bbox 612 2442 797 2483; x_wconf 84' lang='lat' dir='ltr'><strong>verum</strong></span> <span class='ocrx_word' id='word_1_303' title='bbox 848 2426 1013 2485; x_wconf 54' lang='lat' dir='ltr'><strong>inisse</strong></span> <span class='ocrx_word' id='word_1_304' title='bbox 1063 2426 1336 2481; x_wconf 85' lang='lat' dir='ltr'><strong>hominem</strong></span> <span class='ocrx_word' id='word_1_305' title='bbox 1385 2436 1439 2481; x_wconf 90' lang='lat' dir='ltr'><strong>et</strong></span> <span class='ocrx_word' id='word_1_306' title='bbox 1468 2440 1654 2481; x_wconf 88' lang='lat' dir='ltr'><strong>verum</strong></span> <span class='ocrx_word' id='word_1_307' title='bbox 1687 2427 1900 2481; x_wconf 89' lang='lat' dir='ltr'><strong>Deum:</strong></span> 
     </span>
    </p>
   </div>
   <div class='ocr_carea' id='block_1_41' title="bbox 307 2520 1902 2592">
    <p class='ocr_par' dir='ltr' id='par_1_41' title="bbox 307 2520 1902 2592">
     <span class='ocr_line' id='line_1_41' title="bbox 307 2520 1902 2592; baseline -0.004 -12"><span class='ocrx_word' id='word_1_308' title='bbox 307 2522 605 2588; x_wconf 84' lang='lat' dir='ltr'><strong>hominem,</strong></span> <span class='ocrx_word' id='word_1_309' title='bbox 646 2521 791 2592; x_wconf 83' lang='lat' dir='ltr'><strong>quod</strong></span> <span class='ocrx_word' id='word_1_310' title='bbox 814 2521 964 2592; x_wconf 78' lang='lat' dir='ltr'><strong>juxta</strong></span> <span class='ocrx_word' id='word_1_311' title='bbox 993 2527 1205 2575; x_wconf 53' lang='lat' dir='ltr'><strong>natura).</strong></span> <span class='ocrx_word' id='word_1_312' title='bbox 1255 2521 1505 2577; x_wconf 85' lang='lat' dir='ltr'><strong>ordinem</strong></span> <span class='ocrx_word' id='word_1_313' title='bbox 1572 2529 1627 2575; x_wconf 84' lang='lat' dir='ltr'><strong>et</strong></span> <span class='ocrx_word' id='word_1_314' title='bbox 1675 2520 1765 2576; x_wconf 85' lang='lat' dir='ltr'><strong>ubi</strong></span> <span class='ocrx_word' id='word_1_315' title='bbox 1822 2522 1902 2574; x_wconf 81' lang='lat' dir='ltr'><strong>vi-</strong></span> 
     </span>
    </p>
   </div>
   <div class='ocr_carea' id='block_1_42' title="bbox 228 2612 1905 2683">
    <p class='ocr_par' dir='ltr' id='par_1_42' title="bbox 228 2612 1905 2683">
     <span class='ocr_line' id='line_1_42' title="bbox 228 2612 1905 2683; baseline -0.003 -11"><span class='ocrx_word' id='word_1_316' title='bbox 228 2652 241 2658; x_wconf 83' lang='lat'><strong>—</strong></span> <span class='ocrx_word' id='word_1_317' title='bbox 309 2615 472 2672; x_wconf 82' lang='lat' dir='ltr'><strong>talem</strong></span> <span class='ocrx_word' id='word_1_318' title='bbox 494 2613 679 2670; x_wconf 80' lang='lat' dir='ltr'><strong>ﬂatum</strong></span> <span class='ocrx_word' id='word_1_319' title='bbox 704 2615 1003 2679; x_wconf 85' lang='lat' dir='ltr'><strong>emisisset,</strong></span> <span class='ocrx_word' id='word_1_320' title='bbox 1051 2613 1212 2669; x_wconf 84' lang='lat' dir='ltr'><strong>desiit</strong></span> <span class='ocrx_word' id='word_1_321' title='bbox 1241 2614 1458 2679; x_wconf 83' lang='lat' dir='ltr'><strong>vivere;</strong></span> <span class='ocrx_word' id='word_1_322' title='bbox 1510 2612 1717 2676; x_wconf 85' lang='lat' dir='ltr'><strong>Deum,</strong></span> <span class='ocrx_word' id='word_1_323' title='bbox 1763 2613 1905 2683; x_wconf 86' lang='lat' dir='ltr'><strong>quod</strong></span> 
     </span>
    </p>
   </div>
   <div class='ocr_carea' id='block_1_43' title="bbox 309 2706 1908 2779">
    <p class='ocr_par' dir='ltr' id='par_1_43' title="bbox 309 2706 1908 2779">
     <span class='ocr_line' id='line_1_43' title="bbox 309 2706 1908 2779; baseline -0.002 -15"><span class='ocrx_word' id='word_1_324' title='bbox 309 2708 469 2764; x_wconf 85' lang='lat' dir='ltr'><strong>simul</strong></span> <span class='ocrx_word' id='word_1_325' title='bbox 495 2723 621 2764; x_wconf 87' lang='lat' dir='ltr'><strong>cum</strong></span> <span class='ocrx_word' id='word_1_326' title='bbox 651 2708 850 2779; x_wconf 83' lang='lat' dir='ltr'><strong>ingenti</strong></span> <span class='ocrx_word' id='word_1_327' title='bbox 878 2708 1116 2763; x_wconf 80' lang='lat' dir='ltr'><strong>clamore</strong></span> <span class='ocrx_word' id='word_1_328' title='bbox 1165 2718 1413 2763; x_wconf 83' lang='lat' dir='ltr'><strong>mortuus</strong></span> <span class='ocrx_word' id='word_1_329' title='bbox 1458 2716 1569 2773; x_wconf 87' lang='lat' dir='ltr'><strong>est,</strong></span> <span class='ocrx_word' id='word_1_330' title='bbox 1626 2706 1908 2762; x_wconf 84' lang='lat' dir='ltr'><strong>declarans</strong></span> 
     </span>
    </p>
   </div>
   <div class='ocr_carea' id='block_1_44' title="bbox 310 2800 1907 2872">
    <p class='ocr_par' dir='ltr' id='par_1_44' title="bbox 310 2800 1907 2872">
     <span class='ocr_line' id='line_1_44' title="bbox 310 2800 1907 2872; baseline -0.003 -14"><span class='ocrx_word' id='word_1_331' title='bbox 310 2818 370 2858; x_wconf 86' lang='lat' dir='ltr'><strong>se</strong></span> <span class='ocrx_word' id='word_1_332' title='bbox 394 2801 666 2859; x_wconf 80' lang='lat' dir='ltr'><strong>volentem</strong></span> <span class='ocrx_word' id='word_1_333' title='bbox 696 2816 760 2858; x_wconf 87' lang='lat' dir='ltr'><strong>ac</strong></span> <span class='ocrx_word' id='word_1_334' title='bbox 804 2810 1167 2872; x_wconf 77' lang='lat' dir='ltr'><strong>spontaneum</strong></span> <span class='ocrx_word' id='word_1_335' title='bbox 1214 2800 1486 2870; x_wconf 85' lang='lat' dir='ltr'><strong>deponere</strong></span> <span class='ocrx_word' id='word_1_336' title='bbox 1534 2800 1719 2865; x_wconf 83' lang='lat' dir='ltr'><strong>vitam,</strong></span> <span class='ocrx_word' id='word_1_337' title='bbox 1766 2800 1907 2871; x_wconf 85' lang='lat' dir='ltr'><strong>quod</strong></span> 
     </span>
    </p>
   </div>
   <div class='ocr_carea' id='block_1_45' title="bbox 311 2893 1912 2952">
    <p class='ocr_par' dir='ltr' id='par_1_45' title="bbox 311 2893 1912 2952">
     <span class='ocr_line' id='line_1_45' title="bbox 311 2893 1912 2952; baseline -0.002 -1"><span class='ocrx_word' id='word_1_338' title='bbox 311 2894 667 2952; x_wconf 84' lang='lat' dir='ltr'><strong>humanarum</strong></span> <span class='ocrx_word' id='word_1_339' title='bbox 727 2896 921 2952; x_wconf 86' lang='lat' dir='ltr'><strong>virium</strong></span> <span class='ocrx_word' id='word_1_340' title='bbox 972 2909 1134 2951; x_wconf 86' lang='lat' dir='ltr'><strong>nemo</strong></span> <span class='ocrx_word' id='word_1_341' title='bbox 1161 2895 1332 2951; x_wconf 87' lang='lat' dir='ltr'><strong>nescit</strong></span> <span class='ocrx_word' id='word_1_342' title='bbox 1384 2909 1493 2949; x_wconf 91' lang='lat' dir='ltr'><strong>non</strong></span> <span class='ocrx_word' id='word_1_343' title='bbox 1536 2909 1679 2950; x_wconf 84' lang='lat' dir='ltr'><strong>esse.</strong></span> <span class='ocrx_word' id='word_1_344' title='bbox 1730 2893 1912 2950; x_wconf 86' lang='lat' dir='ltr'><strong>Sensit</strong></span> 
     </span>
    </p>
   </div>
   <div class='ocr_carea' id='block_1_46' title="bbox 311 2985 1911 3059">
    <p class='ocr_par' dir='ltr' id='par_1_46' title="bbox 311 2985 1911 3059">
     <span class='ocr_line' id='line_1_46' title="bbox 311 2985 1911 3059; baseline -0.002 -15"><span class='ocrx_word' id='word_1_345' title='bbox 311 2989 501 3044; x_wconf 82' lang='lat' dir='ltr'><strong>eflicax</strong></span> <span class='ocrx_word' id='word_1_346' title='bbox 548 2988 914 3045; x_wconf 87' lang='lat' dir='ltr'><strong>testimonium</strong></span> <span class='ocrx_word' id='word_1_347' title='bbox 962 2990 1182 3059; x_wconf 74' lang='lat' dir='ltr'><strong>Spiritus</strong></span> <span class='ocrx_word' id='word_1_348' title='bbox 1238 2986 1447 3042; x_wconf 86' lang='lat' dir='ltr'><strong>vicinus</strong></span> <span class='ocrx_word' id='word_1_349' title='bbox 1500 2985 1781 3053; x_wconf 88' lang='lat' dir='ltr'><strong>Centurio;</strong></span> <span class='ocrx_word' id='word_1_350' title='bbox 1835 2987 1911 3041; x_wconf 91' lang='lat' dir='ltr'><strong>sic</strong></span> 
     </span>
    </p>
   </div>
   <div class='ocr_carea' id='block_1_47' title="bbox 315 3076 1911 3138">
    <p class='ocr_par' dir='ltr' id='par_1_47' title="bbox 315 3076 1911 3138">
     <span class='ocr_line' id='line_1_47' title="bbox 315 3076 1911 3138; baseline -0.003 -1"><span class='ocrx_word' id='word_1_351' title='bbox 315 3082 459 3137; x_wconf 87' lang='lat' dir='ltr'><strong>enim</strong></span> <span class='ocrx_word' id='word_1_352' title='bbox 489 3089 672 3138; x_wconf 82' lang='lat' dir='ltr'><strong>narrat</strong></span> <span class='ocrx_word' id='word_1_353' title='bbox 713 3081 900 3137; x_wconf 83' lang='lat' dir='ltr'><strong>beatus</strong></span> <span class='ocrx_word' id='word_1_354' title='bbox 940 3081 1191 3137; x_wconf 77' lang='lat' dir='ltr'><strong>Marcus:</strong></span> <span class='ocrx_word' id='word_1_355' title='bbox 1225 3079 1412 3135; x_wconf 78' lang='lat' dir='ltr'><strong>Videas</strong></span> <span class='ocrx_word' id='word_1_356' title='bbox 1463 3089 1631 3134; x_wconf 84' lang='lat' dir='ltr'><strong>autem</strong></span> <span class='ocrx_word' id='word_1_357' title='bbox 1670 3076 1911 3133; x_wconf 82' lang='lat' dir='ltr'><strong>Centurio</strong></span> 
     </span>
    </p>
   </div>
   <div class='ocr_carea' id='block_1_48' title="bbox 2002 1866 3600 1948">
    <p class='ocr_par' dir='ltr' id='par_1_48' title="bbox 2002 1866 3600 1948">
     <span class='ocr_line' id='line_1_48' title="bbox 2002 1866 3600 1948; baseline 0.008 -28"><span class='ocrx_word' id='word_1_358' title='bbox 2002 1881 2098 1921; x_wconf 83' lang='lat' dir='ltr'><strong>cax</strong></span> <span class='ocrx_word' id='word_1_359' title='bbox 2149 1866 2277 1921; x_wconf 88' lang='lat' dir='ltr'><strong>illud</strong></span> <span class='ocrx_word' id='word_1_360' title='bbox 2336 1867 2662 1922; x_wconf 85' lang='lat' dir='ltr'><strong>sacrosancti</strong></span> <span class='ocrx_word' id='word_1_361' title='bbox 2727 1869 3002 1938; x_wconf 89' lang='lat' dir='ltr'><strong>sanguinis</strong></span> <span class='ocrx_word' id='word_1_362' title='bbox 3058 1872 3457 1943; x_wconf 88' lang='lat' dir='ltr'><strong>testimonium,</strong></span> <span class='ocrx_word' id='word_1_363' title='bbox 3512 1880 3600 1948; x_wconf 85' lang='lat' dir='ltr'><strong>qui</strong></span> 
     </span>
    </p>
   </div>
   <div class='ocr_carea' id='block_1_49' title="bbox 2002 1960 3605 2035">
    <p class='ocr_par' dir='ltr' id='par_1_49' title="bbox 2002 1960 3605 2035">
     <span class='ocr_line' id='line_1_49' title="bbox 2002 1960 3605 2035; baseline 0.005 -21"><span class='ocrx_word' id='word_1_364' title='bbox 2002 1960 2148 2014; x_wconf 86' lang='lat' dir='ltr'><strong>solus</strong></span> <span class='ocrx_word' id='word_1_365' title='bbox 2195 1961 2364 2030; x_wconf 85' lang='lat' dir='ltr'><strong>potuit</strong></span> <span class='ocrx_word' id='word_1_366' title='bbox 2415 1960 2669 2015; x_wconf 82' lang='lat' dir='ltr'><strong>dirimere</strong></span> <span class='ocrx_word' id='word_1_367' title='bbox 2701 1963 2985 2017; x_wconf 82' lang='lat' dir='ltr'><strong>maceriam</strong></span> <span class='ocrx_word' id='word_1_368' title='bbox 3037 1979 3157 2035; x_wconf 63' lang='lat' dir='ltr'><strong>qua!</strong></span> <span class='ocrx_word' id='word_1_369' title='bbox 3203 1966 3367 2022; x_wconf 90' lang='lat' dir='ltr'><strong>Deum</strong></span> <span class='ocrx_word' id='word_1_370' title='bbox 3396 1970 3463 2024; x_wconf 88' lang='lat' dir='ltr'><strong>ab</strong></span> <span class='ocrx_word' id='word_1_371' title='bbox 3494 1971 3605 2023; x_wconf 84' lang='lat' dir='ltr'><strong>lto-</strong></span> 
     </span>
    </p>
   </div>
   <div class='ocr_carea' id='block_1_50' title="bbox 2004 2052 3601 2125">
    <p class='ocr_par' dir='ltr' id='par_1_50' title="bbox 2004 2052 3601 2125">
     <span class='ocr_line' id='line_1_50' title="bbox 2004 2052 3601 2125; baseline 0.007 -20"><span class='ocrx_word' id='word_1_372' title='bbox 2004 2053 2206 2107; x_wconf 88' lang='lat' dir='ltr'><strong>minqu</strong></span> <span class='ocrx_word' id='word_1_373' title='bbox 2248 2068 2444 2123; x_wconf 77' lang='lat' dir='ltr'><strong>genere</strong></span> <span class='ocrx_word' id='word_1_374' title='bbox 2487 2052 2772 2123; x_wconf 87' lang='lat' dir='ltr'><strong>separabat</strong></span> <span class='ocrx_word' id='word_1_375' title='bbox 2806 2068 2820 2107; x_wconf 85' lang='lat'><strong>:</strong></span> <span class='ocrx_word' id='word_1_376' title='bbox 2851 2054 2994 2108; x_wconf 86' lang='lat' dir='ltr'><strong>solus</strong></span> <span class='ocrx_word' id='word_1_377' title='bbox 3033 2058 3203 2125; x_wconf 85' lang='lat' dir='ltr'><strong>putuit</strong></span> <span class='ocrx_word' id='word_1_378' title='bbox 3245 2059 3398 2114; x_wconf 89' lang='lat' dir='ltr'><strong>unica</strong></span> <span class='ocrx_word' id='word_1_379' title='bbox 3446 2060 3601 2116; x_wconf 89' lang='lat' dir='ltr'><strong>litura</strong></span> 
     </span>
    </p>
   </div>
   <div class='ocr_carea' id='block_1_51' title="bbox 2004 2146 3603 2219">
    <p class='ocr_par' dir='ltr' id='par_1_51' title="bbox 2004 2146 3603 2219">
     <span class='ocr_line' id='line_1_51' title="bbox 2004 2146 3603 2219; baseline 0.005 -18"><span class='ocrx_word' id='word_1_380' title='bbox 2004 2146 2186 2202; x_wconf 87' lang='lat' dir='ltr'><strong>delere</strong></span> <span class='ocrx_word' id='word_1_381' title='bbox 2235 2156 2403 2201; x_wconf 90' lang='lat' dir='ltr'><strong>totum</strong></span> <span class='ocrx_word' id='word_1_382' title='bbox 2448 2146 2577 2200; x_wconf 90' lang='lat' dir='ltr'><strong>illud</strong></span> <span class='ocrx_word' id='word_1_383' title='bbox 2618 2146 3031 2217; x_wconf 86' lang='lat' dir='ltr'><strong>chirographum</strong></span> <span class='ocrx_word' id='word_1_384' title='bbox 3076 2150 3219 2219; x_wconf 88' lang='lat' dir='ltr'><strong>quod</strong></span> <span class='ocrx_word' id='word_1_385' title='bbox 3268 2162 3383 2207; x_wconf 84' lang='lat' dir='ltr'><strong>erat</strong></span> <span class='ocrx_word' id='word_1_386' title='bbox 3420 2165 3603 2209; x_wconf 88' lang='lat' dir='ltr'><strong>contra</strong></span> 
     </span>
    </p>
   </div>
   <div class='ocr_carea' id='block_1_52' title="bbox 1999 2238 3602 2314">
    <p class='ocr_par' dir='ltr' id='par_1_52' title="bbox 1999 2238 3602 2314">
     <span class='ocr_line' id='line_1_52' title="bbox 1999 2238 3602 2314; baseline 0.004 -21"><span class='ocrx_word' id='word_1_387' title='bbox 1999 2254 2134 2301; x_wconf 85' lang='lat' dir='ltr'><strong>nos,</strong></span> <span class='ocrx_word' id='word_1_388' title='bbox 2173 2246 2227 2294; x_wconf 89' lang='lat' dir='ltr'><strong>et</strong></span> <span class='ocrx_word' id='word_1_389' title='bbox 2256 2238 2468 2294; x_wconf 83' lang='lat' dir='ltr'><strong>Satanae</strong></span> <span class='ocrx_word' id='word_1_390' title='bbox 2514 2239 2566 2292; x_wconf 91' lang='lat' dir='ltr'><strong>in</strong></span> <span class='ocrx_word' id='word_1_391' title='bbox 2618 2253 2716 2293; x_wconf 90' lang='lat' dir='ltr'><strong>nos</strong></span> <span class='ocrx_word' id='word_1_392' title='bbox 2749 2238 2837 2308; x_wconf 87' lang='lat' dir='ltr'><strong>jus</strong></span> <span class='ocrx_word' id='word_1_393' title='bbox 2879 2240 3195 2295; x_wconf 84' lang='lat' dir='ltr'><strong>vindicabat.</strong></span> <span class='ocrx_word' id='word_1_394' title='bbox 3239 2242 3424 2314; x_wconf 83' lang='lat' dir='ltr'><strong>Neque</strong></span> <span class='ocrx_word' id='word_1_395' title='bbox 3462 2248 3602 2300; x_wconf 89' lang='lat' dir='ltr'><strong>enim</strong></span> 
     </span>
    </p>
   </div>
   <div class='ocr_carea' id='block_1_53' title="bbox 2007 2331 3607 2406">
    <p class='ocr_par' dir='ltr' id='par_1_53' title="bbox 2007 2331 3607 2406">
     <span class='ocr_line' id='line_1_53' title="bbox 2007 2331 3607 2406; baseline 0.004 -21"><span class='ocrx_word' id='word_1_396' title='bbox 2007 2332 2225 2401; x_wconf 78' lang='lat' dir='ltr'><strong>Sanguis</strong></span> <span class='ocrx_word' id='word_1_397' title='bbox 2248 2331 2516 2386; x_wconf 89' lang='lat' dir='ltr'><strong>hircorum</strong></span> <span class='ocrx_word' id='word_1_398' title='bbox 2545 2339 2636 2384; x_wconf 88' lang='lat' dir='ltr'><strong>aut</strong></span> <span class='ocrx_word' id='word_1_399' title='bbox 2666 2331 2950 2385; x_wconf 76' lang='lat' dir='ltr'><strong>vitulorum</strong></span> <span class='ocrx_word' id='word_1_400' title='bbox 2979 2332 3146 2401; x_wconf 90' lang='lat' dir='ltr'><strong>potuit</strong></span> <span class='ocrx_word' id='word_1_401' title='bbox 3173 2333 3389 2390; x_wconf 90' lang='lat' dir='ltr'><strong>abolere</strong></span> <span class='ocrx_word' id='word_1_402' title='bbox 3420 2342 3607 2406; x_wconf 84' lang='lat' dir='ltr'><strong>pecca-</strong></span> 
     </span>
    </p>
   </div>
   <div class='ocr_carea' id='block_1_54' title="bbox 2009 2421 3609 2495">
    <p class='ocr_par' dir='ltr' id='par_1_54' title="bbox 2009 2421 3609 2495">
     <span class='ocr_line' id='line_1_54' title="bbox 2009 2421 3609 2495; baseline 0.004 -17"><span class='ocrx_word' id='word_1_403' title='bbox 2009 2433 2155 2492; x_wconf 89' lang='lat' dir='ltr'><strong>tum;</strong></span> <span class='ocrx_word' id='word_1_404' title='bbox 2191 2425 2395 2479; x_wconf 65' lang='lat' dir='ltr'><strong>muhra:</strong></span> <span class='ocrx_word' id='word_1_405' title='bbox 2425 2432 2579 2479; x_wconf 88' lang='lat' dir='ltr'><strong>erant</strong></span> <span class='ocrx_word' id='word_1_406' title='bbox 2610 2421 2695 2477; x_wconf 91' lang='lat' dir='ltr'><strong>illa</strong></span> <span class='ocrx_word' id='word_1_407' title='bbox 2728 2432 2783 2478; x_wconf 90' lang='lat' dir='ltr'><strong>et</strong></span> <span class='ocrx_word' id='word_1_408' title='bbox 2814 2424 2922 2495; x_wconf 88' lang='lat' dir='ltr'><strong>typi</strong></span> <span class='ocrx_word' id='word_1_409' title='bbox 2945 2423 3267 2479; x_wconf 84' lang='lat' dir='ltr'><strong>futurorum.</strong></span> <span class='ocrx_word' id='word_1_410' title='bbox 3315 2426 3423 2482; x_wconf 88' lang='lat' dir='ltr'><strong>Nec</strong></span> <span class='ocrx_word' id='word_1_411' title='bbox 3452 2429 3609 2484; x_wconf 88' lang='lat' dir='ltr'><strong>ullius</strong></span> 
     </span>
    </p>
   </div>
   <div class='ocr_carea' id='block_1_55' title="bbox 2010 2517 3606 2588">
    <p class='ocr_par' dir='ltr' id='par_1_55' title="bbox 2010 2517 3606 2588">
     <span class='ocr_line' id='line_1_55' title="bbox 2010 2517 3606 2588; baseline 0.003 -16"><span class='ocrx_word' id='word_1_412' title='bbox 2010 2518 2245 2573; x_wconf 88' lang='lat' dir='ltr'><strong>hominis</strong></span> <span class='ocrx_word' id='word_1_413' title='bbox 2295 2518 2514 2588; x_wconf 77' lang='lat' dir='ltr'><strong>sanguis</strong></span> <span class='ocrx_word' id='word_1_414' title='bbox 2562 2524 2771 2587; x_wconf 86' lang='lat' dir='ltr'><strong>poterat</strong></span> <span class='ocrx_word' id='word_1_415' title='bbox 2815 2517 3007 2572; x_wconf 88' lang='lat' dir='ltr'><strong>tollere</strong></span> <span class='ocrx_word' id='word_1_416' title='bbox 3067 2528 3341 2588; x_wconf 88' lang='lat' dir='ltr'><strong>peccatum</strong></span> <span class='ocrx_word' id='word_1_417' title='bbox 3387 2523 3606 2587; x_wconf 85' lang='lat' dir='ltr'><strong>mundi,</strong></span> 
     </span>
    </p>
   </div>
   <div class='ocr_carea' id='block_1_56' title="bbox 2010 2612 3610 2686">
    <p class='ocr_par' dir='ltr' id='par_1_56' title="bbox 2010 2612 3610 2686">
     <span class='ocr_line' id='line_1_56' title="bbox 2010 2612 3610 2686; baseline 0.004 -20"><span class='ocrx_word' id='word_1_418' title='bbox 2010 2623 2207 2682; x_wconf 77' lang='lat' dir='ltr'><strong>pneter</strong></span> <span class='ocrx_word' id='word_1_419' title='bbox 2236 2612 2377 2665; x_wconf 86' lang='lat' dir='ltr'><strong>unici</strong></span> <span class='ocrx_word' id='word_1_420' title='bbox 2428 2612 2570 2665; x_wconf 90' lang='lat' dir='ltr'><strong>illius</strong></span> <span class='ocrx_word' id='word_1_421' title='bbox 2606 2612 2725 2682; x_wconf 89' lang='lat' dir='ltr'><strong>agni</strong></span> <span class='ocrx_word' id='word_1_422' title='bbox 2774 2612 3085 2682; x_wconf 85' lang='lat' dir='ltr'><strong>sanguinem</strong></span> <span class='ocrx_word' id='word_1_423' title='bbox 3120 2614 3203 2668; x_wconf 91' lang='lat' dir='ltr'><strong>cui</strong></span> <span class='ocrx_word' id='word_1_424' title='bbox 3250 2614 3484 2686; x_wconf 78' lang='lat' dir='ltr'><strong>Baptista</strong></span> <span class='ocrx_word' id='word_1_425' title='bbox 3513 2620 3610 2671; x_wconf 83' lang='lat' dir='ltr'><strong>tri-</strong></span> 
     </span>
    </p>
   </div>
   <div class='ocr_carea' id='block_1_57' title="bbox 2009 2702 3613 2781">
    <p class='ocr_par' dir='ltr' id='par_1_57' title="bbox 2009 2702 3613 2781">
     <span class='ocr_line' id='line_1_57' title="bbox 2009 2702 3613 2781; baseline 0.005 -22"><span class='ocrx_word' id='word_1_426' title='bbox 2009 2704 2127 2759; x_wconf 88' lang='lat' dir='ltr'><strong>buit</strong></span> <span class='ocrx_word' id='word_1_427' title='bbox 2157 2704 2551 2769; x_wconf 79' lang='lat' dir='ltr'><strong>teSIimonium,</strong></span> <span class='ocrx_word' id='word_1_428' title='bbox 2585 2702 2769 2758; x_wconf 84' lang='lat' dir='ltr'><strong>dicens</strong></span> <span class='ocrx_word' id='word_1_429' title='bbox 2801 2724 2813 2757; x_wconf 90' lang='lat'><strong>:</strong></span> <span class='ocrx_word' id='word_1_430' title='bbox 2849 2702 2983 2759; x_wconf 83' lang='lat' dir='ltr'><strong>Ecce</strong></span> <span class='ocrx_word' id='word_1_431' title='bbox 3023 2724 3185 2778; x_wconf 80' lang='lat' dir='ltr'><strong>agnus</strong></span> <span class='ocrx_word' id='word_1_432' title='bbox 3214 2706 3338 2774; x_wconf 82' lang='lat' dir='ltr'><strong>Dei,</strong></span> <span class='ocrx_word' id='word_1_433' title='bbox 3372 2727 3485 2765; x_wconf 84' lang='lat' dir='ltr'><strong>ecce</strong></span> <span class='ocrx_word' id='word_1_434' title='bbox 3527 2714 3613 2781; x_wconf 80' lang='lat' dir='ltr'><strong>qui</strong></span> 
     </span>
    </p>
   </div>
   <div class='ocr_carea' id='block_1_58' title="bbox 2013 2797 3071 2867">
    <p class='ocr_par' dir='ltr' id='par_1_58' title="bbox 2013 2797 3071 2867">
     <span class='ocr_line' id='line_1_58' title="bbox 2013 2797 3071 2867; baseline 0 -14"><span class='ocrx_word' id='word_1_435' title='bbox 2013 2799 2144 2853; x_wconf 80' lang='lat' dir='ltr'><strong>tollit</strong></span> <span class='ocrx_word' id='word_1_436' title='bbox 2174 2807 2435 2867; x_wconf 79' lang='lat' dir='ltr'><strong>peccatum</strong></span> <span class='ocrx_word' id='word_1_437' title='bbox 2460 2798 2635 2850; x_wconf 79' lang='lat' dir='ltr'><strong>mundi</strong></span> <span class='ocrx_word' id='word_1_438' title='bbox 2661 2797 2838 2867; x_wconf 87' lang='lat' dir='ltr'><strong>(Joan.</strong></span> <span class='ocrx_word' id='word_1_439' title='bbox 2873 2815 2922 2865; x_wconf 89' lang='grc' dir='ltr'>ι,</span> <span class='ocrx_word' id='word_1_440' title='bbox 2954 2799 3071 2865; x_wconf 74' lang='grc'><strong>9-9).</strong></span> 
     </span>
    </p>
   </div>
   <div class='ocr_carea' id='block_1_59' title="bbox 2088 2889 3614 2963">
    <p class='ocr_par' dir='ltr' id='par_1_59' title="bbox 2088 2889 3614 2963">
     <span class='ocr_line' id='line_1_59' title="bbox 2088 2889 3614 2963; baseline 0.005 -18"><span class='ocrx_word' id='word_1_441' title='bbox 2088 2890 2220 2945; x_wconf 75' lang='grc' dir='ltr'><strong>ῊΙΙ.</strong></span> <span class='ocrx_word' id='word_1_442' title='bbox 2268 2890 2393 2944; x_wconf 88' lang='lat' dir='ltr'><strong>Plus</strong></span> <span class='ocrx_word' id='word_1_443' title='bbox 2433 2899 2516 2943; x_wconf 81' lang='lat' dir='ltr'><strong>est</strong></span> <span class='ocrx_word' id='word_1_444' title='bbox 2566 2889 2752 2944; x_wconf 89' lang='lat' dir='ltr'><strong>tollere</strong></span> <span class='ocrx_word' id='word_1_445' title='bbox 2781 2899 3057 2960; x_wconf 84' lang='lat' dir='ltr'><strong>peccatum</strong></span> <span class='ocrx_word' id='word_1_446' title='bbox 3088 2907 3246 2962; x_wconf 91' lang='lat' dir='ltr'><strong>quam</strong></span> <span class='ocrx_word' id='word_1_447' title='bbox 3273 2903 3487 2963; x_wconf 88' lang='lat' dir='ltr'><strong>peccata</strong></span> <span class='ocrx_word' id='word_1_448' title='bbox 3513 2939 3527 2963; x_wconf 94' lang='lat'><strong>,</strong></span> <span class='ocrx_word' id='word_1_449' title='bbox 3559 2908 3614 2952; x_wconf 88' lang='lat' dir='ltr'><strong>et</strong></span> 
     </span>
    </p>
   </div>
   <div class='ocr_carea' id='block_1_60' title="bbox 2014 2982 3612 3057">
    <p class='ocr_par' dir='ltr' id='par_1_60' title="bbox 2014 2982 3612 3057">
     <span class='ocr_line' id='line_1_60' title="bbox 2014 2982 3612 3057; baseline 0.003 -18"><span class='ocrx_word' id='word_1_450' title='bbox 2014 2996 2312 3057; x_wconf 87' lang='lat' dir='ltr'><strong>peccatum.</strong></span> <span class='ocrx_word' id='word_1_451' title='bbox 2346 2999 2450 3038; x_wconf 92' lang='lat' dir='ltr'><strong>non</strong></span> <span class='ocrx_word' id='word_1_452' title='bbox 2502 2982 2657 3052; x_wconf 88' lang='lat' dir='ltr'><strong>hujus</strong></span> <span class='ocrx_word' id='word_1_453' title='bbox 2678 2994 2777 3037; x_wconf 81' lang='lat' dir='ltr'><strong>aut</strong></span> <span class='ocrx_word' id='word_1_454' title='bbox 2814 2983 2955 3038; x_wconf 86' lang='lat' dir='ltr'><strong>illius</strong></span> <span class='ocrx_word' id='word_1_455' title='bbox 2979 3025 2994 3050; x_wconf 90' lang='lat'><strong>,</strong></span> <span class='ocrx_word' id='word_1_456' title='bbox 3027 2984 3122 3039; x_wconf 89' lang='lat' dir='ltr'><strong>sed</strong></span> <span class='ocrx_word' id='word_1_457' title='bbox 3156 2986 3358 3041; x_wconf 89' lang='lat' dir='ltr'><strong>mundi.</strong></span> <span class='ocrx_word' id='word_1_458' title='bbox 3407 2986 3612 3056; x_wconf 80' lang='lat' dir='ltr'><strong>Corpus</strong></span> 
     </span>
    </p>
   </div>
   <div class='ocr_carea' id='block_1_61' title="bbox 2016 3074 3616 3152">
    <p class='ocr_par' dir='ltr' id='par_1_61' title="bbox 2016 3074 3616 3152">
     <span class='ocr_line' id='line_1_61' title="bbox 2016 3074 3616 3152; baseline 0.001 -17"><span class='ocrx_word' id='word_1_459' title='bbox 2016 3080 2157 3135; x_wconf 89' lang='lat' dir='ltr'><strong>enim</strong></span> <span class='ocrx_word' id='word_1_460' title='bbox 2189 3078 2390 3149; x_wconf 85' lang='lat' dir='ltr'><strong>peccati</strong></span> <span class='ocrx_word' id='word_1_461' title='bbox 2414 3074 2672 3131; x_wconf 88' lang='lat' dir='ltr'><strong>nmndum</strong></span> <span class='ocrx_word' id='word_1_462' title='bbox 2698 3076 3001 3131; x_wconf 87' lang='lat' dir='ltr'><strong>universum</strong></span> <span class='ocrx_word' id='word_1_463' title='bbox 3030 3089 3315 3147; x_wconf 82' lang='lat' dir='ltr'><strong>occuparat</strong></span> <span class='ocrx_word' id='word_1_464' title='bbox 3344 3099 3355 3132; x_wconf 91' lang='lat'><strong>:</strong></span> <span class='ocrx_word' id='word_1_465' title='bbox 3386 3080 3488 3135; x_wconf 87' lang='lat' dir='ltr'><strong>hoc</strong></span> <span class='ocrx_word' id='word_1_466' title='bbox 3522 3099 3616 3152; x_wconf 79' lang='lat' dir='ltr'><strong>per</strong></span> 
     </span>
    </p>
   </div>
   <div class='ocr_carea' id='block_1_62' title="bbox 313 3169 3616 3249">
    <p class='ocr_par' dir='ltr' id='par_1_62' title="bbox 313 3169 3616 3249">
     <span class='ocr_line' id='line_1_62' title="bbox 313 3169 3616 3249; baseline 0 -19"><span class='ocrx_word' id='word_1_467' title='bbox 313 3177 401 3249; x_wconf 82' lang='lat' dir='ltr'><strong>qui</strong></span> <span class='ocrx_word' id='word_1_468' title='bbox 444 3192 506 3230; x_wconf 80' lang='lat' dir='ltr'><strong>ea:</strong></span> <span class='ocrx_word' id='word_1_469' title='bbox 544 3175 757 3229; x_wconf 67' lang='lat' dir='ltr'><strong>adverso</strong></span> <span class='ocrx_word' id='word_1_470' title='bbox 805 3175 999 3240; x_wconf 72' lang='lat' dir='ltr'><strong>stabat,</strong></span> <span class='ocrx_word' id='word_1_471' title='bbox 1031 3175 1149 3245; x_wconf 76' lang='lat' dir='ltr'><strong>quia</strong></span> <span class='ocrx_word' id='word_1_472' title='bbox 1174 3174 1245 3227; x_wconf 76' lang='lat' dir='ltr'><strong>sic</strong></span> <span class='ocrx_word' id='word_1_473' title='bbox 1270 3174 1593 3241; x_wconf 72' lang='lat' dir='ltr'><strong>exspirasset,</strong></span> <span class='ocrx_word' id='word_1_474' title='bbox 1637 3174 1751 3225; x_wconf 87' lang='lat' dir='ltr'><strong>ait:</strong></span> <span class='ocrx_word' id='word_1_475' title='bbox 1789 3170 1916 3225; x_wconf 82' lang='lat' dir='ltr'><strong>Vere</strong></span> <span class='ocrx_word' id='word_1_476' title='bbox 1940 3169 1985 3231; x_wconf 87' lang='lat' dir='ltr'><strong>C</strong></span> <span class='ocrx_word' id='word_1_477' title='bbox 2019 3174 2290 3231; x_wconf 88' lang='lat' dir='ltr'><strong>Christum</strong></span> <span class='ocrx_word' id='word_1_478' title='bbox 2338 3186 2458 3227; x_wconf 86' lang='lat' dir='ltr'><strong>esse</strong></span> <span class='ocrx_word' id='word_1_479' title='bbox 2486 3170 2789 3234; x_wconf 88' lang='lat' dir='ltr'><strong>sublatum,</strong></span> <span class='ocrx_word' id='word_1_480' title='bbox 2841 3171 3057 3241; x_wconf 87' lang='lat' dir='ltr'><strong>sanguis</strong></span> <span class='ocrx_word' id='word_1_481' title='bbox 3105 3171 3272 3241; x_wconf 87' lang='lat' dir='ltr'><strong>ipsius</strong></span> <span class='ocrx_word' id='word_1_482' title='bbox 3321 3189 3414 3243; x_wconf 91' lang='lat' dir='ltr'><strong>pro</strong></span> <span class='ocrx_word' id='word_1_483' title='bbox 3463 3176 3616 3231; x_wconf 83' lang='lat' dir='ltr'><strong>nobis</strong></span> 
     </span>
    </p>
   </div>
   <div class='ocr_carea' id='block_1_63' title="bbox 315 3264 1911 3339">
    <p class='ocr_par' dir='ltr' id='par_1_63' title="bbox 315 3264 1911 3339">
     <span class='ocr_line' id='line_1_63' title="bbox 315 3264 1911 3339; baseline -0.003 -15"><span class='ocrx_word' id='word_1_484' title='bbox 315 3270 398 3324; x_wconf 86' lang='lat' dir='ltr'><strong>Itic</strong></span> <span class='ocrx_word' id='word_1_485' title='bbox 423 3270 572 3323; x_wconf 80' lang='lat' dir='ltr'><strong>homo</strong></span> <span class='ocrx_word' id='word_1_486' title='bbox 599 3266 767 3323; x_wconf 72' lang='lat' dir='ltr'><strong>Filius</strong></span> <span class='ocrx_word' id='word_1_487' title='bbox 802 3265 894 3321; x_wconf 82' lang='lat' dir='ltr'><strong>Dei</strong></span> <span class='ocrx_word' id='word_1_488' title='bbox 916 3276 1022 3321; x_wconf 81' lang='lat' dir='ltr'><strong>erat</strong></span> <span class='ocrx_word' id='word_1_489' title='bbox 1063 3264 1258 3339; x_wconf 75' lang='lat' dir='ltr'><strong>(Marc.</strong></span> <span class='ocrx_word' id='word_1_490' title='bbox 1287 3280 1384 3330; x_wconf 80' lang='lat' dir='ltr'><strong>xv,</strong></span> <span class='ocrx_word' id='word_1_491' title='bbox 1404 3265 1519 3336; x_wconf 79' lang='lat'><strong>59).</strong></span> <span class='ocrx_word' id='word_1_492' title='bbox 1551 3264 1689 3331; x_wconf 81' lang='lat' dir='ltr'><strong>Quid</strong></span> <span class='ocrx_word' id='word_1_493' title='bbox 1737 3274 1911 3320; x_wconf 88' lang='lat' dir='ltr'><strong>morte</strong></span> 
     </span>
    </p>
   </div>
   <div class='ocr_carea' id='block_1_64' title="bbox 306 3357 1914 3436">
    <p class='ocr_par' dir='ltr' id='par_1_64' title="bbox 306 3357 1914 3436">
     <span class='ocr_line' id='line_1_64' title="bbox 306 3357 1914 3436; baseline -0.003 -20"><span class='ocrx_word' id='word_1_494' title='bbox 306 3361 577 3436; x_wconf 15' lang='lat' dir='ltr'><strong>Aabjeetius</strong></span> <span class='ocrx_word' id='word_1_495' title='bbox 601 3361 753 3431; x_wconf 83' lang='lat' dir='ltr'><strong>juxta</strong></span> <span class='ocrx_word' id='word_1_496' title='bbox 792 3360 1046 3416; x_wconf 84' lang='lat' dir='ltr'><strong>carnem?</strong></span> <span class='ocrx_word' id='word_1_497' title='bbox 1092 3358 1189 3415; x_wconf 87' lang='lat' dir='ltr'><strong>sed</strong></span> <span class='ocrx_word' id='word_1_498' title='bbox 1237 3358 1367 3412; x_wconf 89' lang='lat' dir='ltr'><strong>nihil</strong></span> <span class='ocrx_word' id='word_1_499' title='bbox 1419 3367 1593 3413; x_wconf 90' lang='lat' dir='ltr'><strong>morte</strong></span> <span class='ocrx_word' id='word_1_500' title='bbox 1642 3357 1914 3427; x_wconf 87' lang='lat' dir='ltr'><strong>potentius</strong></span> 
     </span>
    </p>
   </div>
   <div class='ocr_carea' id='block_1_65' title="bbox 312 3450 1913 3527">
    <p class='ocr_par' dir='ltr' id='par_1_65' title="bbox 312 3450 1913 3527">
     <span class='ocr_line' id='line_1_65' title="bbox 312 3450 1913 3527; baseline -0.001 -20"><span class='ocrx_word' id='word_1_501' title='bbox 312 3454 462 3527; x_wconf 85' lang='lat' dir='ltr'><strong>juxta</strong></span> <span class='ocrx_word' id='word_1_502' title='bbox 494 3452 760 3527; x_wconf 76' lang='lat' dir='ltr'><strong>spiritum.</strong></span> <span class='ocrx_word' id='word_1_503' title='bbox 804 3452 933 3506; x_wconf 77' lang='lat' dir='ltr'><strong>Erat</strong></span> <span class='ocrx_word' id='word_1_504' title='bbox 978 3461 1033 3506; x_wconf 90' lang='lat' dir='ltr'><strong>et</strong></span> <span class='ocrx_word' id='word_1_505' title='bbox 1061 3450 1189 3506; x_wconf 87' lang='lat' dir='ltr'><strong>illud</strong></span> <span class='ocrx_word' id='word_1_506' title='bbox 1238 3461 1434 3522; x_wconf 68' lang='lat' dir='ltr'><strong>praeter</strong></span> <span class='ocrx_word' id='word_1_507' title='bbox 1459 3460 1668 3505; x_wconf 71' lang='lat' dir='ltr'><strong>natura:</strong></span> <span class='ocrx_word' id='word_1_508' title='bbox 1697 3466 1913 3505; x_wconf 89' lang='lat' dir='ltr'><strong>cursum</strong></span> 
     </span>
    </p>
   </div>
   <div class='ocr_carea' id='block_1_66' title="bbox 320 3543 1914 3615">
    <p class='ocr_par' dir='ltr' id='par_1_66' title="bbox 320 3543 1914 3615">
     <span class='ocr_line' id='line_1_66' title="bbox 320 3543 1914 3615; baseline 0.001 -17"><span class='ocrx_word' id='word_1_509' title='bbox 320 3543 463 3615; x_wconf 89' lang='lat' dir='ltr'><strong>quod</strong></span> <span class='ocrx_word' id='word_1_510' title='bbox 493 3546 714 3615; x_wconf 83' lang='lat' dir='ltr'><strong>elatere</strong></span> <span class='ocrx_word' id='word_1_511' title='bbox 739 3543 1025 3598; x_wconf 83' lang='lat' dir='ltr'><strong>exanimati</strong></span> <span class='ocrx_word' id='word_1_512' title='bbox 1077 3544 1321 3613; x_wconf 85' lang='lat' dir='ltr'><strong>corporis</strong></span> <span class='ocrx_word' id='word_1_513' title='bbox 1394 3544 1616 3613; x_wconf 85' lang='lat' dir='ltr'><strong>sanguis</strong></span> <span class='ocrx_word' id='word_1_514' title='bbox 1669 3552 1725 3598; x_wconf 88' lang='lat' dir='ltr'><strong>et</strong></span> <span class='ocrx_word' id='word_1_515' title='bbox 1776 3559 1914 3614; x_wconf 85' lang='lat' dir='ltr'><strong>aqua</strong></span> 
     </span>
    </p>
   </div>
   <div class='ocr_carea' id='block_1_67' title="bbox 321 3634 1915 3707">
    <p class='ocr_par' dir='ltr' id='par_1_67' title="bbox 321 3634 1915 3707">
     <span class='ocr_line' id='line_1_67' title="bbox 321 3634 1915 3707; baseline -0.002 -16"><span class='ocrx_word' id='word_1_516' title='bbox 321 3634 569 3707; x_wconf 82' lang='lat' dir='ltr'><strong>proﬂuit,</strong></span> <span class='ocrx_word' id='word_1_517' title='bbox 605 3645 664 3688; x_wconf 90' lang='lat' dir='ltr'><strong>ut</strong></span> <span class='ocrx_word' id='word_1_518' title='bbox 688 3634 1056 3689; x_wconf 71' lang='lat' dir='ltr'><strong>absolveretur</strong></span> <span class='ocrx_word' id='word_1_519' title='bbox 1086 3634 1278 3703; x_wconf 82' lang='lat' dir='ltr'><strong>triplex</strong></span> <span class='ocrx_word' id='word_1_520' title='bbox 1309 3637 1696 3688; x_wconf 85' lang='lat' dir='ltr'><strong>testimonium.</strong></span> <span class='ocrx_word' id='word_1_521' title='bbox 1724 3635 1915 3689; x_wconf 85' lang='lat' dir='ltr'><strong>Totum</strong></span> 
     </span>
    </p>
   </div>
   <div class='ocr_carea' id='block_1_68' title="bbox 323 3727 1921 3803">
    <p class='ocr_par' dir='ltr' id='par_1_68' title="bbox 323 3727 1921 3803">
     <span class='ocr_line' id='line_1_68' title="bbox 323 3727 1921 3803; baseline -0.003 -17"><span class='ocrx_word' id='word_1_522' title='bbox 323 3728 511 3786; x_wconf 76' lang='lat' dir='ltr'><strong>effudit</strong></span> <span class='ocrx_word' id='word_1_523' title='bbox 557 3728 799 3803; x_wconf 89' lang='lat' dir='ltr'><strong>spiritum</strong></span> <span class='ocrx_word' id='word_1_524' title='bbox 832 3736 889 3782; x_wconf 87' lang='lat' dir='ltr'><strong>ut</strong></span> <span class='ocrx_word' id='word_1_525' title='bbox 918 3743 1014 3781; x_wconf 91' lang='lat' dir='ltr'><strong>nos</strong></span> <span class='ocrx_word' id='word_1_526' title='bbox 1044 3727 1435 3797; x_wconf 87' lang='lat' dir='ltr'><strong>respiraremus</strong></span> <span class='ocrx_word' id='word_1_527' title='bbox 1464 3747 1475 3782; x_wconf 89' lang='lat'><strong>:</strong></span> <span class='ocrx_word' id='word_1_528' title='bbox 1508 3728 1757 3798; x_wconf 84' lang='lat' dir='ltr'><strong>quiequid</strong></span> <span class='ocrx_word' id='word_1_529' title='bbox 1805 3738 1921 3783; x_wconf 88' lang='lat' dir='ltr'><strong>erat</strong></span> 
     </span>
    </p>
   </div>
   <div class='ocr_carea' id='block_1_69' title="bbox 325 3820 1921 3893">
    <p class='ocr_par' dir='ltr' id='par_1_69' title="bbox 325 3820 1921 3893">
     <span class='ocr_line' id='line_1_69' title="bbox 325 3820 1921 3893; baseline 0.002 -17"><span class='ocrx_word' id='word_1_530' title='bbox 325 3822 565 3878; x_wconf 88' lang='lat' dir='ltr'><strong>lunnoris</strong></span> <span class='ocrx_word' id='word_1_531' title='bbox 590 3820 744 3892; x_wconf 84' lang='lat' dir='ltr'><strong>aquei</strong></span> <span class='ocrx_word' id='word_1_532' title='bbox 779 3820 1072 3892; x_wconf 79' lang='lat' dir='ltr'><strong>reliquum,</strong></span> <span class='ocrx_word' id='word_1_533' title='bbox 1110 3822 1398 3893; x_wconf 79' lang='lat' dir='ltr'><strong>expressit,</strong></span> <span class='ocrx_word' id='word_1_534' title='bbox 1433 3830 1488 3874; x_wconf 89' lang='lat' dir='ltr'><strong>nt</strong></span> <span class='ocrx_word' id='word_1_535' title='bbox 1535 3838 1632 3876; x_wconf 89' lang='lat' dir='ltr'><strong>nos</strong></span> <span class='ocrx_word' id='word_1_536' title='bbox 1676 3823 1921 3878; x_wconf 82' lang='lat' dir='ltr'><strong>abluere-</strong></span> 
     </span>
    </p>
   </div>
   <div class='ocr_carea' id='block_1_70' title="bbox 328 3914 1919 3987">
    <p class='ocr_par' dir='ltr' id='par_1_70' title="bbox 328 3914 1919 3987">
     <span class='ocr_line' id='line_1_70' title="bbox 328 3914 1919 3987; baseline -0.001 -17"><span class='ocrx_word' id='word_1_537' title='bbox 328 3932 486 3971; x_wconf 88' lang='lat' dir='ltr'><strong>mur:</strong></span> <span class='ocrx_word' id='word_1_538' title='bbox 518 3914 769 3987; x_wconf 87' lang='lat' dir='ltr'><strong>quicquid</strong></span> <span class='ocrx_word' id='word_1_539' title='bbox 798 3914 1074 3971; x_wconf 75' lang='lat' dir='ltr'><strong>resederat</strong></span> <span class='ocrx_word' id='word_1_540' title='bbox 1111 3914 1160 3968; x_wconf 89' lang='lat' dir='ltr'><strong>in</strong></span> <span class='ocrx_word' id='word_1_541' title='bbox 1191 3914 1351 3973; x_wconf 91' lang='lat' dir='ltr'><strong>corde</strong></span> <span class='ocrx_word' id='word_1_542' title='bbox 1394 3916 1686 3985; x_wconf 80' lang='lat' dir='ltr'><strong>sanguinis,</strong></span> <span class='ocrx_word' id='word_1_543' title='bbox 1721 3917 1919 3984; x_wconf 77' lang='lat' dir='ltr'><strong>emisit,</strong></span> 
     </span>
    </p>
   </div>
   <div class='ocr_carea' id='block_1_71' title="bbox 329 4007 1922 4078">
    <p class='ocr_par' dir='ltr' id='par_1_71' title="bbox 329 4007 1922 4078">
     <span class='ocr_line' id='line_1_71' title="bbox 329 4007 1922 4078; baseline -0.001 -12"><span class='ocrx_word' id='word_1_544' title='bbox 329 4019 387 4066; x_wconf 87' lang='lat' dir='ltr'><strong>ut</strong></span> <span class='ocrx_word' id='word_1_545' title='bbox 416 4024 515 4065; x_wconf 91' lang='lat' dir='ltr'><strong>nos</strong></span> <span class='ocrx_word' id='word_1_546' title='bbox 542 4009 1004 4065; x_wconf 74' lang='lat' dir='ltr'><strong>conﬁrmarentur.</strong></span> <span class='ocrx_word' id='word_1_547' title='bbox 1038 4007 1213 4076; x_wconf 83' lang='lat' dir='ltr'><strong>Atque</strong></span> <span class='ocrx_word' id='word_1_548' title='bbox 1241 4007 1379 4061; x_wconf 88' lang='lat' dir='ltr'><strong>haud</strong></span> <span class='ocrx_word' id='word_1_549' title='bbox 1403 4009 1515 4062; x_wconf 87' lang='lat' dir='ltr'><strong>scio</strong></span> <span class='ocrx_word' id='word_1_550' title='bbox 1543 4026 1607 4062; x_wconf 89' lang='lat' dir='ltr'><strong>an</strong></span> <span class='ocrx_word' id='word_1_551' title='bbox 1645 4026 1922 4078; x_wconf 81' lang='lat' dir='ltr'><strong>perperam</strong></span> 
     </span>
    </p>
   </div>
   <div class='ocr_carea' id='block_1_72' title="bbox 332 4099 1923 4171">
    <p class='ocr_par' dir='ltr' id='par_1_72' title="bbox 332 4099 1923 4171">
     <span class='ocr_line' id='line_1_72' title="bbox 332 4099 1923 4171; baseline -0.002 -13"><span class='ocrx_word' id='word_1_552' title='bbox 332 4103 520 4158; x_wconf 85' lang='lat' dir='ltr'><strong>faciam</strong></span> <span class='ocrx_word' id='word_1_553' title='bbox 570 4100 686 4156; x_wconf 70' lang='lat' dir='ltr'><strong>lucc</strong></span> <span class='ocrx_word' id='word_1_554' title='bbox 716 4101 815 4155; x_wconf 89' lang='lat' dir='ltr'><strong>tria</strong></span> <span class='ocrx_word' id='word_1_555' title='bbox 845 4100 987 4155; x_wconf 87' lang='lat' dir='ltr'><strong>inter</strong></span> <span class='ocrx_word' id='word_1_556' title='bbox 1013 4116 1070 4153; x_wconf 83' lang='lat' dir='ltr'><strong>se</strong></span> <span class='ocrx_word' id='word_1_557' title='bbox 1093 4099 1407 4163; x_wconf 86' lang='lat' dir='ltr'><strong>conferens,</strong></span> <span class='ocrx_word' id='word_1_558' title='bbox 1440 4116 1560 4154; x_wconf 89' lang='lat' dir='ltr'><strong>cum</strong></span> <span class='ocrx_word' id='word_1_559' title='bbox 1593 4103 1700 4155; x_wconf 88' lang='lat' dir='ltr'><strong>sint</strong></span> <span class='ocrx_word' id='word_1_560' title='bbox 1729 4118 1887 4155; x_wconf 89' lang='lat' dir='ltr'><strong>unum</strong></span> <span class='ocrx_word' id='word_1_561' title='bbox 1908 4144 1923 4171; x_wconf 94' lang='lat'><strong>,</strong></span> 
     </span>
    </p>
   </div>
   <div class='ocr_carea' id='block_1_73' title="bbox 335 4180 1927 4267">
    <p class='ocr_par' dir='ltr' id='par_1_73' title="bbox 335 4180 1927 4267">
     <span class='ocr_line' id='line_1_73' title="bbox 335 4180 1927 4267; baseline 0.002 -17"><span class='ocrx_word' id='word_1_562' title='bbox 335 4211 439 4251; x_wconf 89' lang='lat' dir='ltr'><strong>non</strong></span> <span class='ocrx_word' id='word_1_563' title='bbox 482 4204 688 4259; x_wconf 87' lang='lat' dir='ltr'><strong>natura,</strong></span> <span class='ocrx_word' id='word_1_564' title='bbox 719 4180 813 4251; x_wconf 77' lang='lat' dir='ltr'><strong>sed</strong></span> <span class='ocrx_word' id='word_1_565' title='bbox 847 4195 898 4249; x_wconf 90' lang='lat' dir='ltr'><strong>in</strong></span> <span class='ocrx_word' id='word_1_566' title='bbox 929 4195 1204 4267; x_wconf 87' lang='lat' dir='ltr'><strong>mysterio.</strong></span> <span class='ocrx_word' id='word_1_567' title='bbox 1243 4195 1296 4251; x_wconf 90' lang='lat' dir='ltr'><strong>Si</strong></span> <span class='ocrx_word' id='word_1_568' title='bbox 1347 4212 1447 4266; x_wconf 90' lang='lat' dir='ltr'><strong>qua</strong></span> <span class='ocrx_word' id='word_1_569' title='bbox 1479 4206 1653 4251; x_wconf 89' lang='lat' dir='ltr'><strong>tamen</strong></span> <span class='ocrx_word' id='word_1_570' title='bbox 1684 4208 1765 4252; x_wconf 84' lang='lat' dir='ltr'><strong>est</strong></span> <span class='ocrx_word' id='word_1_571' title='bbox 1818 4198 1927 4254; x_wconf 88' lang='lat' dir='ltr'><strong>dis-</strong></span> 
     </span>
    </p>
   </div>
   <div class='ocr_carea' id='block_1_74' title="bbox 334 4288 1925 4359">
    <p class='ocr_par' dir='ltr' id='par_1_74' title="bbox 334 4288 1925 4359">
     <span class='ocr_line' id='line_1_74' title="bbox 334 4288 1925 4359; baseline -0.001 -13"><span class='ocrx_word' id='word_1_572' title='bbox 334 4290 533 4354; x_wconf 89' lang='lat' dir='ltr'><strong>cretio,</strong></span> <span class='ocrx_word' id='word_1_573' title='bbox 586 4288 800 4359; x_wconf 82' lang='lat' dir='ltr'><strong>sanguis</strong></span> <span class='ocrx_word' id='word_1_574' title='bbox 842 4288 893 4341; x_wconf 91' lang='lat' dir='ltr'><strong>in</strong></span> <span class='ocrx_word' id='word_1_575' title='bbox 940 4288 1301 4342; x_wconf 87' lang='lat' dir='ltr'><strong>testimonium</strong></span> <span class='ocrx_word' id='word_1_576' title='bbox 1347 4292 1553 4342; x_wconf 83' lang='lat' dir='ltr'><strong>ratione</strong></span> <span class='ocrx_word' id='word_1_577' title='bbox 1593 4290 1925 4359; x_wconf 85' lang='lat' dir='ltr'><strong>potissimum</strong></span> 
     </span>
    </p>
   </div>
   <div class='ocr_carea' id='block_1_75' title="bbox 336 4380 1927 4451">
    <p class='ocr_par' dir='ltr' id='par_1_75' title="bbox 336 4380 1927 4451">
     <span class='ocr_line' id='line_1_75' title="bbox 336 4380 1927 4451; baseline -0.003 -12"><span class='ocrx_word' id='word_1_578' title='bbox 336 4384 657 4445; x_wconf 81' lang='lat' dir='ltr'><strong>celebratur,</strong></span> <span class='ocrx_word' id='word_1_579' title='bbox 686 4382 827 4449; x_wconf 77' lang='lat' dir='ltr'><strong>quod</strong></span> <span class='ocrx_word' id='word_1_580' title='bbox 858 4381 910 4434; x_wconf 92' lang='lat' dir='ltr'><strong>in</strong></span> <span class='ocrx_word' id='word_1_581' title='bbox 941 4381 1040 4435; x_wconf 88' lang='lat' dir='ltr'><strong>hoc</strong></span> <span class='ocrx_word' id='word_1_582' title='bbox 1067 4380 1339 4451; x_wconf 87' lang='lat' dir='ltr'><strong>Scriptura</strong></span> <span class='ocrx_word' id='word_1_583' title='bbox 1372 4390 1593 4435; x_wconf 84' lang='lat' dir='ltr'><strong>testatur</strong></span> <span class='ocrx_word' id='word_1_584' title='bbox 1620 4397 1740 4437; x_wconf 88' lang='lat' dir='ltr'><strong>esse</strong></span> <span class='ocrx_word' id='word_1_585' title='bbox 1767 4383 1927 4436; x_wconf 88' lang='lat' dir='ltr'><strong>vitam</strong></span> 
     </span>
    </p>
   </div>
   <div class='ocr_carea' id='block_1_76' title="bbox 335 4472 1925 4547">
    <p class='ocr_par' dir='ltr' id='par_1_76' title="bbox 335 4472 1925 4547">
     <span class='ocr_line' id='line_1_76' title="bbox 335 4472 1925 4547; baseline -0.003 -14"><span class='ocrx_word' id='word_1_586' title='bbox 335 4473 641 4533; x_wconf 83' lang='lat' dir='ltr'><strong>animantis.</strong></span> <span class='ocrx_word' id='word_1_587' title='bbox 672 4484 724 4528; x_wconf 91' lang='lat' dir='ltr'><strong>et</strong></span> <span class='ocrx_word' id='word_1_588' title='bbox 747 4473 815 4525; x_wconf 86' lang='lat' dir='ltr'><strong>oh</strong></span> <span class='ocrx_word' id='word_1_589' title='bbox 836 4472 885 4527; x_wconf 92' lang='lat' dir='ltr'><strong>id</strong></span> <span class='ocrx_word' id='word_1_590' title='bbox 918 4488 945 4525; x_wconf 91' lang='lat' dir='ltr'><strong>a</strong></span> <span class='ocrx_word' id='word_1_591' title='bbox 976 4472 1109 4526; x_wconf 73' lang='lat' dir='ltr'><strong>cibis</strong></span> <span class='ocrx_word' id='word_1_592' title='bbox 1136 4473 1551 4528; x_wconf 86' lang='lat' dir='ltr'><strong>sulnuovebatur</strong></span> <span class='ocrx_word' id='word_1_593' title='bbox 1572 4475 1745 4530; x_wconf 85' lang='lat' dir='ltr'><strong>edicto</strong></span> <span class='ocrx_word' id='word_1_594' title='bbox 1773 4476 1925 4547; x_wconf 88' lang='lat' dir='ltr'><strong>legis.</strong></span> 
     </span>
    </p>
   </div>
   <div class='ocr_carea' id='block_1_77' title="bbox 2017 3264 3615 3335">
    <p class='ocr_par' dir='ltr' id='par_1_77' title="bbox 2017 3264 3615 3335">
     <span class='ocr_line' id='line_1_77' title="bbox 2017 3264 3615 3335; baseline -0.002 -10"><span class='ocrx_word' id='word_1_595' title='bbox 2017 3269 2219 3325; x_wconf 76' lang='lat' dir='ltr'><strong>effusus</strong></span> <span class='ocrx_word' id='word_1_596' title='bbox 2246 3264 2422 3321; x_wconf 87' lang='lat' dir='ltr'><strong>reddit</strong></span> <span class='ocrx_word' id='word_1_597' title='bbox 2451 3264 2671 3319; x_wconf 82' lang='lat' dir='ltr'><strong>evidens</strong></span> <span class='ocrx_word' id='word_1_598' title='bbox 2696 3264 3082 3329; x_wconf 79' lang='lat' dir='ltr'><strong>testimonium,</strong></span> <span class='ocrx_word' id='word_1_599' title='bbox 3116 3266 3303 3319; x_wconf 85' lang='lat' dir='ltr'><strong>melius</strong></span> <span class='ocrx_word' id='word_1_600' title='bbox 3333 3282 3427 3335; x_wconf 90' lang='lat' dir='ltr'><strong>pro</strong></span> <span class='ocrx_word' id='word_1_601' title='bbox 3460 3268 3615 3322; x_wconf 84' lang='lat' dir='ltr'><strong>nobis</strong></span> 
     </span>
    </p>
   </div>
   <div class='ocr_carea' id='block_1_78' title="bbox 2017 3355 3610 3430">
    <p class='ocr_par' dir='ltr' id='par_1_78' title="bbox 2017 3355 3610 3430">
     <span class='ocr_line' id='line_1_78' title="bbox 2017 3355 3610 3430; baseline -0.001 -14"><span class='ocrx_word' id='word_1_602' title='bbox 2017 3363 2277 3430; x_wconf 87' lang='lat' dir='ltr'><strong>loquens,</strong></span> <span class='ocrx_word' id='word_1_603' title='bbox 2328 3367 2384 3412; x_wconf 90' lang='grc' dir='ltr'><strong>ιιι</strong></span> <span class='ocrx_word' id='word_1_604' title='bbox 2411 3358 2579 3427; x_wconf 88' lang='lat' dir='ltr'><strong>inquit</strong></span> <span class='ocrx_word' id='word_1_605' title='bbox 2609 3355 2923 3426; x_wconf 77' lang='lat' dir='ltr'><strong>Apostolus,</strong></span> <span class='ocrx_word' id='word_1_606' title='bbox 2979 3372 3136 3425; x_wconf 88' lang='lat' dir='ltr'><strong>quam</strong></span> <span class='ocrx_word' id='word_1_607' title='bbox 3191 3358 3407 3427; x_wconf 86' lang='lat' dir='ltr'><strong>sanguis</strong></span> <span class='ocrx_word' id='word_1_608' title='bbox 3457 3358 3610 3414; x_wconf 81' lang='lat' dir='ltr'><strong>Abel.</strong></span> 
     </span>
    </p>
   </div>
   <div class='ocr_carea' id='block_1_79' title="bbox 2017 3448 3615 3525">
    <p class='ocr_par' dir='ltr' id='par_1_79' title="bbox 2017 3448 3615 3525">
     <span class='ocr_line' id='line_1_79' title="bbox 2017 3448 3615 3525; baseline -0.004 -14"><span class='ocrx_word' id='word_1_609' title='bbox 2017 3453 2292 3525; x_wconf 85' lang='lat' dir='ltr'><strong>Siquidem</strong></span> <span class='ocrx_word' id='word_1_610' title='bbox 2316 3451 2427 3520; x_wconf 88' lang='lat' dir='ltr'><strong>ille,</strong></span> <span class='ocrx_word' id='word_1_611' title='bbox 2453 3450 2690 3504; x_wconf 88' lang='lat' dir='ltr'><strong>clamans</strong></span> <span class='ocrx_word' id='word_1_612' title='bbox 2706 3449 2774 3504; x_wconf 88' lang='lat' dir='ltr'><strong>de</strong></span> <span class='ocrx_word' id='word_1_613' title='bbox 2791 3448 3279 3521; x_wconf 87' lang='lat' dir='ltr'><strong>terra,loquebatur</strong></span> <span class='ocrx_word' id='word_1_614' title='bbox 3295 3451 3580 3508; x_wconf 82' lang='lat' dir='ltr'><strong>vindictam</strong></span> <span class='ocrx_word' id='word_1_615' title='bbox 3603 3469 3615 3505; x_wconf 90' lang='lat'><strong>:</strong></span> 
     </span>
    </p>
   </div>
   <div class='ocr_carea' id='block_1_80' title="bbox 2018 3542 3619 3615">
    <p class='ocr_par' dir='ltr' id='par_1_80' title="bbox 2018 3542 3619 3615">
     <span class='ocr_line' id='line_1_80' title="bbox 2018 3542 3619 3615; baseline -0.002 -11"><span class='ocrx_word' id='word_1_616' title='bbox 2018 3557 2073 3604; x_wconf 89' lang='lat' dir='ltr'><strong>at</strong></span> <span class='ocrx_word' id='word_1_617' title='bbox 2100 3546 2299 3603; x_wconf 78' lang='lat' dir='ltr'><strong>Christi</strong></span> <span class='ocrx_word' id='word_1_618' title='bbox 2330 3543 2651 3614; x_wconf 83' lang='lat' dir='ltr'><strong>sanguis,de</strong></span> <span class='ocrx_word' id='word_1_619' title='bbox 2675 3557 2837 3598; x_wconf 87' lang='lat' dir='ltr'><strong>cruce</strong></span> <span class='ocrx_word' id='word_1_620' title='bbox 2864 3542 3102 3597; x_wconf 89' lang='lat' dir='ltr'><strong>clamans</strong></span> <span class='ocrx_word' id='word_1_621' title='bbox 3122 3584 3136 3607; x_wconf 85' lang='lat'><strong>,</strong></span> <span class='ocrx_word' id='word_1_622' title='bbox 3170 3558 3355 3613; x_wconf 89' lang='lat' dir='ltr'><strong>pacem</strong></span> <span class='ocrx_word' id='word_1_623' title='bbox 3384 3545 3619 3615; x_wconf 87' lang='lat' dir='ltr'><strong>loquitur</strong></span> 
     </span>
    </p>
   </div>
   <div class='ocr_carea' id='block_1_81' title="bbox 2021 3634 3616 3703">
    <p class='ocr_par' dir='ltr' id='par_1_81' title="bbox 2021 3634 3616 3703">
     <span class='ocr_line' id='line_1_81' title="bbox 2021 3634 3616 3703; baseline -0.003 -8"><span class='ocrx_word' id='word_1_624' title='bbox 2021 3650 2076 3696; x_wconf 92' lang='lat' dir='ltr'><strong>et</strong></span> <span class='ocrx_word' id='word_1_625' title='bbox 2100 3637 2608 3694; x_wconf 85' lang='lat' dir='ltr'><strong>reconciliationem.</strong></span> <span class='ocrx_word' id='word_1_626' title='bbox 2640 3634 2777 3701; x_wconf 83' lang='lat' dir='ltr'><strong>Quin</strong></span> <span class='ocrx_word' id='word_1_627' title='bbox 2825 3634 2965 3687; x_wconf 88' lang='lat' dir='ltr'><strong>idem</strong></span> <span class='ocrx_word' id='word_1_628' title='bbox 3017 3634 3254 3703; x_wconf 86' lang='lat' dir='ltr'><strong>sanguis,</strong></span> <span class='ocrx_word' id='word_1_629' title='bbox 3279 3636 3528 3703; x_wconf 90' lang='lat' dir='ltr'><strong>quoniam</strong></span> <span class='ocrx_word' id='word_1_630' title='bbox 3587 3654 3616 3690; x_wconf 89' lang='lat' dir='ltr'><strong>a</strong></span> 
     </span>
    </p>
   </div>
   <div class='ocr_carea' id='block_1_82' title="bbox 2023 3724 3619 3807">
    <p class='ocr_par' dir='ltr' id='par_1_82' title="bbox 2023 3724 3619 3807">
     <span class='ocr_line' id='line_1_82' title="bbox 2023 3724 3619 3807; baseline -0.004 -22"><span class='ocrx_word' id='word_1_631' title='bbox 2023 3733 2179 3789; x_wconf 86' lang='lat' dir='ltr'><strong>nobis</strong></span> <span class='ocrx_word' id='word_1_632' title='bbox 2210 3729 2427 3793; x_wconf 87' lang='lat' dir='ltr'><strong>bibitur,</strong></span> <span class='ocrx_word' id='word_1_633' title='bbox 2464 3728 2508 3780; x_wconf 91' lang='lat' dir='ltr'><strong>si</strong></span> <span class='ocrx_word' id='word_1_634' title='bbox 2552 3725 2713 3780; x_wconf 88' lang='lat' dir='ltr'><strong>modo</strong></span> <span class='ocrx_word' id='word_1_635' title='bbox 2740 3725 2898 3794; x_wconf 79' lang='lat' dir='ltr'><strong>digne</strong></span> <span class='ocrx_word' id='word_1_636' title='bbox 2926 3724 3160 3791; x_wconf 85' lang='lat' dir='ltr'><strong>bibitur,</strong></span> <span class='ocrx_word' id='word_1_637' title='bbox 3188 3725 3382 3780; x_wconf 86' lang='lat' dir='ltr'><strong>clamat</strong></span> <span class='ocrx_word' id='word_1_638' title='bbox 3413 3728 3462 3807; x_wconf 74' lang='lat' dir='ltr'><strong>in</strong></span> <span class='ocrx_word' id='word_1_639' title='bbox 3493 3742 3619 3784; x_wconf 89' lang='lat' dir='ltr'><strong>cor-</strong></span> 
     </span>
    </p>
   </div>
   <div class='ocr_carea' id='block_1_83' title="bbox 2024 3816 3621 3886">
    <p class='ocr_par' dir='ltr' id='par_1_83' title="bbox 2024 3816 3621 3886">
     <span class='ocr_line' id='line_1_83' title="bbox 2024 3816 3621 3886; baseline -0.003 -8"><span class='ocrx_word' id='word_1_640' title='bbox 2024 3824 2180 3878; x_wconf 88' lang='lat' dir='ltr'><strong>dibus</strong></span> <span class='ocrx_word' id='word_1_641' title='bbox 2208 3820 2405 3874; x_wconf 89' lang='lat' dir='ltr'><strong>nostris</strong></span> <span class='ocrx_word' id='word_1_642' title='bbox 2441 3818 2600 3872; x_wconf 89' lang='lat' dir='ltr'><strong>verba</strong></span> <span class='ocrx_word' id='word_1_643' title='bbox 2646 3816 2861 3884; x_wconf 79' lang='lat' dir='ltr'><strong>paciﬁca</strong></span> <span class='ocrx_word' id='word_1_644' title='bbox 2891 3827 2944 3871; x_wconf 90' lang='lat' dir='ltr'><strong>et</strong></span> <span class='ocrx_word' id='word_1_645' title='bbox 2972 3816 3145 3872; x_wconf 84' lang='lat' dir='ltr'><strong>solatii</strong></span> <span class='ocrx_word' id='word_1_646' title='bbox 3194 3817 3368 3886; x_wconf 91' lang='lat' dir='ltr'><strong>plena.</strong></span> <span class='ocrx_word' id='word_1_647' title='bbox 3403 3818 3468 3873; x_wconf 88' lang='lat' dir='ltr'><strong>Et</strong></span> <span class='ocrx_word' id='word_1_648' title='bbox 3514 3818 3621 3876; x_wconf 81' lang='lat' dir='ltr'><strong>illic</strong></span> 
     </span>
    </p>
   </div>
   <div class='ocr_carea' id='block_1_84' title="bbox 2028 3909 3615 3987">
    <p class='ocr_par' dir='ltr' id='par_1_84' title="bbox 2028 3909 3615 3987">
     <span class='ocr_line' id='line_1_84' title="bbox 2028 3909 3615 3987; baseline -0.004 -14"><span class='ocrx_word' id='word_1_649' title='bbox 2028 3918 2219 3987; x_wconf 86' lang='lat' dir='ltr'><strong>triplex</strong></span> <span class='ocrx_word' id='word_1_650' title='bbox 2241 3922 2324 3971; x_wconf 68' lang='lat' dir='ltr'><strong>est</strong></span> <span class='ocrx_word' id='word_1_651' title='bbox 2350 3910 2737 3976; x_wconf 88' lang='lat' dir='ltr'><strong>testimonium,</strong></span> <span class='ocrx_word' id='word_1_652' title='bbox 2768 3910 2893 3965; x_wconf 90' lang='lat' dir='ltr'><strong>licet</strong></span> <span class='ocrx_word' id='word_1_653' title='bbox 2918 3909 3145 3981; x_wconf 81' lang='lat' dir='ltr'><strong>Spiritali</strong></span> <span class='ocrx_word' id='word_1_654' title='bbox 3175 3910 3406 3982; x_wconf 88' lang='lat' dir='ltr'><strong>quodam</strong></span> <span class='ocrx_word' id='word_1_655' title='bbox 3435 3913 3615 3967; x_wconf 86' lang='lat' dir='ltr'><strong>modo.</strong></span> 
     </span>
    </p>
   </div>
   <div class='ocr_carea' id='block_1_85' title="bbox 2027 4001 3618 4076">
    <p class='ocr_par' dir='ltr' id='par_1_85' title="bbox 2027 4001 3618 4076">
     <span class='ocr_line' id='line_1_85' title="bbox 2027 4001 3618 4076; baseline -0.006 -11"><span class='ocrx_word' id='word_1_656' title='bbox 2027 4010 2238 4066; x_wconf 90' lang='lat' dir='ltr'><strong>Clamat</strong></span> <span class='ocrx_word' id='word_1_657' title='bbox 2261 4006 2512 4076; x_wconf 66' lang='lat' dir='ltr'><strong>Spiritus,</strong></span> <span class='ocrx_word' id='word_1_658' title='bbox 2538 4003 2628 4075; x_wconf 88' lang='lat' dir='ltr'><strong>qui</strong></span> <span class='ocrx_word' id='word_1_659' title='bbox 2657 4002 2809 4062; x_wconf 84' lang='lat' dir='ltr'><strong>nobis</strong></span> <span class='ocrx_word' id='word_1_660' title='bbox 2837 4001 3155 4058; x_wconf 86' lang='lat' dir='ltr'><strong>arrhabonis</strong></span> <span class='ocrx_word' id='word_1_661' title='bbox 3176 4003 3293 4059; x_wconf 87' lang='lat' dir='ltr'><strong>loco</strong></span> <span class='ocrx_word' id='word_1_662' title='bbox 3321 4004 3479 4060; x_wconf 86' lang='lat' dir='ltr'><strong>datus</strong></span> <span class='ocrx_word' id='word_1_663' title='bbox 3503 4015 3582 4061; x_wconf 83' lang='lat' dir='ltr'><strong>est</strong></span> <span class='ocrx_word' id='word_1_664' title='bbox 3606 4024 3618 4059; x_wconf 87' lang='lat'><strong>:</strong></span> 
     </span>
    </p>
   </div>
   <div class='ocr_carea' id='block_1_86' title="bbox 2029 4095 3619 4171">
    <p class='ocr_par' dir='ltr' id='par_1_86' title="bbox 2029 4095 3619 4171">
     <span class='ocr_line' id='line_1_86' title="bbox 2029 4095 3619 4171; baseline -0.002 -14"><span class='ocrx_word' id='word_1_665' title='bbox 2029 4101 2170 4157; x_wconf 85' lang='lat' dir='ltr'><strong>Abba</strong></span> <span class='ocrx_word' id='word_1_666' title='bbox 2195 4110 2357 4171; x_wconf 88' lang='lat' dir='ltr'><strong>pater,</strong></span> <span class='ocrx_word' id='word_1_667' title='bbox 2383 4098 2654 4167; x_wconf 80' lang='lat' dir='ltr'><strong>testiﬁcans</strong></span> <span class='ocrx_word' id='word_1_668' title='bbox 2676 4096 2812 4166; x_wconf 85' lang='lat' dir='ltr'><strong>quod</strong></span> <span class='ocrx_word' id='word_1_669' title='bbox 2832 4113 3004 4151; x_wconf 77' lang='lat' dir='ltr'><strong>sumus</strong></span> <span class='ocrx_word' id='word_1_670' title='bbox 3022 4096 3117 4165; x_wconf 80' lang='lat' dir='ltr'><strong>ﬁlii</strong></span> <span class='ocrx_word' id='word_1_671' title='bbox 3148 4095 3241 4151; x_wconf 88' lang='lat' dir='ltr'><strong>Dei</strong></span> <span class='ocrx_word' id='word_1_672' title='bbox 3287 4097 3465 4168; x_wconf 87' lang='lat' dir='ltr'><strong>(Rom.</strong></span> <span class='ocrx_word' id='word_1_673' title='bbox 3498 4115 3587 4154; x_wconf 83' lang='lat' dir='ltr'><strong>vm</strong></span> <span class='ocrx_word' id='word_1_674' title='bbox 3606 4142 3619 4163; x_wconf 88' lang='lat'><strong>,</strong></span> 
     </span>
    </p>
   </div>
   <div class='ocr_carea' id='block_1_87' title="bbox 2034 4189 3622 4267">
    <p class='ocr_par' dir='ltr' id='par_1_87' title="bbox 2034 4189 3622 4267">
     <span class='ocr_line' id='line_1_87' title="bbox 2034 4189 3622 4267; baseline -0.005 -15"><span class='ocrx_word' id='word_1_675' title='bbox 2034 4196 2146 4267; x_wconf 78' lang='grc'><strong>16).</strong></span> <span class='ocrx_word' id='word_1_676' title='bbox 2178 4194 2388 4249; x_wconf 89' lang='lat' dir='ltr'><strong>Clamat</strong></span> <span class='ocrx_word' id='word_1_677' title='bbox 2416 4207 2573 4263; x_wconf 84' lang='lat' dir='ltr'><strong>aqua,</strong></span> <span class='ocrx_word' id='word_1_678' title='bbox 2608 4207 2701 4261; x_wconf 87' lang='lat' dir='ltr'><strong>per</strong></span> <span class='ocrx_word' id='word_1_679' title='bbox 2725 4204 2884 4261; x_wconf 89' lang='lat' dir='ltr'><strong>quam</strong></span> <span class='ocrx_word' id='word_1_680' title='bbox 2912 4189 3081 4244; x_wconf 88' lang='lat' dir='ltr'><strong>renati</strong></span> <span class='ocrx_word' id='word_1_681' title='bbox 3100 4190 3465 4259; x_wconf 87' lang='lat' dir='ltr'><strong>sumus,quod</strong></span> <span class='ocrx_word' id='word_1_682' title='bbox 3493 4206 3622 4245; x_wconf 85' lang='lat' dir='ltr'><strong>con-</strong></span> 
     </span>
    </p>
   </div>
   <div class='ocr_carea' id='block_1_88' title="bbox 2032 4281 3628 4352">
    <p class='ocr_par' dir='ltr' id='par_1_88' title="bbox 2032 4281 3628 4352">
     <span class='ocr_line' id='line_1_88' title="bbox 2032 4281 3628 4352; baseline -0.005 -6"><span class='ocrx_word' id='word_1_683' title='bbox 2032 4290 2226 4346; x_wconf 90' lang='lat' dir='ltr'><strong>donata</strong></span> <span class='ocrx_word' id='word_1_684' title='bbox 2258 4294 2381 4341; x_wconf 89' lang='lat' dir='ltr'><strong>sunt</strong></span> <span class='ocrx_word' id='word_1_685' title='bbox 2428 4286 2581 4339; x_wconf 82' lang='lat' dir='ltr'><strong>nobis</strong></span> <span class='ocrx_word' id='word_1_686' title='bbox 2623 4283 2799 4339; x_wconf 90' lang='lat' dir='ltr'><strong>omnia</strong></span> <span class='ocrx_word' id='word_1_687' title='bbox 2838 4291 3085 4352; x_wconf 89' lang='lat' dir='ltr'><strong>peccata;</strong></span> <span class='ocrx_word' id='word_1_688' title='bbox 3134 4291 3187 4335; x_wconf 92' lang='lat' dir='ltr'><strong>et</strong></span> <span class='ocrx_word' id='word_1_689' title='bbox 3220 4282 3274 4335; x_wconf 80' lang='lat' dir='ltr'><strong>‘si</strong></span> <span class='ocrx_word' id='word_1_690' title='bbox 3307 4283 3425 4351; x_wconf 89' lang='lat' dir='ltr'><strong>quis</strong></span> <span class='ocrx_word' id='word_1_691' title='bbox 3453 4281 3628 4338; x_wconf 87' lang='lat' dir='ltr'><strong>adhuc</strong></span> 
     </span>
    </p>
   </div>
   <div class='ocr_carea' id='block_1_89' title="bbox 2033 4372 3627 4445">
    <p class='ocr_par' dir='ltr' id='par_1_89' title="bbox 2033 4372 3627 4445">
     <span class='ocr_line' id='line_1_89' title="bbox 2033 4372 3627 4445; baseline -0.006 -8"><span class='ocrx_word' id='word_1_692' title='bbox 2033 4383 2273 4444; x_wconf 89' lang='lat' dir='ltr'><strong>dubitat,</strong></span> <span class='ocrx_word' id='word_1_693' title='bbox 2321 4378 2527 4433; x_wconf 88' lang='lat' dir='ltr'><strong>accedit</strong></span> <span class='ocrx_word' id='word_1_694' title='bbox 2572 4374 2845 4445; x_wconf 81' lang='lat' dir='ltr'><strong>sanguinis</strong></span> <span class='ocrx_word' id='word_1_695' title='bbox 2893 4372 3275 4437; x_wconf 89' lang='lat' dir='ltr'><strong>testimonium,</strong></span> <span class='ocrx_word' id='word_1_696' title='bbox 3308 4373 3627 4428; x_wconf 86' lang='lat' dir='ltr'><strong>clamantis:</strong></span> 
     </span>
    </p>
   </div>
   <div class='ocr_carea' id='block_1_90' title="bbox 2036 4464 3628 4547">
    <p class='ocr_par' dir='ltr' id='par_1_90' title="bbox 2036 4464 3628 4547">
     <span class='ocr_line' id='line_1_90' title="bbox 2036 4464 3628 4547; baseline -0.005 -18"><span class='ocrx_word' id='word_1_697' title='bbox 2036 4474 2162 4547; x_wconf 89' lang='lat' dir='ltr'><strong>quid</strong></span> <span class='ocrx_word' id='word_1_698' title='bbox 2190 4472 2365 4528; x_wconf 89' lang='lat' dir='ltr'><strong>adhuc</strong></span> <span class='ocrx_word' id='word_1_699' title='bbox 2396 4470 2611 4525; x_wconf 60' lang='lat' dir='ltr'><strong>haesitas</strong></span> <span class='ocrx_word' id='word_1_700' title='bbox 2635 4509 2647 4532; x_wconf 94' lang='lat'><strong>,</strong></span> <span class='ocrx_word' id='word_1_701' title='bbox 2682 4466 2809 4538; x_wconf 89' lang='lat' dir='ltr'><strong>quid</strong></span> <span class='ocrx_word' id='word_1_702' title='bbox 2857 4464 3029 4519; x_wconf 88' lang='lat' dir='ltr'><strong>adhuc</strong></span> <span class='ocrx_word' id='word_1_703' title='bbox 3085 4466 3292 4537; x_wconf 88' lang='lat' dir='ltr'><strong>pavitas</strong></span> <span class='ocrx_word' id='word_1_704' title='bbox 3346 4473 3628 4538; x_wconf 85' lang='lat' dir='ltr'><strong>tyrannum</strong></span> 
     </span>
    </p>
   </div>
   <div class='ocr_carea' id='block_1_91' title="bbox 336 4556 3629 4636">
    <p class='ocr_par' dir='ltr' id='par_1_91' title="bbox 336 4556 3629 4636">
     <span class='ocr_line' id='line_1_91' title="bbox 336 4556 3629 4636; baseline -0.005 -11"><span class='ocrx_word' id='word_1_705' title='bbox 336 4570 603 4625; x_wconf 78' lang='lat' dir='ltr'><strong>Praterea</strong></span> <span class='ocrx_word' id='word_1_706' title='bbox 650 4566 818 4635; x_wconf 86' lang='lat' dir='ltr'><strong>magis</strong></span> <span class='ocrx_word' id='word_1_707' title='bbox 848 4573 927 4619; x_wconf 85' lang='lat' dir='ltr'><strong>est</strong></span> <span class='ocrx_word' id='word_1_708' title='bbox 958 4566 1232 4636; x_wconf 82' lang='lat' dir='ltr'><strong>expositus</strong></span> <span class='ocrx_word' id='word_1_709' title='bbox 1263 4564 1537 4619; x_wconf 88' lang='lat' dir='ltr'><strong>hominum</strong></span> <span class='ocrx_word' id='word_1_710' title='bbox 1587 4568 1755 4622; x_wconf 86' lang='lat' dir='ltr'><strong>oculis</strong></span> <span class='ocrx_word' id='word_1_711' title='bbox 1804 4586 1931 4624; x_wconf 87' lang='lat' dir='ltr'><strong>san-</strong></span> <span class='ocrx_word' id='word_1_712' title='bbox 1956 4564 2010 4625; x_wconf 93' lang='lat' dir='ltr'><strong>D</strong></span> <span class='ocrx_word' id='word_1_713' title='bbox 2037 4565 2329 4624; x_wconf 83' lang='lat' dir='ltr'><strong>Satanam?</strong></span> <span class='ocrx_word' id='word_1_714' title='bbox 2368 4578 2494 4617; x_wconf 87' lang='lat' dir='ltr'><strong>eeee</strong></span> <span class='ocrx_word' id='word_1_715' title='bbox 2526 4559 2753 4632; x_wconf 87' lang='lat' dir='ltr'><strong>pretium</strong></span> <span class='ocrx_word' id='word_1_716' title='bbox 2799 4572 2903 4627; x_wconf 86' lang='lat' dir='ltr'><strong>quo</strong></span> <span class='ocrx_word' id='word_1_717' title='bbox 2933 4566 2982 4610; x_wconf 88' lang='lat' dir='ltr'><strong>te</strong></span> <span class='ocrx_word' id='word_1_718' title='bbox 3032 4556 3259 4610; x_wconf 87' lang='lat' dir='ltr'><strong>redemit</strong></span> <span class='ocrx_word' id='word_1_719' title='bbox 3306 4556 3399 4611; x_wconf 87' lang='lat' dir='ltr'><strong>Dei</strong></span> <span class='ocrx_word' id='word_1_720' title='bbox 3443 4556 3629 4614; x_wconf 88' lang='lat' dir='ltr'><strong>Filius.</strong></span> 
     </span>
    </p>
   </div>
   <div class='ocr_carea' id='block_1_92' title="bbox 338 4661 1179 4734">
    <p class='ocr_par' dir='ltr' id='par_1_92' title="bbox 338 4661 1179 4734">
     <span class='ocr_line' id='line_1_92' title="bbox 338 4661 1179 4734; baseline -0.01 -16"><span class='ocrx_word' id='word_1_721' title='bbox 338 4663 456 4734; x_wconf 85' lang='lat' dir='ltr'><strong>guis</strong></span> <span class='ocrx_word' id='word_1_722' title='bbox 479 4677 635 4731; x_wconf 88' lang='lat' dir='ltr'><strong>quam</strong></span> <span class='ocrx_word' id='word_1_723' title='bbox 669 4661 886 4729; x_wconf 77' lang='lat' dir='ltr'><strong>Spiritus</strong></span> <span class='ocrx_word' id='word_1_724' title='bbox 908 4668 997 4713; x_wconf 91' lang='lat' dir='ltr'><strong>aut</strong></span> <span class='ocrx_word' id='word_1_725' title='bbox 1024 4673 1179 4728; x_wconf 74' lang='lat' dir='ltr'><strong>aqua.</strong></span> 
     </span>
    </p>
   </div>
   <div class='ocr_carea' id='block_1_93' title="bbox 419 4753 1934 4830">
    <p class='ocr_par' dir='ltr' id='par_1_93' title="bbox 419 4753 1934 4830">
     <span class='ocr_line' id='line_1_93' title="bbox 419 4753 1934 4830; baseline 0.003 -20"><span class='ocrx_word' id='word_1_726' title='bbox 419 4754 524 4810; x_wconf 73' lang='grc' dir='ltr'><strong>ΥΠ.</strong></span> <span class='ocrx_word' id='word_1_727' title='bbox 556 4754 672 4810; x_wconf 73' lang='lat' dir='ltr'><strong>Vita</strong></span> <span class='ocrx_word' id='word_1_728' title='bbox 710 4753 936 4818; x_wconf 87' lang='lat' dir='ltr'><strong>Domini,</strong></span> <span class='ocrx_word' id='word_1_729' title='bbox 963 4753 1050 4822; x_wconf 90' lang='lat' dir='ltr'><strong>qui</strong></span> <span class='ocrx_word' id='word_1_730' title='bbox 1081 4768 1321 4807; x_wconf 90' lang='lat' dir='ltr'><strong>summus</strong></span> <span class='ocrx_word' id='word_1_731' title='bbox 1352 4753 1448 4809; x_wconf 84' lang='lat' dir='ltr'><strong>fuit</strong></span> <span class='ocrx_word' id='word_1_732' title='bbox 1478 4766 1697 4828; x_wconf 82' lang='lat' dir='ltr'><strong>martyr,</strong></span> <span class='ocrx_word' id='word_1_733' title='bbox 1738 4759 1934 4830; x_wconf 87' lang='lat' dir='ltr'><strong>quique</strong></span> 
     </span>
    </p>
   </div>
   <div class='ocr_carea' id='block_1_94' title="bbox 341 4848 1940 4921">
    <p class='ocr_par' dir='ltr' id='par_1_94' title="bbox 341 4848 1940 4921">
     <span class='ocr_line' id='line_1_94' title="bbox 341 4848 1940 4921; baseline -0.001 -12"><span class='ocrx_word' id='word_1_734' title='bbox 341 4862 395 4909; x_wconf 90' lang='lat' dir='ltr'><strong>et</strong></span> <span class='ocrx_word' id='word_1_735' title='bbox 419 4852 577 4906; x_wconf 86' lang='lat' dir='ltr'><strong>hodie</strong></span> <span class='ocrx_word' id='word_1_736' title='bbox 619 4860 815 4921; x_wconf 84' lang='lat' dir='ltr'><strong>pugnat</strong></span> <span class='ocrx_word' id='word_1_737' title='bbox 842 4859 894 4906; x_wconf 89' lang='lat' dir='ltr'><strong>et</strong></span> <span class='ocrx_word' id='word_1_738' title='bbox 922 4848 1084 4903; x_wconf 86' lang='lat' dir='ltr'><strong>vincit</strong></span> <span class='ocrx_word' id='word_1_739' title='bbox 1114 4849 1163 4902; x_wconf 90' lang='lat' dir='ltr'><strong>in</strong></span> <span class='ocrx_word' id='word_1_740' title='bbox 1196 4850 1519 4921; x_wconf 68' lang='lat' dir='ltr'><strong>martyribus</strong></span> <span class='ocrx_word' id='word_1_741' title='bbox 1547 4852 1808 4921; x_wconf 80' lang='lat' dir='ltr'><strong>plurit‘uis,</strong></span> <span class='ocrx_word' id='word_1_742' title='bbox 1842 4854 1940 4909; x_wconf 89' lang='lat' dir='ltr'><strong>fuit</strong></span> 
     </span>
    </p>
   </div>
   <div class='ocr_carea' id='block_1_95' title="bbox 343 4942 1938 5014">
    <p class='ocr_par' dir='ltr' id='par_1_95' title="bbox 343 4942 1938 5014">
     <span class='ocr_line' id='line_1_95' title="bbox 343 4942 1938 5014; baseline 0.002 -14"><span class='ocrx_word' id='word_1_743' title='bbox 343 4943 686 5000; x_wconf 68' lang='lat' dir='ltr'><strong>offendicula.</strong></span> <span class='ocrx_word' id='word_1_744' title='bbox 729 4942 841 4997; x_wconf 82' lang='lat' dir='ltr'><strong>Non</strong></span> <span class='ocrx_word' id='word_1_745' title='bbox 870 4942 974 5010; x_wconf 86' lang='lat' dir='ltr'><strong>jam</strong></span> <span class='ocrx_word' id='word_1_746' title='bbox 1012 4942 1200 5011; x_wconf 88' lang='lat' dir='ltr'><strong>loqttor</strong></span> <span class='ocrx_word' id='word_1_747' title='bbox 1229 4942 1295 4997; x_wconf 89' lang='lat' dir='ltr'><strong>dc</strong></span> <span class='ocrx_word' id='word_1_748' title='bbox 1326 4943 1609 4998; x_wconf 79' lang='lat' dir='ltr'><strong>Phariszeis</strong></span> <span class='ocrx_word' id='word_1_749' title='bbox 1641 4955 1692 5000; x_wconf 88' lang='lat' dir='ltr'><strong>et</strong></span> <span class='ocrx_word' id='word_1_750' title='bbox 1718 4946 1938 5014; x_wconf 87' lang='lat' dir='ltr'><strong>Scribis,</strong></span> 
     </span>
    </p>
   </div>
   <div class='ocr_carea' id='block_1_96' title="bbox 348 5033 1940 5109">
    <p class='ocr_par' dir='ltr' id='par_1_96' title="bbox 348 5033 1940 5109">
     <span class='ocr_line' id='line_1_96' title="bbox 348 5033 1940 5109; baseline 0.006 -24"><span class='ocrx_word' id='word_1_751' title='bbox 348 5038 480 5109; x_wconf 45' lang='lat' dir='ltr'><strong>ipsis</strong></span> <span class='ocrx_word' id='word_1_752' title='bbox 527 5040 687 5093; x_wconf 86' lang='lat' dir='ltr'><strong>etiam</strong></span> <span class='ocrx_word' id='word_1_753' title='bbox 742 5036 980 5106; x_wconf 83' lang='lat' dir='ltr'><strong>cognatis</strong></span> <span class='ocrx_word' id='word_1_754' title='bbox 1014 5049 1075 5089; x_wconf 84' lang='lat' dir='ltr'><strong>ac</strong></span> <span class='ocrx_word' id='word_1_755' title='bbox 1128 5033 1378 5089; x_wconf 82' lang='lat' dir='ltr'><strong>fratribus</strong></span> <span class='ocrx_word' id='word_1_756' title='bbox 1432 5034 1527 5089; x_wconf 86' lang='lat' dir='ltr'><strong>fuit</strong></span> <span class='ocrx_word' id='word_1_757' title='bbox 1576 5035 1940 5107; x_wconf 82' lang='lat' dir='ltr'><strong>detestabilis,</strong></span> 
     </span>
    </p>
   </div>
   <div class='ocr_carea' id='block_1_97' title="bbox 347 5124 1947 5198">
    <p class='ocr_par' dir='ltr' id='par_1_97' title="bbox 347 5124 1947 5198">
     <span class='ocr_line' id='line_1_97' title="bbox 347 5124 1947 5198; baseline -0.001 -11"><span class='ocrx_word' id='word_1_758' title='bbox 347 5147 468 5186; x_wconf 89' lang='lat' dir='ltr'><strong>cum</strong></span> <span class='ocrx_word' id='word_1_759' title='bbox 503 5129 743 5183; x_wconf 82' lang='lat' dir='ltr'><strong>dicerent</strong></span> <span class='ocrx_word' id='word_1_760' title='bbox 773 5127 920 5181; x_wconf 91' lang='lat' dir='ltr'><strong>illum</strong></span> <span class='ocrx_word' id='word_1_761' title='bbox 967 5127 1019 5180; x_wconf 93' lang='lat' dir='ltr'><strong>in</strong></span> <span class='ocrx_word' id='word_1_762' title='bbox 1068 5124 1302 5181; x_wconf 82' lang='lat' dir='ltr'><strong>furorem</strong></span> <span class='ocrx_word' id='word_1_763' title='bbox 1352 5142 1602 5198; x_wconf 81' lang='lat' dir='ltr'><strong>versum;</strong></span> <span class='ocrx_word' id='word_1_764' title='bbox 1660 5131 1752 5183; x_wconf 87' lang='lat' dir='ltr'><strong>sed</strong></span> <span class='ocrx_word' id='word_1_765' title='bbox 1805 5147 1947 5185; x_wconf 87' lang='lat' dir='ltr'><strong>mors</strong></span> 
     </span>
    </p>
   </div>
   <div class='ocr_carea' id='block_1_98' title="bbox 349 5216 1950 5290">
    <p class='ocr_par' dir='ltr' id='par_1_98' title="bbox 349 5216 1950 5290">
     <span class='ocr_line' id='line_1_98' title="bbox 349 5216 1950 5290; baseline 0 -13"><span class='ocrx_word' id='word_1_766' title='bbox 349 5223 489 5279; x_wconf 74' lang='lat' dir='ltr'><strong>illius</strong></span> <span class='ocrx_word' id='word_1_767' title='bbox 516 5237 623 5275; x_wconf 89' lang='lat' dir='ltr'><strong>non</strong></span> <span class='ocrx_word' id='word_1_768' title='bbox 656 5218 827 5274; x_wconf 91' lang='lat' dir='ltr'><strong>solum</strong></span> <span class='ocrx_word' id='word_1_769' title='bbox 859 5220 990 5290; x_wconf 89' lang='lat' dir='ltr'><strong>piis,</strong></span> <span class='ocrx_word' id='word_1_770' title='bbox 1032 5216 1124 5273; x_wconf 90' lang='lat' dir='ltr'><strong>sed</strong></span> <span class='ocrx_word' id='word_1_771' title='bbox 1156 5217 1331 5288; x_wconf 88' lang='lat' dir='ltr'><strong>impiis</strong></span> <span class='ocrx_word' id='word_1_772' title='bbox 1373 5217 1533 5273; x_wconf 81' lang='lat' dir='ltr'><strong>etiam</strong></span> <span class='ocrx_word' id='word_1_773' title='bbox 1579 5218 1675 5275; x_wconf 84' lang='lat' dir='ltr'><strong>fuit</strong></span> <span class='ocrx_word' id='word_1_774' title='bbox 1718 5225 1950 5277; x_wconf 85' lang='lat' dir='ltr'><strong>admira-</strong></span> 
     </span>
    </p>
   </div>
   <div class='ocr_carea' id='block_1_99' title="bbox 2038 4647 3635 4715">
    <p class='ocr_par' dir='ltr' id='par_1_99' title="bbox 2038 4647 3635 4715">
     <span class='ocr_line' id='line_1_99' title="bbox 2038 4647 3635 4715; baseline -0.005 0"><span class='ocrx_word' id='word_1_775' title='bbox 2038 4658 2152 4715; x_wconf 79' lang='lat' dir='ltr'><strong>Nisi</strong></span> <span class='ocrx_word' id='word_1_776' title='bbox 2183 4669 2233 4712; x_wconf 92' lang='lat' dir='ltr'><strong>te</strong></span> <span class='ocrx_word' id='word_1_777' title='bbox 2264 4656 2469 4711; x_wconf 57' lang='lat' dir='ltr'><strong>salvum</strong></span> <span class='ocrx_word' id='word_1_778' title='bbox 2492 4653 2748 4706; x_wconf 82' lang='lat' dir='ltr'><strong>voluisset</strong></span> <span class='ocrx_word' id='word_1_779' title='bbox 2784 4649 2925 4704; x_wconf 89' lang='lat' dir='ltr'><strong>Deus</strong></span> <span class='ocrx_word' id='word_1_780' title='bbox 2946 4691 2959 4714; x_wconf 91' lang='lat'><strong>,</strong></span> <span class='ocrx_word' id='word_1_781' title='bbox 3012 4664 3116 4702; x_wconf 89' lang='lat' dir='ltr'><strong>non</strong></span> <span class='ocrx_word' id='word_1_782' title='bbox 3173 4647 3478 4705; x_wconf 86' lang='lat' dir='ltr'><strong>tradidisset</strong></span> <span class='ocrx_word' id='word_1_783' title='bbox 3508 4650 3635 4707; x_wconf 87' lang='lat' dir='ltr'><strong>Uni-</strong></span> 
     </span>
    </p>
   </div>
   <div class='ocr_carea' id='block_1_100' title="bbox 2039 4733 3628 4825">
    <p class='ocr_par' dir='ltr' id='par_1_100' title="bbox 2039 4733 3628 4825">
     <span class='ocr_line' id='line_1_100' title="bbox 2039 4733 3628 4825; baseline -0.004 -23"><span class='ocrx_word' id='word_1_784' title='bbox 2039 4752 2275 4825; x_wconf 87' lang='lat' dir='ltr'><strong>geuitum</strong></span> <span class='ocrx_word' id='word_1_785' title='bbox 2299 4763 2454 4805; x_wconf 88' lang='lat' dir='ltr'><strong>suum</strong></span> <span class='ocrx_word' id='word_1_786' title='bbox 2483 4747 2535 4800; x_wconf 90' lang='lat' dir='ltr'><strong>in</strong></span> <span class='ocrx_word' id='word_1_787' title='bbox 2569 4752 2812 4798; x_wconf 88' lang='lat' dir='ltr'><strong>mortem.</strong></span> <span class='ocrx_word' id='word_1_788' title='bbox 3462 4736 3465 4739; x_wconf 65' lang='grc'><em>’</em></span> <span class='ocrx_word' id='word_1_789' title='bbox 3518 4796 3524 4803; x_wconf 73' lang='grc'><em>,</em></span> <span class='ocrx_word' id='word_1_790' title='bbox 3556 4733 3628 4744; x_wconf 62' lang='grc'><strong>“”</strong></span> 
     </span>
    </p>
   </div>
   <div class='ocr_carea' id='block_1_101' title="bbox 2115 4834 3637 4908">
    <p class='ocr_par' dir='ltr' id='par_1_101' title="bbox 2115 4834 3637 4908">
     <span class='ocr_line' id='line_1_101' title="bbox 2115 4834 3637 4908; baseline -0.005 -10"><span class='ocrx_word' id='word_1_791' title='bbox 2115 4841 2381 4898; x_wconf 77' lang='lat' dir='ltr'><strong>lX.Ncmo</strong></span> <span class='ocrx_word' id='word_1_792' title='bbox 2405 4840 2647 4908; x_wconf 85' lang='lat' dir='ltr'><strong>majorem</strong></span> <span class='ocrx_word' id='word_1_793' title='bbox 2664 4835 2962 4890; x_wconf 78' lang='lat' dir='ltr'><strong>clmrt&#39;latem</strong></span> <span class='ocrx_word' id='word_1_794' title='bbox 2985 4834 3311 4903; x_wconf 84' lang='lat' dir='ltr'><strong>habet,quam</strong></span> <span class='ocrx_word' id='word_1_795' title='bbox 3334 4845 3389 4889; x_wconf 87' lang='lat' dir='ltr'><strong>ut</strong></span> <span class='ocrx_word' id='word_1_796' title='bbox 3415 4835 3637 4891; x_wconf 82' lang='lat' dir='ltr'><strong>animam</strong></span> 
     </span>
    </p>
   </div>
   <div class='ocr_carea' id='block_1_102' title="bbox 2052 4928 3639 5010">
    <p class='ocr_par' dir='ltr' id='par_1_102' title="bbox 2052 4928 3639 5010">
     <span class='ocr_line' id='line_1_102' title="bbox 2052 4928 3639 5010; baseline -0.009 -15"><span class='ocrx_word' id='word_1_797' title='bbox 2052 4958 2198 4997; x_wconf 80' lang='lat' dir='ltr'><strong>suam</strong></span> <span class='ocrx_word' id='word_1_798' title='bbox 2225 4942 2380 5010; x_wconf 78' lang='lat' dir='ltr'><strong>ponat</strong></span> <span class='ocrx_word' id='word_1_799' title='bbox 2402 4952 2493 5007; x_wconf 88' lang='lat' dir='ltr'><strong>pro</strong></span> <span class='ocrx_word' id='word_1_800' title='bbox 2532 4934 2707 4987; x_wconf 75' lang='lat' dir='ltr'><strong>amicis</strong></span> <span class='ocrx_word' id='word_1_801' title='bbox 2732 4930 2837 4985; x_wconf 77' lang='lat' dir='ltr'><strong>suis</strong></span> <span class='ocrx_word' id='word_1_802' title='bbox 2883 4928 3057 5003; x_wconf 76' lang='lat' dir='ltr'><strong>(Joatt.</strong></span> <span class='ocrx_word' id='word_1_803' title='bbox 3117 4944 3209 4997; x_wconf 82' lang='lat' dir='ltr'><strong>xv,</strong></span> <span class='ocrx_word' id='word_1_804' title='bbox 3268 4928 3379 5001; x_wconf 81' lang='grc'><strong>15).</strong></span> <span class='ocrx_word' id='word_1_805' title='bbox 3428 4930 3483 4987; x_wconf 88' lang='lat' dir='ltr'><strong>Si</strong></span> <span class='ocrx_word' id='word_1_806' title='bbox 3533 4945 3639 4986; x_wconf 90' lang='lat' dir='ltr'><strong>non</strong></span> 
     </span>
    </p>
   </div>
   <div class='ocr_carea' id='block_1_103' title="bbox 1994 5020 3639 5102">
    <p class='ocr_par' dir='ltr' id='par_1_103' title="bbox 1994 5020 3639 5102">
     <span class='ocr_line' id='line_1_103' title="bbox 1994 5020 3639 5102; baseline -0.007 -15"><span class='ocrx_word' id='word_1_807' title='bbox 1994 5083 1999 5087; x_wconf 82' lang='lat'><strong>.</strong></span> <span class='ocrx_word' id='word_1_808' title='bbox 2050 5045 2133 5092; x_wconf 88' lang='lat' dir='ltr'><strong>est</strong></span> <span class='ocrx_word' id='word_1_809' title='bbox 2161 5032 2335 5102; x_wconf 88' lang='lat' dir='ltr'><strong>majus</strong></span> <span class='ocrx_word' id='word_1_810' title='bbox 2366 5028 2575 5084; x_wconf 75' lang='lat' dir='ltr'><strong>eximia:</strong></span> <span class='ocrx_word' id='word_1_811' title='bbox 2605 5023 2991 5079; x_wconf 60' lang='lat' dir='ltr'><strong>benevolentiae</strong></span> <span class='ocrx_word' id='word_1_812' title='bbox 3030 5020 3426 5088; x_wconf 90' lang='lat' dir='ltr'><strong>testimonium,</strong></span> <span class='ocrx_word' id='word_1_813' title='bbox 3480 5039 3639 5093; x_wconf 88' lang='lat' dir='ltr'><strong>quatn</strong></span> 
     </span>
    </p>
   </div>
   <div class='ocr_carea' id='block_1_104' title="bbox 2052 5114 3694 5197">
    <p class='ocr_par' dir='ltr' id='par_1_104' title="bbox 2052 5114 3694 5197">
     <span class='ocr_line' id='line_1_104' title="bbox 2052 5114 3694 5197; baseline -0.006 -14"><span class='ocrx_word' id='word_1_814' title='bbox 2052 5129 2095 5184; x_wconf 90' lang='lat' dir='ltr'><strong>si</strong></span> <span class='ocrx_word' id='word_1_815' title='bbox 2127 5127 2248 5197; x_wconf 90' lang='lat' dir='ltr'><strong>quis</strong></span> <span class='ocrx_word' id='word_1_816' title='bbox 2274 5124 2433 5178; x_wconf 89' lang='lat' dir='ltr'><strong>vitam</strong></span> <span class='ocrx_word' id='word_1_817' title='bbox 2464 5118 2733 5189; x_wconf 87' lang='lat' dir='ltr'><strong>impertiat</strong></span> <span class='ocrx_word' id='word_1_818' title='bbox 2775 5116 2981 5180; x_wconf 88' lang='lat' dir='ltr'><strong>amico,</strong></span> <span class='ocrx_word' id='word_1_819' title='bbox 3028 5114 3242 5187; x_wconf 83' lang='lat' dir='ltr'><strong>gravius</strong></span> <span class='ocrx_word' id='word_1_820' title='bbox 3272 5124 3355 5169; x_wconf 88' lang='lat' dir='ltr'><strong>est</strong></span> <span class='ocrx_word' id='word_1_821' title='bbox 3384 5116 3694 5173; x_wconf 70' lang='lat' dir='ltr'><strong>Dominici.</strong></span> 
     </span>
    </p>
   </div>
   <div class='ocr_carea' id='block_1_105' title="bbox 2055 5205 3646 5292">
    <p class='ocr_par' dir='ltr' id='par_1_105' title="bbox 2055 5205 3646 5292">
     <span class='ocr_line' id='line_1_105' title="bbox 2055 5205 3646 5292; baseline -0.007 -16"><span class='ocrx_word' id='word_1_822' title='bbox 2055 5219 2329 5292; x_wconf 88' lang='lat' dir='ltr'><strong>sanguinis</strong></span> <span class='ocrx_word' id='word_1_823' title='bbox 2363 5211 2748 5276; x_wconf 88' lang='lat' dir='ltr'><strong>testimonium,</strong></span> <span class='ocrx_word' id='word_1_824' title='bbox 2788 5209 2875 5279; x_wconf 89' lang='lat' dir='ltr'><strong>qui</strong></span> <span class='ocrx_word' id='word_1_825' title='bbox 2904 5223 3000 5277; x_wconf 93' lang='lat' dir='ltr'><strong>pro</strong></span> <span class='ocrx_word' id='word_1_826' title='bbox 3041 5207 3269 5262; x_wconf 90' lang='lat' dir='ltr'><strong>inimicis</strong></span> <span class='ocrx_word' id='word_1_827' title='bbox 3302 5205 3501 5264; x_wconf 70' lang='lat' dir='ltr'><strong>effusus</strong></span> <span class='ocrx_word' id='word_1_828' title='bbox 3542 5220 3646 5266; x_wconf 73' lang='lat' dir='ltr'><strong>est.</strong></span> 
     </span>
    </p>
   </div>
   <div class='ocr_carea' id='block_1_106' title="bbox 1694 5332 2328 5397">
    <p class='ocr_par' dir='ltr' id='par_1_106' title="bbox 1694 5332 2328 5397">
     <span class='ocr_line' id='line_1_106' title="bbox 1694 5332 2328 5397; baseline -0.006 -5"><span class='ocrx_word' id='word_1_829' title='bbox 1694 5334 2055 5397; x_wconf 77' lang='lat' dir='ltr'><strong>VARIORUM</strong></span> <span class='ocrx_word' id='word_1_830' title='bbox 2094 5332 2328 5394; x_wconf 72' lang='lat' dir='ltr'><strong>NO&#39;LE.</strong></span> 
     </span>
    </p>
   </div>
   <div class='ocr_carea' id='block_1_107' title="bbox 436 5449 1944 5522">
    <p class='ocr_par' dir='ltr' id='par_1_107' title="bbox 436 5449 1944 5522">
     <span class='ocr_line' id='line_1_107' title="bbox 436 5449 1944 5522; baseline 0.001 -15"><span class='ocrx_word' id='word_1_831' title='bbox 436 5454 551 5509; x_wconf 79' lang='lat' dir='ltr'><strong>Vita</strong></span> <span class='ocrx_word' id='word_1_832' title='bbox 578 5452 784 5508; x_wconf 85' lang='lat' dir='ltr'><strong>Domini</strong></span> <span class='ocrx_word' id='word_1_833' title='bbox 806 5457 893 5521; x_wconf 80' lang='lat' dir='ltr'><strong>qui</strong></span> <span class='ocrx_word' id='word_1_834' title='bbox 917 5466 1142 5505; x_wconf 71' lang='lat' dir='ltr'><strong>autumas</strong></span> <span class='ocrx_word' id='word_1_835' title='bbox 1170 5461 1363 5520; x_wconf 83' lang='lat' dir='ltr'><strong>martyr</strong></span> <span class='ocrx_word' id='word_1_836' title='bbox 1386 5452 1503 5522; x_wconf 79' lang='lat' dir='ltr'><strong>fuit.</strong></span> <span class='ocrx_word' id='word_1_837' title='bbox 1532 5449 1647 5506; x_wconf 91' lang='lat' dir='ltr'><strong>Non</strong></span> <span class='ocrx_word' id='word_1_838' title='bbox 1694 5453 1944 5509; x_wconf 79' lang='lat' dir='ltr'><strong>existimo</strong></span> 
     </span>
    </p>
   </div>
   <div class='ocr_carea' id='block_1_108' title="bbox 352 5522 1942 5599">
    <p class='ocr_par' dir='ltr' id='par_1_108' title="bbox 352 5522 1942 5599">
     <span class='ocr_line' id='line_1_108' title="bbox 352 5522 1942 5599; baseline -0.001 -16"><span class='ocrx_word' id='word_1_839' title='bbox 352 5529 493 5599; x_wconf 88' lang='lat' dir='ltr'><strong>apud</strong></span> <span class='ocrx_word' id='word_1_840' title='bbox 526 5536 738 5599; x_wconf 79' lang='lat' dir='ltr'><strong>veteres</strong></span> <span class='ocrx_word' id='word_1_841' title='bbox 762 5522 1038 5599; x_wconf 81' lang='lat' dir='ltr'><strong>Christum</strong></span> <span class='ocrx_word' id='word_1_842' title='bbox 1069 5532 1356 5599; x_wconf 69' lang='lat' dir='ltr'><strong>martyrem</strong></span> <span class='ocrx_word' id='word_1_843' title='bbox 1387 5524 1702 5599; x_wconf 76' lang='lat' dir='ltr'><strong>nuncupari.</strong></span> <span class='ocrx_word' id='word_1_844' title='bbox 1737 5524 1942 5581; x_wconf 71' lang='grc' dir='ltr'>ΡΑιιει.</span> 
     </span>
    </p>
   </div>
   <div class='ocr_carea' id='block_1_109' title="bbox 433 5590 1943 5666">
    <p class='ocr_par' dir='ltr' id='par_1_109' title="bbox 433 5590 1943 5666">
     <span class='ocr_line' id='line_1_109' title="bbox 433 5590 1943 5666; baseline -0.002 -13"><span class='ocrx_word' id='word_1_845' title='bbox 433 5598 641 5653; x_wconf 75' lang='lat' dir='ltr'><strong>Sutrium</strong></span> <span class='ocrx_word' id='word_1_846' title='bbox 669 5597 720 5649; x_wconf 82' lang='lat' dir='ltr'><strong>in</strong></span> <span class='ocrx_word' id='word_1_847' title='bbox 753 5612 843 5648; x_wconf 81' lang='lat' dir='ltr'><strong>nos</strong></span> <span class='ocrx_word' id='word_1_848' title='bbox 864 5595 952 5664; x_wconf 77' lang='lat' dir='ltr'><strong>jtta</strong></span> <span class='ocrx_word' id='word_1_849' title='bbox 975 5590 1279 5666; x_wconf 62' lang='lat' dir='ltr'><strong>vindicabitt.</strong></span> <span class='ocrx_word' id='word_1_850' title='bbox 1305 5590 1633 5666; x_wconf 72' lang='lat' dir='ltr'><strong>Negligentia</strong></span> <span class='ocrx_word' id='word_1_851' title='bbox 1662 5611 1943 5666; x_wconf 78' lang='lat' dir='ltr'><strong>operarum</strong></span> 
     </span>
    </p>
   </div>
   <div class='ocr_carea' id='block_1_110' title="bbox 357 5663 1584 5742">
    <p class='ocr_par' dir='ltr' id='par_1_110' title="bbox 357 5663 1584 5742">
     <span class='ocr_line' id='line_1_110' title="bbox 357 5663 1584 5742; baseline -0.007 -17"><span class='ocrx_word' id='word_1_852' title='bbox 357 5670 496 5742; x_wconf 55' lang='lat' dir='ltr'><strong>aptpl</strong></span> <span class='ocrx_word' id='word_1_853' title='bbox 530 5663 892 5742; x_wconf 72' lang='lat' dir='ltr'><strong>Manutiatuttu</strong></span> <span class='ocrx_word' id='word_1_854' title='bbox 924 5675 1033 5720; x_wconf 82' lang='lat' dir='ltr'><strong>erat</strong></span> <span class='ocrx_word' id='word_1_855' title='bbox 1054 5663 1341 5742; x_wconf 61' lang='lat' dir='ltr'><strong>judicabat.</strong></span> <span class='ocrx_word' id='word_1_856' title='bbox 1377 5663 1584 5742; x_wconf 55' lang='grc' dir='ltr'>Ρλιιῆιι.</span> 
     </span>
    </p>
   </div>
   <div class='ocr_carea' id='block_1_111' title="bbox 429 5733 1949 5808">
    <p class='ocr_par' dir='ltr' id='par_1_111' title="bbox 429 5733 1949 5808">
     <span class='ocr_line' id='line_1_111' title="bbox 429 5733 1949 5808; baseline -0.004 -14"><span class='ocrx_word' id='word_1_857' title='bbox 429 5738 566 5794; x_wconf 86' lang='lat' dir='ltr'><strong>Ecce</strong></span> <span class='ocrx_word' id='word_1_858' title='bbox 603 5740 686 5808; x_wconf 82' lang='lat' dir='ltr'><strong>qui</strong></span> <span class='ocrx_word' id='word_1_859' title='bbox 719 5738 845 5792; x_wconf 83' lang='lat' dir='ltr'><strong>tollit</strong></span> <span class='ocrx_word' id='word_1_860' title='bbox 876 5733 1133 5807; x_wconf 70' lang='lat' dir='ltr'><strong>peccatum</strong></span> <span class='ocrx_word' id='word_1_861' title='bbox 1162 5733 1752 5808; x_wconf 30' lang='lat' dir='ltr'><strong>tllttttdit‘Ltlgdtmensis</strong></span> <span class='ocrx_word' id='word_1_862' title='bbox 1785 5738 1949 5794; x_wconf 77' lang='lat' dir='ltr'><strong>editio</strong></span> 
     </span>
    </p>
   </div>
   <div class='ocr_carea' id='block_1_112' title="bbox 355 5804 1947 5883">
    <p class='ocr_par' dir='ltr' id='par_1_112' title="bbox 355 5804 1947 5883">
     <span class='ocr_line' id='line_1_112' title="bbox 355 5804 1947 5883; baseline -0.004 -16"><span class='ocrx_word' id='word_1_863' title='bbox 355 5822 412 5872; x_wconf 88' lang='lat' dir='ltr'><strong>et</strong></span> <span class='ocrx_word' id='word_1_864' title='bbox 451 5804 716 5879; x_wconf 75' lang='lat' dir='ltr'><strong>Manutius</strong></span> <span class='ocrx_word' id='word_1_865' title='bbox 744 5804 923 5881; x_wconf 81' lang='lat' dir='ltr'><strong>legunt</strong></span> <span class='ocrx_word' id='word_1_866' title='bbox 950 5816 1173 5880; x_wconf 77' lang='lat' dir='ltr'><strong>peccata,</strong></span> <span class='ocrx_word' id='word_1_867' title='bbox 1219 5806 1310 5862; x_wconf 90' lang='lat' dir='ltr'><strong>scd</strong></span> <span class='ocrx_word' id='word_1_868' title='bbox 1344 5804 1471 5862; x_wconf 87' lang='lat' dir='ltr'><strong>illud</strong></span> <span class='ocrx_word' id='word_1_869' title='bbox 1519 5805 1678 5866; x_wconf 88' lang='lat' dir='ltr'><strong>habet</strong></span> <span class='ocrx_word' id='word_1_870' title='bbox 1720 5819 1947 5883; x_wconf 80' lang='lat' dir='ltr'><strong>utraque</strong></span> 
     </span>
    </p>
   </div>
   <div class='ocr_carea' id='block_1_113' title="bbox 2052 5439 3653 5511">
    <p class='ocr_par' dir='ltr' id='par_1_113' title="bbox 2052 5439 3653 5511">
     <span class='ocr_line' id='line_1_113' title="bbox 2052 5439 3653 5511; baseline -0.009 0"><span class='ocrx_word' id='word_1_871' title='bbox 2052 5452 2303 5511; x_wconf 87' lang='lat' dir='ltr'><strong>Frobenii</strong></span> <span class='ocrx_word' id='word_1_872' title='bbox 2335 5458 2389 5505; x_wconf 90' lang='lat' dir='ltr'><strong>et</strong></span> <span class='ocrx_word' id='word_1_873' title='bbox 2418 5447 2596 5505; x_wconf 87' lang='lat' dir='ltr'><strong>Gravii</strong></span> <span class='ocrx_word' id='word_1_874' title='bbox 2627 5444 2792 5501; x_wconf 91' lang='lat' dir='ltr'><strong>editio</strong></span> <span class='ocrx_word' id='word_1_875' title='bbox 2813 5485 2828 5505; x_wconf 89' lang='lat'><strong>,</strong></span> <span class='ocrx_word' id='word_1_876' title='bbox 2868 5450 2923 5499; x_wconf 87' lang='lat' dir='ltr'><strong>et</strong></span> <span class='ocrx_word' id='word_1_877' title='bbox 2950 5439 3242 5511; x_wconf 81' lang='lat' dir='ltr'><strong>genuinum</strong></span> <span class='ocrx_word' id='word_1_878' title='bbox 3281 5455 3402 5496; x_wconf 85' lang='lat' dir='ltr'><strong>esse</strong></span> <span class='ocrx_word' id='word_1_879' title='bbox 3443 5452 3653 5498; x_wconf 90' lang='lat' dir='ltr'><strong>constat</strong></span> 
     </span>
    </p>
   </div>
   <div class='ocr_carea' id='block_1_114' title="bbox 2055 5512 3646 5592">
    <p class='ocr_par' dir='ltr' id='par_1_114' title="bbox 2055 5512 3646 5592">
     <span class='ocr_line' id='line_1_114' title="bbox 2055 5512 3646 5592; baseline -0.01 -10"><span class='ocrx_word' id='word_1_880' title='bbox 2055 5542 2118 5582; x_wconf 83' lang='lat' dir='ltr'><strong>ex</strong></span> <span class='ocrx_word' id='word_1_881' title='bbox 2152 5522 2593 5592; x_wconf 80' lang='lat' dir='ltr'><strong>interpretatione</strong></span> <span class='ocrx_word' id='word_1_882' title='bbox 2623 5514 2875 5592; x_wconf 82' lang='lat' dir='ltr'><strong>auctoris,</strong></span> <span class='ocrx_word' id='word_1_883' title='bbox 2907 5512 3245 5592; x_wconf 40' lang='lat' dir='ltr'><strong>quat-eadem</strong></span> <span class='ocrx_word' id='word_1_884' title='bbox 3272 5523 3378 5592; x_wconf 45' lang='lat' dir='ltr'><strong>est.</strong></span> <span class='ocrx_word' id='word_1_885' title='bbox 3406 5529 3527 5568; x_wconf 88' lang='lat' dir='ltr'><strong>cum</strong></span> <span class='ocrx_word' id='word_1_886' title='bbox 3563 5515 3646 5568; x_wconf 87' lang='lat' dir='ltr'><strong>illa</strong></span> 
     </span>
    </p>
   </div>
   <div class='ocr_carea' id='block_1_115' title="bbox 2055 5582 3651 5667">
    <p class='ocr_par' dir='ltr' id='par_1_115' title="bbox 2055 5582 3651 5667">
     <span class='ocr_line' id='line_1_115' title="bbox 2055 5582 3651 5667; baseline -0.006 -20"><span class='ocrx_word' id='word_1_887' title='bbox 2055 5613 2211 5667; x_wconf 86' lang='lat' dir='ltr'><strong>quam</strong></span> <span class='ocrx_word' id='word_1_888' title='bbox 2243 5582 2399 5667; x_wconf 74' lang='lat' dir='ltr'><strong>habet</strong></span> <span class='ocrx_word' id='word_1_889' title='bbox 2435 5593 2686 5667; x_wconf 69' lang='lat' dir='ltr'><strong>Erasmus</strong></span> <span class='ocrx_word' id='word_1_890' title='bbox 2715 5588 2765 5641; x_wconf 88' lang='lat' dir='ltr'><strong>in</strong></span> <span class='ocrx_word' id='word_1_891' title='bbox 2793 5582 3243 5667; x_wconf 33' lang='lat' dir='ltr'><strong>Auuotation‘ibus</strong></span> <span class='ocrx_word' id='word_1_892' title='bbox 3260 5583 3322 5667; x_wconf 50' lang='lat' dir='ltr'><strong>in</strong></span> <span class='ocrx_word' id='word_1_893' title='bbox 3351 5582 3651 5667; x_wconf 42' lang='lat' dir='ltr'><strong>amonem;</strong></span> 
     </span>
    </p>
   </div>
   <div class='ocr_carea' id='block_1_116' title="bbox 2057 5653 3657 5783">
    <p class='ocr_par' dir='ltr' id='par_1_116' title="bbox 2057 5653 3657 5783">
     <span class='ocr_line' id='line_1_116' title="bbox 2057 5653 3657 5783; baseline -0.009 -60"><span class='ocrx_word' id='word_1_894' title='bbox 2057 5653 2125 5723; x_wconf 62' lang='lat' dir='ltr'><strong>ila</strong></span> <span class='ocrx_word' id='word_1_895' title='bbox 2165 5677 2218 5720; x_wconf 89' lang='lat' dir='ltr'><strong>ut</strong></span> <span class='ocrx_word' id='word_1_896' title='bbox 2248 5665 2328 5720; x_wconf 82' lang='lat' dir='ltr'><strong>vel</strong></span> <span class='ocrx_word' id='word_1_897' title='bbox 2361 5663 2481 5719; x_wconf 86' lang='lat' dir='ltr'><strong>hinc</strong></span> <span class='ocrx_word' id='word_1_898' title='bbox 2507 5662 2892 5717; x_wconf 63' lang='lat' dir='ltr'><strong>COHIli‘ll&#39;lCllllll‘</strong></span> <span class='ocrx_word' id='word_1_899' title='bbox 2922 5656 3229 5723; x_wconf 80' lang='lat' dir='ltr'><strong>conjectura</strong></span> <span class='ocrx_word' id='word_1_900' title='bbox 3258 5653 3324 5783; x_wconf 48' lang='lat' dir='ltr'><strong>III;</strong></span> <span class='ocrx_word' id='word_1_901' title='bbox 3355 5654 3557 5710; x_wconf 84' lang='lat' dir='ltr'><strong>Gravii.</strong></span> <span class='ocrx_word' id='word_1_902' title='bbox 3639 5694 3657 5699; x_wconf 62' lang='grc'><strong>.-</strong></span> 
     </span>
     <span class='ocr_line' id='line_1_117' title="bbox 3074 5737 3478 5783; baseline -0.012 2"><span class='ocrx_word' id='word_1_903' title='bbox 3074 5737 3082 5749; x_wconf 90' lang='grc'><em>’</em></span> <span class='ocrx_word' id='word_1_904' title='bbox 3314 5742 3478 5783; x_wconf 62' lang='lat' dir='ltr'><strong>tum.</strong></span> 
     </span>
    </p>
   </div>
   <div class='ocr_carea' id='block_1_117' title="bbox 3074 5737 3478 5785">
    <p class='ocr_par' dir='ltr' id='par_1_117' title="bbox 3074 5737 3478 5785">
     <span class='ocr_line' id='line_1_118' title="bbox 3074 5737 3478 5785; baseline -0.002 -4"><span class='ocrx_word' id='word_1_905' title='bbox 3074 5737 3082 5749; x_wconf 82' lang='grc'><strong><em>⁸</em></strong></span> <span class='ocrx_word' id='word_1_906' title='bbox 3273 5737 3478 5785; x_wconf 68' lang='grc' dir='ltr'><strong>ιἈδΙΕΙ..</strong></span> 
     </span>
    </p>
   </div>
  </div>
