4202 6272
538 319 655 413 ’887

2118 305 2325 363 LIBER

3756 295 3861 367 888

551 431 765 488 Etl'usus
794 445 892 503 pro
921 429 1170 493 inimicis,
1198 426 1325 483 fecit
1347 425 1552 481 amicos
1577 422 1810 488 acﬁlios
1837 422 1966 479 Dei:
1990 429 2150 492 atque
2176 421 2229 482 Α
2253 420 2556 491 exemplum
2582 421 2846 491 praebens,
2887 428 2946 475 ut
2988 419 3077 489 qui
3107 433 3206 490 pro
3258 425 3442 474 nostra
3485 414 3865 490 qualicumque

551 535 612 581 ut
651 523 1052 582 consideremus
1104 520 1244 575 hanc
1302 518 1415 573 fore
1460 528 1772 590 perpetuam
1824 513 2151 581 amicitiam,

552 619 771 690 reliquit
800 616 954 672 nobis
976 616 1238 671 edendam
1269 628 1487 669 carnem
1515 628 1689 678 suam,
1724 610 1937 681 reliquit
1969 608 2156 663 biben-

554 713 682 770 dum
737 709 1091 782 sanguinem;
1125 718 1181 763 ut
1205 723 1306 779 per
1329 705 1518 762 eadem
1567 704 1832 771 alerentur
1897 717 1991 773 per
2035 715 2156 772 qua:

552 817 742 859 sumus
790 800 1072 871 redempti.
1119 799 1404 871 Sanguinis
1429 797 1739 869 aspersione
1781 795 2153 851 conﬁrmatum

553 906 639 955 est
665 907 820 953 vetus
843 895 1267 960 Testamentum,
1312 888 1764 964 quemadmodum
1794 887 1860 942 ad
1902 885 2157 942 llebrznos

554 990 802 1049 scribens
831 988 1089 1062 praeclare
1118 989 1275 1044 docet
1318 986 1659 1043 beatissimus
1686 983 1883 1039 Paulus
1911 1000 1923 1035 :
1957 979 2157 1037 Christi

555 1076 817 1155 sanguine
865 1083 1235 1153 consignatum
1263 1089 1317 1136 et
1363 1078 1769 1135 eorrohoratum
1821 1084 1903 1131 est
1960 1088 2156 1128 novum

555 1177 984 1233 Testamentum.
1010 1174 1112 1229 hoc
1136 1175 1220 1228 e§t
1241 1179 1616 1228 testamentum
1646 1177 1699 1225 ct
1735 1177 1948 1239 pactum
1972 1165 2158 1238 gratia:

556 1279 611 1326 et
637 1267 970 1324 remissionis
998 1274 1371 1337 peccatorum,
1423 1279 1518 1333 per
1546 1260 1860 1333 sanguinem
1892 1258 2025 1328 Agui
2059 1258 2157 1312 im-

558 1361 847 1428 maculati,
899 1360 1004 1431 qui
1049 1362 1101 1415 in
1150 1373 1208 1414 sc
1257 1356 1498 1427 recipere
1545 1355 1792 1431 dignatus
1860 1362 1942 1410 est
1997 1353 2159 1409 totius

560 1458 741 1515 mtmdi
774 1466 1079 1529 peccatum,
1124 1453 1265 1525 quod
1295 1468 1481 1509 omnes
1511 1467 1577 1507 ex
1626 1451 1798 1506 Adam
1837 1449 2161 1505 contrahunt

558 1550 649 1622 qui
681 1548 943 1620 prodeunt
974 1547 1026 1601 in
1059 1546 1196 1600 hanc
1223 1544 1386 1600 vitam
1408 1585 1423 1612 ,
1457 1552 1511 1598 et
1533 1542 1687 1612 cujus
1738 1540 1987 1612 contagio
2033 1554 2161 1611 pec-

558 1651 681 1697 cant
704 1641 1026 1712 quicumque
1055 1645 1295 1707 peccant.
1314 1635 1482 1690 Tanta
1504 1642 1679 1688 autem
1712 1642 1795 1687 est
1841 1630 2037 1686 Christi
2065 1647 2157 1686 su-

560 1733 817 1800 blimitas,
841 1731 1150 1786 utfortasse
1192 1738 1301 1784 non
1343 1735 1587 1798 oporteat
1627 1740 1952 1797 quemquam
1992 1732 2157 1780 ciete-

2262 513 2508 584 pontionc
2549 513 2691 566 vices
2736 512 2879 567 illius
2907 511 3166 583 gerimus,
3216 511 3391 581 parati
3438 510 3608 565 simus
3655 519 3708 565 et
3764 509 3865 580 ipsi

2262 621 2357 676 pro
2377 620 2542 676 grege
2588 604 2867 660 Dominico
2888 605 3204 676 sanguinem
3236 604 3495 668 fundere,
3545 604 3644 659 nisi
3695 605 3867 660 maluo

2260 715 2381 754 mus
2408 698 2574 755 videri
2603 699 2923 754 mercenarii
2949 714 3110 770 quam
3135 707 3399 769 pastores.
3430 696 3641 753 Domini
3685 697 3869 753 verbis

2259 802 2563 864 congruunt
2608 793 2769 849 verba
2816 792 3088 863 discipuli.
3138 791 3273 847 Cum
3321 792 3466 847 enim
3528 790 3755 846 dixisset
3809 806 3869 848 se

2258 886 2494 957 gaudere
2523 885 2573 939 in
2603 884 2975 956 passionibus,
2999 883 3193 955 quibus
3223 892 3625 939 eousmnmaret
3656 882 3867 953 passio-

2261 994 2355 1034 nes
2380 977 2602 1046 Christi,
2632 979 2940 1049 perpetiens
2962 986 3016 1033 ct
3047 977 3161 1048 ipse
3216 992 3313 1048 pro
3359 991 3588 1045 corpore
3632 975 3869 1043 Christi,

2259 1070 2402 1141 quod
2431 1080 2513 1125 est
2533 1070 2774 1125 Ecclesia
2794 1112 2807 1134 ,
2838 1070 3016 1141 qualia
3046 1082 3234 1139 passus
3258 1078 3373 1123 erat
3399 1067 3686 1131 Dominus;
3735 1082 3869 1121 eau-

2262 1177 2374 1217 sam
2398 1161 2597 1233 adjecit
2620 1176 2717 1216 cur
2742 1176 2804 1216 ea
2842 1161 3071 1216 libenter
3093 1168 3408 1231 pateretur:
3438 1157 3598 1230 Cujus
3618 1201 3631 1224 ,
3662 1159 3870 1230 inquit,

2261 1258 2429 1326 factus
2455 1270 2569 1308 sum
2598 1253 2828 1307 minister
2852 1251 3129 1307 secundum
3153 1252 3583 1323 dispensationem
3613 1249 3729 1313 Dei,
3752 1265 3869 1319 qua:

2261 1347 2383 1405 data
2412 1357 2485 1401 est
2514 1346 2638 1401 milii
2658 1346 2710 1400 in
2732 1346 2889 1412 vobis,
2918 1354 2971 1399 ut
2998 1345 3237 1417 impleam
3260 1344 3464 1398 verbmn
3491 1342 3590 1398 Dei
3635 1343 3863 1410 (Coloss.

2262 1457 2313 1505 ι,
2337 1441 2453 1512 25).
2489 1440 2556 1495 Et
2586 1440 2691 1495 alio
2718 1439 2949 1511 quodam
2998 1438 3050 1493 in
3098 1437 3220 1493 loco
3249 1437 3437 1493 scribit
3470 1452 3530 1492 se
3570 1436 3871 1507 replevisse

2263 1531 2635 1602 Evangelium.
2660 1531 2812 1587 Sicut
2841 1545 2972 1600 ergo
3004 1530 3268 1586 mortibus
3289 1537 3586 1601 martyrum
3612 1544 3871 1583 consum-

2263 1635 2477 1681 mantur
2522 1626 2801 1695 passiones
2852 1622 3086 1691 Christi,
3145 1623 3216 1676 ita
3276 1622 3535 1693 sanguine
3591 1630 3870 1692 pastorum

2263 1719 2650 1775 conﬁrmantur
2680 1719 2944 1790 promissa
2975 1716 3195 1772 Christi.
3241 1714 3455 1771 Nullum
3496 1716 3638 1771 enim
3669 1715 3870 1770 instru-

560 1843 745 1886 rorum
777 1826 1057 1882 hominum
1103 1839 1224 1879 cum
1257 1823 1349 1876 illo
1394 1820 1677 1886 conferre,
1730 1821 1975 1891 nisiipsc
2007 1820 2161 1876 nobis
2192 1822 2238 1883 B
2268 1819 2507 1867 mentum
2549 1809 2990 1877 indubimbilius,
3040 1824 3199 1879 quam
3243 1806 3386 1878 quod
3438 1815 3516 1862 tot
3566 1818 3868 1878 martyrum

562 1930 765 1976 tantam
807 1918 1054 1975 fiduciam
1086 1918 1433 1989 praebuisset,
1462 1918 1555 1987 qui
1590 1932 1698 1971 non
1739 1915 2055 1987 dedignatus
2094 1914 2164 1971 sit

572 2010 860 2082 discipulos
904 2023 1030 2065 suos
1059 2024 1251 2063 vocare
1295 2007 1770 2075 amicos,servulos
1815 2022 1942 2061 suos
1973 2020 2164 2062 vocare

564 2108 758 2163 fratres
771 2116 821 2161 et
841 2104 1171 2161 coltairedes.
1188 2101 1651 2172 Quemadmodum
1671 2102 1830 2174 igitur
1842 2100 1934 2156 ille
1948 2115 2045 2156 suo
2060 2100 2163 2156 mi-

564 2199 718 2256 rabili
739 2200 1044 2255 testimonio
1058 2196 2167 2267 clariﬁcavitPatreminhoemundo,atquc

566 2295 725 2349 etiam
748 2295 797 2349 in
818 2294 989 2350 caelis:
1007 2292 1077 2348 ita
1098 2293 1460 2349 testimonium
1481 2292 1622 2348 illius
1637 2291 2031 2363 quodammodo
2047 2306 2168 2347 eon-

566 2395 865 2443 snmmatur
894 2385 1199 2441 testimonio
1226 2398 1551 2452 sanctorum,
1574 2384 1724 2455 quasi
1750 2385 1821 2439 sit
1849 2399 1953 2439 una
1992 2386 2168 2456 passio

569 2481 780 2537 Domini
824 2491 877 2537 et
915 2495 1213 2536 servorum.
1261 2480 1318 2535 ld
1375 2496 1442 2536 ne
1490 2480 1608 2549 quis
1659 2480 1938 2537 existimet
1980 2496 2169 2551 parum

570 2572 822 2644 religiose
868 2572 1093 2637 dictum,
1127 2571 1319 2627 beatus
1349 2570 1549 2626 Paulus
1593 2571 1747 2627 nobis
1777 2574 2167 2642 patrocinatur,

568 2667 640 2721 ita
669 2666 913 2721 scribens
941 2666 1006 2720 ad
1034 2664 1385 2722 Colossenses
1417 2684 1430 2720 :
1457 2665 1558 2733 Qui
1590 2682 1722 2720 nunc
1754 2666 1953 2736 gaudeo
1975 2668 2027 2721 in
2054 2684 2172 2738 pas-

569 2760 814 2823 sionibus,
845 2777 939 2832 pro
970 2760 1129 2827 vobis,
1178 2769 1224 2815 et
1259 2760 1513 2831 adimpteo
1535 2777 1595 2815 ea
1623 2776 1736 2831 qua:
1765 2761 1947 2816 desunt
1970 2763 2170 2832 passio-

570 2872 694 2909 num
748 2852 938 2909 Chriin
982 2855 1034 2908 in
1083 2871 1237 2909 carne
1272 2871 1382 2910 mea
1409 2872 1502 2925 pro
1532 2872 1743 2926 corpore
1764 2857 1907 2924 eius,
1935 2856 2073 2926 quod
2101 2867 2173 2911 est

572 2946 801 3002 Ecclesia
855 2946 1072 3020 (Coloss.
1121 2946 1313 3019 1,24).
1351 2947 1483 3015 Quis
1512 2948 1653 3003 enim
1684 2948 1889 3011 nescit,
1941 2949 2133 3005 fratres
2156 2990 2173 3017 ,

571 3056 729 3113 quam
792 3041 1010 3097 uberem
1067 3049 1385 3112 proventum
1438 3040 1627 3099 effudit
1675 3043 1930 3099 Ecclesia:
1986 3059 2171 3114 seges,

571 3136 955 3212 Apostolorum
991 3151 1055 3193 ac
1080 3145 1398 3193 (umerorum
1440 3146 1735 3209 martyrum
1767 3138 2027 3208 Sanguine
2054 3137 2178 3192 irri-

2268 1904 2525 1975 sanguine
2548 1903 2813 1973 signatum
2843 1910 2950 1958 cst.
2976 1900 3087 1956 Hoc
3105 1900 3357 1956 nimirum
3385 1908 3471 1955 est
3498 1900 3722 1970 implere
3748 1915 3872 1955 ver-

2268 1997 2392 2054 bum
2423 1997 2540 2062 Dei,‘
2574 1996 2676 2051 hoc
2696 2004 2779 2051 est
2801 1995 3013 2066 replere
3034 1993 3403 2065 Evangelium.

2342 2130 2432 2185 Xl.
2458 2128 2564 2185 Sed
2597 2129 2809 2185 interim
2838 2128 3186 2198 gravissimus
3229 2127 3387 2183 dolor
3411 2126 3653 2183 oboritur
3681 2128 3875 2185 animo

2271 2237 2418 2290 meo,
2448 2222 2652 2290 dilecti,
2676 2222 2803 2278 dum
2833 2236 3045 2277 mecum
3075 2228 3286 2292 reputo,
3318 2235 3439 2277 etim
3470 2220 3647 2276 adhuc
3675 2235 3876 2276 recens

2270 2315 2360 2371 ille
2380 2313 2580 2371 Christi
2606 2316 2827 2387 sanguis
2855 2315 3064 2371 fervere
3104 2313 3297 2370 debeat
3326 2314 3378 2369 in
3429 2313 3686 2370 cordibus
3737 2315 3875 2370 ﬁde-

2270 2407 2423 2475 lium,
2462 2418 2569 2464 tam
2606 2412 2804 2464 multos
2832 2422 2954 2465 esse
3004 2408 3057 2462 in
3106 2407 3300 2478 quibus
3352 2406 3561 2462 refrixit
3590 2408 3871 2463 charitas:

2271 2508 2432 2572 atque
2459 2500 2563 2557 hoc
2591 2502 2804 2573 gravius
2840 2500 3163 2565 discrucior,
3192 2499 3335 2571 quod
3376 2499 3509 2555 tales
3534 2515 3643 2555 non
3676 2516 3876 2572 paucos

2275 2601 2518 2663 pastores
2545 2592 2739 2648 habeat
2766 2591 3008 2649 Ecclesia
3030 2634 3045 2661 ,
3078 2593 3166 2663 qui
3187 2633 3204 2660 ,
3235 2608 3339 2647 non
3370 2592 3543 2647 solum
3569 2609 3677 2648 non
3703 2609 3874 2665 oppo-

2275 2696 2408 2741 nunt
2432 2701 2656 2757 corpora
2684 2702 2781 2742 sua
2802 2685 3062 2743 adversus
3086 2687 3331 2757 luporum
3362 2688 3631 2754 incursus,
3659 2704 3875 2744 verum—

2280 2780 2441 2836 ctiam
2480 2781 2578 2851 ipsi
2626 2781 2788 2852 lupos
2839 2788 3022 2851 agunt,
3073 2778 3200 2835 dum
3247 2788 3487 2835 mactant
3523 2795 3589 2836 ac
3643 2781 3880 2852 perdunt

2275 2873 2482 2928 animas
2529 2872 2889 2943 simplicium,
2921 2870 3023 2943 ipsi
3073 2872 3246 2927 ventri
3299 2887 3432 2940 suo,
3488 2872 3743 2944 quzestui,
3806 2882 3868 2927 et

2276 2965 2559 3021 ambitioni
2580 2966 2902 3032 servientes,
2930 2965 3174 3037 adeoque
3218 2978 3326 3020 non
3378 2965 3601 3036 implent
3649 2964 3878 3021 verbum

2280 3060 2396 3126 Dei,
2424 3070 2482 3114 ut
2514 3058 2639 3114 illttd
2688 3052 3056 3129 cauponentur
3096 3061 3274 3129 potius
3320 3067 3377 3113 et
3428 3059 3606 3130 impiis
3658 3058 3882 3128 dogma-

2283 3154 2424 3208 tibus
2453 3152 2800 3218 adulterent;
2835 3167 2936 3209 nec
2981 3153 3220 3224 cogitant
3272 3151 3418 3224 quod
3464 3153 3558 3208 ille
3603 3161 3881 3223 pastorum

573 3231 734 3302 gata?
777 3221 893 3298 Quo
938 3221 1059 3302 plus
1086 3232 1359 3303 sanguinis
1400 3230 1629 3286 effusum
1680 3241 1796 3299 cst,
1856 3231 1959 3287 hoc
2008 3234 2171 3304 magis

2281 3251 2539 3322 Princeps
2570 3250 2914 3307 severissime
2949 3248 3153 3320 judicio
3182 3259 3427 3319 reposcet
3455 3249 3695 3319 singulas
3723 3262 3883 3315 oves,

574 3322 810 3378 effloruit
838 3322 1126 3377 multitudo
1169 3322 1406 3377 fidelium
1438 3339 1453 3379 :
1487 3322 1587 3377 hoc
1618 3323 1777 3379 latius
1820 3325 2019 3395 sparsit
2048 3340 2176 3381 suas

575 3414 900 3486 propagines
931 3414 1025 3469 illa
1072 3415 1227 3470 beata
1267 3414 1391 3469 vitis
1416 3430 1444 3469 a
1474 3415 1689 3471 Christo
1728 3418 1895 3488 stirpe
1922 3434 2172 3490 surgens,

577 3517 633 3562 ct
688 3521 956 3578 occupans
1011 3506 1197 3562 orbem
1255 3508 1599 3575 universum,
1642 3522 1977 3579 quacumque
2033 3518 2177 3580 patet

578 3600 648 3656 ab
675 3598 894 3655 Oriente
933 3599 999 3655 ad
1025 3598 1395 3665 Occidentem,
1442 3599 1511 3656 ab
1568 3599 1833 3671 Aquilone
1886 3615 2056 3672 usque
2107 3602 2175 3659 ad

576 3698 853 3752 Austrum.

647 3852 716 3907 Χ.
740 3852 903 3919 Ecce,
928 3852 1123 3908 fratres
1146 3850 1501 3919 dilectissimi,
1530 3866 1558 3905 a
1581 3851 1793 3907 Domini
1818 3851 2175 3924 redemptoris

578 3948 914 4018 temporibus
942 3946 1069 4001 anni
1107 3944 1378 4001 ﬂuxerunt
1412 3947 1531 4016 plus
1558 3947 1735 4001 minus
1779 3945 1993 4002 ducenti
2042 3963 2175 4019 qua-

580 4041 847 4111 draginta;
874 4038 1283 4111 jamquchujus
1308 4039 1432 4093 vitis
1460 4039 1711 4110 palmites
1753 4055 1892 4111 pene
1920 4041 2079 4097 latius
2118 4057 2178 4098 se

579 4141 891 4202 sparserunt
942 4145 1101 4201 quam
1128 4129 1426 4185 Romanum
1459 4130 1765 4200 imperium,
1797 4131 1991 4189 eﬁeras
2016 4135 2176 4190 etiam

578 4226 828 4280 nationes
859 4232 1036 4277 musto
1085 4221 1317 4292 Spiritus
1348 4222 1676 4279 inebriantes
1699 4264 1715 4289 ,
1768 4233 1820 4280 et
1867 4241 2002 4297 quos
2031 4228 2177 4283 nulla

580 4318 707 4373 ferri
737 4318 816 4371 vis
850 4316 1072 4371 domare
1098 4316 1299 4386 potuit,
1348 4315 1556 4371 emollit
1600 4317 1816 4388 sanguis
1860 4319 2003 4375 illius
2043 4322 2179 4391 Agni

579 4407 812 4463 candidi.
846 4407 947 4475 Qui
976 4416 1181 4461 natura:
1206 4421 1395 4462 causas
1421 4417 1753 4474 scrutantur,
1805 4420 2027 4466 narrant
2051 4412 2179 4467 ada-

580 4508 816 4555 mantem
867 4499 1024 4554 nulla:
1061 4498 1304 4570 chalybis
1355 4498 1568 4554 duritiei
1616 4500 1920 4567 cedentem,
1971 4501 2181 4559 hircino

580 4592 841 4662 sanguine
865 4598 1193 4646 maceratum
1218 4632 1234 4658 ,
1260 4590 1365 4646 ictu
1399 4591 1719 4647 malleorum
1741 4593 1975 4649 dissilire
2004 4613 2018 4648 :
2061 4596 2182 4650 nul-
2204 4618 2259 4680 Ι)

581 4684 667 4739 ius
689 4693 869 4738 autem
897 4683 1119 4738 adamas
1161 4683 1326 4738 corde
1369 4699 1533 4739 saxeo
1579 4696 1924 4757 peccatorum
1970 4686 2176 4746 durior.

582 4776 697 4832 lloe
727 4777 887 4846 igitur
911 4791 1006 4831 eor
1027 4776 1296 4843 ferreum,
1342 4789 1436 4830 cor
1470 4790 1716 4843 saxeum,
1758 4793 1854 4832 cor
1898 4778 2177 4850 plusquam

581 4868 1006 4935 adamantinum,
1039 4867 1246 4923 emollit
1279 4869 1498 4941 sanguis
1525 4869 1747 4935 Christi,
1780 4879 1834 4924 et
1856 4869 2013 4941 hujus
2039 4889 2181 4929 mar-

582 4975 782 5037 tyrum,
811 4962 902 5034 qui
928 4963 1248 5033 supplerunt
1268 4962 1408 5031 quod
1438 4962 1580 5018 illius
1610 4964 1947 5034 passionihus
1970 4965 2173 5022 deerat.

580 5056 699 5112 Hoc
717 5063 1035 5127 argumento
1061 5068 1305 5109 summus
1330 5053 1418 5109 illo
1450 5064 1651 5125 pastor,
1693 5065 1826 5111 etut
1856 5057 2047 5114 Petrus
2073 5060 2178 5127 ait,

581 5150 835 5220 princeps
864 5157 1161 5219 pastorum,
1187 5145 1501 5202 testiﬁcatus
1538 5158 1620 5202 est
1657 5163 1715 5204 se
1740 5164 1861 5206 esse
1911 5162 2180 5222 pastorem

508 5240 529 5255 ⁸
580 5243 805 5311 bonum,
839 5240 963 5312 quia
986 5237 1222 5296 animam
1250 5254 1402 5296 suam
1447 5241 1624 5312 posuit
1652 5257 1748 5314 pro
1780 5244 1991 5313 ovibus,
2027 5230 2182 5303 nobis

2281 3359 2378 3416 pro
2405 3345 2600 3416 quibus
2631 3342 2957 3399 redimendis
2985 3342 3299 3414 sanguinem
3344 3357 3495 3395 suum
3526 3342 3760 3406 fuderat,
3811 3343 3889 3398 de

2280 3439 2525 3495 manibus
2550 3454 2760 3493 eorum.
2799 3436 2907 3493 Sed
2950 3437 3072 3492 illos
3097 3452 3251 3492 suum
3278 3442 3455 3490 manet
3497 3434 3826 3505 supplicium
3869 3455 3886 3490 :

2280 3545 2423 3585 nune
2470 3529 2659 3593 melius
2703 3537 2790 3585 est
2841 3537 2921 3595 ut,
2949 3527 3165 3583 omissis
3194 3526 3458 3599 querelis,
3504 3540 3605 3580 uos
3631 3526 3886 3583 invicem

2278 3623 2345 3678 ad
2369 3621 2607 3678 ofﬁcium
2637 3622 2777 3694 quod
2803 3621 3019 3677 Christo
3042 3620 3303 3677 debemus
3319 3619 3693 3676 exhortemur.

2351 3759 2465 3815 XII.
2522 3759 2737 3830 Triplex
2780 3773 2810 3813 a
2866 3757 3079 3815 Christo
3126 3757 3491 3813 testimonium
3538 3758 3879 3827 accepimus,

2279 3852 2475 3922 triplex
2502 3850 2574 3906 illi
2600 3850 2965 3906 testimonium
2987 3849 3277 3907 reddamus
3299 3857 3534 3920 oportet.
3557 3848 3880 3904 Rudimcnta

2282 3944 2511 3999 ﬁdeliter
2541 3942 2814 3999 tradamus
2843 3942 3174 4013 baptizandis
3192 3984 3207 4006 ,
3228 3941 3549 4012 perfectiora
3577 3941 3883 4013 baptizatis.

2280 4036 2832 4093 Conﬁrmemusillos
2884 4034 3148 4091 fructibus
3199 4036 3436 4106 Spiritus
3489 4034 3557 4090 ad
3604 4034 3883 4090 caelestem

2280 4131 2445 4184 vitam
2472 4137 2845 4201 provocantes,
2879 4138 2933 4184 et
2977 4128 3023 4183 si
3062 4143 3149 4183 res
3182 4128 3437 4197 posuilet,
3471 4126 3697 4182 libenter
3717 4127 3883 4182 etiam

2284 4220 2444 4275 vitam
2468 4222 2759 4275 commisso
2800 4220 2953 4274 nobis
2981 4219 3130 4290 gregi
3161 4217 3560 4288 impendamus,
3590 4227 3886 4288 nostraque

2284 4323 2457 4368 morte
2488 4313 2721 4368 vicissim
2752 4313 2920 4368 Deum
2961 4312 3337 4367 clariﬁcemus.
3374 4304 3442 4366 Et
3470 4328 3539 4369 ne
3583 4313 3669 4369 cui
3700 4311 3886 4367 videa-

2286 4415 2370 4460 tur
2414 4405 2606 4460 tnirutn
2652 4408 2839 4460 morte
2880 4404 3154 4459 hominum
3199 4404 3485 4475 gloriﬁcari
3539 4404 3725 4471 Deum,
3754 4405 3883 4458 audi

2286 4497 2499 4553 beatum
2548 4496 2809 4553 Joannem
2840 4497 2893 4551 in
2924 4496 3212 4568 Evangelia
3250 4496 3318 4552 de
3348 4496 3538 4562 Petro,
3566 4497 3651 4552 cui
3700 4496 3889 4551 Domi-

2287 4607 2388 4646 nus
2419 4590 2742 4661 prmdixerat
2768 4589 2904 4656 fore,
2934 4598 2993 4660 ut
3024 4590 3112 4645 ubi
3135 4591 3433 4656 senuisset,
3469 4590 3537 4646 ab
3565 4589 3670 4644 alio
3696 4591 3888 4660 cinge-

2286 4695 2436 4741 retur
2464 4693 2515 4740 et
2544 4683 2833 4740 duceretur
2861 4697 2968 4753 quo
3003 4683 3201 4748 nollet,
3236 4683 3307 4738 ita
3336 4682 3642 4753 loquentem
3680 4701 3698 4738 :
3725 4684 3883 4753 signi-

2286 4784 2447 4849 ﬁcans
2492 4796 2595 4851 qua
2643 4788 2802 4833 morte
2828 4786 2955 4833 esset
2981 4777 3364 4850 glori/ismarus
3397 4774 3587 4829 Deum.
3614 4775 3891 4847 Quotquot

2285 4875 2449 4946 igitur
2474 4874 2542 4928 ab
2563 4874 2692 4928 orbe
2728 4871 2947 4927 condito
2974 4880 3191 4940 propter
3219 4870 3382 4924 Deum
3405 4910 3421 4935 ,
3463 4880 3684 4940 propter
3726 4870 3891 4939 justi-

2287 4971 2414 5025 tiam
2440 4984 2503 5024 ac
2550 4967 2801 5038 pietatem
2831 4965 3027 5021 mortui
3058 4975 3215 5033 sunt,
3258 4978 3431 5021 morte
3474 4980 3570 5020 sua
3619 4962 3891 5035 gloriﬁca-

2287 5071 2480 5118 verunt
2506 5062 2694 5116 Deum.
2715 5059 2846 5115 Nam
2868 5059 3265 5132 eleemosynas,
3285 5058 3508 5129 jejunio,
3528 5056 3887 5128 precationes,

2285 5155 2496 5226 aliaque
2537 5153 2751 5224 pietatis
2780 5155 3202 5208 exercitamenta
3228 5152 3484 5207 simulant
3510 5152 3669 5207 etiam
3710 5150 3889 5221 hypo-

2284 5247 2434 5303 critze
2467 5264 2481 5301 :
2517 5254 2747 5302 mortem
2800 5259 2961 5300 nemo
3010 5243 3248 5315 suscepit
3296 5243 3586 5311 alacriter,
3638 5241 3742 5299 nisi
3793 5241 3886 5315 qui

1915 5360 2279 5421 VARIORUM
2317 5360 2549 5419 NOTAE.

653 5475 790 5530 Anni
818 5477 1077 5547 ﬂuxerunt
1106 5475 1221 5546 plus
1247 5475 1416 5529 minus
1441 5475 1645 5530 ducenti
1672 5476 2031 5548 quadraginta.
2065 5478 2176 5534 lloc

578 5547 782 5601 addidit
812 5558 1001 5602 auctor
1029 5558 1084 5619 ut
1114 5557 1394 5619 putaretur
1421 5556 1689 5602 vetustum
1716 5547 1883 5617 opus,
1924 5549 2016 5603 sed
2063 5550 2177 5619 ipse

578 5620 679 5673 sibi
702 5619 1021 5674 contradicit
1046 5617 1148 5673 hac
1175 5617 1416 5688 periodo.
1448 5619 1575 5673 dum
1605 5619 1717 5687 jam
1747 5635 1809 5675 ea
1835 5628 1991 5675 :ctate
2018 5617 2177 5677 latius

578 5703 821 5758 sparsam
846 5690 975 5762 dicit
999 5689 1179 5753 ﬁdem,
1211 5704 1368 5758 quam
1399 5690 1696 5762 Bonnanum
1722 5692 2004 5762 imperium
2031 5710 2045 5758 ;
2078 5707 2175 5747 ne-

578 5773 681 5827 que
721 5762 865 5815 enim
895 5761 945 5816 id
986 5770 1111 5816 ante
1154 5769 1393 5829 tempora
1448 5761 1813 5827 Imperatoris
1841 5761 2178 5820 Constantini

580 5843 769 5884 verum
796 5830 961 5886 fuisse
995 5832 1126 5886 satis
1154 5840 1383 5885 constat.
1436 5831 1640 5885 PAMEL.

2367 5478 2509 5535 Vires
2544 5477 2685 5533 illius
2723 5479 2964 5549 gerimus.
2998 5479 3112 5535 lloc
3135 5492 3346 5536 rursum
3378 5484 3569 5533 auctor
3597 5475 3808 5532 addidit
3835 5486 3898 5531 ut

2280 5551 2889 5621 episcOpusputaretur.
2948 5551 3154 5607 Panes.

2356 5621 2478 5694 Cum
2512 5619 2683 5694 adhuc
2720 5637 2896 5694 recens
2925 5622 3014 5678 ille
3055 5621 3246 5678 Christi
3288 5622 3534 5694 sanguis,
3574 5629 3679 5677 etc.
3710 5619 3897 5675 Etiam

2283 5692 2386 5747 hoc
2416 5691 2482 5745 ad
2521 5692 2961 5764 subornatioiiem
3006 5695 3261 5764 pertinet.
3300 5691 3485 5764 Neque
3516 5710 3645 5750 vero
3674 5695 3901 5764 uspiam

2282 5764 2580 5838 Cyprianus
2609 5763 2778 5818 malos
2810 5762 3050 5838 pastores
3086 5769 3239 5838 lupus
3267 5762 3559 5838 nuncupat,
3590 5762 3685 5821 sed
3714 5766 3901 5832 solos,

2280 5834 2428 5906 juxta
2458 5834 2817 5906 Scripturant,
2850 5834 3153 5893 Ιιειτοιίοοςζ
3180 5837 3388 5891 Ρληπι.
