  <div class='ocr_page' id='page_1' title='image "/cluster/home/n/w/nwhite01/storage/ocr_20150623/4/hvd.32044048207708/450.png"; bbox 0 0 4190 6266; ppageno 0'>
   <div class='ocr_carea' id='block_1_1' title="bbox 331 322 437 390">
    <p class='ocr_par' dir='ltr' id='par_1_1' title="bbox 331 322 437 390">
     <span class='ocr_line' id='line_1_1' title="bbox 331 322 437 390; baseline 0 -1"><span class='ocrx_word' id='word_1_1' title='bbox 331 322 437 390; x_wconf 75' lang='lat'><strong>889</strong></span> 
     </span>
    </p>
   </div>
   <div class='ocr_carea' id='block_1_2' title="bbox 1576 318 2393 380">
    <p class='ocr_par' dir='ltr' id='par_1_2' title="bbox 1576 318 2393 380">
     <span class='ocr_line' id='line_1_2' title="bbox 1576 318 2393 380; baseline 0.002 -2"><span class='ocrx_word' id='word_1_2' title='bbox 1576 322 1663 378; x_wconf 79' lang='lat' dir='ltr'><strong>DE</strong></span> <span class='ocrx_word' id='word_1_3' title='bbox 1705 318 1973 377; x_wconf 85' lang='lat' dir='ltr'><strong>DUPLICI</strong></span> <span class='ocrx_word' id='word_1_4' title='bbox 2012 318 2251 378; x_wconf 82' lang='lat' dir='ltr'><strong>MARTY</strong></span> <span class='ocrx_word' id='word_1_5' title='bbox 2260 322 2393 380; x_wconf 72' lang='lat' dir='ltr'><strong>R10.</strong></span> 
     </span>
    </p>
   </div>
   <div class='ocr_carea' id='block_1_3' title="bbox 3520 320 3629 389">
    <p class='ocr_par' dir='ltr' id='par_1_3' title="bbox 3520 320 3629 389">
     <span class='ocr_line' id='line_1_3' title="bbox 3520 320 3629 389; baseline 0 0"><span class='ocrx_word' id='word_1_6' title='bbox 3520 320 3629 389; x_wconf 74' lang='lat'><strong>890</strong></span> 
     </span>
    </p>
   </div>
   <div class='ocr_carea' id='block_1_4' title="bbox 332 436 3625 523">
    <p class='ocr_par' dir='ltr' id='par_1_4' title="bbox 332 436 3625 523">
     <span class='ocr_line' id='line_1_4' title="bbox 332 436 3625 523; baseline -0.006 -15"><span class='ocrx_word' id='word_1_7' title='bbox 332 460 482 509; x_wconf 91' lang='lat' dir='ltr'><strong>certo</strong></span> <span class='ocrx_word' id='word_1_8' title='bbox 498 464 813 523; x_wconf 81' lang='lat' dir='ltr'><strong>persuasum</strong></span> <span class='ocrx_word' id='word_1_9' title='bbox 834 448 1077 517; x_wconf 90' lang='lat' dir='ltr'><strong>haberet,</strong></span> <span class='ocrx_word' id='word_1_10' title='bbox 1105 447 1238 503; x_wconf 82' lang='lat' dir='ltr'><strong>nihil</strong></span> <span class='ocrx_word' id='word_1_11' title='bbox 1267 444 1480 501; x_wconf 83' lang='lat' dir='ltr'><strong>adversi</strong></span> <span class='ocrx_word' id='word_1_12' title='bbox 1506 456 1661 515; x_wconf 90' lang='lat' dir='ltr'><strong>posse</strong></span> <span class='ocrx_word' id='word_1_13' title='bbox 1682 439 1925 511; x_wconf 88' lang='lat' dir='ltr'><strong>accidere</strong></span> <span class='ocrx_word' id='word_1_14' title='bbox 1957 438 2001 500; x_wconf 76' lang='grc' dir='ltr'>Α</span> <span class='ocrx_word' id='word_1_15' title='bbox 2030 447 2276 511; x_wconf 78' lang='lat' dir='ltr'><strong>quenter,</strong></span> <span class='ocrx_word' id='word_1_16' title='bbox 2300 454 2363 495; x_wconf 89' lang='lat' dir='ltr'><strong>ac</strong></span> <span class='ocrx_word' id='word_1_17' title='bbox 2387 440 2681 510; x_wconf 85' lang='lat' dir='ltr'><strong>sanguineo</strong></span> <span class='ocrx_word' id='word_1_18' title='bbox 2702 436 2898 495; x_wconf 87' lang='lat' dir='ltr'><strong>sudore</strong></span> <span class='ocrx_word' id='word_1_19' title='bbox 2927 436 3264 504; x_wconf 90' lang='lat' dir='ltr'><strong>madescens,</strong></span> <span class='ocrx_word' id='word_1_20' title='bbox 3294 444 3494 491; x_wconf 82' lang='lat' dir='ltr'><strong>uostrm</strong></span> <span class='ocrx_word' id='word_1_21' title='bbox 3526 450 3625 490; x_wconf 51' lang='lat' dir='ltr'><strong>nad</strong></span> 
     </span>
    </p>
   </div>
   <div class='ocr_carea' id='block_1_5' title="bbox 334 540 1341 615">
    <p class='ocr_par' dir='ltr' id='par_1_5' title="bbox 334 540 1341 615">
     <span class='ocr_line' id='line_1_5' title="bbox 334 540 1341 615; baseline -0.004 -15"><span class='ocrx_word' id='word_1_22' title='bbox 334 544 398 600; x_wconf 92' lang='lat' dir='ltr'><strong>iis</strong></span> <span class='ocrx_word' id='word_1_23' title='bbox 423 544 511 615; x_wconf 88' lang='lat' dir='ltr'><strong>qui</strong></span> <span class='ocrx_word' id='word_1_24' title='bbox 539 543 829 613; x_wconf 81' lang='lat' dir='ltr'><strong>persistunt</strong></span> <span class='ocrx_word' id='word_1_25' title='bbox 860 543 912 597; x_wconf 95' lang='lat' dir='ltr'><strong>in</strong></span> <span class='ocrx_word' id='word_1_26' title='bbox 935 540 1194 597; x_wconf 90' lang='lat' dir='ltr'><strong>eharitatc</strong></span> <span class='ocrx_word' id='word_1_27' title='bbox 1228 540 1341 596; x_wconf 92' lang='lat' dir='ltr'><strong>Dei.</strong></span> 
     </span>
    </p>
   </div>
   <div class='ocr_carea' id='block_1_6' title="bbox 407 624 1927 707">
    <p class='ocr_par' dir='ltr' id='par_1_6' title="bbox 407 624 1927 707">
     <span class='ocr_line' id='line_1_6' title="bbox 407 624 1927 707; baseline -0.009 -14"><span class='ocrx_word' id='word_1_28' title='bbox 407 636 546 693; x_wconf 77' lang='lat' dir='ltr'><strong>Xlll.</strong></span> <span class='ocrx_word' id='word_1_29' title='bbox 587 636 771 707; x_wconf 83' lang='lat' dir='ltr'><strong>Neque</strong></span> <span class='ocrx_word' id='word_1_30' title='bbox 824 644 1002 691; x_wconf 89' lang='lat' dir='ltr'><strong>tamen</strong></span> <span class='ocrx_word' id='word_1_31' title='bbox 1045 635 1224 689; x_wconf 90' lang='lat' dir='ltr'><strong>statim</strong></span> <span class='ocrx_word' id='word_1_32' title='bbox 1269 640 1471 704; x_wconf 77' lang='lat' dir='ltr'><strong>martyr</strong></span> <span class='ocrx_word' id='word_1_33' title='bbox 1499 637 1584 686; x_wconf 89' lang='lat' dir='ltr'><strong>est</strong></span> <span class='ocrx_word' id='word_1_34' title='bbox 1611 624 1927 700; x_wconf 83' lang='lat' dir='ltr'><strong>qttioccidi-</strong></span> 
     </span>
    </p>
   </div>
   <div class='ocr_carea' id='block_1_7' title="bbox 338 721 1927 798">
    <p class='ocr_par' dir='ltr' id='par_1_7' title="bbox 338 721 1927 798">
     <span class='ocr_line' id='line_1_7' title="bbox 338 721 1927 798; baseline -0.008 -12"><span class='ocrx_word' id='word_1_35' title='bbox 338 741 424 786; x_wconf 89' lang='lat' dir='ltr'><strong>tur</strong></span> <span class='ocrx_word' id='word_1_36' title='bbox 454 748 468 786; x_wconf 92' lang='lat'><strong><em>:</em></strong></span> <span class='ocrx_word' id='word_1_37' title='bbox 500 729 822 786; x_wconf 89' lang='lat' dir='ltr'><strong>occiduntur</strong></span> <span class='ocrx_word' id='word_1_38' title='bbox 858 739 914 786; x_wconf 92' lang='lat' dir='ltr'><strong>et</strong></span> <span class='ocrx_word' id='word_1_39' title='bbox 946 729 1122 784; x_wconf 89' lang='lat' dir='ltr'><strong>sicarii</strong></span> <span class='ocrx_word' id='word_1_40' title='bbox 1150 738 1204 784; x_wconf 90' lang='lat' dir='ltr'><strong>ct</strong></span> <span class='ocrx_word' id='word_1_41' title='bbox 1229 727 1449 798; x_wconf 74' lang='lat' dir='ltr'><strong>piratte;</strong></span> <span class='ocrx_word' id='word_1_42' title='bbox 1478 741 1583 781; x_wconf 91' lang='lat' dir='ltr'><strong>non</strong></span> <span class='ocrx_word' id='word_1_43' title='bbox 1609 721 1927 795; x_wconf 89' lang='lat' dir='ltr'><strong>supplicium</strong></span> 
     </span>
    </p>
   </div>
   <div class='ocr_carea' id='block_1_8' title="bbox 336 813 1928 891">
    <p class='ocr_par' dir='ltr' id='par_1_8' title="bbox 336 813 1928 891">
     <span class='ocr_line' id='line_1_8' title="bbox 336 813 1928 891; baseline -0.008 -10"><span class='ocrx_word' id='word_1_44' title='bbox 336 824 463 881; x_wconf 88' lang='lat' dir='ltr'><strong>facit</strong></span> <span class='ocrx_word' id='word_1_45' title='bbox 487 834 800 891; x_wconf 74' lang='lat' dir='ltr'><strong>martyrem,</strong></span> <span class='ocrx_word' id='word_1_46' title='bbox 832 822 927 879; x_wconf 86' lang='lat' dir='ltr'><strong>sed</strong></span> <span class='ocrx_word' id='word_1_47' title='bbox 963 837 1145 880; x_wconf 89' lang='lat' dir='ltr'><strong>causa.</strong></span> <span class='ocrx_word' id='word_1_48' title='bbox 1182 820 1336 889; x_wconf 84' lang='lat' dir='ltr'><strong>Quod</strong></span> <span class='ocrx_word' id='word_1_49' title='bbox 1363 820 1525 891; x_wconf 83' lang='lat' dir='ltr'><strong>siqui</strong></span> <span class='ocrx_word' id='word_1_50' title='bbox 1555 818 1803 890; x_wconf 86' lang='lat' dir='ltr'><strong>leguntur</strong></span> <span class='ocrx_word' id='word_1_51' title='bbox 1828 813 1928 869; x_wconf 91' lang='lat' dir='ltr'><strong>sibi</strong></span> 
     </span>
    </p>
   </div>
   <div class='ocr_carea' id='block_1_9' title="bbox 333 910 1932 981">
    <p class='ocr_par' dir='ltr' id='par_1_9' title="bbox 333 910 1932 981">
     <span class='ocr_line' id='line_1_9' title="bbox 333 910 1932 981; baseline -0.009 -6"><span class='ocrx_word' id='word_1_52' title='bbox 333 915 547 975; x_wconf 76' lang='lat' dir='ltr'><strong>fortiter</strong></span> <span class='ocrx_word' id='word_1_53' title='bbox 573 915 902 970; x_wconf 80' lang='lat' dir='ltr'><strong>conscivisse</strong></span> <span class='ocrx_word' id='word_1_54' title='bbox 932 929 1118 971; x_wconf 86' lang='lat' dir='ltr'><strong>necem</strong></span> <span class='ocrx_word' id='word_1_55' title='bbox 1141 957 1156 981; x_wconf 92' lang='lat'><strong>,</strong></span> <span class='ocrx_word' id='word_1_56' title='bbox 1186 922 1277 968; x_wconf 88' lang='lat' dir='ltr'><strong>aut</strong></span> <span class='ocrx_word' id='word_1_57' title='bbox 1304 910 1590 968; x_wconf 83' lang='lat' dir='ltr'><strong>inﬁrmitas</strong></span> <span class='ocrx_word' id='word_1_58' title='bbox 1613 919 1731 966; x_wconf 90' lang='lat' dir='ltr'><strong>erat</strong></span> <span class='ocrx_word' id='word_1_59' title='bbox 1758 914 1932 963; x_wconf 86' lang='lat' dir='ltr'><strong>morte</strong></span> 
     </span>
    </p>
   </div>
   <div class='ocr_carea' id='block_1_10' title="bbox 341 1000 1929 1085">
    <p class='ocr_par' dir='ltr' id='par_1_10' title="bbox 341 1000 1929 1085">
     <span class='ocr_line' id='line_1_10' title="bbox 341 1000 1929 1085; baseline -0.006 -23"><span class='ocrx_word' id='word_1_60' title='bbox 341 1022 587 1085; x_wconf 74' lang='lat' dir='ltr'><strong>qumrens</strong></span> <span class='ocrx_word' id='word_1_61' title='bbox 615 1006 860 1061; x_wconf 84' lang='lat' dir='ltr'><strong>dolorum</strong></span> <span class='ocrx_word' id='word_1_62' title='bbox 900 1004 1083 1073; x_wconf 89' lang='lat' dir='ltr'><strong>ﬁnem,</strong></span> <span class='ocrx_word' id='word_1_63' title='bbox 1126 1013 1219 1061; x_wconf 92' lang='lat' dir='ltr'><strong>aut</strong></span> <span class='ocrx_word' id='word_1_64' title='bbox 1244 1004 1487 1070; x_wconf 89' lang='lat' dir='ltr'><strong>ambitio,</strong></span> <span class='ocrx_word' id='word_1_65' title='bbox 1521 1013 1609 1058; x_wconf 89' lang='lat' dir='ltr'><strong>aut</strong></span> <span class='ocrx_word' id='word_1_66' title='bbox 1638 1000 1929 1057; x_wconf 89' lang='lat' dir='ltr'><strong>dementia.</strong></span> 
     </span>
    </p>
   </div>
   <div class='ocr_carea' id='block_1_11' title="bbox 335 1096 1933 1181">
    <p class='ocr_par' dir='ltr' id='par_1_11' title="bbox 335 1096 1933 1181">
     <span class='ocr_line' id='line_1_11' title="bbox 335 1096 1933 1181; baseline -0.005 -22"><span class='ocrx_word' id='word_1_67' title='bbox 335 1103 444 1159; x_wconf 86' lang='lat' dir='ltr'><strong>Nec</strong></span> <span class='ocrx_word' id='word_1_68' title='bbox 492 1105 593 1159; x_wconf 89' lang='lat' dir='ltr'><strong>hoc</strong></span> <span class='ocrx_word' id='word_1_69' title='bbox 645 1111 728 1159; x_wconf 91' lang='lat' dir='ltr'><strong>est</strong></span> <span class='ocrx_word' id='word_1_70' title='bbox 783 1101 1144 1157; x_wconf 91' lang='lat' dir='ltr'><strong>testimonium</strong></span> <span class='ocrx_word' id='word_1_71' title='bbox 1200 1100 1442 1171; x_wconf 65' lang='lat' dir='ltr'><strong>prarbere</strong></span> <span class='ocrx_word' id='word_1_72' title='bbox 1490 1099 1617 1164; x_wconf 90' lang='lat' dir='ltr'><strong>Deo,</strong></span> <span class='ocrx_word' id='word_1_73' title='bbox 1660 1097 1710 1151; x_wconf 89' lang='lat' dir='ltr'><strong>id</strong></span> <span class='ocrx_word' id='word_1_74' title='bbox 1742 1096 1933 1181; x_wconf 63' lang='lat' dir='ltr'><strong>facere</strong></span> 
     </span>
    </p>
   </div>
   <div class='ocr_carea' id='block_1_12' title="bbox 335 1191 1932 1269">
    <p class='ocr_par' dir='ltr' id='par_1_12' title="bbox 335 1191 1932 1269">
     <span class='ocr_line' id='line_1_12' title="bbox 335 1191 1932 1269; baseline -0.004 -18"><span class='ocrx_word' id='word_1_75' title='bbox 335 1197 477 1269; x_wconf 88' lang='lat' dir='ltr'><strong>quod</strong></span> <span class='ocrx_word' id='word_1_76' title='bbox 509 1204 563 1252; x_wconf 90' lang='lat' dir='ltr'><strong>et</strong></span> <span class='ocrx_word' id='word_1_77' title='bbox 596 1196 708 1252; x_wconf 93' lang='lat' dir='ltr'><strong>Deo</strong></span> <span class='ocrx_word' id='word_1_78' title='bbox 733 1196 999 1267; x_wconf 84' lang='lat' dir='ltr'><strong>displicet,</strong></span> <span class='ocrx_word' id='word_1_79' title='bbox 1035 1204 1087 1249; x_wconf 95' lang='lat' dir='ltr'><strong>et</strong></span> <span class='ocrx_word' id='word_1_80' title='bbox 1111 1193 1350 1265; x_wconf 89' lang='lat' dir='ltr'><strong>gentium</strong></span> <span class='ocrx_word' id='word_1_81' title='bbox 1379 1192 1540 1248; x_wconf 91' lang='lat' dir='ltr'><strong>etiam</strong></span> <span class='ocrx_word' id='word_1_82' title='bbox 1569 1191 1777 1262; x_wconf 80' lang='lat' dir='ltr'><strong>legibus</strong></span> <span class='ocrx_word' id='word_1_83' title='bbox 1808 1202 1932 1260; x_wconf 90' lang='lat' dir='ltr'><strong>pro-</strong></span> 
     </span>
    </p>
   </div>
   <div class='ocr_carea' id='block_1_13' title="bbox 339 1284 1935 1348">
    <p class='ocr_par' dir='ltr' id='par_1_13' title="bbox 339 1284 1935 1348">
     <span class='ocr_line' id='line_1_13' title="bbox 339 1284 1935 1348; baseline -0.008 -1"><span class='ocrx_word' id='word_1_84' title='bbox 339 1289 575 1348; x_wconf 85' lang='lat' dir='ltr'><strong>hibetur.</strong></span> <span class='ocrx_word' id='word_1_85' title='bbox 606 1287 905 1344; x_wconf 86' lang='lat' dir='ltr'><strong>Plurimum</strong></span> <span class='ocrx_word' id='word_1_86' title='bbox 947 1287 1169 1343; x_wconf 86' lang='lat' dir='ltr'><strong>inlereSt</strong></span> <span class='ocrx_word' id='word_1_87' title='bbox 1200 1287 1337 1342; x_wconf 86' lang='lat' dir='ltr'><strong>inter</strong></span> <span class='ocrx_word' id='word_1_88' title='bbox 1366 1284 1698 1342; x_wconf 89' lang='lat' dir='ltr'><strong>barbaricam</strong></span> <span class='ocrx_word' id='word_1_89' title='bbox 1744 1284 1935 1337; x_wconf 84' lang='lat' dir='ltr'><strong>imma—</strong></span> 
     </span>
    </p>
   </div>
   <div class='ocr_carea' id='block_1_14' title="bbox 337 1373 1932 1453">
    <p class='ocr_par' dir='ltr' id='par_1_14' title="bbox 337 1373 1932 1453">
     <span class='ocr_line' id='line_1_14' title="bbox 337 1373 1932 1453; baseline -0.008 -15"><span class='ocrx_word' id='word_1_90' title='bbox 337 1382 561 1438; x_wconf 83' lang='lat' dir='ltr'><strong>nitatem</strong></span> <span class='ocrx_word' id='word_1_91' title='bbox 585 1390 640 1437; x_wconf 91' lang='lat' dir='ltr'><strong>et</strong></span> <span class='ocrx_word' id='word_1_92' title='bbox 664 1392 957 1453; x_wconf 87' lang='lat' dir='ltr'><strong>martyrum</strong></span> <span class='ocrx_word' id='word_1_93' title='bbox 985 1378 1436 1435; x_wconf 89' lang='lat' dir='ltr'><strong>modestissimatn</strong></span> <span class='ocrx_word' id='word_1_94' title='bbox 1469 1374 1845 1439; x_wconf 91' lang='lat' dir='ltr'><strong>constantiam,</strong></span> <span class='ocrx_word' id='word_1_95' title='bbox 1880 1373 1932 1427; x_wconf 91' lang='lat' dir='ltr'><strong>in</strong></span> 
     </span>
    </p>
   </div>
   <div class='ocr_carea' id='block_1_15' title="bbox 340 1465 1934 1542">
    <p class='ocr_par' dir='ltr' id='par_1_15' title="bbox 340 1465 1934 1542">
     <span class='ocr_line' id='line_1_15' title="bbox 340 1465 1934 1542; baseline -0.008 -10"><span class='ocrx_word' id='word_1_96' title='bbox 340 1490 400 1532; x_wconf 88' lang='lat' dir='ltr'><strong>se</strong></span> <span class='ocrx_word' id='word_1_97' title='bbox 426 1475 772 1540; x_wconf 88' lang='lat' dir='ltr'><strong>imbecillem,</strong></span> <span class='ocrx_word' id='word_1_98' title='bbox 799 1475 851 1530; x_wconf 93' lang='lat' dir='ltr'><strong>in</strong></span> <span class='ocrx_word' id='word_1_99' title='bbox 871 1472 1087 1529; x_wconf 87' lang='lat' dir='ltr'><strong>Christo</strong></span> <span class='ocrx_word' id='word_1_100' title='bbox 1117 1471 1329 1529; x_wconf 81' lang='lat' dir='ltr'><strong>fortem.</strong></span> <span class='ocrx_word' id='word_1_101' title='bbox 1348 1471 1483 1528; x_wconf 91' lang='lat' dir='ltr'><strong>Sunt</strong></span> <span class='ocrx_word' id='word_1_102' title='bbox 1501 1470 1590 1542; x_wconf 89' lang='lat' dir='ltr'><strong>qui</strong></span> <span class='ocrx_word' id='word_1_103' title='bbox 1611 1468 1775 1524; x_wconf 85' lang='lat' dir='ltr'><strong>certis</strong></span> <span class='ocrx_word' id='word_1_104' title='bbox 1800 1465 1934 1521; x_wconf 90' lang='lat' dir='ltr'><strong>arti-</strong></span> 
     </span>
    </p>
   </div>
   <div class='ocr_carea' id='block_1_16' title="bbox 343 1558 1936 1641">
    <p class='ocr_par' dir='ltr' id='par_1_16' title="bbox 343 1558 1936 1641">
     <span class='ocr_line' id='line_1_16' title="bbox 343 1558 1936 1641; baseline -0.008 -16"><span class='ocrx_word' id='word_1_105' title='bbox 343 1569 444 1626; x_wconf 89' lang='lat' dir='ltr'><strong>bus</strong></span> <span class='ocrx_word' id='word_1_106' title='bbox 469 1583 662 1641; x_wconf 89' lang='lat' dir='ltr'><strong>corpus</strong></span> <span class='ocrx_word' id='word_1_107' title='bbox 697 1566 1077 1637; x_wconf 86' lang='lat' dir='ltr'><strong>stnpefaciunt,</strong></span> <span class='ocrx_word' id='word_1_108' title='bbox 1117 1581 1184 1621; x_wconf 89' lang='lat' dir='ltr'><strong>ne</strong></span> <span class='ocrx_word' id='word_1_109' title='bbox 1227 1564 1461 1620; x_wconf 85' lang='lat' dir='ltr'><strong>sentiant</strong></span> <span class='ocrx_word' id='word_1_110' title='bbox 1485 1562 1754 1635; x_wconf 81' lang='lat' dir='ltr'><strong>cruciatus</strong></span> <span class='ocrx_word' id='word_1_111' title='bbox 1788 1577 1801 1613; x_wconf 91' lang='lat'><strong>:</strong></span> <span class='ocrx_word' id='word_1_112' title='bbox 1833 1558 1936 1613; x_wconf 92' lang='lat' dir='ltr'><strong>hoc</strong></span> 
     </span>
    </p>
   </div>
   <div class='ocr_carea' id='block_1_17' title="bbox 342 1650 1937 1731">
    <p class='ocr_par' dir='ltr' id='par_1_17' title="bbox 342 1650 1937 1731">
     <span class='ocr_line' id='line_1_17' title="bbox 342 1650 1937 1731; baseline -0.008 -13"><span class='ocrx_word' id='word_1_113' title='bbox 342 1661 505 1718; x_wconf 88' lang='lat' dir='ltr'><strong>modo</strong></span> <span class='ocrx_word' id='word_1_114' title='bbox 535 1676 595 1716; x_wconf 92' lang='lat' dir='ltr'><strong>se</strong></span> <span class='ocrx_word' id='word_1_115' title='bbox 637 1659 851 1731; x_wconf 83' lang='lat' dir='ltr'><strong>quidem</strong></span> <span class='ocrx_word' id='word_1_116' title='bbox 899 1658 1126 1716; x_wconf 78' lang='lat' dir='ltr'><strong>malefici</strong></span> <span class='ocrx_word' id='word_1_117' title='bbox 1166 1657 1413 1712; x_wconf 90' lang='lat' dir='ltr'><strong>munittut</strong></span> <span class='ocrx_word' id='word_1_118' title='bbox 1438 1654 1695 1711; x_wconf 86' lang='lat' dir='ltr'><strong>adversus</strong></span> <span class='ocrx_word' id='word_1_119' title='bbox 1720 1650 1937 1707; x_wconf 79' lang='lat' dir='ltr'><strong>carnifi-</strong></span> 
     </span>
    </p>
   </div>
   <div class='ocr_carea' id='block_1_18' title="bbox 345 1747 1935 1820">
    <p class='ocr_par' dir='ltr' id='par_1_18' title="bbox 345 1747 1935 1820">
     <span class='ocr_line' id='line_1_18' title="bbox 345 1747 1935 1820; baseline -0.007 -11"><span class='ocrx_word' id='word_1_120' title='bbox 345 1768 468 1809; x_wconf 89' lang='lat' dir='ltr'><strong>cum</strong></span> <span class='ocrx_word' id='word_1_121' title='bbox 500 1767 708 1809; x_wconf 86' lang='lat' dir='ltr'><strong>manus.</strong></span> <span class='ocrx_word' id='word_1_122' title='bbox 739 1752 876 1808; x_wconf 86' lang='lat' dir='ltr'><strong>Sunt</strong></span> <span class='ocrx_word' id='word_1_123' title='bbox 896 1758 952 1806; x_wconf 91' lang='lat' dir='ltr'><strong>et</strong></span> <span class='ocrx_word' id='word_1_124' title='bbox 975 1749 1197 1807; x_wconf 69' lang='lat' dir='ltr'><strong>allectus</strong></span> <span class='ocrx_word' id='word_1_125' title='bbox 1227 1750 1573 1820; x_wconf 88' lang='lat' dir='ltr'><strong>impotentes,</strong></span> <span class='ocrx_word' id='word_1_126' title='bbox 1604 1747 1695 1819; x_wconf 91' lang='lat' dir='ltr'><strong>qui</strong></span> <span class='ocrx_word' id='word_1_127' title='bbox 1717 1759 1935 1801; x_wconf 90' lang='lat' dir='ltr'><strong>sensum</strong></span> 
     </span>
    </p>
   </div>
   <div class='ocr_carea' id='block_1_19' title="bbox 2033 533 3695 607">
    <p class='ocr_par' dir='ltr' id='par_1_19' title="bbox 2033 533 3695 607">
     <span class='ocr_line' id='line_1_19' title="bbox 2033 533 3695 607; baseline -0.001 -19"><span class='ocrx_word' id='word_1_128' title='bbox 2033 542 2165 590; x_wconf 68' lang='lat' dir='ltr'><strong>turre</strong></span> <span class='ocrx_word' id='word_1_129' title='bbox 2223 535 2274 590; x_wconf 93' lang='lat' dir='ltr'><strong>in</strong></span> <span class='ocrx_word' id='word_1_130' title='bbox 2316 549 2377 592; x_wconf 90' lang='lat' dir='ltr'><strong>se</strong></span> <span class='ocrx_word' id='word_1_131' title='bbox 2437 535 2703 607; x_wconf 78' lang='lat' dir='ltr'><strong>expressit</strong></span> <span class='ocrx_word' id='word_1_132' title='bbox 2758 533 3200 599; x_wconf 85' lang='lat' dir='ltr'><strong>imbecillitatem,</strong></span> <span class='ocrx_word' id='word_1_133' title='bbox 3234 541 3356 586; x_wconf 82' lang='lat' dir='ltr'><strong>ante</strong></span> <span class='ocrx_word' id='word_1_134' title='bbox 3397 540 3622 587; x_wconf 82' lang='lat' dir='ltr'><strong>testatus</strong></span> <span class='ocrx_word' id='word_1_135' title='bbox 3690 548 3695 553; x_wconf 63' lang='grc' dir='ltr'>ί</span> 
     </span>
    </p>
   </div>
   <div class='ocr_carea' id='block_1_20' title="bbox 2031 625 3617 699">
    <p class='ocr_par' dir='ltr' id='par_1_20' title="bbox 2031 625 3617 699">
     <span class='ocr_line' id='line_1_20' title="bbox 2031 625 3617 699; baseline -0.002 -16"><span class='ocrx_word' id='word_1_136' title='bbox 2031 628 2192 683; x_wconf 90' lang='lat' dir='ltr'><strong>animi</strong></span> <span class='ocrx_word' id='word_1_137' title='bbox 2225 626 2440 682; x_wconf 81' lang='lat' dir='ltr'><strong>taedium</strong></span> <span class='ocrx_word' id='word_1_138' title='bbox 2474 643 2535 683; x_wconf 90' lang='lat' dir='ltr'><strong>ac</strong></span> <span class='ocrx_word' id='word_1_139' title='bbox 2555 628 2822 683; x_wconf 86' lang='lat' dir='ltr'><strong>tristitiam</strong></span> <span class='ocrx_word' id='word_1_140' title='bbox 2857 642 3026 699; x_wconf 88' lang='lat' dir='ltr'><strong>usque</strong></span> <span class='ocrx_word' id='word_1_141' title='bbox 3052 625 3119 681; x_wconf 86' lang='lat' dir='ltr'><strong>ad</strong></span> <span class='ocrx_word' id='word_1_142' title='bbox 3150 633 3399 689; x_wconf 87' lang='lat' dir='ltr'><strong>mortem,</strong></span> <span class='ocrx_word' id='word_1_143' title='bbox 3429 639 3496 680; x_wconf 91' lang='lat' dir='ltr'><strong>ue</strong></span> <span class='ocrx_word' id='word_1_144' title='bbox 3519 639 3617 680; x_wconf 89' lang='lat' dir='ltr'><strong>nos</strong></span> 
     </span>
    </p>
   </div>
   <div class='ocr_carea' id='block_1_21' title="bbox 2033 719 3625 793">
    <p class='ocr_par' dir='ltr' id='par_1_21' title="bbox 2033 719 3625 793">
     <span class='ocr_line' id='line_1_21' title="bbox 2033 719 3625 793; baseline -0.001 -17"><span class='ocrx_word' id='word_1_145' title='bbox 2033 721 2085 777; x_wconf 92' lang='lat' dir='ltr'><strong>in</strong></span> <span class='ocrx_word' id='word_1_146' title='bbox 2117 721 2545 793; x_wconf 83' lang='lat' dir='ltr'><strong>desperationem</strong></span> <span class='ocrx_word' id='word_1_147' title='bbox 2581 720 2898 777; x_wconf 88' lang='lat' dir='ltr'><strong>caderetuus</strong></span> <span class='ocrx_word' id='word_1_148' title='bbox 2924 721 2989 784; x_wconf 90' lang='lat' dir='ltr'><strong>si,</strong></span> <span class='ocrx_word' id='word_1_149' title='bbox 3034 735 3154 775; x_wconf 88' lang='lat' dir='ltr'><strong>cunt</strong></span> <span class='ocrx_word' id='word_1_150' title='bbox 3188 719 3364 775; x_wconf 90' lang='lat' dir='ltr'><strong>omnia</strong></span> <span class='ocrx_word' id='word_1_151' title='bbox 3395 726 3625 774; x_wconf 88' lang='lat' dir='ltr'><strong>mortem</strong></span> 
     </span>
    </p>
   </div>
   <div class='ocr_carea' id='block_1_22' title="bbox 2035 810 3625 886">
    <p class='ocr_par' dir='ltr' id='par_1_22' title="bbox 2035 810 3625 886">
     <span class='ocr_line' id='line_1_22' title="bbox 2035 810 3625 886; baseline -0.004 -15"><span class='ocrx_word' id='word_1_152' title='bbox 2035 824 2355 886; x_wconf 77' lang='lat' dir='ltr'><strong>praesentem</strong></span> <span class='ocrx_word' id='word_1_153' title='bbox 2406 815 2690 882; x_wconf 86' lang='lat' dir='ltr'><strong>intentant,</strong></span> <span class='ocrx_word' id='word_1_154' title='bbox 2723 814 3001 869; x_wconf 86' lang='lat' dir='ltr'><strong>horrorem</strong></span> <span class='ocrx_word' id='word_1_155' title='bbox 3026 822 3250 875; x_wconf 70' lang='lat' dir='ltr'><strong>,naturm</strong></span> <span class='ocrx_word' id='word_1_156' title='bbox 3277 810 3625 868; x_wconf 83' lang='lat' dir='ltr'><strong>senserimus.</strong></span> 
     </span>
    </p>
   </div>
   <div class='ocr_carea' id='block_1_23' title="bbox 2035 903 3629 973">
    <p class='ocr_par' dir='ltr' id='par_1_23' title="bbox 2035 903 3629 973">
     <span class='ocr_line' id='line_1_23' title="bbox 2035 903 3629 973; baseline -0.003 -10"><span class='ocrx_word' id='word_1_157' title='bbox 2035 907 2147 963; x_wconf 82' lang='lat' dir='ltr'><strong>Nisi</strong></span> <span class='ocrx_word' id='word_1_158' title='bbox 2187 909 2328 963; x_wconf 91' lang='lat' dir='ltr'><strong>enim</strong></span> <span class='ocrx_word' id='word_1_159' title='bbox 2356 908 2566 963; x_wconf 84' lang='lat' dir='ltr'><strong>adesset</strong></span> <span class='ocrx_word' id='word_1_160' title='bbox 2587 922 2778 964; x_wconf 90' lang='lat' dir='ltr'><strong>sensus</strong></span> <span class='ocrx_word' id='word_1_161' title='bbox 2816 907 3085 973; x_wconf 91' lang='lat' dir='ltr'><strong>dolorum,</strong></span> <span class='ocrx_word' id='word_1_162' title='bbox 3117 905 3249 962; x_wconf 90' lang='lat' dir='ltr'><strong>nihil</strong></span> <span class='ocrx_word' id='word_1_163' title='bbox 3277 905 3501 961; x_wconf 82' lang='lat' dir='ltr'><strong>haberet</strong></span> <span class='ocrx_word' id='word_1_164' title='bbox 3530 903 3629 959; x_wconf 88' lang='lat' dir='ltr'><strong>ad-</strong></span> 
     </span>
    </p>
   </div>
   <div class='ocr_carea' id='block_1_24' title="bbox 2037 997 3624 1073">
    <p class='ocr_par' dir='ltr' id='par_1_24' title="bbox 2037 997 3624 1073">
     <span class='ocr_line' id='line_1_24' title="bbox 2037 997 3624 1073; baseline -0.003 -18"><span class='ocrx_word' id='word_1_165' title='bbox 2037 999 2279 1055; x_wconf 84' lang='lat' dir='ltr'><strong>mirabile</strong></span> <span class='ocrx_word' id='word_1_166' title='bbox 2309 1003 2624 1073; x_wconf 89' lang='lat' dir='ltr'><strong>martyrintu</strong></span> <span class='ocrx_word' id='word_1_167' title='bbox 2660 1019 2673 1055; x_wconf 90' lang='lat'><strong>:</strong></span> <span class='ocrx_word' id='word_1_168' title='bbox 2702 1000 2795 1056; x_wconf 91' lang='lat' dir='ltr'><strong>sed</strong></span> <span class='ocrx_word' id='word_1_169' title='bbox 2838 1014 3095 1071; x_wconf 87' lang='lat' dir='ltr'><strong>superare</strong></span> <span class='ocrx_word' id='word_1_170' title='bbox 3126 997 3393 1067; x_wconf 88' lang='lat' dir='ltr'><strong>dolorem,</strong></span> <span class='ocrx_word' id='word_1_171' title='bbox 3426 1011 3624 1053; x_wconf 89' lang='lat' dir='ltr'><strong>corona</strong></span> 
     </span>
    </p>
   </div>
   <div class='ocr_carea' id='block_1_25' title="bbox 2035 1090 3690 1164">
    <p class='ocr_par' dir='ltr' id='par_1_25' title="bbox 2035 1090 3690 1164">
     <span class='ocr_line' id='line_1_25' title="bbox 2035 1090 3690 1164; baseline -0.001 -16"><span class='ocrx_word' id='word_1_172' title='bbox 2035 1092 2254 1164; x_wconf 84' lang='lat' dir='ltr'><strong>dignum</strong></span> <span class='ocrx_word' id='word_1_173' title='bbox 2284 1104 2384 1149; x_wconf 90' lang='lat' dir='ltr'><strong>est.</strong></span> <span class='ocrx_word' id='word_1_174' title='bbox 2428 1093 2660 1150; x_wconf 86' lang='lat' dir='ltr'><strong>Horrere</strong></span> <span class='ocrx_word' id='word_1_175' title='bbox 2706 1102 2953 1159; x_wconf 89' lang='lat' dir='ltr'><strong>mortem,</strong></span> <span class='ocrx_word' id='word_1_176' title='bbox 2992 1100 3196 1147; x_wconf 68' lang='lat' dir='ltr'><strong>natura:</strong></span> <span class='ocrx_word' id='word_1_177' title='bbox 3238 1101 3346 1152; x_wconf 85' lang='lat' dir='ltr'><strong>est.</strong></span> <span class='ocrx_word' id='word_1_178' title='bbox 3408 1090 3625 1146; x_wconf 79' lang='lat' dir='ltr'><strong>vincere</strong></span> <span class='ocrx_word' id='word_1_179' title='bbox 3679 1123 3690 1135; x_wconf 82' lang='lat'><strong>-</strong></span> 
     </span>
    </p>
   </div>
   <div class='ocr_carea' id='block_1_26' title="bbox 2037 1181 3633 1256">
    <p class='ocr_par' dir='ltr' id='par_1_26' title="bbox 2037 1181 3633 1256">
     <span class='ocr_line' id='line_1_26' title="bbox 2037 1181 3633 1256; baseline -0.002 -14"><span class='ocrx_word' id='word_1_180' title='bbox 2037 1196 2281 1242; x_wconf 88' lang='lat' dir='ltr'><strong>naturam</strong></span> <span class='ocrx_word' id='word_1_181' title='bbox 2314 1186 2477 1241; x_wconf 87' lang='lat' dir='ltr'><strong>animi</strong></span> <span class='ocrx_word' id='word_1_182' title='bbox 2515 1185 2849 1252; x_wconf 80' lang='lat' dir='ltr'><strong>fortitudine,</strong></span> <span class='ocrx_word' id='word_1_183' title='bbox 2878 1184 3063 1256; x_wconf 80' lang='lat' dir='ltr'><strong>gratiae</strong></span> <span class='ocrx_word' id='word_1_184' title='bbox 3090 1193 3193 1239; x_wconf 86' lang='lat' dir='ltr'><strong>est.</strong></span> <span class='ocrx_word' id='word_1_185' title='bbox 3231 1181 3423 1238; x_wconf 85' lang='lat' dir='ltr'><strong>Omnia</strong></span> <span class='ocrx_word' id='word_1_186' title='bbox 3457 1191 3633 1252; x_wconf 82' lang='lat' dir='ltr'><strong>potest</strong></span> 
     </span>
    </p>
   </div>
   <div class='ocr_carea' id='block_1_27' title="bbox 2039 1279 3626 1355">
    <p class='ocr_par' dir='ltr' id='par_1_27' title="bbox 2039 1279 3626 1355">
     <span class='ocr_line' id='line_1_27' title="bbox 2039 1279 3626 1355; baseline -0.001 -16"><span class='ocrx_word' id='word_1_187' title='bbox 2039 1283 2255 1348; x_wconf 85' lang='lat' dir='ltr'><strong>Paulus,</strong></span> <span class='ocrx_word' id='word_1_188' title='bbox 2286 1284 2378 1338; x_wconf 90' lang='lat' dir='ltr'><strong>sed</strong></span> <span class='ocrx_word' id='word_1_189' title='bbox 2420 1284 2472 1339; x_wconf 90' lang='lat' dir='ltr'><strong>itt</strong></span> <span class='ocrx_word' id='word_1_190' title='bbox 2496 1299 2574 1339; x_wconf 89' lang='lat' dir='ltr'><strong>-eo</strong></span> <span class='ocrx_word' id='word_1_191' title='bbox 2604 1284 2692 1355; x_wconf 81' lang='lat' dir='ltr'><strong>qui</strong></span> <span class='ocrx_word' id='word_1_192' title='bbox 2732 1284 2903 1355; x_wconf 89' lang='lat' dir='ltr'><strong>ipsum</strong></span> <span class='ocrx_word' id='word_1_193' title='bbox 2929 1282 3263 1339; x_wconf 86' lang='lat' dir='ltr'><strong>corroborat.</strong></span> <span class='ocrx_word' id='word_1_194' title='bbox 3296 1279 3400 1336; x_wconf 88' lang='lat' dir='ltr'><strong>Sed</strong></span> <span class='ocrx_word' id='word_1_195' title='bbox 3429 1280 3626 1350; x_wconf 89' lang='lat' dir='ltr'><strong>quibus</strong></span> 
     </span>
    </p>
   </div>
   <div class='ocr_carea' id='block_1_28' title="bbox 2038 1375 3625 1449">
    <p class='ocr_par' dir='ltr' id='par_1_28' title="bbox 2038 1375 3625 1449">
     <span class='ocr_line' id='line_1_28' title="bbox 2038 1375 3625 1449; baseline -0.001 -17"><span class='ocrx_word' id='word_1_196' title='bbox 2038 1377 2306 1449; x_wconf 76' lang='lat' dir='ltr'><strong>praesidiis</strong></span> <span class='ocrx_word' id='word_1_197' title='bbox 2345 1379 2575 1433; x_wconf 84' lang='lat' dir='ltr'><strong>vincitur</strong></span> <span class='ocrx_word' id='word_1_198' title='bbox 2619 1388 2824 1433; x_wconf 83' lang='lat' dir='ltr'><strong>naturae</strong></span> <span class='ocrx_word' id='word_1_199' title='bbox 2873 1376 3198 1432; x_wconf 89' lang='lat' dir='ltr'><strong>inﬁrmitas?</strong></span> <span class='ocrx_word' id='word_1_200' title='bbox 3235 1375 3289 1432; x_wconf 91' lang='lat' dir='ltr'><strong>Si</strong></span> <span class='ocrx_word' id='word_1_201' title='bbox 3337 1389 3435 1430; x_wconf 91' lang='lat' dir='ltr'><strong>nos</strong></span> <span class='ocrx_word' id='word_1_202' title='bbox 3484 1383 3625 1430; x_wconf 91' lang='lat' dir='ltr'><strong>totos</strong></span> 
     </span>
    </p>
   </div>
   <div class='ocr_carea' id='block_1_29' title="bbox 2041 1470 3631 1543">
    <p class='ocr_par' dir='ltr' id='par_1_29' title="bbox 2041 1470 3631 1543">
     <span class='ocr_line' id='line_1_29' title="bbox 2041 1470 3631 1543; baseline -0.002 -18"><span class='ocrx_word' id='word_1_203' title='bbox 2041 1471 2188 1527; x_wconf 90' lang='lat' dir='ltr'><strong>humi</strong></span> <span class='ocrx_word' id='word_1_204' title='bbox 2219 1481 2642 1543; x_wconf 89' lang='lat' dir='ltr'><strong>prosternamus,</strong></span> <span class='ocrx_word' id='word_1_205' title='bbox 2686 1474 2789 1528; x_wconf 92' lang='lat' dir='ltr'><strong>hoc</strong></span> <span class='ocrx_word' id='word_1_206' title='bbox 2818 1481 2919 1539; x_wconf 92' lang='lat' dir='ltr'><strong>est,</strong></span> <span class='ocrx_word' id='word_1_207' title='bbox 2949 1472 2993 1527; x_wconf 93' lang='lat' dir='ltr'><strong>si</strong></span> <span class='ocrx_word' id='word_1_208' title='bbox 3024 1471 3159 1527; x_wconf 91' lang='lat' dir='ltr'><strong>nihil</strong></span> <span class='ocrx_word' id='word_1_209' title='bbox 3184 1471 3404 1526; x_wconf 90' lang='lat' dir='ltr'><strong>omnino</strong></span> <span class='ocrx_word' id='word_1_210' title='bbox 3429 1470 3631 1524; x_wconf 87' lang='lat' dir='ltr'><strong>tribua-</strong></span> 
     </span>
    </p>
   </div>
   <div class='ocr_carea' id='block_1_30' title="bbox 2041 1561 3636 1637">
    <p class='ocr_par' dir='ltr' id='par_1_30' title="bbox 2041 1561 3636 1637">
     <span class='ocr_line' id='line_1_30' title="bbox 2041 1561 3636 1637; baseline -0.002 -17"><span class='ocrx_word' id='word_1_211' title='bbox 2041 1581 2160 1621; x_wconf 89' lang='lat' dir='ltr'><strong>mtts</strong></span> <span class='ocrx_word' id='word_1_212' title='bbox 2188 1566 2389 1621; x_wconf 89' lang='lat' dir='ltr'><strong>viribus</strong></span> <span class='ocrx_word' id='word_1_213' title='bbox 2419 1566 2651 1630; x_wconf 89' lang='lat' dir='ltr'><strong>nostris;</strong></span> <span class='ocrx_word' id='word_1_214' title='bbox 2687 1565 2733 1620; x_wconf 90' lang='lat' dir='ltr'><strong>si</strong></span> <span class='ocrx_word' id='word_1_215' title='bbox 2764 1565 3043 1637; x_wconf 85' lang='lat' dir='ltr'><strong>vigilemus</strong></span> <span class='ocrx_word' id='word_1_216' title='bbox 3080 1572 3136 1618; x_wconf 92' lang='lat' dir='ltr'><strong>et</strong></span> <span class='ocrx_word' id='word_1_217' title='bbox 3174 1576 3393 1618; x_wconf 88' lang='lat' dir='ltr'><strong>oremus</strong></span> <span class='ocrx_word' id='word_1_218' title='bbox 3431 1561 3636 1617; x_wconf 85' lang='lat' dir='ltr'><strong>instan—</strong></span> 
     </span>
    </p>
   </div>
   <div class='ocr_carea' id='block_1_31' title="bbox 2042 1654 3633 1725">
    <p class='ocr_par' dir='ltr' id='par_1_31' title="bbox 2042 1654 3633 1725">
     <span class='ocr_line' id='line_1_31' title="bbox 2042 1654 3633 1725; baseline -0.004 -11"><span class='ocrx_word' id='word_1_219' title='bbox 2042 1668 2158 1725; x_wconf 91' lang='lat' dir='ltr'><strong>ter;</strong></span> <span class='ocrx_word' id='word_1_220' title='bbox 2187 1659 2231 1714; x_wconf 90' lang='lat' dir='ltr'><strong>si</strong></span> <span class='ocrx_word' id='word_1_221' title='bbox 2262 1670 2500 1713; x_wconf 89' lang='lat' dir='ltr'><strong>nostram</strong></span> <span class='ocrx_word' id='word_1_222' title='bbox 2528 1658 2857 1714; x_wconf 87' lang='lat' dir='ltr'><strong>voluntatem</strong></span> <span class='ocrx_word' id='word_1_223' title='bbox 2889 1656 3087 1723; x_wconf 73' lang='lat' dir='ltr'><strong>dit-inte</strong></span> <span class='ocrx_word' id='word_1_224' title='bbox 3116 1656 3376 1712; x_wconf 78' lang='lat' dir='ltr'><strong>voluntati</strong></span> <span class='ocrx_word' id='word_1_225' title='bbox 3404 1654 3633 1709; x_wconf 83' lang='lat' dir='ltr'><strong>submit—-</strong></span> 
     </span>
    </p>
   </div>
   <div class='ocr_carea' id='block_1_32' title="bbox 2044 1746 3633 1819">
    <p class='ocr_par' dir='ltr' id='par_1_32' title="bbox 2044 1746 3633 1819">
     <span class='ocr_line' id='line_1_32' title="bbox 2044 1746 3633 1819; baseline -0.001 -16"><span class='ocrx_word' id='word_1_226' title='bbox 2044 1758 2236 1816; x_wconf 91' lang='lat' dir='ltr'><strong>tamus,</strong></span> <span class='ocrx_word' id='word_1_227' title='bbox 2278 1748 2628 1819; x_wconf 82' lang='lat' dir='ltr'><strong>dicamusque</strong></span> <span class='ocrx_word' id='word_1_228' title='bbox 2675 1750 2765 1804; x_wconf 91' lang='lat' dir='ltr'><strong>illa</strong></span> <span class='ocrx_word' id='word_1_229' title='bbox 2803 1764 2870 1804; x_wconf 82' lang='lat' dir='ltr'><strong>ex</strong></span> <span class='ocrx_word' id='word_1_230' title='bbox 2918 1750 3121 1814; x_wconf 88' lang='lat' dir='ltr'><strong>animo,</strong></span> <span class='ocrx_word' id='word_1_231' title='bbox 3168 1763 3233 1803; x_wconf 84' lang='lat' dir='ltr'><strong>ex</strong></span> <span class='ocrx_word' id='word_1_232' title='bbox 3277 1756 3389 1802; x_wconf 91' lang='lat' dir='ltr'><strong>toto</strong></span> <span class='ocrx_word' id='word_1_233' title='bbox 3431 1746 3633 1803; x_wconf 87' lang='lat' dir='ltr'><strong>corde:</strong></span> 
     </span>
    </p>
   </div>
   <div class='ocr_carea' id='block_1_33' title="bbox 343 1826 3639 1913">
    <p class='ocr_par' dir='ltr' id='par_1_33' title="bbox 343 1826 3639 1913">
     <span class='ocr_line' id='line_1_33' title="bbox 343 1826 3639 1913; baseline -0.002 -12"><span class='ocrx_word' id='word_1_234' title='bbox 343 1845 808 1911; x_wconf 89' lang='lat' dir='ltr'><strong>adimuntanitno,</strong></span> <span class='ocrx_word' id='word_1_235' title='bbox 830 1844 901 1900; x_wconf 89' lang='lat' dir='ltr'><strong>ita</strong></span> <span class='ocrx_word' id='word_1_236' title='bbox 928 1854 985 1899; x_wconf 92' lang='lat' dir='ltr'><strong>ut</strong></span> <span class='ocrx_word' id='word_1_237' title='bbox 1005 1843 1089 1899; x_wconf 90' lang='lat' dir='ltr'><strong>vel</strong></span> <span class='ocrx_word' id='word_1_238' title='bbox 1118 1851 1343 1898; x_wconf 90' lang='lat' dir='ltr'><strong>mortem</strong></span> <span class='ocrx_word' id='word_1_239' title='bbox 1366 1839 1617 1913; x_wconf 84' lang='lat' dir='ltr'><strong>impavidi</strong></span> <span class='ocrx_word' id='word_1_240' title='bbox 1642 1826 1932 1910; x_wconf 81' lang='lat' dir='ltr'><strong>perferant.</strong></span> <span class='ocrx_word' id='word_1_241' title='bbox 1966 1842 2013 1902; x_wconf 85' lang='grc' dir='ltr'>Β</span> <span class='ocrx_word' id='word_1_242' title='bbox 2041 1842 2290 1898; x_wconf 78' lang='lat' dir='ltr'><strong>Transeat</strong></span> <span class='ocrx_word' id='word_1_243' title='bbox 2331 1843 2415 1897; x_wconf 80' lang='lat' dir='ltr'><strong>hic</strong></span> <span class='ocrx_word' id='word_1_244' title='bbox 2452 1843 2610 1908; x_wconf 75' lang='lat' dir='ltr'><strong>calix,</strong></span> <span class='ocrx_word' id='word_1_245' title='bbox 2632 1843 2676 1897; x_wconf 82' lang='lat' dir='ltr'><strong>si</strong></span> <span class='ocrx_word' id='word_1_246' title='bbox 2702 1842 2815 1911; x_wconf 81' lang='lat' dir='ltr'><strong>ﬁeri</strong></span> <span class='ocrx_word' id='word_1_247' title='bbox 2863 1850 3052 1912; x_wconf 84' lang='lat' dir='ltr'><strong>potest;</strong></span> <span class='ocrx_word' id='word_1_248' title='bbox 3095 1840 3184 1895; x_wconf 84' lang='lat' dir='ltr'><strong>sed</strong></span> <span class='ocrx_word' id='word_1_249' title='bbox 3222 1841 3334 1909; x_wconf 77' lang='lat' dir='ltr'><strong>fiat,</strong></span> <span class='ocrx_word' id='word_1_250' title='bbox 3358 1856 3459 1895; x_wconf 87' lang='lat' dir='ltr'><strong>non</strong></span> <span class='ocrx_word' id='word_1_251' title='bbox 3508 1840 3639 1895; x_wconf 83' lang='lat' dir='ltr'><strong>sicut</strong></span> 
     </span>
    </p>
   </div>
   <div class='ocr_carea' id='block_1_34' title="bbox 346 1928 1938 2010">
    <p class='ocr_par' dir='ltr' id='par_1_34' title="bbox 346 1928 1938 2010">
     <span class='ocr_line' id='line_1_34' title="bbox 346 1928 1938 2010; baseline -0.009 -12"><span class='ocrx_word' id='word_1_252' title='bbox 346 1940 453 1998; x_wconf 88' lang='lat' dir='ltr'><strong>Sed</strong></span> <span class='ocrx_word' id='word_1_253' title='bbox 497 1938 762 2010; x_wconf 87' lang='lat' dir='ltr'><strong>placidum</strong></span> <span class='ocrx_word' id='word_1_254' title='bbox 795 1937 924 1994; x_wconf 91' lang='lat' dir='ltr'><strong>illud</strong></span> <span class='ocrx_word' id='word_1_255' title='bbox 962 1952 1027 1993; x_wconf 91' lang='lat' dir='ltr'><strong>ac</strong></span> <span class='ocrx_word' id='word_1_256' title='bbox 1071 1943 1430 2004; x_wconf 86' lang='lat' dir='ltr'><strong>mansuetum,</strong></span> <span class='ocrx_word' id='word_1_257' title='bbox 1482 1928 1614 1988; x_wconf 85' lang='lat' dir='ltr'><strong>illud</strong></span> <span class='ocrx_word' id='word_1_258' title='bbox 1661 1930 1938 1986; x_wconf 89' lang='lat' dir='ltr'><strong>humiliter</strong></span> 
     </span>
    </p>
   </div>
   <div class='ocr_carea' id='block_1_35' title="bbox 343 2023 1937 2091">
    <p class='ocr_par' dir='ltr' id='par_1_35' title="bbox 343 2023 1937 2091">
     <span class='ocr_line' id='line_1_35' title="bbox 343 2023 1937 2091; baseline -0.008 0"><span class='ocrx_word' id='word_1_259' title='bbox 343 2035 575 2091; x_wconf 88' lang='lat' dir='ltr'><strong>sublime</strong></span> <span class='ocrx_word' id='word_1_260' title='bbox 612 2042 668 2091; x_wconf 89' lang='lat' dir='ltr'><strong>et</strong></span> <span class='ocrx_word' id='word_1_261' title='bbox 710 2032 1015 2088; x_wconf 89' lang='lat' dir='ltr'><strong>sublimiter</strong></span> <span class='ocrx_word' id='word_1_262' title='bbox 1057 2030 1257 2086; x_wconf 87' lang='lat' dir='ltr'><strong>humile</strong></span> <span class='ocrx_word' id='word_1_263' title='bbox 1296 2045 1401 2084; x_wconf 92' lang='lat' dir='ltr'><strong>non</strong></span> <span class='ocrx_word' id='word_1_264' title='bbox 1453 2028 1697 2083; x_wconf 87' lang='lat' dir='ltr'><strong>videmus</strong></span> <span class='ocrx_word' id='word_1_265' title='bbox 1742 2024 1844 2080; x_wconf 91' lang='lat' dir='ltr'><strong>nisi</strong></span> <span class='ocrx_word' id='word_1_266' title='bbox 1883 2023 1937 2079; x_wconf 93' lang='lat' dir='ltr'><strong>in</strong></span> 
     </span>
    </p>
   </div>
   <div class='ocr_carea' id='block_1_36' title="bbox 342 2116 1969 2200">
    <p class='ocr_par' dir='ltr' id='par_1_36' title="bbox 342 2116 1969 2200">
     <span class='ocr_line' id='line_1_36' title="bbox 342 2116 1969 2200; baseline -0.007 -18"><span class='ocrx_word' id='word_1_267' title='bbox 342 2124 540 2184; x_wconf 83' lang='lat' dir='ltr'><strong>Christi</strong></span> <span class='ocrx_word' id='word_1_268' title='bbox 588 2124 931 2200; x_wconf 84' lang='lat' dir='ltr'><strong>martyribus.</strong></span> <span class='ocrx_word' id='word_1_269' title='bbox 985 2122 1101 2179; x_wconf 88' lang='lat' dir='ltr'><strong>Non</strong></span> <span class='ocrx_word' id='word_1_270' title='bbox 1146 2121 1439 2177; x_wconf 88' lang='lat' dir='ltr'><strong>obtuentur</strong></span> <span class='ocrx_word' id='word_1_271' title='bbox 1482 2118 1722 2174; x_wconf 87' lang='lat' dir='ltr'><strong>trucibus</strong></span> <span class='ocrx_word' id='word_1_272' title='bbox 1765 2116 1969 2173; x_wconf 78' lang='lat' dir='ltr'><strong>oculis</strong></span> 
     </span>
    </p>
   </div>
   <div class='ocr_carea' id='block_1_37' title="bbox 345 2209 1940 2288">
    <p class='ocr_par' dir='ltr' id='par_1_37' title="bbox 345 2209 1940 2288">
     <span class='ocr_line' id='line_1_37' title="bbox 345 2209 1940 2288; baseline -0.007 -13"><span class='ocrx_word' id='word_1_273' title='bbox 345 2219 672 2284; x_wconf 90' lang='lat' dir='ltr'><strong>carniﬁcem,</strong></span> <span class='ocrx_word' id='word_1_274' title='bbox 703 2232 806 2273; x_wconf 91' lang='lat' dir='ltr'><strong>non</strong></span> <span class='ocrx_word' id='word_1_275' title='bbox 835 2216 1154 2272; x_wconf 88' lang='lat' dir='ltr'><strong>minitantur</strong></span> <span class='ocrx_word' id='word_1_276' title='bbox 1176 2223 1404 2288; x_wconf 82' lang='lat' dir='ltr'><strong>tyranno</strong></span> <span class='ocrx_word' id='word_1_277' title='bbox 1428 2232 1442 2268; x_wconf 91' lang='lat'><strong>:</strong></span> <span class='ocrx_word' id='word_1_278' title='bbox 1471 2213 1642 2284; x_wconf 86' lang='lat' dir='ltr'><strong>magis</strong></span> <span class='ocrx_word' id='word_1_279' title='bbox 1668 2210 1853 2266; x_wconf 87' lang='lat' dir='ltr'><strong>dolent</strong></span> <span class='ocrx_word' id='word_1_280' title='bbox 1871 2209 1940 2265; x_wconf 92' lang='lat' dir='ltr'><strong>de</strong></span> 
     </span>
    </p>
   </div>
   <div class='ocr_carea' id='block_1_38' title="bbox 344 2303 1941 2383">
    <p class='ocr_par' dir='ltr' id='par_1_38' title="bbox 344 2303 1941 2383">
     <span class='ocr_line' id='line_1_38' title="bbox 344 2303 1941 2383; baseline -0.008 -14"><span class='ocrx_word' id='word_1_281' title='bbox 344 2314 557 2369; x_wconf 83' lang='lat' dir='ltr'><strong>illorum</strong></span> <span class='ocrx_word' id='word_1_282' title='bbox 585 2312 825 2368; x_wconf 61' lang='lat' dir='ltr'><strong>caecitate</strong></span> <span class='ocrx_word' id='word_1_283' title='bbox 870 2325 1029 2383; x_wconf 89' lang='lat' dir='ltr'><strong>quam</strong></span> <span class='ocrx_word' id='word_1_284' title='bbox 1059 2309 1130 2366; x_wconf 90' lang='lat' dir='ltr'><strong>de</strong></span> <span class='ocrx_word' id='word_1_285' title='bbox 1166 2304 1700 2371; x_wconf 85' lang='lat' dir='ltr'><strong>suisat‘ﬁictionibus.</strong></span> <span class='ocrx_word' id='word_1_286' title='bbox 1724 2303 1941 2360; x_wconf 91' lang='lat' dir='ltr'><strong>Scilicet</strong></span> 
     </span>
    </p>
   </div>
   <div class='ocr_carea' id='block_1_39' title="bbox 346 2397 1941 2471">
    <p class='ocr_par' dir='ltr' id='par_1_39' title="bbox 346 2397 1941 2471">
     <span class='ocr_line' id='line_1_39' title="bbox 346 2397 1941 2471; baseline -0.006 -10"><span class='ocrx_word' id='word_1_287' title='bbox 346 2406 542 2461; x_wconf 89' lang='lat' dir='ltr'><strong>clamat</strong></span> <span class='ocrx_word' id='word_1_288' title='bbox 576 2413 631 2460; x_wconf 92' lang='lat' dir='ltr'><strong>et</strong></span> <span class='ocrx_word' id='word_1_289' title='bbox 669 2404 718 2458; x_wconf 92' lang='lat' dir='ltr'><strong>in</strong></span> <span class='ocrx_word' id='word_1_290' title='bbox 750 2403 854 2459; x_wconf 89' lang='lat' dir='ltr'><strong>illis</strong></span> <span class='ocrx_word' id='word_1_291' title='bbox 893 2402 1176 2458; x_wconf 85' lang='lat' dir='ltr'><strong>Christus:</strong></span> <span class='ocrx_word' id='word_1_292' title='bbox 1209 2400 1394 2467; x_wconf 84' lang='lat' dir='ltr'><strong>Pater,</strong></span> <span class='ocrx_word' id='word_1_293' title='bbox 1423 2401 1632 2471; x_wconf 84' lang='lat' dir='ltr'><strong>ignosce</strong></span> <span class='ocrx_word' id='word_1_294' title='bbox 1658 2397 1782 2465; x_wconf 80' lang='lat' dir='ltr'><strong>illis,</strong></span> <span class='ocrx_word' id='word_1_295' title='bbox 1818 2397 1941 2468; x_wconf 87' lang='lat' dir='ltr'><strong>quia</strong></span> 
     </span>
    </p>
   </div>
   <div class='ocr_carea' id='block_1_40' title="bbox 347 2488 1942 2566">
    <p class='ocr_par' dir='ltr' id='par_1_40' title="bbox 347 2488 1942 2566">
     <span class='ocr_line' id='line_1_40' title="bbox 347 2488 1942 2566; baseline -0.005 -14"><span class='ocrx_word' id='word_1_296' title='bbox 347 2496 574 2552; x_wconf 73' lang='lat' dir='ltr'><strong>nesciunt</strong></span> <span class='ocrx_word' id='word_1_297' title='bbox 600 2493 724 2566; x_wconf 84' lang='lat' dir='ltr'><strong>quid</strong></span> <span class='ocrx_word' id='word_1_298' title='bbox 745 2495 940 2564; x_wconf 79' lang='lat' dir='ltr'><strong>facitmt</strong></span> <span class='ocrx_word' id='word_1_299' title='bbox 988 2492 1139 2565; x_wconf 90' lang='lat' dir='ltr'><strong>(Luc.</strong></span> <span class='ocrx_word' id='word_1_300' title='bbox 1175 2507 1331 2558; x_wconf 68' lang='grc' dir='ltr'><strong>χχιιι,</strong></span> <span class='ocrx_word' id='word_1_301' title='bbox 1359 2490 1475 2563; x_wconf 72' lang='grc'><strong>54).</strong></span> <span class='ocrx_word' id='word_1_302' title='bbox 1510 2488 1623 2545; x_wconf 83' lang='grc' dir='ltr'><strong>Νοη</strong></span> <span class='ocrx_word' id='word_1_303' title='bbox 1650 2488 1793 2545; x_wconf 86' lang='lat' dir='ltr'><strong>aliud</strong></span> <span class='ocrx_word' id='word_1_304' title='bbox 1819 2503 1942 2559; x_wconf 88' lang='lat' dir='ltr'><strong>spe-</strong></span> 
     </span>
    </p>
   </div>
   <div class='ocr_carea' id='block_1_41' title="bbox 349 2580 1944 2658">
    <p class='ocr_par' dir='ltr' id='par_1_41' title="bbox 349 2580 1944 2658">
     <span class='ocr_line' id='line_1_41' title="bbox 349 2580 1944 2658; baseline -0.005 -16"><span class='ocrx_word' id='word_1_305' title='bbox 349 2598 498 2643; x_wconf 88' lang='lat' dir='ltr'><strong>ctant</strong></span> <span class='ocrx_word' id='word_1_306' title='bbox 526 2601 684 2658; x_wconf 90' lang='lat' dir='ltr'><strong>quant</strong></span> <span class='ocrx_word' id='word_1_307' title='bbox 718 2586 769 2641; x_wconf 91' lang='lat' dir='ltr'><strong>in</strong></span> <span class='ocrx_word' id='word_1_308' title='bbox 793 2585 1011 2650; x_wconf 73' lang='lat' dir='ltr'><strong>cmlum,</strong></span> <span class='ocrx_word' id='word_1_309' title='bbox 1041 2584 1127 2640; x_wconf 91' lang='lat' dir='ltr'><strong>ttbi</strong></span> <span class='ocrx_word' id='word_1_310' title='bbox 1149 2599 1299 2654; x_wconf 90' lang='lat' dir='ltr'><strong>spem</strong></span> <span class='ocrx_word' id='word_1_311' title='bbox 1321 2597 1535 2638; x_wconf 90' lang='lat' dir='ltr'><strong>omnem</strong></span> <span class='ocrx_word' id='word_1_312' title='bbox 1560 2580 1760 2636; x_wconf 86' lang='lat' dir='ltr'><strong>habent</strong></span> <span class='ocrx_word' id='word_1_313' title='bbox 1785 2595 1944 2651; x_wconf 83' lang='lat' dir='ltr'><strong>repo-</strong></span> 
     </span>
    </p>
   </div>
   <div class='ocr_carea' id='block_1_42' title="bbox 348 2675 1938 2748">
    <p class='ocr_par' dir='ltr' id='par_1_42' title="bbox 348 2675 1938 2748">
     <span class='ocr_line' id='line_1_42' title="bbox 348 2675 1938 2748; baseline -0.003 -13"><span class='ocrx_word' id='word_1_314' title='bbox 348 2682 529 2736; x_wconf 87' lang='lat' dir='ltr'><strong>sitam.</strong></span> <span class='ocrx_word' id='word_1_315' title='bbox 571 2680 660 2735; x_wconf 84' lang='lat' dir='ltr'><strong>Sie</strong></span> <span class='ocrx_word' id='word_1_316' title='bbox 706 2679 819 2748; x_wconf 87' lang='lat' dir='ltr'><strong>ipse</strong></span> <span class='ocrx_word' id='word_1_317' title='bbox 866 2678 1123 2734; x_wconf 82' lang='lat' dir='ltr'><strong>Dominus</strong></span> <span class='ocrx_word' id='word_1_318' title='bbox 1165 2677 1311 2734; x_wconf 88' lang='lat' dir='ltr'><strong>velut</strong></span> <span class='ocrx_word' id='word_1_319' title='bbox 1338 2690 1508 2747; x_wconf 83' lang='lat' dir='ltr'><strong>agnus</strong></span> <span class='ocrx_word' id='word_1_320' title='bbox 1548 2675 1666 2731; x_wconf 90' lang='lat' dir='ltr'><strong>sine</strong></span> <span class='ocrx_word' id='word_1_321' title='bbox 1703 2689 1838 2730; x_wconf 86' lang='lat' dir='ltr'><strong>voce</strong></span> <span class='ocrx_word' id='word_1_322' title='bbox 1870 2675 1938 2731; x_wconf 89' lang='lat' dir='ltr'><strong>ad</strong></span> 
     </span>
    </p>
   </div>
   <div class='ocr_carea' id='block_1_43' title="bbox 349 2767 1940 2840">
    <p class='ocr_par' dir='ltr' id='par_1_43' title="bbox 349 2767 1940 2840">
     <span class='ocr_line' id='line_1_43' title="bbox 349 2767 1940 2840; baseline -0.004 -11"><span class='ocrx_word' id='word_1_323' title='bbox 349 2773 726 2829; x_wconf 87' lang='lat' dir='ltr'><strong>mactationem</strong></span> <span class='ocrx_word' id='word_1_324' title='bbox 755 2770 950 2827; x_wconf 90' lang='lat' dir='ltr'><strong>ductus</strong></span> <span class='ocrx_word' id='word_1_325' title='bbox 975 2779 1089 2826; x_wconf 86' lang='lat' dir='ltr'><strong>est:</strong></span> <span class='ocrx_word' id='word_1_326' title='bbox 1114 2779 1167 2825; x_wconf 89' lang='lat' dir='ltr'><strong>et</strong></span> <span class='ocrx_word' id='word_1_327' title='bbox 1191 2769 1235 2823; x_wconf 90' lang='lat' dir='ltr'><strong>si</strong></span> <span class='ocrx_word' id='word_1_328' title='bbox 1264 2784 1424 2840; x_wconf 83' lang='lat' dir='ltr'><strong>quant</strong></span> <span class='ocrx_word' id='word_1_329' title='bbox 1452 2767 1623 2825; x_wconf 89' lang='lat' dir='ltr'><strong>edidit</strong></span> <span class='ocrx_word' id='word_1_330' title='bbox 1646 2782 1857 2833; x_wconf 90' lang='lat' dir='ltr'><strong>vocem,</strong></span> <span class='ocrx_word' id='word_1_331' title='bbox 1879 2783 1940 2823; x_wconf 85' lang='lat' dir='ltr'><strong>ea</strong></span> 
     </span>
    </p>
   </div>
   <div class='ocr_carea' id='block_1_44' title="bbox 348 2860 1942 2938">
    <p class='ocr_par' dir='ltr' id='par_1_44' title="bbox 348 2860 1942 2938">
     <span class='ocr_line' id='line_1_44' title="bbox 348 2860 1942 2938; baseline -0.006 -16"><span class='ocrx_word' id='word_1_332' title='bbox 348 2867 520 2938; x_wconf 85' lang='lat' dir='ltr'><strong>magis</strong></span> <span class='ocrx_word' id='word_1_333' title='bbox 546 2864 836 2921; x_wconf 90' lang='lat' dir='ltr'><strong>declaravit</strong></span> <span class='ocrx_word' id='word_1_334' title='bbox 869 2864 1107 2919; x_wconf 90' lang='lat' dir='ltr'><strong>animum</strong></span> <span class='ocrx_word' id='word_1_335' title='bbox 1153 2863 1339 2918; x_wconf 90' lang='lat' dir='ltr'><strong>mitem</strong></span> <span class='ocrx_word' id='word_1_336' title='bbox 1368 2876 1432 2916; x_wconf 90' lang='lat' dir='ltr'><strong>ac</strong></span> <span class='ocrx_word' id='word_1_337' title='bbox 1464 2860 1752 2931; x_wconf 87' lang='lat' dir='ltr'><strong>placidum,</strong></span> <span class='ocrx_word' id='word_1_338' title='bbox 1783 2874 1942 2931; x_wconf 83' lang='lat' dir='ltr'><strong>quam</strong></span> 
     </span>
    </p>
   </div>
   <div class='ocr_carea' id='block_1_45' title="bbox 351 2954 1945 3030">
    <p class='ocr_par' dir='ltr' id='par_1_45' title="bbox 351 2954 1945 3030">
     <span class='ocr_line' id='line_1_45' title="bbox 351 2954 1945 3030; baseline -0.004 -16"><span class='ocrx_word' id='word_1_339' title='bbox 351 2960 519 3015; x_wconf 92' lang='lat' dir='ltr'><strong>ullum</strong></span> <span class='ocrx_word' id='word_1_340' title='bbox 572 2959 833 3030; x_wconf 88' lang='lat' dir='ltr'><strong>potuisset</strong></span> <span class='ocrx_word' id='word_1_341' title='bbox 880 2957 1172 3012; x_wconf 89' lang='lat' dir='ltr'><strong>silentium.</strong></span> <span class='ocrx_word' id='word_1_342' title='bbox 1231 2955 1401 3024; x_wconf 87' lang='lat' dir='ltr'><strong>Quam</strong></span> <span class='ocrx_word' id='word_1_343' title='bbox 1455 2954 1649 3011; x_wconf 89' lang='lat' dir='ltr'><strong>blanda</strong></span> <span class='ocrx_word' id='word_1_344' title='bbox 1701 2954 1945 3009; x_wconf 89' lang='lat' dir='ltr'><strong>oratione</strong></span> 
     </span>
    </p>
   </div>
   <div class='ocr_carea' id='block_1_46' title="bbox 350 3047 1945 3125">
    <p class='ocr_par' dir='ltr' id='par_1_46' title="bbox 350 3047 1945 3125">
     <span class='ocr_line' id='line_1_46' title="bbox 350 3047 1945 3125; baseline -0.005 -16"><span class='ocrx_word' id='word_1_345' title='bbox 350 3051 847 3125; x_wconf 86' lang='lat' dir='ltr'><strong>compellatJudam</strong></span> <span class='ocrx_word' id='word_1_346' title='bbox 879 3049 1241 3121; x_wconf 81' lang='lat' dir='ltr'><strong>proditorem!</strong></span> <span class='ocrx_word' id='word_1_347' title='bbox 1273 3064 1435 3120; x_wconf 89' lang='lat' dir='ltr'><strong>quam</strong></span> <span class='ocrx_word' id='word_1_348' title='bbox 1466 3047 1677 3119; x_wconf 83' lang='lat' dir='ltr'><strong>placide</strong></span> <span class='ocrx_word' id='word_1_349' title='bbox 1714 3060 1945 3117; x_wconf 86' lang='lat' dir='ltr'><strong>respon-</strong></span> 
     </span>
    </p>
   </div>
   <div class='ocr_carea' id='block_1_47' title="bbox 349 3141 1945 3215">
    <p class='ocr_par' dir='ltr' id='par_1_47' title="bbox 349 3141 1945 3215">
     <span class='ocr_line' id='line_1_47' title="bbox 349 3141 1945 3215; baseline -0.005 -12"><span class='ocrx_word' id='word_1_350' title='bbox 349 3146 430 3203; x_wconf 87' lang='lat' dir='ltr'><strong>dit</strong></span> <span class='ocrx_word' id='word_1_351' title='bbox 464 3160 635 3202; x_wconf 61' lang='lat' dir='ltr'><strong>caesus</strong></span> <span class='ocrx_word' id='word_1_352' title='bbox 669 3144 857 3215; x_wconf 80' lang='lat' dir='ltr'><strong>alapa!</strong></span> <span class='ocrx_word' id='word_1_353' title='bbox 885 3158 1043 3213; x_wconf 91' lang='lat' dir='ltr'><strong>quam</strong></span> <span class='ocrx_word' id='word_1_354' title='bbox 1076 3142 1207 3197; x_wconf 91' lang='lat' dir='ltr'><strong>nihil</strong></span> <span class='ocrx_word' id='word_1_355' title='bbox 1251 3141 1483 3197; x_wconf 83' lang='lat' dir='ltr'><strong>ferocius</strong></span> <span class='ocrx_word' id='word_1_356' title='bbox 1510 3141 1747 3211; x_wconf 87' lang='lat' dir='ltr'><strong>loquitur</strong></span> <span class='ocrx_word' id='word_1_357' title='bbox 1776 3143 1945 3195; x_wconf 77' lang='lat' dir='ltr'><strong>Anna:</strong></span> 
     </span>
    </p>
   </div>
   <div class='ocr_carea' id='block_1_48' title="bbox 2041 1930 3400 2006">
    <p class='ocr_par' dir='ltr' id='par_1_48' title="bbox 2041 1930 3400 2006">
     <span class='ocr_line' id='line_1_48' title="bbox 2041 1930 3400 2006; baseline -0.003 -17"><span class='ocrx_word' id='word_1_358' title='bbox 2041 1951 2132 2006; x_wconf 69' lang='lat' dir='ltr'><strong>ego</strong></span> <span class='ocrx_word' id='word_1_359' title='bbox 2160 1934 2295 1997; x_wconf 82' lang='lat' dir='ltr'><strong>volo,</strong></span> <span class='ocrx_word' id='word_1_360' title='bbox 2327 1933 2416 1988; x_wconf 73' lang='lat' dir='ltr'><strong>sed</strong></span> <span class='ocrx_word' id='word_1_361' title='bbox 2440 1934 2569 1988; x_wconf 84' lang='lat' dir='ltr'><strong>sicut</strong></span> <span class='ocrx_word' id='word_1_362' title='bbox 2586 1943 2639 1988; x_wconf 88' lang='lat' dir='ltr'><strong>tu</strong></span> <span class='ocrx_word' id='word_1_363' title='bbox 2662 1935 2736 1988; x_wconf 82' lang='lat' dir='ltr'><strong>vis</strong></span> <span class='ocrx_word' id='word_1_364' title='bbox 2764 1932 2977 2005; x_wconf 77' lang='lat' dir='ltr'><strong>(Matth.</strong></span> <span class='ocrx_word' id='word_1_365' title='bbox 3013 1948 3176 1999; x_wconf 79' lang='lat' dir='ltr'><strong>xxvtt,</strong></span> <span class='ocrx_word' id='word_1_366' title='bbox 3202 1933 3256 1999; x_wconf 89' lang='lat'><strong>7,</strong></span> <span class='ocrx_word' id='word_1_367' title='bbox 3288 1930 3400 2004; x_wconf 80' lang='grc'>56).</span> 
     </span>
    </p>
   </div>
   <div class='ocr_carea' id='block_1_49' title="bbox 2113 2024 3637 2099">
    <p class='ocr_par' dir='ltr' id='par_1_49' title="bbox 2113 2024 3637 2099">
     <span class='ocr_line' id='line_1_49' title="bbox 2113 2024 3637 2099; baseline -0.004 -15"><span class='ocrx_word' id='word_1_368' title='bbox 2113 2027 2235 2099; x_wconf 76' lang='lat' dir='ltr'><strong>XV.</strong></span> <span class='ocrx_word' id='word_1_369' title='bbox 2274 2026 2408 2082; x_wconf 87' lang='lat' dir='ltr'><strong>Novi</strong></span> <span class='ocrx_word' id='word_1_370' title='bbox 2435 2042 2535 2098; x_wconf 86' lang='lat' dir='ltr'><strong>ego</strong></span> <span class='ocrx_word' id='word_1_371' title='bbox 2561 2042 2625 2083; x_wconf 92' lang='lat' dir='ltr'><strong>ac</strong></span> <span class='ocrx_word' id='word_1_372' title='bbox 2651 2025 2773 2082; x_wconf 84' lang='lat' dir='ltr'><strong>ﬂevi</strong></span> <span class='ocrx_word' id='word_1_373' title='bbox 2799 2024 3059 2097; x_wconf 89' lang='lat' dir='ltr'><strong>quosdam</strong></span> <span class='ocrx_word' id='word_1_374' title='bbox 3099 2040 3290 2096; x_wconf 85' lang='lat' dir='ltr'><strong>magna</strong></span> <span class='ocrx_word' id='word_1_375' title='bbox 3325 2024 3492 2079; x_wconf 91' lang='lat' dir='ltr'><strong>animi</strong></span> <span class='ocrx_word' id='word_1_376' title='bbox 3523 2024 3637 2079; x_wconf 73' lang='grc' dir='ltr'><strong>[ιιι--</strong></span> 
     </span>
    </p>
   </div>
   <div class='ocr_carea' id='block_1_50' title="bbox 2042 2114 3642 2191">
    <p class='ocr_par' dir='ltr' id='par_1_50' title="bbox 2042 2114 3642 2191">
     <span class='ocr_line' id='line_1_50' title="bbox 2042 2114 3642 2191; baseline -0.004 -15"><span class='ocrx_word' id='word_1_377' title='bbox 2042 2120 2270 2176; x_wconf 88' lang='lat' dir='ltr'><strong>titudiue</strong></span> <span class='ocrx_word' id='word_1_378' title='bbox 2299 2118 2571 2190; x_wconf 66' lang='lat' dir='ltr'><strong>prteditos,</strong></span> <span class='ocrx_word' id='word_1_379' title='bbox 2601 2118 2713 2191; x_wconf 88' lang='lat' dir='ltr'><strong>qui,</strong></span> <span class='ocrx_word' id='word_1_380' title='bbox 2732 2118 2841 2189; x_wconf 90' lang='lat' dir='ltr'><strong>jam</strong></span> <span class='ocrx_word' id='word_1_381' title='bbox 2885 2132 3100 2173; x_wconf 78' lang='lat' dir='ltr'><strong>corona:</strong></span> <span class='ocrx_word' id='word_1_382' title='bbox 3129 2116 3382 2188; x_wconf 79' lang='lat' dir='ltr'><strong>proximi,</strong></span> <span class='ocrx_word' id='word_1_383' title='bbox 3425 2114 3642 2171; x_wconf 81' lang='lat' dir='ltr'><strong>defece-</strong></span> 
     </span>
    </p>
   </div>
   <div class='ocr_carea' id='block_1_51' title="bbox 2043 2209 3712 2283">
    <p class='ocr_par' dir='ltr' id='par_1_51' title="bbox 2043 2209 3712 2283">
     <span class='ocr_line' id='line_1_51' title="bbox 2043 2209 3712 2283; baseline -0.002 -14"><span class='ocrx_word' id='word_1_384' title='bbox 2043 2222 2190 2279; x_wconf 88' lang='lat' dir='ltr'><strong>runt,</strong></span> <span class='ocrx_word' id='word_1_385' title='bbox 2213 2222 2268 2267; x_wconf 89' lang='lat' dir='ltr'><strong>et</strong></span> <span class='ocrx_word' id='word_1_386' title='bbox 2305 2227 2463 2281; x_wconf 88' lang='lat' dir='ltr'><strong>quem</strong></span> <span class='ocrx_word' id='word_1_387' title='bbox 2485 2211 2575 2267; x_wconf 91' lang='lat' dir='ltr'><strong>diu</strong></span> <span class='ocrx_word' id='word_1_388' title='bbox 2598 2210 2825 2283; x_wconf 85' lang='lat' dir='ltr'><strong>professi</strong></span> <span class='ocrx_word' id='word_1_389' title='bbox 2856 2211 3085 2276; x_wconf 86' lang='lat' dir='ltr'><strong>fuerant,</strong></span> <span class='ocrx_word' id='word_1_390' title='bbox 3113 2209 3469 2281; x_wconf 86' lang='lat' dir='ltr'><strong>abnegaruut.</strong></span> <span class='ocrx_word' id='word_1_391' title='bbox 3492 2209 3631 2278; x_wconf 85' lang='lat' dir='ltr'><strong>Quid</strong></span> <span class='ocrx_word' id='word_1_392' title='bbox 3709 2277 3712 2280; x_wconf 29' lang='lat'><strong>,</strong></span> 
     </span>
    </p>
   </div>
   <div class='ocr_carea' id='block_1_52' title="bbox 2043 2302 3629 2374">
    <p class='ocr_par' dir='ltr' id='par_1_52' title="bbox 2043 2302 3629 2374">
     <span class='ocr_line' id='line_1_52' title="bbox 2043 2302 3629 2374; baseline -0.002 -15"><span class='ocrx_word' id='word_1_393' title='bbox 2043 2304 2146 2369; x_wconf 74' lang='lat' dir='ltr'><strong>fuit</strong></span> <span class='ocrx_word' id='word_1_394' title='bbox 2176 2305 2227 2359; x_wconf 94' lang='lat' dir='ltr'><strong>in</strong></span> <span class='ocrx_word' id='word_1_395' title='bbox 2262 2304 2464 2360; x_wconf 85' lang='lat' dir='ltr'><strong>causa?</strong></span> <span class='ocrx_word' id='word_1_396' title='bbox 2490 2304 2841 2360; x_wconf 84' lang='lat' dir='ltr'><strong>Dimoverant</strong></span> <span class='ocrx_word' id='word_1_397' title='bbox 2862 2302 3050 2359; x_wconf 91' lang='lat' dir='ltr'><strong>oculos</strong></span> <span class='ocrx_word' id='word_1_398' title='bbox 3075 2316 3205 2358; x_wconf 86' lang='lat' dir='ltr'><strong>suos</strong></span> <span class='ocrx_word' id='word_1_399' title='bbox 3233 2303 3302 2358; x_wconf 88' lang='lat' dir='ltr'><strong>ab</strong></span> <span class='ocrx_word' id='word_1_400' title='bbox 3325 2317 3391 2359; x_wconf 92' lang='lat' dir='ltr'><strong>eo</strong></span> <span class='ocrx_word' id='word_1_401' title='bbox 3419 2303 3507 2374; x_wconf 91' lang='lat' dir='ltr'><strong>qtti</strong></span> <span class='ocrx_word' id='word_1_402' title='bbox 3535 2317 3629 2357; x_wconf 84' lang='lat' dir='ltr'><strong>so-</strong></span> 
     </span>
    </p>
   </div>
   <div class='ocr_carea' id='block_1_53' title="bbox 2043 2396 3634 2464">
    <p class='ocr_par' dir='ltr' id='par_1_53' title="bbox 2043 2396 3634 2464">
     <span class='ocr_line' id='line_1_53' title="bbox 2043 2396 3634 2464; baseline -0.001 -11"><span class='ocrx_word' id='word_1_403' title='bbox 2043 2398 2125 2453; x_wconf 90' lang='lat' dir='ltr'><strong>lus</strong></span> <span class='ocrx_word' id='word_1_404' title='bbox 2152 2397 2315 2453; x_wconf 89' lang='lat' dir='ltr'><strong>robur</strong></span> <span class='ocrx_word' id='word_1_405' title='bbox 2349 2398 2443 2454; x_wconf 88' lang='lat' dir='ltr'><strong>dat</strong></span> <span class='ocrx_word' id='word_1_406' title='bbox 2466 2397 2693 2453; x_wconf 90' lang='lat' dir='ltr'><strong>inﬁrmis</strong></span> <span class='ocrx_word' id='word_1_407' title='bbox 2730 2440 2744 2463; x_wconf 95' lang='lat'><strong>,</strong></span> <span class='ocrx_word' id='word_1_408' title='bbox 2782 2397 3187 2453; x_wconf 88' lang='lat' dir='ltr'><strong>intermiserant</strong></span> <span class='ocrx_word' id='word_1_409' title='bbox 3218 2396 3543 2464; x_wconf 91' lang='lat' dir='ltr'><strong>orationem,</strong></span> <span class='ocrx_word' id='word_1_410' title='bbox 3572 2411 3634 2451; x_wconf 89' lang='lat' dir='ltr'><strong>ac</strong></span> 
     </span>
    </p>
   </div>
   <div class='ocr_carea' id='block_1_54' title="bbox 2045 2490 3642 2564">
    <p class='ocr_par' dir='ltr' id='par_1_54' title="bbox 2045 2490 3642 2564">
     <span class='ocr_line' id='line_1_54' title="bbox 2045 2490 3642 2564; baseline -0.001 -15"><span class='ocrx_word' id='word_1_411' title='bbox 2045 2501 2322 2564; x_wconf 73' lang='lat' dir='ltr'><strong>cmperant</strong></span> <span class='ocrx_word' id='word_1_412' title='bbox 2348 2492 2413 2547; x_wconf 89' lang='lat' dir='ltr'><strong>ad</strong></span> <span class='ocrx_word' id='word_1_413' title='bbox 2453 2492 2685 2548; x_wconf 87' lang='lat' dir='ltr'><strong>humana</strong></span> <span class='ocrx_word' id='word_1_414' title='bbox 2706 2491 2951 2563; x_wconf 60' lang='lat' dir='ltr'><strong>praesidia</strong></span> <span class='ocrx_word' id='word_1_415' title='bbox 2979 2490 3271 2562; x_wconf 85' lang='lat' dir='ltr'><strong>respicere.</strong></span> <span class='ocrx_word' id='word_1_416' title='bbox 3299 2492 3642 2564; x_wconf 80' lang='lat' dir='ltr'><strong>Contempla-</strong></span> 
     </span>
    </p>
   </div>
   <div class='ocr_carea' id='block_1_55' title="bbox 2047 2585 3637 2654">
    <p class='ocr_par' dir='ltr' id='par_1_55' title="bbox 2047 2585 3637 2654">
     <span class='ocr_line' id='line_1_55' title="bbox 2047 2585 3637 2654; baseline -0.002 -13"><span class='ocrx_word' id='word_1_417' title='bbox 2047 2586 2246 2641; x_wconf 90' lang='lat' dir='ltr'><strong>bantur</strong></span> <span class='ocrx_word' id='word_1_418' title='bbox 2274 2601 2386 2640; x_wconf 71' lang='lat' dir='ltr'><strong>sum</strong></span> <span class='ocrx_word' id='word_1_419' title='bbox 2429 2594 2636 2641; x_wconf 74' lang='lat' dir='ltr'><strong>natura:</strong></span> <span class='ocrx_word' id='word_1_420' title='bbox 2675 2585 2906 2652; x_wconf 83' lang='lat' dir='ltr'><strong>vincula,</strong></span> <span class='ocrx_word' id='word_1_421' title='bbox 2945 2585 3359 2643; x_wconf 85' lang='lat' dir='ltr'><strong>considerabant</strong></span> <span class='ocrx_word' id='word_1_422' title='bbox 3401 2586 3637 2654; x_wconf 76' lang='lat' dir='ltr'><strong>aculeos,</strong></span> 
     </span>
    </p>
   </div>
   <div class='ocr_carea' id='block_1_56' title="bbox 2050 2679 3643 2750">
    <p class='ocr_par' dir='ltr' id='par_1_56' title="bbox 2050 2679 3643 2750">
     <span class='ocr_line' id='line_1_56' title="bbox 2050 2679 3643 2750; baseline 0.002 -17"><span class='ocrx_word' id='word_1_423' title='bbox 2050 2679 2296 2750; x_wconf 87' lang='lat' dir='ltr'><strong>ungulas,</strong></span> <span class='ocrx_word' id='word_1_424' title='bbox 2332 2679 2641 2745; x_wconf 13' lang='lat' dir='ltr'><strong>{candentes</strong></span> <span class='ocrx_word' id='word_1_425' title='bbox 2677 2680 2923 2744; x_wconf 89' lang='lat' dir='ltr'><strong>laminas,</strong></span> <span class='ocrx_word' id='word_1_426' title='bbox 2962 2679 3162 2736; x_wconf 86' lang='lat' dir='ltr'><strong>ferrum</strong></span> <span class='ocrx_word' id='word_1_427' title='bbox 3207 2688 3263 2736; x_wconf 92' lang='lat' dir='ltr'><strong>et</strong></span> <span class='ocrx_word' id='word_1_428' title='bbox 3306 2681 3505 2750; x_wconf 84' lang='lat' dir='ltr'><strong>ignem,</strong></span> <span class='ocrx_word' id='word_1_429' title='bbox 3556 2696 3643 2737; x_wconf 89' lang='lat' dir='ltr'><strong>rc-</strong></span> 
     </span>
    </p>
   </div>
   <div class='ocr_carea' id='block_1_57' title="bbox 2053 2771 3643 2844">
    <p class='ocr_par' dir='ltr' id='par_1_57' title="bbox 2053 2771 3643 2844">
     <span class='ocr_line' id='line_1_57' title="bbox 2053 2771 3643 2844; baseline 0.003 -18"><span class='ocrx_word' id='word_1_430' title='bbox 2053 2771 2363 2842; x_wconf 86' lang='lat' dir='ltr'><strong>liquttmque</strong></span> <span class='ocrx_word' id='word_1_431' title='bbox 2408 2771 2731 2827; x_wconf 66' lang='lat' dir='ltr'><strong>carnificinas</strong></span> <span class='ocrx_word' id='word_1_432' title='bbox 2790 2782 3143 2843; x_wconf 85' lang='lat' dir='ltr'><strong>apparatum,</strong></span> <span class='ocrx_word' id='word_1_433' title='bbox 3198 2773 3360 2828; x_wconf 91' lang='lat' dir='ltr'><strong>etiam</strong></span> <span class='ocrx_word' id='word_1_434' title='bbox 3421 2783 3643 2844; x_wconf 81' lang='lat' dir='ltr'><strong>aspectu</strong></span> 
     </span>
    </p>
   </div>
   <div class='ocr_carea' id='block_1_58' title="bbox 2053 2863 3645 2929">
    <p class='ocr_par' dir='ltr' id='par_1_58' title="bbox 2053 2863 3645 2929">
     <span class='ocr_line' id='line_1_58' title="bbox 2053 2863 3645 2929; baseline 0 -9"><span class='ocrx_word' id='word_1_435' title='bbox 2053 2863 2404 2929; x_wconf 88' lang='lat' dir='ltr'><strong>horrendum,</strong></span> <span class='ocrx_word' id='word_1_436' title='bbox 2437 2873 2493 2920; x_wconf 90' lang='lat' dir='ltr'><strong>et</strong></span> <span class='ocrx_word' id='word_1_437' title='bbox 2527 2866 2860 2922; x_wconf 88' lang='lat' dir='ltr'><strong>cruciatuum</strong></span> <span class='ocrx_word' id='word_1_438' title='bbox 2892 2867 3229 2922; x_wconf 87' lang='lat' dir='ltr'><strong>atrocitatem</strong></span> <span class='ocrx_word' id='word_1_439' title='bbox 3260 2880 3381 2921; x_wconf 90' lang='lat' dir='ltr'><strong>cum</strong></span> <span class='ocrx_word' id='word_1_440' title='bbox 3421 2866 3536 2921; x_wconf 86' lang='lat' dir='ltr'><strong>suis</strong></span> <span class='ocrx_word' id='word_1_441' title='bbox 3566 2868 3645 2920; x_wconf 76' lang='lat' dir='ltr'><strong>vi-</strong></span> 
     </span>
    </p>
   </div>
   <div class='ocr_carea' id='block_1_59' title="bbox 2051 2956 3648 3023">
    <p class='ocr_par' dir='ltr' id='par_1_59' title="bbox 2051 2956 3648 3023">
     <span class='ocr_line' id='line_1_59' title="bbox 2051 2956 3648 3023; baseline 0 -9"><span class='ocrx_word' id='word_1_442' title='bbox 2051 2958 2203 3014; x_wconf 91' lang='lat' dir='ltr'><strong>ribus</strong></span> <span class='ocrx_word' id='word_1_443' title='bbox 2225 2956 2596 3023; x_wconf 81' lang='lat' dir='ltr'><strong>conferebant,</strong></span> <span class='ocrx_word' id='word_1_444' title='bbox 2625 2967 2681 3015; x_wconf 92' lang='lat' dir='ltr'><strong>et</strong></span> <span class='ocrx_word' id='word_1_445' title='bbox 2706 2959 2825 3016; x_wconf 91' lang='lat' dir='ltr'><strong>ideo</strong></span> <span class='ocrx_word' id='word_1_446' title='bbox 2850 2959 3128 3015; x_wconf 85' lang='lat' dir='ltr'><strong>victoriam</strong></span> <span class='ocrx_word' id='word_1_447' title='bbox 3147 2960 3447 3015; x_wconf 90' lang='lat' dir='ltr'><strong>amiserunt</strong></span> <span class='ocrx_word' id='word_1_448' title='bbox 3473 2975 3503 3015; x_wconf 94' lang='lat' dir='ltr'><strong>e</strong></span> <span class='ocrx_word' id='word_1_449' title='bbox 3532 2975 3648 3015; x_wconf 82' lang='lat' dir='ltr'><strong>ma-</strong></span> 
     </span>
    </p>
   </div>
   <div class='ocr_carea' id='block_1_60' title="bbox 2051 3049 3644 3123">
    <p class='ocr_par' dir='ltr' id='par_1_60' title="bbox 2051 3049 3644 3123">
     <span class='ocr_line' id='line_1_60' title="bbox 2051 3049 3644 3123; baseline 0.001 -18"><span class='ocrx_word' id='word_1_450' title='bbox 2051 3050 2229 3105; x_wconf 84' lang='lat' dir='ltr'><strong>nibus.</strong></span> <span class='ocrx_word' id='word_1_451' title='bbox 2253 3049 2351 3107; x_wconf 86' lang='lat' dir='ltr'><strong>Ubi</strong></span> <span class='ocrx_word' id='word_1_452' title='bbox 2380 3051 2589 3120; x_wconf 88' lang='lat' dir='ltr'><strong>quisita</strong></span> <span class='ocrx_word' id='word_1_453' title='bbox 2617 3051 2819 3123; x_wconf 79' lang='lat' dir='ltr'><strong>cogitat</strong></span> <span class='ocrx_word' id='word_1_454' title='bbox 2846 3069 2898 3105; x_wconf 79' lang='lat' dir='ltr'><strong>:t</strong></span> <span class='ocrx_word' id='word_1_455' title='bbox 2936 3051 3048 3107; x_wconf 85' lang='lat' dir='ltr'><strong>Hoc</strong></span> <span class='ocrx_word' id='word_1_456' title='bbox 3073 3066 3320 3122; x_wconf 84' lang='lat' dir='ltr'><strong>possunt,</strong></span> <span class='ocrx_word' id='word_1_457' title='bbox 3358 3051 3487 3107; x_wconf 93' lang='lat' dir='ltr'><strong>illud</strong></span> <span class='ocrx_word' id='word_1_458' title='bbox 3520 3066 3644 3123; x_wconf 89' lang='lat' dir='ltr'><strong>per-</strong></span> 
     </span>
    </p>
   </div>
   <div class='ocr_carea' id='block_1_61' title="bbox 2049 3143 3649 3216">
    <p class='ocr_par' dir='ltr' id='par_1_61' title="bbox 2049 3143 3649 3216">
     <span class='ocr_line' id='line_1_61' title="bbox 2049 3143 3649 3216; baseline -0.001 -17"><span class='ocrx_word' id='word_1_459' title='bbox 2049 3144 2157 3215; x_wconf 90' lang='lat' dir='ltr'><strong>peti</strong></span> <span class='ocrx_word' id='word_1_460' title='bbox 2187 3159 2291 3199; x_wconf 93' lang='lat' dir='ltr'><strong>non</strong></span> <span class='ocrx_word' id='word_1_461' title='bbox 2312 3158 2565 3214; x_wconf 87' lang='lat' dir='ltr'><strong>possum;</strong></span> <span class='ocrx_word' id='word_1_462' title='bbox 2594 3164 2611 3196; x_wconf 80' lang='lat' dir='ltr'><strong>s</strong></span> <span class='ocrx_word' id='word_1_463' title='bbox 2637 3160 2926 3215; x_wconf 89' lang='lat' dir='ltr'><strong>numquam</strong></span> <span class='ocrx_word' id='word_1_464' title='bbox 2954 3143 3179 3200; x_wconf 85' lang='lat' dir='ltr'><strong>feliciter</strong></span> <span class='ocrx_word' id='word_1_465' title='bbox 3211 3153 3425 3215; x_wconf 80' lang='lat' dir='ltr'><strong>peraget</strong></span> <span class='ocrx_word' id='word_1_466' title='bbox 3449 3154 3649 3216; x_wconf 82' lang='lat' dir='ltr'><strong>marty—</strong></span> 
     </span>
    </p>
   </div>
   <div class='ocr_carea' id='block_1_62' title="bbox 348 3230 3643 3307">
    <p class='ocr_par' dir='ltr' id='par_1_62' title="bbox 348 3230 3643 3307">
     <span class='ocr_line' id='line_1_62' title="bbox 348 3230 3643 3307; baseline -0.001 -12"><span class='ocrx_word' id='word_1_467' title='bbox 348 3248 403 3295; x_wconf 90' lang='lat' dir='ltr'><strong>et</strong></span> <span class='ocrx_word' id='word_1_468' title='bbox 426 3237 672 3307; x_wconf 76' lang='lat' dir='ltr'><strong>Caiphm!</strong></span> <span class='ocrx_word' id='word_1_469' title='bbox 708 3252 868 3307; x_wconf 87' lang='lat' dir='ltr'><strong>quam</strong></span> <span class='ocrx_word' id='word_1_470' title='bbox 911 3233 1197 3304; x_wconf 90' lang='lat' dir='ltr'><strong>tranquille</strong></span> <span class='ocrx_word' id='word_1_471' title='bbox 1230 3234 1511 3303; x_wconf 90' lang='lat' dir='ltr'><strong>respondit</strong></span> <span class='ocrx_word' id='word_1_472' title='bbox 1545 3231 1746 3287; x_wconf 81' lang='lat' dir='ltr'><strong>Pilato!</strong></span> <span class='ocrx_word' id='word_1_473' title='bbox 1782 3230 1946 3287; x_wconf 89' lang='lat' dir='ltr'><strong>Deni-</strong></span> <span class='ocrx_word' id='word_1_474' title='bbox 1972 3234 2017 3298; x_wconf 89' lang='lat' dir='ltr'><strong>C</strong></span> <span class='ocrx_word' id='word_1_475' title='bbox 2052 3236 2211 3291; x_wconf 92' lang='lat' dir='ltr'><strong>rium.</strong></span> <span class='ocrx_word' id='word_1_476' title='bbox 2235 3235 2341 3293; x_wconf 88' lang='lat' dir='ltr'><strong>Sed</strong></span> <span class='ocrx_word' id='word_1_477' title='bbox 2368 3237 2456 3307; x_wconf 89' lang='lat' dir='ltr'><strong>qui</strong></span> <span class='ocrx_word' id='word_1_478' title='bbox 2486 3251 2547 3293; x_wconf 88' lang='lat' dir='ltr'><strong>se</strong></span> <span class='ocrx_word' id='word_1_479' title='bbox 2591 3245 2759 3292; x_wconf 88' lang='lat' dir='ltr'><strong>totum</strong></span> <span class='ocrx_word' id='word_1_480' title='bbox 2804 3236 2964 3292; x_wconf 90' lang='lat' dir='ltr'><strong>tradit</strong></span> <span class='ocrx_word' id='word_1_481' title='bbox 2991 3236 3186 3293; x_wconf 72' lang='lat' dir='ltr'><strong>divinae</strong></span> <span class='ocrx_word' id='word_1_482' title='bbox 3225 3237 3505 3303; x_wconf 85' lang='lat' dir='ltr'><strong>voluntati,</strong></span> <span class='ocrx_word' id='word_1_483' title='bbox 3537 3254 3643 3293; x_wconf 88' lang='lat' dir='ltr'><strong>uott</strong></span> 
     </span>
    </p>
   </div>
   <div class='ocr_carea' id='block_1_63' title="bbox 350 3323 1950 3404">
    <p class='ocr_par' dir='ltr' id='par_1_63' title="bbox 350 3323 1950 3404">
     <span class='ocr_line' id='line_1_63' title="bbox 350 3323 1950 3404; baseline -0.004 -21"><span class='ocrx_word' id='word_1_484' title='bbox 350 3345 618 3404; x_wconf 89' lang='lat' dir='ltr'><strong>que,cttm</strong></span> <span class='ocrx_word' id='word_1_485' title='bbox 646 3328 925 3395; x_wconf 56' lang='lat' dir='ltr'><strong>Pharisaei,</strong></span> <span class='ocrx_word' id='word_1_486' title='bbox 966 3325 1137 3381; x_wconf 89' lang='lat' dir='ltr'><strong>.veluti</strong></span> <span class='ocrx_word' id='word_1_487' title='bbox 1177 3325 1432 3386; x_wconf 88' lang='lat' dir='ltr'><strong>victores.</strong></span> <span class='ocrx_word' id='word_1_488' title='bbox 1455 3333 1736 3379; x_wconf 86' lang='lat' dir='ltr'><strong>moverent</strong></span> <span class='ocrx_word' id='word_1_489' title='bbox 1777 3323 1950 3392; x_wconf 82' lang='lat' dir='ltr'><strong>capita</strong></span> 
     </span>
    </p>
   </div>
   <div class='ocr_carea' id='block_1_64' title="bbox 353 3418 1953 3490">
    <p class='ocr_par' dir='ltr' id='par_1_64' title="bbox 353 3418 1953 3490">
     <span class='ocr_line' id='line_1_64' title="bbox 353 3418 1953 3490; baseline -0.004 -11"><span class='ocrx_word' id='word_1_490' title='bbox 353 3441 469 3490; x_wconf 78' lang='lat' dir='ltr'><strong>sna,</strong></span> <span class='ocrx_word' id='word_1_491' title='bbox 499 3423 848 3480; x_wconf 88' lang='lat' dir='ltr'><strong>amarissimis</strong></span> <span class='ocrx_word' id='word_1_492' title='bbox 873 3421 1130 3477; x_wconf 88' lang='lat' dir='ltr'><strong>conviciis</strong></span> <span class='ocrx_word' id='word_1_493' title='bbox 1153 3420 1205 3475; x_wconf 92' lang='lat' dir='ltr'><strong>in</strong></span> <span class='ocrx_word' id='word_1_494' title='bbox 1227 3418 1376 3473; x_wconf 89' lang='lat' dir='ltr'><strong>illum</strong></span> <span class='ocrx_word' id='word_1_495' title='bbox 1404 3418 1798 3474; x_wconf 85' lang='lat' dir='ltr'><strong>debacchantes</strong></span> <span class='ocrx_word' id='word_1_496' title='bbox 1817 3460 1833 3485; x_wconf 92' lang='lat'><strong>,</strong></span> <span class='ocrx_word' id='word_1_497' title='bbox 1863 3418 1953 3473; x_wconf 90' lang='lat' dir='ltr'><strong>ille</strong></span> 
     </span>
    </p>
   </div>
   <div class='ocr_carea' id='block_1_65' title="bbox 358 3509 1953 3583">
    <p class='ocr_par' dir='ltr' id='par_1_65' title="bbox 358 3509 1953 3583">
     <span class='ocr_line' id='line_1_65' title="bbox 358 3509 1953 3583; baseline -0.004 -12"><span class='ocrx_word' id='word_1_498' title='bbox 358 3516 674 3571; x_wconf 78' lang='lat' dir='ltr'><strong>mitissimus</strong></span> <span class='ocrx_word' id='word_1_499' title='bbox 717 3516 953 3570; x_wconf 90' lang='lat' dir='ltr'><strong>clamat:</strong></span> <span class='ocrx_word' id='word_1_500' title='bbox 982 3512 1137 3567; x_wconf 83' lang='lat' dir='ltr'><strong>Pater</strong></span> <span class='ocrx_word' id='word_1_501' title='bbox 1175 3512 1379 3583; x_wconf 78' lang='lat' dir='ltr'><strong>ignosce</strong></span> <span class='ocrx_word' id='word_1_502' title='bbox 1407 3510 1533 3581; x_wconf 78' lang='lat' dir='ltr'><strong>illis,</strong></span> <span class='ocrx_word' id='word_1_503' title='bbox 1561 3511 1683 3581; x_wconf 85' lang='lat' dir='ltr'><strong>quia</strong></span> <span class='ocrx_word' id='word_1_504' title='bbox 1723 3509 1953 3583; x_wconf 68' lang='lat' dir='ltr'><strong>nesciunt</strong></span> 
     </span>
    </p>
   </div>
   <div class='ocr_carea' id='block_1_66' title="bbox 356 3610 717 3681">
    <p class='ocr_par' dir='ltr' id='par_1_66' title="bbox 356 3610 717 3681">
     <span class='ocr_line' id='line_1_66' title="bbox 356 3610 717 3681; baseline 0.006 -20"><span class='ocrx_word' id='word_1_505' title='bbox 356 3610 479 3675; x_wconf 80' lang='lat' dir='ltr'><strong>quid</strong></span> <span class='ocrx_word' id='word_1_506' title='bbox 504 3610 717 3681; x_wconf 82' lang='lat' dir='ltr'><strong>faciunt.</strong></span> 
     </span>
    </p>
   </div>
   <div class='ocr_carea' id='block_1_67' title="bbox 430 3698 1952 3773">
    <p class='ocr_par' dir='ltr' id='par_1_67' title="bbox 430 3698 1952 3773">
     <span class='ocr_line' id='line_1_67' title="bbox 430 3698 1952 3773; baseline -0.002 -16"><span class='ocrx_word' id='word_1_507' title='bbox 430 3701 567 3757; x_wconf 70' lang='lat' dir='ltr'><strong>XIV.</strong></span> <span class='ocrx_word' id='word_1_508' title='bbox 610 3701 726 3757; x_wconf 86' lang='lat' dir='ltr'><strong>Non</strong></span> <span class='ocrx_word' id='word_1_509' title='bbox 755 3700 912 3773; x_wconf 82' lang='lat' dir='ltr'><strong>igitur</strong></span> <span class='ocrx_word' id='word_1_510' title='bbox 938 3700 1073 3755; x_wconf 92' lang='lat' dir='ltr'><strong>mori</strong></span> <span class='ocrx_word' id='word_1_511' title='bbox 1110 3715 1204 3771; x_wconf 90' lang='lat' dir='ltr'><strong>per</strong></span> <span class='ocrx_word' id='word_1_512' title='bbox 1242 3714 1301 3756; x_wconf 90' lang='lat' dir='ltr'><strong>se</strong></span> <span class='ocrx_word' id='word_1_513' title='bbox 1329 3699 1691 3755; x_wconf 81' lang='lat' dir='ltr'><strong>testimonium</strong></span> <span class='ocrx_word' id='word_1_514' title='bbox 1721 3708 1834 3765; x_wconf 89' lang='lat' dir='ltr'><strong>est;</strong></span> <span class='ocrx_word' id='word_1_515' title='bbox 1857 3698 1952 3754; x_wconf 92' lang='lat' dir='ltr'><strong>sed</strong></span> 
     </span>
    </p>
   </div>
   <div class='ocr_carea' id='block_1_68' title="bbox 357 3791 1954 3863">
    <p class='ocr_par' dir='ltr' id='par_1_68' title="bbox 357 3791 1954 3863">
     <span class='ocr_line' id='line_1_68' title="bbox 357 3791 1954 3863; baseline -0.003 -13"><span class='ocrx_word' id='word_1_516' title='bbox 357 3795 435 3851; x_wconf 91' lang='lat' dir='ltr'><strong>sic</strong></span> <span class='ocrx_word' id='word_1_517' title='bbox 477 3794 614 3849; x_wconf 91' lang='lat' dir='ltr'><strong>mori</strong></span> <span class='ocrx_word' id='word_1_518' title='bbox 670 3802 755 3850; x_wconf 89' lang='lat' dir='ltr'><strong>est</strong></span> <span class='ocrx_word' id='word_1_519' title='bbox 799 3792 1163 3849; x_wconf 89' lang='lat' dir='ltr'><strong>testimonium</strong></span> <span class='ocrx_word' id='word_1_520' title='bbox 1203 3793 1445 3863; x_wconf 83' lang='lat' dir='ltr'><strong>praebere</strong></span> <span class='ocrx_word' id='word_1_521' title='bbox 1482 3794 1608 3849; x_wconf 87' lang='lat' dir='ltr'><strong>Deo.</strong></span> <span class='ocrx_word' id='word_1_522' title='bbox 1648 3791 1954 3861; x_wconf 81' lang='lat' dir='ltr'><strong>Stephanus</strong></span> 
     </span>
    </p>
   </div>
   <div class='ocr_carea' id='block_1_69' title="bbox 355 3886 1956 3960">
    <p class='ocr_par' dir='ltr' id='par_1_69' title="bbox 355 3886 1956 3960">
     <span class='ocr_line' id='line_1_69' title="bbox 355 3886 1956 3960; baseline -0.003 -16"><span class='ocrx_word' id='word_1_523' title='bbox 355 3888 571 3960; x_wconf 83' lang='lat' dir='ltr'><strong>juvenis</strong></span> <span class='ocrx_word' id='word_1_524' title='bbox 611 3888 753 3943; x_wconf 86' lang='lat' dir='ltr'><strong>inter</strong></span> <span class='ocrx_word' id='word_1_525' title='bbox 791 3886 1111 3954; x_wconf 89' lang='lat' dir='ltr'><strong>homicidas,</strong></span> <span class='ocrx_word' id='word_1_526' title='bbox 1167 3902 1338 3958; x_wconf 86' lang='lat' dir='ltr'><strong>agnus</strong></span> <span class='ocrx_word' id='word_1_527' title='bbox 1375 3887 1518 3942; x_wconf 86' lang='lat' dir='ltr'><strong>inter</strong></span> <span class='ocrx_word' id='word_1_528' title='bbox 1555 3886 1730 3956; x_wconf 88' lang='lat' dir='ltr'><strong>lupos,</strong></span> <span class='ocrx_word' id='word_1_529' title='bbox 1779 3886 1956 3940; x_wconf 80' lang='lat' dir='ltr'><strong>Stabat</strong></span> 
     </span>
    </p>
   </div>
   <div class='ocr_carea' id='block_1_70' title="bbox 361 3980 1953 4054">
    <p class='ocr_par' dir='ltr' id='par_1_70' title="bbox 361 3980 1953 4054">
     <span class='ocr_line' id='line_1_70' title="bbox 361 3980 1953 4054; baseline 0.001 -20"><span class='ocrx_word' id='word_1_530' title='bbox 361 3981 570 4054; x_wconf 84' lang='lat' dir='ltr'><strong>placido</strong></span> <span class='ocrx_word' id='word_1_531' title='bbox 608 3981 959 4053; x_wconf 86' lang='lat' dir='ltr'><strong>angelicoque</strong></span> <span class='ocrx_word' id='word_1_532' title='bbox 1003 3980 1153 4035; x_wconf 90' lang='lat' dir='ltr'><strong>vultu</strong></span> <span class='ocrx_word' id='word_1_533' title='bbox 1205 3991 1259 4036; x_wconf 86' lang='lat' dir='ltr'><strong>et</strong></span> <span class='ocrx_word' id='word_1_534' title='bbox 1288 3983 1353 4036; x_wconf 91' lang='lat' dir='ltr'><strong>ad</strong></span> <span class='ocrx_word' id='word_1_535' title='bbox 1400 3983 1614 4038; x_wconf 90' lang='lat' dir='ltr'><strong>Domini</strong></span> <span class='ocrx_word' id='word_1_536' title='bbox 1644 3982 1953 4052; x_wconf 81' lang='lat' dir='ltr'><strong>exemplum</strong></span> 
     </span>
    </p>
   </div>
   <div class='ocr_carea' id='block_1_71' title="bbox 360 4073 1955 4145">
    <p class='ocr_par' dir='ltr' id='par_1_71' title="bbox 360 4073 1955 4145">
     <span class='ocr_line' id='line_1_71' title="bbox 360 4073 1955 4145; baseline -0.001 -15"><span class='ocrx_word' id='word_1_537' title='bbox 360 4073 547 4130; x_wconf 88' lang='lat' dir='ltr'><strong>orabat</strong></span> <span class='ocrx_word' id='word_1_538' title='bbox 570 4090 667 4145; x_wconf 89' lang='lat' dir='ltr'><strong>pro</strong></span> <span class='ocrx_word' id='word_1_539' title='bbox 694 4073 1075 4145; x_wconf 71' lang='lat' dir='ltr'><strong>lapidantibus,</strong></span> <span class='ocrx_word' id='word_1_540' title='bbox 1110 4088 1208 4128; x_wconf 88' lang='lat' dir='ltr'><strong>nec</strong></span> <span class='ocrx_word' id='word_1_541' title='bbox 1237 4074 1358 4128; x_wconf 85' lang='lat' dir='ltr'><strong>alibi</strong></span> <span class='ocrx_word' id='word_1_542' title='bbox 1392 4074 1553 4130; x_wconf 88' lang='lat' dir='ltr'><strong>habet</strong></span> <span class='ocrx_word' id='word_1_543' title='bbox 1579 4075 1767 4129; x_wconf 90' lang='lat' dir='ltr'><strong>oculos</strong></span> <span class='ocrx_word' id='word_1_544' title='bbox 1793 4089 1955 4144; x_wconf 88' lang='lat' dir='ltr'><strong>quam</strong></span> 
     </span>
    </p>
   </div>
   <div class='ocr_carea' id='block_1_72' title="bbox 362 4166 1957 4238">
    <p class='ocr_par' dir='ltr' id='par_1_72' title="bbox 362 4166 1957 4238">
     <span class='ocr_line' id='line_1_72' title="bbox 362 4166 1957 4238; baseline 0 -15"><span class='ocrx_word' id='word_1_545' title='bbox 362 4170 412 4223; x_wconf 91' lang='lat' dir='ltr'><strong>in</strong></span> <span class='ocrx_word' id='word_1_546' title='bbox 454 4169 670 4224; x_wconf 90' lang='lat' dir='ltr'><strong>coelum.</strong></span> <span class='ocrx_word' id='word_1_547' title='bbox 704 4169 816 4223; x_wconf 90' lang='lat' dir='ltr'><strong>lllie</strong></span> <span class='ocrx_word' id='word_1_548' title='bbox 862 4168 1047 4224; x_wconf 82' lang='lat' dir='ltr'><strong>videre</strong></span> <span class='ocrx_word' id='word_1_549' title='bbox 1085 4167 1284 4223; x_wconf 80' lang='lat' dir='ltr'><strong>ineruit</strong></span> <span class='ocrx_word' id='word_1_550' title='bbox 1322 4168 1476 4238; x_wconf 86' lang='lat' dir='ltr'><strong>cujus</strong></span> <span class='ocrx_word' id='word_1_551' title='bbox 1514 4166 1764 4237; x_wconf 64' lang='lat' dir='ltr'><strong>praesidio</strong></span> <span class='ocrx_word' id='word_1_552' title='bbox 1798 4182 1957 4238; x_wconf 88' lang='lat' dir='ltr'><strong>supe-</strong></span> 
     </span>
    </p>
   </div>
   <div class='ocr_carea' id='block_1_73' title="bbox 360 4259 1956 4331">
    <p class='ocr_par' dir='ltr' id='par_1_73' title="bbox 360 4259 1956 4331">
     <span class='ocr_line' id='line_1_73' title="bbox 360 4259 1956 4331; baseline 0.002 -17"><span class='ocrx_word' id='word_1_553' title='bbox 360 4260 472 4314; x_wconf 84' lang='lat' dir='ltr'><strong>rior</strong></span> <span class='ocrx_word' id='word_1_554' title='bbox 501 4269 617 4314; x_wconf 86' lang='lat' dir='ltr'><strong>erat</strong></span> <span class='ocrx_word' id='word_1_555' title='bbox 649 4262 1112 4331; x_wconf 85' lang='lat' dir='ltr'><strong>persequentibus.</strong></span> <span class='ocrx_word' id='word_1_556' title='bbox 1146 4259 1246 4328; x_wconf 84' lang='lat' dir='ltr'><strong>Qui</strong></span> <span class='ocrx_word' id='word_1_557' title='bbox 1282 4275 1411 4316; x_wconf 88' lang='lat' dir='ltr'><strong>vero</strong></span> <span class='ocrx_word' id='word_1_558' title='bbox 1439 4260 1594 4315; x_wconf 87' lang='lat' dir='ltr'><strong>timet</strong></span> <span class='ocrx_word' id='word_1_559' title='bbox 1633 4261 1821 4327; x_wconf 89' lang='lat' dir='ltr'><strong>Deum,</strong></span> <span class='ocrx_word' id='word_1_560' title='bbox 1849 4277 1956 4317; x_wconf 87' lang='lat' dir='ltr'><strong>non</strong></span> 
     </span>
    </p>
   </div>
   <div class='ocr_carea' id='block_1_74' title="bbox 362 4351 1953 4425">
    <p class='ocr_par' dir='ltr' id='par_1_74' title="bbox 362 4351 1953 4425">
     <span class='ocr_line' id='line_1_74' title="bbox 362 4351 1953 4425; baseline 0.003 -18"><span class='ocrx_word' id='word_1_561' title='bbox 362 4352 555 4407; x_wconf 88' lang='lat' dir='ltr'><strong>metuit</strong></span> <span class='ocrx_word' id='word_1_562' title='bbox 586 4351 857 4407; x_wconf 89' lang='lat' dir='ltr'><strong>hominum</strong></span> <span class='ocrx_word' id='word_1_563' title='bbox 891 4355 1144 4408; x_wconf 75' lang='lat' dir='ltr'><strong>stevitias.</strong></span> <span class='ocrx_word' id='word_1_564' title='bbox 1174 4352 1275 4422; x_wconf 88' lang='lat' dir='ltr'><strong>Qui</strong></span> <span class='ocrx_word' id='word_1_565' title='bbox 1304 4369 1367 4409; x_wconf 81' lang='lat' dir='ltr'><strong>ex</strong></span> <span class='ocrx_word' id='word_1_566' title='bbox 1396 4354 1576 4408; x_wconf 91' lang='lat' dir='ltr'><strong>animo</strong></span> <span class='ocrx_word' id='word_1_567' title='bbox 1601 4354 1773 4425; x_wconf 86' lang='lat' dir='ltr'><strong>diligit</strong></span> <span class='ocrx_word' id='word_1_568' title='bbox 1793 4355 1953 4411; x_wconf 88' lang='lat' dir='ltr'><strong>vitam</strong></span> 
     </span>
    </p>
   </div>
   <div class='ocr_carea' id='block_1_75' title="bbox 361 4444 1954 4518">
    <p class='ocr_par' dir='ltr' id='par_1_75' title="bbox 361 4444 1954 4518">
     <span class='ocr_line' id='line_1_75' title="bbox 361 4444 1954 4518; baseline 0.003 -19"><span class='ocrx_word' id='word_1_569' title='bbox 361 4444 663 4509; x_wconf 72' lang='lat' dir='ltr'><strong>caelestem,</strong></span> <span class='ocrx_word' id='word_1_570' title='bbox 686 4445 840 4501; x_wconf 86' lang='lat' dir='ltr'><strong>facile</strong></span> <span class='ocrx_word' id='word_1_571' title='bbox 867 4446 1025 4501; x_wconf 87' lang='lat' dir='ltr'><strong>vilem</strong></span> <span class='ocrx_word' id='word_1_572' title='bbox 1052 4445 1464 4502; x_wconf 75' lang='lat' dir='ltr'><strong>hahetanimam</strong></span> <span class='ocrx_word' id='word_1_573' title='bbox 1487 4464 1500 4511; x_wconf 88' lang='lat'><strong>;</strong></span> <span class='ocrx_word' id='word_1_574' title='bbox 1526 4455 1685 4518; x_wconf 88' lang='lat' dir='ltr'><strong>atque</strong></span> <span class='ocrx_word' id='word_1_575' title='bbox 1712 4447 1810 4511; x_wconf 91' lang='lat' dir='ltr'><strong>illi,</strong></span> <span class='ocrx_word' id='word_1_576' title='bbox 1832 4462 1954 4504; x_wconf 90' lang='lat' dir='ltr'><strong>cum</strong></span> 
     </span>
    </p>
   </div>
   <div class='ocr_carea' id='block_1_76' title="bbox 362 4536 1952 4615">
    <p class='ocr_par' dir='ltr' id='par_1_76' title="bbox 362 4536 1952 4615">
     <span class='ocr_line' id='line_1_76' title="bbox 362 4536 1952 4615; baseline 0.004 -23"><span class='ocrx_word' id='word_1_577' title='bbox 362 4536 721 4604; x_wconf 85' lang='lat' dir='ltr'><strong>heatoPattlo,</strong></span> <span class='ocrx_word' id='word_1_578' title='bbox 752 4538 914 4592; x_wconf 74' lang='lat' dir='ltr'><strong>vivere</strong></span> <span class='ocrx_word' id='word_1_579' title='bbox 943 4536 1175 4593; x_wconf 82' lang='lat' dir='ltr'><strong>Christus</strong></span> <span class='ocrx_word' id='word_1_580' title='bbox 1192 4548 1286 4606; x_wconf 87' lang='lat' dir='ltr'><strong>est,</strong></span> <span class='ocrx_word' id='word_1_581' title='bbox 1318 4540 1447 4595; x_wconf 84' lang='lat' dir='ltr'><strong>mori</strong></span> <span class='ocrx_word' id='word_1_582' title='bbox 1483 4540 1679 4594; x_wconf 81' lang='lat' dir='ltr'><strong>lucrum</strong></span> <span class='ocrx_word' id='word_1_583' title='bbox 1700 4540 1871 4615; x_wconf 75' lang='lat' dir='ltr'><strong>(I’Itil.</strong></span> <span class='ocrx_word' id='word_1_584' title='bbox 1913 4558 1952 4609; x_wconf 86' lang='grc' dir='ltr'><strong>ι,</strong></span> 
     </span>
    </p>
   </div>
   <div class='ocr_carea' id='block_1_77' title="bbox 2054 3330 3650 3405">
    <p class='ocr_par' dir='ltr' id='par_1_77' title="bbox 2054 3330 3650 3405">
     <span class='ocr_line' id='line_1_77' title="bbox 2054 3330 3650 3405; baseline 0.001 -20"><span class='ocrx_word' id='word_1_585' title='bbox 2054 3330 2160 3385; x_wconf 84' lang='lat' dir='ltr'><strong>alio</strong></span> <span class='ocrx_word' id='word_1_586' title='bbox 2183 3338 2435 3403; x_wconf 84' lang='lat' dir='ltr'><strong>spectans</strong></span> <span class='ocrx_word' id='word_1_587' title='bbox 2462 3346 2621 3400; x_wconf 88' lang='lat' dir='ltr'><strong>quam</strong></span> <span class='ocrx_word' id='word_1_588' title='bbox 2651 3330 2717 3385; x_wconf 90' lang='lat' dir='ltr'><strong>ad</strong></span> <span class='ocrx_word' id='word_1_589' title='bbox 2742 3331 2883 3386; x_wconf 91' lang='lat' dir='ltr'><strong>illius</strong></span> <span class='ocrx_word' id='word_1_590' title='bbox 2910 3346 3066 3403; x_wconf 90' lang='lat' dir='ltr'><strong>opem</strong></span> <span class='ocrx_word' id='word_1_591' title='bbox 3094 3372 3109 3398; x_wconf 93' lang='lat'><strong>,</strong></span> <span class='ocrx_word' id='word_1_592' title='bbox 3142 3332 3189 3386; x_wconf 92' lang='lat' dir='ltr'><strong>is</strong></span> <span class='ocrx_word' id='word_1_593' title='bbox 3219 3330 3437 3387; x_wconf 88' lang='lat' dir='ltr'><strong>demunt</strong></span> <span class='ocrx_word' id='word_1_594' title='bbox 3465 3331 3650 3405; x_wconf 82' lang='lat' dir='ltr'><strong>ﬁrmus</strong></span> 
     </span>
    </p>
   </div>
   <div class='ocr_carea' id='block_1_78' title="bbox 2056 3424 3647 3496">
    <p class='ocr_par' dir='ltr' id='par_1_78' title="bbox 2056 3424 3647 3496">
     <span class='ocr_line' id='line_1_78' title="bbox 2056 3424 3647 3496; baseline 0 -16"><span class='ocrx_word' id='word_1_595' title='bbox 2056 3434 2141 3481; x_wconf 90' lang='lat' dir='ltr'><strong>est</strong></span> <span class='ocrx_word' id='word_1_596' title='bbox 2168 3436 2223 3481; x_wconf 91' lang='lat' dir='ltr'><strong>et</strong></span> <span class='ocrx_word' id='word_1_597' title='bbox 2243 3426 2493 3481; x_wconf 89' lang='lat' dir='ltr'><strong>invictus.</strong></span> <span class='ocrx_word' id='word_1_598' title='bbox 2541 3424 2652 3481; x_wconf 84' lang='lat' dir='ltr'><strong>Hoc</strong></span> <span class='ocrx_word' id='word_1_599' title='bbox 2672 3434 2851 3481; x_wconf 89' lang='lat' dir='ltr'><strong>autem</strong></span> <span class='ocrx_word' id='word_1_600' title='bbox 2880 3424 2996 3481; x_wconf 87' lang='lat' dir='ltr'><strong>ﬁeri</strong></span> <span class='ocrx_word' id='word_1_601' title='bbox 3023 3439 3130 3480; x_wconf 92' lang='lat' dir='ltr'><strong>non</strong></span> <span class='ocrx_word' id='word_1_602' title='bbox 3153 3434 3354 3496; x_wconf 88' lang='lat' dir='ltr'><strong>potest,</strong></span> <span class='ocrx_word' id='word_1_603' title='bbox 3377 3424 3480 3481; x_wconf 90' lang='lat' dir='ltr'><strong>nisi</strong></span> <span class='ocrx_word' id='word_1_604' title='bbox 3505 3425 3647 3480; x_wconf 82' lang='lat' dir='ltr'><strong>adsit</strong></span> 
     </span>
    </p>
   </div>
   <div class='ocr_carea' id='block_1_79' title="bbox 2055 3516 3649 3588">
    <p class='ocr_par' dir='ltr' id='par_1_79' title="bbox 2055 3516 3649 3588">
     <span class='ocr_line' id='line_1_79' title="bbox 2055 3516 3649 3588; baseline -0.001 -15"><span class='ocrx_word' id='word_1_605' title='bbox 2055 3533 2182 3574; x_wconf 88' lang='lat' dir='ltr'><strong>vera</strong></span> <span class='ocrx_word' id='word_1_606' title='bbox 2211 3532 2274 3573; x_wconf 89' lang='lat' dir='ltr'><strong>ac</strong></span> <span class='ocrx_word' id='word_1_607' title='bbox 2296 3516 2468 3573; x_wconf 90' lang='lat' dir='ltr'><strong>vivida</strong></span> <span class='ocrx_word' id='word_1_608' title='bbox 2499 3516 2653 3583; x_wconf 91' lang='lat' dir='ltr'><strong>ﬁdes,</strong></span> <span class='ocrx_word' id='word_1_609' title='bbox 2680 3516 2813 3572; x_wconf 93' lang='lat' dir='ltr'><strong>nihil</strong></span> <span class='ocrx_word' id='word_1_610' title='bbox 2841 3517 3116 3579; x_wconf 86' lang='lat' dir='ltr'><strong>haesitans.</strong></span> <span class='ocrx_word' id='word_1_611' title='bbox 3148 3516 3279 3572; x_wconf 92' lang='lat' dir='ltr'><strong>nihil</strong></span> <span class='ocrx_word' id='word_1_612' title='bbox 3304 3516 3649 3588; x_wconf 90' lang='lat' dir='ltr'><strong>disquireus:</strong></span> 
     </span>
    </p>
   </div>
   <div class='ocr_carea' id='block_1_80' title="bbox 2057 3611 3653 3684">
    <p class='ocr_par' dir='ltr' id='par_1_80' title="bbox 2057 3611 3653 3684">
     <span class='ocr_line' id='line_1_80' title="bbox 2057 3611 3653 3684; baseline -0.001 -17"><span class='ocrx_word' id='word_1_613' title='bbox 2057 3628 2124 3669; x_wconf 89' lang='lat' dir='ltr'><strong>ne</strong></span> <span class='ocrx_word' id='word_1_614' title='bbox 2165 3613 2490 3684; x_wconf 87' lang='lat' dir='ltr'><strong>cogitaveris</strong></span> <span class='ocrx_word' id='word_1_615' title='bbox 2537 3620 2737 3683; x_wconf 91' lang='lat' dir='ltr'><strong>quanta</strong></span> <span class='ocrx_word' id='word_1_616' title='bbox 2786 3611 2857 3667; x_wconf 91' lang='lat' dir='ltr'><strong>sit</strong></span> <span class='ocrx_word' id='word_1_617' title='bbox 2911 3611 3124 3683; x_wconf 88' lang='lat' dir='ltr'><strong>tyranni</strong></span> <span class='ocrx_word' id='word_1_618' title='bbox 3169 3612 3395 3677; x_wconf 68' lang='lat' dir='ltr'><strong>srevitia,</strong></span> <span class='ocrx_word' id='word_1_619' title='bbox 3455 3620 3653 3682; x_wconf 86' lang='lat' dir='ltr'><strong>quanta</strong></span> 
     </span>
    </p>
   </div>
   <div class='ocr_carea' id='block_1_81' title="bbox 2057 3702 3649 3773">
    <p class='ocr_par' dir='ltr' id='par_1_81' title="bbox 2057 3702 3649 3773">
     <span class='ocr_line' id='line_1_81' title="bbox 2057 3702 3649 3773; baseline -0.002 -14"><span class='ocrx_word' id='word_1_620' title='bbox 2057 3703 2292 3760; x_wconf 87' lang='lat' dir='ltr'><strong>hominis</strong></span> <span class='ocrx_word' id='word_1_621' title='bbox 2321 3703 2681 3769; x_wconf 86' lang='lat' dir='ltr'><strong>imbecillitas,</strong></span> <span class='ocrx_word' id='word_1_622' title='bbox 2728 3703 2822 3759; x_wconf 88' lang='lat' dir='ltr'><strong>sed</strong></span> <span class='ocrx_word' id='word_1_623' title='bbox 2867 3712 3064 3773; x_wconf 86' lang='lat' dir='ltr'><strong>quanta</strong></span> <span class='ocrx_word' id='word_1_624' title='bbox 3100 3704 3172 3758; x_wconf 89' lang='lat' dir='ltr'><strong>sit</strong></span> <span class='ocrx_word' id='word_1_625' title='bbox 3215 3702 3424 3758; x_wconf 91' lang='lat' dir='ltr'><strong>Domini</strong></span> <span class='ocrx_word' id='word_1_626' title='bbox 3463 3704 3649 3769; x_wconf 85' lang='lat' dir='ltr'><strong>virtus,</strong></span> 
     </span>
    </p>
   </div>
   <div class='ocr_carea' id='block_1_82' title="bbox 2056 3796 3150 3870">
    <p class='ocr_par' dir='ltr' id='par_1_82' title="bbox 2056 3796 3150 3870">
     <span class='ocr_line' id='line_1_82' title="bbox 2056 3796 3150 3870; baseline -0.001 -18"><span class='ocrx_word' id='word_1_627' title='bbox 2056 3799 2147 3870; x_wconf 91' lang='lat' dir='ltr'><strong>qui</strong></span> <span class='ocrx_word' id='word_1_628' title='bbox 2177 3807 2349 3853; x_wconf 89' lang='lat' dir='ltr'><strong>certat</strong></span> <span class='ocrx_word' id='word_1_629' title='bbox 2375 3812 2437 3853; x_wconf 91' lang='lat' dir='ltr'><strong>ac</strong></span> <span class='ocrx_word' id='word_1_630' title='bbox 2456 3797 2624 3852; x_wconf 89' lang='lat' dir='ltr'><strong>vincit</strong></span> <span class='ocrx_word' id='word_1_631' title='bbox 2653 3798 2705 3852; x_wconf 93' lang='lat' dir='ltr'><strong>in</strong></span> <span class='ocrx_word' id='word_1_632' title='bbox 2738 3797 2996 3851; x_wconf 90' lang='lat' dir='ltr'><strong>membris</strong></span> <span class='ocrx_word' id='word_1_633' title='bbox 3015 3796 3150 3852; x_wconf 85' lang='lat' dir='ltr'><strong>suis.</strong></span> 
     </span>
    </p>
   </div>
   <div class='ocr_carea' id='block_1_83' title="bbox 2130 3887 3653 3960">
    <p class='ocr_par' dir='ltr' id='par_1_83' title="bbox 2130 3887 3653 3960">
     <span class='ocr_line' id='line_1_83' title="bbox 2130 3887 3653 3960; baseline -0.001 -16"><span class='ocrx_word' id='word_1_634' title='bbox 2130 3888 2270 3944; x_wconf 83' lang='lat' dir='ltr'><strong>XVI.</strong></span> <span class='ocrx_word' id='word_1_635' title='bbox 2302 3888 2463 3958; x_wconf 86' lang='lat' dir='ltr'><strong>Ergo,</strong></span> <span class='ocrx_word' id='word_1_636' title='bbox 2491 3898 2593 3943; x_wconf 91' lang='lat' dir='ltr'><strong>uta</strong></span> <span class='ocrx_word' id='word_1_637' title='bbox 2620 3888 2951 3959; x_wconf 88' lang='lat' dir='ltr'><strong>digressione</strong></span> <span class='ocrx_word' id='word_1_638' title='bbox 2978 3887 3318 3945; x_wconf 80' lang='lat' dir='ltr'><strong>reﬁeelamus</strong></span> <span class='ocrx_word' id='word_1_639' title='bbox 3342 3889 3409 3945; x_wconf 92' lang='lat' dir='ltr'><strong>ad</strong></span> <span class='ocrx_word' id='word_1_640' title='bbox 3435 3888 3485 3944; x_wconf 90' lang='lat' dir='ltr'><strong>id</strong></span> <span class='ocrx_word' id='word_1_641' title='bbox 3509 3887 3653 3960; x_wconf 87' lang='lat' dir='ltr'><strong>quod</strong></span> 
     </span>
    </p>
   </div>
   <div class='ocr_carea' id='block_1_84' title="bbox 2056 3981 3657 4054">
    <p class='ocr_par' dir='ltr' id='par_1_84' title="bbox 2056 3981 3657 4054">
     <span class='ocr_line' id='line_1_84' title="bbox 2056 3981 3657 4054; baseline -0.002 -15"><span class='ocrx_word' id='word_1_642' title='bbox 2056 3993 2174 4039; x_wconf 86' lang='lat' dir='ltr'><strong>erat</strong></span> <span class='ocrx_word' id='word_1_643' title='bbox 2204 3983 2574 4049; x_wconf 88' lang='lat' dir='ltr'><strong>constitutum,</strong></span> <span class='ocrx_word' id='word_1_644' title='bbox 2627 3981 3078 4054; x_wconf 91' lang='lat' dir='ltr'><strong>quemadmodum</strong></span> <span class='ocrx_word' id='word_1_645' title='bbox 3127 3981 3337 4038; x_wconf 90' lang='lat' dir='ltr'><strong>Domini</strong></span> <span class='ocrx_word' id='word_1_646' title='bbox 3384 3998 3532 4038; x_wconf 91' lang='lat' dir='ltr'><strong>mors</strong></span> <span class='ocrx_word' id='word_1_647' title='bbox 3562 3998 3657 4053; x_wconf 89' lang='lat' dir='ltr'><strong>po-</strong></span> 
     </span>
    </p>
   </div>
   <div class='ocr_carea' id='block_1_85' title="bbox 2060 4076 3653 4148">
    <p class='ocr_par' dir='ltr' id='par_1_85' title="bbox 2060 4076 3653 4148">
     <span class='ocr_line' id='line_1_85' title="bbox 2060 4076 3653 4148; baseline 0 -18"><span class='ocrx_word' id='word_1_648' title='bbox 2060 4076 2257 4141; x_wconf 81' lang='lat' dir='ltr'><strong>tentior</strong></span> <span class='ocrx_word' id='word_1_649' title='bbox 2279 4084 2396 4132; x_wconf 89' lang='lat' dir='ltr'><strong>erat</strong></span> <span class='ocrx_word' id='word_1_650' title='bbox 2433 4090 2592 4147; x_wconf 89' lang='lat' dir='ltr'><strong>quam</strong></span> <span class='ocrx_word' id='word_1_651' title='bbox 2621 4076 2748 4143; x_wconf 82' lang='lat' dir='ltr'><strong>vita,</strong></span> <span class='ocrx_word' id='word_1_652' title='bbox 2779 4076 2850 4130; x_wconf 88' lang='lat' dir='ltr'><strong>ita</strong></span> <span class='ocrx_word' id='word_1_653' title='bbox 2893 4076 3063 4131; x_wconf 86' lang='lat' dir='ltr'><strong>voluit</strong></span> <span class='ocrx_word' id='word_1_654' title='bbox 3108 4086 3400 4148; x_wconf 88' lang='lat' dir='ltr'><strong>martyrum</strong></span> <span class='ocrx_word' id='word_1_655' title='bbox 3432 4091 3653 4131; x_wconf 90' lang='lat' dir='ltr'><strong>suorum</strong></span> 
     </span>
    </p>
   </div>
   <div class='ocr_carea' id='block_1_86' title="bbox 2062 4158 3653 4240">
    <p class='ocr_par' dir='ltr' id='par_1_86' title="bbox 2062 4158 3653 4240">
     <span class='ocr_line' id='line_1_86' title="bbox 2062 4158 3653 4240; baseline -0.002 -15"><span class='ocrx_word' id='word_1_656' title='bbox 2062 4178 2290 4225; x_wconf 89' lang='lat' dir='ltr'><strong>mortem</strong></span> <span class='ocrx_word' id='word_1_657' title='bbox 2331 4158 2462 4224; x_wconf 88' lang='lat' dir='ltr'><strong>esse</strong></span> <span class='ocrx_word' id='word_1_658' title='bbox 2490 4177 2786 4240; x_wconf 89' lang='lat' dir='ltr'><strong>potentem.</strong></span> <span class='ocrx_word' id='word_1_659' title='bbox 2816 4168 2952 4237; x_wconf 86' lang='lat' dir='ltr'><strong>Quid</strong></span> <span class='ocrx_word' id='word_1_660' title='bbox 2997 4168 3139 4224; x_wconf 87' lang='lat' dir='ltr'><strong>enim</strong></span> <span class='ocrx_word' id='word_1_661' title='bbox 3189 4168 3454 4225; x_wconf 86' lang='lat' dir='ltr'><strong>inﬁrmius</strong></span> <span class='ocrx_word' id='word_1_662' title='bbox 3494 4184 3653 4238; x_wconf 83' lang='lat' dir='ltr'><strong>quam</strong></span> 
     </span>
    </p>
   </div>
   <div class='ocr_carea' id='block_1_87' title="bbox 2060 4260 3652 4327">
    <p class='ocr_par' dir='ltr' id='par_1_87' title="bbox 2060 4260 3652 4327">
     <span class='ocr_line' id='line_1_87' title="bbox 2060 4260 3652 4327; baseline -0.002 -11"><span class='ocrx_word' id='word_1_663' title='bbox 2060 4261 2272 4327; x_wconf 90' lang='lat' dir='ltr'><strong>vinciri,</strong></span> <span class='ocrx_word' id='word_1_664' title='bbox 2297 4261 2565 4327; x_wconf 89' lang='lat' dir='ltr'><strong>damnari,</strong></span> <span class='ocrx_word' id='word_1_665' title='bbox 2592 4261 2748 4327; x_wconf 74' lang='lat' dir='ltr'><strong>cmdi,</strong></span> <span class='ocrx_word' id='word_1_666' title='bbox 2783 4262 3034 4321; x_wconf 88' lang='lat' dir='ltr'><strong>cruciari.</strong></span> <span class='ocrx_word' id='word_1_667' title='bbox 3068 4260 3262 4326; x_wconf 88' lang='lat' dir='ltr'><strong>occidi,</strong></span> <span class='ocrx_word' id='word_1_668' title='bbox 3292 4271 3347 4316; x_wconf 93' lang='lat' dir='ltr'><strong>et</strong></span> <span class='ocrx_word' id='word_1_669' title='bbox 3375 4261 3441 4315; x_wconf 91' lang='lat' dir='ltr'><strong>ad</strong></span> <span class='ocrx_word' id='word_1_670' title='bbox 3469 4260 3652 4315; x_wconf 90' lang='lat' dir='ltr'><strong>carni—</strong></span> 
     </span>
    </p>
   </div>
   <div class='ocr_carea' id='block_1_88' title="bbox 2062 4351 3656 4423">
    <p class='ocr_par' dir='ltr' id='par_1_88' title="bbox 2062 4351 3656 4423">
     <span class='ocr_line' id='line_1_88' title="bbox 2062 4351 3656 4423; baseline -0.003 -14"><span class='ocrx_word' id='word_1_671' title='bbox 2062 4354 2176 4409; x_wconf 84' lang='lat' dir='ltr'><strong>ﬁcis</strong></span> <span class='ocrx_word' id='word_1_672' title='bbox 2203 4353 2483 4409; x_wconf 86' lang='lat' dir='ltr'><strong>arbitrium</strong></span> <span class='ocrx_word' id='word_1_673' title='bbox 2522 4353 2764 4423; x_wconf 66' lang='lat' dir='ltr'><strong>praebere</strong></span> <span class='ocrx_word' id='word_1_674' title='bbox 2803 4352 3044 4422; x_wconf 87' lang='lat' dir='ltr'><strong>corpus?</strong></span> <span class='ocrx_word' id='word_1_675' title='bbox 3075 4351 3200 4406; x_wconf 75' lang='lat' dir='ltr'><strong>llme</strong></span> <span class='ocrx_word' id='word_1_676' title='bbox 3242 4351 3451 4420; x_wconf 85' lang='lat' dir='ltr'><strong>species</strong></span> <span class='ocrx_word' id='word_1_677' title='bbox 3489 4354 3656 4405; x_wconf 83' lang='lat' dir='ltr'><strong>inter-</strong></span> 
     </span>
    </p>
   </div>
   <div class='ocr_carea' id='block_1_89' title="bbox 2060 4443 3644 4515">
    <p class='ocr_par' dir='ltr' id='par_1_89' title="bbox 2060 4443 3644 4515">
     <span class='ocr_line' id='line_1_89' title="bbox 2060 4443 3644 4515; baseline -0.005 -11"><span class='ocrx_word' id='word_1_678' title='bbox 2060 4447 2185 4504; x_wconf 91' lang='lat' dir='ltr'><strong>dum</strong></span> <span class='ocrx_word' id='word_1_679' title='bbox 2212 4445 2639 4503; x_wconf 87' lang='lat' dir='ltr'><strong>misericordiam</strong></span> <span class='ocrx_word' id='word_1_680' title='bbox 2666 4454 2842 4500; x_wconf 86' lang='lat' dir='ltr'><strong>movet</strong></span> <span class='ocrx_word' id='word_1_681' title='bbox 2863 4445 3024 4499; x_wconf 89' lang='lat' dir='ltr'><strong>etiam</strong></span> <span class='ocrx_word' id='word_1_682' title='bbox 3054 4443 3363 4499; x_wconf 67' lang='lat' dir='ltr'><strong>suavissimis</strong></span> <span class='ocrx_word' id='word_1_683' title='bbox 3383 4443 3644 4515; x_wconf 84' lang='lat' dir='ltr'><strong>tyrannis.</strong></span> 
     </span>
    </p>
   </div>
   <div class='ocr_carea' id='block_1_90' title="bbox 2059 4537 3659 4612">
    <p class='ocr_par' dir='ltr' id='par_1_90' title="bbox 2059 4537 3659 4612">
     <span class='ocr_line' id='line_1_90' title="bbox 2059 4537 3659 4612; baseline -0.003 -15"><span class='ocrx_word' id='word_1_684' title='bbox 2059 4541 2280 4609; x_wconf 79' lang='lat' dir='ltr'><strong>Verum,</strong></span> <span class='ocrx_word' id='word_1_685' title='bbox 2325 4541 2410 4597; x_wconf 91' lang='lat' dir='ltr'><strong>ubi</strong></span> <span class='ocrx_word' id='word_1_686' title='bbox 2466 4541 2576 4612; x_wconf 88' lang='lat' dir='ltr'><strong>jam</strong></span> <span class='ocrx_word' id='word_1_687' title='bbox 2636 4547 2978 4595; x_wconf 87' lang='lat' dir='ltr'><strong>monumenta</strong></span> <span class='ocrx_word' id='word_1_688' title='bbox 3035 4547 3330 4610; x_wconf 85' lang='lat' dir='ltr'><strong>martyrum</strong></span> <span class='ocrx_word' id='word_1_689' title='bbox 3388 4537 3659 4606; x_wconf 88' lang='lat' dir='ltr'><strong>pelluntttr</strong></span> 
     </span>
    </p>
   </div>
   <div class='ocr_carea' id='block_1_91' title="bbox 357 4629 3660 4706">
    <p class='ocr_par' dir='ltr' id='par_1_91' title="bbox 357 4629 3660 4706">
     <span class='ocr_line' id='line_1_91' title="bbox 357 4629 3660 4706; baseline 0 -22"><span class='ocrx_word' id='word_1_690' title='bbox 357 4629 475 4701; x_wconf 71' lang='lat'><strong>2|).</strong></span> <span class='ocrx_word' id='word_1_691' title='bbox 508 4633 586 4685; x_wconf 80' lang='lat' dir='ltr'><strong>An</strong></span> <span class='ocrx_word' id='word_1_692' title='bbox 634 4645 739 4685; x_wconf 90' lang='lat' dir='ltr'><strong>non</strong></span> <span class='ocrx_word' id='word_1_693' title='bbox 800 4632 985 4700; x_wconf 82' lang='lat' dir='ltr'><strong>ingens</strong></span> <span class='ocrx_word' id='word_1_694' title='bbox 1025 4629 1230 4687; x_wconf 90' lang='lat' dir='ltr'><strong>lucrum</strong></span> <span class='ocrx_word' id='word_1_695' title='bbox 1269 4642 1351 4687; x_wconf 91' lang='lat' dir='ltr'><strong>est</strong></span> <span class='ocrx_word' id='word_1_696' title='bbox 1385 4631 1524 4688; x_wconf 89' lang='lat' dir='ltr'><strong>hanc</strong></span> <span class='ocrx_word' id='word_1_697' title='bbox 1561 4643 1615 4689; x_wconf 91' lang='lat' dir='ltr'><strong>et</strong></span> <span class='ocrx_word' id='word_1_698' title='bbox 1653 4633 1873 4690; x_wconf 89' lang='lat' dir='ltr'><strong>brevem</strong></span> <span class='ocrx_word' id='word_1_699' title='bbox 1905 4635 2035 4695; x_wconf 90' lang='lat' dir='ltr'><strong>ctD</strong></span> <span class='ocrx_word' id='word_1_700' title='bbox 2063 4635 2255 4700; x_wconf 88' lang='lat' dir='ltr'><strong>morbi,</strong></span> <span class='ocrx_word' id='word_1_701' title='bbox 2294 4635 2510 4706; x_wconf 90' lang='lat' dir='ltr'><strong>rugiunt</strong></span> <span class='ocrx_word' id='word_1_702' title='bbox 2558 4633 2851 4698; x_wconf 65' lang='lat' dir='ltr'><strong>daemones,</strong></span> <span class='ocrx_word' id='word_1_703' title='bbox 2886 4638 3154 4687; x_wconf 88' lang='lat' dir='ltr'><strong>terrentur</strong></span> <span class='ocrx_word' id='word_1_704' title='bbox 3200 4629 3526 4694; x_wconf 84' lang='lat' dir='ltr'><strong>mouarehac,</strong></span> <span class='ocrx_word' id='word_1_705' title='bbox 3567 4645 3660 4685; x_wconf 76' lang='lat' dir='ltr'><strong>co-</strong></span> 
     </span>
    </p>
   </div>
   <div class='ocr_carea' id='block_1_92' title="bbox 362 4724 1955 4800">
    <p class='ocr_par' dir='ltr' id='par_1_92' title="bbox 362 4724 1955 4800">
     <span class='ocr_line' id='line_1_92' title="bbox 362 4724 1955 4800; baseline 0.004 -23"><span class='ocrx_word' id='word_1_706' title='bbox 362 4724 660 4778; x_wconf 78' lang='lat' dir='ltr'><strong>innumeris</strong></span> <span class='ocrx_word' id='word_1_707' title='bbox 705 4724 859 4779; x_wconf 89' lang='lat' dir='ltr'><strong>malis</strong></span> <span class='ocrx_word' id='word_1_708' title='bbox 911 4726 1326 4780; x_wconf 83' lang='lat' dir='ltr'><strong>eontantinatam</strong></span> <span class='ocrx_word' id='word_1_709' title='bbox 1375 4726 1536 4781; x_wconf 89' lang='lat' dir='ltr'><strong>vitam</strong></span> <span class='ocrx_word' id='word_1_710' title='bbox 1588 4743 1711 4783; x_wconf 88' lang='lat' dir='ltr'><strong>cum</strong></span> <span class='ocrx_word' id='word_1_711' title='bbox 1757 4729 1955 4800; x_wconf 91' lang='lat' dir='ltr'><strong>sempi-</strong></span> 
     </span>
    </p>
   </div>
   <div class='ocr_carea' id='block_1_93' title="bbox 357 4816 1957 4892">
    <p class='ocr_par' dir='ltr' id='par_1_93' title="bbox 357 4816 1957 4892">
     <span class='ocr_line' id='line_1_93' title="bbox 357 4816 1957 4892; baseline 0.004 -21"><span class='ocrx_word' id='word_1_712' title='bbox 357 4827 509 4873; x_wconf 83' lang='lat' dir='ltr'><strong>terna</strong></span> <span class='ocrx_word' id='word_1_713' title='bbox 534 4816 782 4872; x_wconf 84' lang='lat' dir='ltr'><strong>felicitate</strong></span> <span class='ocrx_word' id='word_1_714' title='bbox 808 4819 1180 4873; x_wconf 87' lang='lat' dir='ltr'><strong>commutare?</strong></span> <span class='ocrx_word' id='word_1_715' title='bbox 1208 4819 1303 4874; x_wconf 88' lang='lat' dir='ltr'><strong>llic</strong></span> <span class='ocrx_word' id='word_1_716' title='bbox 1320 4819 1957 4892; x_wconf 89' lang='lat' dir='ltr'><strong>Dominus,quemadtno-</strong></span> 
     </span>
    </p>
   </div>
   <div class='ocr_carea' id='block_1_94' title="bbox 354 4909 1957 4976">
    <p class='ocr_par' dir='ltr' id='par_1_94' title="bbox 354 4909 1957 4976">
     <span class='ocr_line' id='line_1_94' title="bbox 354 4909 1957 4976; baseline 0.002 -11"><span class='ocrx_word' id='word_1_717' title='bbox 354 4909 480 4965; x_wconf 88' lang='lat' dir='ltr'><strong>dum</strong></span> <span class='ocrx_word' id='word_1_718' title='bbox 508 4919 561 4964; x_wconf 91' lang='lat' dir='ltr'><strong>et</strong></span> <span class='ocrx_word' id='word_1_719' title='bbox 588 4910 636 4964; x_wconf 92' lang='lat' dir='ltr'><strong>in</strong></span> <span class='ocrx_word' id='word_1_720' title='bbox 667 4911 879 4965; x_wconf 84' lang='lat' dir='ltr'><strong>caeteris</strong></span> <span class='ocrx_word' id='word_1_721' title='bbox 908 4910 1177 4976; x_wconf 86' lang='lat' dir='ltr'><strong>omnibus,</strong></span> <span class='ocrx_word' id='word_1_722' title='bbox 1209 4926 1328 4966; x_wconf 90' lang='lat' dir='ltr'><strong>sese</strong></span> <span class='ocrx_word' id='word_1_723' title='bbox 1355 4910 1581 4968; x_wconf 82' lang='lat' dir='ltr'><strong>formam</strong></span> <span class='ocrx_word' id='word_1_724' title='bbox 1620 4913 1773 4971; x_wconf 86' lang='lat' dir='ltr'><strong>nobis</strong></span> <span class='ocrx_word' id='word_1_725' title='bbox 1800 4913 1957 4970; x_wconf 76' lang='lat' dir='ltr'><strong>exhi—</strong></span> 
     </span>
    </p>
   </div>
   <div class='ocr_carea' id='block_1_95' title="bbox 360 5001 1952 5079">
    <p class='ocr_par' dir='ltr' id='par_1_95' title="bbox 360 5001 1952 5079">
     <span class='ocr_line' id='line_1_95' title="bbox 360 5001 1952 5079; baseline 0.004 -24"><span class='ocrx_word' id='word_1_726' title='bbox 360 5001 489 5057; x_wconf 88' lang='lat' dir='ltr'><strong>huit.</strong></span> <span class='ocrx_word' id='word_1_727' title='bbox 518 5001 697 5071; x_wconf 85' lang='lat' dir='ltr'><strong>Quum</strong></span> <span class='ocrx_word' id='word_1_728' title='bbox 747 5002 891 5058; x_wconf 91' lang='lat' dir='ltr'><strong>enim</strong></span> <span class='ocrx_word' id='word_1_729' title='bbox 925 5002 1149 5057; x_wconf 86' lang='lat' dir='ltr'><strong>instaret</strong></span> <span class='ocrx_word' id='word_1_730' title='bbox 1189 5012 1461 5059; x_wconf 83' lang='lat' dir='ltr'><strong>extremus</strong></span> <span class='ocrx_word' id='word_1_731' title='bbox 1492 5013 1646 5060; x_wconf 87' lang='lat' dir='ltr'><strong>actus</strong></span> <span class='ocrx_word' id='word_1_732' title='bbox 1688 5007 1952 5079; x_wconf 89' lang='lat' dir='ltr'><strong>martyrii,</strong></span> 
     </span>
    </p>
   </div>
   <div class='ocr_carea' id='block_1_96' title="bbox 356 5093 1957 5165">
    <p class='ocr_par' dir='ltr' id='par_1_96' title="bbox 356 5093 1957 5165">
     <span class='ocr_line' id='line_1_96' title="bbox 356 5093 1957 5165; baseline 0.006 -19"><span class='ocrx_word' id='word_1_733' title='bbox 356 5110 517 5164; x_wconf 89' lang='lat' dir='ltr'><strong>quem</strong></span> <span class='ocrx_word' id='word_1_734' title='bbox 557 5094 706 5150; x_wconf 91' lang='lat' dir='ltr'><strong>aiunt</strong></span> <span class='ocrx_word' id='word_1_735' title='bbox 730 5094 782 5149; x_wconf 92' lang='lat' dir='ltr'><strong>in</strong></span> <span class='ocrx_word' id='word_1_736' title='bbox 816 5093 1008 5150; x_wconf 85' lang='lat' dir='ltr'><strong>fabulis</strong></span> <span class='ocrx_word' id='word_1_737' title='bbox 1028 5102 1281 5165; x_wconf 84' lang='lat' dir='ltr'><strong>oportere</strong></span> <span class='ocrx_word' id='word_1_738' title='bbox 1307 5109 1430 5151; x_wconf 85' lang='lat' dir='ltr'><strong>esse</strong></span> <span class='ocrx_word' id='word_1_739' title='bbox 1460 5096 1745 5165; x_wconf 85' lang='lat' dir='ltr'><strong>Optimum,</strong></span> <span class='ocrx_word' id='word_1_740' title='bbox 1775 5113 1957 5155; x_wconf 90' lang='lat' dir='ltr'><strong>seces-</strong></span> 
     </span>
    </p>
   </div>
   <div class='ocr_carea' id='block_1_97' title="bbox 357 5187 1955 5261">
    <p class='ocr_par' dir='ltr' id='par_1_97' title="bbox 357 5187 1955 5261">
     <span class='ocr_line' id='line_1_97' title="bbox 357 5187 1955 5261; baseline 0.003 -17"><span class='ocrx_word' id='word_1_741' title='bbox 357 5188 446 5254; x_wconf 84' lang='lat' dir='ltr'><strong>sit,</strong></span> <span class='ocrx_word' id='word_1_742' title='bbox 493 5187 690 5261; x_wconf 86' lang='lat' dir='ltr'><strong>abjecit</strong></span> <span class='ocrx_word' id='word_1_743' title='bbox 719 5202 841 5245; x_wconf 89' lang='lat' dir='ltr'><strong>sese</strong></span> <span class='ocrx_word' id='word_1_744' title='bbox 889 5188 941 5243; x_wconf 92' lang='lat' dir='ltr'><strong>in</strong></span> <span class='ocrx_word' id='word_1_745' title='bbox 973 5196 1196 5257; x_wconf 88' lang='lat' dir='ltr'><strong>terram,</strong></span> <span class='ocrx_word' id='word_1_746' title='bbox 1227 5187 1441 5259; x_wconf 81' lang='lat' dir='ltr'><strong>prolixe</strong></span> <span class='ocrx_word' id='word_1_747' title='bbox 1466 5198 1629 5261; x_wconf 84' lang='lat' dir='ltr'><strong>atque</strong></span> <span class='ocrx_word' id='word_1_748' title='bbox 1656 5190 1817 5246; x_wconf 88' lang='lat' dir='ltr'><strong>etiam</strong></span> <span class='ocrx_word' id='word_1_749' title='bbox 1850 5191 1955 5249; x_wconf 84' lang='lat' dir='ltr'><strong>fre-</strong></span> 
     </span>
    </p>
   </div>
   <div class='ocr_carea' id='block_1_98' title="bbox 2064 4723 3679 4805">
    <p class='ocr_par' dir='ltr' id='par_1_98' title="bbox 2064 4723 3679 4805">
     <span class='ocr_line' id='line_1_98' title="bbox 2064 4723 3679 4805; baseline -0.002 -22"><span class='ocrx_word' id='word_1_750' title='bbox 2064 4736 2282 4783; x_wconf 88' lang='lat' dir='ltr'><strong>ruscant</strong></span> <span class='ocrx_word' id='word_1_751' title='bbox 2305 4726 2584 4793; x_wconf 89' lang='lat' dir='ltr'><strong>miracula,</strong></span> <span class='ocrx_word' id='word_1_752' title='bbox 2606 4724 2891 4781; x_wconf 89' lang='lat' dir='ltr'><strong>concidunt</strong></span> <span class='ocrx_word' id='word_1_753' title='bbox 2924 4723 3099 4780; x_wconf 88' lang='lat' dir='ltr'><strong>idola:</strong></span> <span class='ocrx_word' id='word_1_754' title='bbox 3126 4733 3235 4803; x_wconf 84' lang='lat' dir='ltr'><strong>tum</strong></span> <span class='ocrx_word' id='word_1_755' title='bbox 3257 4732 3478 4795; x_wconf 88' lang='lat' dir='ltr'><strong>apparet</strong></span> <span class='ocrx_word' id='word_1_756' title='bbox 3498 4738 3679 4805; x_wconf 22' lang='lat' dir='ltr'><strong>quam“</strong></span> 
     </span>
    </p>
   </div>
   <div class='ocr_carea' id='block_1_99' title="bbox 2058 4816 3658 4890">
    <p class='ocr_par' dir='ltr' id='par_1_99' title="bbox 2058 4816 3658 4890">
     <span class='ocr_line' id='line_1_99' title="bbox 2058 4816 3658 4890; baseline -0.003 -13"><span class='ocrx_word' id='word_1_757' title='bbox 2058 4821 2130 4877; x_wconf 93' lang='lat' dir='ltr'><strong>sit</strong></span> <span class='ocrx_word' id='word_1_758' title='bbox 2158 4820 2346 4877; x_wconf 77' lang='lat' dir='ltr'><strong>efﬁcax</strong></span> <span class='ocrx_word' id='word_1_759' title='bbox 2378 4835 2441 4875; x_wconf 93' lang='lat' dir='ltr'><strong>ac</strong></span> <span class='ocrx_word' id='word_1_760' title='bbox 2472 4828 2659 4890; x_wconf 89' lang='lat' dir='ltr'><strong>potens</strong></span> <span class='ocrx_word' id='word_1_761' title='bbox 2681 4826 2974 4890; x_wconf 88' lang='lat' dir='ltr'><strong>martyrum</strong></span> <span class='ocrx_word' id='word_1_762' title='bbox 3003 4818 3239 4889; x_wconf 84' lang='lat' dir='ltr'><strong>sanguis.</strong></span> <span class='ocrx_word' id='word_1_763' title='bbox 3276 4816 3559 4872; x_wconf 73' lang='lat' dir='ltr'><strong>Prmentia</strong></span> <span class='ocrx_word' id='word_1_764' title='bbox 3580 4819 3658 4873; x_wconf 84' lang='lat' dir='ltr'><strong>in-</strong></span> 
     </span>
    </p>
   </div>
   <div class='ocr_carea' id='block_1_100' title="bbox 2059 4910 3661 4987">
    <p class='ocr_par' dir='ltr' id='par_1_100' title="bbox 2059 4910 3661 4987">
     <span class='ocr_line' id='line_1_100' title="bbox 2059 4910 3661 4987; baseline -0.002 -18"><span class='ocrx_word' id='word_1_765' title='bbox 2059 4917 2233 4987; x_wconf 86' lang='lat' dir='ltr'><strong>ﬁrma,</strong></span> <span class='ocrx_word' id='word_1_766' title='bbox 2261 4913 2490 4985; x_wconf 69' lang='lat' dir='ltr'><strong>epistolae</strong></span> <span class='ocrx_word' id='word_1_767' title='bbox 2530 4930 2710 4984; x_wconf 81' lang='lat' dir='ltr'><strong>graves</strong></span> <span class='ocrx_word' id='word_1_768' title='bbox 2737 4912 2755 4985; x_wconf 97' lang='lat'>(</span> <span class='ocrx_word' id='word_1_769' title='bbox 2778 4912 2824 4968; x_wconf 85' lang='grc' dir='ltr'>Π</span> <span class='ocrx_word' id='word_1_770' title='bbox 2845 4910 2966 4968; x_wconf 85' lang='lat' dir='ltr'><strong>Cor.</strong></span> <span class='ocrx_word' id='word_1_771' title='bbox 2998 4928 3059 4980; x_wconf 83' lang='lat' dir='ltr'><strong>x,</strong></span> <span class='ocrx_word' id='word_1_772' title='bbox 3088 4911 3201 4983; x_wconf 72' lang='lat' dir='ltr'><strong>i0),</strong></span> <span class='ocrx_word' id='word_1_773' title='bbox 3232 4912 3434 4968; x_wconf 85' lang='lat' dir='ltr'><strong>audivit</strong></span> <span class='ocrx_word' id='word_1_774' title='bbox 3466 4911 3661 4966; x_wconf 77' lang='lat' dir='ltr'><strong>beatis-</strong></span> 
     </span>
    </p>
   </div>
   <div class='ocr_carea' id='block_1_101' title="bbox 2014 5005 3662 5078">
    <p class='ocr_par' dir='ltr' id='par_1_101' title="bbox 2014 5005 3662 5078">
     <span class='ocr_line' id='line_1_101' title="bbox 2014 5005 3662 5078; baseline -0.004 -13"><span class='ocrx_word' id='word_1_775' title='bbox 2014 5060 2020 5065; x_wconf 88' lang='lat'><strong>.</strong></span> <span class='ocrx_word' id='word_1_776' title='bbox 2058 5011 2227 5066; x_wconf 91' lang='lat' dir='ltr'><strong>simus</strong></span> <span class='ocrx_word' id='word_1_777' title='bbox 2252 5007 2502 5065; x_wconf 86' lang='lat' dir='ltr'><strong>Gentium</strong></span> <span class='ocrx_word' id='word_1_778' title='bbox 2525 5008 2755 5072; x_wconf 87' lang='lat' dir='ltr'><strong>Doctor;</strong></span> <span class='ocrx_word' id='word_1_779' title='bbox 2791 5006 2892 5062; x_wconf 92' lang='lat' dir='ltr'><strong>hoc</strong></span> <span class='ocrx_word' id='word_1_780' title='bbox 2916 5014 2972 5063; x_wconf 90' lang='lat' dir='ltr'><strong>et</strong></span> <span class='ocrx_word' id='word_1_781' title='bbox 2995 5005 3063 5060; x_wconf 86' lang='lat' dir='ltr'><strong>ad</strong></span> <span class='ocrx_word' id='word_1_782' title='bbox 3090 5015 3355 5078; x_wconf 88' lang='lat' dir='ltr'><strong>martyres</strong></span> <span class='ocrx_word' id='word_1_783' title='bbox 3390 5013 3533 5061; x_wconf 88' lang='lat' dir='ltr'><strong>recte</strong></span> <span class='ocrx_word' id='word_1_784' title='bbox 3571 5020 3662 5059; x_wconf 85' lang='lat' dir='ltr'><strong>ac—</strong></span> 
     </span>
    </p>
   </div>
   <div class='ocr_carea' id='block_1_102' title="bbox 2060 5099 3660 5168">
    <p class='ocr_par' dir='ltr' id='par_1_102' title="bbox 2060 5099 3660 5168">
     <span class='ocr_line' id='line_1_102' title="bbox 2060 5099 3660 5168; baseline -0.004 -11"><span class='ocrx_word' id='word_1_785' title='bbox 2060 5099 2516 5166; x_wconf 83' lang='lat' dir='ltr'><strong>Commodabitur;</strong></span> <span class='ocrx_word' id='word_1_786' title='bbox 2545 5099 2652 5155; x_wconf 81' lang='lat' dir='ltr'><strong>vita</strong></span> <span class='ocrx_word' id='word_1_787' title='bbox 2681 5099 2889 5156; x_wconf 83' lang='lat' dir='ltr'><strong>infirma</strong></span> <span class='ocrx_word' id='word_1_788' title='bbox 2931 5109 2980 5155; x_wconf 92' lang='lat' dir='ltr'><strong>et</strong></span> <span class='ocrx_word' id='word_1_789' title='bbox 3009 5107 3337 5168; x_wconf 82' lang='lat' dir='ltr'><strong>contempta,</strong></span> <span class='ocrx_word' id='word_1_790' title='bbox 3368 5112 3513 5152; x_wconf 88' lang='lat' dir='ltr'><strong>mors</strong></span> <span class='ocrx_word' id='word_1_791' title='bbox 3538 5113 3660 5167; x_wconf 76' lang='lat' dir='ltr'><strong>gra-</strong></span> 
     </span>
    </p>
   </div>
   <div class='ocr_carea' id='block_1_103' title="bbox 2060 5189 3658 5264">
    <p class='ocr_par' dir='ltr' id='par_1_103' title="bbox 2060 5189 3658 5264">
     <span class='ocr_line' id='line_1_103' title="bbox 2060 5189 3658 5264; baseline -0.003 -16"><span class='ocrx_word' id='word_1_792' title='bbox 2060 5194 2141 5249; x_wconf 88' lang='lat' dir='ltr'><strong>vis</strong></span> <span class='ocrx_word' id='word_1_793' title='bbox 2163 5208 2225 5248; x_wconf 93' lang='lat' dir='ltr'><strong>ac</strong></span> <span class='ocrx_word' id='word_1_794' title='bbox 2254 5200 2464 5264; x_wconf 88' lang='lat' dir='ltr'><strong>potens.</strong></span> <span class='ocrx_word' id='word_1_795' title='bbox 2495 5191 2615 5248; x_wconf 80' lang='lat' dir='ltr'><strong>Jam</strong></span> <span class='ocrx_word' id='word_1_796' title='bbox 2644 5207 2747 5248; x_wconf 92' lang='lat' dir='ltr'><strong>non</strong></span> <span class='ocrx_word' id='word_1_797' title='bbox 2776 5199 2861 5248; x_wconf 89' lang='lat' dir='ltr'><strong>est</strong></span> <span class='ocrx_word' id='word_1_798' title='bbox 2888 5206 2985 5263; x_wconf 90' lang='lat' dir='ltr'><strong>par</strong></span> <span class='ocrx_word' id='word_1_799' title='bbox 3013 5189 3253 5248; x_wconf 89' lang='lat' dir='ltr'><strong>omnium</strong></span> <span class='ocrx_word' id='word_1_800' title='bbox 3283 5198 3579 5261; x_wconf 89' lang='lat' dir='ltr'><strong>martyrum</strong></span> <span class='ocrx_word' id='word_1_801' title='bbox 3606 5189 3658 5247; x_wconf 92' lang='lat' dir='ltr'><strong>in</strong></span> 
     </span>
    </p>
   </div>
   <div class='ocr_carea' id='block_1_104' title="bbox 1677 5304 2302 5363">
    <p class='ocr_par' dir='ltr' id='par_1_104' title="bbox 1677 5304 2302 5363">
     <span class='ocr_line' id='line_1_104' title="bbox 1677 5304 2302 5363; baseline 0.003 -5"><span class='ocrx_word' id='word_1_802' title='bbox 1677 5304 2036 5362; x_wconf 76' lang='lat' dir='ltr'><strong>VARIORUM</strong></span> <span class='ocrx_word' id='word_1_803' title='bbox 2076 5305 2302 5363; x_wconf 66' lang='lat' dir='ltr'><strong>NOTIE.</strong></span> 
     </span>
    </p>
   </div>
   <div class='ocr_carea' id='block_1_105' title="bbox 436 5419 1961 5492">
    <p class='ocr_par' dir='ltr' id='par_1_105' title="bbox 436 5419 1961 5492">
     <span class='ocr_line' id='line_1_105' title="bbox 436 5419 1961 5492; baseline -0.001 -18"><span class='ocrx_word' id='word_1_804' title='bbox 436 5420 557 5474; x_wconf 89' lang='lat' dir='ltr'><strong>Non</strong></span> <span class='ocrx_word' id='word_1_805' title='bbox 591 5420 898 5487; x_wconf 78' lang='lat' dir='ltr'><strong>supplicium</strong></span> <span class='ocrx_word' id='word_1_806' title='bbox 929 5421 1051 5491; x_wconf 83' lang='lat' dir='ltr'><strong>facit</strong></span> <span class='ocrx_word' id='word_1_807' title='bbox 1070 5428 1375 5492; x_wconf 80' lang='lat' dir='ltr'><strong>martyrem,</strong></span> <span class='ocrx_word' id='word_1_808' title='bbox 1402 5421 1489 5475; x_wconf 79' lang='lat' dir='ltr'><strong>sed</strong></span> <span class='ocrx_word' id='word_1_809' title='bbox 1513 5436 1688 5475; x_wconf 83' lang='lat' dir='ltr'><strong>causa.</strong></span> <span class='ocrx_word' id='word_1_810' title='bbox 1719 5419 1961 5492; x_wconf 77' lang='lat' dir='ltr'><strong>sumpsit</strong></span> 
     </span>
    </p>
   </div>
   <div class='ocr_carea' id='block_1_106' title="bbox 363 5491 1962 5564">
    <p class='ocr_par' dir='ltr' id='par_1_106' title="bbox 363 5491 1962 5564">
     <span class='ocr_line' id='line_1_106' title="bbox 363 5491 1962 5564; baseline -0.001 -20"><span class='ocrx_word' id='word_1_811' title='bbox 363 5492 576 5564; x_wconf 82' lang='lat' dir='ltr'><strong>quidem</strong></span> <span class='ocrx_word' id='word_1_812' title='bbox 603 5492 703 5546; x_wconf 88' lang='lat' dir='ltr'><strong>hoc</strong></span> <span class='ocrx_word' id='word_1_813' title='bbox 726 5508 791 5545; x_wconf 85' lang='lat' dir='ltr'><strong>ex</strong></span> <span class='ocrx_word' id='word_1_814' title='bbox 823 5493 886 5564; x_wconf 85' lang='grc' dir='ltr'><strong>ι).</strong></span> <span class='ocrx_word' id='word_1_815' title='bbox 920 5491 1331 5564; x_wconf 47' lang='grc' dir='ltr'><strong>(Σγῃιίειιιιι,“εθιι</strong></span> <span class='ocrx_word' id='word_1_816' title='bbox 1354 5492 1492 5562; x_wconf 87' lang='lat' dir='ltr'><strong>quod</strong></span> <span class='ocrx_word' id='word_1_817' title='bbox 1523 5492 1609 5546; x_wconf 87' lang='lat' dir='ltr'><strong>ille</strong></span> <span class='ocrx_word' id='word_1_818' title='bbox 1636 5501 1822 5564; x_wconf 83' lang='lat' dir='ltr'><strong>contra</strong></span> <span class='ocrx_word' id='word_1_819' title='bbox 1852 5491 1962 5564; x_wconf 61' lang='lat' dir='ltr'><strong>ha}-</strong></span> 
     </span>
    </p>
   </div>
   <div class='ocr_carea' id='block_1_107' title="bbox 365 5562 1960 5633">
    <p class='ocr_par' dir='ltr' id='par_1_107' title="bbox 365 5562 1960 5633">
     <span class='ocr_line' id='line_1_107' title="bbox 365 5562 1960 5633; baseline -0.001 -15"><span class='ocrx_word' id='word_1_820' title='bbox 365 5562 586 5625; x_wconf 80' lang='lat' dir='ltr'><strong>reticos,</strong></span> <span class='ocrx_word' id='word_1_821' title='bbox 634 5565 734 5617; x_wconf 91' lang='lat' dir='ltr'><strong>iste</strong></span> <span class='ocrx_word' id='word_1_822' title='bbox 769 5562 1028 5633; x_wconf 81' lang='lat' dir='ltr'><strong>adversus</strong></span> <span class='ocrx_word' id='word_1_823' title='bbox 1076 5578 1172 5617; x_wconf 91' lang='lat' dir='ltr'><strong>eos</strong></span> <span class='ocrx_word' id='word_1_824' title='bbox 1199 5564 1288 5633; x_wconf 86' lang='lat' dir='ltr'><strong>qui</strong></span> <span class='ocrx_word' id='word_1_825' title='bbox 1341 5573 1565 5617; x_wconf 90' lang='lat' dir='ltr'><strong>mortem</strong></span> <span class='ocrx_word' id='word_1_826' title='bbox 1613 5562 1715 5616; x_wconf 87' lang='lat' dir='ltr'><strong>sibi</strong></span> <span class='ocrx_word' id='word_1_827' title='bbox 1751 5562 1960 5617; x_wconf 85' lang='lat' dir='ltr'><strong>consei-</strong></span> 
     </span>
    </p>
   </div>
   <div class='ocr_carea' id='block_1_108' title="bbox 367 5632 1781 5699">
    <p class='ocr_par' dir='ltr' id='par_1_108' title="bbox 367 5632 1781 5699">
     <span class='ocr_line' id='line_1_108' title="bbox 367 5632 1781 5699; baseline 0 -10"><span class='ocrx_word' id='word_1_828' title='bbox 367 5644 545 5699; x_wconf 88' lang='lat' dir='ltr'><strong>scttut,</strong></span> <span class='ocrx_word' id='word_1_829' title='bbox 578 5645 633 5687; x_wconf 94' lang='lat' dir='ltr'><strong>et</strong></span> <span class='ocrx_word' id='word_1_830' title='bbox 658 5632 933 5688; x_wconf 80' lang='lat' dir='ltr'><strong>maleficos</strong></span> <span class='ocrx_word' id='word_1_831' title='bbox 964 5635 1014 5687; x_wconf 94' lang='lat' dir='ltr'><strong>in</strong></span> <span class='ocrx_word' id='word_1_832' title='bbox 1039 5632 1271 5689; x_wconf 89' lang='lat' dir='ltr'><strong>medium</strong></span> <span class='ocrx_word' id='word_1_833' title='bbox 1299 5633 1534 5689; x_wconf 88' lang='lat' dir='ltr'><strong>adducit.</strong></span> <span class='ocrx_word' id='word_1_834' title='bbox 1574 5634 1781 5689; x_wconf 74' lang='lat' dir='ltr'><strong>pAﬂEL.</strong></span> 
     </span>
    </p>
   </div>
   <div class='ocr_carea' id='block_1_109' title="bbox 443 5702 1956 5776">
    <p class='ocr_par' dir='ltr' id='par_1_109' title="bbox 443 5702 1956 5776">
     <span class='ocr_line' id='line_1_109' title="bbox 443 5702 1956 5776; baseline -0.001 -17"><span class='ocrx_word' id='word_1_835' title='bbox 443 5702 563 5759; x_wconf 87' lang='lat' dir='ltr'><strong>Non</strong></span> <span class='ocrx_word' id='word_1_836' title='bbox 595 5706 894 5758; x_wconf 79' lang='lat' dir='ltr'><strong>minitantur</strong></span> <span class='ocrx_word' id='word_1_837' title='bbox 915 5714 1153 5776; x_wconf 83' lang='lat' dir='ltr'><strong>tyranno.</strong></span> <span class='ocrx_word' id='word_1_838' title='bbox 1182 5703 1295 5758; x_wconf 85' lang='lat' dir='ltr'><strong>Non</strong></span> <span class='ocrx_word' id='word_1_839' title='bbox 1318 5719 1413 5776; x_wconf 84' lang='lat' dir='ltr'><strong>per</strong></span> <span class='ocrx_word' id='word_1_840' title='bbox 1434 5706 1609 5759; x_wconf 83' lang='lat' dir='ltr'><strong>omnia</strong></span> <span class='ocrx_word' id='word_1_841' title='bbox 1643 5706 1745 5776; x_wconf 83' lang='lat' dir='ltr'><strong>hoc</strong></span> <span class='ocrx_word' id='word_1_842' title='bbox 1776 5719 1956 5759; x_wconf 76' lang='lat' dir='ltr'><strong>verum</strong></span> 
     </span>
    </p>
   </div>
   <div class='ocr_carea' id='block_1_110' title="bbox 369 5775 1961 5847">
    <p class='ocr_par' dir='ltr' id='par_1_110' title="bbox 369 5775 1961 5847">
     <span class='ocr_line' id='line_1_110' title="bbox 369 5775 1961 5847; baseline -0.004 -14"><span class='ocrx_word' id='word_1_843' title='bbox 369 5793 429 5833; x_wconf 83' lang='lat' dir='ltr'><strong>es</strong></span> <span class='ocrx_word' id='word_1_844' title='bbox 459 5792 490 5831; x_wconf 95' lang='lat' dir='ltr'><strong>e</strong></span> <span class='ocrx_word' id='word_1_845' title='bbox 522 5785 687 5847; x_wconf 88' lang='lat' dir='ltr'><strong>patet,</strong></span> <span class='ocrx_word' id='word_1_846' title='bbox 721 5776 804 5829; x_wconf 80' lang='lat' dir='ltr'><strong>Vel</strong></span> <span class='ocrx_word' id='word_1_847' title='bbox 836 5793 898 5830; x_wconf 79' lang='lat' dir='ltr'><strong>ex</strong></span> <span class='ocrx_word' id='word_1_848' title='bbox 938 5775 1055 5830; x_wconf 73' lang='lat' dir='ltr'><strong>Solo</strong></span> <span class='ocrx_word' id='word_1_849' title='bbox 1083 5775 1392 5847; x_wconf 75' lang='lat' dir='ltr'><strong>Prudentia,</strong></span> <span class='ocrx_word' id='word_1_850' title='bbox 1430 5776 1514 5830; x_wconf 89' lang='lat' dir='ltr'><strong>uhi</strong></span> <span class='ocrx_word' id='word_1_851' title='bbox 1548 5788 1602 5831; x_wconf 82' lang='lat' dir='ltr'><strong>et</strong></span> <span class='ocrx_word' id='word_1_852' title='bbox 1644 5775 1961 5847; x_wconf 78' lang='lat' dir='ltr'><strong>Laurentius</strong></span> 
     </span>
    </p>
   </div>
   <div class='ocr_carea' id='block_1_111' title="bbox 368 5845 1965 5920">
    <p class='ocr_par' dir='ltr' id='par_1_111' title="bbox 368 5845 1965 5920">
     <span class='ocr_line' id='line_1_111' title="bbox 368 5845 1965 5920; baseline -0.003 -15"><span class='ocrx_word' id='word_1_853' title='bbox 368 5860 423 5905; x_wconf 89' lang='lat' dir='ltr'><strong>et</strong></span> <span class='ocrx_word' id='word_1_854' title='bbox 454 5845 728 5904; x_wconf 67' lang='grc' dir='ltr'><strong>ησιιιιτιιιιιε</strong></span> <span class='ocrx_word' id='word_1_855' title='bbox 751 5858 1015 5920; x_wconf 79' lang='lat' dir='ltr'><strong>martyres</strong></span> <span class='ocrx_word' id='word_1_856' title='bbox 1038 5859 1220 5903; x_wconf 80' lang='lat' dir='ltr'><strong>centra</strong></span> <span class='ocrx_word' id='word_1_857' title='bbox 1252 5845 1471 5912; x_wconf 82' lang='lat' dir='ltr'><strong>faciunt,</strong></span> <span class='ocrx_word' id='word_1_858' title='bbox 1497 5847 1661 5903; x_wconf 88' lang='lat' dir='ltr'><strong>immo</strong></span> <span class='ocrx_word' id='word_1_859' title='bbox 1687 5858 1734 5902; x_wconf 94' lang='lat' dir='ltr'><strong>ct</strong></span> <span class='ocrx_word' id='word_1_860' title='bbox 1763 5845 1965 5901; x_wconf 67' lang='lat' dir='ltr'><strong>Macha-</strong></span> 
     </span>
    </p>
   </div>
   <div class='ocr_carea' id='block_1_112' title="bbox 2063 5417 3657 5495">
    <p class='ocr_par' dir='ltr' id='par_1_112' title="bbox 2063 5417 3657 5495">
     <span class='ocr_line' id='line_1_112' title="bbox 2063 5417 3657 5495; baseline -0.001 -20"><span class='ocrx_word' id='word_1_861' title='bbox 2063 5420 2162 5495; x_wconf 77' lang='lat' dir='ltr'><strong>hmi</strong></span> <span class='ocrx_word' id='word_1_862' title='bbox 2194 5430 2455 5495; x_wconf 87' lang='lat' dir='ltr'><strong>martyres</strong></span> <span class='ocrx_word' id='word_1_863' title='bbox 2495 5436 2600 5477; x_wconf 93' lang='lat' dir='ltr'><strong>non</strong></span> <span class='ocrx_word' id='word_1_864' title='bbox 2629 5429 2812 5495; x_wconf 80' lang='lat' dir='ltr'><strong>erunt,</strong></span> <span class='ocrx_word' id='word_1_865' title='bbox 2854 5421 2899 5476; x_wconf 89' lang='lat' dir='ltr'><strong>si</strong></span> <span class='ocrx_word' id='word_1_866' title='bbox 2930 5421 3053 5477; x_wconf 91' lang='lat' dir='ltr'><strong>huic</strong></span> <span class='ocrx_word' id='word_1_867' title='bbox 3091 5419 3297 5495; x_wconf 82' lang='lat' dir='ltr'><strong>auctori</strong></span> <span class='ocrx_word' id='word_1_868' title='bbox 3328 5417 3657 5495; x_wconf 86' lang='lat' dir='ltr'><strong>credendum</strong></span> 
     </span>
    </p>
   </div>
   <div class='ocr_carea' id='block_1_113' title="bbox 2063 5492 3659 5564">
    <p class='ocr_par' dir='ltr' id='par_1_113' title="bbox 2063 5492 3659 5564">
     <span class='ocr_line' id='line_1_113' title="bbox 2063 5492 3659 5564; baseline 0 -18"><span class='ocrx_word' id='word_1_869' title='bbox 2063 5494 2152 5564; x_wconf 75' lang='lat' dir='ltr'><strong>sit.</strong></span> <span class='ocrx_word' id='word_1_870' title='bbox 2203 5492 2368 5549; x_wconf 76' lang='lat' dir='ltr'><strong>Caute</strong></span> <span class='ocrx_word' id='word_1_871' title='bbox 2397 5494 2578 5564; x_wconf 88' lang='lat' dir='ltr'><strong>itaque</strong></span> <span class='ocrx_word' id='word_1_872' title='bbox 2628 5493 2716 5548; x_wconf 88' lang='lat' dir='ltr'><strong>hic</strong></span> <span class='ocrx_word' id='word_1_873' title='bbox 2763 5494 2912 5548; x_wconf 92' lang='lat' dir='ltr'><strong>locus</strong></span> <span class='ocrx_word' id='word_1_874' title='bbox 2941 5492 3216 5562; x_wconf 84' lang='lat' dir='ltr'><strong>legendus,</strong></span> <span class='ocrx_word' id='word_1_875' title='bbox 3258 5507 3327 5546; x_wconf 89' lang='lat' dir='ltr'><strong>ne</strong></span> <span class='ocrx_word' id='word_1_876' title='bbox 3372 5493 3549 5546; x_wconf 82' lang='lat' dir='ltr'><strong>favere</strong></span> <span class='ocrx_word' id='word_1_877' title='bbox 3578 5492 3659 5546; x_wconf 81' lang='lat' dir='ltr'><strong>vi-</strong></span> 
     </span>
    </p>
   </div>
   <div class='ocr_carea' id='block_1_114' title="bbox 2063 5562 3475 5636">
    <p class='ocr_par' dir='ltr' id='par_1_114' title="bbox 2063 5562 3475 5636">
     <span class='ocr_line' id='line_1_114' title="bbox 2063 5562 3475 5636; baseline -0.002 -18"><span class='ocrx_word' id='word_1_878' title='bbox 2063 5562 2256 5636; x_wconf 75' lang='lat' dir='ltr'><strong>deatur</strong></span> <span class='ocrx_word' id='word_1_879' title='bbox 2281 5562 2816 5636; x_wconf 82' lang='lat' dir='ltr'><strong>psettdoinartyribus</strong></span> <span class='ocrx_word' id='word_1_880' title='bbox 2843 5565 3011 5620; x_wconf 70' lang='lat' dir='ltr'><strong>nosu&#39;i</strong></span> <span class='ocrx_word' id='word_1_881' title='bbox 3038 5564 3241 5618; x_wconf 75' lang='lat' dir='ltr'><strong>szcculi.</strong></span> <span class='ocrx_word' id='word_1_882' title='bbox 3271 5564 3475 5636; x_wconf 67' lang='lat' dir='ltr'><strong>Putta.</strong></span> 
     </span>
    </p>
   </div>
   <div class='ocr_carea' id='block_1_115' title="bbox 2132 5633 3659 5705">
    <p class='ocr_par' dir='ltr' id='par_1_115' title="bbox 2132 5633 3659 5705">
     <span class='ocr_line' id='line_1_115' title="bbox 2132 5633 3659 5705; baseline 0.001 -17"><span class='ocrx_word' id='word_1_883' title='bbox 2132 5633 2257 5690; x_wconf 78' lang='lat' dir='ltr'><strong>lam</strong></span> <span class='ocrx_word' id='word_1_884' title='bbox 2294 5652 2396 5689; x_wconf 87' lang='lat' dir='ltr'><strong>non</strong></span> <span class='ocrx_word' id='word_1_885' title='bbox 2439 5644 2510 5689; x_wconf 65' lang='lat' dir='ltr'><strong>est</strong></span> <span class='ocrx_word' id='word_1_886' title='bbox 2556 5633 2650 5703; x_wconf 80' lang='lat' dir='ltr'><strong>par</strong></span> <span class='ocrx_word' id='word_1_887' title='bbox 2693 5636 2919 5690; x_wconf 87' lang='lat' dir='ltr'><strong>omnium</strong></span> <span class='ocrx_word' id='word_1_888' title='bbox 2960 5645 3244 5705; x_wconf 70' lang='lat' dir='ltr'><strong>martyrum</strong></span> <span class='ocrx_word' id='word_1_889' title='bbox 3294 5635 3347 5688; x_wconf 83' lang='lat' dir='ltr'><strong>iu</strong></span> <span class='ocrx_word' id='word_1_890' title='bbox 3394 5635 3659 5689; x_wconf 85' lang='lat' dir='ltr'><strong>tormentis</strong></span> 
     </span>
    </p>
   </div>
   <div class='ocr_carea' id='block_1_116' title="bbox 2063 5706 3659 5777">
    <p class='ocr_par' dir='ltr' id='par_1_116' title="bbox 2063 5706 3659 5777">
     <span class='ocr_line' id='line_1_116' title="bbox 2063 5706 3659 5777; baseline 0.001 -17"><span class='ocrx_word' id='word_1_891' title='bbox 2063 5709 2326 5761; x_wconf 78' lang='lat' dir='ltr'><strong>alacritas.</strong></span> <span class='ocrx_word' id='word_1_892' title='bbox 2377 5706 2566 5762; x_wconf 81' lang='lat' dir='ltr'><strong>Morel.</strong></span> <span class='ocrx_word' id='word_1_893' title='bbox 2609 5716 2666 5763; x_wconf 90' lang='lat' dir='ltr'><strong>et</strong></span> <span class='ocrx_word' id='word_1_894' title='bbox 2716 5707 2917 5763; x_wconf 83' lang='lat' dir='ltr'><strong>Manut.</strong></span> <span class='ocrx_word' id='word_1_895' title='bbox 2949 5707 3277 5777; x_wconf 77' lang='lat' dir='ltr'><strong>martyrium,</strong></span> <span class='ocrx_word' id='word_1_896' title='bbox 3321 5720 3506 5761; x_wconf 88' lang='lat' dir='ltr'><strong>verum</strong></span> <span class='ocrx_word' id='word_1_897' title='bbox 3553 5723 3659 5761; x_wconf 79' lang='lat' dir='ltr'><strong>non</strong></span> 
     </span>
    </p>
   </div>
   <div class='ocr_carea' id='block_1_117' title="bbox 2066 5777 2493 5849">
    <p class='ocr_par' dir='ltr' id='par_1_117' title="bbox 2066 5777 2493 5849">
     <span class='ocr_line' id='line_1_117' title="bbox 2066 5777 2493 5849; baseline 0 -16"><span class='ocrx_word' id='word_1_898' title='bbox 2066 5788 2256 5849; x_wconf 80' lang='lat' dir='ltr'><strong>placet.</strong></span> <span class='ocrx_word' id='word_1_899' title='bbox 2286 5777 2493 5835; x_wconf 73' lang='lat' dir='ltr'><strong>PMIEL.</strong></span> 
     </span>
    </p>
   </div>
  </div>
