4190 6266
558 166 561 171 .
571 152 635 172 ,ι-

632 322 745 405 aut

2199 328 2401 400 ωηιξη

3903 323 3998 405 Μ

640 459 931 518 tormentis
948 456 1214 523 alacritas,
1237 457 1683 532 quemadmodum
1712 474 1812 519 nec
1831 473 2019 518 omnes
2046 460 2235 517 eodem
2264 459 2315 522 Α
2341 461 2427 530 qui
2454 461 2505 516 in
2530 460 2669 518 aclis
2693 471 2765 518 est
2794 454 3011 533 (Matth.
3043 477 3097 530 ν,
3134 461 3261 541 I6);
3295 481 3395 523 nec
3420 463 3649 524 Patrius
3683 460 3993 539 Apostolus

644 570 845 628 genere
894 556 1081 609 mortis
1124 554 1465 625 del‘nrguntr.
1535 555 1668 611 Tres
1699 556 1775 610 illi
1809 557 1947 611 beati
1997 557 2144 627 pueri
2187 556 2239 610 in

646 650 836 705 mediis
866 648 1095 705 ﬂatnmis
1141 650 1393 707 invenere
1427 650 1777 721 rtI't-igt-rinm,
1811 660 1866 706 ct
1913 652 2047 723 scpti
2088 653 2245 704 inno-

646 758 749 799 cuo
789 743 1077 808 elemento,
1131 745 1272 798 velut
1322 744 1376 799 in
1419 746 1660 800 conclavi
1686 746 1948 801 canebant
1987 747 2240 818 hymnum

649 837 895 894 Domino.
941 838 1121 893 Daniel
1154 841 1278 894 item
1310 836 1437 893 citra
1489 854 1699 904 noxam,
1745 841 1955 897 leonum
1996 840 2244 896 sodalitio

556 970 560 974 -
647 942 725 985 est
759 942 906 985 usus.
944 926 1142 986 Beatus
1168 930 1433 997 Andreas,
1479 941 1536 988 ut
1568 933 1723 989 habet
1775 934 2001 987 humana
2030 928 2241 1003 quidem

650 1022 893 1089 historia,
925 1024 1018 1079 sed
1047 1027 1176 1080 satis
1205 1026 1437 1094 probatu:
1462 1026 1605 1093 fidei,
1634 1025 1871 1096 gaudens
1897 1026 2103 1093 sibique
2125 1040 2244 1093 grue

651 1117 826 1172 tnlans
856 1115 964 1171 ibat
991 1103 1056 1172 ad
1087 1132 1323 1173 crucem.
1352 1105 1460 1173 Alii
1499 1119 1696 1173 diutius
1724 1133 1788 1173 ac
1814 1117 1974 1172 rariis
1999 1117 2246 1173 crnciatk

651 1208 752 1264 ints
778 1209 1009 1264 subinde
1037 1209 1351 1274 moriuntur,
1389 1226 1486 1266 nec
1509 1220 1683 1266 tamen
1716 1219 1889 1265 morte
1912 1210 2069 1265 datur
2094 1209 2246 1265 ﬁnire

652 1304 913 1360 dolorem.
959 1304 1053 1359 Est
1084 1306 1244 1375 igitur
1270 1316 1326 1361 et
1366 1304 1495 1360 illud
1525 1306 1634 1360 veri
1666 1306 1936 1376 martyris,
1985 1304 2087 1359 hoc
2113 1317 2247 1375 quo-

653 1412 756 1466 que
801 1404 968 1451 totum
1009 1397 1232 1453 arbitrio
1279 1396 1368 1452 Iiei
1411 1398 1764 1453 committere.
1805 1395 1962 1451 Novit
1992 1397 2080 1451 ille
2120 1396 2245 1467 quid

651 1492 901 1562 expediat
939 1492 1094 1545 nobis
1146 1502 1203 1547 et
1245 1492 1370 1563 qttid
1424 1492 1491 1546 ad
1537 1493 1706 1561 ipsius
1755 1491 1979 1562 gloriam
2018 1492 2248 1546 maxime

641 1585 991 1641 conducibile
1014 1588 1102 1641 sit.
1130 1585 1355 1642 Tantum
1383 1586 1509 1641 illud
1532 1586 1749 1641 assidue
1766 1582 2103 1655 cogitandum
2131 1594 2245 1640 est:

658 1678 778 1735 Sive
807 1676 1017 1732 vivimus
1040 1680 1143 1734 sive
1170 1679 1437 1744 morimur,
1472 1677 1678 1732 Domini
1704 1692 1878 1731 sumus
1908 1675 2088 1750 (Rom.
2134 1688 2245 1732 xw.

656 1770 731 1842 8).
761 1770 867 1826 Nec
892 1770 995 1826 sibi
1024 1773 1301 1842 quisquam
1330 1771 1629 1843 displiceat,
1662 1772 1707 1826 si
1727 1784 1953 1841 corpore
1977 1774 2176 1841 pariter
2199 1780 2250 1825 et

2344 554 2597 609 scriberet
2626 554 2861 611 Calatis:
2886 556 2952 611 Et
2980 559 3033 611 in
3060 575 3139 613 me
3158 558 3512 630 gloriﬁcabant
3543 557 3761 615 Deum
3783 558 3984 635 (Cum,

2345 645 2456 713 24).
2484 646 2846 703 Conlirmatur
2860 649 2964 706 hoc
2978 659 3035 721 et
3060 665 3155 719 per
3173 656 3604 724 repugnantiam
3640 670 3728 710 ex
3764 656 3859 710 his
3888 669 3991 726 qui:

2345 738 2595 793 diximus.
2627 740 2856 807 Etenim,
2894 742 2941 797 si
2977 758 3170 799 nomen
3201 744 3298 800 Dei
3327 746 3598 813 [mliuittrr
3631 761 3711 802 ac
3745 750 3988 805 dehone-

2344 840 2517 886 statur
2547 832 2704 903 impia
2738 834 2841 888 vita
2884 836 2965 890 sui
3000 838 3209 907 populi,
3244 839 3427 910 utique
3470 841 3631 894 bona
3695 840 3858 895 illius
3889 844 3984 897 vita

2346 924 2744 983 cohonestatur.
2778 911 3070 983 Βαιηιίπιιη·
3095 931 3237 999 apud
3275 930 3610 1000 Apes-tolum
3648 941 3714 988 et
3750 934 3986 1002 philoso-

2346 1016 2573 1088 phorum
2604 1015 2760 1090 impia
2783 1017 3066 1089 sapientia,
3097 1023 3202 1092 qui,
3231 1039 3348 1078 cum
3382 1027 3547 1080 Deam
3584 1028 3981 1098 ragrrovissnrt,

2347 1126 2448 1163 non
2475 1119 2640 1165 tanien
2662 1126 2777 1166 eum
2805 1120 2861 1167 ut
2889 1111 3050 1168 Deum
3088 1114 3549 1192 gloriﬁcaverunt(
3586 1119 3770 1175 Rom.
3803 1136 3845 1184 ι,
3876 1121 3978 1194 2|).

2349 1201 2679 1270 Sapientiam
2731 1204 3149 1274 proﬁtebantur.
3196 1218 3251 1262 et
3299 1222 3574 1265 summam
3639 1211 3981 1269 exhibebant

2348 1298 2871 1370 stultiti:tnt.ltatpn-,
2902 1314 3022 1355 com
3064 1301 3229 1357 Dcttm
3275 1319 3397 1359 esse
3434 1304 3978 1376 proﬁterentur,ta-

2353 1407 2495 1450 mea.
2520 1393 2752 1462 turpiter
2778 1396 3015 1448 virentes
3036 1405 3090 1449 et
3118 1393 3271 1450 idoiis
3292 1397 3710 1466 sacriﬁcantes,
3741 1398 3887 1453 falsa
3910 1409 3977 1455 te.

2352 1485 2605 1539 stitnonio
2658 1485 3057 1555 quodammodo
3125 1486 3482 1543 obscurabant
3540 1489 3656 1545 Dei
3712 1490 3971 1561 gloriam,

2351 1578 2500 1647 quasi
2528 1590 2624 1631 nec
2647 1577 2826 1648 justas
2848 1592 2993 1634 esset
3017 1594 3114 1635 nec
3144 1592 3327 1645 verax,
3379 1591 3467 1635 aut
3493 1584 3669 1652 quasi
3703 1596 3823 1638 non
3850 1600 3974 1639 unus

2353 1679 2515 1735 esset,
2548 1672 2642 1727 sed
2674 1673 2845 1739 multi,
2890 1681 2979 1729 aut
3020 1674 3170 1745 quasi
3224 1676 3371 1731 saxis
3399 1687 3545 1731 esset
3592 1679 3891 1733 assimilis.
3920 1679 3968 1735 Id

2355 1773 2535 1819 autem
2561 1765 2861 1821 evidentius
2896 1767 3057 1821 etiam
3087 1774 3311 1822 testatur
3347 1767 3716 1826 beatissimus
3764 1770 3967 1839 Paulus,

642 1867 837 1920 solum
863 1864 1057 1921 sentiat
1078 1878 1292 1938 gravem
1319 1870 1381 1921 a‘c
1407 1866 1663 1922 dimittam
1688 1866 2007 1933 molestiam,
2045 1874 2246 1921 tantum
2276 1858 2325 1923 Β
2355 1860 2596 1919 scribens
2633 1863 2699 1917 ad
2748 1859 3054 1916 Corinthios
3086 1879 3100 1915 :
3134 1862 3325 1934 Empti.
3374 1864 3571 1935 inquit,
3625 1865 3762 1920 estis
3812 1868 3959 1937 ρηιίο

658 1952 786 2014 ﬁdat
815 1959 862 2014 ei
890 1959 975 2013 cui
1019 1968 1188 2014 certat
1217 1960 1294 2016 :is
1323 1972 1425 2013 non
1467 1954 1687 2031 patietur
1726 1968 2033 2030 quamquam
2063 1961 2250 2013 tentari

647 2068 816 2119 supra
843 2051 898 2105 id
921 2052 1057 2122 quod
1101 2061 1283 2121 potest,
1327 2053 1416 2107 sed
1446 2053 1594 2124 faciet
1633 2053 1783 2107 etiam
1822 2068 1936 2106 tum
1977 2046 2252 2108 tentatioue

642 2156 959 2216 proventum
988 2144 1031 2217 (I
1065 2144 1185 2200 Cor.
1229 2160 1283 2210 χ,
1313 2147 1425 2218 15).
1456 2145 1725 2212 Quosdam
1753 2145 1957 2201 electos
1985 2146 2249 2201 interdum

661 2238 857 2306 patitur
879 2237 931 2291 in
973 2237 1252 2293 tormentis
1277 2237 1526 2301 deiicere,
1559 2244 1614 2292 ut
1648 2245 1940 2307 agnoscant
1970 2238 2253 2293 imbecilli-

659 2337 820 2384 tatem
849 2342 1019 2392 suam.
1058 2339 1217 2400 atque
1246 2331 1462 2385 eosdem
1491 2340 1609 2401 ροηι
1639 2327 1964 2385 fortissimos
1995 2330 2166 2386 reddit
2200 2332 2249 2385 in

658 2424 967 2479 certamine.
1025 2424 1135 2480 llac
1170 2425 1569 2495 dispensatione
1608 2420 1805 2480 Petrus
1848 2435 1930 2480 ter
1973 2425 2255 2495 abnegavit

662 2516 973 2585 Dominum,
1003 2528 1076 2585 ut,
1095 2518 1315 2574 edoctus
1344 2533 1501 2589 quam
1529 2518 1661 2573 nihil
1685 2527 1861 2587 posset
1889 2518 1998 2572 suis
2027 2518 2248 2584 viribus,

659 2610 1004 2665 c0nIirmaret
1028 2609 1221 2666 fratres
1264 2626 1413 2665 suos.
1445 2609 1726 2679 Quomodo
1751 2620 1931 2664 autem
1969 2609 2252 2665 conﬁrma-

660 2704 782 2757 rct‘t
823 2701 890 2759 Iit
925 2702 1028 2759 sibi
1066 2703 1247 2772 difllsi,
1295 2704 1541 2760 tlduoiatu
1572 2718 1785 2758 onmem
1829 2704 2157 2761 collocarent
2200 2705 2252 2761 in

660 2795 908 2852 Demitur.

732 2890 895 2947 XVII.
936 2889 1042 2948 ﬂed
1069 2891 1181 2962 jam
1228 2901 1437 2963 tempus
1492 2902 1576 2949 est
1604 2901 1659 2949 ut
1698 2891 1765 2948 de
1806 2893 1979 2949 altero
2014 2894 2253 2967 martyrii

660 3000 857 3056 genere
880 2984 1208 3042 disseramus
1234 2986 1481 3042 charitati
1511 2996 1635 3053 tum,
1679 2986 1747 3042 de
1774 3000 1881 3058 quo
1908 2987 2067 3042 etiam
2100 3000 2255 3042 accu-

661 3080 826 3135 ratius
851 3078 1360 3149 estrdisputandnm,
1389 3085 1531 3150 quod
1556 3081 1828 3136 occultum
1848 3080 1986 3135 silet
2017 3080 2253 3134 Omnium

663 3184 962 3245 temporum
1000 3189 1317 3240 commune;
1371 3188 1542 3245 neque
1589 3176 1733 3229 enim
1780 3188 1996 3245 semper
2031 3176 2257 3229 smviuut

2354 1972 2559 2026 magno,
2590 1955 2875 2028 glori/irate
2912 1964 2960 2009 et
3003 1964 3201 2025 portate
3234 1955 3403 2010 Deum
3439 1956 3491 2010 in
3543 1972 3786 2026 corpore
3818 1969 3962 2013 vestro

2355 2039 2400 2120 (Ι
2426 2046 2546 2103 Cor.
2593 2060 2662 2109 vr,
2695 2047 2766 2104 ἐῢ
2787 2045 2827 2117 ).
2861 2043 2988 2102 ideo
3033 2046 3177 2101 Dens
3221 2045 3446 2102 redemit
3493 2063 3601 2101 nos
3640 2049 3820 2118 pretio
3845 2061 3955 2102 sau—

2355 2143 2527 2213 guinis
2556 2142 2637 2195 sui
2678 2150 2753 2209 ut,
2804 2137 2973 2197 semel
3019 2157 3049 2194 a
3093 2141 3327 2213 peccatis
3352 2143 3671 2214 expurgati,
3721 2144 3959 2214 deinceps

2355 2235 2519 2289 vitam
2549 2235 2665 2304 ipso
2693 2233 2906 2305 dignam
2933 2246 3235 2305 ageremus.

2426 2323 2570 2380 XIX.
2611 2324 2691 2381 Ac
2722 2325 3039 2398 symbolum
3060 2326 3398 2397 imperatoris
3426 2338 3716 2399 gestamus
3745 2312 3957 2401 impres-

2356 2432 2472 2474 sum
2504 2418 2771 2474 frontibus
2798 2421 3012 2475 nostris.
3044 2420 3182 2488 Quid
3202 2420 3247 2476 si
3274 2436 3465 2492 gerens
3487 2424 3713 2495 signum
3742 2423 3945 2493 Christi,

2359 2518 2573 2583 prtestet
2592 2527 2752 2581 opera
2783 2512 2987 2569 Belial?
3005 2526 3183 2568 nonne
3202 2514 3554 2571 dedecorator
3578 2518 3675 2573 ille
3702 2518 3853 2589 Cujus
3878 2520 3948 2572 in-

2356 2605 2524 2675 signia
2552 2605 2829 2675 gerimus?
2853 2602 3051 2661 Contra
3082 2606 3218 2660 sicut
3241 2608 3530 2678 imperator
3554 2609 3660 2665 sibi
3690 2612 3861 2681 placet
3886 2610 3946 2666 de

2358 2699 2527 2755 milite
2558 2709 2907 2769 prmstrenno,
2940 2699 3019 2755 sic
3046 2700 3362 2755 existimans
3391 2700 3535 2756 illius
3566 2704 3817 2758 virtutem
3850 2705 3943 2776 ipsi

2357 2790 2538 2846 decori
2576 2799 2629 2846 et
2654 2800 2975 2846 ornamento
3016 2806 3137 2847 esse
3168 2812 3180 2847 :
3213 2793 3291 2847 sic
3323 2794 3461 2850 Deus
3488 2796 3744 2867 gloriatur
3772 2795 3941 2850 initis

2357 2896 2492 2957 quos
2530 2886 2777 2951 redemit,
2823 2898 2959 2957 quos
3002 2887 3150 2952 lavit,
3204 2903 3338 2958 quos
3392 2890 3750 2956 sanctiﬁcarit,
3802 2904 3931 2961 quos

2357 2978 2585 3049 Spiritus
2610 2979 2864 3034 donativo
2900 2980 3149 3052 dignatus
3190 2990 3293 3049 est,
3344 2984 3389 3037 si
3437 2985 3557 3041 vita:
3599 2984 3933 3042 sanctimonia

2358 3071 2684 3128 declararint
2734 3072 2946 3128 Domini
2980 3073 3201 3144 gratiam
3236 3076 3289 3129 in
3328 3076 3456 3147 ipsis
3499 3088 3601 3132 non
3647 3077 3810 3133 fuisse
3844 3093 3930 3131 va-

2359 3176 2533 3220 cuam.
2583 3164 2638 3220 Si
2680 3165 2876 3220 Paulus
2922 3167 3181 3237 gloriatur
3219 3166 3272 3222 in
3318 3167 3697 3240 discipulorum
3733 3171 3930 3240 pietate,

663 3267 921 3330 Nerones,
959 3266 1288 3331 Diocletiani,
1338 3266 1480 3321 Decii
1521 3280 1583 3320 ac
1622 3265 1915 3332 Maximini,
1968 3278 2253 3335 numquam
2283 3260 2326 3325 C
2359 3257 2608 3327 gaudium
2649 3266 2703 3312 et
2733 3273 2989 3313 coronant
3032 3273 3182 3314 suam
3220 3260 3339 3316 illo;
3368 3264 3659 3333 appellans,
3690 3266 3777 3334 qui
3813 3263 3929 3317 nihil

665 3370 840 3414 tamen
868 3370 1041 3413 cessat
1070 3360 1313 3413 diabolus
1340 3372 1595 3414 cxercrrc
1625 3359 1819 3414 Christi
1865 3359 2106 3414 militiam
2135 3373 2259 3430 pro-

666 3452 854 3508 fessus.
908 3451 974 3505 Et
1020 3451 1262 3506 fortassis
1289 3462 1441 3505 erunt
1474 3454 1718 3521 posthac,
1754 3454 1986 3506 donante
2015 3453 2254 3519 Christo,

669 3556 908 3614 tempora
956 3542 1149 3615 quibus
1187 3544 1345 3599 nulla:
1377 3553 1722 3616 tyrannorum
1756 3546 2154 3612 persecutiones
2181 3546 2258 3598 af-

665 3635 846 3706 ﬂigcnl
871 3637 1163 3692 Iicclesiam
1191 3655 1205 3694 :
1226 3650 1508 3707 numquam
1537 3649 1709 3692 tamen
1731 3636 1971 3691 defutura
1995 3645 2118 3693 sunt
2143 3652 2259 3692 cer—

668 3729 883 3795 tamina,
903 3740 1190 3800 nitntQuam
1222 3731 1484 3801 martyrio.
1502 3729 1694 3801 quibus
1725 3727 1965 3785 Itutninea
2000 3730 2065 3799 pii
2097 3726 2260 3801 glori-

667 3822 822 3877 ﬁcent
872 3822 1062 3878 Deum.
1109 3822 1349 3878 Ecclesia
1390 3823 1603 3892 quidem
1644 3821 1821 3877 adhuc
1861 3824 1910 3877 in
1954 3822 2058 3878 hoc
2098 3825 2258 3879 exilio

563 3962 572 3966 _
665 3917 919 3979 militans,
971 3916 1326 3987 pecuiiarihns
1372 3917 1578 3987 gaudiis
1634 3918 1905 3988 applaudit
1957 3914 2020 3973 iis
2065 3919 2152 3989 qui
2206 3922 2257 3973 in

668 4007 999 4077 professione
1030 4010 1261 4063 nominis
1289 4008 1413 4064 Jesu
1443 4010 1649 4065 animas
1677 4025 1802 4064 suas
1833 4009 2060 4065 ﬁdeliter
2093 4011 2261 4082 depo—

667 4109 908 4164 suerunt,
933 4110 988 4154 et
1009 4100 1074 4154 ad
1105 4102 1292 4156 horum
1321 4103 1606 4156 memorias
1629 4116 1817 4171 magna
1839 4116 1957 4155 cum
1985 4102 2260 4157 alacritate

667 4194 1003 4247 concurritur
1032 4210 1046 4249 :
1082 4193 1175 4257 sed
1202 4194 1423 4249 cmleste
1454 4194 1740 4260 theatrum,
1782 4195 2106 4264 Angelortun
2146 4210 2262 4268 my—

666 4285 843 4357 riades
872 4294 925 4341 et
959 4286 1225 4355 jusmrum
1254 4302 1375 4341 cum
1405 4285 1619 4340 Christo
1645 4289 1979 4356 regnantium
2019 4289 2262 4342 innume—

667 4381 851 4434 rabilis
900 4381 1126 4452 populus
1172 4379 1501 4451 applaudtmt
1572 4381 1820 4436 omnibus
1864 4382 1951 4451 qui
1998 4384 2258 4437 sinceram

666 4472 825 4527 Iidem
874 4481 929 4528 ct
991 4472 1307 4528 charitatem
1358 4473 1630 4538 invictam,
1683 4487 1841 4543 quam
1892 4473 2089 4529 habent
2134 4489 2259 4544 erga

667 4565 948 4621 [mntinum
971 4566 1175 4632 Jcsutn,
1206 4567 1509 4638 integritate
1544 4575 1599 4622 et
1630 4568 1931 4633 innocentia
1963 4568 2082 4621 vitae
2109 4566 2261 4623 testi-

662 4658 905 4715 Iicantur.

733 4754 919 4810 XVIII.
982 4755 1091 4812 Nec
1141 4756 1314 4812 solum
1361 4755 1692 4827 professione
1751 4757 1893 4824 Ildei,
1947 4774 2066 4828 quae
2106 4758 2256 4829 juxta

664 4846 908 4913 Paulum,
944 4862 1037 4902 ore
1092 4848 1149 4903 lit
1175 4849 1240 4903 ad
1285 4849 1532 4912 salutent,
1582 4849 1907 4920 gloriﬁcatur
1952 4851 2109 4917 Dens,
2169 4868 2258 4907 vc-

660 4958 779 4998 rum
803 4943 965 4998 etiam
988 4944 1327 4998 confessione
1348 4944 1780 4999 commissorum.
1816 4944 1939 4999 llzrc
1966 4959 2034 5000 ne
2060 4955 2259 5001 temere

659 5048 727 5090 ex
750 5035 903 5090 nobis
936 5036 1063 5103 ipsis
1103 5036 1243 5104 loqui
1272 5035 1571 5098 videamur,
1605 5035 1915 5091 adducenda
1957 5047 2080 5090 sunt
2112 5037 2287 5091 Scrim

656 5137 934 5198 pturarum
960 5129 1280 5183 testimonia.
1303 5129 1460 5199 Ergo,
1479 5128 1813 5198 nisipiorum
1841 5130 1945 5194 vita
1961 5129 2173 5184 cederet
2204 5130 2254 5184 in

654 5221 881 5293 gloriam
917 5220 1029 5282 Dei,
1061 5222 1305 5276 Christus
1350 5235 1453 5276 non
1482 5221 1691 5276 diceret
1733 5222 1785 5277 in
1819 5221 2107 5293 Evangelia
2138 5242 2149 5276 :
2188 5223 2256 5279 Ut

656 5313 859 5368 videant
885 5329 1041 5384 opera
1067 5324 1231 5369 vestra
1260 5315 1411 5383 bona,
1441 5324 1486 5369 et
1505 5314 1792 5387 gloriﬁcent
1818 5325 2015 5386 patrem
2035 5327 2255 5373 uestrum

2361 3354 2476 3407 erat
2498 3354 2596 3407 nisi
2625 3352 2966 3422 dispensator
2989 3352 3148 3411 alieni
3172 3356 3429 3417 muneris.
3487 3374 3658 3413 annon
3690 3358 3935 3412 Dominus

2360 3445 2529 3509 magis
2575 3446 2834 3514 gloriatur
2871 3460 3031 3515 super
3080 3446 3163 3501 his
3204 3461 3300 3517 pro
3329 3449 3521 3519 quibus
3552 3460 3779 3505 mortuus
3818 3449 3932 3503 est?

2360 3533 2479 3590 Jam
2510 3535 2652 3606 quod
2680 3536 2733 3590 in
2759 3536 2893 3591 libro
2909 3536 3013 3593 Job
3037 3538 3103 3593 ad
3134 3538 3273 3593 hunc
3303 3540 3517 3596 modum
3546 3543 3744 3599 Satanae
3772 3541 3933 3610 loqu:-

2364 3641 2447 3684 tur
2477 3630 2730 3686 Dominus
2760 3647 2774 3685 :
2809 3630 2950 3685 Nam
2976 3633 3382 3689 animadvertisti
3411 3652 3606 3690 servant
3630 3652 3788 3689 meum
3810 3632 3925 3693 Job,

2360 3726 2612 3796 quomodo
2642 3742 2743 3780 non
2780 3726 2845 3780 sit
2871 3726 2917 3780 ei
2944 3726 3125 3780 similis
3152 3744 3308 3799 super
3330 3738 3523 3795 tetram,
3554 3729 3696 3783 homo
3719 3728 3927 3796 simplex

2361 3828 2409 3873 et
2429 3828 2593 3873 rectus
2613 3836 2673 3873 ac
2704 3821 2879 3875 timens
2914 3819 3097 3888 Deum,
3122 3829 3169 3874 et
3198 3822 3431 3877 recedens
3454 3838 3483 3876 α
3506 3822 3686 3877 malitia
3730 3818 3864 3894 (Job.
3882 3835 3916 3884 t,

2364 3914 2456 3982 8)?
2493 3928 2671 3968 nonne
2699 3928 3001 3969 sermonem
3032 3916 3230 3982 profert
3274 3916 3339 3970 dc
3367 3931 3464 3971 suo
3490 3917 3683 3972 cultore
3704 3916 3921 3986 glorian-

2364 4008 2469 4062 tis?
2502 4007 2698 4062 Beatus
2733 4019 2909 4062 autem
2955 4009 3150 4062 Paulus
3182 4009 3544 4079 splendidiore
3586 4010 3733 4065 etiam
3776 4007 3924 4063 verba

2364 4116 2489 4156 usus
2530 4108 2631 4168 est,
2683 4101 2923 4157 scribens
2963 4102 3249 4157 seetnulam
3297 4101 3363 4156 ad
3408 4103 3707 4159 (Iorinzltios
3736 4100 3925 4171 Episto-

2365 4194 2468 4248 lam
2500 4212 2512 4248 :
2545 4192 2652 4248 Deo
2686 4203 2854 4248 autem
2892 4194 3079 4266 gratia,
3124 4195 3211 4264 qui
3249 4210 3445 4265 semper
3478 4196 3751 4267 triumphat
3775 4210 3853 4246 nos
3875 4192 3916 4244 iu

2363 4287 2564 4342 Christo
2586 4286 2731 4352 Jesn,
2765 4295 2812 4342 et
2842 4287 3046 4341 odorem
3073 4287 3266 4342 notitia:
3292 4302 3399 4341 sua:
3435 4289 3720 4361 matrifestnt
3746 4304 3825 4359 per
3843 4301 3918 4338 nos

2362 4381 2414 4434 in
2468 4382 2603 4435 omni
2664 4382 2774 4435 loco
2816 4397 2835 4434 :
2870 4382 2990 4451 quia
3032 4382 3220 4435 Christi
3256 4383 3414 4435 (tonus
3452 4382 3582 4437 odor
3619 4399 3781 4438 sumus
3829 4376 3917 4432 Deo

2363 4473 2442 4546 ('II
2476 4473 2592 4528 Cor.
2628 4488 2683 4536 tt,
2710 4472 2786 4544 4).
2819 4472 3007 4528 Melius
3026 4482 3296 4529 estnomen
3322 4474 3507 4530 bonum
3530 4493 3681 4546 super
3696 4481 3920 4543 unguenta

2364 4567 2583 4636 pretiosa
2614 4562 2829 4638 (Eccli.
2872 4578 2967 4633 vn,
3007 4566 3088 4637 2).
3133 4567 3407 4636 Scriptura
3438 4570 3715 4650 gloriosam
3745 4568 3914 4628 Lautam

2286 4654 2339 4719 1)
2364 4657 2634 4727 appellare
2667 4658 2802 4711 solet
2832 4656 3199 4713 adorauit-uta.
3230 4656 3343 4713 Non
3378 4667 3557 4716 tamen
3595 4661 3729 4718 Deus
3752 4655 3921 4729 gloria—

2363 4763 2451 4811 tur
2481 4753 2753 4808 hominum
2782 4766 2952 4817 more,
2981 4751 3081 4806 sibi
3116 4754 3334 4821 placens
3360 4769 3423 4809 ac
3449 4756 3706 4825 gestiens,
3730 4750 3813 4808 sed
3842 4762 3919 4802 tto—

2362 4859 2529 4905 slram
2570 4848 2797 4901 salutem
2822 4844 2968 4900 ducit
2990 4845 3234 4915 gloriam,
3267 4855 3322 4900 et
3342 4846 3462 4909 ideo
3482 4848 3708 4917 subjecit
3729 4848 3921 4915 prstc-

2364 4942 2449 4997 ius
2483 4958 2495 4994 :
2532 4939 2595 4994 In
2649 4939 2729 4993 his
2777 4940 2860 5009 qui
2907 4937 3035 4992 solvi
3092 4939 3243 5007 ﬁunt,
3295 4948 3343 4992 ct
3382 4939 3434 4993 in
3483 4939 3565 4994 his
3593 4942 3684 5007 qui
3724 4942 3916 5009 pereunt.

2363 5035 2644 5104 Quomodo
2683 5033 3011 5104 glorificatus
3044 5031 3182 5088 Deus
3233 5034 3283 5087 in
3333 5032 3415 5088 his
3460 5034 3548 5105 qui
3597 5033 3727 5091 salvi
3772 5025 3920 5085 liunt?

2363 5128 2617 5202 quoniam
2654 5126 2795 5182 illius
2839 5127 3135 5182 illustratur
3179 5127 3563 5183 misericordia.
3596 5124 3854 5198 Quomodo
3878 5121 3918 5172 in

2361 5224 2445 5280 his
2470 5223 2558 5295 qui
2597 5222 2868 5295 pereunt?
2891 5223 3143 5293 quoniam
3171 5220 3223 5277 in
3265 5219 3347 5279 his
3374 5221 3683 5280 declaratur
3707 5221 3831 5277 illius
3851 5214 3920 5285 ju—

2358 5319 2522 5375 stitia.

1989 5458 2351 5519 VARIOBUM
2388 5456 2616 5517 NOTAE.

731 5602 798 5658 Ut
854 5602 1001 5658 habet
1042 5599 1246 5670 quidem
1298 5598 1522 5651 humana
1572 5593 1991 5670 historia._ﬂa!c
2035 5611 2251 5670 quoque

652 5673 867 5745 phrasis
895 5666 1168 5729 veteribus
1210 5670 1500 5738 incognita,
1537 5668 1626 5736 qui
1677 5680 1779 5745 non
1826 5666 2107 5735 humanas,
2152 5666 2246 5722 sed

651 5741 1044 5801 ecclesiasticas
1068 5745 1319 5799 historias
1347 5748 1671 5811 nuncupant.
1709 5741 1914 5795 PAIEL.

732 5815 1030 5870 Diocletiani
1086 5816 1337 5869 Morelius
1372 5810 1588 5879 conjiCit
1634 5813 1919 5882 legendum
1965 5810 2246 5865 Valeriani.

656 5881 880 5947 Verum,
908 5886 1006 5939 etsi
1039 5884 1091 5939 id
1114 5883 1227 5951 ﬂat,
1262 5884 1413 5953 plura
1447 5895 1567 5939 sunt
1598 5880 2108 5951 alia—qttchypriani
2144 5896 2248 5934 non

2355 5608 2475 5649 esse
2515 5592 2860 5647 convincunt.
2912 5590 3098 5662 Neque
3126 5604 3256 5646 vero
3296 5592 3500 5662 uspiam
3546 5593 3616 5650 de
3646 5594 3803 5648 altero
3837 5584 3917 5638 hoc

2358 5664 2597 5738 martyrii
2630 5663 2999 5738 genereapud
3036 5662 3185 5738 illum
3214 5679 3403 5738 sermo
3429 5676 3532 5738 est.
3562 5666 3764 5738 Pauet.

2430 5731 2913 5805 I’u'uhtsvapostolus
2940 5736 3174 5788 scriberet
3203 5734 3421 5793 (inlatis.
3460 5735 3630 5793 Recte
3661 5736 3732 5792 sic
3760 5731 3917 5789 Manil-

2358 5809 2462 5867 tius
2494 5826 2588 5882 pro
2609 5808 2905 5866 Corinthiis.
2934 5809 3140 5867 Panes.
