4190 6266
333 365 445 432 B93

1576 377 1666 444 De
1706 375 1975 448 nupuct
2014 373 2393 451 Mannum.

3457 338 3466 344 ’
3523 363 3628 459 sol

414 487 530 547 XX.
574 489 725 547 Nunc
751 491 863 564 ipse
888 495 1152 554 sermonis
1186 511 1380 557 cursus
1400 515 1500 558 nos
1537 519 1603 559 eo
1630 504 1851 562 deduxit
1877 515 1932 564 ut
1958 511 2006 572 Λ
2033 519 2204 566 calore
2229 513 2572 579 manentium
2608 521 2788 588 agente
2816 513 3024 589 (Ibid).
3049 511 3158 573 Nec
3197 523 3370 574 tamen
3413 515 3516 576 hoc
3555 521 3632 579 sic

333 585 628 644 doceamus
641 599 692 644 et
715 600 1052 662 peccatorum
1071 596 1408 652 confessione
1428 598 1714 669 glorificari
1734 601 1925 658 Deum.

329 677 436 737 Hic
465 683 956 754 oceurritprotinus
983 701 1047 744 ex
1077 688 1214 743 libro
1241 689 1366 745 Jcsu
1399 690 1544 746 Nave
1570 691 1777 763 Achati,
1815 693 1926 766 qui,

334 775 610 846 quoniam,
638 786 822 832 contra
851 778 1088 836 divinum
1108 783 1363 850 edictum,
1391 787 1675 842 sustulerat
1701 804 1764 844 ex
1797 806 1927 844 aua-

323 867 577 922 -thcmate
607 869 826 938 pallium
859 875 1168 930 Coccincum
1214 877 1439 948 insigne,
1481 895 1541 934 ac
1570 881 1824 954 ducentos
1859 885 1929 938 si-

337 957 454 1014 clos
489 961 717 1030 argenti,
747 977 810 1018 ac
851 963 1082 1030 linguam
1121 981 1336 1021 auream
1385 970 1636 1026 siclornni
1670 974 1928 1044 quinqua-

334 1052 482 1124 ginta
508 1094 522 1118 ,
565 1056 794 1124 populus
838 1056 999 1114 lsrael
1045 1068 1186 1130 terga
1221 1062 1378 1116 vertit
1423 1065 1681 1119 hostibus.
1747 1066 1926 1138 itaque

334 1143 499 1201 Josue
539 1146 672 1201 dixit
716 1147 896 1202 Achan
931 1166 944 1204 :
972 1148 1080 1204 Fili
1107 1153 1192 1220 uti,
1236 1153 1302 1207 da
1329 1153 1547 1226 gloriam
1571 1155 1790 1214 Domino
1821 1159 1926 1214 Deo

333 1234 520 1303 Israel,
555 1248 602 1292 et
638 1241 898 1309 conﬁtere,
932 1255 1080 1312 atque
1112 1245 1282 1299 indica
1324 1248 1448 1301 mihi
1489 1249 1610 1318 quid
1633 1251 1830 1319 feceris,
1864 1267 1926 1307 ne

331 1329 611 1386 abscondas
643 1329 824 1404 (Iosue
849 1349 942 1400 vn,
974 1333 1084 1406 19).
1116 1337 1424 1404 Confessus,
1467 1340 1614 1396 dedit
1639 1357 1846 1412 pinnas,
1873 1353 1927 1400 et

332 1440 553 1480 aversus
595 1435 678 1481 est
715 1427 861 1482 furor
905 1427 1137 1486 Domini.
1193 1432 1265 1486 Ea
1309 1433 1580 1492 confessio
1611 1435 1924 1496 clariﬁcmit

325 1516 430 1573 Dei
457 1518 716 1588 justitiam
759 1535 821 1574 ac
842 1523 1158 1592 sapientiam
1196 1544 1207 1578 ε
1235 1527 1578 1597 sapientiam,
1610 1531 1752 1600 quod
1779 1533 1924 1590 illius

323 1611 500 1666 oculis
547 1612 678 1666 nihil
727 1623 872 1669 esset
915 1614 1258 1685 abstrusum;
1303 1617 1584 1690 justitiam,
1631 1625 1772 1694 quod
1817 1641 1920 1682 non

326 1703 447 1759 sine
493 1719 649 1760 causa
690 1721 880 1776 passus
908 1695 1081 1764 esset
1137 1710 1319 1767 hostes
1373 1713 1629 1771 adversus
1669 1715 1919 1775 Israelem

329 1797 677 1862 invalescere,
729 1801 976 1871 quodque
1021 1804 1166 1874 leges
1211 1805 1376 1875 ipsius
1423 1809 1598 1864 nullus
1641 1809 1917 1868 hominum

305 1893 548 1960 impune
575 1891 754 1945 violat.
791 1891 934 1948 Nihil
965 1905 1080 1949 crat
1111 1899 1286 1967 magni
1318 1899 1458 1968 quod
1485 1901 1776 1958 suil‘uratus
1806 1915 1919 1961 crat
1952 1911 1995 1974 Β

327 1983 513 2038 Achan
550 1999 563 2037 :
595 1999 843 2054 magnum
880 1997 1054 2042 tamen
1103 1999 1219 2045 erat
1256 1991 1637 2049 documentum
1667 1997 1920 2053 universo

326 2075 548 2147 populo,
576 2087 831 2148 quantum
864 2082 1159 2149 periculum
1206 2085 1272 2140 sit
1307 2085 1397 2142 Dei
1425 2087 1576 2157 jussa
1624 2089 1914 2161 negligere,

327 2170 484 2241 eique
511 2171 648 2227 velle
679 2173 958 2244 imponere
985 2178 1134 2246 quasi
1166 2179 1454 2249 quidquam
1501 2181 1650 2237 illum
1683 2181 1912 2254 fugeret,

324 2277 416 2319 aut
441 2266 592 2336 quasi
617 2265 814 2323 faveret
843 2271 1358 2338 praevaricator-ibus.
1388 2273 1563 2346 Atque
1589 2278 1675 2333 ilic
1701 2279 1916 2351 quidem

325 2373 449 2414 cum
479 2369 622 2415 esset
649 2361 892 2430 Iudaeus,
939 2363 1011 2419 ob
1050 2367 1265 2422 unicum
1309 2381 1609 2439 peccatum,
1642 2374 1783 2444 quod
1818 2375 1915 2444 ipsi

324 2449 441 2506 leve
473 2452 773 2520 videbitur,
817 2459 1192 2514 severissimos
1222 2472 1408 2528 pmuas
1450 2463 1620 2531 dedit,
1655 2465 1917 2538 lapidatus

321 2542 392 2598 ab
429 2544 679 2599 universo
705 2549 922 2617 populo,
951 2551 1195 2619 corporis
1223 2551 1440 2608 interitu
1471 2556 1696 2612 salutem
1725 2557 1916 2616 anima:

323 2635 614 2691 redimens.
645 2637 758 2693 Non
786 2640 926 2694 enim
964 2641 1170 2711 judicat
1199 2644 1338 2698 Deus
1369 2646 1449 2701 bis
1481 2647 1532 2702 in
1563 2650 1814 2719 itlipsum.

394 2730 536 2786 XXI.
581 2731 686 2788 Sed
714 2749 832 2802 qua:
866 2749 1017 2811 paena
1042 2743 1222 2793 manet
1248 2738 1364 2794 illos
1403 2741 1492 2811 qui
1516 2784 1530 2809 ,
1566 2753 1684 2811 post
1715 2754 1912 2803 tantam

319 2822 592 2894 Evangelii
623 2825 793 2881 lucem
829 2835 883 2882 et
912 2808 1160 2898 gratiam,
1201 2838 1382 2900 postea
1412 2808 1760 2902 quainsemel
1795 2837 1915 2893 illit-

319 2916 504 2970 minati
545 2927 686 2983 sinit,
731 2929 1077 2988 gustavcrunt
1127 2921 1289 2976 etiam
1331 2923 1530 2979 donum
1575 2927 1813 2994 coeleste,
1861 2941 1914 2987 et

319 3009 606 3079 participes
657 3009 782 3064 facti
843 3023 964 3066 sunt
1021 3012 1250 3087 Spiritus
1304 3018 1502 3086 sancti,
1562 3031 1914 3089 gustavi-runt

318 3116 470 3172 :rque
498 3103 692 3158 bonum
727 3105 814 3158 Dt-i
854 3106 1075 3162 verbum
1101 3107 1436 3180 virtutesque
1463 3113 1644 3168 saeculi
1677 3119 1906 3183 venturi,

317 3193 370 3248 in
403 3195 562 3250 multa
592 3206 750 3266 atque
783 3197 1032 3254 immania
1063 3201 1288 3256 crimina
1332 3203 1665 3268 relabuntur.
1698 3209 1909 3264 crucill-

249 3354 254 3362 ,
313 3297 503 3358 gentes
525 3289 874 3361 sibimetipsis
919 3293 1111 3348 Filium
1144 3294 1234 3350 Dei
1265 3303 1318 3352 et
1345 3301 1578 3354 ostentui
1612 3302 1911 3360 habentes?
1937 3315 1982 3378 ο

314 3380 414 3450 Qui
461 3383 560 3438 hoc
595 3393 719 3438 sunt
744 3385 904 3440 etiam
943 3387 1382 3458 miserabiliores,
1426 3393 1588 3464 quod,
1617 3411 1736 3450 cum
1778 3397 1910 3452 tales

313 3475 440 3540 sint,
472 3487 825 3544 aspernantur
871 3487 1047 3533 tamen
1095 3483 1420 3550 pmnitentia:
1457 3485 1704 3541 salutaris
1729 3505 1908 3544 reme-

314 3566 483 3634 dium,
507 3577 859 3624 contemnuut
882 3571 1176 3628 Ecclesium
1206 3585 1504 3631 maternum
1535 3582 1795 3649 gremium
1826 3583 1906 3637 of-

315 3662 573 3718 ferentem
604 3673 659 3718 et
687 3664 752 3719 ad
794 3666 1038 3722 sanitatis
1095 3668 1538 3728 instaurationem
1567 3675 1903 3733 invitantem.

314 3753 588 3823 Ejusmodi
617 3755 848 3813 defectio
877 3767 1131 3829 quantam
1167 3771 1318 3828 putas
1359 3764 1707 3834 ignominiam
1741 3769 1857 3824 iuu'

313 3846 611 3903 Ecclesiae?
637 3847 747 3904 Nec
775 3863 838 3905 ea
867 3851 1154 3922 ignominia
1184 3869 1287 3910 non
1321 3865 1494 3924 potest
1535 3860 1804 3928 pertinere
1837 3873 1904 3917 au

308 3941 580 3998 Christum
630 3948 717 4016 qui
761 3957 840 4000 est
881 3959 1039 4018 caput
1065 3950 1336 4018 Ecclesizr,
1359 3963 1409 4008 et
1435 3959 1725 4024 peremnia
1750 3973 1902 4014 suum

311 4048 431 4088 esse
481 4034 626 4090 ducit
655 4037 794 4107 quod
821 4047 906 4093 est
929 4042 1173 4110 eorporis
1209 4057 1270 4107 ac
1315 4047 1677 4100 membrorum
1713 4049 1898 4118 ipsius.

309 4125 350 4178 li
381 4126 617 4192 diverso,
646 4139 842 4200 quanta
886 4133 1046 4186 Ictius
1075 4129 1332 4188 Ecclesitc
1381 4137 1637 4192 exultatio
1663 4153 1784 4194 Cum
1813 4143 1901 4211 qui

307 4215 488 4283 lqisus
514 4227 617 4286 est,
653 4237 746 4289 per
782 4223 1150 4291 paenitentiam
1191 4225 1445 4302 Bouh-size
1485 4231 1902 4288 reconciliatur?

307 4309 384 4362 Ac
416 4323 482 4362 ne
512 4320 759 4378 putemus
787 4313 887 4368 hoc
911 4316 1162 4385 gaudium
1211 4319 1350 4387 apud
1398 4336 1494 4373 nos
1527 4329 1730 4376 tantum
1757 4340 1896 4391 esse,

309 4399 592 4455 Dominum
619 4404 898 4463 audiamus
924 4407 975 4463 in
1007 4409 1295 4480 Evangelio
1311 4420 1438 4468 κατὰ
1453 4413 1646 4470 Lucam
1681 4417 1900 4488 loquen-

310 4506 418 4552 trm
447 4516 458 4552 :
483 4496 570 4552 Ita
610 4499 722 4554 dico
756 4503 912 4568 vobis,
944 4505 1082 4575 quod
1106 4507 1348 4576 gaudium
1381 4510 1470 4562 erit
1505 4508 1556 4563 in
1586 4510 1709 4564 creto
1748 4527 1899 4582 super

311 4607 416 4644 uno
441 4601 703 4662 peccatore
729 4596 1094 4665 penitenttiam
1137 4611 1334 4670 agente,
1363 4615 1513 4672 quant
1555 4617 1706 4673 super
1731 4619 1896 4658 nona-

2037 605 2404 675 accipieudum
2436 619 2535 674 ρει,
2571 609 2720 680 quasi
2763 609 2870 665 Deo
2919 615 2972 666 et
3019 609 3134 682 ejus
3163 605 3385 682 Angelis
3429 613 3632 684 gratius

2033 697 2103 750 sit
2145 705 2263 766 post
2313 699 2517 769 lapsum
2565 699 2742 756 redire
2771 699 2835 756 ad
2877 701 3146 772 pit-tatem,
3177 719 3335 773 quam
3377 707 3504 760 citra
3557 707 3632 762 la-

2035 796 2185 857 psum
2228 801 2576 857 perseverare
2615 793 2666 847 iu
2712 793 3012 848 innocentia
3047 811 3058 848 :
3090 793 3182 870 sed
3219 795 3487 866 St‘t‘iptut‘a
3533 811 3630 853 suo

2033 896 2182 935 more
2203 882 2437 955 loquitur
2457 885 2748 940 secundum
2769 883 2990 941 affectus
3015 885 3297 956 humanos,
3321 887 3444 944 illud
3469 895 3632 946 teda-

2029 982 2139 1031 tum
2178 992 2298 1033 esse
2336 977 2517 1032 volens
2561 978 2667 1033 Deo
2707 979 3064 1050 gratissimam
3123 993 3242 1036 esse
3289 987 3628 1052 peceatorttm

2029 1072 2434 1126 Conversiouem
2470 1063 2631 1127 :Non
2677 1064 3024 1146 enimquterit
3069 1081 3279 1130 mortem
3324 1065 3626 1147 peccatoris,

2028 1162 2116 1217 sed
2142 1163 2301 1234 magis
2331 1173 2718 1219 utconvertatur
2747 1173 2791 1219 et
2821 1167 2950 1219 vivat
2975 1159 3191 1235 (Ezech.
3219 1180 3368 1236 xvm,
3399 1166 3514 1241 5‘2).

2098 1277 2262 1335 XXII.
2314 1280 2487 1352 Atque
2531 1281 2796 1336 interdum
2851 1281 3056 1351 piorttm
3109 1279 3384 1338 hominum
3419 1283 3623 1354 lapsus,

2026 1375 2266 1445 quamvis
2297 1390 2564 1440 enormes,
2621 1361 2796 1430 divina
2825 1373 3226 1446 dispensatione
3261 1385 3539 1432 vertuntur
3569 1379 3621 1434 in

2025 1485 2291 1524 etnnnuun
2325 1469 2578 1526 Ecclesia:
2611 1471 2928 1540 profectum.
2955 1469 3044 1526 Sic
3075 1469 3255 1542 lapsus
3285 1481 3364 1526 est
3397 1471 3626 1543 Aposto-

2033 1559 2206 1616 lorum
2237 1561 2501 1632 priuc'rp~,
2535 1563 2612 1618 sic
2644 1559 2838 1617 Paulus
2863 1563 3099 1634 gentium
3124 1553 3330 1630 doctor,
3361 1563 3438 1618 sic
3464 1557 3626 1622 Maria

2024 1653 2355 1728 Magdalene,
2383 1659 2572 1730 quibus
2597 1674 2734 1714 nunc
2762 1657 3001 1714 Ecclesia
3033 1661 3299 1731 praecipue
3340 1661 3620 1733 gloriatur,

2023 1751 2446 1824 quorumlapsns
2471 1761 2746 1808 cesserunt
2770 1753 2823 1807 in
2847 1753 3262 1810 stabilimentum
3290 1773 3352 1812 ac
3377 1759 3622 1816 solatium

2025 1845 2215 1900 domus
2249 1847 2364 1900 Dei.
2399 1847 2666 1901 Praeterea
2698 1864 2801 1900 non
2828 1843 2914 1900 hic
2935 1847 3166 1918 loquitur
3195 1845 3263 1905 de
3292 1864 3416 1906 vere
3441 1849 3622 1922 justis,

2023 1937 2115 1992 sed
2143 1933 2432 2008 dejustitii
2469 1937 2790 2008 phariSaica,
2821 1937 3269 2007 quemadmodum
3299 1941 3423 1995 alibi
3452 1942 3577 1998 dicit
3606 1963 3620 1999 :

2026 2023 2147 2086 Non
2175 2043 2244 2086 est
2271 2048 2400 2101 Opus
2421 2031 2558 2084 sanis
2580 2032 2899 2100 medico,sed
2922 2034 3052 2088 male
3078 2033 3374 2089 habentibus
3408 2033 3623 2107 (Matth.

2021 2141 2096 2192 ix,
2131 2123 2260 2196 12).
2285 2123 2352 2180 At
2387 2142 2489 2180 non
2513 2133 2667 2180 erant
2693 2127 2806 2182 sani
2846 2125 3035 2196 quibus
3065 2125 3167 2183 hoc
3207 2125 3418 2184 dicebat
3443 2129 3623 2210 Domi-

2022 2233 2144 2284 nus,
2167 2217 2284 2283 sed,
2315 2215 2863 2291 Ltzgisqualicmnque
2891 2217 3268 2276 observatione
3292 2221 3502 2287 tumidi,
3521 2222 3624 2278 sibi

2022 2308 2340 2364 videbantur
2360 2305 2496 2377 sani,
2530 2321 2583 2367 et
2626 2309 2746 2368 ideo
2776 2328 2883 2368 non
2923 2311 3301 2370 desiderabant
3332 2313 3619 2372 medicum.

2093 2445 2281 2503 XXIII.
2312 2447 2435 2502 Haec
2459 2462 2578 2502 cum
2609 2447 2674 2503 ad
2707 2448 2846 2503 hunc
2877 2447 3105 2504 habeant
3134 2447 3370 2514 modum,
3404 2447 3620 2504 deside-

2020 2551 2135 2596 rate
2175 2540 2368 2604 frater.
2424 2555 2681 2597 conemur
2705 2541 2934 2598 assiduis
2967 2533 3445 2598 exhortationibus
3477 2543 3623 2598 exch-

2021 2643 2134 2688 tare
2156 2633 2392 2690 fidelium
2435 2636 2643 2690 animos
2671 2674 2685 2700 ,
2721 2645 2778 2690 ιιι
2817 2646 2922 2692 tota
2952 2639 3112 2692 etiam
3147 2637 3252 2692 rita
3283 2636 3618 2709 martyrium.

2020 2725 2122 2782 hoc
2173 2738 2252 2782 est
2281 2731 2660 2790 testimonium.
2699 2729 2885 2785 reddat
2912 2731 3055 2798 Deo;
3090 2729 3228 2800 quod
3272 2731 3407 2787 adeo
3453 2730 3622 2802 negli-

2017 2821 2248 2893 gendum
2281 2839 2384 2876 non
2417 2832 2520 2889 est,
2569 2831 2644 2886 ut,
2669 2825 2772 2880 nisi
2821 2838 2882 2879 ea
2917 2826 3272 2894 prmcesserit,
3302 2828 3616 2899 martyrium

2017 2913 2158 2984 quod
2191 2915 2448 2984 sanguine
2473 2915 2784 2986 perhibetur
2814 2929 2918 2972 non
2946 2915 3011 2971 sit
3035 2919 3366 2990 martyrium.
3401 2917 3616 2973 Frustra

2015 3005 2157 3060 enim
2185 3007 2450 3062 cervicem
2484 3007 2774 3078 praebueris
2801 3008 3057 3076 carnifici,
3093 3009 3194 3064 nisi
3227 3009 3372 3078 prius
3401 3009 3618 3064 occide-

2014 3096 2090 3152 ris
2115 3099 2349 3154 membra
2378 3113 2496 3170 qum
2526 3109 2652 3155 sunt
2680 3115 2841 3171 super
2871 3109 3088 3165 teriam,
3147 3102 3247 3155 hoc
3275 3110 3359 3156 est
3396 3099 3616 3156 an'rctus

2013 3191 2103 3260 qui
2133 3191 2359 3246 militant
2377 3192 2632 3247 adversus
2656 3191 2922 3263 spiritum,
2947 3194 3151 3256 odium,
3184 3193 3459 3263 invidiam,
3483 3207 3612 3249 ara-

2015 3285 2212 3351 ritiam,
2247 3285 2522 3342 libidinem
2564 3303 2576 3342 :
2633 3287 2826 3358 quibus
2879 3289 3201 3359 quicumque
3230 3289 3415 3356 servit,
3446 3289 3610 3344 Deum

2015 3373 2245 3448 quodam
2277 3381 2435 3435 modo
2463 3381 2766 3452 almegavit,
2798 3393 2873 3446 et,
2905 3381 3170 3436 Christum
3199 3397 3294 3437 ore
3323 3380 3574 3460 promens
3593 3423 3608 3448 ,

2011 3471 2120 3526 vita
2151 3470 2403 3526 Satanam
2437 3472 2596 3527 deum
2641 3473 2946 3528 eouiltctur.
2982 3471 3088 3527 Nec
3120 3473 3204 3528 ltic
3241 3483 3422 3528 sermo
3450 3473 3625 3566 debet.

2011 3566 2258 3636 cuiquam
2299 3565 2468 3620 videri
2506 3565 2712 3632 durior,
2742 3581 2862 3621 cum
2903 3567 2972 3624 sit
3021 3581 3183 3622 verax
3224 3583 3286 3623 ac
3315 3569 3606 3624 salutaris:

2010 3662 2266 3734 quidquid
2301 3663 2462 3716 homo
2489 3663 2662 3732 quivis
2687 3663 2796 3718 Deo
2822 3663 3118 3735 anteponit,
3149 3663 3248 3719 sibi
3271 3662 3426 3718 deum
3463 3663 3605 3746 facit,

2011 3769 2112 3810 nec
2162 3769 2443 3823 possumus
2494 3754 2700 3810 duobus
2740 3756 2942 3810 servire
2988 3754 3220 3808 dmninis
3255 3774 3268 3809 :
3303 3769 3436 3808 unus
3464 3755 3605 3810 enim

2008 3858 2090 3902 est
2113 3848 2252 3902 Deus
2278 3863 2342 3902 ex
2375 3857 2484 3902 toto
2510 3848 2694 3910 corde,
2729 3861 2792 3902 ex
2841 3857 2948 3903 tota
2975 3844 3148 3902 anima
3173 3891 3186 3914 ,
3217 3863 3280 3903 ex
3313 3849 3436 3904 totis
3481 3847 3606 3902 viri-

2010 3940 2108 3994 bus
2136 3939 2454 4010 diligendus.

2079 4047 2268 4106 XXIV.
2302 4049 2552 4120 Quisquis
2583 4051 2742 4122 igitur
2773 4067 2866 4109 ore
2895 4051 3026 4109 dicit
3057 4071 3070 4110 :
3107 4075 3124 4107 ε
3158 4053 3330 4111 Credo
3361 4056 3410 4110 in
3442 4073 3604 4112 unum

2011 4141 2197 4207 Deum,
2233 4161 2251 4194 ι
2285 4151 2338 4198 et
2360 4145 2793 4208 servitavaritite,
2818 4155 2906 4200 aut
2936 4145 3164 4212 libidini,
3188 4159 3275 4201 aut
3308 4147 3476 4214 luxui,
3504 4149 3603 4204 sibi

2005 4234 2263 4288 mentitur
2299 4235 2506 4306 sibique
2529 4247 2807 4309 repugnat,
2841 4239 2983 4294 aliud
3015 4239 3192 4310 lingua
3221 4257 3438 4306 sonans,
3465 4242 3602 4296 aliud

2005 4327 2399 4393 auitttocelaus;
2423 4345 2546 4386 voce
2570 4339 2771 4385 tantum
2793 4333 3150 4386 testimonium
3172 4333 3454 4403 perliibcns
3473 4333 3600 4399 Deo,

2004 4433 2123 4474 cum
2143 4419 2244 4474 vita
2259 4420 2508 4478 Satanam
2528 4425 2684 4478 t-oiat.
2710 4421 2993 4479 Efﬂcacius
3015 4433 3284 4480 autemest
3303 4409 3422 4480 vita:
3443 4441 3600 4495 quam

2004 4513 2201 4582 lingua:
2231 4514 2594 4569 testimonium
2626 4533 2640 4569 :
2671 4511 2795 4569 Non
2823 4515 2985 4570 outnis
3015 4518 3102 4586 qui
3137 4514 3260 4572 dicit
3293 4533 3310 4571 :
3343 4513 3562 4571 Domine
3584 4562 3598 4585 ,

2004 4605 2242 4676 Domine,
2289 4609 2492 4663 intrabit
2525 4609 2577 4663 in
2599 4626 2829 4680 regnum,
2863 4611 2950 4664 sed
2979 4615 3068 4678 qui
3115 4611 3238 4682 facit
3289 4596 3595 4665 voluntatum

305 4685 446 4755 ginta
511 4702 686 4742 novem
745 4690 916 4758 justas
939 4731 954 4754 ,
1006 4693 1092 4761 qui
1155 4709 1254 4746 non
1324 4694 1549 4765 indigent
1605 4697 1900 4766 paenitentia
1924 4715 1977 4776 D
2005 4697 2177 4754 Patris
2205 4701 2416 4756 caelestis
2444 4700 2666 4775 (Matth.
2701 4717 2790 4764 vn,
2819 4703 2936 4772 21).
2961 4701 3240 4757 Ilabeutet
3261 4718 3421 4772 Opera
3451 4719 3598 4777 suam

304 4775 322 4846 (
353 4774 481 4832 Luc.
511 4794 598 4844 xv,
631 4778 707 4850 9).
740 4780 872 4836 Nam
919 4781 1033 4837 inec
1065 4784 1297 4840 clausula
1327 4786 1456 4841 ‘iinit
1484 4788 1791 4858 paraliolam
1831 4791 1899 4846 de

305 4877 520 4936 pastore
550 4871 658 4940 qui,
695 4871 896 4928 relictis
935 4877 1220 4945 nonaginta
1266 4893 1454 4931 novem
1497 4880 1706 4946 ovibus,
1739 4893 1895 4936 unam

302 4972 422 5026 qua:
466 4973 494 5012 a
522 4975 686 5031 grege
722 4962 1064 5020 aberraverat
1104 4967 1272 5021 multo
1319 4968 1501 5024 labore
1528 4971 1804 5040 qua‘sitam
1834 4987 1896 5028 ac

303 5051 520 5106 tandem
563 5054 857 5132 iuventam,
903 5057 1156 5128 imposuit
1192 5059 1431 5117 humeris
1471 5063 1600 5127 sitis,
1647 5072 1702 5118 et
1731 5065 1897 5120 caulas

299 5143 556 5200 restituit.
596 5146 770 5202 Simili
796 5152 1059 5205 sententia
1103 5151 1302 5206 claudit
1333 5155 1636 5221 parabolam
1673 5158 1740 5214 de
1778 5175 1894 5214 mn-

216 5269 232 5282 .
299 5233 428 5291 iiere
463 5252 583 5308 qua
625 5239 934 5297 drachmam
981 5243 1240 5314 perditam
1287 5246 1726 5318 invenerat:lta,
1779 5255 1894 5309 dico

297 5327 454 5398 vobis,
481 5332 728 5402 gaudium
763 5337 860 5390 erit
897 5353 1072 5392 coram
1091 5339 1298 5411 Angelis
1330 5339 1424 5397 Dei
1460 5359 1616 5414 super
1642 5361 1744 5402 uno
1772 5363 1892 5418 pec-

2005 4795 2236 4866 linguam
2260 4796 2971 4858 facundiam,etiam'tacente
2988 4799 3186 4866 lingua.
3205 4797 3328 4853 Ideo
3349 4799 3601 4857 Dominus

2003 4887 2056 4942 in
2087 4889 2370 4960 Evangelio
2401 4894 2527 4943 κατὰ
2571 4887 2830 4944 Joannem
2865 4891 2932 4944 ita
2977 4889 3209 4960 loquitur
3241 4909 3252 4944 :
3290 4887 3460 4961 Opera
3485 4908 3601 4963 qua!

2001 4981 2139 5035 dedit
2181 4982 2307 5035 mihi
2358 4982 2512 5035 Pater
2561 4991 2612 5035 ut
2674 4983 2935 5052 per/icium
2992 4999 3070 5050 ea,
3119 4984 3233 5052 ipsa
3279 4999 3434 5054 apem
3487 5001 3602 5056 qua!

2001 5083 2094 5144 ego
2170 5073 2306 5143 facio
2363 5074 2706 5128 testimonium
2786 5071 3044 5140 perhibent
3125 5076 3187 5129 de
3237 5091 3318 5130 me
3390 5073 3594 5146 (Joan.

1999 5179 2054 5231 ν,
2087 5164 2197 5237 36).
2231 5164 2690 5232 Quemadmodum
2721 5167 2879 5239 igitur
2917 5165 3052 5222 bona
3089 5176 3248 5238 opera
3282 5167 3599 5238 profitentur

2001 5255 2168 5312 Deum
2197 5297 2214 5324 ,
2261 5259 2330 5312 ita
2380 5259 2514 5311 ninia
2573 5260 2805 5330 qumlam
2839 5258 2996 5316 modo
3019 5254 3306 5330 loquuntur
3333 5275 3346 5314 :
3377 5257 3499 5315 Non
3525 5272 3596 5314 cst

1997 5348 2154 5412 Dens,
2186 5363 2276 5405 nec
2299 5350 2510 5405 scientia
2536 5349 2589 5407 in
2613 5352 2834 5408 excelso.
2863 5351 2994 5420 Quis
3022 5362 3128 5408 non
3173 5349 3554 5409 contremiscat
3579 5395 3593 5418 ,

1637 5475 1998 5542 VARIORUM
2035 5451 2267 5544 nom.

363 5603 562 5680 Achan.
581 5605 832 5663 Morelius
857 5609 1046 5668 Achar.
1065 5611 1132 5667 Et
1154 5613 1232 5669 sic
1257 5616 1414 5671 etiam
1434 5635 1563 5680 Lxx.
1590 5621 1683 5676 sed
1710 5625 1888 5679 versio

291 5673 406 5728 lucc
437 5677 600 5752 mixta
624 5690 701 5732 est
725 5695 789 5734 ex
817 5682 1023 5752 vulgata
1047 5685 1280 5741 editione
1305 5673 1531 5744 llierou.
1553 5673 1886 5752 eiiix‘fiitié

289 5756 464 5830 autem
516 5751 1312 5839 mirum,‘quotlptettiteutialn
1361 5759 1632 5830 lapsorum
1679 5751 1883 5839 martyé

287 5821 427 5891 rium
453 5821 719 5891 quoddam
749 5821 1218 5884 facere'videatur.
1245 5821 1449 5888 Pauci.

357 5889 497 5947 Kata
551 5891 765 5951 Lucam.
822 5896 1088 5956 Manutius
1141 5900 1358 5970 quidem
1430 5903 1516 5961 hic
1577 5916 1631 5962 et
1691 5917 1873 5980 postea

1989 5632 2230 5700 reposuit
2259 5632 2920 5708 secundum.Verumquod
2947 5633 3076 5690 illud
3099 5635 3474 5708 Cyprianicum
3499 5638 3589 5702 sit,
3611 5630 3620 5640 ’

1989 5713 2116 5786 puto
2147 5712 2426 5759 auctorem
2449 5705 2534 5792 sic
2557 5722 2620 5759 ex
2651 5705 2895 5760 instituto
2922 5705 3227 5792 sumpsisse.
3269 5709 3365 5792 Est
3408 5714 3589 5792 autem

1985 5774 2169 5852 etiam,
2214 5784 2406 5852 prteter
2455 5784 2692 5833 veterum
2716 5774 3058 5845 sententiam,
3113 5779 3272 5852 intqu
3328 5781 3431 5837 loci
3491 5795 3588 5839 ex.

1901 5873 1906 5878 -
1985 5845 2199 5918 positio.
2218 5845 2432 5904 ΡΑιιει..
