4202 6272
566 355 676 419 893

2103 355 2311 414 LIBER

3771 355 3880 418 808

567 482 689 553 quis
710 496 814 538 non
837 479 1189 550 inhorrescat,
1206 479 1327 553 quis
1354 478 1677 538 nonlaccret
1702 482 2018 539 vestimenta
2040 497 2154 550 sua,
2190 477 2236 536 A
2266 490 2362 533 nas
2384 473 2475 532 tibi
2509 475 2742 546 lnquitur
2765 490 2897 532 voce
2928 475 3141 548 tyranni
3172 494 3186 532 :
3217 485 3273 533 at
3300 477 3426 550 quid
3458 477 3550 534 tibi
3581 476 3709 534 dicit
3731 476 3878 533 idem

568 577 687 646 quis
719 589 822 630 non
852 574 1065 630 obturet
1084 589 1243 630 aures
1271 588 1424 642 suas,
1455 575 1498 629 si
1532 574 1666 631 tales
1699 590 1859 631 voces
1891 575 2071 631 audiat
2099 592 2166 633 ex

567 669 907 728 Christiano?
922 668 1164 738 Quantus
1186 667 1402 736 horror,
1422 668 2047 740 quantusduloruccupat
2063 670 2169 726 ani-

567 774 685 817 mus
718 769 931 815 nostros
964 775 1084 816 cum
1112 760 1254 832 quis,
1287 760 1457 816 vietus
1484 762 1783 827 tormentis,
1806 761 1987 832 jussus
2013 761 2170 818 abne-

566 868 697 926 gare
708 851 1320 924 Christum,abncgat,et
1333 852 1396 908 ad
1411 853 1557 909 Jovis
1576 863 1803 908 statuam
1825 853 1946 909 thus
1965 852 2170 910 adolet?

568 943 739 1013 Quam
764 942 1093 1014 trepidamus
1114 952 1414 999 metuentes
1443 959 1511 998 ne
1536 943 1674 1001 Dens
1703 945 1867 999 iratus
1890 943 2090 999 fulmen
2115 944 2168 999 in

568 1038 726 1095 nobis
752 1036 927 1094 vibret
966 1039 1059 1094 ira:
1089 1053 1224 1104 suae,
1258 1053 1325 1093 ne
1371 1048 1511 1093 terra
1544 1037 1828 1094 dubi-cens
1855 1054 1952 1094 nos
1980 1039 2167 1093 absor—

454 1190 473 1207 _
568 1131 735 1188 beat?
761 1141 817 1187 ut
843 1130 1109 1187 interdum
1144 1131 1299 1185 unius
1348 1130 1593 1200 impietas
1622 1131 1866 1201 supplicii
1898 1130 2171 1187 consortio

570 1223 771 1280 multos
816 1222 1088 1288 involvat;
1134 1231 1189 1278 et
1239 1231 1364 1277 sunt
1407 1222 1611 1278 St'CICI‘ﬂ
1646 1233 1749 1277 tam
1798 1223 2045 1277 immania
2071 1266 2087 1291 ,
2115 1232 2174 1278 ut

571 1317 771 1374 vidisse
791 1313 1005 1389 quoque
1020 1325 1111 1371 aut
1125 1315 1336 1371 audisse
1358 1316 1427 1371 sit
1451 1314 1784 1370 detestabile.
1804 1314 1908 1372 Sed
1930 1330 2026 1370 cur
2042 1316 2173 1371 alias

574 1413 628 1469 in
657 1412 816 1468 simili
842 1410 1070 1467 crimine
1102 1421 1208 1466 tam
1245 1426 1428 1465 sumus
1459 1411 1808 1467 conniventes
1834 1411 1855 1465 ?
1880 1428 1975 1466 cur
1999 1420 2049 1465 et
2082 1425 2175 1465 uo-

574 1503 656 1560 bis
684 1504 820 1560 adeo
851 1504 1154 1559 blandimur
1194 1512 1251 1558 et
1278 1502 1437 1558 aliis?
1467 1505 1533 1558 At
1564 1502 1684 1558 vide
1730 1505 1853 1575 quid
1884 1503 1952 1559 de
1981 1504 2176 1560 talibus

573 1596 808 1669 loquitur
838 1596 1125 1666 Apostolus
1147 1595 1389 1651 scribens
1412 1595 1532 1650 Tito
1562 1615 1574 1650 :
1614 1595 1929 1665 Pro/itenlur
1948 1614 2002 1651 se
2030 1614 2176 1653 nosse

576 1688 915 1762 Deumﬁtctis
939 1700 1108 1743 autem
1133 1687 1633 1761 negant(Tit.t,16).
1653 1689 1794 1744 Idem
1830 1690 1881 1744 in
1910 1692 2085 1759 priore
2109 1690 2175 1745 ad

575 1779 917 1838 Timotheum
962 1781 1030 1838 de
1072 1782 1231 1837 vidua
1261 1798 1378 1854 quae
1405 1780 1623 1869 negligit
1665 1780 1917 1865 familiam
1951 1803 1963 1838 :
1995 1784 2178 1856 Siqua

2271 583 2367 640 per
2390 575 2531 623 tuam
2560 569 3049 639 concupiscentiam
3068 587 3114 622 ε(
3138 569 3356 642 Abnega
3378 570 3678 637 Christum,
3696 578 3886 625 etesto

2270 660 2418 716 dives
2448 678 2461 715 :
2489 660 2729 717 sacrifiea
2778 661 3117 728 ltlammonze,
3165 672 3220 718 et
3261 662 3478 719 Christo
3518 664 3766 721 nuntium
3796 678 3887 720 re-

2271 753 2441 808 mitte.
2461 773 2479 805 ι
2511 753 2645 823 Quid
2665 763 2747 809 est
2767 754 2909 824 quod
2933 754 3254 824 pollicetur?
3278 771 3467 811 aurum
3489 765 3545 813 et
3569 765 3881 828 argentum,

2273 845 2511 901 inutilem
2539 846 2818 901 materiam
2837 842 2937 901 nisi
2963 861 3234 903 exerceas.
3256 847 3364 905 Nec
3387 849 3538 917 dicit,
3563 868 3581 902 ι
3607 848 3879 915 Morere,»

2272 939 2383 1004 sed,
2410 957 2428 990 ‹
2453 938 2671 995 Oblecta
2700 939 2909 1004 oculus;
2940 958 2960 991 ι
2996 940 3161 995 immo
3184 941 3359 1012 potius
3397 942 3500 1000 hoc
3530 942 3694 999 dicit:
3724 962 3742 995 ι
3773 942 3889 998 Lu-

2273 1030 2425 1087 c'rare
2455 1032 2759 1102 pecuniam,
2792 1031 2858 1087 ad
2888 1032 3050 1089 breve
3078 1043 3288 1106 tempus
3318 1036 3614 1100 habiturus.
3644 1036 3808 1108 perde
3835 1036 3888 1093 in

2273 1132 2534 1180 aeternum
2565 1126 2796 1180 animam
2826 1133 2991 1181 tuam.
3025 1146 3043 1179 ι
3080 1126 3149 1183 Et
3174 1138 3348 1184 tamen
3384 1129 3471 1186 hic
3499 1141 3692 1202 sponte
3749 1132 3888 1187 sub.

2276 1218 2442 1273 mittis
2465 1233 2635 1288 genua
2650 1220 2973 1288 Satanaz,et,
3003 1220 3264 1292 abnegato
3279 1220 3513 1289 Christo,
3545 1234 3596 1279 te
3628 1225 3888 1280 totumilli

2277 1314 2571 1384 mancipas.
2604 1314 2740 1384 Quid
2766 1324 2942 1372 autem
2971 1316 3257 1374 Christus?
3292 1338 3311 1371 ι
3332 1318 3479 1375 Meus
3505 1331 3643 1385 esto,
3673 1330 3729 1376 et
3764 1322 3886 1376 vive

2279 1406 2333 1461 in
2361 1415 2653 1471 aeternum;
2684 1417 2969 1464 contemne
3007 1407 3220 1464 divitias
3267 1409 3384 1465 illas
3424 1412 3798 1482 temporarias.
3833 1422 3890 1469 ct

2277 1515 2375 1570 ego
2404 1499 2495 1553 tibi
2525 1499 2833 1571 centuplum
2879 1516 3134 1570 reponam
3174 1502 3225 1556 in
3254 1501 3355 1558 hoc
3381 1503 3600 1569 smculo,
3631 1512 3686 1559 et
3712 1505 3880 1560 vitam

2277 1601 2530 1648 mtcrnam
2553 1592 2603 1646 in
2629 1590 2827 1649 futuro.
2848 1593 3109 1665 Relinque
3123 1604 3337 1663 terram,
3357 1604 3408 1651 et
3423 1597 3606 1668 accipe
3624 1596 3881 1652 casinum

2279 1687 2358 1743 Ac
2391 1685 2528 1741 Deus
2555 1686 2652 1741 ista
2687 1686 2949 1757 pollicens
2978 1686 3275 1755 deseritur;
3303 1699 3359 1745 et
3386 1688 3628 1745 diabolus
3653 1700 3761 1745 tam
3792 1691 3880 1744 nio

2282 1777 2375 1832 bili
2399 1793 2486 1834 res
2515 1793 2712 1850 easque
2741 1777 2876 1834 falso
2904 1780 3253 1850 promittens,
3300 1782 3571 1838 aduratur.
3604 1782 3651 1839 0
3691 1783 3891 1841 laedam

577 1884 746 1930 autem
775 1891 1002 1941 suorum,
1034 1875 1254 1929 maxime
1305 1875 1714 1940 domesticorum,
1748 1893 1923 1930 curam
1953 1894 2053 1932 non
2083 1881 2179 1932 Ita—
2206 1881 2254 1942 Β
2282 1869 2672 1927 defectionem!
2704 1885 2738 1925 0
2761 1883 2969 1943 turpem
3021 1871 3375 1929 idololatriam
3399 1877 3412 1930 l
3440 1890 3473 1928 ο
3502 1874 3738 1946 iniquam
3769 1891 3896 1947 per-

577 1968 655 2023 bet
681 1970 833 2038 ﬁdem
863 1969 1081 2041 negavit,
1113 1977 1162 2023 et
1203 1977 1275 2023 est
1300 1968 1499 2038 inﬁdeli
1523 1969 1741 2024 deterior
1769 1970 1822 2042 (l
1848 1969 1983 2025 Tim.
2012 1989 2064 2041 v,
2095 1971 2176 2044 8).

578 2060 636 2120 Si
679 2059 841 2117 fidem
871 2061 1222 2133 negavitquze
1250 2063 1601 2134 negligentius
1628 2062 1788 2119 habet
1827 2080 1980 2121 suam
2021 2067 2179 2123 fami-

578 2154 706 2211 liam
725 2196 740 2220 ,
790 2154 916 2226 quid
949 2154 1214 2210 dicturum
1244 2165 1398 2226 putas
1424 2155 1492 2211 de
1521 2155 1603 2211 his
1646 2157 1737 2228 qui
1775 2174 1834 2213 se
1863 2168 2004 2214 totos
2030 2158 2181 2216 dedi-

581 2246 774 2303 derunt
818 2261 1142 2303 mammona:
1180 2258 1233 2303 et
1276 2249 1485 2304 ventri?
1511 2249 1586 2305 De
1636 2250 1957 2306 Christianis
2000 2252 2182 2324 utique

582 2337 817 2410 loquitur
843 2338 1042 2395 Paulus
1097 2340 1340 2397 scribens
1369 2340 1836 2413 Philippensibus,
1887 2358 2008 2400 eum
2062 2346 2130 2400 ait
2165 2363 2180 2412 ;

587 2431 818 2498 Quorum
848 2432 968 2502 ﬁnis
993 2432 1244 2500 interitus,
1277 2448 1492 2504 quorum
1531 2433 1658 2489 deus
1698 2444 1874 2490 venter
1891 2446 1966 2491 est
1996 2436 2181 2511 (Phil.

584 2539 664 2593 ιιι,
694 2524 805 2596 19).
834 2525 981 2594 Quos
1006 2526 1224 2583 eosdem
1255 2536 1431 2593 taxat,
1465 2527 1711 2584 scribens
1734 2529 1991 2587 Romanis
2022 2550 2035 2587 :
2069 2532 2186 2588 Ilu-

577 2618 810 2692 jusmodi
838 2617 1040 2674 Christo
1070 2618 1293 2674 Domino
1330 2637 1431 2675 non
1480 2622 1724 2689 serviunt,
1771 2623 1861 2679 sed
1887 2640 1979 2679 suo
2026 2628 2188 2681 ventri

589 2710 609 2781 (
643 2709 791 2765 Rana.
815 2709 1092 2783 xvt,,l8).
1127 2711 1361 2779 Servire,
1407 2712 1558 2783 juxta
1612 2713 2005 2785 Scripturarum
2057 2732 2185 2774 con-

589 2803 951 2871 suetudinem,
1002 2805 1135 2861 dixit
1168 2822 1264 2876 pro
1294 2807 1477 2862 colere.
1521 2806 1776 2865 Ventrem
1823 2809 2028 2879 colunt,
2065 2827 2187 2867 eum

588 2912 750 2969 quem
801 2895 1000 2952 habent
1053 2913 1150 2968 pro
1185 2897 1308 2954 dco.
1339 2898 1457 2955 .lam
1498 2899 1568 2956 de
1607 2901 1830 2957 avaritia
1860 2902 2190 2960 manifestius

591 2990 754 3046 etiam
785 2992 1125 3061 pronuntiat,
1156 2991 1399 3047 scribens
1427 2991 1494 3048 ad
1536 2991 1888 3051 Colossenscs
1917 3013 1931 3052 :
1965 2994 2192 3068 Marti/i-

591 3093 720 3149 cate,
754 3083 945 3154 inquit,
994 3084 1217 3141 membra
1257 3095 1419 3141 vestra
1448 3102 1563 3157 qua:
1612 3097 1729 3143 sunt
1772 3105 1922 3160 super
1965 3071 2149 3145 terram
2173 3134 2189 3161 ,

594 3177 1000 3248 fornicationem,
1023 3178 1417 3244 immunditiam,
1434 3178 1713 3247 libidinem,
1734 3183 2192 3253 concupiscentiam

2284 1964 2667 2019 mutationem!
2702 1964 2820 2033 Quo
2848 1965 3071 2035 prtemio
3101 1966 3409 2024 sollicitavit
3435 1968 3652 2024 humani
3673 1971 3897 2040 generis

2284 2060 2485 2131 primos
2506 2063 2790 2116 auctores?
2817 2058 3068 2116 Ostendit
3097 2076 3335 2131 pomum,
3369 2071 3421 2118 et
3463 2062 3611 2119 dedit
3633 2072 3891 2121 mortem.

2284 2152 2562 2209 Mendacio
2590 2150 2781 2208 fefellit
2809 2169 2822 2207 :
2859 2150 2981 2207 Non
3004 2153 3310 2222 moriemini,
3335 2154 3427 2211 sed
3451 2156 3596 2210 eritis
3636 2157 3761 2210 sicut
3788 2156 3892 2233 dii,

2284 2249 2492 2304 scientes
2534 2249 2720 2304 bonum
2760 2259 2808 2304 et
2838 2249 3033 2305 malum
3075 2248 3230 2320 (Gen.
3265 2266 3339 2318 nt,
3391 2251 3445 2317 4,
3473 2248 3553 2323 5).
3595 2253 3769 2324 Atque
3819 2251 3896 2307 illi

2285 2340 2492 2407 delusi,
2535 2342 2747 2412 qualem
2786 2342 3062 2398 dominum
3091 2343 3472 2410 deseruerunt,
3521 2353 3578 2402 et
3612 2344 3681 2400 ad
3726 2360 3888 2416 quem

2287 2433 2637 2491 defecerunt?
2682 2451 2710 2489 a
2757 2449 2860 2505 qua
2904 2434 3158 2492 felicitate
3196 2436 3544 2503 exciderunt,
3570 2446 3628 2493 et
3667 2437 3721 2491 in
3760 2453 3895 2509 quas

2288 2541 2560 2582 aerumnas
2591 2536 2766 2582 semet
2791 2526 3177 2599 eonjeceruut?
3209 2526 3313 2584 Sed
3356 2527 3495 2584 idem
3523 2528 3616 2584 ille
3660 2530 3897 2585 tenebra-

2291 2636 2408 2676 rum
2455 2620 2704 2691 princeps
2744 2621 2833 2692 qui
2885 2621 3009 2676 Evm
3039 2621 3247 2676 loeutus
3290 2631 3374 2677 est
3408 2637 3507 2694 per
3543 2633 3891 2694 serpentem,

2291 2715 2445 2770 nobis
2489 2716 2724 2786 loquitur
2774 2729 2869 2786 per
2905 2713 3166 2771 satellites
3206 2729 3335 2769 suos
3382 2729 3448 2770 ac
3477 2715 3771 2784 ministros,
3799 2731 3899 2786 per

2291 2808 2442 2864 lenas
2461 2815 2516 2863 et
2543 2806 2767 2862 lenones
2789 2846 2805 2874 ,
2848 2822 2945 2876 per
2972 2820 3065 2862 eos
3103 2805 3193 2878 qui
3228 2806 3504 2876 pellieiunt
3534 2806 3600 2862 ad
3648 2822 3897 2864 amorem

2293 2899 2555 2972 pecuniae,
2586 2898 2653 2954 ad
2681 2898 3051 2964 ambitionem,
3100 2897 3167 2953 ad
3206 2898 3535 2968 voluptatem
3554 2941 3569 2965 ,
3599 2907 3894 2954 avocantes

2292 3009 2322 3047 a
2350 2992 2657 3049 sinceritate
2680 3007 2800 3063 quae
2814 3000 2898 3047 est
2927 2992 2979 3046 in
3006 2990 3219 3047 Christo
3257 2990 3410 3047 Jesu.
3435 2991 3581 3049 Idem
3597 2992 3687 3050 ille
3710 2992 3899 3063 loqui-

2296 3093 2382 3141 tur
2404 3084 2557 3140 nobis
2584 3099 2682 3156 per
2703 3084 3169 3157 concupiscentias
3207 3095 3443 3151 nostras,
3468 3102 3591 3157 qua:
3618 3086 3804 3141 vivunt
3843 3084 3905 3142 iti

2295 3179 2551 3237 membris
2604 3178 2824 3234 nostris.
2880 3178 2988 3235 Nec
3017 3178 3145 3234 dicit
3195 3180 3337 3250 quod
3386 3179 3550 3237 homo
3595 3189 3857 3253 tyrannus
3886 3223 3903 3249 ,

593 3268 784 3322 malam
837 3278 884 3323 et
930 3271 1232 3340 avaritiam,
1283 3288 1398 3343 qua:
1442 3285 1512 3329 est
1539 3273 1927 3330 simulacrorum
1980 3278 2190 3332 seruitus
2215 3280 2261 3344 (ζ
2299 3296 2317 3327 ι
2340 3276 2445 3331 Aut
2471 3273 2600 3329 mihi
2627 3275 3063 3344 obtempera,aut
3088 3288 3365 3340 morerep
3391 3289 3488 3329 nec
3517 3283 3907 3330 ostentatcar—

597 3359 735 3433 (Col.
765 3378 845 3431 ιιι,
876 3365 956 3437 5).

670 3451 835 3507 XXV.
871 3454 1198 3513 Execramnr
1226 3473 1321 3514 eos
1366 3461 1454 3530 qui
1500 3464 1861 3534 procumbunt
1910 3467 1975 3522 ad
2015 3468 2196 3525 Diana:

549 3535 944 3603 "simulacrum
978 3570 991 3605 :
1023 3561 1222 3620 quanto
1247 3553 1445 3624 justins
1479 3571 1574 3612 eos
1622 3573 1942 3615 execramur
1968 3561 2056 3632 qui
2087 3572 2197 3617 toto

601 3648 816 3710 pectore
841 3643 1076 3699 serviunt
1106 3660 1446 3714 mammonre,
1488 3650 1577 3721 qui
1602 3650 1674 3705 illi
1705 3652 1942 3722 quotidie
1990 3654 2195 3709 sacriﬁ-

598 3734 756 3795 cant?
782 3734 849 3791 Et
877 3736 920 3791 si
951 3751 1144 3794 avarus
1180 3747 1264 3795 est
1289 3739 1591 3807 idololatra,
1622 3744 1709 3814 qui
1754 3747 1991 3815 pecuniae
2021 3749 2199 3803 studio

602 3836 832 3913 tenetur,
865 3829 954 3900 qui
1006 3831 1148 3902 quod
1191 3830 1503 3890 ha‘reditate
1551 3835 1771 3893 obvenit
1809 3847 1900 3894 aut
1939 3839 2197 3897 industria

603 3931 815 3991 partum
842 3931 925 3977 est
951 3925 1213 3991 recondit,
1238 3942 1335 3982 nec
1360 3938 1546 3998 erogat
1577 3929 1629 3984 in
1655 3945 1889 4001 egenos;
1918 3933 2044 4003 qttid
2076 3950 2201 3991 ceu-

604 4012 828 4067 scndum
855 4024 937 4069 est
966 4016 1033 4071 de
1077 4016 1162 4071 his
1192 4019 1281 4087 qui
1333 4020 1621 4089 lenocinio,
1673 4023 1764 4095 qui
1810 4025 2053 4095 foenore,
2112 4030 2201 4100 qui

606 4114 791 4176 rapto,
822 4106 910 4176 qui
944 4106 1159 4172 fraude,
1216 4109 1306 4179 qui
1358 4112 1673 4180 calumniis,
1708 4117 1796 4188 qui
1836 4120 2202 4189 opprimendis

607 4198 935 4267 pauperibus
985 4214 1097 4255 rem
1150 4204 1527 4260 accumulant?
1566 4208 1740 4279 Atque
1793 4209 1907 4266 haec
1939 4211 2200 4269 idolorum

605 4290 834 4344 servitus
858 4306 964 4346 non
989 4292 1162 4348 Solum
1186 4295 1453 4352 invenitur
1475 4298 1615 4355 inter
1635 4300 1987 4371 Christianos,
2018 4322 2201 4361 verum

605 4382 784 4447 etiam,
816 4383 957 4453 quod
987 4387 1310 4456 gemendum
1343 4398 1445 4457 est,
1482 4391 1619 4447 inter
1671 4395 1973 4465 episcopos.
2034 4398 2204 4456 Porro

609 4475 919 4530 temulentia
950 4476 1084 4533 adeo
1105 4484 1406 4536 communis
1432 4493 1515 4539 est
1538 4484 1734 4542 Africa:
1765 4497 1981 4555 nostra),
2011 4500 2069 4547 ut
2090 4507 2206 4564 pro—

608 4567 893 4638 pemodum
919 4585 1024 4625 non
1054 4571 1285 4629 habeant
1308 4590 1405 4645 pro
1430 4576 1675 4634 crimine.
1721 4580 1915 4637 Annon
1962 4583 2205 4641 videmus

2299 3384 2473 3436 ceres,
2504 3377 2743 3433 catenas,
2775 3367 3023 3435 uncinos,
3056 3367 3372 3438 sartagines,
3402 3376 3494 3420 aut.
3515 3367 3764 3421 caminos
3816 3368 3911 3421 in-

2299 3477 2511 3529 censos,
2544 3476 2647 3516 non
2669 3475 2879 3527 cruces,
2913 3460 3134 3532 laqueos
3158 3459 3492 3531 autgladios;
3520 3460 3619 3516 sed
3647 3469 3870 3515 tantum
3898 3477 3914 3515 :

2307 3576 2325 3608 ‹
2357 3557 2653 3612 Contemne
2684 3554 2874 3623 Deum,
2900 3555 3150 3611 renuntia
3181 3555 3300 3611 vitze
3319 3554 3551 3611 coalesus
3576 3554 3910 3621 Itmredilali,

2302 3660 2353 3705 et
2381 3649 2655 3704 committe
2682 3647 3035 3715 adulterium,
3065 3657 3118 3703 et
3160 3648 3343 3720 capies
3384 3647 3766 3718 voluptatem.»
3800 3646 3909 3702 Sed

2304 3743 2554 3813 qualem?
2585 3741 3035 3807 Momentaueam,
3058 3750 3114 3798 et
3133 3743 3379 3813 corporis
3406 3751 3633 3809 tantum,
3659 3752 3789 3812 quot
3813 3757 3913 3796 au-

2305 3845 2411 3892 tem
2438 3835 2884 3891 amaritudinibus
2912 3834 3183 3898 conditam
3204 3836 3229 3888 ?
3262 3834 3500 3900 infamia,
3527 3835 3783 3906 periculo,
3809 3850 3909 3887 sn-

2303 3944 2401 4001 per
2439 3931 2617 3984 omnia
2650 3944 2779 3984 vero
2823 3939 3036 3985 secreto
3083 3929 3428 3984 cunSeieulize
3476 3930 3732 3984 cruciatu.
3776 3926 3908 3983 lla-.e

2304 4034 2386 4080 est
2426 4037 2548 4080 esca
2600 4022 2837 4091 diaboli,
2887 4022 2991 4079 hoc
3039 4031 3522 4080 auctoramentum.
3572 4023 3912 4093 Stipendium

2306 4131 2467 4188 put‘t‘o
2493 4116 2651 4186 quale
2678 4115 2802 4172 est?
2834 4115 2983 4171 Dicat
3011 4116 3215 4185 majore
3243 4132 3364 4171 cum
3414 4116 3521 4171 ﬁde
3555 4114 3744 4170 beatus
3771 4117 3917 4185 Apo-

2307 4209 2480 4265 stolus
2509 4225 2527 4263 :
2555 4208 2880 4281 Stipendium
2897 4210 3090 4279 peccati
3110 4226 3244 4266 mors
3263 4219 3335 4264 est
3360 4209 3620 4283 (Rerum,
3637 4209 3755 4283 25).
3782 4211 3914 4278 Qua:

2309 4301 2496 4358 mors?
2544 4301 2825 4372 corporis,
2873 4317 3034 4372 quam
3091 4301 3260 4357 solam
3310 4302 3587 4358 minitatur
3631 4311 3688 4357 et
3717 4300 3913 4357 infer.e

2311 4403 2483 4464 potest
2514 4404 2767 4466 tyrannus
2797 4393 2997 4449 homo?
3020 4409 3123 4448 non
3143 4436 3158 4461 ,
3183 4393 3277 4450 sed
3308 4409 3454 4449 mors
3474 4393 3761 4465 geheunm,
3788 4410 3909 4465 qua:

2310 4487 2467 4543 linem
2493 4476 2701 4543 nescit.
2745 4487 2871 4542 Plus
2906 4497 3080 4559 potest
3108 4487 3270 4543 homo
3303 4498 3562 4560 tyrannus
3586 4504 3750 4559 quam
3792 4488 3914 4543 dia-

2308 4578 2481 4636 bolos.
2517 4579 2609 4636 Ille
2645 4578 3037 4650 quodammodo
3064 4581 3204 4652 cogit
3230 4580 3461 4636 hominis
3492 4572 3761 4647 naturam,
3782 4582 3915 4636 nihil

606 4659 672 4715 ad
700 4671 995 4735 martyrum
1019 4668 1683 4726 memoriasChristianum
1706 4688 1735 4727 a
1758 4672 2064 4732 Christiano
2083 4685 2198 4754 eugi
2228 4680 2279 4739 D
2303 4671 2446 4728 aliud
2479 4681 2652 4743 POlcSl
2670 4688 2827 4743 quam
2849 4672 3136 4728 sollicitare
3162 4690 3176 4728 :
3206 4672 3438 4744 dejicere
3462 4689 3565 4728 non
3591 4682 3785 4744 potest,
3811 4673 3916 4727 nisi

605 4753 673 4808 ad
701 4754 1051 4813 ebrietatem?
1083 4762 1161 4814 An
1207 4760 1309 4816 hoc
1342 4762 1507 4819 levius
1543 4766 1746 4821 crimen
1775 4783 1895 4824 esse
1938 4769 2206 4844 ducimus,

608 4861 766 4915 quam
794 4846 999 4905 hircum
1041 4851 1317 4910 immolare
1370 4849 1620 4912 Baccho?
1657 4857 1783 4914 Mihi
1808 4861 2013 4917 videtur
2043 4866 2209 4924 multo

605 4940 841 5010 gravius,
866 4943 909 4997 si
943 4960 1056 5000 rem
1085 4956 1227 5001 recta
1246 4949 1452 5006 ratione
1476 4952 1702 5009 velimus
1717 4955 2041 5025 expendere.
2074 4958 2208 5016 Cum

607 5044 867 5107 tyrannus
895 5038 1023 5094 dicit
1056 5055 1072 5095 :
1106 5059 1125 5093 t
1160 5041 1376 5114 Abnega
1404 5045 1699 5113 Christum,
1732 5057 1786 5105 et
1811 5051 2023 5107 immola
2066 5053 2207 5124 Jovi,

606 5136 661 5182 et
702 5137 820 5183 esto
844 5129 1053 5186 amicus
1078 5143 1278 5202 noster;
1301 5146 1394 5190 aut
1420 5152 1664 5195 morere:
1704 5160 1723 5193 ι
1751 5155 1896 5214 smpe
1921 5143 2096 5215 lingua
2119 5162 2211 5203 ne-

606 5230 719 5291 gat,
747 5221 911 5279 corde
928 5223 1271 5295 reclamante,
1309 5241 1365 5286 et
1387 5247 1577 5289 manus
1595 5234 1774 5292 adolet
1791 5236 1930 5304 thus,
1952 5254 2074 5295 cum
2097 5242 2214 5297 aui-

609 5328 730 5369 mus
759 5315 902 5372 intus
929 5317 1117 5376 adoret
1156 5320 1427 5379 Christum
1461 5344 1472 5379 :
1514 5342 1839 5401 quamquam
1873 5331 1975 5387 hoc
2001 5348 2215 5406 quoque

610 5408 984 5478 gravissimum
1016 5422 1098 5469 est
1143 5416 1370 5482 Crimen,
1425 5428 1602 5477 tamen
1646 5422 1878 5494 aliquam
1926 5425 2217 5496 impietatis

609 5500 821 5574 culpam
852 5504 1029 5562 elevat
1058 5506 1306 5565 humanm
1327 5520 1532 5567 naturae
1564 5513 1917 5571 imbecillitas.
1944 5515 2019 5572 lbi
2061 5516 2214 5574 Sata-

2313 4767 2643 4831 asscutiaris,
2671 4767 3060 4836 contempsisse
3086 4768 3276 4824 vicisse
3306 4777 3410 4826 cst.

2387 4860 2577 4917 XXVI.
2622 4860 2790 4933 Major
2837 4861 3018 4933 itaque
3062 4863 3216 4918 venia
3263 4862 3489 4920 debetur
3539 4862 3814 4921 Christum
3868 4864 3916 4919 in

2318 4955 2600 5010 tormentis
2623 4954 2932 5027 abneganti,
2959 4973 3117 5027 quant
3140 4957 3653 5027 sponteasscutienti
3670 4958 3920 5024 diabolo,

2315 5047 2402 5102 eui
2451 5044 2743 5103 credidisse
2784 5056 2868 5103 est
2895 5048 3167 5104 Christum
3211 5049 3527 5120 ahnegasse.
3569 5049 3658 5104 Ille
3682 5049 3919 5103 mendax

2315 5152 2401 5197 est
2433 5150 2487 5195 et
2516 5142 2696 5197 omnis
2742 5141 3008 5198 mendacii
3052 5150 3225 5213 pater,
3257 5143 3403 5199 illius
3433 5143 3717 5213 promissa,
3748 5159 3928 5213 quan-

2318 5246 2665 5307 tumcumque
2691 5236 2865 5291 fronte
2894 5236 3257 5302 blandiantur,
3284 5236 3413 5292 nihil
3436 5236 3581 5293 aliud
3609 5248 3923 5308 suntquam

2318 5329 2590 5401 prestigim
2614 5330 2946 5401 pellicientes
2974 5330 3027 5386 in
3066 5332 3316 5387 exitium.
3349 5330 3429 5387 Ne
3477 5332 3599 5404 quis
3622 5333 3805 5401 itaque
3851 5333 3932 5385 sic

2318 5425 2418 5481 sibi
2452 5423 2753 5481 blandiatur
2787 5443 2799 5478 :
2825 5441 2844 5475 ι
2868 5426 2997 5478 Sum
3028 5435 3296 5494 peccator,
3326 5440 3449 5481 amo
3474 5426 3779 5496 pecuniam,
3813 5440 3934 5478 ser-

2320 5517 2407 5572 vio
2455 5516 2695 5582 libidini,
2743 5516 2935 5572 studeo
2964 5515 3281 5586 honoribus,
3338 5516 3590 5590 indulgeo
3631 5516 3936 5585 vindictae,

1922 5630 2283 5690 VARIORUM
2324 5630 2554 5688 NOTAE.

688 5708 852 5796 Parro
896 5714 1189 5796 temulenlia
1239 5717 1368 5796 adeo
1408 5721 1689 5796 coturnum:
1731 5731 1804 5777 est
1827 5723 2055 5796 ΔΑῙνίιξω,
2097 5734 2201 5781 etc.

609 5778 761 5865 Quqd
795 5786 1052 5865 praemisit
1081 5787 1148 5841 de
1186 5790 1487 5865 episcopis,
1520 5790 1680 5865 habet
1721 5809 1784 5848 ex
1826 5778 1922 5850 lib'.
1952 5778 2206 5865 Cypriani

615 5850 676 5898 de
708 5848 921 5917 Lapsis;
942 5853 1044 5908 hoc
1070 5872 1200 5911 vero
1221 5848 1290 5911 ex
1330 5848 1390 5913 Di
1423 5848 1721 5930 Augustino
1751 5848 1920 5933 Epist.
1944 5848 2203 5921 61147.}th

2312 5725 2460 5790 lium,
2492 5734 2547 5778 ut
2571 5732 2784 5794 putetur
2809 5724 3091 5781 Africanus
3122 5740 3264 5782 esse.
3296 5725 3507 5782 ΡΑιίει..

2380 5794 2642 5862 Carceres,
2667 5806 2890 5863 catenas,
2946 5798 3180 5853 uncinos.
3211 5797 3470 5925 OmninoP
3492 5796 3572 5852 sic
3620 5795 3943 5869 legendum.

3477 5883 3639 5924 suae.

3477 5883 3639 5924 AIEL.
