4202 6272
274 256 376 313 897

1530 247 1617 303 ne
1658 246 1927 323 norma
1965 246 2339 305 sanavero.

3476 248 3580 307 898

272 369 481 426 deditus
506 380 626 422 sum
651 363 1008 435 voluptatibus
1040 379 1052 416 :
1083 360 1179 419 sed
1208 360 1477 417 Christum
1509 378 1615 417 non
1641 362 1872 434 abuega—
1902 367 1953 426 Α
1979 377 2204 418 rannum
2233 361 2303 416 ita
2346 360 2495 432 loqui
2521 357 2828 417 Christiano
2855 378 2868 416 :
2896 378 2914 412 ι
2953 359 3185 417 lncende
3213 359 3336 416 thus
3362 359 3517 427 Jovi;
3557 384 3576 417 ι

273 460 383 517 vi.»
419 460 489 514 At
532 459 795 521 reclamat
835 457 928 510 tibi
964 455 1219 511 Dominus
1242 455 1355 526 ipse
1384 472 1397 508 :
1436 453 1553 509 Non
1586 466 1724 526 potes
1750 455 1877 509 duos

274 552 509 607 dominos
539 550 705 605 colere
744 548 761 620 (
798 548 1002 602 Matth:
1040 564 1128 617 Vl,
1156 548 1269 620 94).
1314 547 1382 603 Ει
1426 548 1640 604 interim
1688 548 1878 605 horres

274 642 692 700 abominatulnm
770 639 1057 696 tlturiticati
1112 650 1206 694 aut
1260 640 1482 695 libellati
1533 655 1875 710 tzogttomen,

284 738 401 810 ipse
432 737 659 792 fortasse
689 734 1006 790 thurilieatis
1034 745 1128 790 aut
1173 732 1424 789 libellatis
1476 733 1706 789 lcterior.
1758 734 1880 789 Illos

277 830 542 887 humanus
570 838 743 884 metus
774 826 1088 894 violentior,
1120 842 1280 898 quam
1323 835 1380 881 ut
1428 826 1662 881 heminis
1692 837 1880 901 natura

281 924 448 994 possit
472 924 712 990 vincere,
736 937 801 977 co
829 921 1107 993 compulit,
1138 930 1194 976 ut
1223 923 1414 992 impias
1444 936 1606 976 voces
1635 928 1884 992 premant

288 1017 488 1088 lingua,
519 1015 845 1072 reclamante
866 1014 1231 1080 conscientia;
1255 1022 1311 1069 tu
1336 1024 1441 1069 tant
1467 1013 1557 1069 vili
1580 1013 1880 1069 mercedula

290 1109 623 1175 sollicitatus,
654 1118 845 1179 sponte
870 1106 1057 1162 deﬁcis
1103 1105 1170 1162 ad
1200 1121 1324 1163 eum
1361 1121 1392 1161 a
1420 1106 1571 1177 cujus
1602 1103 1885 1177 tyrannide

286 1210 340 1259 te
379 1202 624 1259 Christus
663 1217 762 1257 suo
788 1201 1050 1273 sanguine
1080 1200 1310 1258 redemit
1355 1218 1367 1255 :
1400 1200 1551 1272 cujus
1580 1200 1692 1271 jam
1743 1210 1886 1256 tetus

282 1311 340 1353 es
371 1295 576 1363 factus,
606 1292 1055 1366 quemadmodum
1083 1294 1159 1349 ait
1206 1294 1495 1365 Apostolus
1523 1310 1535 1347 :
1571 1291 1745 1363 Empti
1768 1292 1887 1346 estis
1922 1284 1933 1289 “

285 1388 444 1461 pretio
476 1403 680 1458 magno,
705 1396 761 1442 et
786 1385 940 1441 :Jant
965 1402 1065 1440 non
1084 1387 1200 1441 estis
1220 1387 1371 1441 vestri
1392 1384 1434 1460 (l
1461 1385 1576 1441 Cor.
1593 1384 1884 1457 Vt,20,49‘).

288 1480 457 1553 llujus
475 1481 714 1537 militiam
737 1480 1008 1551 professus
1027 1488 1110 1535 est
1127 1480 1191 1534 ad
1209 1480 1441 1536 salutare
1459 1480 1750 1543 lavacrum,
1768 1478 1892 1534 huic

291 1562 485 1629 dedisti
515 1588 734 1638 nomen,
769 1572 927 1643 hujus
965 1572 1314 1627 sacramentis
1361 1573 1597 1627 initiatus
1623 1587 1702 1637 es,
1730 1586 1888 1627 acce-

287 1667 410 1741 pisti
438 1665 744 1722 donativum
774 1674 824 1721 et
841 1665 1031 1737 pignus
1056 1664 1311 1736 Spiritus,
1352 1679 1421 1720 ne
1451 1664 1577 1736 quid
1618 1663 1893 1719 dubitares

1982 456 2114 512 nihil
2143 454 2430 533 addentem
2463 470 2565 511 nec
2592 455 2894 526 exigentem
2933 463 2991 509 ut
3013 452 3284 510 Christum
3308 455 3580 526 abneget:

1982 550 2025 605 si
2054 548 2385 615 adoleverit,
2415 562 2592 603 nonne
2618 549 2824 603 cunctis
2881 547 3224 604 manifestum
3270 549 3373 604 erit
3434 549 3585 606 illum

1985 641 2086 698 hoc
2116 638 2245 712 ipso~
2262 640 2534 697 Christum
2564 641 2884 713 abnegasse,
2923 641 3065 710 quod
3095 640 3213 697 Jovi
3254 642 3443 699 fecerit
3468 643 3587 717 thy-

1985 735 2179 789 miama
2199 777 2214 802 ,
2242 734 2454 789 etiamsi
2502 733 2634 788 nihil
2668 734 2905 804 proferat
2943 732 3166 804 impium
3192 734 3244 789 in
3275 734 3589 791 Christum?

1985 828 2443 899 Quemadmodum
2472 829 2562 900 qui
2593 828 2813 899 magicis
2845 828 3047 885 artibus
3099 838 3319 887 utuntur
3362 829 3382 904 (
3411 847 3440 885 a
3480 847 3588 902 quo

1985 921 2130 976 malo
2152 936 2251 976 nos
2277 920 2490 976 Domini
2512 919 2879 976 misericordia
2912 920 3189 989 liberavit,
3223 923 3360 978 sicut
3380 937 3409 977 a
3432 933 3594 979 caete-

1987 1014 2062 1069 ris
2090 1014 2341 1069 omnibus
2370 1014 2567 1084 quibus
2588 1053 2604 1079 ,
2643 1012 2796 1084 juxta
2839 1022 3075 1069 veterem
3119 1013 3394 1069 hominem
3422 1029 3593 1086 quon-

1986 1106 2109 1162 dam
2141 1107 2497 1173 ambulantes,
2532 1105 2896 1180 tenebamur),
2940 1108 3099 1163 tacitc
3125 1106 3399 1164 Christum
3429 1109 3595 1167 abue-
3656 1130 3659 1133 ·

1988 1209 2142 1271 gant,
2186 1198 2314 1254 dum
2362 1214 2484 1269 cum
2529 1198 2866 1256 daemonibus
2906 1198 3108 1256 habent
3152 1201 3347 1258 fmdus.
3376 1200 3515 1271 Jam,
3549 1203 3595 1259 si

1990 1290 2283 1346 Macltabtei
2322 1290 2515 1347 fratres
2545 1307 2649 1347 una
2678 1306 2800 1348 cum
2828 1300 2998 1348 matre
3028 1292 3331 1350 ntaluerunt
3370 1303 3446 1351 tot
3473 1311 3596 1351 cru-

1992 1382 2223 1437 ciatibus
2271 1382 2592 1451 exanimari,
2629 1399 2789 1455 quam
2821 1399 2983 1440 carne
3012 1386 3167 1441 suilla
3195 1387 3363 1457 vesci,
3392 1388 3471 1445 sic
3496 1403 3598 1445 aes-

1994 1472 2244 1552 timantes
2266 1490 2389 1530 eum
2420 1475 2587 1531 Deum
2616 1475 2774 1548 Legis
2804 1486 3078 1534 auctorem
3105 1494 3323 1551 negare,
3355 1481 3597 1553 quisquis

1993 1568 2170 1623 sciens
2195 1583 2257 1624 ac
2286 1568 2474 1625 volens
2497 1569 2629 1641 legis
2654 1579 2919 1642 prmeepta
2971 1571 3159 1642 violat,
3191 1589 3297 1645 quo
3320 1558 3475 1647 pacto
3495 1575 3597 1633 sibi

1995 1661 2265 1718 blanditur
2305 1664 2394 1734 qui
2425 1663 2479 1719 in
2508 1664 2665 1732 luxu,
2698 1666 3011 1723 temulentia
3040 1710 3056 1735 ,
3088 1668 3310 1724 avaritia
3332 1711 3348 1739 ,
3373 1670 3595 1741 rapinis,

294 1759 365 1816 de
406 1759 670 1830 promisso
700 1756 996 1828 stipendio,
1029 1758 1294 1829 simulque
1322 1756 1536 1813 diabolo
1565 1756 1890 1812 denuntiasti
1920 1765 1969 1825 Β
1996 1753 2276 1810 adulteriis
2301 1754 2527 1826 aliisque
2545 1757 2859 1814 criminibus
2879 1770 3296 1827 consenescunt,
3316 1776 3439 1833 quae
3460 1777 3600 1834 gen-

303 1849 937 1923 perpetuasinimicitias,
968 1850 1284 1906 renuntiasti
1305 1849 1554 1905 omnibus
1576 1849 1715 1904 illius
1737 1863 1891 1920 pom.

298 1944 382 2014 pis
409 1958 471 1999 ac
495 1941 889 2014 voluptatibus;
921 1942 1214 1998 exsultlasti
1234 1984 1249 2009 ,
1282 1941 1806 2013 exsibilasti,jurasti
1838 1940 1889 1996 in

288 2036 450 2094 verba
484 2034 862 2107 Redemptoris
892 2052 906 2089 :
935 2050 1164 2105 cumque
1207 2044 1285 2090 tot
1314 2036 1453 2091 vitiis
1501 2035 1740 2104 servias,
1795 2033 1894 2099 tibi

299 2130 477 2203 places
506 2129 648 2199 quod
674 2127 912 2185 nondum
938 2128 1013 2185 sis
1044 2128 1375 2185 thurillcatus
1419 2138 1511 2185 aut
1530 2129 1820 2186 libellatus.

365 2219 576 2275 XXVII.
611 2218 668 2275 Si
723 2220 844 2291 quis
871 2219 1027 2276 miles
1062 2209 1272 2291 juratus
1312 2221 1365 2276 in
1409 2222 1571 2277 verba
1618 2220 1848 2277 Caesaris
1875 2262 1893 2291 ,

295 2311 606 2386 profugeret
630 2311 699 2366 ad
722 2310 976 2379 Turcam,
1003 2320 1060 2367 et
1087 2327 1149 2368 ex
1176 2311 1319 2367 illius
1356 2312 1580 2369 arbitrio
1604 2312 1803 2369 faceret
1834 2326 1897 2368 ea

306 2420 423 2476 quzc
455 2404 615 2460 sciret
634 2403 988 2475 ingratissima
1017 2403 1249 2471 Caesari;
1279 2418 1456 2461 nonne
1480 2404 1899 2475 comprehensus

299 2497 365 2552 ad
417 2496 735 2567 supplicium
762 2505 1039 2567 raperetur
1065 2505 1125 2551 ut
1154 2496 1419 2561 desertor,
1453 2504 1510 2551 ut
1539 2496 1811 2567 perjnrus,
1845 2504 1900 2549 ut

299 2589 559 2663 perfuga?
589 2590 718 2659 Quis
747 2600 927 2645 autem
960 2589 1171 2646 audiret
1207 2605 1329 2646 eum
1372 2590 1442 2644 ita
1483 2589 1899 2648 delendentem;

307 2681 451 2737 tNon
479 2698 595 2737 smn
618 2681 883 2749 desertor,
926 2696 1032 2736 non
1078 2682 1338 2753 abnegavi
1371 2682 1677 2737 Caesarem?
1708 2680 1901 2736 Annon

299 2792 424 2832 mox
452 2775 691 2831 audiret:
722 2775 889 2843 «Quid
911 2774 1075 2831 refert
1101 2775 1145 2830 si
1171 2774 1349 2848 lingua
1376 2774 1786 2844 tacuit?lleipsa
1812 2774 1904 2828 ab-

301 2871 528 2941 negasti,
559 2880 611 2926 et
662 2869 941 2941 pluSquam
973 2869 1280 2941 abnegasti,
1319 2867 1409 2940 qui
1459 2884 1564 2923 non
1606 2867 1778 2923 solum
1808 2868 1906 2923 de-

302 2965 535 3019 serueris
558 2964 801 3018 militiam
822 3006 836 3031 ,
869 2979 1054 3019 verum
1086 2963 1245 3018 etiam
1277 2963 1343 3017 ad
1388 2975 1670 3035 tyrannum
1697 2972 1751 3018 et
1781 2961 1909 3017 hos-

305 3066 413 3112 tem
464 3056 802 3126 imperatoris
847 3056 918 3111 tui
971 3053 1467 3110 irreconciliabilem
1501 3052 1905 3125 transfugcris.»

1998 1846 2126 1902 tium
2155 1848 2315 1905 etiam
2370 1848 2517 1920 leges
2547 1851 2837 1909 noluerunt
2880 1868 3003 1910 esse
3032 1854 3341 1926 impunita?
3373 1857 3441 1930 Et
3477 1873 3599 1915 cum

1998 1946 2076 1993 tot
2100 1938 2273 1995 modis
2301 1939 2573 1997 Christum
2618 1942 2907 2016 abnegent,
2955 1959 3079 2002 cum
3110 1947 3271 2004 toties
3318 1948 3603 2006 immolent

1996 2027 2331 2089 daemonibus
2359 2075 2372 2098 ,
2407 2049 2504 2105 pro
2530 2033 2849 2093 Christianis
2873 2037 3059 2095 haberi
3088 2041 3395 2111 postulant?
3430 2045 3604 2115 Atque

1998 2119 2051 2175 in
2074 2120 2157 2176 his
2173 2133 2299 2178 sunt
2330 2126 2417 2195 qui
2439 2126 2612 2196 palam
2636 2126 2737 2183 ista
2758 2129 3116 2196 committunt,
3132 2146 3195 2186 ac
3211 2134 3603 2204 propemodum

1999 2214 2162 2270 etiam
2201 2216 2498 2288 gloriantur
2537 2220 2589 2275 in
2617 2220 2778 2277 rebus
2808 2222 3085 2293 pessimis;
3121 2222 3258 2280 adeo
3303 2240 3408 2281 non
3442 2226 3605 2295 pudet

2000 2318 2094 2365 aut
2136 2310 2279 2383 piget
2334 2311 2732 2370 admissorum!
2780 2328 2835 2371 et
2876 2324 3053 2372 tamen
3092 2316 3290 2373 audent
3326 2318 3509 2375 venire
3550 2318 3603 2374 in

2003 2402 2296 2460 Ecclesiam
2320 2415 2652 2477 sanctorum,
2672 2407 2871 2465 audent
2891 2409 3105 2465 misceri
3135 2410 3282 2482 gregi
3301 2410 3603 2467 Dominieo.

2004 2495 2165 2553 Tales
2196 2497 2465 2555 interdum
2495 2501 2692 2557 tolerat
2716 2502 2953 2558 Ecclesia
2974 2545 2990 2572 ,
3019 2519 3086 2559 ne
3114 2505 3387 2574 provocati
3434 2505 3605 2575 magis

2005 2592 2165 2647 etiam
2192 2595 2502 2664 perturbent
2525 2597 2779 2669 pepulum
2807 2598 2899 2654 Dei
2929 2615 2942 2652 :
2966 2599 3061 2655 sed
3090 2600 3215 2671 quid
3242 2599 3465 2671 prodest
3490 2614 3598 2654 non

2007 2684 2128 2755 ejici
2157 2695 2300 2742 coetu
2321 2687 2552 2759 piorum,
2582 2688 2628 2744 si
2657 2691 2920 2746 merueris
2945 2690 3103 2761 ejici?
3130 2690 3261 2746 Nam
3284 2692 3404 2763 ejici
3435 2706 3611 2747 reme-

2008 2778 2153 2833 dium
2196 2788 2309 2847 cst,
2369 2788 2424 2835 ct
2467 2779 2662 2852 gradus
2690 2781 2757 2837 ad
2802 2783 3224 2854 recuperandam
3281 2783 3609 2839 sanitatem:

2009 2872 2330 2943 ejectionem
2359 2874 2641 2941 meruisse,
2692 2888 2901 2929 summa
2940 2874 3202 2931 malorum
3229 2884 3331 2931 est.
3369 2876 3448 2931 Ae
3473 2874 3612 2931 frus-

2012 2975 2091 3019 tra
2118 2964 2374 3020 miscetur
2404 2966 2567 3022 coetui
2605 2975 2914 3022 sanctorum
2939 2967 2991 3022 in
3024 2966 3223 3038 templo
3263 2968 3569 3023 manulacto
3592 3009 3609 3036 ,

2013 3056 2057 3112 si
2084 3058 2364 3114 submotus
2387 3068 2472 3115 est
2496 3074 2526 3113 a
2550 3061 2824 3116 consortio
2840 3060 2933 3116 Dei
2949 3070 3003 3116 et
3026 3060 3094 3117 ab
3120 3060 3370 3117 universo
3385 3075 3613 3132 corpore

301 3138 494 3204 hiet-ito
523 3147 757 3203 ﬁdelium
801 3164 961 3204 aures
988 3148 1368 3204 abominantur
1395 3156 1647 3219 apostolo:
1676 3147 1904 3203 vocabu-
1931 3160 1976 3224 ρ
2014 3150 2240 3222 mystico
2259 3149 2479 3207 Christi.

303 3242 411 3299 lum
449 3259 670 3299 :vernm
727 3245 826 3299 hoc
856 3258 964 3299 non
1010 3242 1082 3298 ibi
1111 3251 1316 3298 tantum
1347 3241 1741 3299 exsecrandum
1777 3249 1862 3297 est
1886 3281 1902 3307 ,

303 3352 425 3393 cmn
463 3338 683 3392 incenso
710 3336 962 3392 thusculo
993 3321 1107 3391 aut-
1134 3336 1333 3406 scripto
1360 3335 1540 3391 libello
1568 3337 1906 3392 renuntiatur

311 3430 633 3502 professioni
662 3430 894 3486 nominis
922 3429 1119 3485 Christi
1145 3449 1158 3498 ;
1191 3430 1283 3486 sed
1317 3430 1636 3502 ubicumque
1659 3440 1904 3486 contem-

310 3524 418 3594 ptis
450 3523 647 3578 Christi
677 3522 901 3594 legibus,
933 3523 1333 3595 ohtetttperatttr
1362 3523 1594 3579 Satanm.
1623 3523 1732 3579 Nec
1760 3525 1904 3579 enim

310 3614 477 3671 refert
504 3615 629 3686 quid
661 3624 815 3670 sonet
845 3615 1053 3685 lingua;
1077 3631 1195 3686 qua:
1221 3615 1265 3670 si
1294 3615 1756 3685 sonelCltrislutn,
1784 3631 1905 3671 cum

310 3712 522 3765 animus
554 3710 618 3765 sit
649 3708 857 3769 deditus
884 3708 1219 3775 criminibus,
1253 3726 1357 3764 non
1386 3719 1468 3765 est
1508 3710 1790 3780 professio,
1813 3709 1906 3765 sed

309 3801 634 3875 hypocrisis,
679 3802 1002 3874 abnegatura
1074 3800 1347 3857 Christum
1395 3803 1439 3856 si
1495 3810 1669 3857 metus
1723 3808 1910 3873 urgeat

321 3898 408 3969 qtti
440 3897 634 3967 premit
682 3895 1018 3951 thuriIiCatos
1064 3905 1156 3949 aut
1184 3894 1467 3950 libellatos.
1517 3895 1691 3966 Atque
1723 3894 1775 3947 in
1824 3893 1908 3948 his

310 3991 469 4047 rebus
490 4006 608 4062 qua}
629 3989 708 4046 sic
738 3990 876 4045 inter
904 4004 964 4044 se
997 3997 1250 4059 pugnant,
1285 3996 1343 4042 ut
1385 3998 1573 4042 neutra
1604 3985 1740 4042 ferat
1771 3985 1906 4040 alte-

310 4086 420 4141 rius
470 4085 824 4148 consortium,
873 4083 1092 4154 quoties
1147 4082 1285 4137 hanc
1319 4081 1714 4151 amplectimur,
1749 4079 1909 4134 aliam

309 4179 716 4242 abdicavituus;
777 4163 987 4246 quaties
1054 4191 1213 4231 unam
1290 4174 1612 4244 rejecimus,
1685 4172 1909 4227 alteram

311 4268 676 4339 agnoscimus.
706 4264 1016 4336 Cujusmodi
1041 4275 1165 4321 sunt
1192 4266 1278 4320 lux
1319 4274 1375 4320 ct
1398 4263 1669 4331 tenebrat,
1711 4263 1910 4319 bellum

312 4369 368 4417 et
394 4378 515 4432 pax,
543 4374 688 4415 mors
722 4369 776 4415 ct
804 4358 929 4426 vita,
956 4359 1097 4415 Deus
1121 4369 1175 4414 et
1211 4358 1414 4425 Belial;
1459 4357 1912 4431 quemadmodum

312 4462 536 4508 testatur
561 4463 615 4508 et
639 4453 823 4508 beatus
860 4451 1057 4508 Paulus
1088 4452 1139 4506 in
1181 4450 1417 4507 secunda
1441 4450 1508 4506 ad
1557 4449 1910 4507 Corinthios:

2084 3242 2278 3298 XXIX.
2327 3243 2549 3316 Oportet
2581 3255 2759 3301 autem
2786 3255 2840 3302 et
2864 3246 2991 3303 illud
3018 3246 3360 3304 considerare
3386 3257 3613 3319 quanto-

2010 3351 2138 3408 pere
2160 3336 2453 3393 Christiani
2497 3336 2791 3395 abhorrent
2838 3339 2905 3396 ab
2950 3338 3263 3413 idolothytis
3313 3348 3368 3396 et
3417 3340 3485 3395 ab
3528 3339 3616 3394 in-

2009 3444 2195 3501 gressu
2222 3429 2490 3500 fanorum,
2514 3443 2674 3503 atque
2694 3431 2762 3488 ab
2794 3432 2921 3503 ipsis
2941 3433 3101 3489 etiam
3126 3432 3450 3490 simulacris.
3480 3432 3616 3489 Cum

2009 3521 2197 3581 beatus
2249 3523 2444 3579 Paulus
2495 3524 2693 3580 clamet
2744 3539 2919 3594 neque
2976 3523 3175 3580 idolum
3224 3539 3346 3581 esse
3416 3523 3618 3595 aliquid

1984 3618 2186 3688 neque
2223 3615 2610 3688 idolothytum,
2644 3617 2813 3672 multo
2842 3618 3020 3672 mintts
3058 3616 3239 3672 fanum
3263 3633 3329 3672 ex
3353 3616 3617 3687 lapidibus

2011 3718 2374 3765 constructum
2408 3721 2491 3764 est
2528 3708 2761 3780 aliquid:
2791 3716 2847 3764 et
2877 3720 3054 3765 tamen
3097 3708 3446 3779 plurimorum
3497 3708 3617 3763 aui-

2013 3816 2134 3856 mus
2162 3816 2223 3856 ea
2255 3799 2513 3871 religione
2535 3807 2778 3868 tenetur,
2811 3809 2870 3855 ut
2916 3810 3145 3857 mortem
3178 3808 3436 3872 oppetant
3461 3799 3619 3857 cilius

2011 3906 2171 3963 quam
2201 3898 2416 3963 gustent
2467 3891 2625 3948 idolis
2656 3891 2988 3969 immolatum
3019 3909 3033 3947 :
3067 3902 3122 3947 et
3152 3892 3470 3964 inexpiabile
3503 3893 3619 3965 pia-

2013 3984 2189 4041 culmn
2216 4000 2336 4041 esse
2376 3984 2595 4055 ducant,
2629 3986 2675 4041 si
2724 3985 3091 4057 ingrediantur
3135 3987 3315 4042 fanum
3341 3985 3489 4043 Jovis
3526 3993 3621 4041 aut

2015 4079 2283 4150 Apollinis
2303 4090 2396 4134 aut
2427 4078 2631 4149 Dianae,
2661 4094 2826 4152 seque
2850 4089 3039 4151 putent
3066 4089 3314 4136 contactu
3346 4079 3620 4136 simulacri

2022 4171 2373 4228 vehementer
2390 4172 2763 4228 contaminari.
2798 4171 3057 4244 Equidem
3088 4172 3256 4243 probo
3284 4164 3466 4226 talium
3496 4170 3622 4226 reli-

2016 4266 2253 4337 gionem,
2278 4266 2323 4321 si
2344 4264 2443 4321 sibi
2471 4274 2684 4322 constet
2712 4265 2766 4321 in
2793 4265 3061 4321 omnibus.
3087 4263 3258 4329 Nunc,
3285 4262 3417 4334 proh
3443 4263 3618 4318 dolor!

2016 4358 2201 4414 videre
2229 4367 2312 4414 est
2336 4358 2595 4431 quosdam
2638 4360 2692 4414 in
2720 4359 2803 4413 his
2840 4373 2977 4429 pene
3033 4358 3404 4428 superstitiose
3462 4356 3623 4428 trepi-

2019 4451 2138 4519 dos,
2170 4452 2225 4507 in
2246 4452 2364 4509 aliis
2391 4454 2477 4510 ubi
2507 4453 2722 4526 gravior
2744 4460 2861 4508 erat
2891 4451 3159 4508 metuendi
3190 4466 3370 4519 causa,
3399 4452 3621 4508 nimium

315 4547 447 4616 Qua:
466 4547 598 4601 enim
625 4546 949 4618 participatio
961 4546 1181 4617 justitia:
1221 4562 1337 4599 cum
1365 4545 1628 4617 iniquitate
1652 4546 1784 4600 φαίη
1805 4560 1919 4615 qtae
1940 4564 1995 4625 D
2020 4560 2140 4602 esse
2166 4562 2402 4602 securos.
2436 4547 2540 4602 Per
2566 4563 2624 4602 se
2650 4561 2756 4601 non
2797 4543 3040 4616 inquinat
3078 4545 3307 4601 animam
3344 4555 3623 4602 contactus

292 4642 525 4695 societas
553 4641 656 4694 luci
680 4639 748 4693 ad
777 4638 1050 4710 tenebras?
1074 4654 1186 4709 qua:
1230 4648 1397 4691 autem
1424 4637 1686 4692 conventio
1730 4636 1919 4692 Christi

314 4734 383 4789 ait
409 4732 614 4789 Belial?
636 4733 943 4789 Adhmsisse
964 4733 1152 4800 Belial,
1194 4743 1276 4787 est
1302 4733 1594 4803 abnegasse
1620 4731 1915 4800 Christum,

315 4835 603 4896 utcumque
633 4826 811 4897 lingua
836 4835 928 4881 aut
958 4825 1140 4881 habitu
1163 4825 1435 4880 Christum
1464 4825 1787 4896 proﬁtearis.

388 4919 623 4975 XXVIII.
660 4920 735 4975 De
780 4919 883 4993 hoc
932 4920 976 4974 si
1029 4918 1149 4991 quis
1173 4919 1560 4990 simpliciorum
1609 4920 1914 4990 dubitarit,

320 5013 461 5072 dabo
482 5023 855 5086 argumentum
897 5028 1136 5070 crassum
1165 5020 1220 5069 et
1248 5012 1486 5070 evidens.
1517 5013 1806 5085 Fingamus
1838 5024 1921 5089 ty-

2023 4638 2173 4705 idoli,
2199 4656 2299 4697 nec
2328 4639 2599 4712 ingressus
2628 4639 2753 4707 fani,
2788 4652 2887 4695 nec
2913 4654 3038 4694 esus
3058 4637 3339 4711 idolothyti
3367 4657 3379 4695 :
3407 4638 3500 4696 sed
3529 4654 3625 4711 per

2022 4749 2081 4790 se
2110 4735 2297 4806 polluit
2324 4733 2707 4791 conscientiam
2742 4747 2895 4789 amor
2915 4733 3174 4805 pecunias,
3194 4732 3448 4800 incestus,
3476 4733 3623 4804 rapi-

2023 4843 2115 4895 na,
2150 4827 2452 4900 hypocrisis
2506 4837 2562 4884 et
2607 4826 2692 4882 his
2740 4825 2933 4882 similia
2991 4835 3250 4883 monstra.
3281 4826 3449 4893 Quam
3498 4843 3625 4885 vero

2023 4923 2269 4993 congruit
2297 4921 2523 4978 horrere
2548 4919 2655 4978 fani
2682 4921 3007 4994 ingressum,
3033 4936 3133 4978 nec
3163 4921 3388 4980 horrere
3409 4922 3461 4977 in
3493 4932 3627 4979 tem-

2023 5014 2112 5084 plo
2132 5012 2355 5085 Spiritui
2379 5022 2694 5072 consecrato
2721 5012 2963 5072 victimas
3003 5013 3282 5073 immolare
3306 5015 3627 5072 dmnioniis?

1665 5149 2027 5208 VARIORUM
2064 5150 2293 5209 NOTAE.

393 5256 697 5333 Tltnriﬁcati
766 5277 856 5321 aut
901 5266 1111 5323 libellalt'
1162 5283 1367 5323 nomen.
1429 5265 1541 5323 lloc
1611 5265 1802 5322 iterum
1852 5283 1917 5322 ex

316 5339 383 5471 ID.
448 5340 764 5411 (Zypriano,
825 5338 917 5410 qui
977 5350 1154 5394 tamen
1236 5338 1540 5394 libellaticos
1623 5347 1917 5409 nuncupat.

361 5426 526 5466 anne.

361 5426 526 5466 ΔΜΕΙ..

392 5481 477 5536 Ne
502 5483 626 5553 quid
667 5482 945 5537 dubitares.
992 5479 1162 5537 Nimis
1200 5495 1344 5551 Stepe
1378 5478 1607 5538 inculcat
1637 5481 1777 5538 hanc
1800 5496 1951 5538 cer-'

321 5566 429 5610 tam
458 5553 510 5607 in
547 5554 641 5609 Dei
674 5554 857 5609 Iidem.
889 5554 1099 5617 PAIIEL,
1749 5585 1754 5591 -

319 5687 362 5757 Γ
393 5623 636 5679 Turcmn.
724 5625 799 5681 Ita
870 5640 1027 5681 sorex
1084 5638 1183 5680 suo
1237 5622 1433 5680 indicio
1482 5624 1922 5697 deprehenditur.

373 5711 538 5752 suae.

373 5711 538 5752 Διιιίίι.

318 5836 325 5842 ι
399 5766 683 5840 Utcumque
732 5768 912 5844 lingua
975 5779 1023 5824 et
1070 5766 1245 5823 habitu
1314 5767 1570 5825 Christum
1619 5769 1925 5841 proﬁtearis.

2027 5267 2192 5326 Caute
2218 5270 2395 5326 ethoc
2419 5269 2723 5343 legendum.
2754 5269 2962 5343 Pansa.
3000 5298 3005 5303 -

2100 5343 2140 5395 A
2162 5357 2260 5413 quo
2297 5344 2433 5397 malo
2475 5336 2577 5398 'nos
2608 5341 2815 5396 Domini
2842 5336 3193 5398 misericordia
3220 5342 3465 5401 liberavit.
3517 5343 3631 5403 Hoc

2028 5413 2189 5468 etiam
2219 5414 2444 5490 addidit,
2476 5424 2532 5468 ut
2555 5413 2806 5486 Cypriani
2827 5413 3107 5490 videretur
3128 5415 3225 5490 hic
3254 5417 3412 5482 liber,
3432 5421 3631 5490 quippe

2028 5500 2186 5555 quem
2238 5484 2667 5560 inagicas_artes
2720 5484 3025 5560 professum
3067 5485 3255 5553 fuisse,
3306 5484 3632 5560 quamquam

2031 5555 2346 5627 perperam,
2380 5555 2597 5627 quidam
2630 5556 2866 5613 tradunt.
2894 5555 3098 5612 Panes.

2104 5626 2412 5709 Macltatiwi;
2459 5626 2627 5684 Recte
2655 5627 2735 5686 sic
2772 5627 3037 5686 Manutius
3059 5670 3078 5696 ,
3098 5644 3196 5703 pro
3218 5645 3286 5688 eo
3307 5631 3452 5709 quod
3478 5640 3639 5704 erat,

2034 5696 2087 5753 M
2095 5696 2336 5756 accaluci.
2370 5699 2577 5760 Pansa.
