4202 6272
562 296 677 367 899

2097 286 2301 353 LIBER
2320 296 2328 365 ξ

3760 284 3854 352 900

562 423 770 477 Clamat
798 429 1013 478 sanctus
1037 419 1235 476 Paulus
1279 417 1521 475 scribens
1561 417 1856 473 Corinthiis
1888 435 1901 471 :
1937 416 2158 471 Nescitis
2183 418 2238 478 Α
2266 417 2416 487 pauci
2446 425 2569 471 sunt
2598 416 2685 487 qui
2714 414 2792 470 sic
2818 414 3014 471 mortui
3037 422 3194 480 sunt;
3223 422 3277 470 et
3319 421 3495 470 tamen
3523 411 3594 470 de
3614 413 3854 473 omnibus

534 519 681 585 quia
706 514 948 583 (emplum
974 511 1072 567 Dei
1117 514 1255 577 estis,
1278 521 1325 566 et
1351 511 1580 584 Spiritus
1612 511 1706 566 Dei
1734 511 1927 565 habitat
1976 511 2029 564 itt
2071 525 2157 563 vo-

562 604 677 660 bis?
704 606 764 659 Si
798 606 910 677 quis
939 615 1108 658 autem
1147 604 1393 675 templum
1441 604 1534 658 Dei
1584 604 1867 669 violat-erit,
1897 601 2157 673 disperdat

559 696 701 749 illum
718 694 855 750 Deus
877 697 921 767 (I
945 695 1063 750 Cor.
1088 712 1167 763 ιιι,
1195 697 1263 752 Iti
1286 695 1325 766 ).
1355 697 1557 751 lim-sus
1588 696 1639 749 in
1660 695 1846 751 eadem
1879 694 2114 764 Epistula
2138 705 2158 745 :

561 789 638 841 Au
661 788 863 843 nescitis
880 790 1124 857 quoniam
1147 788 1367 844 membro
1391 801 1553 844 vestra
1581 799 1676 843 tem
1685 788 1826 851 piunt
1851 797 1967 841 sunt
1993 783 2160 841 seueri

563 881 792 949 Spiritus
816 882 902 951 qui
948 882 1002 935 in
1052 881 1188 936 vobis
1230 892 1326 947 est,
1350 898 1496 951 quem
1529 881 1722 934 habetis
1749 896 1781 931 a
1817 878 1947 933 Deo.
1977 888 2025 932 et
2056 892 2158 932 non

561 974 678 1028 estis
706 972 895 1027 vestri?
918 973 963 1045 (Ι
983 972 1187 1040 Genu,
1211 973 1325 1044 19.)
1351 972 1504 1041 Quod
1531 974 1575 1027 si
1607 972 2029 1027 Christianorum
2064 985 2158 1036 pe.

561 1077 709 1122 ctora
746 1067 846 1122 sibi
891 1068 1226 1124 consecravit
1247 1068 1407 1132 Deus,
1439 1077 1497 1121 ιιι
1539 1068 1588 1120 in
1637 1066 1741 1120 illis
1780 1066 2039 1119 inltalntet
2066 1077 2160 1132 per

562 1160 819 1229 Spiritum
868 1174 1054 1229 suum,
1098 1160 1205 1214 illic
1257 1159 1539 1215 deliciatnr
1581 1170 1635 1213 ct
1694 1158 2008 1223 inambulat,
2057 1157 2161 1211 illic

562 1260 705 1306 amat
734 1249 838 1305 sibi
883 1250 1063 1307 oﬂ‘erri
1095 1250 1367 1306 victimam
1400 1266 1586 1318 puram
1642 1250 1692 1303 in
1748 1250 1893 1304 omni
1927 1250 2065 1302 loco.
2096 1248 2164 1303 Et

561 1342 723 1411 quiin
748 1342 850 1397 hoc
901 1342 1154 1413 templum
1203 1344 1311 1399 Deo
1340 1359 1572 1408 sacrutn,
1603 1342 1778 1411 eiecto
1811 1350 1999 1396 sancto
2034 1338 2160 1409 Spi-

563 1437 686 1501 ritu,
722 1435 926 1491 inducit
975 1437 1401 1492 abontinationes
1440 1450 1572 1504 quas
1617 1434 1668 1487 in
1701 1435 1921 1504 mystica
1954 1432 2165 1486 visione

562 1532 841 1600 Conspexit
867 1529 1148 1596 Ezechiel;
1174 1531 1263 1601 qui
1296 1531 1403 1584 illic
1429 1531 1612 1584 sedem
1654 1529 1777 1582 facit
1825 1528 2161 1591 Mauunmne,

568 1625 779 1686 Veneri.
829 1625 1015 1691 Como,
1066 1626 1298 1691 Baccho,
1350 1626 1575 1695 altisque
1628 1624 1920 1692 pitrtentis;
1952 1622 2040 1692 qui
2095 1622 2164 1674 ibi

566 1719 902 1776 daemonibus
930 1720 1174 1776 immolat
1192 1720 1565 1789 spnrcissimas
1594 1718 1813 1780 hostias,
1844 1726 2058 1771 veretur
2086 1716 2168 1769 in-

2261 510 2571 578 pronuntiat
2599 526 2612 561 :
2654 506 2716 562 Et
2747 509 2800 562 hi
2829 508 3115 562 testimonio
3137 506 3258 577 ﬁdei
3288 506 3488 577 probati
3530 505 3720 561 inventi
3747 502 3857 561 sunt

2261 604 2445 677 (Hebr.
2482 619 2554 669 XI,
2579 603 2692 672 59),
2747 602 3026 673 perspicue
3064 601 3344 657 declarans
3384 602 3543 656 etiam
3585 601 3692 656 vita
3724 600 3855 658 bona

2263 699 2439 768 peragi
2472 698 2782 769 martyrium
2816 696 2959 751 fidei.
2993 696 3249 752 Ecclesia:
3271 695 3486 767 quidem
3510 711 3636 751 usus
3661 695 3856 751 discer-

2263 793 2336 847 nit
2402 791 2540 857 illos,
2590 790 2999 861 cognominibus
3035 789 3310 860 appellans
3349 804 3442 845 eos
3487 788 3577 860 qui
3632 788 3859 846 violenta

2262 894 2433 939 morte
2476 884 2853 949 decesserunt;
2903 881 3264 948 confessores,
3314 884 3402 951 qui
3454 891 3765 938 constanter
3809 883 3861 939 in

2261 978 2585 1034 cruciatibus
2610 993 2673 1033 ac
2699 978 2857 1033 minis
2901 978 3093 1032 mortis
3120 977 3348 1049 professi
3382 986 3504 1032 sunt
3543 993 3738 1032 nomen
3764 977 3861 1032 Do-

2265 1071 2392 1126 mini
2418 1070 2567 1133 Iesu,
2613 1071 2783 1140 parati
2816 1080 3042 1125 mortem
3081 1077 3359 1139 oppetere,
3388 1069 3470 1124 vel
3514 1070 3693 1139 potius
3724 1085 3864 1125 mar-

2265 1162 2710 1235 tyriisopremam
2758 1176 3013 1218 coronam
3064 1161 3383 1217 ambientes.
3412 1161 3563 1231 Apud
3597 1162 3763 1218 Deum
3791 1170 3866 1216 ta-

2266 1271 2386 1313 men
2417 1257 2736 1327 qoicumque
2760 1271 2978 1311 carnem
3004 1271 3153 1311 suam
3171 1256 3555 1311 crucilixcmnt
3581 1270 3704 1310 cum
3729 1256 3868 1313 vitiis

2266 1363 2314 1404 ot
2343 1352 2812 1421 concupiscentiis,
2841 1352 3163 1423 quicumque
3203 1351 3414 1406 Christo
3439 1367 3566 1407 vere
3600 1367 3870 1406 commor-

2270 1444 2341 1498 tui
2372 1453 2517 1512 sunt,
2542 1445 2698 1515 eique
2750 1445 2804 1499 in
2866 1443 3140 1514 Baptismo
3168 1445 3464 1514 consepulti
3511 1454 3655 1509 sunt,
3682 1454 3742 1499 ut
3762 1443 3871 1513 jam

2272 1550 2375 1592 non
2407 1537 2506 1591 sibi
2537 1538 2737 1603 vivant,
2767 1554 2940 1609 neque
2963 1537 3161 1594 mundo
3190 1540 3273 1592 cui
3303 1539 3470 1593 settth
3499 1539 3694 1592 mortui
3729 1547 3871 1607 sunt,

2271 1628 2362 1683 sed
2393 1628 2441 1683 ei
2469 1630 2558 1700 qui
2583 1644 2677 1699 pro
2708 1630 2836 1699 ipsis
2879 1637 2962 1683 est
2989 1640 3228 1684 mortuus
3249 1672 3262 1695 ,
3298 1643 3563 1701 martyres
3602 1639 3747 1696 sunt,
3781 1644 3872 1684 nec

2274 1731 2567 1791 martyrum
2621 1738 2818 1777 corona
2876 1722 3262 1778 frandabuntur
3311 1741 3326 1777 :
3384 1725 3649 1796 inprimis
3700 1736 3876 1782 autem

562 1811 710 1882 gredi
734 1812 917 1867 fanum
941 1813 1180 1882 gentium
1206 1826 1275 1867 ne
1294 1812 1704 1867 contaminetor.
1738 1809 1970 1864 Proinde
1998 1822 2157 1863 nemo
2186 1816 2233 1876 B
2265 1815 2531 1882 monachi,
2556 1817 2641 1886 qui
2670 1832 2794 1871 vere
2817 1815 3064 1871 monachi
3091 1825 3233 1880 sunt,
3257 1832 3318 1871 ac
3340 1815 3571 1886 virgines
3598 1832 3715 1886 qua:
3741 1833 3865 1873 vere

563 1909 663 1963 sibi
695 1908 892 1963 frustra
938 1906 1260 1973 blandiatur,
1296 1902 1430 1960 Deus
1454 1922 1559 1959 non
1604 1905 1848 1958 irridetur
1877 1903 2024 1970 (Gul.
2056 1901 2165 1975 vt),

564 2015 777 2061 constet
801 2004 901 2058 sibi
930 2012 1110 2058 nostra
1140 2003 1348 2073 religio,
1381 2016 1481 2056 nec
1514 2002 1648 2055 alios
1681 2001 2032 2067 detestcmur,
2065 2001 2170 2071 ipsi

564 2097 900 2168 gravioribus
926 2096 1143 2152 obnoxii
1174 2094 1488 2150 criminibus
1519 2111 1530 2146 :
1562 2107 1661 2148 nec
1696 2092 1822 2147 alibi
1853 2094 2021 2147 simus
2045 2094 2174 2147 reli-

564 2193 714 2263 giose
756 2191 951 2257 tintidi,
981 2191 1106 2246 alibi
1158 2189 1497 2259 impudenter
1525 2187 1689 2258 impii.
1720 2187 1849 2251 Sed,
1894 2187 2168 2241 Christum

566 2285 735 2342 semel
761 2283 1012 2356 professi,
1040 2292 1149 2339 tota
1198 2282 1304 2337 vita
1346 2282 1635 2338 reddamus
1680 2282 1752 2334 illi
1781 2280 2166 2348 testimonium,

567 2388 621 2432 et
650 2376 883 2445 mtdique
908 2374 1272 2445 gloriﬁcetnus
1298 2373 1468 2441 illum,
1496 2372 1813 2428 obedientes
1862 2370 2003 2425 illius
2033 2384 2173 2441 pra:-

566 2471 768 2540 ccptis;
799 2480 856 2525 ut
882 2469 935 2524 in
967 2470 1069 2524 hoc
1094 2476 1424 2539 cognoscant
1452 2468 1696 2522 homines
1725 2465 1868 2536 quod
1893 2480 2017 2519 vere
2046 2464 2171 2518 lidi-

569 2577 688 2617 tuus
716 2561 810 2627 illi,
846 2559 987 2631 quod
1013 2575 1077 2614 ex
1114 2560 1295 2614 animo
1319 2558 1589 2628 diligimus
1614 2555 1786 2618 illum,
1809 2566 1863 2610 et
1893 2553 2037 2625 quod
2063 2569 2171 2609 non

569 2657 816 2711 simulate
858 2654 926 2709 ad
969 2666 1182 2709 sacrum
1233 2653 1508 2707 lavacrum
1536 2649 1859 2706 adduximus
1884 2663 1985 2703 nos
2027 2649 2172 2703 illius

569 2750 794 2804 militiae.
1546 2814 1553 2821 _

580 2894 585 2899 .
643 2839 811 2895 XXX.
847 2840 1045 2895 Beatus
1093 2838 1382 2909 Apostolus
1413 2836 1657 2909 praedixit
1693 2836 1823 2893 nulli
1865 2836 1950 2905 pie
1993 2835 2173 2890 virere

512 2980 515 2981 ν
574 2932 777 2987 volenti
805 2931 858 2985 iu
883 2931 1096 2987 Christo
1121 2929 1249 2986 Jesu
1288 2931 1590 2986 defuturam
1631 2930 2083 3000 persecutionem.
2117 2924 2177 3006 Si

570 3021 719 3080 deest
776 3032 1055 3091 tyrannus,
1082 3024 1129 3077 si
1182 3032 1373 3086 tortor,
1402 3023 1449 3077 si
1504 3022 1789 3092 spoliator,
1846 3035 1953 3074 non
2002 3019 2176 3074 deerit

570 3115 1021 3184 concupiscentia,
1058 3114 1300 3186 martyrii
1323 3115 1602 3169 materiam
1630 3113 1996 3183 quotidianam
2021 3112 2176 3167 nobis

2276 1908 2509 1978 virgines
2534 1916 2677 1962 sunt.
2708 1906 2891 1978 Neque
2918 1909 3060 1963 enim
3094 1907 3239 1962 locus
3270 1907 3533 1973 desertus,
3567 1922 3750 1963 saccus
3778 1923 3884 1978 pro

2277 2015 2442 2069 reSIc,
2468 2003 2717 2074 legumen
2762 2019 2857 2073 pro
2898 2003 3049 2067 cibo,
3088 2001 3508 2072 nequcjejunia,
3541 2018 3706 2072 neque
3737 2004 3876 2057 cha-

2276 2096 2502 2149 mcnnim
2530 2093 2853 2149 monachum
2882 2092 3203 2159 absolvunt;
3226 2093 3327 2147 sub
3369 2092 3451 2146 his
3480 2092 3767 2147 involucris
3798 2092 3885 2148 in-

2277 2184 2644 2241 tcrdunt'latct
2697 2188 2909 2242 animus
2964 2186 3117 2241 valde
3159 2185 3477 2241 mundanus.
3503 2184 3656 2255 Quod
3687 2188 3755 2240 ita
3784 2186 3885 2241 de-

2275 2280 2664 2353 prehenditur,
2730 2279 2774 2334 si
2823 2278 2888 2334 ad
2948 2293 3142 2333 munus
3196 2279 3407 2349 aliquod
3460 2279 3887 2335 ecclesiasticum

2276 2380 2533 2426 vocentur
2560 2388 2573 2425 :
2607 2371 2678 2426 ibi
2710 2372 2893 2425 videas
2932 2371 3193 2441 quosdam
3238 2386 3306 2425 cx
3333 2369 3437 2425 illis
3469 2369 3724 2425 facillime
3744 2366 3885 2426 vinci

2276 2466 2504 2532 deliciis,
2531 2464 3297 2534 intpaticntioresiniuriarum,
3344 2466 3740 2534 appetentiores
3767 2467 3888 2521 vin-

2277 2559 2432 2615 dictat
2484 2576 2640 2631 quant
2697 2560 2868 2630 quivis
2920 2559 3055 2613 alius
3107 2559 3177 2612 sit
3206 2574 3271 2612 ex
3316 2559 3489 2613 media
3536 2560 3710 2629 plebe.
3744 2560 3884 2629 Quid

2277 2669 2451 2708 causze
2474 2651 2597 2707 est?
2625 2651 2886 2719 Quoniam
2913 2666 3107 2721 corpus
3135 2660 3495 2705 exercuerunt
3528 2653 3695 2722 magis
3724 2668 3890 2722 quam

2277 2748 2547 2812 animum;
2578 2762 2699 2800 cum
2738 2747 2923 2801 beatus
2975 2743 3169 2799 Paulus
3210 2745 3405 2800 doceat
3433 2745 3570 2817 quod
3595 2748 3894 2802 exercitatio

2278 2840 2557 2908 corporalis
2579 2840 2646 2893 ad
2673 2839 2926 2894 modicum
2955 2840 3094 2895 utilis
3121 2840 3205 2905 sit,
3243 2841 3406 2909 pietas
3426 2841 3494 2893 ad
3524 2841 3689 2894 munia
3715 2841 3888 2896 υαιίαι

2278 2932 2323 3005 (Ι
2350 2932 2479 2986 Tim.
2508 2948 2584 2998 tv,
2617 2930 2731 3004 ib).

2352 3024 2568 3081 XXXII.
2596 3025 2710 3080 Non
2755 3026 2869 3080 lucc
2918 3025 3164 3097 dixerint,
3198 3029 3343 3096 quod
3402 3027 3736 3099 improbandi
3780 3028 3894 3083 sint

2278 3118 2367 3188 qui
2399 3118 2590 3173 talibus
2616 3116 2787 3173 modis
2814 3120 3073 3189 castigant
3125 3136 3321 3190 corpus
3363 3129 3519 3175 suum
3560 3130 3614 3176 et
3643 3124 3694 3175 in
3721 3121 3896 3176 serti-

571 3208 847 3263 exhibens.
888 3209 1168 3263 Postremo
1221 3211 1335 3262 tunc
1367 3209 1478 3276 ipsa
1521 3207 1655 3261 mala
1706 3223 1825 3278 qua:
1868 3222 2049 3261 secum
2077 3207 2241 3274 de-C
2277 3220 2441 3265 tutem
2495 3210 2739 3281 redigunt
2769 3228 2782 3266 ε
2809 3213 2902 3266 sed
2931 3210 3073 3282 quod
3122 3214 3371 3280 Satanas,
3402 3215 3546 3268 mille
3594 3215 3897 3270 inStructus

572 3300 675 3356 fert
705 3301 807 3354 vita
838 3300 1167 3365 mortalium,
1198 3314 1423 3367 quaeque
1453 3300 1552 3367 piis
1571 3312 1692 3354 cum
1720 3298 1900 3368 impiis
1925 3314 2172 3353 commu-

574 3393 659 3445 nia
685 3398 829 3455 sunt,
854 3390 1095 3460 martyrii
1134 3405 1390 3446 coronam
1438 3389 1592 3445 nobis
1646 3391 1944 3459 parabunt,
1975 3389 2020 3442 si
2064 3389 2177 3458 pla-

482 3506 485 3511 λ
573 3485 713 3551 cide,
742 3485 786 3539 si
815 3499 937 3540 cum
962 3482 1253 3554 gratiarum
1292 3485 1505 3539 actione
1552 3484 1951 3553 perutlerintus.
1990 3482 2177 3551 Neque

574 3576 772 3648 privati
795 3584 919 3631 sunt
946 3575 1186 3647 martyrii
1208 3574 1377 3646 gloria
1400 3576 1723 3646 quicumque
1745 3575 1977 3630 violenta
2002 3583 2177 3629 morte

573 3670 931 3725 consummati
980 3684 1089 3725 non
1141 3678 1285 3724 sunt.
1308 3667 1442 3735 Quis
1469 3679 1646 3723 autent
1702 3667 1843 3721 ausit
1893 3668 1976 3721 vel
2010 3666 2178 3720 Abra-

576 3764 697 3819 ham
722 3763 1101 3835 patriarcham,
1138 3764 1219 3820 vel
1248 3763 1408 3833 hujus
1438 3763 1604 3817 filium
1643 3763 1813 3828 Isaac,
1850 3762 1936 3816 vel
1957 3762 2175 3816 beatum

573 3856 676 3914 Job
701 3858 939 3914 eximere
983 3873 1014 3913 e
1054 3866 1351 3928 martyrum
1405 3855 1665 3910 numero?
1692 3853 1824 3922 Qua:
1850 3854 2179 3909 carnificina:

577 3951 790 4019 gravius
814 3957 1088 4013 torserunt
1133 3964 1352 4017 corpus,
1380 3963 1540 4019 quant
1574 3946 1900 4001 Patriarclm
1938 3956 2176 4000 mentem

579 4040 900 4110 torquebant
953 4049 1160 4095 natura:
1210 4038 1467 4105 alie-ctus,
1520 4054 1642 4094 cum
1689 4039 2065 4093 incunctanter
2110 4035 2180 4091 ad

579 4132 675 4188 Dei
708 4134 917 4203 jussutn
970 4140 1258 4203 appareret
1298 4130 1579 4185 immolare
1637 4130 1805 4184 tilium
1862 4131 2077 4184 unicum
2120 4137 2179 4184 et

583 4226 738 4280 unice
758 4225 981 4280 charum
1001 4266 1018 4291 ,
1049 4225 1101 4280 in
1127 4239 1234 4296 quo
1265 4233 1373 4278 tota
1415 4239 1537 4293 spes
1562 4231 1684 4277 erat
1714 4223 1786 4277 illi
1817 4221 2180 4295 posteritatis?

585 4319 722 4387 Quid
753 4318 924 4375 defuit
952 4320 1096 4375 Isaac
1143 4317 1417 4390 martyrio,
1440 4317 1552 4386 qui,
1572 4316 1703 4371 nihil
1745 4317 2182 4384 obtnurmurans,

583 4427 772 4482 passus
819 4422 904 4468 est
949 4426 1011 4468 se
1044 4412 1286 4483 «illigari
1314 4419 1369 4467 et
1396 4410 1600 4482 imponi
1628 4411 1816 4477 busto,
1853 4426 1951 4466 nec
1968 4410 2185 4481 eximit

584 4506 635 4562 itt
662 4507 926 4563 cervicem
958 4506 1215 4562 vibratam
1238 4506 1601 4561 machaeram?
1630 4506 1797 4574 Cujus
1827 4514 2005 4560 autem
2030 4521 2180 4559 utar-

2284 3303 2510 3370 artibus,
2546 3320 2945 3375 nonnumquam
2996 3304 3171 3360 illudit
3211 3306 3450 3371 incautis,
3496 3306 3900 3377 tmusliguraus

2278 3408 2336 3449 se
2366 3395 2418 3449 in
2447 3396 2691 3466 angelum
2725 3397 2877 3461 lucis,
2913 3406 2965 3452 et
2987 3413 3050 3452 ex
3080 3396 3376 3468 huiusmodi
3408 3412 3697 3467 εοιροτιιιιι
3725 3413 3907 3453 exer-

2278 3489 2582 3544 citamentis
2607 3489 2808 3544 inducit
2829 3491 2933 3545 illis
2965 3489 3153 3545 falsam
3190 3489 3555 3545 Sanctimonim
3583 3492 3906 3561 persuasio-

2279 3599 2399 3639 nem
2423 3600 2437 3649 ;
2469 3599 2699 3655 cumque
2726 3585 2868 3639 intus
2890 3583 3142 3639 madeant
3165 3583 3490 3656 spiritalibus
3519 3584 3686 3648 vitiis,
3711 3593 3766 3639 et
3793 3583 3902 3640 sibi

2279 3686 2333 3732 et
2361 3676 2477 3730 aliis
2511 3676 2775 3731 habentur
2805 3675 2895 3745 pii.
2924 3676 3070 3730 Talis
3098 3675 3438 3747 eratjuslitia
3468 3675 3897 3741 Pharismorum,

2280 3768 2365 3824 cui
2394 3768 2610 3839 prarlata
2642 3777 2747 3834 est,
2773 3764 3194 3837 judiceChristo,
3213 3766 3486 3821 Publicani
3515 3766 3788 3836 injustitia.
3818 3764 3905 3819 Ita

2281 3869 2405 3914 sunt
2431 3869 2485 3915 et
2512 3861 2742 3930 virgines
2784 3858 2942 3913 fatua)
2973 3902 2985 3924 ,
3016 3875 3130 3928 qua:
3159 3859 3383 3914 solidam
3433 3860 3732 3913 exissimant
3769 3857 3904 3925 pie-

2283 3962 2444 4008 tatem
2474 3968 2670 4023 corpus
2701 3952 2898 4006 habere
2925 3952 3040 4006 viro
3063 3952 3341 4017 intactum,
3374 3965 3497 4006 cum
3528 3949 3736 4004 animus
3765 3963 3903 4002 ara-

2285 4045 2428 4113 ritia,
2460 4045 2730 4114 superbia,
2786 4044 2985 4098 invidia
3033 4051 3090 4099 et
3139 4043 3527 4099 obtrectatione
3584 4042 3653 4097 sit
3703 4057 3905 4096 corru-

2286 4134 2744 4207 ptissimos.‘Sunl
2786 4144 2840 4192 et
2887 4135 3023 4190 falso
3070 4135 3263 4201 vidum,
3298 4151 3438 4204 qua},
3466 4134 3597 4189 dum
3629 4132 3815 4187 vivunt
3844 4133 3910 4186 in

2285 4230 2511 4296 deliciis,
2565 4229 2780 4284 Christo
2832 4238 3058 4283 mortua:
3109 4238 3254 4283 sunt.
3314 4226 3369 4281 In
3420 4241 3631 4281 summa
3690 4235 3905 4293 tamen,

2285 4323 2529 4394 quisquis
2572 4337 2697 4376 vere
2728 4320 3083 4384 Christianus,
3106 4321 3366 4391 cujusque
3396 4329 3566 4375 status
3617 4327 3712 4374 aut
3742 4318 3906 4373 ordi-

2288 4416 2392 4481 nis,
2422 4413 2581 4469 habet
2616 4414 2909 4469 certamina
2942 4429 3033 4467 sua
3054 4455 3067 4477 ,
3094 4413 3254 4469 habet
3278 4427 3492 4467 crucem
3525 4427 3710 4477 suam;
3738 4427 3912 4481 quam

2290 4510 2335 4563 si
2389 4510 2653 4579 patienter
2702 4508 2860 4573 tollit,
2889 4507 2933 4561 si
2979 4513 3290 4562 constanter
3316 4505 3560 4567 su5tiuet,
3589 4503 3914 4559 testimonio

584 4599 777 4671 tyrium
806 4598 1125 4656 audebimus
1154 4598 1400 4656 conferte
1428 4613 1550 4653 cum
1598 4597 1680 4651 his
1724 4612 1844 4668 quur
1868 4612 2057 4667 passus
2093 4605 2178 4652 εει
2202 4613 2254 4671 Ι)
2281 4619 2381 4659 suo
2401 4602 2661 4671 glorilicat
2690 4602 2989 4668 Dominum,
3024 4609 3228 4655 tantum
3266 4616 3334 4656 ne
3371 4600 3473 4655 sibi
3501 4598 3735 4654 vindicet
3781 4599 3907 4653 lau-

696 4693 720 4733 τ

696 4693 720 4733 τ

582 4692 850 4842 ³οξίΧΧΙ.
881 4784 1033 4854 Quod
1060 4784 1106 4841 si
1128 4784 1253 4855 quis
1280 4782 1457 4839 adhuc
1481 4780 1673 4837 difﬁdit
1706 4780 1942 4836 sermoni
1974 4790 2181 4849 nostro,

583 4889 730 4937 certe
756 4881 894 4938 beati
926 4879 1076 4935 Pauli
1105 4878 1283 4935 verbis
1306 4892 1412 4934 non
1452 4876 1648 4947 poterit
1676 4874 1942 4945 difﬁdere.
1971 4873 2032 4929 Is‘
2050 4875 2187 4931 scri-

584 4977 721 5033 bens
742 4975 808 5031 ad
837 4974 1115 5042 Hebraeos,
1132 4988 1292 5029 orsus
1317 4973 1386 5031 ab
1414 4972 1546 5028 Abel
1569 4988 1738 5043 usque
1756 4971 1824 5027 ad
1849 4970 2185 5038 cheonem,

584 5068 854 5140 ingentem
879 5076 1190 5123 sancton
1218 5066 1518 5135 catatogum
1546 5074 1816 5129 recenset,
1843 5064 1894 5118 in
1928 5079 2037 5134 quo
2062 5063 2185 5134 plu-

584 5177 670 5218 res
700 5161 938 5232 suntqui
970 5176 1075 5217 non
1104 5159 1342 5216 defuncti
1373 5167 1494 5215 sunt
1525 5167 1699 5214 morte
1722 5157 1985 5225 violenta;
2016 5158 2186 5213 immo

2293 4695 2418 4748 dem
2440 4694 2702 4749 bonorum
2734 4708 2958 4761 Operum
2991 4710 3004 4745 :
3037 4692 3138 4746 hoc
3167 4693 3309 4747 enim
3337 4707 3442 4747 non
3470 4701 3555 4748 est
3594 4690 3918 4763 gloriﬁcare

2298 4788 2486 4855 Deum,
2518 4786 2612 4842 sed
2637 4786 2932 4843 clariticare
2957 4786 3213 4856 seipsum.

2365 4878 2605 4935 XXXIII.
2635 4879 2804 4935 liabet
2827 4880 3194 4951 unusquisque
3239 4877 3474 4934 fidelium
3505 4893 3703 4951 agones
3748 4893 3916 4946 suos,

2294 4974 2455 5030 habet
2524 4973 2886 5029 adversarium
2940 4972 3249 5040 diabolum,
3308 4972 3470 5027 habet
3519 4972 3922 5043 agonothetam

2294 5068 2458 5124 Deum
2482 5111 2496 5136 ,
2558 5067 2719 5123 habet
2780 5067 3047 5121 theatrum
3080 5083 3186 5122 non
3214 5066 3390 5122 solum
3423 5065 3676 5121 Ecclesia!
3710 5075 3765 5121 ct
3786 5065 3923 5121 Λιι-

2290 5163 2555 5236 gelornm,
2577 5161 2671 5217 sed
2699 5170 2754 5218 et
2781 5160 3071 5218 infidelium
3094 5160 3578 5233 ;qucmadmodum
3606 5159 3738 5217 dicit
3766 5160 3931 5217 Pau-

1714 5344 1724 5356 ο
1933 5271 2293 5331 VARIORUM
2334 5277 2562 5335 now.
2909 5338 2914 5343 .

655 5397 777 5453 Illic
806 5405 945 5451 amat
971 5395 1068 5451 sibi
1082 5393 1260 5463 ulmi
1279 5395 1556 5458 victitant,
1586 5404 1693 5448 etc.
1732 5390 1863 5446 Miro
1901 5390 2189 5461 detorquet
2296 5404 2440 5450 tomo
2459 5396 2500 5460 l,
2528 5395 2698 5465 Epist.
2722 5410 2797 5463 rx,
2821 5395 2955 5450 satis
2980 5393 3336 5450 ostendimus.
3370 5391 3578 5449 Pansa.

584 5470 724 5525 hanc
742 5469 1018 5527 Ilalachia:
1033 5468 1368 5540 Scriptorum
1390 5474 1594 5540 angor.
1620 5465 1828 5540 PMBL:

656 5540 887 5597 Proinde
936 5558 1083 5597 nemo
1129 5533 1225 5596 sibi
1274 5544 1473 5609 {ruam
1492 5536 1780 5609 blanditur.
1812 5533 1930 5609 Hoc
1968 5547 2184 5609 rursum

586 5623 861 5669 mutuatus
882 5623 964 5669 est
988 5613 1053 5669 ad
1082 5604 1302 5670 verbum
1348 5626 1413 5667 ex
1437 5609 1564 5666 ὥσ.
1596 5608 1852 5680 Cypriani
1877 5606 1941 5660 de
1976 5604 2186 5675 Lapsis.

587 5742 856 5769 τη..
998 5758 1044 5769 ..
1649 5679 1652 5680 ν
1801 5679 2007 5769 “Pal?

662 5755 905 5812 Ecclesia:

957 5758 1125 5812 uident
1152 5774 1291 5821 usus,
1316 5763 1421 5810 etc.
1457 5753 1569 5807 Non
1607 5768 1699 5817 per
1738 5752 1918 5821 nntnia
1957 5749 2189 5821 Cypria-

662 5775 905 5812 molesta;
957 5775 1125 5812 utaem
1152 5775 1291 5821 usus,
1316 5775 1421 5810 etc.
1457 5775 1569 5807 mm
1607 5775 1699 5817 per
1738 5775 1918 5804 uiuunt
1957 5775 2188 5820 uypna-

589 5825 762 5880 nicam
791 5843 911 5883 esse
923 5775 1075 5884 (itane
1106 5826 1360 5899 martyris
1389 5834 1442 5880 et
1468 5822 1795 5880 confessoris
1832 5820 2188 5878 ditiorentiam

2366 5462 2629 5523 Imprimis
2675 5462 2844 5521 autem
2893 5468 3154 5521 monac/ii.
3193 5465 3290 5520 llic
3331 5467 3492 5521 etiam
3543 5466 3747 5520 larvam
3778 5462 3928 5523 'sibi

2292 5536 2528 5594 detrahit
2549 5550 2867 5609 personatus
2898 5538 3106 5605 histrio,
3140 5536 3228 5608 qui
3252 5537 3478 5593 nescivit
3506 5536 3762 5608 Cypriani
3790 5552 3929 5593 sse-

2293 5611 2413 5665 culo
2442 5610 2816 5665 tnonacbatuut
2848 5609 3082 5665 nondum
3114 5620 3316 5663 natum.
3349 5609 3554 5664 Ρλιιει.

2369 5682 2546 5752 Neque
2572 5683 2703 5734 enim
2732 5681 2871 5737 locus
2893 5683 3139 5736 desertus.
3170 5680 3333 5735 Planc
3359 5691 3485 5735 sunt
3508 5682 3621 5738 ltrcc
3650 5679 3929 5740 Erasini-

2295 5770 2376 5821 ea,
2411 5764 2570 5824 atque
2597 5753 2731 5810 adeo
2757 5762 2809 5809 et
2838 5762 2995 5810 caute
3018 5753 3261 5825 legenda.
3296 5752 3503 5809 Pauca.
