4202 6272
265 282 357 354 θυι

1508 286 1595 349 DE
1638 282 1903 349 DUl’ldCl
1944 282 2183 348 MARTY
2196 282 2325 348 filO.

3458 276 3563 346 902’

264 415 341 468 lus
361 411 428 469 ad
456 410 764 468 Corinthios
796 431 808 468 :
841 410 1201 482 Spectarulmn
1231 414 1354 484 [acti
1382 428 1555 467 suum
1587 412 1773 466 mutulo
1813 422 1858 467 et
1888 413 1937 474 Α
1963 409 2073 465 Cur
2097 410 2238 465 enim
2269 406 2361 463 ille
2418 406 2693 464 fraudetur
2746 406 2988 481 martyrii
3015 404 3207 480 gloria,
3259 422 3354 477 per
3403 423 3562 478 qrctu

262 505 463 576 Angelis
489 514 535 558 et
570 504 855 559 hominibus
883 502 927 579 (ἰ
954 503 1071 559 Cor.
1096 521 1179 571 tv,
1211 504 1290 578 9).
1320 504 1376 561 Si
1430 504 1711 571 vincimus,
1742 505 1862 576 glo-

267 598 467 652 riantur
499 597 707 668 Attgeli,
736 598 1031 668 gloriantur
1073 608 1131 653 et
1184 596 1417 652 fidelium
1445 597 1722 664 Ecclesiae,
1753 599 1863 669 gl».

266 690 428 746 riatur
452 698 507 744 et
535 692 647 760 ipse
667 690 913 745 Christus
945 692 996 745 in
1021 689 1275 747 membris
1320 692 1453 748 suis.
1481 693 1573 747 Sin
1601 694 1864 749 vincimur

267 785 468 856 ignavia
492 798 672 840 nostra
696 827 710 851 ,
749 784 1040 856 triumphat
1076 785 1301 842 Satanas
1338 800 1461 841 cum
1500 788 1704 855 angelis
1728 788 1861 856 suis,

269 877 521 932 insultant
563 877 722 933 nobis
774 879 1056 944 increduli,
1098 893 1162 933 ac
1194 880 1357 933 Deum
1386 881 1726 935 contumeliis
1748 882 1865 935 affi-

268 970 431 1036 ciunt,
461 970 701 1026 dicentes
733 989 746 1023 :
776 988 796 1022 (
819 969 1056 1040 Eccequi
1081 971 1284 1041 jactant
1304 988 1366 1028 se
1392 972 1698 1043 redemptos
1724 990 1751 1027 a
1785 985 1865 1045 ty-

268 1063 490 1119 rannide
516 1062 750 1131 Satanae,
795 1064 882 1135 qui
911 1064 1203 1134 prmdicaut
1248 1081 1308 1120 se
1352 1074 1595 1121 mortuos
1641 1067 1860 1134 mmdo,

273 1158 438 1213 nihilo
459 1158 635 1213 minus
652 1159 950 1214 vincuntur
967 1174 996 1212 a
1020 1159 1400 1230 cupiditatibus
1421 1162 1533 1216 suis
1556 1176 1714 1232 quam
1742 1176 1861 1229 nos,

271 1267 402 1322 quos
453 1251 637 1306 dicunt
679 1250 854 1307 adhuc
894 1252 1060 1306 teneri
1108 1252 1207 1307 sub
1248 1267 1414 1323 regno
1466 1251 1699 1308 Satante.
1726 1253 1863 1321 Quid

274 1346 488 1415 prodest
515 1344 622 1401 illis
655 1344 982 1415 Baptismus,
1013 1361 1118 1415 quo
1148 1346 1329 1400 dicunt
1355 1346 1476 1401 exui
1504 1358 1736 1402 veterem
1765 1349 1867 1403 ho-

273 1439 470 1495 minem
498 1453 617 1494 cum
648 1438 852 1494 actibus
881 1437 1010 1505 suis,
1036 1448 1091 1492 et
1122 1438 1266 1492 indui
1318 1455 1512 1495 novum
1544 1440 1632 1507 qui
1677 1456 1871 1496 secun-

272 1531 397 1587 dum
431 1530 596 1587 Deum
627 1540 841 1586 creatus
891 1530 1012 1585 est?
1040 1531 1175 1599 Quid
1225 1531 1442 1601 prodest
1497 1533 1600 1587 illis
1638 1533 1870 1602 Spiritus
1901 1556 1907 1560 ·

245 1634 508 1692 'sanctus,
553 1623 705 1694 cujus
751 1623 972 1678 arbitrio
1029 1623 1213 1678 dicunt
1266 1638 1326 1679 se
1381 1625 1708 1694 temperari?
1762 1626 1871 1680 (Zur

271 1732 484 1788 semper
530 1718 581 1771 in
630 1732 725 1772 ore
775 1716 1009 1772 habent:
1069 1715 1441 1786 Evangelitun,
1500 1718 1867 1788 Evangelintu;

1969 521 2071 559 non
2117 504 2263 558 stetit
2294 502 2577 572 qur-minus
2628 502 2938 572 martyrium
2984 501 3287 571 peregerit?
3332 496 3396 557 Ut
3441 519 3567 558 cen-

1967 606 2066 661 tra,
2091 596 2391 673 mercedem
2420 604 2675 667 apostase
2720 596 2853 650 feret
2882 596 3124 673 quisquis
3152 588 3251 651 lt'oc
3272 597 3450 651 animo
3484 596 3567 650 vi-

1967 691 2059 757 vit,
2096 672 2151 745 ut
2198 688 2469 745 Christum
2512 698 2797 760 negaturus
2830 672 2895 743 sit
2933 689 2973 743 si
3018 688 3224 760 jactura
3279 690 3561 759 benornm,

1966 794 2057 837 aut
2086 785 2326 853 corporis
2355 783 2642 848 cruciatus,
2677 793 2767 836 ttttt
2806 796 2952 835 ututs
2989 783 3059 836 sit
3100 782 3428 853 accipienda.
3464 783 3566 852 Qui

1967 879 2037 932 ob
2062 876 2330 947 paululum
2362 877 2599 948 pectinia:
2633 875 2866 947 peierat,
2898 894 2962 929 an
3014 877 3058 931 is
3099 878 3367 933 vctebitur
3401 877 3567 933 abue-

1966 986 2094 1041 gare
2123 968 2419 1035 Christum,
2444 970 2489 1023 si
2535 976 2643 1024 tota
2692 983 2780 1023 res
2820 968 3172 1037 periclitetur,
3202 972 3245 1024 si
3274 969 3570 1024 intentetur

1975 1061 2214 1125 infamia,
2244 1074 2432 1115 career
2488 1071 2541 1115 et
2588 1059 2773 1113 mors?
2796 1059 2895 1128 Qui
2944 1058 3012 1114 ob
3053 1058 3361 1115 febriculam
3394 1061 3458 1115 ad
3488 1058 3570 1115 in-

1969 1152 2320 1209 cantatricum
2348 1151 2586 1209 remedia
2614 1151 2852 1221 confugit
2879 1196 2892 1218 ,
2925 1168 2990 1205 an
3024 1151 3069 1206 is
3111 1151 3261 1206 malit
3302 1153 3573 1208 cruciatus

1970 1254 2143 1302 morte
2175 1247 2438 1301 tristiores
2471 1244 2738 1315 perferre,
2773 1260 2932 1316 quam
2978 1242 3195 1301 Cill‘lslﬂ
3227 1244 3572 1300 renuntiare?

1971 1342 2165 1408 Immo,
2197 1341 2288 1411 qtti
2322 1341 2477 1395 toties
2505 1340 2574 1394 ob
2600 1340 2817 1395 brevem
2844 1339 3020 1394 carnis
3047 1335 3572 1406 deiertatinueulam,

1971 1437 2041 1489 ob
2072 1445 2500 1489 mutueutaneatu
2551 1432 2800 1503 gloriam,
2845 1431 3028 1509 deficit
3077 1448 3104 1484 a
3129 1428 3344 1487 Christo
3366 1474 3381 1500 ,
3411 1430 3575 1487 vitam

1975 1526 2197 1581 habebit
2222 1526 2380 1581 vilem
2441 1539 2537 1595 pro
2577 1522 2831 1579 (1ιηίΛυῖ
2858 1523 2965 1579 Nec
2996 1524 3139 1580 hunc
3169 1531 3425 1596 tyranmts
3453 1524 3580 1579 fecit

1972 1628 2268 1691 apostatam
2297 1663 2311 1685 ,
2358 1619 2452 1674 sed
2494 1618 2561 1674 ad
2614 1626 2900 1691 tyrannum
2940 1619 3166 1675 accessit
3220 1626 3483 1688 apostala.
3512 1617 3578 1675 Ut

1974 1725 2150 1769 autem
2205 1723 2288 1769 est
2336 1713 2523 1768 similis
2570 1712 2810 1768 certandi
2858 1713 3031 1779 ratio,
3066 1715 3133 1767 ita
3185 1712 3372 1770 iisdem
3414 1713 3580 1768 armis

269 1828 394 1867 cum
444 1821 552 1866 tota
593 1811 697 1865 vita
750 1810 1018 1881 discrepet
1060 1813 1128 1866 ah
1184 1811 1455 1882 Evangelii
1509 1813 1867 1883 praeceptis?)
1904 1818 1950 1879 Β
1981 1807 2199 1862 fratrum
2232 1807 2391 1861 animi
2420 1805 2817 1861 communiendi
2841 1814 2963 1860 sunt
2994 1805 3057 1861 ad
3101 1804 3198 1862 has
3230 1820 3430 1879 pugnas
3458 1807 3582 1878 qui.

270 1904 479 1970 Quanto
529 1905 745 1961 creditis
798 1906 1000 1976 pudore
1042 1904 1369 1961 suffunditur
1419 1900 1693 1971 Ecclesia,
1745 1922 1866 1961 cum

271 1998 385 2054 hic
434 2001 749 2070 ingeruntur
790 1999 857 2054 ab
885 2000 1148 2065 hosﬁbus,
1195 2015 1293 2055 nec
1333 1999 1493 2055 habet
1529 2016 1636 2069 quo
1665 1999 1873 2055 refellat

271 2090 593 2167 opprobria!
627 2090 815 2146 Nonne
860 2090 1103 2145 videmus
1157 2099 1325 2145 totum
1383 2086 1632 2145 Ecclesia:
1672 2101 1871 2146 cretum

274 2184 552 2240 demittere
608 2184 788 2238 vultus
841 2192 1003 2253 atque
1049 2183 1392 2249 erubescere,
1437 2183 1648 2253 quoties
1695 2183 1872 2253 aliqua

274 2278 421 2349 virgo
447 2294 566 2348 qua:
592 2276 805 2333 Christo
835 2288 1108 2347 nupSerat,
1135 2276 1337 2346 dilapsa
1365 2291 1431 2332 ex
1477 2276 1719 2347 angelico
1745 2292 1877 2332 con-

278 2371 543 2435 tubernio,
573 2369 771 2425 defecit
799 2368 866 2424 ad
891 2379 1135 2439 stuprum
1156 2379 1247 2423 aut
1266 2368 1571 2439 conjugium
1591 2370 1613 2422 Υ
1635 2368 1878 2437 Quantus

279 2478 481 2518 mmror
502 2471 726 2532 occupat
751 2461 987 2516 omnium
1021 2469 1261 2515 nostrum
1291 2462 1522 2526 animos,
1547 2459 1643 2514 sed
1686 2461 1877 2529 praci-

283 2572 388 2628 pne
420 2566 711 2627 pastorum,
742 2556 785 2611 si
814 2555 1026 2627 quando
1052 2553 1252 2611 Cill’lsli
1284 2554 1461 2622 miles,
1494 2555 1777 2610 tormentis
1798 2555 1883 2608 in-

282 2650 466 2718 ferior,
510 2649 830 2705 renuntiavit
882 2647 1189 2717 imperatori
1236 2647 1376 2702 suo!
1410 2642 1651 2715 Quantus
1701 2654 1880 2701 autem

283 2762 348 2803 ex
374 2746 602 2801 adverso
629 2743 839 2799 Satanrc
868 2740 1211 2813 triumphus?

302 2895 311 2906 ,
357 2839 601 2897 XXXIV.
633 2839 838 2910 Itaque,
865 2836 1055 2910 fratres
1078 2835 1434 2902 dilectissimi,
1463 2835 1506 2890 si
1558 2849 1682 2890 vere
1711 2833 1886 2905 diligi-

289 2950 408 2991 mus
436 2932 628 3000 Deum,
660 2934 703 2989 si
736 2932 972 3004 quotidie
1012 2932 1244 3001 petimus
1279 2945 1344 2985 ex
1386 2930 1567 2993 animo
1597 2948 1611 2985 :
1636 2928 1886 2999 Sanctiﬁ-

289 3036 428 3083 cetur
452 3043 632 3081 nomen
653 3036 826 3091 tuum;
854 3039 1066 3078 summo
1091 3023 1269 3078 studio
1293 3022 1666 3094 advigilamus,
1681 3038 1778 3076 nec
1798 3022 1888 3077 ubi

293 3120 591 3190 polluamns
616 3132 806 3172 nomen
834 3108 997 3179 illius,
1021 3115 1113 3170 sed
1146 3125 1200 3172 et
1222 3128 1394 3171 morte
1423 3124 1476 3171 et
1498 3115 1599 3170 vita
1626 3115 1892 3186 gloriﬁce-

1976 1902 2076 1956 hns
2132 1900 2466 1955 ostendimus
2545 1898 2947 1953 confirmandos
2982 1898 3049 1953 ad
3103 1900 3441 1971 martyrium.
3487 1896 3581 1954 Fi-

1978 1996 2075 2050 des
2122 2005 2206 2051 est
2277 2011 2395 2066 uitae
2442 2005 2642 2065 pugnat
2694 2006 2743 2048 et
2801 2002 3017 2063 superat
3086 1992 3137 2048 iu
3222 1993 3585 2066 martyribus:

1979 2106 2076 2145 nec
2101 2092 2381 2159 quisquam
2414 2088 2610 2145 defecit
2639 2089 2690 2143 in
2716 2089 3023 2154 tormentis,
3055 2088 3156 2143 nisi
3185 2086 3307 2144 lldei
3349 2088 3583 2143 defectu.

2057 2181 2298 2237 XXXVI.
2329 2181 2576 2238 Oraudns
2617 2180 2778 2252 igitur
2813 2180 3029 2236 aSSidue
3063 2182 3222 2247 Deus,
3249 2192 3305 2235 ut
3341 2178 3500 2236 lldetn
3533 2182 3589 2237 in

1980 2275 2139 2329 nobis
2160 2283 2385 2345 augeat:
2419 2284 2503 2328 est
2533 2273 2677 2328 enim
2724 2274 2814 2328 Dei
2861 2273 3087 2341 donum,
3118 2271 3195 2327 illi
3226 2272 3453 2328 debetur
3474 2287 3591 2327 om-

1986 2370 2069 2422 nis
2096 2368 2335 2423 vietoriar
2366 2368 2555 2439 gloria.
2589 2367 2898 2438 lugeramus
2924 2365 3137 2422 illorum
3170 2364 3363 2421 animis
3389 2377 3436 2421 et
3467 2365 3590 2420 iuli-

1984 2481 2171 2535 gamus
2224 2481 2384 2536 quam
2436 2464 2762 2519 horrendum
2809 2465 3011 2519 crimen
3055 2466 3125 2518 sit
3156 2463 3331 2518 omnis
3371 2460 3597 2518 idolola-

1987 2560 2106 2625 tria,
2138 2572 2294 2629 qnam
2327 2574 2515 2614 severe
2563 2556 2743 2627 punita
2772 2559 2841 2613 sit
2870 2574 2898 2612 a
2928 2558 3037 2614 Deo
3062 2556 3162 2613 sub
3191 2555 3335 2629 Lege
3366 2566 3549 2612 vetere
3578 2573 3596 2614 :

1987 2661 2119 2722 quot
2167 2652 2332 2707 millia
2375 2648 2897 2725 trucidaritilloyses
2951 2653 3022 2709 ob
3072 2653 3295 2709 vitulum
3351 2666 3597 2708 aureum.

1993 2744 2193 2800 Deinde
2225 2752 2554 2815 proponatur
2577 2742 2909 2815 comparatio
2931 2740 3229 2801 manifesta:
3256 2738 3594 2809 idtilttlnll‘im,

1991 2850 2112 2891 cum
2168 2838 2475 2892 itmnolatur
2524 2834 2832 2892 simulacris
2857 2881 2872 2903 ,
2904 2846 2959 2894 et
3009 2836 3257 2904 occultze,
3291 2851 3437 2906 cum,
3470 2852 3605 2891 eous

1994 2939 2197 3001 tempto
2246 2930 2377 2998 Deo,
2410 2929 2661 2986 obeditnr
2708 2947 2800 3001 per
2830 2931 3316 3000 concupiscentiam
3366 2930 3601 2984 Saluum.

1996 3025 2197 3081 Deinde
2226 3024 2535 3080 conferatur
2577 3025 2715 3080 inter
2744 3040 2801 3079 se
2842 3023 2979 3079 Deus
3008 3021 3126 3079 fons
3154 3020 3330 3078 onmis
3375 3021 3522 3085 boni,
3548 3027 3606 3076 et

1994 3118 2237 3173 diabolus
2265 3119 2438 3173 omnis
2462 3117 2681 3173 malitiae
2709 3117 2979 3189 princeps.
3009 3113 3340 3182 Ostendatnr
3370 3125 3425 3171 et
3472 3116 3607 3169 inte-

293 3225 413 3286 rnus
443 3209 614 3273 illum,
640 3208 790 3279 juxta
822 3208 962 3263 beati
1008 3207 1156 3262 Pauli
1189 3208 1388 3262 munita
1429 3225 1442 3260 :
1476 3206 1731 3262 Viventes
1774 3207 1891 3262 sine
1917 3215 1961 3278 ρ
1996 3212 2223 3283 qualitas
2270 3212 2603 3267 contubernii
2639 3229 2651 3264 :
2685 3212 2734 3265 in
2778 3213 2941 3266 altera
2986 3220 3138 3282 parte
3180 3219 3306 3265 sunt
3357 3208 3450 3264 lil'i
3480 3208 3603 3276 Dei,

295 3301 513 3373 querela
558 3310 617 3356 ut
660 3301 934 3371 simplices
962 3300 1052 3356 ﬁlii
1084 3300 1211 3369 Dei,
1247 3301 1364 3355 sine
1388 3301 1808 3369 reprehensione
1840 3301 1893 3355 in

295 3391 471 3448 medio
497 3391 726 3448 nationis
753 3407 929 3464 prava:
957 3401 1011 3448 et
1049 3407 1335 3462 perversze,
1367 3392 1508 3447 inter
1547 3407 1683 3461 quos
1714 3392 1891 3447 lucea-

297 3502 415 3541 mus
441 3484 581 3540 sicut
623 3485 899 3540 luminaria
952 3485 1003 3539 in
1047 3484 1267 3551 mundo,
1297 3485 1515 3540 verbum
1570 3486 1691 3539 vine
1719 3485 1896 3540 conti-

298 3589 510 3645 nentes,
537 3579 604 3633 ad
631 3579 858 3650 gloriam
896 3578 1093 3633 Christi
1117 3578 1243 3634 Jesu
1294 3579 1436 3648 regis
1463 3590 1519 3633 et
1555 3579 1897 3649 agonothetm

300 3673 509 3740 nostri,
563 3672 654 3743 qui
706 3688 861 3727 suum
918 3686 1039 3726 esse
1090 3671 1236 3726 ducit
1266 3670 1516 3741 quicquid
1546 3671 1597 3724 in
1643 3670 1899 3725 membris

301 3765 466 3837 ipsius
491 3765 711 3836 geritur.
740 3762 1015 3818 Patiamur
1043 3777 1165 3816 cum
1201 3760 1311 3826 illo,
1347 3770 1417 3815 ut'
1441 3777 1564 3816 cttm
1595 3762 1687 3816 illo
1729 3763 1898 3833 glori-

300 3856 523 3932 licemur
569 3858 620 3912 in
661 3856 749 3912 die
781 3856 1014 3911 Domini.
1042 3855 1149 3911 Nos
1205 3855 1291 3911 hic
1345 3856 1494 3910 illunt
1547 3856 1901 3912 clarificemns

301 3952 733 4023 apudhomines,
765 3959 824 4006 ut
865 3950 955 4007 ille
984 3965 1082 4005 nos
1117 3949 1375 4005 clariﬁcet
1396 3949 1638 4005 claritate
1685 3965 1780 4005 sua
1809 3965 1903 4004 co—

304 4064 416 4127 ram
455 4046 673 4117 Angelis
720 4045 856 4112 suis,
882 4059 1026 4110 cum,
1059 4052 1117 4098 ut
1157 4044 1329 4114 inquit
1356 4042 1544 4099 beatus
1569 4042 1791 4109 Paulus,
1815 4058 1903 4098 vc-

304 4137 745 4209 neritgloriﬁcari
795 4138 849 4191 in
899 4137 1101 4191 sanctis
1138 4135 1269 4191 suis.
1297 4134 1465 4191 Nemo
1502 4144 1776 4191 coronatur
1801 4134 1907 4190 nisi

304 4205 523 4304 liagitime
565 4233 847 4288 certaverit.
886 4231 954 4286 Et
1000 4233 1054 4287 Iri
1096 4232 1183 4302 qui
1233 4231 1613 4304 corruptibilem
1665 4247 1906 4286 coronam

304 4304 554 4393 ambiunt,
602 4325 664 4380 ub
714 4327 947 4381 omnibus
1002 4341 1055 4381 se
1113 4326 1363 4380 abstinent
1418 4324 1459 4396 (Ι
1505 4324 1684 4381 Thess.
1738 4341 1773 4390 ι,
1832 4325 1903 4390 9;

305 4420 347 4475 ll
405 4418 710 4485 Timotlt.tt,
735 4420 804 4486 5;
836 4418 857 4472 l
893 4419 1013 4474 Cor.
1040 4418 1138 4489 ix),
1179 4419 1313 4473 nihil
1342 4434 1447 4473 non
1481 4417 1741 4474 facientes
1764 4418 1909 4490 quod

305 4513 374 4568 ad
398 4512 674 4568 victoriam
704 4512 955 4568 conducit
987 4530 999 4567 :
1027 4512 1155 4583 quid
1185 4526 1282 4568 nos
1327 4511 1504 4567 facere
1544 4513 1797 4567 cenvenit
1852 4521 1910 4567 ut

1998 3305 2248 3359 concives
2277 3304 2608 3373 Augelorum
2629 3344 2642 3370 ,
2671 3313 2725 3360 et
2756 3301 3000 3359 btet-edes
3030 3300 3203 3358 beata:
3236 3299 3614 3357 immortalita-

2002 3397 2098 3465 tis;
2128 3398 2178 3452 iu
2202 3399 2369 3453 altera
2420 3397 2514 3452 lilii
2545 3397 2730 3462 Belial,
2773 3399 3006 3453 societas
3032 3398 3272 3453 omnium
3303 3382 3615 3452 dtenmnum

2000 3499 2054 3548 et
2102 3492 2346 3548 barredes
2396 3493 2676 3564 gehennae.
2710 3487 3027 3549 Conferatur
3081 3500 3135 3547 et
3179 3490 3351 3562 impar
3393 3490 3614 3545 malitiae

2000 3600 2189 3657 genus,
2223 3568 2606 3657 comparentur
2655 3584 2865 3641 diversa
2916 3585 3201 3654 stipendia.
3234 3584 3356 3639 Hatc
3382 3584 3426 3639 si
3462 3584 3613 3654 prius

2003 3679 2203 3735 fuerint
2256 3690 2532 3747 persuasa,
2565 3688 2618 3733 et
2663 3679 2862 3733 intimis
2909 3677 3068 3732 infixa
3096 3677 3411 3744 visceribus,
3439 3676 3613 3730 fatilis

2004 3774 2106 3827 erit
2134 3772 2372 3827 victoria.
2407 3768 2557 3826 Nunc
2607 3769 2740 3827 fides
2783 3770 2963 3826 multis
2994 3778 3141 3825 ttatat
3191 3770 3243 3825 in
3273 3766 3454 3836 labiis,
3486 3784 3612 3825 cum

2005 3866 2057 3921 in
2085 3864 2248 3920 corde
2275 3873 2364 3919 aut
2395 3863 2542 3919 nulla
2571 3863 2660 3928 sit,
2699 3872 2789 3918 aut
2814 3866 3162 3920 vehementer
3190 3864 3458 3934 langueat.
3486 3862 3619 3931 Quis

2007 3958 2153 4013 enim
2194 3972 2299 4013 non
2330 3956 2627 4027 profitetur,
2656 3956 2797 4027 quod
2831 3956 2881 4012 in
2911 3956 3328 4014 Denteronomio
3352 3957 3619 4029 legimus:

2006 4051 2163 4117 Audi,
2189 4049 2443 4106 Dominus
2469 4050 2608 4106 Deus
2654 4060 2770 4106 tuus
2803 4048 3052 4107 Dominus
3077 4066 3208 4106 unus
3239 4063 3331 4108 est.
3379 4050 3477 4106 Et:
3512 4048 3622 4106 Do-

2008 4145 2201 4199 minum
2273 4142 2440 4199 Deum
2508 4150 2652 4199 tuum
2729 4144 2966 4199 adorabis
3047 4153 3090 4199 et
3166 4143 3244 4198 illi
3288 4141 3386 4199 soli
3436 4142 3621 4198 servies

2011 4238 2242 4309 (Denter.
2288 4235 2566 4307 vr)?Quis
2614 4252 2719 4293 non
2765 4237 3004 4308 qautidie
3049 4237 3237 4291 reeitat
3279 4250 3371 4290 ore
3407 4233 3625 4290 :Credo

2011 4332 2064 4386 iu
2114 4332 2282 4388 Deum
2336 4331 2549 4387 Patrem
2596 4329 3151 4403 omnipotentemim
3201 4344 3307 4384 non
3364 4326 3623 4383 crcditin

2013 4425 2203 4489 Deum,
2236 4424 2324 4494 qui
2354 4439 2460 4480 non
2511 4425 2562 4478 in
2616 4439 2683 4479 eo
2727 4423 2841 4478 solo
2885 4422 3115 4477 collocat
3156 4422 3316 4476 totius
3350 4418 3623 4475 felicitatis

2014 4532 2125 4572 sua:
2151 4516 2427 4583 ﬁduciam;
2484 4532 2582 4572 nec
2613 4532 2774 4571 unuut
2820 4513 2981 4570 habet
3012 4515 3177 4569 Deutn
3209 4528 3272 4570 ac
3318 4514 3629 4583 Dominum,

308 4622 658 4676 assequamur
686 4607 829 4662 illam
855 4605 1173 4662 immortalis
1222 4606 1345 4661 vitae
1371 4619 1624 4663 coronam
1667 4606 1912 4663 iucorru—
1935 4611 1989 4671 D
2015 4609 2107 4679 qui
2135 4618 2229 4680 per
2254 4609 2659 4676 scortatiouem,
2685 4622 2782 4679 per
2810 4604 2992 4663 luxum
3025 4616 3081 4663 et
3108 4606 3385 4670 avaritiam
3408 4607 3632 4664 Satantn

311 4700 548 4772 ptibilem
570 4710 625 4755 et
652 4699 1153 4756 immarcescibilem
1172 4700 1224 4753 in
1255 4698 1449 4754 caelis?

333 4776 341 4781 η
382 4790 602 4848 XXXV.
634 4792 728 4847 Hic
774 4793 820 4849 si
850 4792 971 4863 quis
1026 4801 1178 4863 roget
1223 4805 1330 4861 quo
1382 4799 1539 4863 pacto
1580 4792 1700 4861 quis
1749 4792 1918 4862 possit

310 4899 431 4940 esse
462 4894 664 4959 martyr
691 4886 810 4941 sine
857 4884 1134 4956 sanguinis
1180 4882 1442 4939 eﬂusione
1473 4901 1488 4938 :
1516 4884 1759 4955 quisquis
1790 4889 1919 4942 hoc

313 4979 492 5034 animo
507 4980 751 5049 sequitur
760 4978 1045 5050 justitiam,
1070 4986 1128 5032 ut
1148 4986 1373 5032 mortem
1400 4978 1560 5034 citius
1585 4979 1918 5036 admissurus

313 5074 405 5141 sit,
427 5089 584 5145 quam
608 5073 735 5129 velit
758 5089 789 5128 a
811 5072 1015 5143 justitia
1045 5071 1354 5140 deﬂectere,
1405 5071 1530 5129 huic
1558 5083 1799 5144 prompta
1825 5090 1919 5128 vo-

315 5167 494 5224 luntas
550 5183 648 5240 pro
692 5169 951 5240 martyrio
1004 5167 1364 5237 deputabitur.
1416 5168 1559 5224 Deus
1610 5168 1757 5224 enim
1809 5183 1921 5223 non

315 5264 545 5319 aestimat
576 5277 898 5334 quemquam
920 5278 986 5319 ex
1013 5272 1208 5319 eventu
1246 5276 1450 5331 rerum,
1477 5260 1574 5319 sed
1608 5274 1671 5318 ex
1702 5260 1917 5317 affectu.

2024 4702 2152 4758 facit
2200 4704 2498 4775 imperata;
2532 4718 2632 4758 nec
2683 4700 2767 4758 illi
2815 4696 2916 4758 soli
2960 4702 3126 4759 servit
3167 4702 3258 4774 qui
3304 4700 3470 4760 servit
3499 4719 3634 4759 ven‘

2023 4797 2114 4865 tri,
2173 4799 2260 4868 qui
2313 4798 2524 4853 deditus
2571 4804 2656 4853 est
2704 4792 2826 4852 huic
2897 4798 3127 4863 mundo,
3183 4798 3272 4869 qui
3328 4796 3380 4852 iu
3460 4812 3633 4868 pravo

2026 4890 2231 4959 positus
2253 4897 2355 4944 est.

2099 4980 2363 5036 XXXVII.
2393 4978 2607 5038 Ethnici
2636 4986 2822 5053 putant
2861 4982 3043 5053 plures
3083 4997 3203 5039 esse
3235 4981 3399 5050 deos,
3441 4991 3496 5040 et
3531 4982 3639 5040 hoc

2026 5076 2122 5130 tibi
2158 5075 2355 5129 videris
2397 5076 2664 5146 perfectus
2711 5074 3086 5143 Christianus,
3126 5073 3268 5146 quod
3319 5088 3639 5146 persuasum

2028 5167 2193 5223 habes
2237 5181 2399 5223 unum
2455 5182 2579 5224 esse
2608 5165 2818 5224 Deum?
2872 5166 2997 5239 quid
3055 5169 3231 5240 magni
3278 5167 3448 5225 facis?
3489 5162 3639 5225 ldcm

2027 5261 2253 5316 credunt
2276 5259 2468 5327 Judaei,
2486 5261 2575 5333 qui
2603 5259 2845 5333 quotidie
2868 5256 3242 5332 blaspltemant
3271 5258 3323 5315 in
3352 5261 3639 5334 synagogis

1645 5393 2007 5453 VARIORUM
2043 5392 2270 5452 NOT/E.

393 5518 667 5575 Demittere
716 5518 903 5574 vultus.
952 5518 1205 5585 Quidam,
1269 5532 1373 5571 non
1430 5525 1596 5642 recite,
1650 5514 1923 5568 dimittere.

1544 5602 1707 5642 AMELt

1544 5602 1707 5642 AMELt

400 5663 504 5729 Qui
540 5662 601 5716 ob
653 5662 953 5730 febriculam
997 5662 1063 5714 ml
1121 5659 1511 5713 incautalricmn
1560 5658 1783 5713 remedia
1806 5672 1929 5730 cort-

322 5726 480 5805 fugit.
530 5726 723 5805 l‘iescio
776 5750 896 5805 qtae
978 5732 1214 5787 remedia
1271 5731 1704 5805 ineantatricunr
1777 5726 1932 5783 intel-

326 5800 476 5881 ligat.
526 5804 695 5862 Nemo
769 5800 939 5863 nescit
1003 5821 1099 5877 per
1171 5804 1519 5877 periannnata
1583 5808 1635 5856 et
1693 5800 1932 5856 incauta»

2032 5513 2448 5639 Tentapvelulas
2476 5512 2714 5569 remedia
2749 5513 2945 5583 passim
2990 5512 3426 5571 febricitantibus
3473 5530 3641 5588 spon-

2072 5599 2185 5639 ere.
2262 5600 2425 5639 astu.

2072 5599 2185 5639 ere.
2219 5599 2425 5639 ιἈΜΕι..

2106 5655 2285 5709 Totins
2312 5656 2570 5726 felicitatis
2597 5671 2704 5710 sua
2730 5654 2992 5724 ﬁduciam.
3026 5657 3292 5727 Corrupto
3321 5666 3381 5717 et
3406 5657 3497 5713 hic
3519 5657 3647 5726 quis

2036 5725 2158 5781 dem
2187 5725 2500 5797 infelicitatis
2530 5742 2549 5780 :
2575 5729 2697 5798 quia
2725 5731 2889 5783 etiam
2919 5727 3075 5796 paulo
3108 5725 3226 5798 post
3265 5725 3655 5787 omiserat'vos

2036 5813 2153 5855 cem
2181 5815 2253 5868 es,
2282 5807 2365 5855 est
2393 5800 2557 5857 etiam
2588 5801 2694 5859 hoc
2718 5808 2874 5859 caute
2896 5800 3204 5873 legendum.
3228 5800 3458 5867 Pauca.
3523 5868 3528 5872 ,
