4202 6272
549 311 785 413 κδ’

2108 339 2308 398 LIBER

3747 328 3856 395 904

549 473 663 531 suis
696 468 873 526 :ItIt'lII
913 462 1140 521 credunt
1183 461 1454 518 daemones
1498 471 1555 516 et
1603 458 2045 516 contremiscunt.
2086 453 2142 511 Si

2258 474 2392 529 omni
2416 470 2644 526 custodia
2664 483 2868 523 servans
2891 484 2978 523 cor
3000 484 3184 535 meum,
3214 483 3281 524 ne
3307 482 3409 541 qua
3454 477 3632 540 pateat
3674 470 3857 528 aditus

547 578 675 620 vere
700 559 877 617 credis
916 558 967 613 in
1008 558 1194 624 Dcttm,
1225 553 1387 610 crede
1407 553 1611 624 justum
1651 560 1705 605 et
1736 564 1979 605 veraccm
2011 565 2024 601 :
2053 547 2143 616 ju-

548 665 688 713 stum
718 653 774 709 in
806 650 1211 709 remunerandis
1231 647 1333 720 piis
1384 657 1439 703 et
1477 644 1760 718 puniendis
1810 643 2006 713 impiis,
2055 656 2147 695 ve-

548 762 727 804 racem
752 746 803 800 in
836 743 1132 816 promissis.
1155 741 1329 798 Crede
1358 756 1462 795 non
1490 754 1610 795 esse
1639 752 1789 806 spem
1813 734 2019 798 salutis,
2044 731 2145 788 nisi

549 857 646 913 per
674 839 867 895 Filium
893 837 1032 909 ejus,
1054 851 1213 908 quem
1261 850 1356 906 pro
1386 833 1537 890 nobis
1570 830 1820 889 oninibus
1846 825 2145 895 tradiditin

548 945 778 992 mortem
811 948 824 986 :
853 926 1015 986 crede
1054 929 1184 984 nihil
1213 926 1460 983 accidere
1499 924 1625 979 mali
1680 936 1838 993 posse
1875 919 1939 974 iis
1970 917 2060 989 qui
2088 930 2147 972 sc

550 1035 693 1083 to:os
715 1026 855 1081 illius
902 1020 1159 1079 voluntati
1196 1019 1541 1076 tradiderunt.
1579 1027 1632 1073 et
1685 1017 1736 1071 in
1785 1015 1875 1070 illo
1898 1027 2145 1085 perseve-

549 1131 690 1178 rant.
723 1119 833 1175 lloc
860 1129 943 1174 est
969 1116 1190 1173 credere
1221 1116 1273 1169 in
1304 1114 1469 1169 Deum
1503 1112 1737 1175 I’alt‘cttt,
1772 1109 1874 1163 hoc
1911 1116 1994 1162 est
2031 1120 2149 1160 cre-

549 1213 677 1270 dere
700 1214 750 1266 in
782 1210 974 1266 Filium
1002 1207 1137 1279 ejus,
1165 1207 1265 1262 hoc
1287 1216 1368 1262 est
1388 1204 1609 1261 credere
1661 1203 1713 1257 in
1741 1201 1998 1273 Spiritum
2028 1213 2151 1253 san-

550 1319 719 1376 ctum,
750 1320 912 1361 unum
943 1304 1134 1368 Deum,
1160 1312 1213 1356 et
1242 1300 1536 1356 Ecclesium
1578 1306 1840 1364 sanetam,
1865 1295 2148 1367 mysticum

551 1401 749 1476 Christi
770 1416 999 1473 corpus,
1031 1408 1180 1457 extra
1208 1413 1368 1469 quam
1408 1414 1513 1454 non
1553 1404 1635 1452 est
1674 1394 1838 1459 salus,
1868 1402 1922 1448 ct
1967 1391 2149 1460 inqua

552 1513 657 1553 non
689 1506 772 1552 est
800 1496 1084 1567 pernicies.

622 1586 905 1644 XXXVIII.
937 1586 1190 1659 Quisquis
1216 1587 1271 1642 in
1311 1585 1401 1642 tali
1434 1591 1582 1656 petra
1624 1582 1786 1653 pedes
1819 1577 1981 1634 animi
2022 1578 2151 1633 fixe-

554 1685 644 1749 rit,
672 1684 931 1740 adversus
960 1698 1151 1740 omnes
1190 1681 1541 1740 tentationum
1588 1679 1834 1733 incursus
1859 1674 2021 1730 stabit
2048 1674 2149 1728 im-

553 1778 791 1834 mobilis.
815 1777 1060 1847 Exempli
1095 1778 1263 1848 gratia
1292 1791 1305 1829 :
1340 1772 1618 1829 lacessitus
1646 1785 1707 1825 es
1730 1767 1998 1833 convicio,
2031 1780 2153 1835 sug-

2251 562 2612 622 obambulanti
2642 561 3008 632 quzcrentique
3037 577 3194 633 quem
3227 560 3469 618 devoret.
3506 563 3855 635 Tutissimum

2252 670 2429 715 autem
2459 655 2636 712 cordis
2666 655 3056 710 munimentum
3090 663 3174 711 est
3198 655 3462 711 sobrietas
3479 671 3601 711 cum
3632 658 3858 714 instanti

2254 752 2498 809 oratione
2517 792 2533 817 ,
2576 750 2798 821 jugique
2824 749 3220 819 Scripturarunt
3249 750 3599 805 meditatione
3630 768 3645 805 :
3675 749 3860 808 Omnis

2253 846 2387 900 enim
2416 844 2691 912 Scriptura
2717 842 2957 895 divinitus
2983 841 3254 912 inspirata,
3288 842 3427 915 utilis
3454 852 3526 896 est
3556 843 3626 897 ad
3665 844 3861 899 docen—

2253 938 2396 1003 dum,
2447 936 2514 990 ad
2561 934 2901 1005 urguendum,
2961 934 3029 987 ad
3083 934 3482 1005 corripiendum,
3526 936 3594 988 ad
3622 936 3865 991 erudien-

2255 1030 2378 1084 dum
2430 1028 2483 1083 in
2522 1030 2745 1100 justitia,
2775 1039 2830 1081 ut
2858 1031 3108 1099 perfectus
3147 1029 3211 1083 sit
3251 1031 3401 1083 homo
3445 1027 3561 1095 Dei,
3596 1028 3666 1083 ad
3710 1045 3866 1085 omne

2254 1138 2383 1191 opus
2414 1122 2601 1175 bonum
2624 1121 2899 1176 instructus
2929 1119 2995 1192 (ll
3036 1118 3166 1175 Tim.
3202 1136 3281 1188 ιιι,
3314 1119 3425 1194 16).
3472 1121 3546 1175 Ex
3573 1122 3673 1177 hac
3700 1122 3866 1193 igitur

2261 1213 2574 1284 colligenda:
2599 1223 2722 1269 sttnt
2759 1213 3060 1280 sentcntiae,
3093 1228 3224 1284 quas
3270 1212 3335 1267 ad
3380 1226 3593 1268 manum
3634 1223 3688 1269 et
3716 1215 3866 1269 velut

2256 1310 2308 1365 in
2336 1309 2610 1380 procinctu
2641 1307 2858 1373 habeas,
2893 1319 2948 1363 ut
2974 1308 3057 1363 his
3090 1309 3333 1381 protinus
3375 1318 3679 1378 serpentem
3702 1318 3868 1378 caput

2257 1408 2558 1478 erigentem
2588 1406 2829 1477 dejicias.
2870 1404 3059 1461 Nullus
3087 1413 3169 1460 cst
3198 1403 3339 1457 enim
3379 1403 3679 1456 animorum
3718 1416 3867 1457 mor-

2256 1500 2375 1569 bus,
2425 1502 2509 1556 cui
2571 1517 2673 1556 non
2723 1515 2963 1571 pra-setis
3018 1497 3313 1555 remedium
3363 1496 3541 1552 divina
3585 1496 3864 1567 Scriptura

2256 1598 2643 1665 suppeditaret.
2677 1592 2814 1648 llinc
2840 1591 3197 1671 comparanda
3234 1605 3328 1645 sua
3356 1588 3601 1664 exempla
3649 1590 3865 1661 piorum

2258 1690 2350 1745 sed
2383 1689 2648 1761 praecipue
2682 1687 2901 1755 Christi,
2931 1686 3126 1758 quibus
3166 1700 3224 1741 se
3269 1684 3494 1756 quisque
3544 1682 3628 1739 vel
3659 1683 3866 1740 auimct

2258 1783 2338 1838 vel
2369 1782 2698 1838 citttsulctttr.
3304 1779 3310 1784 ’

551 1870 687 1943 gerit
730 1870 823 1926 tibi
856 1884 982 1926 caro
1024 1867 1273 1924 vindicta:
1309 1864 1655 1937 cupiditatem
1680 1905 1694 1927 ,
1725 1861 2034 1932 priusquam
2065 1873 2151 1912 re-

2331 1874 2446 1930 XL.
2477 1875 2649 1931 Venio
2684 1890 2827 1930 nunc
2861 1873 2927 1929 ad
2956 1874 3043 1928 illa
3067 1873 3201 1927 mala
3234 1888 3353 1944 qua:
3386 1871 3472 1927 vel
3502 1871 3672 1943 ipsun
3712 1878 3871 1928 natu-

553 1964 819 2039 spondeas
876 1966 954 2022 sic
1001 1964 1173 2036 cogita
1221 1970 1445 2018 tecum:
1478 1959 1632 2015 Hunc
1681 1956 2001 2013 maledicum
2057 1952 2153 2008 ho-

554 2060 755 2116 minem
799 2055 1115 2115 subornavit
1158 2053 1423 2120 diabolus,
1451 2061 1509 2106 ut
1555 2066 1642 2106 me
1683 2049 1919 2120 dejiciat,
1970 2060 2032 2101 ac
2056 2044 2153 2099 dc-

552 2151 755 2223 jeetum
783 2151 974 2224 perdat
998 2168 1014 2219 ;
1042 2148 1139 2205 sed
1168 2146 1408 2203 ausculta
1439 2143 1563 2216 quid
1612 2141 1833 2198 suadeat
1864 2140 2155 2209 imperator

558 2257 682 2302 tuus
732 2247 821 2302 cui
870 2240 1304 2307 militas:Beati,
1349 2240 1539 2311 inquit,
1589 2238 1754 2304 mites,
1783 2234 2021 2306 quoniam
2057 2231 2156 2303 ipsi

558 2320 886 2408 possidebunt
914 2345 1119 2391 terram.
1154 2335 1248 2390 Et:
1276 2331 1397 2387 Mea
1419 2340 1490 2387 est
1514 2329 1756 2393 vindicta,
1789 2338 1836 2382 et
1878 2344 1968 2399 ego
2006 2325 2157 2379 retri-

559 2430 731 2484 buam.
759 2428 900 2496 Quid
946 2427 1137 2483 suadet
1167 2424 1492 2481 fortissimus
1522 2421 1613 2476 ille
1638 2419 1837 2475 Christi
1877 2417 1981 2472 dux
2014 2416 2150 2472 Pau-

560 2522 644 2578 lus
670 2542 683 2578 :
709 2522 835 2577 Non
875 2520 1212 2591 nosmetipsos
1239 2517 1571 2581 vindicantes,
1598 2511 1908 2576 cltarissimi,
1932 2511 2020 2565 sed
2041 2509 2159 2563 date

557 2618 726 2673 locum
753 2619 865 2672 iras.
891 2616 1144 2671 Diabolus
1162 2612 1292 2669 dicit
1316 2629 1330 2667 :
1358 2631 1377 2664 ι
1406 2609 1609 2665 Fruere
1637 2606 1892 2671 vindicta,
1918 2613 1971 2661 et
1994 2602 2157 2675 perde

557 2714 723 2769 vitam
769 2721 1048 2768 aeternam.
1079 2730 1098 2763 ι
1157 2710 1299 2767 Deus
1326 2707 1458 2765 dicit
1490 2725 1504 2761 :
1539 2705 1736 2762 «Vince
1785 2704 1838 2759 in
1867 2703 2008 2758 bono
2037 2717 2154 2756 ma-

558 2805 692 2874 lum,
724 2814 780 2862 et
805 2804 912 2862 noli
934 2805 1187 2861 resistere
1212 2801 1353 2858 malo
1386 2818 1399 2855 :
1432 2809 1488 2856 et
1510 2802 1693 2870 accipe
1717 2812 1838 2853 cum
1871 2795 2007 2850 Filio
2037 2807 2157 2849 meo

557 2898 955 2971 possessionem
977 2898 1127 2969 regni
1152 2894 1441 2952 emicstis.»
1469 2892 1588 2949 Mox
1619 2891 1822 2963 dispice
1853 2890 1956 2945 utri
1983 2888 2159 2959 potius

555 2991 804 3062 expediat
831 2990 1220 3060 obtemperare.
1259 2987 1391 3042 Dicit
1422 2986 1515 3041 tibi
1546 3000 1643 3056 per
1668 2982 2156 3054 concupiscentiam

556 3094 699 3141 tuam
731 3084 977 3141 diabolus
1008 3103 1023 3141 :
1053 3081 1443 3148 tMthhare,et
1473 3078 1649 3135 fruere
1681 3078 2003 3148 temporaria
2033 3091 2157 3131 cor-

555 3179 703 3250 poris
730 3179 1023 3247 voluptate,
1052 3187 1108 3234 et
1133 3188 1252 3233 esto
1280 3190 1434 3231 meus
1473 3187 1663 3230 servus
1703 3182 1758 3228 et
1788 3171 2029 3227 colta'rcs
2057 3187 2151 3240 ge-

2256 1984 2370 2041 ram
2402 1968 2634 2024 hominis
2659 1968 3005 2036 comitantur,
3035 1965 3123 2023 vel
3152 1965 3373 2021 fortuito
3417 1965 3673 2021 videntur
3695 1965 3868 2021 infer-

2257 2062 2321 2117 ri.
2358 2061 2483 2117 Haec
2508 2076 2720 2133 quoque
2768 2061 2889 2133 pius
2925 2061 3156 2129 animus,
3184 2071 3237 2117 et
3281 2059 3349 2115 ad
3396 2059 3735 2131 pugnandum
3776 2059 3868 2114 in-

2257 2164 2515 2221 structus,
2548 2154 2647 2210 sibi
2684 2166 2859 2211 vertet
2909 2155 2962 2211 in
3008 2154 3286 2210 materiam
3332 2169 3569 2209 coronae.
3603 2153 3871 2224 Exemplo

2258 2246 2470 2312 faciam,
2501 2246 2645 2318 quod
2675 2246 2818 2315 dico,
2849 2246 3066 2303 clarius.
3101 2246 3381 2303 Excutitur
3406 2246 3595 2317 aliquis
3636 2244 3867 2301 faculta-

2260 2338 2401 2395 tibus
2430 2340 2563 2409 suis,
2587 2341 2702 2396 sive
2730 2340 2892 2407 bello,
2916 2341 3032 2395 sive
3071 2337 3366 2411 naufragio,
3396 2339 3526 2416 sive.
3550 2341 3760 2410 rapina.
3787 2338 3868 2396 Ne

2260 2435 2502 2505 pratinus
2523 2434 2609 2489 hic
2627 2435 2824 2506 cogitet
2857 2434 3126 2505 laqueum,
3149 2441 3243 2488 aut
3269 2434 3531 2489 rationem
3555 2434 3709 2489 malis
3736 2434 3868 2490 arti-

2263 2525 2364 2582 bus
2393 2526 2659 2583 sarciendi
2687 2527 2827 2598 quod
2874 2526 3065 2597 periit;
3093 2525 3188 2582 scd
3218 2525 3288 2580 ita
3337 2540 3521 2582 secum
3568 2524 3862 2595 loquatur:

2265 2635 2284 2669 ι
2314 2618 2573 2673 Dominus
2599 2627 2681 2674 est
2705 2617 2795 2689 qui
2823 2625 2994 2674 teutat
3030 2633 3117 2673 me
3135 2616 3431 2688 andiligam
3459 2616 3633 2685 ipsum
3659 2632 3725 2673 ex
3754 2625 3867 2673 toto

2259 2711 2441 2770 corde.
2472 2711 2592 2783 Ipse
2640 2711 2807 2781 dedit,
2841 2712 2957 2784 ipse
2999 2711 3251 2779 abstulit,
3284 2712 3357 2767 sit
3412 2726 3609 2768 nomen
3650 2712 3864 2767 Domini

2259 2804 2621 2863 benedictum.
2656 2804 2867 2862 Gratias
2922 2815 3045 2876 agat
3082 2804 3224 2877 quod
3271 2805 3543 2876 acceperit
3562 2820 3625 2861 ex
3650 2804 3865 2860 Domini

2261 2898 2609 2969 benignitate,
2666 2906 2787 2969 agat
2838 2897 3038 2969 gratias
3087 2897 3228 2969 quod
3286 2897 3523 2953 amiserit
3562 2896 3625 2951 ad
3670 2896 3872 2967 proba:

2260 2993 2457 3047 tionem
2486 2990 2628 3047 fidei.
2652 2992 2707 3047 Si
2734 2989 2850 3046 hinc
2874 2990 3071 3045 dixerit
3109 3004 3175 3046 eo
3215 2988 3398 3044 animo
3434 3004 3539 3061 quo
3580 2987 3712 3044 dixit
3736 3004 3869 3044 san-

2261 3090 2382 3137 ctus
2435 3082 2538 3139 Job
2574 3127 2587 3149 ,
2650 3097 2774 3137 cum
2817 3082 2907 3137 illo
2954 3080 3256 3137 mercedem
3310 3081 3555 3152 accipiet.
3608 3081 3869 3136 Dominus

2260 3174 2509 3237 aestimat,
2542 3190 2645 3228 non
2677 3185 2933 3244 quantum
2962 3174 3081 3244 quis
3105 3172 3311 3244 perdat,
3336 3174 3429 3229 sed
3458 3189 3617 3244 quam
3648 3170 3866 3244 patien-

556 3271 802 3327 henna’.»
838 3271 973 3325 Audi
1004 3270 1182 3341 potius
1207 3267 1335 3340 quid
1363 3267 1506 3323 dicat
1534 3266 1629 3321 tibi
1675 3266 1815 3321 Deus
1847 3284 1858 3319 :
1897 3284 1915 3316 ι
1949 3264 2157 3334 Sperne
2185 3261 2228 3324 C
2266 3275 2347 3322 ter
2377 3285 2390 3321 :
2424 3265 2872 3337 qucmadmodnm
2946 3281 3051 3321 non
3100 3265 3317 3337 reSpicit
3366 3274 3622 3337 quantum
3674 3266 3871 3337 aliquis

557 3365 937 3435 temporariam
971 3364 1325 3433 voluptatem,
1344 3369 1401 3416 et
1428 3360 1613 3431 accipe
1642 3359 1976 3431 centUplum,
2002 3358 2155 3413 bona:

555 3456 898 3513 conscientia:
917 3454 1168 3528 gaudium
1189 3454 1244 3509 iu
1267 3454 1369 3508 hoc
1395 3452 1616 3519 sarculo,
1634 3460 1691 3507 et
1708 3452 1872 3506 vitam
1900 3459 2154 3505 aeternam

555 3548 609 3604 in
651 3548 832 3603 futuro
858 3565 870 3602 :
901 3555 958 3605 et
979 3546 1224 3617 expende
1242 3545 1345 3599 utri
1374 3544 1550 3615 potius
1579 3544 1650 3599 sit
1672 3540 2101 3598 auscultandum.
2132 3562 2151 3595 ι

554 3639 803 3713 Suggerit
830 3636 924 3695 tibi
953 3636 1047 3710 per
1072 3637 1248 3693 carnis
1278 3635 1526 3693 affectum
1556 3634 1717 3691 veluti
1738 3650 1837 3706 per
1857 3634 2021 3689 Evam
2053 3633 2156 3691 Sa-

554 3742 709 3790 tanas
738 3749 752 3789 :
788 3731 953 3799 «Vive
978 3731 1311 3803 genialiter.»
1354 3730 1429 3786 Ex
1452 3728 1680 3785 adverso
1704 3728 1834 3784 dicit
1859 3727 2106 3783 Christus
2140 3746 2154 3784 :

554 3829 699 3886 Beati
751 3829 840 3902 qui
892 3828 1085 3902 lugent,
1147 3827 1386 3896 quoniam
1424 3824 1525 3896 ipsi
1572 3824 1973 3880 consolationem
2020 3823 2161 3878 acci-

556 3926 717 3996 pient.
745 3922 828 3979 Ad
876 3921 1123 3979 eumdem
1156 3920 1374 3976 modum
1405 3920 1473 3975 de
1502 3918 1713 3975 cmteris
1736 3915 2155 3983 tentationibus,

555 4018 729 4087 objice
756 4015 1006 4071 tentatori
1048 4014 1294 4086 clypeum
1334 4013 1764 4082 Scripturarum,
1790 4011 1844 4067 in
1869 4010 2062 4082 quibus
2088 4010 2157 4067 ti-

554 4096 610 4165 bi
636 4110 871 4178 loquitur
894 4108 1052 4174 Deus,
1079 4122 1185 4161 non
1212 4108 1420 4161 minore
1447 4105 1575 4174 title,
1597 4118 1754 4175 quam
1784 4105 1830 4161 si
1863 4104 1954 4159 tibi
1976 4120 2155 4161 coram

556 4218 650 4260 ore
682 4200 750 4257 ad
779 4216 841 4257 os
880 4200 1206 4272 loqueretur.
1259 4198 1339 4254 Ex
1368 4197 1454 4255 his
1505 4199 1831 4254 torrentibus
1878 4212 2032 4254 sume
2063 4198 2158 4254 tibi

556 4295 784 4366 lapides,
832 4292 1025 4365 quibus
1070 4290 1290 4363 dejicias
1343 4292 1634 4362 superbum
1685 4289 1920 4346 Goliath.
1981 4290 2158 4350 Habes

556 4389 859 4461 exemplum
875 4404 906 4443 a
934 4388 1161 4444 Domino
1185 4396 1296 4453 tuo,
1314 4386 1393 4442 sic
1418 4386 1507 4442 ille
1533 4385 1824 4457 prostravit
1846 4384 2153 4440 diabolum:

555 4499 658 4559 nec
700 4482 919 4553 dejicias
956 4482 1193 4537 animum
1240 4480 1285 4536 si
1316 4479 1510 4550 srepius
1564 4477 1794 4547 invadat,
1828 4493 1891 4533 ac
1933 4476 2159 4534 subinde

557 4575 853 4647 majoribus
894 4574 1159 4631 machinis
1189 4572 1531 4645 aggrediatur
1563 4570 1731 4626 :nihil
1762 4579 1935 4642 potest
1962 4568 2157 4626 adver-

2261 3360 2515 3433 largiatur
2567 3361 2865 3433 egentibus,
2896 3360 2990 3417 sed
3043 3377 3150 3432 quo
3199 3361 3394 3415 animo.
3445 3360 3616 3416 Habet
3662 3361 3874 3431 aliquis

2261 3454 2426 3509 filium
2458 3455 2614 3510 unice
2662 3455 2904 3521 charum,
2935 3469 2999 3509 eo
3031 3462 3083 3510 te
3122 3469 3265 3509 mors
3302 3452 3456 3509 orbat
3505 3461 3872 3523 praematura,

2224 3616 2233 3619 _
2262 3546 2562 3618 pestilentia
2583 3547 2779 3618 spoliat
2806 3556 2857 3603 te
2877 3547 3231 3613 charissimis,
3257 3561 3473 3618 sponsa,
3493 3544 3699 3609 liberis,
3724 3547 3871 3601 ami-

2259 3639 2368 3707 cis;
2402 3639 2540 3696 ferto
2564 3642 2847 3713 patienter,
2874 3640 3026 3697 etdic
3054 3658 3068 3696 :
3105 3660 3125 3694 t
3151 3641 3379 3696 Domino
3402 3639 3473 3695 ita
3499 3636 3873 3706 visuntfetsic

2260 3728 2504 3787 fortassis
2534 3740 2587 3788 et
2634 3732 2794 3788 nobis
2835 3731 3156 3804 expediebat
3183 3741 3237 3788 et
3286 3732 3486 3789 nostris
3516 3751 3530 3787 :
3558 3732 3631 3787 sit
3671 3746 3867 3788 nomen

2263 3823 2472 3879 Domini
2519 3824 2881 3881 benedictum.
2914 3844 2933 3878 ι
2968 3826 3103 3882 Sunt
3126 3837 3175 3882 ct
3210 3824 3385 3881 morbi
3428 3824 3517 3895 qui
3547 3841 3653 3880 non
3683 3825 3865 3879 minus

2260 3930 2470 3973 atroces
2508 3916 2707 3973 habent
2752 3919 3043 3986 cruciatus,
3089 3933 3251 3989 quam
3298 3917 3405 3973 ulla
3458 3926 3638 3988 potest
3663 3915 3861 3971 inferre

2266 4022 2528 4069 tortorqu
2561 4014 2788 4077 saevitia,
2820 4030 2873 4069 v.
2892 4014 2987 4069 luti
3020 4013 3283 4086 pleuritis,
3315 4012 3581 4078 ischiasis,
3609 4011 3863 4083 podagra,

2262 4108 2558 4181 paralysis,
2607 4108 2868 4176 calculus,
2918 4123 3107 4164 renum
3163 4117 3219 4163 et
3269 4106 3465 4167 vesicas
3511 4105 3861 4161 exulceratio.

2263 4200 2394 4258 Tale
2423 4200 2469 4257 si
2493 4200 2621 4272 quid
2642 4200 2918 4266 acciderit,
2950 4216 3017 4256 ne
3060 4215 3214 4257 mens
3263 4209 3619 4271 exasperetur
3668 4197 3735 4254 ad
3766 4199 3866 4252 imo

2263 4295 2594 4367 patientiam,
2629 4311 2697 4351 ne
2726 4294 2901 4365 lingua
2942 4302 3189 4364 erumpat
3231 4293 3282 4348 in
3312 4307 3471 4349 voces
3500 4291 3863 4362 blaSphemas,

2260 4388 2353 4444 sed
2383 4404 2504 4445 cum
2555 4387 2710 4445 beato
2740 4386 2902 4443 David
2933 4398 3013 4441 ct
3062 4385 3181 4441 Heli
3210 4384 3491 4443 sacerdote
3536 4386 3682 4440 dicat
3711 4400 3725 4437 :
3764 4382 3869 4436 Do-

2261 4482 2430 4536 minus
2476 4489 2568 4546 est,
2618 4479 2777 4550 faciat
2824 4479 2963 4552 quod
3018 4479 3206 4533 bonum
3258 4488 3331 4534 est
3389 4479 3443 4532 in
3494 4476 3660 4531 oculis
3680 4477 3869 4546 ipsius.

2259 4574 2337 4629 Ita
2386 4572 2522 4628 mala
2573 4587 2693 4643 qua:
2745 4586 2851 4628 non
2908 4570 3209 4628 inferuntur
3234 4572 3304 4627 ob
3331 4569 3529 4627 Christi
3578 4567 3879 4641 professio-

558 4684 651 4726 sus
675 4684 798 4726 eum
830 4668 919 4739 qui
949 4679 1123 4724 tecum
1164 4675 1267 4722 est.
1302 4665 1395 4720 Dic
1432 4662 1559 4719 illud
1584 4662 1805 4718 Joannis
1839 4681 1851 4715 :
1887 4662 2060 4736 Major
2086 4672 2158 4719 est
2183 4664 2236 4724 D
2265 4662 2409 4733 nem',
2439 4676 2711 4723 vertemus
2731 4667 2884 4723 nobis
2908 4667 2960 4722 in
2988 4668 3265 4735 Coronam,
3294 4675 3349 4722 et
3396 4664 3615 4721 Christo
3646 4665 3699 4720 in
3751 4665 3881 4736 glo—

556 4762 642 4836 qui
672 4761 726 4815 in
752 4761 897 4816 nobis
941 4769 1036 4829 est,
1100 4776 1253 4831 quam
1279 4760 1367 4830 qui
1402 4758 1455 4811 in
1502 4758 1597 4812 ista
1625 4756 1834 4810 mundo.
1867 4754 2158 4812 Sttccurrat

556 4855 690 4913 illud
747 4854 957 4911 Domini
1008 4854 1208 4909 dictum
1263 4869 1277 4907 :
1335 4849 1607 4921 Canﬁdite,
1636 4850 1878 4920 quoniam
1923 4866 2014 4924 ego
2062 4851 2158 4905 vici

557 4949 828 5007 mundum.
851 4946 945 5004 His
971 4945 1304 5003 orationibus
1331 4943 1373 5000 si
1413 4942 1612 5000 Christi
1643 4943 1797 4999 miles
1817 4940 1977 4999 fuerit
2000 4958 2158 5000 exer-

557 5045 751 5105 citatus
775 5042 841 5098 ad
868 5041 1210 5107 conﬂictum,
1240 5039 1293 5095 in
1328 5038 1443 5097 dies
1472 5037 1770 5110 comperict
1815 5054 1969 5095 suum
2001 5048 2154 5094 anta-

557 5139 822 5213 gnnistam
850 5134 1191 5203 debiliorem.

631 5228 875 5287 XXXIX.
900 5228 1010 5285 Nec
1051 5222 1227 5284 tamen
1277 5223 1613 5284 remittendae
1642 5234 1769 5282 sunt
1815 5224 2077 5293 excubitc,
2110 5224 2155 5281 si

557 5325 774 5399 quando
815 5323 985 5397 hostis
1028 5321 1302 5380 simulabit
1332 5320 1805 5393 tranquillitatem;
1837 5319 1934 5375 sed
1970 5320 2156 5376 obser-

557 5434 691 5475 vans
718 5416 862 5474 illius
891 5414 1134 5483 insidias,
1161 5416 1305 5472 dicat
1342 5428 1465 5471 cum
1498 5412 1655 5469 beato
1686 5412 1901 5469 Abacuc
1933 5429 1947 5467 :
1983 5411 2155 5483 Super

555 5511 841 5572 custodiam
864 5526 1029 5568 meum
1055 5509 1217 5577 stabo,
1251 5518 1301 5565 et
1325 5508 1544 5582 gradum
1571 5507 1728 5580 ﬁgam
1752 5523 1904 5579 super
1935 5516 2152 5579 petram,

2263 4763 2418 4818 riam.
2445 4761 2523 4816 Ac
2552 4761 2642 4818 fiet
2672 4760 2899 4817 fortasse
2945 4771 3006 4817 ut
3052 4761 3330 4829 Dominus,
3361 4769 3547 4817 nostra
3562 4760 3883 4816 .tolerantia

2264 4852 2600 4924 propitiatus,
2626 4861 2715 4907 aut
2740 4852 2947 4908 auferat
2976 4851 3294 4909 al‘llictioues
3335 4861 3427 4907 aut
3453 4851 3690 4923 mitiget;
3717 4850 3883 4922 quod

2261 4949 2307 5005 si
2335 4964 2443 5004 non
2469 4947 2547 5015 fit,
2578 4956 2755 5004 tamen
2798 4947 2897 5003 hac
2940 4947 3146 5003 ratione
3176 4946 3435 5003 faciemus
3487 4956 3540 5001 ut
3580 4943 3724 5017 quod
3751 4946 3889 5001 ani-

2263 5058 2351 5098 mo
2381 5041 2677 5113 impatienti
2703 5039 2893 5097 fuisset
2931 5040 3294 5108 intolerabile,
3325 5039 3416 5095 fiat
3456 5037 3713 5111 patientia
3768 5039 3889 5094 ιιιὶ-

2264 5136 2390 5192 tius.
2418 5135 2510 5191 His
2534 5146 2696 5208 atque
2727 5134 3030 5206 hujusmodi
3056 5133 3389 5205 argumentis
3416 5148 3523 5188 non
3553 5131 3891 5189 desinemus

2263 5245 2362 5287 nos
2387 5230 2615 5287 invicem
2645 5229 2939 5298 exhortari,
2972 5228 3039 5284 ad
3070 5225 3444 5283 illustrandam
3486 5224 3697 5282 Domini
3744 5226 3890 5295 glo-

2260 5325 2418 5391 riam,
2465 5324 2621 5396 cujus
2659 5323 2870 5379 titulum
2897 5331 2953 5380 et
2991 5322 3216 5393 insignia
3244 5320 3500 5392 gerimus.
3533 5318 3896 5377 Praestemus

2260 5419 2338 5474 illi
2383 5418 2696 5491 martyrium
2745 5418 2797 5473 in
2825 5432 2924 5474 suo
2962 5416 3193 5489 quisque
3240 5422 3386 5471 statu
3409 5421 3465 5470 et
3504 5409 3717 5476 ordine,
3755 5428 3899 5471 non

2258 5511 2431 5567 solum
2481 5511 2534 5566 in
2586 5508 2850 5578 adversis,
2899 5523 3088 5565 verum
3140 5507 3303 5565 etiam
3351 5506 3404 5563 in
3461 5503 3757 5577 prosperis.
3824 5505 3901 5564 lu

1899 5624 2264 5686 VARIOBUM
2301 5626 2531 5686 NOTAE.

632 5745 1024 5821 ngniam‘ipsi
1065 5742 1471 5821 ‘congotationem
1517 5739 1785 5821 accipient.
1840 5739 1933 5796 Est
1984 5738 2146 5796 etiam

559 5815 680 5889 hanc
700 5816 914 5889 Erasini
940 5815 1377 5889 versio._I’Attst..

641 5885 809 5967 Veluti
860 5881 1109 5954 pleuritis.
1139 5884 1305 5956 Magis
1345 5882 1521 5957 placet
1572 5883 1674 5938 hoc
1719 5881 1942 5951 Morelii,
1995 5897 2155 5954 quam

2262 5739 2405 5813 quod
2464 5740 2732 5798 habebant
2772 5739 2924 5813 prius
2964 5741 3169 5809 excusi,
3221 5736 3482 5811 pleuretis,
3529 5742 3623 5793 aut
3659 5733 3903 5799 Manut.

2265 5813 2533 5887 pleuresis.
2560 5813 2764 5871 PAIEL.
