4202 6272
278 223 384 280 905

1467 224 1727 283 ORATIO
1768 225 1903 282 PRO
1942 224 2412 284 MARTYRIBUS.

3484 238 3591 294 aut}

278 338 517 394 adversis
536 335 890 409 agnoscamus
918 352 1156 393 amorem
1213 326 1378 408 patris
1422 338 1741 409 ﬁagellantis
1777 357 1876 396 nos
1903 343 1953 402 Α
1980 340 2078 397 dus
2133 342 2400 413 possimus
2456 342 2721 400 sustinere
2752 362 2764 397 :
2793 346 2860 400 ita
2903 344 2994 402 ﬁet
3044 350 3106 401 ut
3135 354 3242 401 tota
3267 345 3375 402 vita
3408 359 3590 404 nostra

278 426 346 486 ad
369 430 784 496 correctionem,
808 438 863 485 ct
880 430 1078 500 gratias
1106 444 1329 500 agamus
1353 430 1596 486 charitati
1634 448 1738 503 qua
1761 432 1884 487 dili-

278 523 354 592 git
382 538 501 585 nos,
530 529 590 576 ut
614 514 774 587 ﬁlios,
812 538 948 592 quos
975 522 1222 577 abdicare
1252 538 1357 577 non
1401 523 1533 589 vnlt,
1562 524 1657 579 sed
1695 534 1883 581 emen-

279 615 434 675 datos
454 616 717 686 recipere.
751 616 808 670 in
839 617 1108 685 prosperis
1147 633 1297 688 mque
1336 618 1537 689 gratias
1565 633 1785 689 agamus
1810 620 1874 674 il.

279 708 381 766 lius
403 709 649 775 bonitati,
674 725 776 780 qua
801 710 1111 765 consolatur
1140 725 1237 765 nos
1268 720 1326 765 ut
1356 712 1708 767 tentationutn
1738 727 1877 782 pan-

1992 434 2123 488 nibil
2175 434 2318 488 aliud
2365 435 2434 487 sit
2487 448 2644 505 qnam
2702 435 3089 503 testimonium,
3117 436 3402 495 declarans
3450 442 3601 508 apud

1986 527 2273 583 credentes
2307 508 2361 583 ei
2410 528 2715 584 incredulos
2759 530 3097 599 sapientiam,
3150 531 3465 599 bonitatem,
3495 534 3594 587 ini-

1983 622 2330 677 sericordiam
2362 634 2425 677 ac
2455 621 2730 677 veritatem
2763 623 2853 678 Dei
2883 622 3077 690 Patris,
3107 632 3162 680 et
3190 624 3311 681 Filii
3341 626 3481 682 illius
3508 626 3598 683 Je-

1978 729 2061 781 su,
2086 722 2139 770 et
2161 714 2391 784 Spiritus
2419 715 2609 770 sancti.
2642 717 2831 771 Amen.

280 880 3583 910 mw

981 1041 1439 1126 ORATIO
1495 1041 2076 1171 ,(ΣΥΡΒΙΑΝΙ
2151 1044 2915 1153 ANTIOCHENI,

1564 1252 1739 1315 PRO
1764 1253 2309 1318 MARTYRIBUS.

355 1468 575 1533 HAGIOS,
606 1466 827 1539 hagios,
855 1466 1077 1537 bagios,
1116 1475 1303 1524 sancte
1331 1479 1640 1525 sanctorum
1664 1511 1679 1536 ,
1728 1468 1889 1525 Pater

1990 1477 2192 1524 castam
2220 1509 2234 1533 ,
2266 1474 2451 1524 contra
2501 1481 2690 1523 omnes
2718 1466 2939 1523 insidias
2969 1469 3148 1524 saeculi
3195 1471 3429 1541 gloriosa
3491 1473 3595 1530 ﬁde

295 1571 505 1633 patrum
533 1569 858 1626 nostrorum,
894 1559 1038 1616 Dens
1058 1558 1351 1626 Abraham,
1380 1561 1523 1617 Deus
1546 1560 1712 1627 lsaac,
1747 1561 1890 1617 Dens
1991 1562 2277 1634 degentem
2302 1603 2319 1629 ,
2363 1572 2550 1617 contra
2593 1561 2788 1617 diaboli
2858 1563 3031 1618 minas
3085 1572 3139 1619 et
3185 1567 3426 1621 carnales
3477 1568 3596 1624 ille-

287 1655 480 1721 Jacob,
509 1657 646 1714 Deus
673 1653 1054 1725 Apostolorum
1076 1696 1090 1718 ,
1117 1653 1261 1710 Deus
1282 1654 1674 1726 Pmpbetarum
1696 1698 1711 1721 ,
1748 1655 1891 1712 Deus

1992 1654 2181 1710 cebras
2232 1653 2495 1709 munitum
2550 1665 2735 1724 pectus
2785 1654 3085 1722 concedas,
3146 1672 3214 1713 ne
3270 1659 3489 1714 violenti
3542 1671 3598 1716 et

288 1749 605 1821 Virginum,
649 1748 792 1805 Deus
819 1748 959 1805 bene
988 1748 1282 1803 viventium
1305 1788 1321 1814 ,
1355 1749 1493 1805 Deus
1514 1750 1886 1816 credentium,
1919 1727 1967 1787 Β
1994 1746 2201 1801 cruenti
2264 1746 2433 1802 hostis
2491 1745 2781 1802 lethalibus
2834 1747 3037 1817 laqueis
3101 1750 3437 1819 implicentur
3460 1793 3475 1818 ,
3539 1765 3599 1808 ut

287 1841 427 1898 Dens
453 1851 506 1895 et
553 1839 712 1896 Pater
758 1840 973 1897 Domini
1004 1841 1173 1896 nostri
1218 1840 1342 1896 Jesu
1388 1840 1588 1897 Christi
1638 1839 1731 1895 ﬁlii
1781 1842 1888 1895 tni:

284 1941 337 1987 te
388 1933 697 1986 invocamus
731 1931 1022 2002 supplices,
1052 1932 1250 2002 pariter
1292 1941 1345 1988 et
1372 1932 1748 2002 deprecamur,
1786 1931 1889 1987 Fili

283 2024 578 2094 unigenite,
625 2023 717 2095 qui
754 2038 820 2078 ex
865 2038 958 2080 ore
998 2024 1256 2080 Altissimi
1303 2034 1614 2095 procreatus
1662 2040 1721 2081 es
1768 2036 1892 2083 ante

288 2116 468 2171 mundi
508 2114 940 2187 dispositionem,
986 2125 1040 2172 et
1080 2132 1145 2171 ex
1194 2116 1376 2171 Maria:
1422 2128 1621 2173 sanctae
1672 2118 1893 2189 virginis

289 2220 576 2281 utero-per
607 2210 921 2280 mysterium
946 2209 1154 2275 editus,
1183 2211 1462 2265 orantibus
1492 2210 1645 2267 nobis
1664 2252 1677 2275 ,
1721 2212 1890 2267 sancti

290 2304 543 2363 desiderii
565 2305 808 2376 spiritale
832 2305 1227 2361 incrementum
1278 2314 1334 2359 et
1373 2305 1730 2375 integritatem
1767 2320 1891 2359 cor—

291 2401 375 2458 dis
400 2411 659 2473 prtestare
690 2401 914 2469 dignare
939 2442 952 2465 ,
983 2408 1041 2455 ut
1088 2400 1303 2455 lavacro
1327 2399 1546 2453 salutari
1590 2407 1892 2454 recreatum

295 2504 483 2566 pectus
510 2509 539 2547 a
565 2493 776 2550 delictis
796 2492 1101 2548 carnalibus
1139 2492 1407 2547 incolume
1431 2492 1703 2562 persistat.
1752 2490 1897 2546 Peti-

294 2587 417 2646 mus
445 2588 550 2645 ﬁde
592 2587 831 2653 illibata,
878 2595 1060 2643 mente
1108 2586 1449 2656 incorrupta,
1482 2585 1768 2641 devotione
1808 2600 1896 2638 ro-

294 2680 481 2748 busta,
510 2680 821 2749 operatione
850 2695 945 2734 seu
975 2678 1263 2735 dilectione
1293 2677 1545 2733 continua
1567 2718 1582 2744 ,
1615 2686 1674 2732 ut
1702 2676 1756 2732 in
1791 2675 1896 2731 Ec-

292 2773 458 2835 clesia
488 2782 672 2829 sancta
701 2781 789 2828 tua
817 2786 914 2827 nos
940 2771 1136 2827 ﬂorere
1165 2770 1447 2841 permittas
1475 2787 1487 2822 :
1516 2765 1768 2840 quoniam
1802 2768 1896 2824 tibi

294 2867 561 2923 ﬂectimus
588 2880 760 2937 genua
816 2874 872 2921 et
924 2878 1211 2920 curvamus
1255 2862 1528 2924 cervices,
1578 2861 1665 2916 cui
1704 2860 1896 2931 Angeli

293 2966 352 3015 et
369 2956 711 3027 Arcbangeli,
741 2954 905 3010 millia
929 2954 1156 3009 millium
1183 2952 1501 3023 Martyrum,
1525 2951 1725 3008 chorus
1752 2952 1896 3022 Apo-

295 3049 555 3107 Stolorum
577 3058 631 3105 et
659 3046 1044 3118 Prophetarum
1074 3046 1243 3117 gloria
1273 3044 1567 3107 exsultant,
1594 3043 1679 3099 cui
1707 3057 1897 3099 omnes

295 3157 424 3199 aves
463 3149 663 3197 canunt
704 3139 923 3207 laudes,
957 3139 1151 3212 lingua:
1190 3136 1514 3193 conﬁtentur
1559 3135 1860 3192 caeli-stium
1882 3175 1898 3201 ,
1925 3122 1970 3186 C

293 3235 635 3292 terrestrium
661 3243 714 3290 ct
745 3232 1076 3289 infcrnorum
1113 3252 1126 3288 :
1159 3230 1251 3287 tibi
1279 3245 1469 3286 omnes
1493 3246 1647 3301 aqua:
1676 3231 1729 3284 in
1759 3228 1901 3285 cmlo

296 3337 354 3384 et
378 3328 479 3384 sub
503 3328 644 3385 coelo
674 3324 1027 3392 conﬁtentur;
1054 3335 1109 3381 te
1141 3324 1476 3381 insensibilia
1507 3323 1751 3379 sentiunt
1788 3340 1801 3376 :
1845 3329 1902 3378 tu

297 3435 358 3478 es
399 3421 578 3487 solus,
619 3429 674 3476 et
705 3428 899 3491 praeter
938 3428 990 3474 te
1027 3428 1082 3474 et
1104 3429 1255 3474 extra
1294 3427 1345 3474 te
1372 3433 1551 3475 nemo.
1586 3416 1662 3473 Te
1688 3432 1902 3489 quaesu-

299 3524 452 3577 mus,
477 3510 725 3581 Domine,
766 3510 925 3566 Pater
951 3509 1321 3581 omnipotens,
1353 3509 1441 3580 qui
1468 3508 1570 3565 soli
1610 3494 1720 3563 ﬁlio
1746 3523 1905 3564 cons-

230 3640 235 3649 .
300 3604 548 3676 picabilis
573 3619 632 3659 cs
651 3645 667 3671 ,
699 3603 853 3673 cujus
881 3602 1069 3673 Angeli
1096 3613 1150 3659 et
1179 3602 1501 3674 Archangeli
1530 3602 1905 3672 obtemperant

301 3699 417 3767 tibi,
448 3697 672 3753 Domine
700 3696 898 3753 Pater:
925 3704 976 3752 te
1004 3712 1220 3753 oramus
1258 3705 1316 3752 ut
1343 3696 1545 3751 tribuas
1567 3694 1723 3750 nobis
1754 3709 1906 3749 men-

300 3802 408 3850 tem
439 3794 733 3866 integram,
765 3790 1129 3849 innocentiam
1156 3806 1342 3862 puram
1363 3832 1379 3858 ,
1412 3789 1777 3846 sinceritatem
1804 3788 1902 3844 de-

300 3894 506 3952 votam,
575 3884 958 3943 conscientiam
1020 3893 1296 3951 sanctam,
1346 3896 1555 3953 puram,
1632 3880 1903 3949 sobriam,

1994 1838 2207 1909 signum
2249 1838 2439 1893 salutis
2478 1848 2698 1894 attenta:
2742 1838 3009 1894 incolume
3052 1839 3403 1910 perferamus.
3448 1844 3597 1900 Pelle

1994 1944 2024 1983 a
2053 1930 2208 1984 nobis
2246 1945 2462 1985 omnem
2511 1931 2692 1986 saeculi
2732 1930 2970 1986 illuviem
3018 1949 3341 2007 omnemque
3396 1935 3594 1993 diaboli

1997 2022 2422 2091 persuasionem.
2466 2022 2797 2093 Laqueelur,
2827 2023 3102 2089 concidat,
3158 2036 3212 2081 et
3238 2039 3524 2098 superetur
3567 2044 3596 2083 a

1995 2115 2170 2181 nobis,
2197 2126 2253 2171 et
2278 2126 2610 2184 amoveatur,
2643 2118 2777 2173 sicut
2805 2135 2831 2171 a
2862 2118 3020 2173 Sarra
3052 2100 3247 2175 famula
3291 2131 3374 2174 tua
3406 2127 3598 2177 Asmo-

1986 2206 2151 2276 deus,
2181 2210 2391 2265 dmmon
2447 2210 2829 2281 nequissimus,
2868 2212 3163 2266 exstinctus
3209 2229 3303 2283 per
3345 2215 3593 2285 angelum

1996 2314 2144 2359 tuum
2174 2313 2415 2359 sanctum
2450 2304 2712 2375 Rapbael.
2748 2304 2817 2360 Et
2850 2306 2987 2361 sicut
3017 2306 3199 2362 Tobim
3242 2308 3478 2376 affuisti,
3524 2310 3596 2364 ita

1996 2395 2126 2451 mihi
2155 2396 2347 2452 adesse
2375 2397 2634 2468 digneris.
2678 2397 2745 2452 Et
2770 2407 2824 2453 ut
2858 2398 3026 2453 tribus
3053 2399 3231 2468 pueris
3264 2400 3315 2455 in
3347 2404 3559 2457 camino
3581 2444 3597 2470 ,

1997 2498 2052 2545 et
2099 2489 2301 2545 Danieli
2342 2491 2764 2546 misericordiam
2814 2493 3107 2562 prmstitisti
3135 2534 3150 2558 ,
3193 2493 3273 2549 sic
3312 2494 3455 2551 circa
3499 2511 3599 2552 nos

1968 2592 1973 2597 '
1999 2579 2228 2644 famulos
2256 2592 2375 2637 tuos
2403 2582 2580 2638 facere
2605 2584 2860 2656 digneris.
2887 2584 2987 2654 Qui
3019 2596 3260 2642 mortuos
3288 2590 3559 2645 suscitasti
3579 2631 3595 2657 ,

1997 2689 2172 2731 caecos
2218 2675 2559 2746 illuminasti,
2593 2677 2768 2732 surdis
2807 2677 3043 2734 auditum
3071 2720 3088 2744 ,
3142 2681 3303 2735 mntis
3351 2682 3598 2752 eloquia,

1998 2768 2205 2825 claudis
2240 2783 2483 2839 gressum
2506 2811 2520 2836 ,
2568 2770 2794 2840 leprosis
2830 2772 3117 2827 sanitatem
3161 2772 3353 2828 dedisti
3379 2814 3417 2841 ,,
3448 2775 3519 2829 ita
3549 2783 3605 2829 et

1999 2862 2064 2917 da
2098 2861 2310 2918 famulis
2345 2866 2449 2918 tuis
2471 2904 2483 2926 ,
2519 2863 2608 2934 qui
2639 2874 2690 2919 te
2713 2872 2821 2918 tota
2850 2864 3048 2919 virtute
3093 2867 3288 2921 mentis
3328 2867 3601 2924 credimus

2000 2966 2206 3024 natum,
2242 2971 2479 3028 passum,
2506 2968 2790 3012 venturum
2809 2957 3051 3027 judicare
3080 2958 3231 3013 vivos
3254 2967 3308 3013 ct
3336 2970 3599 3015 mortuos.

2003 3050 2208 3105 Assiste
2236 3050 2389 3106 nobis
2411 3092 2425 3114 ,
2456 3050 2593 3104 sirut
2631 3049 2903 3119 Apostolis
2940 3051 2994 3104 in
3025 3051 3250 3106 vinculis
3272 3094 3286 3115 ,
3312 3051 3525 3107 Thecla:
3547 3052 3603 3108 in

2006 3141 2237 3211 ignibus,
2265 3142 2434 3197 Paulo
2460 3141 2510 3195 in
2540 3140 3036 3211 persccutionibus,
3073 3141 3231 3197 Petro
3256 3143 3305 3195 in
3327 3142 3598 3197 ﬂuctibus.

2005 3232 2105 3301 Qui
2135 3233 2292 3290 sedes
2314 3248 2479 3303 super
2507 3242 2714 3302 septem
2740 3232 2964 3288 thronos
3001 3232 3066 3287 ad
3095 3232 3375 3288 dexteram
3410 3234 3604 3300 Patris,

2006 3328 2217 3399 respice
2247 3340 2344 3381 nos
2374 3334 2429 3381 et
2454 3325 2619 3380 libera
2653 3339 2752 3379 nos
2781 3324 2848 3379 de
2877 3333 3093 3380 :eternzc
3123 3325 3312 3379 mortis
3343 3326 3555 3381 interitu
3587 3343 3601 3379 :

2007 3437 2144 3476 unus
2172 3421 2222 3475 in
2254 3435 2385 3486 uno,
2414 3418 2574 3474 Pater
2606 3429 2659 3473 et
2680 3416 2847 3480 Filio,
2881 3416 3049 3472 Filius
3078 3418 3127 3471 in
3162 3416 3337 3484 Patre,
3371 3417 3605 3487 Spiritus

2008 3523 2244 3581 sanctus,
2274 3528 2370 3585 per
2397 3528 2554 3583 quem
2612 3522 2666 3567 et
2710 3527 2831 3567 cum
2882 3528 2986 3581 quo
3035 3521 3115 3565 est
3164 3512 3256 3567 tibi
3311 3512 3362 3565 in
3418 3521 3604 3567 sancta

2006 3608 2245 3669 Ecclesia
2276 3607 2469 3673 ltonor,
2510 3606 2682 3659 virtus
2702 3646 2718 3672 ,
2750 3605 2968 3659 claritas
2988 3647 3003 3670 ,
3033 3604 3307 3672 majestas,
3334 3614 3603 3673 potestas,

2006 3698 2775 3766 benedictio,immortalitas,
2820 3706 2873 3751 et
2900 3711 3041 3751 nunc
3092 3705 3147 3750 et
3200 3697 3251 3749 in
3304 3706 3602 3766 mternum,

2007 3807 2223 3864 semper
2250 3799 2304 3847 et
2329 3790 2383 3845 in
2408 3788 2588 3846 omnia
2607 3787 2806 3843 saecula
2834 3788 3175 3844 saeculorum.
3194 3787 3388 3843 Amen.

1633 3972 1996 4032 VARIORUM
2038 3971 2266 4029 NOTAE.

374 4099 621 4172 Cypriani
665 4097 1004 4172 Antiocheni._
1045 4094 1176 4172 Quis
1220 4092 1392 4172 fuerat
1448 4093 1551 4172 iste
1570 4091 1902 4172 _Cyp_t_-ianus,

304 4163 672 4227 Antiochenus
694 4185 877 4240 magus
901 4178 956 4224 et
977 4163 1201 4223 Jusiina:
1223 4167 1481 4240 amasius,
1508 4163 1643 4220 infra
1670 4165 1899 4219 dicetur.

379 4312 494 4369 Soli
517 4312 626 4381 ﬁlio
655 4310 1025 4381 conspicabilis
1055 4326 1127 4365 es.
1160 4309 1285 4367 Mss.
1330 4239 1622 4381 omnggogt.
1645 4314 1898 4381 vet.‘e_xc.

302 4375 713 4453 conmutabilia.
754 4375 949 4437 Verum
1012 4379 1137 4437 illud
1182 4382 1384 4453 placet,
1452 4378 1594 4449 quod
1658 4375 1907 4453 similiter

303 4447 504 4514 dixerit
540 4454 864 4511 Prudentius
893 4471 905 4507 :
937 4469 1108 4508 coram
1149 4447 1348 4524 refulsit
1388 4447 1482 4507 ore
1514 4447 1900 4577 lriortspicalu'lis.

1557 4536 1720 4577 Αιιει..

1926 4507 1981 4566 D

2083 4089 2435 4146 Innocentiam
2470 4102 2671 4156 puram.
2696 4083 2937 4140 Morellio
2973 4098 3159 4141 rursus
3193 4091 3466 4157 acceptam
3512 4082 3606 4141 dc-

2006 4161 2196 4217 bcmns
2220 4175 2408 4216 Vocem
2447 4175 2626 4230 puram
2644 4201 2657 4223 ,
2683 4167 2738 4212 et
2758 4157 2916 4230 paulo
2936 4227 2947 4230 _
2971 4168 3090 4230 post
3150 4173 3334 4230 vocem
3405 4158 3563 4209 hostis
3584 4196 3600 4221 ,

2009 4232 2097 4289 ubi
2118 4232 2319 4303 legitur
2340 4227 2536 4303 cruenti
2547 4229 2737 4303 fractis,
2760 4227 2889 4303 alibi
2916 4227 3265 4303 desideratas.
3301 4228 3506 4280 Pauca.

2082 4302 2127 4359 U
2133 4314 2150 4358 ι
2175 4296 2378 4375 Bgnum
2402 4301 2582 4375 salutis
2605 4299 3458 4375 galerumincolumaperferamm.
3506 4296 3607 4349 lis-

2006 4376 2130 4433 dem
2161 4366 2299 4444 pene
2327 4373 2506 4444 verbis
2542 4372 2719 4444 utitur
2758 4372 3049 4426 etiamnum
3076 4366 3317 4423 Ecclesia
3353 4366 3404 4420 in
3437 4382 3604 4422 θωνα·

2007 4443 2202 4504 moniis
2232 4443 2506 4516 Baptismi.
2538 4443 2742 4497 ΡΑιιΕι.

322 4656 3519 4703 ________________________________.__.._______.

994 4838 1445 4925 ORATIO
1523 4830 2081 4922 CYPRIANI
2154 4819 2921 4925 ANTIOCHENI,

1221 5043 1452 5120 QUAM
1485 5044 1630 5108 SUB
1657 5041 1792 5104 DIE
1821 5033 2226 5103 PASSIONIS
2256 5030 2429 5097 SUE
2463 5029 2720 5093 DIXIT.

384 5270 591 5325 Donusa
615 5268 835 5327 sancte,
870 5252 1032 5317 Pater
1060 5257 1275 5332 bagios,
1300 5257 1440 5313 Deus
1471 5254 1626 5327 liagie
1644 5295 1658 5320 ,
1688 5263 1743 5308 et
1764 5250 1919 5323 bagie

306 5363 451 5420 Deus
479 5375 634 5418 meus
653 5400 669 5426 ,
708 5356 830 5428 quis
857 5356 1003 5411 enim
1040 5354 1214 5423 major
1243 5352 1337 5407 te?
1368 5346 1462 5405 tibi
1497 5348 1696 5420 gratias
1722 5356 1775 5403 et
1801 5345 1919 5401 lau-

306 5457 431 5513 dem
472 5455 652 5512 reicio
677 5494 691 5518 ,
728 5451 867 5507 Deus
894 5447 1130 5505 Abraha-
1186 5455 1241 5516 et
1293 5445 1433 5499 Deus
1478 5442 1627 5499 Isaac
1669 5452 1724 5498 et
1778 5440 1917 5495 Dens

2021 5246 2213 5313 Jacob,
2241 5246 2385 5303 Deus
2416 5252 2627 5317 patrum
2653 5248 2986 5309 nostrorum,
3020 5239 3165 5297 Deus
3202 5240 3618 5310 Apostolorum,

2022 5353 2077 5401 et
2104 5344 2245 5400 Deus
2273 5339 2667 5413 Prophetarum
2687 5378 2703 5400 ,
2729 5344 2785 5393 et
2805 5335 2948 5392 Deus
2974 5334 3266 5407 Martyrum
3287 5373 3304 5401 ,
3336 5334 3426 5406 qui
3472 5332 3623 5389 fuisti

2020 5449 2144 5495 ante
2164 5435 2353 5495 mundi
2392 5432 2802 5506 dispositionem
2824 5472 2840 5497 ,
2866 5430 3007 5485 Deus
3050 5431 3294 5486 vivorum
3320 5471 3335 5499 ,
3363 5437 3624 5485 venturus

1640 5554 2003 5614 V'ARIORUM
2027 5552 2259 5612 ΝΟΤᾸΞ.

382 5683 524 5740 Deus
552 5683 790 5739 Abraluc.
832 5677 1118 5737 Prmmittit
1158 5674 1297 5729 idem
1325 5673 1592 5740 Gravius,
1633 5670 1773 5726 Deus
1814 5669 1923 5724 Pa-

312 5766 448 5817 trum
505 5766 826 5814 nostrorum,
875 5750 1019 5823 quod
1062 5748 1220 5818 vulgo
1253 5746 1625 5815 postponitur,
1665 5753 1924 5815 quantum

742 5848 1019 5911 ΡΔτιιοι..
1066 5840 1174 5906 lV.
1227 5839 1289 5899 S.
1335 5838 1642 5903 Cyrnus.

2023 5676 2243 5741 apparet
2266 5683 2281 5734 ;
2313 5666 2436 5741 quia
2461 5666 2539 5721 sic
2562 5664 2674 5722 fere
2696 5663 2891 5734 ubique
2906 5661 3202 5732 Scriptura.
3222 5660 3333 5721 Sed
3350 5662 3632 5718 nobiscum

2029 5738 2209 5815 legunt
2237 5754 2370 5798 mss.
2402 5738 2606 5796 Pauca.

3022 5827 3102 5892 29
