4202 6272
566 312 673 371 907

1432 308 1443 371 ζ
1504 311 1563 372 S.
1610 312 1935 374 CYPBIANI
1970 314 2229 374 ORATIO
2255 311 2394 373 ΡΙὶο
2431 312 2899 374 MABTYRIBUS.

3767 310 3884 375 ωε
3930 320 3935 324 ,

565 431 813 506 judicare
836 431 986 491 vivos
1007 438 1065 489 et
1098 405 1347 489 mortuos
1378 446 1391 486 :
1422 431 1513 504 qui
1551 446 1613 493 es
1653 433 1796 489 Deus
1832 449 2029 501 verax,
2078 433 2168 504 qui
2198 434 2250 494 Δ
2347 432 2424 489 Te
2449 431 2733 503 deprecor,
2768 431 2930 487 Pater
2955 428 3275 501 maiestatis,
3304 429 3400 501 qui
3424 429 3484 487 in
3520 427 3631 487 line
3671 437 3881 499 tenipo-

573 527 733 584 sedcs
760 541 922 598 super
956 524 1251 583 Cherubim
1294 534 1351 582 et
1391 523 1677 597 Seraphim
1708 527 1897 584 sedem
1947 527 2169 584 honoris

574 620 684 687 tui,
728 629 784 676 et
828 619 1089 691 prospicis
1135 619 1400 691 abysses:
1432 618 1522 689 qui
1563 619 1714 677 vides
1757 610 1946 678 cuncta
1992 620 2169 691 prius-

561 729 732 785 quam
774 722 1094 781 nascantur;
1127 713 1216 783 qui
1258 712 1427 772 habes
1469 722 1789 784 potestatem
1831 713 2079 771 occidere
2116 721 2172 769 et

571 822 763 864 rursus
808 807 1121 874 restituere;
1176 808 1265 876 qui
1310 806 1478 863 babes
1526 818 1851 879 potestatem
1898 807 1968 863 de
2014 806 2168 862 arido

568 902 742 957 viride
766 901 962 957 facere.
1002 900 1083 955 Tu
1123 900 1359 955 omnium
1411 900 1668 955 Dominus
1716 899 2053 967 dominator,
2102 897 2170 951 li.

568 995 699 1052 hera
730 1009 816 1050 me
850 995 919 1050 ab
939 994 1043 1049 hoc
1066 993 1282 1058 saeculo,
1308 1001 1359 1048 et
1389 992 1582 1048 exaudi
1611 1008 1696 1049 me
1718 1003 1961 1049 orantem
1980 1035 1996 1060 ,
2034 991 2171 1047 sicut

571 1090 836 1146 exaudisti
862 1089 1001 1144 filios
1024 1089 1191 1145 lsrael
1230 1087 1303 1144 'de
1334 1099 1473 1143 terra
1507 1086 1757 1161 Egypti,
1808 1096 1864 1143 et
1914 1102 2019 1143 non
2076 1086 2169 1141 tibi

569 1182 934 1247 crediderunt,
964 1196 1063 1237 nec
1093 1180 1293 1235 famulo
1320 1188 1410 1235 tuo
1440 1179 1628 1252 Moysi.

642 1275 736 1331 Va:
764 1260 999 1346 peccatis
1018 1273 1187 1328 meis!
1214 1271 1345 1327 Cum
1373 1272 1671 1328 elevaveris.
1694 1272 2033 1344 confringere
2062 1281 2172 1327 ter—

572 1386 688 1429 ram
707 1412 725 1438 ,
769 1370 869 1426 sub
906 1384 1008 1441 qua
1037 1369 1227 1423 fissura
1257 1375 1527 1437 petrarum
1549 1381 1637 1422 me
1662 1366 2023 1421 abseonsurus
2049 1379 2168 1420 sum

570 1466 640 1521 ab
664 1472 788 1519 ante
831 1464 1086 1518 virtutem
1141 1461 1324 1517 tuam?
1360 1461 1460 1517 Cui
1510 1461 1678 1516 monti
1723 1460 1966 1516 dicturus
2015 1474 2165 1514 sum:

568 1557 717 1616 Cade
742 1571 905 1627 super
926 1571 1048 1614 me:
1068 1563 1122 1612 et
1141 1556 1227 1613 cui
1254 1554 1415 1610 colli:
1439 1553 1583 1625 Tege
1609 1569 1696 1610 me
1718 1554 1788 1609 ab
1812 1564 1938 1609 ante
1966 1562 2168 1611 metum

574 1649 808 1714 Domini,
839 1663 961 1704 cum
985 1657 1036 1702 te
1057 1646 1325 1703 levaveris
1354 1645 1694 1715 confringere
1720 1644 1963 1702 terram?
1990 1643 2163 1715 Rogo,

574 1741 821 1807 Domine,
846 1739 1070 1795 subveni
1099 1737 1229 1792 mihi
1256 1756 1267 1792 :
1299 1736 1406 1792 noli
1438 1737 1735 1793 secundum
1777 1745 1956 1791 actum
1987 1750 2166 1791 meum

2273 539 2392 581 rum
2421 526 2677 582 misertus
2703 539 2764 581 es
2796 524 3004 592 nostri,
3040 523 3263 583 mittens
3298 525 3455 582 nobis
3491 524 3675 581 Jesum
3712 522 3878 580 Chri-

2274 629 2416 675 stum
2486 620 2656 676 tllium
2720 629 2867 674 tuum
2944 618 3231 674 Dominum
3296 619 3470 676 Deum
3538 618 3881 678 Salutarem

2274 722 2517 769 nostrum
2534 750 2550 777 ,
2577 722 2757 767 natum
2788 727 2856 766 ex
2883 709 3046 766 Maria
3086 710 3298 783 virgine
3328 711 3396 767 de
3422 711 3626 784 Spiritu
3649 723 3877 780 sancto,

2275 803 2629 860 annuntiante
2663 802 2912 860 Gabriele
2935 803 3149 871 angelo,
3178 818 3464 875 perquem
3499 802 3598 861 nos
3633 805 3879 863 liberaui

2274 895 2340 951 de
2371 895 2609 966 periculo
2643 895 2833 950 mortis
2858 895 3210 951 imminentis.

2346 986 2415 1042 Et
2442 997 2492 1042 te
2528 984 2814 1057 deprecor,
2851 984 3043 1041 Filium
3078 985 3170 1041 Dei
3200 985 3335 1053 vivi,
3367 987 3457 1057 qui
3491 987 3663 1044 fecisti
3717 998 3871 1047 tanta

2274 1078 2569 1149 mirabilia,
2603 1080 2691 1149 qni
2730 1079 2783 1133 in
2815 1079 2958 1134 Cana
2991 1079 3228 1136 Galilma:
3268 1080 3336 1135 de
3382 1097 3520 1151 aqua
3557 1083 3745 1159 vinum
3795 1084 3880 1139 fe-

2278 1171 2418 1237 cisti,
2454 1179 2670 1242 prepter
2698 1172 2861 1227 Israel
2886 1189 2899 1224 :
2932 1172 3022 1243 qui
3052 1171 3211 1227 caecis
3241 1172 3428 1227 oculos
3457 1174 3753 1244 aperuisti;
3786 1177 3882 1247 qui

2280 1263 2473 1319 surdos
2499 1258 2684 1320 audire
2706 1264 2879 1319 fecisti
2901 1308 2915 1330 ,
2949 1266 3035 1335 qui
3070 1265 3393 1338 paralyticos
3422 1266 3489 1322 ad
3515 1283 3609 1323 sua
3633 1270 3881 1326 membra

2272 1357 2574 1421 revocasti;
2605 1357 2695 1430 qui
2738 1355 2945 1411 solvisti
2988 1356 3197 1427 linguas
3239 1356 3565 1425 blmsorum;
3608 1359 3883 1417 da-monio

2273 1458 2496 1505 vexatos
2524 1449 2756 1516 sanasti;
2789 1449 3035 1517 claudos,
3060 1461 3341 1507 currentes
3378 1451 3551 1508 fecisti
3587 1454 3739 1510 velut
3763 1470 3884 1512 cer-

2274 1556 2417 1609 vos;
2466 1542 2750 1601 mulierem
2816 1542 2884 1599 de
2954 1541 3220 1614 profluvio
3268 1545 3546 1616 sanguinis
3595 1548 3881 1617 liberanti;

2274 1643 2517 1691 mortuos
2537 1635 2806 1691 suseitasti
2833 1653 2847 1702 ;
2888 1651 3051 1707 super
3070 1652 3267 1708 aquam
3292 1638 3535 1708 pedibus
3550 1640 3841 1698 ambulasti
3863 1659 3880 1708 ;

2273 1726 2362 1796 qui
2393 1725 2556 1783 Petro
2584 1726 2787 1783 labenti
2826 1743 3044 1785 manum
3080 1728 3384 1799 tradidisti;
3420 1731 3529 1809 qui.
3562 1747 3712 1799 mare
3759 1733 3880 1790 fun-

572 1849 664 1891 me
698 1832 963 1904 judicare,
1022 1829 1153 1886 nihil
1201 1830 1344 1886 enim
1396 1830 1449 1884 in
1501 1829 1785 1899 praeceptis
1834 1830 1940 1885 tuis
1992 1828 2163 1898 parui.
2196 1829 2246 1889 Β
2274 1819 2433 1887 dasti,
2463 1829 2517 1879 et
2547 1821 2832 1879 terminum
2857 1822 2905 1885 ei
2930 1823 3150 1891 posuisti
3175 1863 3190 1886 .
3218 1832 3275 1879 et
3298 1823 3527 1893 dixisti:
3564 1825 3678 1883 Huc
3705 1844 3881 1899 usque

571 1925 781 1982 Exaudi
806 1938 897 1981 me
917 1929 1184 1986 orantem,
1213 1922 1353 1977 sicut
1373 1920 1642 1977 exaudisti
1666 1920 1860 1976 Jonam
1887 1918 1955 1975 de
1978 1929 2162 1975 ventre

571 2018 708 2084 ceti,
732 2017 810 2074 sic
848 2014 1102 2073 exaudias
1144 2028 1261 2080 me,
1303 2022 1359 2069 et
1397 2012 1583 2082 ejicias
1629 2026 1714 2067 me
1761 2012 1830 2068 de
1872 2020 2047 2067 morte
2096 2010 2164 2066 ad

572 2114 757 2168 vitam.
787 2109 940 2167 Sicut
962 2108 1210 2166 Ninivitte
1240 2106 1532 2163 induerunt
1554 2106 1794 2163 cinerem
1822 2116 1877 2161 et
1905 2104 2161 2171 cilicium,

570 2213 626 2262 et
648 2202 1017 2276 pamiteutiam
1047 2207 1275 2271 egerunt
1310 2208 1435 2254 ante
1470 2198 1776 2253 Dominum.
1814 2195 2167 2266 Exomologe-

569 2298 657 2354 sin
709 2294 925 2352 facienti
972 2300 1096 2348 ante
1144 2301 1492 2362 conspectum
1549 2297 1698 2346 tuum
1751 2303 1857 2367 prq
1897 2287 2166 2343 universis

571 2388 805 2461 peccatis
844 2387 1018 2454 meis,
1051 2385 1139 2456 qui
1183 2398 1243 2439 es
1268 2391 1481 2438 amator
1510 2381 1869 2452 pmnitentiae,
1910 2379 2168 2435 miserere

572 2481 700 2538 mei.
745 2479 853 2537 Sed
894 2486 949 2534 et
995 2475 1161 2532 David
1201 2475 1369 2531 dicit:
1421 2474 1668 2541 Domine,
1700 2482 1918 2549 propter
1967 2487 2166 2528 nomen

572 2584 722 2631 tuum
757 2571 880 2629 dele
907 2579 1183 2642 peccatum
1215 2582 1415 2627 meum.
1464 2566 1531 2625 Et
1569 2581 1669 2637 ego
1711 2565 2008 2635 deprecans
2051 2580 2167 2619 ma.

564 2668 812 2739 jestatem
840 2676 984 2721 tuam
1009 2682 1023 2721 :
1054 2664 1186 2720 Dele
1213 2663 1463 2719 universa
1488 2669 1700 2733 peccata
1729 2674 1868 2727 mea,
1899 2669 1952 2715 et
1978 2659 2167 2716 exaudi

572 2774 661 2817 me
688 2768 972 2825 orantem,
1014 2757 1155 2812 sicut
1198 2754 1395 2811 audisti
1443 2763 1556 2810 tres
1607 2767 1803 2824 pueros
1845 2752 1914 2808 de
1958 2752 2171 2807 camino

567 2852 742 2925 ignis,
774 2850 1058 2917 Arsaniam,
1084 2847 1356 2913 Azariam,
1388 2845 1660 2905 Mizaelem
1687 2862 1700 2898 :
1732 2854 1787 2900 et
1830 2843 2026 2901 misisti
2076 2858 2173 2899 an-

570 2946 748 3017 gelum
775 2951 922 3001 tuum
951 2956 1071 2997 cum
1100 2939 1283 2996 nimbo
1302 2938 1478 3007 roris,
1520 2947 1576 2994 et
1600 2935 1857 2993 confusus
1884 2945 1967 2992 est
1987 2934 2171 2992 Nabu-

571 3038 916 3096 chodonosor
960 3034 1280 3106 praapositus
1317 3031 1469 3104 regni
1510 3049 1523 3086 :
1556 3031 1808 3102 quoniam
1855 3039 1912 3085 tu
1955 3043 2014 3084 es
2058 3027 2174 3085 Rex
2214 3041 2228 3054 °

564 3131 910 3204 regnantium
966 3135 1023 3184 et
1076 3126 1331 3185 Dominus
1382 3124 1807 3190 dominantium,
1856 3123 1945 3194 qui
1990 3118 2173 3179 'solus

2268 1914 2474 1981 venies,
2497 1922 2554 1970 et
2578 1914 2670 1970 hic
2696 1923 2748 1970 te
2773 1914 3083 1987 confringcs
3111 1916 3165 1971 in
3201 1916 3399 1975 virtute
3425 1926 3540 1973 tua.
3573 1918 3650 1974 Te
3672 1919 3880 1990 depre-

2267 2021 2363 2062 cor
2396 2006 2588 2063 Filium
2621 2008 2713 2063 Dei
2739 2008 2866 2076 vivi,
2899 2016 3117 2079 propter
3144 2010 3392 2067 universa
3417 2012 3700 2069 commissa
3712 2029 3835 2069 mea
3858 2056 3878 2083 ,

2269 2100 2360 2170 qui
2384 2114 2444 2154 es
2470 2099 2523 2156 in
2554 2101 2705 2157 stetis
2730 2098 2770 2153 F
2776 2100 2897 2155 ilius
2921 2100 2973 2159 in
3002 2100 3161 2159 Patre
3199 2111 3255 2157 et
3281 2100 3440 2169 Pater
3472 2102 3607 2158 inte
3644 2103 3697 2159 in
3722 2118 3883 2160 sem-

2270 2191 2569 2263 piternum,
2600 2191 2691 2264 qui
2714 2191 2874 2248 sedes
2921 2207 3087 2263 super
3131 2190 3427 2251 Clterubim
3485 2192 3881 2267 etSerapbim,

2270 2282 2455 2339 sedem
2491 2285 2711 2341 honoris
2734 2285 2831 2341 tui.

2344 2380 2461 2435 Tibi
2487 2381 2749 2436 assistunt
2777 2380 2965 2453 Angeli
2986 2423 3003 2449 ,
3035 2381 3396 2455 Archangeli,
3428 2400 3688 2443 numerus
3721 2387 3881 2445 inuu-

2273 2476 2570 2541 merabilis,
2604 2478 2855 2533 timentes
2876 2485 2931 2531 et
2957 2488 3217 2548 paventes
3249 2478 3512 2545 honorem
3537 2490 3595 2535 et
3621 2482 3876 2539 virtutem

2276 2577 2418 2624 tuam
2438 2611 2452 2635 ,
2501 2570 2797 2625 clamantes
2837 2585 2972 2627 voce
2996 2586 3186 2642 magna
3217 2582 3271 2628 et
3295 2572 3575 2633 dicentes:
3608 2574 3839 2633 Sanetus
3858 2617 3875 2644 ,

2274 2659 2537 2729 Sanctus,
2582 2660 2840 2732 Sanctus,
2880 2664 3145 2723 Dominus
3190 2664 3330 2721 Deus
3368 2667 3615 2739 sabaoth.
3644 2668 3725 2731 Tu
3760 2670 3879 2739 ipse

2272 2755 2429 2813 nobis
2482 2764 2857 2813 testamentum
2942 2758 3114 2815 fecisti
3175 2776 3187 2811 :
3236 2758 3424 2825 Potite,
3476 2772 3524 2816 et
3570 2764 3877 2833 accipietis;

2272 2846 2497 2918 pulsate,
2535 2859 2583 2903 et
2619 2850 2883 2918 aperietur
2906 2849 3067 2905 vobis.
3102 2850 3477 2925 Quodcumque
3502 2871 3537 2909 α
3564 2852 3723 2921 [tam
3758 2873 3877 2919 meo

2272 2939 2521 3009 petieritis
2569 2940 2624 2995 in
2670 2941 2874 2999 nomine
2920 2957 3066 3009 mea,
3096 2956 3197 3012 ego
3223 2959 3252 2997 a
3285 2942 3447 3001 Patre
3473 2954 3591 3015 peto
3626 2955 3688 3001 ut
3722 2946 3876 3011 acci-

2278 3030 2454 3099 piatis.
2488 3030 2600 3102 Ego
2626 3040 2784 3101 peto,
2832 3041 2891 3086 ut
2917 3032 3209 3103 accipiam;
3232 3050 3450 3105 quaero,
3488 3046 3547 3091 ut
3572 3037 3877 3105 inutilia;

2274 3137 2376 3194 ego
2406 3124 2592 3195 pulso,
2646 3134 2705 3181 ut
2743 3126 3016 3195 aperiatur
3040 3126 3207 3195 mihi;
3257 3143 3359 3199 ego
3410 3128 3462 3184 in
3515 3138 3606 3193 tuo
3658 3132 3882 3195 nomine

569 3225 739 3281 habes
774 3220 1237 3278 immortalitatem
1260 3259 1275 3283 ,
1318 3224 1373 3273 et
1420 3217 1591 3272 lucem
1623 3215 1829 3273 habitas
1882 3213 2169 3272 inaccessi-
2198 3221 2242 3285 c
2279 3226 2432 3289 peto,
2457 3227 2514 3274 ut
2544 3228 2599 3274 tu
2629 3234 2658 3273 a
2688 3218 2849 3276 Patre
2898 3230 3049 3291 petas
3071 3261 3085 3286 ,
3120 3230 3191 3277 .et
3247 3221 3404 3286 detur
3445 3222 3603 3281 mihi.
3644 3224 3885 3287 Paratus

570 3315 736 3371 bilem
757 3355 772 3381 ,
801 3326 961 3383 quam
996 3324 1153 3365 nemo
1181 3307 1461 3362 hominum
1492 3305 1665 3372 videt,
1712 3320 1813 3361 nec
1852 3305 2038 3362 videre
2070 3319 2166 3376 po-

573 3397 697 3465 test.
730 3404 940 3461 Exaudi
967 3418 1055 3459 me
1084 3413 1327 3459 orantem
1352 3440 1369 3466 ,
1415 3400 1557 3456 sicut
1585 3400 1851 3455 exaudiin
1894 3399 2168 3456 Danielem

574 3499 642 3557 de
689 3499 803 3554 lacu
844 3498 1083 3559 leonum,
1133 3502 1190 3555 et
1227 3492 1418 3548 misisti
1458 3491 1678 3548 Abacuc
1724 3490 2069 3563 prophetam,
2118 3501 2172 3547 et

572 3593 751 3651 attulit
777 3592 826 3647 ei
855 3588 1166 3662 prandium,
1199 3595 1252 3643 et
1277 3586 1443 3647 dixit:
1477 3585 1686 3643 Prande
1715 3585 1992 3656 prandium
2031 3583 2173 3656 quod

574 3687 667 3745 tibi
713 3683 861 3741 misit
894 3682 1059 3738 Deus.
1096 3680 1164 3739 Et
1192 3678 1326 3737 dixit
1352 3678 1545 3734 Daniel
1573 3695 1585 3731 :
1615 3676 1732 3733 Non
1770 3677 2038 3750 relinquet
2067 3678 2175 3735 Do-

479 3846 485 3851 ,
575 3780 754 3839 minus
776 3783 1080 3848 quaerentes
1109 3788 1190 3831 se.
1214 3759 1420 3835 Exaudi
1451 3786 1538 3837 me
1563 3778 1827 3833 orantem,
1852 3770 1990 3826 sient
2008 3786 2173 3827 exau-

575 3874 702 3931 disti
733 3872 957 3928 Tobiam
985 3878 1041 3925 et
1068 3867 1289 3926 Sarram
1311 3866 1439 3923 dum
1471 3873 1691 3922 orarent
1726 3864 1781 3920 in
1806 3864 1946 3919 atrio
1984 3863 2174 3920 domus

576 3983 688 4024 sua:
717 3985 731 4021 :
761 3975 889 4021 tunc
914 3962 1108 4017 obtulit
1135 3975 1232 4030 pro
1259 3960 1336 4014 eis
1363 3958 1604 4027 Raphael
1650 3957 1871 4029 angelus
1904 3957 2177 4013 orationes

575 4074 761 4116 eorum
787 4074 801 4111 :
834 4056 913 4112 sic
938 4061 993 4109 et
1023 4063 1077 4109 tu
1101 4052 1359 4107 exaudias
1396 4065 1583 4120 preces
1614 4065 1796 4117 meas,
1832 4059 1889 4106 et
1924 4051 2177 4109 admittas

576 4151 644 4208 ad
684 4148 860 4205 aulam
907 4152 1150 4202 sanctam
1198 4153 1341 4199 tuam
1373 4142 1646 4211 orationes
1678 4156 1856 4209 meas,
1902 4152 1955 4197 et
2006 4144 2178 4201 conti-

582 4247 778 4299 uenter
811 4236 995 4294 mittas
1016 4232 1279 4305 Angelum
1340 4242 1521 4295 tuum,
1569 4232 1663 4304 qui
1705 4231 1879 4290 deleat
1929 4236 2175 4293 universa

579 4334 774 4390 delicta
826 4342 980 4396 mea,
1033 4328 1173 4383 sicut
1220 4324 1413 4381 delesti
1466 4322 1716 4395 spiritum
1761 4326 2094 4383 immundum
2145 4344 2177 4383 a

580 4429 714 4486 Sara
762 4422 876 4479 tilia
920 4419 1162 4490 Raguel:
1196 4426 1252 4474 et
1294 4417 1574 4474 ittnmines
1625 4432 1721 4473 eor
1773 4433 1986 4485 meum,
2040 4420 2179 4476 sicut

584 4519 894 4601 illuminasti
923 4517 1110 4573 oculos
1140 4515 1343 4573 Tobiae.
1377 4514 1581 4583 Exaudi
1609 4532 1697 4575 me
1726 4526 1991 4584 orantem,
2039 4516 2181 4574 sicut

2270 3324 2390 3367 sum
2424 3325 2645 3382 propter
2684 3326 2881 3369 nomen
2929 3325 3073 3371 tuum
3120 3314 3390 3381 victimam
3433 3316 3715 3386 sangu'mis
3757 3317 3891 3377 fun-

2270 3400 2435 3470 dere,
2477 3412 2529 3458 et
2565 3402 2938 3474 quodcumque
2973 3413 3296 3469 tormentum
3318 3405 3603 3467 sustinere.
3653 3406 3737 3467 Tu
3778 3423 3890 3473 es,

2276 3494 2533 3564 Domine,
2573 3494 2789 3553 auditor
2819 3511 2970 3561 meus
3009 3496 3336 3554 etdefeosor
3363 3514 3379 3553 :
3402 3496 3639 3577 defende
3677 3513 3768 3563 me
3805 3499 3895 3556 ab

2272 3588 2579 3645 adversario
2594 3604 2736 3646 meo.
2762 3591 2998 3662 Angelus
3022 3601 3150 3659 tuus
3172 3591 3305 3648 lueis
3336 3600 3578 3662 protegat
3596 3606 3718 3661 me,
3745 3608 3894 3663 Quo-

2276 3679 2422 3736 niam
2472 3688 2527 3737 tu
2554 3682 2735 3738 dixisti
2772 3682 2971 3751 :ﬂuad
3014 3684 3277 3747 credentes
3318 3684 3572 3756 patientis
3626 3701 3722 3756 per
3758 3701 3889 3741 ora-

2278 3776 2486 3841 tionem,
2520 3776 2726 3835 dabitur
2744 3776 2908 3843 anubis.

2350 3868 2538 3929 Omnis
2564 3871 2726 3927 homo
2740 3870 3010 3941 mendas,
3038 3882 3184 3939 sues
3212 3889 3397 3939 verax.
3429 3873 3584 3945 Sicut
3602 3880 3667 3939 tu
3692 3887 3895 3943 repro—

2268 3961 2504 4033 omisisti,
2535 3972 2856 4034 potestatem
2885 3963 3083 4033 habes,
3115 3965 3376 4035 Domine,
3413 3965 3895 4031 daremibiomue

2279 4065 2680 4119 sacramentum
2729 4066 2876 4113 tuum
2908 4058 3170 4124 cmleste,
3220 4068 3279 4114 ut
3316 4060 3508 4131 dignus
3548 4060 3650 4115 sim
3689 4058 3902 4115 faciem

2282 4157 2590 4205 sanctorum
2623 4157 2833 4205 tuorum
2861 4150 3066 4207 videre.
3115 4151 3349 4223 Spiritus
3380 4152 3433 4210 in
3464 4168 3555 4221 me
3597 4164 3899 4225 operetur,

2281 4241 2528 4297 voluntas
2559 4250 2645 4296 tua
2674 4241 2728 4313 in
2762 4257 2851 4299 me
2884 4242 2977 4311 fiat
3002 4262 3015 4297 :
3040 4245 3295 4315 quoniam
3322 4243 3424 4313 tibi
3466 4243 3731 4317 spopondi
3768 4260 3908 4305 om-

2283 4333 2437 4388 nibus
2465 4332 2655 4389 diebus
2682 4335 2808 4389 vita:
2856 4351 3030 4403 meae,
3081 4336 3172 4406 qui
3217 4352 3407 4408 passus
3454 4352 3513 4393 es
3561 4338 3661 4394 sub
3690 4337 3906 4394 Pontio

2272 4423 2451 4479 Pilato
2491 4424 2684 4481 bonam
2715 4425 3149 4507 confessionem,
3197 4430 3289 4502 qui
3333 4429 3623 4499 crucifixus
3646 4429 3908 4487 descen-

2283 4514 2447 4588 disti,
2495 4526 2551 4575 et
2593 4520 2920 4577 conculcasti
2964 4522 3216 4587 aculeum
3266 4523 3475 4595 mortis.
3530 4523 3756 4585 Devicta
3818 4537 3917 4599 est

588 4612 853 4672 cxaudisti
885 4611 1185 4667 Susannam
1226 4608 1366 4665 inter
1395 4622 1584 4663 manus
1630 4609 1934 4675 seniorum,
1978 4609 2057 4664 sic
2092 4624 2179 4665 me
2198 4621 2256 4681 .1)
2282 4626 2449 4675 mors,
2480 4610 2721 4675 deuictus
2740 4623 2822 4669 est
2853 4614 3098 4669 inimicus
3120 4615 3383 4670 diabolus.
3427 4615 3505 4671 Tn
3536 4608 3964 4675 resurrexistii

583 4708 782 4764 liberes
840 4703 909 4759 ab
959 4701 1059 4756 hoc
1102 4703 1321 4776 saeculo,
1367 4700 1489 4777 quia
1547 4709 1603 4755 tu
1662 4716 1721 4756 es
1771 4708 1980 4756 amator
2014 4716 2183 4783 _purze

583 4797 950 4857 co°scienti:e.
995 4792 1199 4848 Exaudi
1251 4808 1338 4848 me
1382 4800 1665 4860 orantem,
1721 4793 1860 4848 sicut
1915 4778 2181 4849 exaudisti

587 4893 875 4951 Ezechiam
905 4906 1086 4962 regem
1116 4886 1267 4945 Judae
1286 4894 1351 4941 et
1368 4885 1559 4942 delesti
1580 4886 1652 4955 ab
1672 4900 1740 4941 eo
1768 4885 2133 4959 infirmitatem
2164 4907 2179 4944 :

588 4987 667 5043 sic
688 4995 744 5042 et
778 5001 809 5040 a
844 5001 931 5041 me
963 4982 1180 5039 auferas
1222 4976 1583 5035 infirmitatem
1615 4978 1826 5047 carnis,
1883 4988 1937 5035 et
1983 4994 2184 5052 augeas

590 5077 719 5133 mihi
744 5076 812 5133 ad
839 5076 1031 5141 fidem,
1070 5073 1208 5127 sicut
1239 5071 1312 5125 illi
1346 5070 1539 5139 auxisti
1563 5085 1732 5125 annos
1771 5072 2072 5147 quindecim
2113 5074 2179 5128 ad

584 5166 1007 5239 vitam._Libera
1036 5179 1122 5219 me
1147 5161 1216 5218 de
1253 5159 1432 5215 medio
1454 5160 1638 5215 saeculi
1666 5160 1828 5232 huius
1875 5163 2014 5218 sicut
2048 5164 2183 5220 libe-

582 5261 712 5317 rasti
737 5258 995 5316 Theclam
1023 5256 1090 5312 de
1113 5253 1290 5309 medio
1319 5250 1746 5329 amphitheatro,
1787 5252 1956 5311 libera
1983 5270 2071 5312 me
2111 5256 2178 5313 ab

581 5353 728 5411 omni
744 5350 1064 5409 Mrmitate
1078 5346 1270 5405 carnis
1280 5358 1447 5401 mea.

2285 4718 2314 4757 a
2356 4706 2609 4772 mortuis,
2667 4717 2721 4760 et
2769 4707 3065 4777 apparuisti
3113 4707 3388 4780 Apostolis
3433 4709 3779 4767 tuis:sedes
3843 4713 3917 4768 ad

2285 4796 2559 4853 dexteram
2591 4800 2763 4854 Patris
2786 4843 2801 4867 ,
2845 4801 2934 4871 qui
2972 4786 3227 4857 venturus
3271 4818 3331 4857 es
3355 4801 3598 4873 judicare
3638 4805 3818 4863 vivos
3865 4814 3929 4864 et

2283 4898 2546 4957 mortuos.
2576 4890 2657 4946 Tu
2682 4891 3047 4953 dominaberis
3068 4936 3081 4960 ,
3111 4893 3282 4963 libera
3313 4910 3396 4950 me
3425 4894 3495 4951 de
3534 4911 3693 4950 manu
3750 4915 3927 4971 qua:-

2284 4983 2453 5037 rentis
2495 4984 2727 5039 animam
2761 5001 2955 5040 meam.
2986 4986 3095 5040 Per
3135 5001 3331 5042 nomen
3375 4996 3526 5042 tuum
3573 4988 3766 5047 libera
3830 5010 3928 5051 me

2283 5074 2351 5128 ab
2380 5074 2682 5132 adversaria
2711 5085 3010 5149 potesmte,
3038 5088 3098 5134 ut
3141 5094 3299 5149 onem
3340 5079 3439 5135 des
3483 5081 3754 5140 vincendi
3814 5088 3930 5143 ini-

2282 5168 2481 5221 micnm
2515 5184 2692 5225 meum
2720 5185 2734 5224 :
2764 5173 3017 5241 quoniam
3075 5180 3132 5226 tu
3183 5187 3242 5227 es
3306 5182 3500 5243 potens
3542 5186 3819 5235 assertor
3871 5192 3935 5238 et

2280 5258 2571 5316 advocatus
2605 5277 2822 5333 precum
2854 5272 2909 5319 et
2959 5264 3271 5334 petitionum
3329 5275 3637 5324 nostrarum
3664 5274 3927 5331 anima-

2282 5367 2424 5407 rum.
2466 5353 2560 5409 Die
2588 5368 2652 5410 ac
2702 5364 2863 5413 mete
2900 5356 3223 5428 .intqupellas
3274 5372 3373 5429 pro
3400 5360 3657 5429 peccatis
3696 5368 3893 5425 meis
3917 5411 3939 5440 ,

1904 5485 2264 5547 VARIORUM
2301 5482 2533 5551 NOTAE;

655 5610 753 5678 Qui
792 5608 944 5665 habes
989 5598 1581 5678 potestatemdoccidere.
1642 5602 1887 5674 Adjicio,
1935 5608 2177 5678 accidere

581 5676 703 5737 cum
727 5680 967 5737 Morellio
986 5676 1055 5736 ex
1076 5694 1177 5734 ms.
1206 5676 1403 5747 Adjicit
1422 5687 1601 5732 autem
1627 5686 1886 5746 praeterea
1912 5677 2168 5737 Gravius:

581 5754 670 5823 qui
702 5752 863 5823 habes
918 5760 1225 5823 potestatem
1286 5749 1631 5823 aiter-tilica“,
1658 5758 1705 5804 et
1738 5765 1955 5823 rursum
2000 5752 2172 5823 vivi/i-

577 5814 730 5891 ἔατε,
780 5820 873 5879 sed
901 5814 1006 5877 n'on
1048 5822 1223 5891 placet
1269 5838 1282 5874 :
1325 5814 1521 5892 alioqui
1549 5814 1688 5878 enim
1733 5819 1815 5875 his
1854 5821 1903 5878 id
1948 5814 2160 5894 repete-

2278 5622 2445 5675 retur.
2469 5615 2545 5671 Ex
2572 5616 2689 5687 ipso
2718 5626 2894 5677 tamen
2916 5621 3097 5680 addidi
3122 5621 3274 5692 illud,
3309 5624 3450 5681 etde
3476 5625 3630 5680 uiridi
3651 5632 3943 5693 aridum.

2346 5760 2477 5841 Ante
2524 5759 2966 5841 Dominum.ij
2988 5781 3204 5825 rursum
3216 5696 3951 5841 ,ωιῦτιαίἕλῗιῗιῖδᾶωυε

2271 5840 2402 5888 veto
2439 5846 2691 5893 cum-ms.
2724 5836 2884 5908 paulo
2906 5846 3053 5911 post,
3070 5839 3396 5907 vocabulum
3422 5851 3490 5911 et,
3522 5836 3947 5914 superﬂuum;
