4202 6272
286 164 384 222 909

1193 157 1612 222 TRACTATUS
1652 164 1742 221 DE
1782 163 2124 222 MONTIBUS
2165 165 2315 223 SINA
2359 163 2447 222 ET
2486 163 2656 222 SION.

3488 168 3594 226 9l0

273 284 572 348 orationem
602 295 775 338 meam
799 281 1041 352 perferas
1087 281 1152 340 ad
1182 282 1394 338 Patrem
1451 291 1619 337 tuum.
1675 282 1744 336 Et
1795 291 1871 349 tu,
1904 286 1954 345 A
1985 292 2252 340 tormento
2281 281 2420 353 qnod
2449 281 2648 356 parasti
2691 279 2889 350 iniquis
2919 297 2931 333 :
2968 293 3064 350 per
3102 279 3302 337 bonum
3331 289 3386 338 et
3412 282 3586 343 bene-

286 376 505 431 Domine
522 384 705 431 sancte
737 387 908 446 pater,
940 376 1176 446 digneris
1205 377 1478 448 respicere
1500 390 1662 447 super
1693 390 1880 446 preces

286 485 446 534 meas,
478 469 618 524 sicut
647 455 927 539 t'eSpexisti
964 463 1129 537 Super
1157 486 1374 526 munera
1423 470 1577 528 Abel.
1637 471 1881 540 Digni-ris

217 578 220 580 ·
286 579 365 616 tne
397 562 625 617 liberare
652 563 719 617 ab
751 567 870 633 igne
907 571 958 616 et
1017 578 1173 631 pmna
1223 564 1470 634 perenni,
1528 571 1582 617 et
1625 563 1691 617 ab
1736 562 1881 622 omni

516 883 786 1026 DE
880 874 1912 1030 MONTIBUS

1984 375 2184 431 dictum
2238 375 2417 429 lcsum
2459 371 2732 430 Christum
2775 371 3112 428 Salvatorem
3164 383 3441 439 nostrum,
3492 392 3590 446 per

1986 482 2144 538 quem
2175 465 2264 519 tibi
2295 466 2412 520 laus
2433 505 2448 532 ,
2478 463 2672 529 honor,
2718 463 2914 530 virtus,
2945 463 3139 534 gloria,
3167 465 3223 536 in
3255 466 3453 524 saecula
3481 481 3586 523 sa:-

1988 561 2227 616 culorum
2254 601 2268 624 ,
2318 557 2512 613 Amen.

1997 877 2455 1023 SINA
2546 867 2792 1021 ET
2893 879 3369 1030 ΒΙοΝ

889 1119 937 1180 Τ
945 1115 1362 1206 RACTATUS
1405 1113 1686 1177 IGNOTI
1730 1113 2149 1190 AUCTOBlS,
2190 1115 2604 1184 ADVERSUS
2647 1116 2992 1190 JUDIEOS.

1643 1301 2206 1334 ﬁ.

365 1477 405 1532 ι.
440 1475 711 1532 Ριιοωτιο
740 1466 1096 1542 capitulorum
1128 1488 1244 1542 quae
1288 1473 1338 1527 in
1366 1472 1660 1544 Scripturis
1691 1473 1897 1530 tleilicis
1927 1476 1976 1536 B
2005 1471 2170 1543 gratia
2204 1480 2253 1527 et
2287 1470 2512 1528 honore.
2541 1471 2966 1538 Praeterea,cum
2993 1474 3135 1531 dicat
3156 1474 3323 1534 David
3337 1481 3607 1550 propheta

294 1568 677 1630 continentur,
729 1579 847 1634 quae
888 1564 939 1618 in
981 1561 1161 1618 Veteri
1204 1563 1549 1620 Testamento
1608 1566 1896 1636 liguraliter

296 1665 492 1734 scripta
515 1673 658 1726 sunt,
685 1677 784 1736 per
807 1660 1011 1716 Novum
1042 1660 1441 1716 Testamentum
1470 1661 1779 1730 spiritaliter
1816 1662 1896 1715 in—

298 1755 582 1827 telligenda
612 1763 756 1817 sunt,
790 1769 908 1824 qtae
937 1769 1035 1824 per
1064 1751 1338 1807 Christum
1370 1753 1420 1806 in
1471 1753 1697 1808 veritate
1727 1753 1896 1807 adim—

300 1849 437 1918 pleta
462 1857 606 1902 sunt.
640 1845 806 1900 Nobis
836 1846 978 1900 enim
1009 1860 1103 1914 per
1132 1844 1315 1899 Jesutn
1335 1844 1608 1900 Christum
1642 1846 1895 1914 spiritalis

295 1943 599 1998 intellectus
626 1941 783 1994 datus
808 1950 910 2007 est,
937 1940 1056 2006 ipso
1085 1938 1210 1994 Jesu
1241 1941 1451 1994 dicente
1478 1960 1490 1993 :
1524 1938 1672 1993 Vobis
1696 1939 1897 2008 quidem

297 2035 474 2088 datum
499 2043 572 2087 est
603 2033 882 2103 intelligere
907 2044 1226 2086 sacramenta
1250 2030 1349 2086 Dei
1374 2074 1387 2094 ,
1419 2031 1536 2085 aliis
1553 2041 1716 2084 autem
1750 2033 1802 2084 in
1823 2032 1895 2085 si-

301 2125 693 2180 militudinibus.
732 2124 1039 2178 Invenimus
1063 2123 1113 2177 in
1163 2124 1449 2194 Evangelio
1489 2129 1613 2180 κατᾶ
1639 2123 1896 2179 Joannem

303 2221 558 2288 scriptum
585 2239 595 2272 :
623 2217 730 2274 Lex
760 2235 850 2286 per
873 2217 1084 2288 Moysen
1101 2217 1220 2270 data
1242 2228 1332 2281 est,
1349 2219 1512 2288 gratia
1534 2228 1580 2271 et
1603 2218 1785 2271 veritas
1811 2233 1901 2286 per

303 2313 480 2369 Jesnm
510 2313 766 2366 Christum
793 2316 928 2382 facta
967 2323 1058 2366 est.
1107 2311 1235 2380 ρων
1268 2313 1350 2366 lex
1400 2311 1570 2383 Moysi
1610 2311 1659 2364 itt
1716 2321 1899 2366 monte

306 2409 433 2464 Sina
461 2409 584 2462 data
616 2417 738 2462 est;
769 2406 964 2460 Verum
1019 2405 1211 2459 iterum
1246 2405 1546 2460 invenimus
1595 2406 1854 2473 scriptum
1883 2421 1895 2457 :

308 2499 386 2554 De
410 2501 537 2557 Sion
554 2501 686 2553 enim
705 2500 831 2553 exiet
859 2500 960 2563 lex,
987 2507 1031 2551 et
1054 2498 1256 2551 verbum
1289 2496 1496 2550 Domini
1547 2499 1608 2549 ab
1653 2495 1901 2550 Hierusa-

309 2595 427 2649 lem.
460 2594 730 2662 Quatenus
753 2592 857 2648 hoc
888 2591 1184 2662 intelligere
1211 2591 1471 2644 debemus
1499 2592 1522 2641 Ἰ
1551 2601 1726 2644 utrum
1775 2591 1900 2644 Sina

308 2704 463 2743 mons
514 2687 600 2742 ubi
625 2701 653 2739 a
690 2688 796 2740 Deo
827 2685 994 2756 Moysi
1045 2685 1127 2738 lex
1160 2684 1281 2739 data
1333 2695 1436 2751 est,
1496 2694 1550 2739 ct
1581 2683 1709 2740 Sion
1750 2700 1903 2740 litoris

309 2781 448 2835 unde
477 2780 556 2834 lex
586 2779 768 2838 exivit.
802 2794 963 2833 unum
1013 2778 1157 2843 sint;
1188 2793 1254 2831 an
1296 2793 1427 2831 vero
1475 2777 1612 2831 alter
1662 2779 1731 2831 sit
1776 2778 1904 2832 Sina

2005 1566 2056 1619 in
2090 1565 2302 1619 Psalmo
2334 1581 2393 1628 ιι,
2423 1563 2536 1636 Ego
2558 1575 2726 1618 autem
2750 1569 3054 1622 constitutus
3079 1586 3191 1624 sum
3218 1587 3308 1624 rex
3346 1571 3407 1624 ab
3435 1589 3493 1626 eo
3517 1589 3608 1631 au-

2003 1675 2091 1728 per
2121 1656 2250 1712 Sion
2272 1667 2491 1710 montem
2527 1647 2898 1740 sanctum-ejus
2921 1701 2934 1724 ,
2982 1663 3294 1718 annuntians
3338 1665 3610 1733 imperium

2004 1752 2148 1821 ejus;
2179 1765 2309 1805 ecce
2334 1759 2595 1819 quatenus
2621 1761 2857 1807 montem
2892 1752 3022 1808 Sion
3066 1765 3305 1813 sanctum
3343 1758 3606 1829 designat.

2001 1843 2158 1898 Unde
2192 1844 2534 1898 manifestum
2569 1857 2651 1900 est
2678 1858 2914 1904 montem
2945 1849 3073 1904 Sion
3093 1852 3370 1907 cmlestem
3401 1869 3521 1910 esse
3549 1864 3607 1910 et

2001 1936 2317 2005 Spit-italem,
2345 1947 2396 1991 et
2424 1951 2660 1993 montem
2689 1940 2813 1995 Sina
2842 1956 2963 1998 esse
2981 1953 3274 2002 terrenum.
3299 1930 3441 2002 Nihil
3461 1949 3606 2004 enim

2004 2039 2181 2100 potest
2219 2033 2436 2102 quodin
2480 2042 2621 2090 terra
2648 2043 2750 2096 est.
2796 2051 2917 2094 esse
2971 2047 3240 2100 sanctum,
3304 2055 3426 2096 cum
3463 2051 3608 2096 tottts

2005 2123 2237 2177 mundos
2265 2123 2401 2178 ntala
2435 2123 2572 2178 facta
2609 2125 2824 2190 habeat,
2857 2137 2962 2182 eta
2993 2129 3209 2189 diabolo
3249 2132 3320 2188 sit
3371 2134 3607 2187 macula-

2006 2224 2108 2282 tus,
2129 2217 2340 2272 dicente
2371 2218 2494 2272 JeSti
2524 2234 2536 2270 :
2573 2219 2693 2271 Odit
2720 2237 2799 2274 me
2827 2222 3096 2287 amentum,
3128 2231 3174 2281 et
3201 2240 3292 2294 ego
3323 2224 3408 2278 odi
3436 2227 3567 2279 illud
3595 2244 3609 2278 :

2005 2310 2126 2380 quia
2190 2310 2325 2366 laeta
2377 2311 2517 2368 illius
2572 2319 2697 2366 sunt
2740 2321 2764 2348 ιι
2817 2305 2981 2374 mala.
3038 2314 3119 2367 Ex
3173 2331 3273 2386 qua
3325 2331 3385 2370 re
3451 2317 3610 2386 quid-

2005 2404 2130 2474 quid
2163 2414 2243 2460 est
2293 2407 2346 2460 in
2398 2407 2500 2462 hoc
2528 2408 2728 2463 saiculo
2766 2417 3016 2476 terreno,
3057 2420 3301 2484 sanetum
3333 2427 3455 2468 esse
3498 2428 3605 2468 non

2009 2505 2205 2564 potest.

2083 2586 2168 2640 Ill.
2201 2588 2328 2642 Sion
2351 2599 2529 2645 autem
2563 2590 2588 2627 ι’
2624 2602 2859 2649 montem
2881 2611 2948 2650 ex
2979 2594 3294 2670 preplrelico
3323 2596 3471 2652 dicto
3493 2611 3617 2652 eon-

2009 2689 2114 2734 stat
2145 2696 2266 2734 esse
2297 2691 2538 2737 sanctum
2572 2697 2626 2739 et
2658 2686 2976 2754 spiritalem;
3016 2690 3068 2743 itt
3102 2705 3206 2759 quo
3257 2700 3443 2746 monte
3491 2691 3615 2761 Spi-

2010 2773 2143 2826 ritus
2163 2783 2379 2829 sanctus
2407 2786 2428 2813 c
2447 2777 2585 2829 lilius
2608 2778 2700 2832 Dei
2732 2795 2821 2838 rex
2845 2782 3167 2836 constitutus
3181 2791 3280 2846 est,
3299 2783 3623 2837 annuntians

308 2889 482 2939 mons,
513 2883 567 2928 et
614 2873 754 2927 alter
774 2873 843 2926 sit
872 2869 1000 2927 Sion
1047 2885 1220 2924 ttions.
1253 2870 1567 2938 Invenimus
1615 2872 1757 2926 enim
1787 2871 1904 2926 lnee
1930 2881 1975 2943 ρ
2010 2867 2339 2928 voluntatem
2364 2878 2415 2923 el
2435 2869 2717 2937 imperium
2742 2871 2832 2934 Dei
2852 2869 2878 2906 ἀ
2900 2873 3063 2941 patris
3084 2873 3166 2940 sui
3195 2889 3208 2925 :
3241 2883 3294 2928 et
3317 2875 3444 2928 Sina
3463 2890 3618 2929 mort—

309 2968 525 3022 nomina
554 2965 781 3020 duorum
812 2966 1071 3018 montium
1099 2978 1218 3018 esse
1259 2961 1512 3017 hebraica
1554 2981 1566 3017 :
1601 2980 1780 3018 verum
1835 2965 1907 3017 la—

312 3061 420 3114 tina
454 3057 824 3128 interpretatio
851 3057 1126 3110 nominum
1157 3053 1518 3109 differentium
1551 3056 1618 3109 ab
1651 3056 1902 3120 invicem,

311 3153 543 3210 ostendit
568 3151 709 3208 aliud
755 3165 875 3208 esse
920 3152 1046 3206 Sina
1092 3159 1353 3215 montem,
1398 3159 1451 3205 et
1491 3150 1634 3204 aliud
1668 3160 1904 3206 mentem

312 3246 463 3302 Sion.
1551 3303 1556 3308 _
1721 3311 1726 3317 ν

331 3370 335 3375 -
383 3341 445 3394 ll.
474 3338 598 3394 Ha-c
624 3349 706 3394 est
734 3339 1102 3408 interpretatio
1133 3337 1200 3402 de
1233 3337 1480 3404 hebraiea
1523 3337 1699 3406 lingua
1731 3337 1780 3394 in
1830 3337 1906 3391 la-

313 3434 499 3488 tinam.
528 3431 653 3487 Sina
709 3445 865 3485 mons
917 3431 1300 3500 interpretatur
1355 3430 1576 3484 tentatio
1614 3438 1815 3483 aeterna
1859 3437 1915 3483 et

315 3527 536 3591 odium;
591 3540 741 3594 atque
769 3536 820 3587 et
845 3524 973 3580 Sion
997 3523 1380 3595 interpretatur
1437 3510 1660 3579 tentatio
1689 3540 1911 3579 exacer-

315 3616 546 3674 bitionis
571 3627 621 3672 et
639 3616 950 3686 speculatio.
983 3614 1141 3670 Vides
1170 3631 1298 3686 ergo
1346 3616 1397 3670 in
1445 3615 1689 3679 lieliraica
1741 3617 1912 3672 inter-

318 3709 618 3781 pretatione
651 3723 756 3763 non
794 3707 896 3762 sibi
926 3707 1188 3773 similarc,
1227 3707 1322 3762 sed
1372 3723 1547 3776 neque
1577 3722 1697 3762 esse
1749 3723 1912 3760 unum

318 3800 696 3868 tnontem,sed
744 3801 924 3871 potius
944 3799 1082 3855 duos
1130 3799 1358 3854 invicem
1415 3814 1443 3852 a
1498 3814 1556 3853 se
1606 3799 1916 3854 diderentes

2014 2969 2121 3014 tem
2153 2970 2427 3016 terrenum
2469 2977 2589 3018 esse
2637 2963 2687 3016 in
2741 2964 2888 3022 arida
2922 2973 3062 3018 terra
3101 2967 3450 3021 constitutum
3480 3007 3495 3032 ,
3527 2966 3619 3035 qui

2012 3057 2167 3109 estin
2193 3056 2347 3127 Syria
2400 3056 2710 3126 Palmstina,
2756 3059 2843 3112 ubi
2873 3068 2957 3112 est
2980 3067 3126 3113 terra
3153 3057 3361 3122 Juda-a,
3415 3058 3501 3114 tibi
3537 3069 3624 3115 eSt

2012 3155 2066 3202 et
2094 3148 2282 3202 civitas
2314 3159 2335 3184 θ
2356 3148 2442 3203 illa
2478 3148 2810 3206 interfectrix
2835 3150 3228 3220 Prophetarum
3261 3170 3275 3207 :
3315 3161 3442 3206 ante
3467 3151 3622 3221 cujus

2013 3247 2222 3308 portam
2275 3239 2523 3296 Christus
2551 3256 2579 3293 a
2625 3240 2823 3296 Juda-is
2877 3242 3165 3297 cruciﬁxus
3191 3251 3272 3298 est
3323 3243 3376 3298 in
3419 3244 3622 3298 horto:

2010 3345 2128 3400 quae
2154 3333 2338 3386 civitas
2361 3330 2898 3396 dieitur-Hierusalem
2925 3350 3020 3404 per
3041 3335 3252 3389 Esaiam
3278 3335 3617 3406 prophetam,

2015 3425 2330 3493 spiritaliter
2352 3439 2487 3480 vero
2513 3436 2761 3481 execrata
2789 3436 2843 3480 et
2867 3426 3142 3482 derelicta.
3185 3427 3294 3482 Nec
3332 3427 3623 3495 immerito,

2014 3519 2138 3589 quia
2166 3528 2218 3573 et
2250 3520 2387 3574 Deus
2417 3536 2484 3574 ex
2515 3521 2704 3578 eodem
2735 3531 2920 3577 monte
2944 3523 3070 3576 Sina
3101 3533 3338 3584 terreno,
3361 3539 3455 3592 per
3481 3522 3622 3593 Moy-
3673 3593 3676 3602 ι

2017 3626 2111 3667 seu
2132 3613 2306 3668 adhuc
2334 3615 2384 3668 itt
2413 3628 2574 3670 carne
2607 3625 2816 3676 terrena
2874 3616 3033 3686 primi
3079 3616 3314 3686 hominis
3343 3617 3572 3685 positum
3604 3655 3619 3680 ,

2019 3709 2216 3776 populo
2241 3708 2548 3762 Judmorum
2581 3718 2794 3761 terreno
2821 3716 2875 3761 et
2900 3707 3104 3761 carnali
3139 3708 3309 3776 legem
3338 3723 3367 3760 a
3400 3708 3507 3761 Deo
3524 3722 3618 3760 ac-

2018 3801 2162 3869 cepit
2193 3799 2294 3853 illis
2325 3799 2657 3864 tradendam,
2691 3799 2871 3869 digitis
2902 3800 3070 3854 sacris
3091 3800 3344 3870 scriptam
3386 3799 3436 3854 iit
3485 3797 3621 3853 dua-

1547 3891 1932 3964 ,LECTIONES
1963 3890 2373 3952 VARIANTES.

384 3993 409 4019 ί¹
442 3991 565 4042 Sunt
588 3988 711 4040 facta
730 3988 860 4039 illius
882 3988 1021 4049 ans.
1050 3984 1326 4049 Mictyict.

380 4051 408 4090 ι)
432 4053 516 4103 Sic
542 4051 677 4104 Foss.
705 4051 822 4103 Mic.
855 4046 983 4102 Vict.
1010 4047 1141 4112 Imp.
1168 4047 1275 4112 Non
1301 4057 1396 4106 tant
1425 4061 1505 4098 ex.

388 4121 409 4148 °
439 4117 622 4180 Spiritu
645 4120 814 4164 sancto
837 4114 976 4164 Foss.
999 4107 1118 4162 Mic'.
1153 4107 1278 4162 Vict.

2087 3983 2112 4054 tl
2136 3983 2221 4054 Sic
2243 3986 2383 4054 ξοδδ.
2411 3981 2529 4054 ῥέζε.
2556 3983 2671 4054 fio.
2695 3985 2829 4054 I_mp.
2858 3983 2950 4054 Dei
2963 3993 3023 4054 _et
3039 3985 3218 4054 Patris.

2092 4053 2113 4076 ἐ
2139 4047 2224 4098 Sic
2243 4048 2380 4100 Foss.
2404 4046 2521 4099 Mic.
2556 4046 2684 4100 Vict.
2711 4046 2848 4112 Imp.
2880 4047 2975 4098 Ubi
2995 4056 3074 4099 est
3092 4049 3280 4112 civitas.

1648 4215 2009 4272 VARIORUM
2050 4216 2278 4274 NOTIE.

394 4313 438 4368 l.
467 4344 534 4353 —
565 4310 1204 4384 Probatiocapitulorum.
1231 4309 1471 4384 Mutilum
1494 4319 1571 4384 est
1605 4319 1763 4384 atque
1788 4310 1922 4364 adeo
1947 4312 2000 4371 D
2027 4311 2079 4364 in
2109 4313 2455 4384 grammatica
2499 4327 2603 4367 non
2650 4315 2826 4370 minus
2873 4329 3034 4384 quam
3089 4315 3140 4368 in
3175 4313 3439 4383 theologia
3493 4312 3624 4370 hos-

322 4388 610 4442 ohscurum
626 4381 782 4450 hujus
805 4382 925 4437 libri
955 4382 1364 4450 frontispicittm,
1388 4380 1527 4450 quod
1548 4388 1722 4435 tamett
1742 4382 1923 4450 legunt

323 4472 514 4512 omnes
538 4457 722 4511 excusi
753 4463 806 4509 et
824 4469 952 4508 mss.
977 4453 1131 4507 codd.
1173 4461 1364 4522 pr:eter
1392 4451 1702 4522 Camln'on.,
1728 4453 1815 4518 qui
1845 4453 1922 4505 sic

327 4529 517 4584 habet:
546 4526 700 4594 Quod
724 4525 950 4595 probatio
977 4521 1335 4594 capitulbrum,
1370 4533 1472 4578 etc.
1508 4521 1690 4594 Neque
1720 4525 1809 4578 ille
1839 4539 1926 4578 sa—

327 4601 542 4656 tisfacit.
619 4598 824 4652 ΡΑιιιιι.

401 4671 525 4737 Ipso
547 4668 692 4722 .leau.
723 4669 1012 4722 (Tatitliron.
1047 4667 1272 4720 Clu-isto.
1369 4664 1597 4737 Panem
1785 4731 1792 4737 Δ

402 4735 694 4797 Secundum
724 4738 1140 4804 Joanneni.,l-loc
1189 4753 1252 4791 ex
1286 4737 1404 4790 cod.
1449 4736 1744 4790 Cambron.
1781 4735 1924 4791 Mar-

327 4813 473 4869 chin.
510 4813 786 4865 |)unen.et
819 4810 1049 4879 Alll'igin.
1084 4809 1148 4861 ad
1174 4809 1491 4877 marginem,
1517 4823 1637 4862 cum
1663 4807 1926 4874 Morellio,

330 4900 427 4956 pro
451 4900 513 4958 eo
537 4880 676 4952 quod
702 4882 932 4958 Allligin_.
960 4883 1010 4934 in
1030 4882 1144 4958 ipso
1162 4890 1411 4935 contextu
1428 4889 1481 4933 et
1502 4889 1602 4933 vet.
1626 4880 1928 4950 exc.juxta;

329 4951 512 5012 caeteri
539 4951 686 5018 vero,
730 4951 1060 5008 secundum.’
1108 4951 1314 5008 PAMEL.

405 5027 481 5080 De
510 5026 638 5080 Sion
664 5025 794 5079 enim
820 5025 945 5086 eatiet
979 5023 1082 5084 lex,
1119 5023 1288 5077 Etiam
1319 5026 1417 5076 hoc
1445 5037 1564 5076 cum
1597 5022 1838 5078 Morellio
1867 5039 1932 5076 ex

333 5099 502 5155 tribus
523 5095 678 5150 codd.
713 5110 842 5150 mss.
870 5111 966 5165 pro
989 5095 1160 5148 exibit.
1185 5094 1390 5149 PAMEL.

409 5169 669 5235 Quatenus
695 5169 788 5220 hoc
808 5166 1091 5236 intelligere
1113 5166 1369 5220 debemus.
1423 5165 1730 5236 Adjecimtts
1773 5168 1937 5232 inter-

331 5240 553 5311 rogandi
582 5251 758 5293 notam
784 5254 904 5311 eum
935 5246 1039 5292 vet.
1071 5253 1188 5292 exc.
1219 5237 1414 5311 Gravio
1451 5249 1502 5311 et
1551 5237 1785 5311 Caueliio
1810 5282 1822 5304 ,
1866 5245 1920 5291 et

332 5309 454 5367 cum
486 5311 613 5365 nulli
641 5325 758 5365 eam
795 5309 1048 5378 legerent,
1084 5311 1200 5364 loco
1236 5309 1602 5365 submovimns
1651 5309 1734 5362 ubi
1780 5317 1918 5378 erat,

333 5387 413 5439 An
443 5398 620 5436 unum.
718 5381 923 5435 PAMEL.
1461 5384 1466 5386 “

420 5454 605 5509 Verum
633 5454 792 5506 latina
816 5452 1178 5522 interpretatio.
1229 5451 1530 5519 Manutius,
1578 5453 1738 5520 latina
1788 5469 1922 5508 vero.

336 5528 405 5583 At
433 5525 561 5580 illud
591 5525 880 5594 genuinum
913 5534 1014 5577 est.
1046 5523 1254 5578 Pausn.

333 5664 339 5669 Ι
411 5593 684 5669 ll.—-Sina
714 5612 855 5648 mons
885 5595 1262 5669 interpretatur.
1287 5593 1579 5668 Tamquam
1600 5598 1762 5652 verbo
1787 5612 1936 5669 pror—

327 5665 433 5730 sus
447 5667 658 5739 passivo
679 5675 866 5732 auctor
879 5675 1062 5724 noster
1084 5680 1213 5722 voce
1226 5665 1526 5736 interpretor
1543 5670 1738 5739 passim
1754 5665 1938 5734 utitur;

2027 4397 2141 4453 pes.
2176 4382 2379 4438 ΡΛΜΕΙ...

2098 4453 2163 4508 In
2189 4453 2396 4527 Ρλεαιιηο
2422 4471 2474 4508 ιι.
2509 4455 2736 4510 Prorsus
2786 4457 2863 4510 sic
2893 4457 3046 4527 lego,
3108 4471 3210 4510 non
3259 4457 3444 4527 primo,
3501 4471 3624 4511 cum

2028 4525 2186 4598 etiam
2220 4525 2517 4597 Cyprianus
2545 4542 2705 4598 supra
2739 4527 2827 4592 lib.
2878 4525 3085 4582 Testim.
3115 4543 3203 4590 ιιι,
3237 4525 3354 4598 cap.
3398 4527 3486 4583 ‘29.
3547 4544 3627 4583 se-

2028 4596 2251 4649 cundum
2271 4596 2551 4670 nuncan
2577 4597 2716 4653 hunc
2749 4599 3031 4670 psalmum,
3060 4598 3172 4652 haec
3197 4596 3355 4654 verba
3410 4601 3581 4654 citatis
3606 4641 3622 4667 ,

2031 4684 2131 4720 non
2163 4670 2400 4738 primum.
2438 4669 2641 4722 PMIEL.

2106 4738 2167 4792 Et
2193 4750 2408 4793 montrm
2453 4739 2602 4793 Sina.
2649 4740 2855 4808 Adiit-io
2908 4751 3156 4806 montem,
3211 4758 3275 4797 ex
3334 4739 3624 4795 Cambron.

2035 4811 2153 4864 cod.
2193 4827 2256 4864 ex
2288 4812 2476 4864 eodem
2500 4811 2711 4880 reposui
2737 4813 2884 4878 illud,
2933 4811 3058 4876 Cum
3086 4823 3214 4866 totus
3243 4813 3462 4866 mumlns
3491 4813 3629 4866 mala

2036 4882 2394 4953 [uota/tabent,
2423 4892 2466 4934 ct
2489 4899 2517 4934 a
2548 4883 2770 4947 diabolo,
2805 4901 2897 4952 pro
2928 4900 2992 4936 eo
3018 4885 3157 4953 quod
3189 4894 3322 4937 erat.
3349 4901 3460 4937 cum
3493 4895 3628 4938 totus

2039 4951 2255 5005 mundus
2287 4953 2650 5024 proptcrnmla
2683 4951 2817 5024 facta
2846 4973 2875 5006 (ι
2903 4951 3125 5009 diubblo.
3165 4955 3371 5010 ΡΛιΙΕι..

2112 5025 2246 5087 Quia
2277 5035 2321 5076 et
2353 5041 2441 5094 ego
2474 5023 2625 5077 illud.
2656 5023 2969 5090 Canthron.,
3018 5029 3217 5081 omisso
3243 5027 3382 5093 quia,
3413 5026 3538 5095 legit
3582 5035 3629 5079 ct

2038 5113 2128 5168 ego
2171 5095 2490 5168 odihilludi;
2539 5109 2780 5150 neutrum
2834 5099 3026 5168 placet,
3086 5097 3206 5168 quia
3259 5098 3415 5167 longe
3471 5097 3626 5151 aliter

2043 5166 2401 5235 Evangelista,
2440 5167 2573 5234 Quia
2605 5185 2692 5238 rgo
2718 5166 3055 5222 testiinonium
3084 5166 3317 5240 per/iibeo
3344 5166 3405 5221 ae
3444 5170 3554 5221 illo.

3349 5240 3552 5295 Pannn.

2101 5308 2492 5378 [IL—Spiritus
2517 5319 2714 5364 sanctus
2741 5310 2876 5378 [ilius
2901 5309 3015 5368 Dei.
3055 5310 3128 5366 De
3157 5311 3255 5364 hac
3282 5322 3521 5366 veterum
3552 5310 3631 5364 lo-

2029 5380 2221 5449 quendi
2253 5381 2495 5444 formula,
2528 5381 2645 5434 vide
2681 5397 2839 5451 supra
2865 5380 3077 5445 librum,
3108 5382 3244 5451 quod
3259 5381 3394 5436 idola
3414 5400 3510 5434 non
3530 5383 3631 5435 sint

2035 5453 2124 5505 dii.
2157 5452 2332 5519 Quare
2353 5451 2482 5506 nilzil
2510 5469 2726 5506 tumere
2745 5454 2937 5506 debent
2958 5452 3232 5516 lectorem,
3264 5464 3352 5506 aut
3376 5454 3632 5506 istaliunc

2037 5533 2125 5576 aut
2152 5526 2264 5594 duo
2284 5523 2484 5576 similes
2516 5522 2650 5579 infra
2680 5524 2894 5578 docere.
2926 5521 3107 5594 Neque
3137 5524 3279 5578 enim
3308 5533 3431 5578 ante
3456 5522 3630 5575 inere-

2041 5610 2128 5667 ses
2152 5593 2218 5649 de
2244 5593 2442 5668 Spiritu
2481 5605 2665 5650 sancto
2690 5609 2927 5657 exortas,
2975 5593 3079 5650 tam
3116 5606 3269 5651 caute
3301 5594 3630 5668 scripserunt.

2043 5665 2270 5722 Veteres.
2309 5665 2510 5722 Pausn.
2742 5667 2744 5670 ’
