4202 6272
574 306 671 363 911

2020 292 2435 356 TRACTATUS

3774 297 3893 357 912.

572 421 676 477 bus
700 417 894 473 tabulis
926 413 1147 486 lapideis
1188 413 1338 485 (licet
1362 410 1541 484 digitis
1567 413 1755 480 sacris,
1790 422 1965 468 tamen
1997 412 2174 483 digitis
2201 413 2251 473 Α
2280 413 2445 468 latino
2472 412 3014 482 interpretaturterra
3046 426 3173 467 caro
3206 410 3363 478 facta,
3396 426 3462 468 eo
3487 412 3629 483 quod
3659 426 3726 468 ex
3752 429 3901 483 qua-

576 515 632 570 in
663 516 829 583 ﬁgura
856 506 1081 579 carnis),
1114 507 1265 578 quasi
1298 507 1494 576 populo
1529 507 1729 562 carnali
1768 514 1821 560 et
1843 505 2126 559 (lill'iSSillI'I
2160 520 2173 559 :

575 606 713 661 sicut
738 602 950 657 ﬁterunt
976 598 1170 654 tabula:
1196 598 1417 667 lapidea!
1434 597 1759 662 durissimae,
1795 600 1846 653 in
1877 597 2071 669 quibus
2093 606 2174 651 ta-

573 698 721 753 bulis
749 696 946 766 Legem
978 702 1320 764 acceperunt.
1347 691 1471 748 Ideo
1498 692 1551 747 in
1566 692 1791 757 duabus,
1823 692 1944 762 quia
1976 692 2177 756 signiti-

577 800 729 846 caret
757 790 1013 844 unitatem
1046 787 1224 858 populi
1263 786 1425 842 dividi
1470 787 1521 841 in
1548 785 1682 841 duas
1723 794 1918 856 partes,
1968 793 2173 856 partem

568 898 690 953 qua:
717 881 976 944 salvator,
1008 889 1063 935 et
1090 887 1294 948 partem
1346 877 1679 935 iucredulam
1704 894 1824 948 qua:
1864 878 2036 948 perit;
2094 876 2177 933 di-

565 984 725 1031 cente
752 973 955 1044 Angela
970 973 1036 1027 ad
1064 972 1361 1028 Rebeccatn
1382 988 1606 1028 uxorem
1623 960 1807 1028 Isaae:
1848 990 1865 1021 ι
1897 972 2021 1027 llute
2046 986 2178 1042 gen-

568 1077 653 1123 tes
681 1068 734 1122 in
763 1077 918 1123 utero
939 1075 1030 1121 tuo
1056 1076 1200 1132 sunt,
1244 1078 1299 1123 et
1327 1066 1434 1123 duo
1463 1067 1641 1137 pepuli
1666 1067 1734 1123 de
1749 1078 1940 1123 ventre
1972 1078 2063 1121 tuo
2089 1067 2172 1122 di-

570 1159 839 1222 videntur,
865 1168 917 1214 et
943 1159 1173 1230 populus
1192 1159 1446 1229 populum
1478 1158 1773 1229 superabit,
1798 1168 1855 1214 et
1876 1159 2176 1227 majorser~

564 1253 676 1309 viet
695 1252 1196 1308 minoriaﬂebecca
1228 1268 1355 1307 vero
1383 1252 1607 1324 ﬁguram
1623 1253 1867 1324 portabat
1892 1252 2169 1319 Ecclesim,

571 1346 712 1402 sicut
735 1346 883 1401 Isaac
912 1346 993 1400 vir
1026 1346 1143 1413 ejus
1167 1355 1347 1416 typum
1378 1347 1430 1399 in
1463 1360 1521 1399 se
1544 1344 1790 1414 portabat
1820 1345 2039 1399 Christi.
2075 1344 2175 1398 Er-

579 1452 687 1508 go,
716 1451 834 1493 cum
860 1436 1011 1500 dicit,
1061 1437 1176 1491 dua:
1214 1446 1387 1507 gentes
1414 1437 1465 1490 in
1494 1445 1634 1490 utero
1670 1446 1754 1490 tuo
1780 1447 1917 1501 sunt,
1950 1437 2071 1507 quia
2121 1446 2175 1491 et

575 1528 645 1583 de
673 1526 925 1598 gentibus
961 1526 1096 1582 duas
1127 1538 1305 1597 partes
1346 1525 1551 1581 futuras
1579 1526 1892 1596 designabat
1919 1569 1932 1593 ,
1966 1536 2170 1597 partem

569 1617 911 1674 idolulatram
953 1619 1243 1697 perditam,
1265 1628 1319 1674 et
1349 1627 1552 1689 partem
1584 1618 1855 1673 credulam
1906 1620 2171 1674 viventem

565 1725 666 1780 per
713 1709 896 1776 ﬁdem;
941 1711 1078 1764 hanc
1122 1725 1279 1764 unam
1313 1719 1516 1783 partem
1547 1710 1784 1780 gentium
1833 1710 2076 1781 designat
2118 1712 2168 1763 in

2285 516 2404 560 tuor
2430 505 2739 560 cardinibus
2756 505 2901 559 orbis
2934 513 3199 560 tcrrarmn
3230 518 3409 575 pugno
3448 503 3892 574 comprehendit,

2279 599 2417 653 sicut
2472 598 2729 667 seriptum
2771 607 2901 653 est:
2947 596 3134 652 Palma
3170 615 3371 652 mensus
3420 614 3529 651 sum
3569 598 3749 651 caelum
3777 637 3792 663 ,
3839 606 3896 653 et

2282 707 2451 762 pugno
2479 692 2841 761 comprehendi
2898 700 3087 746 terram
3111 733 3126 759 ,
3159 702 3206 746 et
3229 692 3357 761 ﬁnxi
3377 692 3633 746 Iwminem
3658 709 3719 746 ea:
3745 691 3896 747 omni

2283 781 2404 838 limo
2467 794 2618 839 terra:
2650 799 2669 837 :
2696 783 2765 837 ad
2805 784 3076 852 imaginem
3117 781 3215 863 ι)ςὶ
3259 784 3357 854 feci
3408 783 3577 838 illum.
3635 783 3898 853 Oportuit

2279 874 2431 929 illum
2455 890 2519 929 ex
2546 874 2632 929 his
2661 884 2889 946 quatuor
2929 874 3245 929 cardinibus
3274 875 3422 930 orbis
3472 884 3631 930 terra:
3684 890 3891 932 nomen

2277 966 2332 1021 in
2365 982 2424 1023 se
2451 976 2672 1037 portare
2693 967 2887 1022 Adam.
2920 967 3230 1023 Invenimus
3257 967 3621 1038 iuScripturis
3652 984 3745 1040 per
3778 968 3895 1024 siu-

2278 1060 2430 1130 gulos
2475 1059 2722 1115 cardines
2760 1058 2908 1115 orbis
2941 1069 3097 1114 terrae
3140 1074 3263 1115 esse
3297 1076 3324 1113 a
3352 1058 3645 1115 Conditore
3693 1060 3890 1115 mundi

2277 1161 2506 1220 quatuor
2532 1150 2713 1205 stellas
2741 1152 3055 1205 constitutas
3080 1150 3133 1205 in
3162 1151 3385 1222 singulis
3406 1151 3735 1207 cardinibus.
3760 1151 3887 1208 Pri-

2278 1258 2363 1296 ma
2391 1242 2567 1307 stella,
2583 1241 2879 1309 orientalis,
2900 1242 3094 1298 dicitur
3113 1244 3608 1309 ἀνατολγξβεεευηάθ,
3629 1243 3889 1301 occiden-

2280 1334 2417 1400 talis,
2442 1339 2591 1397 δὺτις,
2610 1336 2763 1390 tertia
2786 1335 2960 1400 stella,
2981 1335 3473 1408 aquilonis,a'£puo;,
3501 1348 3689 1407 quarta
3704 1339 3885 1407 stella,

2277 1427 2593 1493 meridiana,
2626 1427 2822 1483 dicitur
2849 1438 3144 1500 μεσημϐρία.
3174 1430 3246 1484 lix
3278 1430 3582 1487 uotntnibus
3604 1431 3889 1489 stellarum

2277 1536 2502 1575 numero
2532 1530 2761 1590 quatuor
2788 1519 2856 1575 de
2886 1522 3108 1591 singulis
3128 1522 3404 1577 stellarum
3439 1523 3751 1579 nominibus
3780 1525 3887 1580 tol-

2277 1612 2325 1666 le
2354 1611 2592 1682 singulas
2622 1610 2832 1667 litteras
2861 1612 3203 1682 principales,
3251 1614 3318 1669 de
3370 1614 3524 1669 stella
3568 1614 3884 1686 AllMOiL'a,

2275 1702 2342 1757 de
2395 1703 2547 1757 stella
2604 1704 2755 1775 Dysis
2801 1704 2856 1768 tl,
2885 1703 2950 1758 de
2981 1704 3134 1759 stella
3165 1709 3357 1761 Arctos
3399 1723 3451 1774 a,
3480 1707 3549 1761 de
3588 1708 3743 1762 stella
3770 1707 3885 1764 Mc-

567 1813 724 1859 ulero
773 1804 1029 1858 Ecclesiae
1052 1818 1370 1874 permanere
1401 1803 1451 1856 in
1480 1806 1880 1873 generationem
1910 1817 2168 1860 mternam
2202 1809 2247 1867 Β
2275 1798 2507 1855 sentbria
2550 1815 2599 1852 In
2627 1815 2641 1862 ;
2675 1798 2725 1852 in
2755 1797 2838 1852 Itis
2866 1807 3098 1869 quatuor
3146 1798 3336 1854 litteris
3387 1800 3751 1857 cardinalibus
3781 1801 3883 1856 ha-

567 1895 621 1949 iu
674 1896 842 1966 ﬁgura
877 1895 1155 1959 Rebeccae;
1185 1907 1239 1951 et
1280 1904 1487 1965 partem
1521 1897 1699 1966 populi
1753 1897 2045 1952 inﬁdelium
2075 1898 2168 1952 Ju-

567 1987 807 2043 darorum
838 2004 869 2043 a
907 1996 1097 2043 ventre
1124 1996 1251 2043 tunc
1266 1986 1528 2043 Rebecca:
1573 1987 1759 2053 dividi,
1791 2000 1844 2043 et
1869 1992 2105 2058 separari
2140 2005 2168 2043 a

565 2081 847 2135 nativitate
872 2080 1153 2137 Ecclesiae.
1208 2079 1335 2135 Ilaec
1364 2079 1463 2135 fuit
1493 2081 1854 2152 praeﬁguratio
1892 2082 1943 2136 in
1973 2081 2170 2138 Genesi

565 2186 664 2243 per
692 2172 956 2244 Angelum
979 2173 1294 2242 spiritaliter
1321 2172 1656 2227 annuntiata.
1689 2173 1813 2229 llaec
1842 2190 1969 2229 vero
2003 2174 2173 2229 nomi-

566 2281 635 2320 na
665 2268 927 2321 montium
973 2266 1133 2322 talem
1169 2266 1366 2321 habent
1394 2266 1887 2335 interpretationem
1919 2266 1969 2320 in
1994 2266 2171 2337 lingua

570 2360 757 2427 latina,
788 2369 849 2415 ut
877 2359 1529 2425 demonstretveritatem,
1558 2359 1647 2430 qui
1674 2359 1781 2414 sint
1805 2359 1855 2414 hi
1886 2359 1993 2415 duo
2021 2376 2173 2415 mon-

566 2460 648 2508 tes
674 2451 801 2509 Sina
836 2453 915 2508 vel
934 2452 1063 2508 Sion
1093 2469 1105 2505 :
1132 2451 1272 2523 quod
1300 2451 1518 2522 quidem
1548 2459 1667 2520 post
1696 2452 1967 2521 paululum
1995 2452 2173 2509 dictu-

566 2543 612 2597 ri
651 2558 859 2599 sunms.
908 2543 986 2598 Ita
1016 2543 1159 2599 enim
1200 2542 1337 2598 hanc
1385 2543 1625 2597 veritatis
1675 2542 2170 2615 interpretationem

566 2638 937 2706 probavimus,
968 2637 1036 2693 de
1064 2637 1326 2708 principio
1362 2636 1576 2709 generis
1593 2636 1810 2692 humani
1841 2639 2168 2695 venientem.

568 2725 642 2781 Ita
666 2729 735 2783 ab
775 2727 929 2782 initio
952 2726 1133 2783 mundi
1179 2736 1235 2783 et
1259 2726 1517 2798 deinceps
1537 2742 1728 2784 onmes
1770 2729 2016 2784 homines
2047 2746 2173 2786 uas-

565 2830 773 2888 centes,
802 2821 871 2877 de
902 2831 1144 2892 tempore
1170 2831 1225 2877 et
1250 2819 1391 2877 facto
1413 2799 1629 2876 nomina
1652 2837 1682 2876 a
1710 2823 2026 2892 parentibus
2057 2825 2172 2878 suis

564 2914 902 2984 accipiebant
931 2916 1075 2985 (non
1104 2912 1318 2985 quidem
1348 2928 1414 2970 ex
1438 2929 1517 2979 se,
1549 2914 1645 2970 sed
1674 2931 1701 2968 a
1732 2915 1845 2971 Deo
1867 2926 2044 2973 mente
2068 2918 2164 2973 im.

559 3004 897 3076 pellebantur
919 3046 935 3073 ,
981 3005 1094 3076 qui,
1127 3007 1416 3075 antequam
1451 3005 1601 3072 ﬁant,
1633 3007 1888 3077 praescius
1916 3020 1998 3064 est
2029 3008 2172 3064 futu-

508 3132 514 3137 -
566 3096 772 3167 rorum)
804 3108 860 3152 ut
880 3098 1070 3169 quales
1093 3106 1213 3166 post
1260 3084 1595 3153 crementum
1633 3099 1806 3153 astatis
1851 3114 1963 3154 suae
2005 3101 2171 3156 futuri

2277 1890 2370 1945 bes
2400 1905 2594 1947 nomen
2627 1890 2817 1944 Adam.
2849 1888 2981 1944 Nam
3006 1899 3059 1944 et
3089 1891 3140 1945 in
3187 1907 3411 1946 numero
3439 1901 3589 1948 certo
3623 1909 3721 1963 per
3748 1911 3885 1964 qua-

2276 1995 2395 2038 tuor
2421 1984 2624 2039 litteras
2647 2000 2848 2054 grmcas
2878 1978 3409 2056 nomendesignatur
3441 1990 3597 2056 ἀδὰμ,
3627 1987 3694 2042 ita
3715 2003 3886 2058 αμίει,

2273 2076 2328 2132 id
2348 2087 2430 2132 est
2460 2092 2647 2144 unum,
2678 2081 2702 2130 ὂ
2728 2085 2957 2148 τέσσαρσι,
2985 2076 3037 2132 id
3067 2086 3151 2132 est
3204 2088 3457 2149 quatuor,
3496 2103 3530 2132 α
3572 2092 3680 2148 μία,
3705 2080 3757 2136 id
3792 2092 3886 2139 est

2276 2184 2461 2233 unum,
2497 2193 2537 2236 μ
2561 2177 2932 2240 τεσσαράκοντα,
2976 2167 3025 2224 id
3058 2180 3139 2225 est
3167 2170 3535 2242 quadraginta.
3557 2173 3683 2239 Fac,
3706 2159 3764 2230 et
3793 2175 3886 2230 itt-

2277 2263 2464 2318 veuies
2488 2278 2769 2318 numerum
2797 2263 3279 2334 quadragenarium
3321 2266 3611 2321 senarium.
3645 2266 3744 2323 Hic
3776 2285 3883 2323 nu-

2276 2369 2458 2409 merus
2514 2370 2643 2408 xcvr
2681 2355 2987 2424 passionem
3021 2356 3200 2409 carnis
3229 2355 3360 2411 Adae
3389 2356 3636 2428 designat
3665 2401 3682 2426 ,
3722 2375 3885 2431 quam

2276 2462 2493 2502 carnem
2517 2447 2568 2501 iu
2595 2461 2654 2502 se
2682 2446 2955 2519 ﬁguralem
2985 2446 3229 2503 Christus
3261 2450 3524 2518 portavit.
3570 2462 3626 2506 et
3676 2466 3800 2508 eam
3829 2454 3882 2509 in

2293 2540 2438 2610 ligno
2467 2538 2768 2611 suspendit.
2794 2539 2924 2607 Quae
2954 2555 3080 2595 caro
3105 2556 3133 2593 a
3160 2540 3267 2597 Deo
3295 2551 3445 2611 patre
3482 2541 3615 2599 Jesu
3653 2544 3883 2601 vocitata

2279 2640 2362 2687 est
2385 2632 2615 2702 Spiritus
2642 2641 2879 2701 sanctus,
2902 2634 2991 2705 qui
3023 2634 3089 2689 de
3110 2634 3249 2691 cmlo
3277 2634 3580 2700 descendit;
3613 2637 3881 2708 Christus,

2280 2726 2332 2781 id
2360 2736 2441 2782 est
2487 2736 2703 2794 unctus,
2758 2726 2853 2781 Dei
2873 2727 2972 2781 vivi
3001 2743 3027 2780 a
3062 2728 3169 2783 Deo
3210 2739 3430 2784 vocatus
3474 2739 3556 2786 est
3591 2747 3607 2796 ;
3664 2733 3886 2804 spiritus

2279 2821 2430 2875 carni
2458 2821 2677 2888 mixtus,
2701 2819 2857 2877 Iesus
2888 2819 3153 2877 Christus.
3188 2822 3283 2878 llic
3310 2839 3441 2896 ergo
3485 2841 3738 2882 numerus
3761 2844 3889 2884 val

2279 2913 2584 2982 passionem
2611 2912 2870 2979 declarat,
2903 2927 2969 2969 eo
3008 2913 3150 2984 quod
3195 2925 3348 2971 sexto
3389 2916 3670 2972 millesimo
3696 2934 3883 2990 anno,

2281 3004 2410 3060 ltora
2434 3015 2584 3061 sexta
2612 3019 2803 3076 passus
2834 3022 2847 3058 :
2876 3021 2907 3061 a
2940 3008 3164 3061 mortuis
3194 3023 3482 3080 resurgens
3511 3027 3526 3075 ;
3578 3010 3887 3085 quadrage-

2279 3097 2412 3152 sima
2437 3098 2525 3153 die
2554 3098 2605 3153 in
2635 3097 2804 3165 caelos
2827 3098 3070 3154 ascendit
3103 3118 3116 3154 :
3156 3099 3237 3154 vel
3290 3102 3413 3170 quia
3452 3101 3704 3158 Salomon
3744 3120 3887 3175 qua~

573 3198 752 3244 essent
781 3232 796 3255 ,
844 3188 1127 3259 posteriori
1157 3198 1399 3259 tempore
1429 3189 1607 3245 verbis
1654 3200 1707 3244 et
1748 3191 2054 3247 nominibus
2084 3194 2177 3249 be-
2203 3196 2249 3259 C
2282 3190 2523 3262 draginta
2555 3205 2648 3246 sex
2683 3191 2839 3245 annis
2870 3191 3123 3261 templum
3158 3191 3271 3248 Deo
3301 3176 3660 3250 fabricaverit.
3696 3196 3754 3251 In
3784 3213 3886 3252 cu-

565 3279 763 3334 braicis
788 3279 1160 3350 designaretur
1188 3296 1203 3344 ;
1237 3274 1291 3334 ei
1312 3279 1437 3348 quid
1462 3279 1690 3351 singulis
1719 3273 1965 3359 futui-uni
1985 3295 2130 3341 esset
2154 3329 2168 3353 ,

569 3370 950 3439 interpretatio
996 3368 1270 3424 nominum
1302 3370 1610 3439 designaret
1655 3372 1963 3442 veritatem;
2019 3377 2175 3431 sicuti

570 3475 697 3519 tunc
714 3465 971 3534 temporis
992 3465 1045 3518 in
1071 3464 1392 3519 Patriarchis
1412 3466 1737 3537 completum
1755 3480 1858 3536 est,
1882 3471 2175 3525 secundum

573 3557 729 3627 primi
753 3555 986 3612 hominis
1018 3571 1233 3611 carnem
1274 3556 1342 3612 de
1374 3569 1531 3613 terrrc
1562 3559 1692 3615 limo
1753 3575 1897 3627 esse,
1946 3577 2009 3617 ex
2065 3563 2181 3634 ipso

574 3652 910 3722 protoplasto
942 3650 1231 3722 probamus
1258 3651 1561 3708 veritatem.

643 3744 732 3801 IV.
750 3743 957 3802 Nemea
987 3746 1197 3816 accepit
1216 3744 1571 3802 aDeoAdam.
1599 3745 1917 3804 Hebraicum
1938 3748 2106 3805 Adam
2130 3750 2181 3805 in

2271 3284 2359 3354 jus
2391 3284 2573 3354 templi
2601 3282 3007 3339 similitudinem
3031 3284 3189 3340 Jesus
3212 3301 3429 3342 carnem
3456 3305 3607 3343 suam
3630 3305 3755 3346 esse
3793 3290 3885 3347 di-
3980 3292 3989 3297 ’

2283 3379 2378 3442 xit,
2403 3376 2588 3431 dicens
2614 3376 2905 3432 Pharismis
2941 3393 2955 3430 :
2991 3376 3244 3433 Destruile
3268 3382 3441 3450 fanum
3497 3382 3657 3448 istud,
3688 3394 3739 3437 et
3760 3402 3891 3461 .ego

2289 3469 2341 3522 in
2369 3468 2527 3523 tribus
2558 3468 2731 3523 diebus
2750 3469 2979 3524 excitabo
3005 3470 3155 3525 illud.
3190 3471 3254 3526 Et
3273 3469 3523 3526 Pbariszei
3577 3473 3843 3531 dicebant
3872 3496 3889 3532 :

2287 3564 2649 3635 Quadraginta
2673 3579 2767 3619 sex
2796 3565 2952 3620 anuis
2980 3564 3301 3621 :ediﬁcatuin
3325 3575 3405 3621 est
3434 3564 3614 3623 fanum
3630 3568 3803 3636 istud,
3832 3581 3892 3627 et

2296 3658 2382 3713 hic
2409 3658 2460 3712 in
2491 3658 2659 3712 tribus
2692 3656 2880 3713 diebus
2903 3657 3158 3713 excitabit
3206 3656 3383 3715 illud?
3433 3659 3652 3716 Dicebat
3701 3673 3887 3721 autem

2287 3748 2447 3805 Iesus
2475 3749 2654 3804 Ianum
2682 3748 2749 3804 de
2776 3764 3001 3819 corpore
3027 3764 3145 3805 suo.
3176 3768 3195 3801 ι

1931 3886 2290 3946 VARIORUM
2326 3887 2558 3945 NOTAE.

644 4029 782 4085 Licet
808 4030 981 4101 digitis
1008 4031 1191 4092 sacris,
1221 4037 1389 4101 tamen
1442 4028 1616 4098 digitis
1670 4029 1724 4101 in
1778 4029 1949 4099 ﬁgura
1977 4030 2168 4084 carnis.

577 4101 844 4159 Manutius
866 4099 1064 4156 omissa
1094 4113 1224 4153 voce
1265 4099 1401 4163 licet,
1430 4108 1485 4154 et
1515 4099 1685 4153 semel
1711 4108 1914 4154 tantum
1938 4101 2174 4156 recitans

574 4188 734 4229 voces
767 4172 908 4244 illas,
940 4170 1112 4244 digitis
1162 4170 1343 4244 sacris.
1395 4169 1554 4244 patth
1593 4170 1741 4238 prius
1785 4179 1923 4225 certa
1975 4171 2172 4244 posuit.

578 4245 777 4299 Verum
801 4240 1027 4312 vulgatis
1058 4240 1274 4296 lectioni
1308 4240 1656 4312 consentiunt
1711 4256 1840 4297 mss.
1878 4242 2043 4298 nostri
2076 4259 2089 4307 ;
2121 4252 2174 4298 et

578 4316 623 4372 si
653 4310 954 4384 parenthesi
1000 4311 1116 4367 lucc
1144 4310 1506 4379 includantur,
1564 4326 1753 4367 sensus
1801 4314 1905 4368 erit
1965 4313 2175 4385 perspi-

577 4400 731 4443 cuus.
754 4385 958 4440 PastEL.

648 4456 735 4511 Ita
762 4456 894 4510 enim
924 4455 1057 4509 hanc
1111 4454 1357 4520 veritatis,
1411 4462 1514 4509 etc.
1571 4453 1767 4509 Locum
1815 4452 1957 4509 hunc
1983 4454 2174 4524 depra-

2280 4039 2331 4086 te
2359 4030 2412 4085 in
2442 4028 2801 4093 occidentem,
2829 4028 2912 4082 vel
2939 4042 3005 4082 ex
3035 4026 3315 4084 occidente
3363 4029 3417 4085 in
3458 4030 3740 4099 orientem,
3777 4046 3879 4091 seu

2280 4102 2332 4156 in
2364 4116 2758 4172 quemcumque
2782 4099 2955 4153 locum
2987 4100 3343 4172 contenderit,
3373 4110 3429 4156 et
3449 4104 3657 4158 venerit
3700 4106 3881 4159 termi.

2280 4170 2526 4242 nus'ejus
2555 4181 2612 4226 ut
2639 4180 2919 4242 separetur
2945 4185 3010 4224 ex
3040 4170 3141 4226 hoc
3168 4172 3388 4231 mundo.
3415 4188 3484 4228 ne
3511 4183 3620 4228 tmn
3642 4185 3781 4231 terra
3796 4176 3881 4231 di-

2278 4241 2770 4369 cat:In0istoloco
2799 4257 2904 4296 non
2943 4250 3079 4296 esta
3124 4257 3210 4298 me
3260 4244 3434 4314 pulvis
3485 4248 3727 4316 corporis
3780 4248 3876 4316 tui,

2281 4323 2387 4369 etc.
2424 4334 2442 4366 ι
2526 4329 2647 4368 liON.

2281 4323 2387 4369 etc.
2424 4334 2442 4366 ι
2476 4323 2647 4369 Uxori.

2357 4384 2591 4452 Quatuor
2605 4383 2784 4439 litteris
2803 4383 3149 4442 cardinalibus
3165 4383 3316 4440 habes
3333 4402 3515 4440 nomen
3540 4388 3728 4443 Adam.
3747 4387 3881 4446 Nes-

2281 4455 2415 4511 civit
2460 4455 2754 4510 cabbalisla
2803 4465 2985 4511 uoster
3014 4456 3066 4510 in
3113 4458 3329 4512 nomine
3371 4462 3495 4511 D'm
3530 4469 3644 4514 tres
3672 4469 3876 4516 tantum

575 4529 908 4604 vatissituutn
957 4542 1024 4582 ex
1076 4526 1251 4582 codic.
1312 4542 1441 4604 mss.
1487 4527 1684 4604 partim
1747 4524 1980 4604 Mlligin.
2032 4526 2170 4604 Dun.
2200 4544 2254 4604 1)
2282 4527 2505 4596 reperiri
2542 4528 2767 4582 litteras.
2786 4524 2913 4591 Sed,
2938 4527 2987 4579 si
3011 4542 3269 4604 nugarum
3307 4528 3530 4604 istarum
3561 4531 3731 4601 magis
3760 4532 3878 4586 ido-

580 4597 838 4655 Marchin.
866 4607 921 4652 et
946 4607 1056 4654 vet.
1090 4612 1234 4661 exc.,
1262 4597 1451 4667 partim
1481 4595 1867 4652 Cambronensi
1890 4598 1988 4650 ista
2014 4598 2176 4652 restio

583 4672 677 4726 tui.
710 4668 796 4723 Ita
824 4667 887 4722 ab
914 4669 1059 4723 initio
1086 4668 1260 4721 mundi
1286 4679 1333 4721 et
1360 4667 1595 4737 deinceps
1619 4684 1790 4721 omnes
1815 4667 2040 4722 homines
2058 4685 2178 4723 nas-

559 4751 769 4805 centes,
804 4741 867 4794 tle
887 4749 1111 4809 tempore
1126 4748 1172 4793 et
1202 4742 1337 4811 {acto
1362 4739 1612 4811 nominaa
1640 4739 1930 4811 parentibus
1951 4739 2056 4811 suis
2083 4756 2173 4792 ac-

578 4811 831 4884 cipiebant
847 4812 969 4881 (non
992 4808 1276 4884 quidemex
1288 4825 1362 4875 se,
1378 4809 1481 4884 sed,
1495 4808 1636 4863 aDco
1659 4818 1819 4862 mente
1846 4809 2173 4877 impelleban-

584 4882 685 4948 tur,
718 4883 803 4951 qui
830 4891 1098 4950 antequam
1129 4882 1273 4942 liant,
1305 4882 1543 4949 prazscins
1570 4890 1642 4934 est
1662 4885 1935 4948 futurum),
1967 4890 2021 4933 ut
2045 4898 2174 4951 qua.

578 4954 653 5009 les
676 4964 787 5025 post
817 4962 1123 5025 crementum
1162 4952 1330 5025 a'tatis
1355 4967 1474 5025 autc
1491 4953 1858 5025 futuri‘cssent,
1909 4952 2173 5018 posteriori

582 5021 808 5093 tempore
835 5022 994 5077 verbis
1043 5033 1089 5076 et
1120 5022 1404 5076 nominibus
1455 5021 1700 5075 ltebraicis
1742 5022 2094 5092 designaretar
2128 5034 2173 5078 et

583 5096 708 5167 quid
736 5094 951 5167 singulis
973 5093 1201 5167 futurum
1227 5102 1375 5157 esset,
1409 5093 1755 5167 interpretatio
1788 5093 2050 5147 nominum
2079 5094 2168 5148 deo

530 5202 539 5207 -
589 5164 815 5235 signaret
840 5165 1122 5235 ueritatem.
1151 5164 1354 5235 hunc.
1504 5234 1507 5235 ν
1658 5166 1661 5171 '

626 5238 697 5292 IV
706 5266 793 5291 .—
804 5234 883 5290 Ea:
894 5245 1112 5308 quatuor
1128 5234 1419 5308 cardinibus
1432 5234 1565 5308 orbis
1580 5245 1828 5289 terrarum
1846 5251 2015 5308 pugno
2029 5251 2171 5308 com-

580 5308 864 5377 prehendit.
888 5307 1109 5377 Hmcex
1139 5306 1342 5377 laeunjs
1371 5306 1713 5360 rabbinorum
1737 5305 1944 5366 hausta;
1978 5307 2029 5360 iu
2054 5305 2177 5362 Pir-

581 5374 641 5437 ke
665 5380 729 5435 R.
764 5379 973 5438 Eliezer
992 5376 1197 5432 dicitur
1222 5394 1234 5430 :
1256 5374 1509 5446 «Intempit
1535 5377 1685 5433 Deus:
1702 5378 1951 5446 colligere
1984 5379 2170 5447 pulve-

575 5466 690 5506 rem
720 5449 875 5520 primi
906 5449 1154 5511 hominis,
1202 5464 1232 5503 e
1270 5458 1500 5520 quatuor
1540 5460 1697 5503 terra:
1748 5449 1958 5519 angulis
1988 5490 2019 5520 ,_
2054 5449 2163 5505 vid.

575 5518 816 5586 rubrum,
839 5521 1069 5592 nigrum,
1097 5518 1297 5583 album,
1327 5519 1568 5574 \‘ividcnl.
1600 5520 1783 5575 Rubcr
1811 5518 1980 5588 pulvis
1998 5518 2168 5576 factus

573 5603 655 5646 est
684 5593 922 5661 sanguis,
956 5593 1109 5662 niger
1135 5592 1234 5645 fuit
1261 5606 1356 5659 pro
1386 5592 1698 5653 visceribus,
1734 5591 1887 5646 albus
1936 5607 2032 5660 pro
2076 5606 2165 5646 os-

569 5663 718 5719 sibus
744 5674 796 5717 et
824 5664 1024 5731 nervis,
1055 5662 1238 5718 viridis
1268 5663 1436 5717 lactus
1465 5672 1771 5733 cstcorpus.
1802 5662 1909 5718 Cur
1929 5676 2156 5732 conges-

570 5735 701 5804 serit
729 5734 1004 5802 pulverem
1035 5733 1153 5804 ejus
1174 5748 1241 5788 ex
1269 5744 1497 5803 quatuor
1518 5733 1942 5804 niuudiangulis
1971 5734 1995 5786 ?
2039 5734 2161 5801 quia

570 5803 778 5860 dixerat
799 5814 1016 5863 sanctus
1041 5803 1372 5871 benedictus,
1400 5805 1510 5860 sive
1533 5804 1690 5860 iverit
1710 5803 1871 5862 homo
1892 5821 1958 5862 ex
1982 5805 2160 5863 orien-

2283 4613 2417 4653 neus
2451 4609 2638 4654 auctor
2667 4605 3029 4667 exspectetur,
3062 4598 3308 4653 consulat
3349 4601 3519 4655 lcetor
3546 4598 3747 4656 tantum
3777 4617 3878 4657 no-

2283 4685 2410 4743 uum
2435 4684 2657 4739 operum
2670 4668 2738 4743 1).
2765 4669 3067 4739 Augustini,
3086 4678 3252 4743 tract.
3279 4672 3364 4739 10,
3388 4672 3440 4726 in
3471 4668 3674 4743 Evang.
3692 4672 3875 4743 Joau.,

2282 4740 2369 4795 tibi
2402 4742 2517 4795 lucc
2536 4739 2716 4795 omnia
2737 4749 3051 4795 occurrunt.
3074 4740 3248 4797 Oxon.

2352 4809 2420 4864 Id
2451 4822 2524 4866 est
2557 4828 2735 4877 unum,
2768 4819 2888 4887 etc._
2919 4810 3054 4887 Tum
3101 4812 3222 4877 hoc,
3258 4822 3367 4869 tum
3398 4829 3518 4883 qua:
3555 4826 3875 4887 sequuntur,

2277 4881 2332 4936 id
2359 4892 2431 4937 est
2456 4893 2695 4953 quatuor,
2727 4890 2783 4937 et
2832 4881 2888 4935 id
2932 4882 3007 4937 ést
3060 4899 3239 4951 unum,
3291 4893 3348 4940 et
3398 4881 3647 4952 rursum;
3683 4889 3739 4942 id
3808 4881 3880 4945 est

2277 4953 2638 5023 quadraginta,
2671 4953 2938 5022 adscripta
2967 4963 3122 5009 erant
3146 4954 3198 5009 in
3221 4955 3342 5010 eod.
3374 4971 3474 5011 ms.
3507 4956 3645 5012 Dun.
3698 4960 3769 5014 ad
3800 4961 3880 5016 in~

2283 5025 2720 5094 terpretationem
2776 5039 3075 5095 gramarum
3120 5040 3330 5092 vocum,
3379 5028 3431 5082 in
3473 5026 3595 5082 aliis
3636 5045 3775 5086 mss.
3826 5040 3882 5088 et

2279 5104 2387 5149 vet.
2417 5111 2535 5151 exc.
2562 5094 2799 5149 omnino
2815 5094 3280 5151 desiderabantur.
3310 5096 3393 5153 Ad
3435 5099 3767 5156 intellectum
3795 5111 3879 5157 ta-

2278 5180 2402 5238 men
2425 5166 2679 5238 majorem
2708 5166 3011 5237 putavimus
3035 5167 3331 5223 retinenda.
3349 5168 3558 5227 ΡΑιιει..

2354 5235 2741 5309 ρυαιήίοανηεὴι
2766 5238 2819 5292 in
2845 5254 2898 5292 se
2918 5239 3209 5309 figuratam.
3240 5242 3383 5296 Sane
3404 5253 3457 5296 et
3484 5253 3639 5298 caute
3671 5245 3776 5299 hoc
3797 5245 3880 5300 in-

2280 5308 2628 5392 telligendum
2652 5316 2794 5392 recte
2808 5308 3099 5392 Enttotavit
3128 5308 3414 5392 Manutius.
3448 5313 3654 5369 ΡΛιιει..

2351 5378 2452 5454 Hic
2469 5395 2736 5454 numerus
2767 5380 2858 5435 46.
2908 5379 3141 5450 Ligneus
3183 5383 3281 5454 hic
3324 5395 3640 5454 supputator
3679 5402 3882 5445 nume-

2274 5466 2392 5576 ;um
2422 5450 2492 5506 46
2548 5449 2765 5507 conﬁcit
2800 5466 2867 5506 ex
2915 5449 3143 5508 numero
3171 5451 3335 5521 6000,
3377 5449 3604 5512 numero
3628 5457 3663 5512 6
3692 5468 3755 5515 et
3781 5459 3879 5515 40.

2317 5537 2480 5576 suae.

2317 5537 2480 5577 ΑΙΕῙ..

2344 5591 2602 5648 Destruite
2627 5593 2807 5661 {anum
2835 5592 3267 5667 istud.‘Gravius
3305 5598 3566 5667 pltanum,
3612 5610 3668 5655 et
3713 5600 3803 5657 hic
3821 5613 3887 5658 et

2270 5663 2353 5720 bis
2393 5673 2619 5735 postea:
2660 5681 2844 5720 verum
2894 5664 3023 5719 illud
3069 5663 3383 5725 conStauter
3407 5683 3535 5724 mss.
3566 5684 3783 5735 omnes,
3821 5685 3885 5729 et

2270 5734 2607 5816 ppu-Festus
2641 5736 2825 5816 modo,
2855 5736 2951 5792 sed
2990 5745 3051 5816 et
3074 5735 3351 5816 Vqrrqde
3389 5739 3554 5816 L._L.
3599 5742 3695 5798 lib.
3731 5734 3784 5816 v,
3820 5754 3888 5801 et

2265 5804 2451 5865 Livius
2478 5809 2507 5864 1
2550 5804 2670 5865 dec.
2725 5807 2819 5865 lib.
2862 5824 2892 5863 ι
2919 5850 2933 5877 ,
2964 5822 2995 5863 a
3025 5806 3189 5867 fando
3214 5808 3418 5869 dictum
3449 5811 3632 5870 fanum
3658 5804 3880 5875 volunt.
