4190 6266
344 404 451 462 915

1498 410 1586 467 DE
1625 384 1971 470 murtetis
2001 414 2152 472 sm
2197 415 2283 473 ET
2324 418 2497 475 SION.

3533 427 3637 483 9M

416 522 477 577 V.
514 522 716 595 Deinde
744 524 898 593 Abel,
928 524 1068 582 ﬁlius
1088 525 1240 593 Adae,
1260 542 1455 584 nomen
1483 529 1692 599 accepit
1722 528 1933 585 bebrai-
1960 533 2009 593 Α
2040 531 2135 595 tio,
2160 546 2257 602 per
2279 548 2439 604 quem
2464 535 2649 591 tentati
2669 549 2700 592 a
2729 535 2841 592 Deo
2866 536 3064 593 inventi
3091 546 3218 593 sunt
3236 537 3396 594 alieni
3422 554 3451 594 a
3478 539 3635 612 Legis

341 631 486 683 etnu,
508 616 795 689 designans
816 620 993 690 fratris
1024 622 1425 694 interfectionem
1446 633 1497 679 et
1525 633 1794 695 parentum
1821 625 1934 680 luc-

341 719 468 765 tum.
523 710 653 765 Item
715 710 933 780 Euoch,
976 714 1065 783 qui
1125 723 1252 769 ante
1291 713 1551 769 diluvium
1605 716 1713 770 Deo
1755 716 1932 789 justus

338 802 683 873 complacuit,
714 814 769 860 et
795 804 914 861 ideo
940 806 1009 861 de
1036 808 1138 862 isto
1166 807 1368 865 mundo
1400 808 1451 862 in
1483 810 1663 864 carnis
1689 824 1801 865 sua:
1833 825 1929 865 ua-

340 896 544 952 tivitate
565 897 715 952 vivus
741 899 1029 954 translatus
1053 910 1133 955 est
1163 900 1214 955 in
1247 901 1365 956 loco
1392 899 1480 957 ubi
1501 900 1664 970 ,Deus
1692 902 1790 957 scit
1815 879 1844 967 ς’
1863 917 1931 957 ex

335 1003 442 1060 quo
471 988 612 1057 loco,
642 992 694 1044 in
721 993 1184 1048 consununatioue
1215 993 1420 1060 mundi,
1441 993 1681 1048 innovari
1706 994 1943 1050 babetin

335 1079 441 1137 hoc
469 1082 692 1149 mundo,
723 1083 866 1139 unde
886 1085 1045 1139 etiam
1077 1085 1370 1141 translatus
1391 1095 1474 1141 est
1503 1088 1568 1142 ad
1596 1084 1929 1141 confunden-

334 1173 462 1229 dum
498 1183 553 1229 ct
582 1174 961 1231 revincendum
991 1175 1398 1233 Auticbristum.
1434 1178 1478 1233 Α
1506 1195 1613 1248 quo
1660 1178 1927 1253 interfecti

332 1268 585 1340 martyria
612 1283 707 1324 sua
727 1270 1093 1339 complebunt,
1118 1272 1358 1327 viventes
1389 1271 1441 1325 in
1467 1281 1725 1327 aeternum
1750 1272 1801 1326 in
1822 1286 1929 1327 sa:-

332 1361 451 1417 cula
474 1362 814 1419 saeculorum.
842 1363 909 1419 Et
945 1364 1063 1420 ideo
1085 1364 1268 1421 Enocb
1308 1370 1689 1438 interpretatur
1715 1368 1928 1421 innova-

332 1464 432 1510 tus.
463 1455 664 1513 Deinde
688 1457 789 1513 Job
821 1456 1017 1528 justus,
1046 1459 1133 1530 qui
1164 1469 1288 1515 ante
1330 1459 1472 1516 diem
1502 1460 1690 1531 judicii
1736 1462 1934 1518 meruit

331 1561 461 1603 voce
483 1548 679 1619 judicis
709 1550 933 1617 laudari,
962 1560 1016 1607 et
1042 1551 1182 1613 ideo.
1204 1552 1421 1609 diabolo
1447 1554 1659 1611 devicto
1690 1565 1744 1610 et
1773 1571 1932 1626 supe-

328 1651 447 1696 rato
476 1682 492 1709 ,
541 1640 645 1697 Job
695 1642 1079 1714 interpretatur
1107 1645 1436 1701 clrarissintus
1488 1645 1606 1701 Dei.
1654 1647 1832 1717 quue
1878 1658 1933 1703 et

329 1730 599 1791 Abraham
632 1736 682 1790 iu
714 1751 809 1791 sua
851 1737 1128 1793 nativitate
1164 1753 1195 1793 a
1237 1741 1548 1809 parentibus
1584 1741 1697 1797 suis
1728 1741 1929 1796 Abram

327 1836 547 1884 vocatus
576 1838 690 1895 est;
720 1836 956 1884 tentatus
987 1845 1114 1885 vero
1133 1845 1162 1885 a
1194 1830 1323 1895 Deo,
1354 1831 1526 1887 ﬁdelis
1546 1832 1797 1888 inventus
1822 1841 1926 1897 est,

2037 620 2434 692 observatione,
2481 625 2603 682 ideo
2642 627 2693 682 iu
2733 636 2996 684 aeternum
3038 628 3151 684 Deo
3192 630 3246 685 in
3274 630 3455 686 odium
3498 648 3630 688 con-

2039 720 2176 773 vcrsi
2200 728 2346 774 sunt.
2377 720 2488 777 lloc
2504 720 2688 777 odium
2709 721 2761 777 in
2784 721 2900 792 ipso
2924 738 3124 794 genere
3147 722 3452 780 Judarorum
3469 726 3633 796 scrip-

2038 819 2149 866 tum
2183 812 2506 881 invenimus,
2540 814 2754 872 dicente
2803 816 2951 872 Isaae
2996 817 3064 873 de
3107 816 3316 873 duobus
3363 820 3478 873 suis
3508 818 3630 873 ﬁlii-3

2039 904 2178 959 Esau
2224 905 2431 975 majore
2472 917 2527 962 et
2577 906 2746 963 Jacob
2785 909 3039 971 minore:
3071 908 3234 964 Jacob
3263 909 3442 976 dilexi,
3491 903 3632 966 Esau

2035 1006 2203 1050 autem
2229 997 2348 1051 odio
2370 997 2545 1054 habui.
2580 999 2720 1055 Esau
2759 1015 2888 1055 vero
2914 1000 3086 1071 major
3113 1001 3319 1070 pilosus
3335 1001 3431 1056 fuit
3464 1011 3625 1070 totus,

2037 1087 2230 1158 inquit,
2263 1089 2414 1159 quasi
2444 1090 2651 1145 corium
2681 1089 2929 1160 pilosum,
2965 1092 3018 1145 in
3047 1091 3211 1163 ﬁgura
3245 1092 3427 1163 populi
3454 1094 3628 1164 majo-

2035 1178 2140 1245 ris,
2189 1179 2242 1233 iu
2274 1179 2547 1250 impietate
2585 1180 2906 1236 delictormu
2954 1196 3174 1238 suorum
3219 1184 3514 1239 constituti.
3562 1186 3632 1240 Et

2034 1268 2202 1325 Jacob
2229 1271 2325 1325 fuit
2345 1271 2481 1326 lenis
2502 1282 2558 1327 et
2583 1274 2779 1340 minor,
2813 1274 2865 1328 in
2892 1272 3056 1345 ﬁgura
3090 1274 3266 1345 populi
3297 1275 3628 1342 novellioris,

2035 1362 2125 1431 qui
2146 1377 2213 1416 ex
2236 1361 2364 1418 dicti
2390 1364 2663 1419 audientia
2689 1380 2784 1435 per
2813 1366 3145 1422 credulitatis
3174 1366 3335 1422 ﬁdem
3354 1383 3419 1424 ex
3445 1383 3631 1439 aspre-
3664 1384 3673 1387 '

2036 1456 2160 1511 dine
2210 1457 2391 1512 saeculi
2432 1458 2487 1512 in
2512 1458 2790 1515 lenitatem
2832 1474 3126 1517 conversus
3154 1461 3329 1518 estad
3356 1460 3629 1521 Christum

2035 1551 2200 1606 Deum
2229 1560 2283 1606 et
2308 1552 2398 1607 Dei
2428 1552 2645 1608 Filium.

2108 1645 2215 1701 ΥΠ.
2241 1646 2380 1702 Ecce
2398 1647 2740 1717 probavimus
2761 1663 2856 1718 per
2871 1647 3262 1719 Scripturarum
3279 1648 3440 1707 ﬁdem
3458 1665 3629 1723 popu-

2033 1738 2142 1794 lum
2175 1740 2434 1810 majorem
2464 1750 2519 1796 et
2548 1741 2899 1797 vetustiorem
2920 1757 3043 1799 esse
3071 1743 3180 1799 Deo
3204 1744 3255 1798 in
3283 1744 3464 1799 odium
3492 1760 3623 1801 cuu-

2033 1830 2271 1897 versum’,
2291 1833 2584 1888 secundum
2628 1833 3127 1905 interpretationem
3159 1837 3358 1890 montis
3387 1834 3513 1892 Sina
3549 1839 3631 1892 tli-

325 1929 381 1977 et
403 1936 433 1976 a
460 1921 571 1978 Deo
600 1921 917 1978 benedictus
946 1932 1098 1993 pater
1138 1925 1424 1985 multarum
1452 1937 1691 1995 gentium
1722 1926 1927 1980 consti-
1958 1928 2006 1989 Β
2034 1925 2226 1992 centis,
2256 1926 2479 1980 tentatio
2515 1935 2717 1981 acterna
2743 1934 2799 1982 et
2822 1925 3027 1981 odium.
3057 1925 3233 1997 quuc
3259 1927 3388 1984 Sion
3428 1931 3626 1984 montis

326 2020 474 2068 tutus
514 2022 614 2080 est,
648 2022 704 2068 et
750 2013 894 2078 ideo,
952 2016 1233 2093 immutate
1260 2033 1287 2069 a
1323 2016 1432 2072 Deo
1457 2017 1697 2080 nomine,
1753 2017 1928 2073 Abra-

324 2104 447 2160 bam
489 2112 714 2161 vocatus
740 2114 843 2172 est,
876 2106 1259 2177 interpretatur
1283 2119 1428 2178 pater
1454 2109 1729 2163 multorum
1754 2125 1923 2181 papu-

323 2197 506 2252 lorum.

394 2290 482 2347 VI.
516 2289 657 2347 Ecce
705 2292 919 2348 interim
964 2293 1030 2348 de.
1064 2293 1248 2350 multis
1294 2293 1703 2366 probationibus
1753 2310 1925 2366 pauca

323 2383 575 2448 diximus.
626 2396 686 2442 ut
728 2388 793 2443 ad
823 2388 1052 2443 duorum
1086 2390 1348 2445 montium
1404 2392 1680 2447 nominum
1727 2408 1922 2463 perve-

324 2480 553 2546 nientes,
588 2481 1058 2550 interpretationes
1100 2497 1287 2537 eorum
1338 2485 1601 2539 montium
1645 2486 1923 2541 nominum

323 2572 612 2642 probemus
638 2610 652 2637 ,
710 2574 941 2643 qualiter
979 2574 1257 2645 designata
1302 2585 1427 2631 sunt
1457 2576 1522 2631 ad
1557 2586 1796 2631 nostram
1845 2579 1926 2633 in-

321 2666 706 2728 structionem;
737 2674 795 2719 ut
819 2679 885 2720 ex
911 2664 1011 2721 hac
1033 2666 1478 2736 interpretatione
1509 2667 1811 2732 nominum,
1842 2668 1925 2722 in-

326 2758 632 2830 telligamus
673 2768 908 2814 montem
936 2758 1061 2815 Sina
1106 2775 1228 2816 esse
1260 2768 1557 2825 terrenum,
1600 2771 1654 2816 et
1684 2772 1922 2817 montem

322 2848 453 2912 Sion
483 2865 604 2907 esse
628 2851 928 2907 ccelestem.
954 2849 1284 2920 Spiritaliter
1325 2851 1736 2921 interpretatum
1761 2850 1915 2920 Sina,

324 2944 531 2999 tentatio
576 2952 767 2999 aeterna
819 2952 871 2998 et
920 2944 1136 3009 odium;
1192 2953 1247 2997 et
1294 2957 1451 2998 mons
1506 2942 1659 3010 Sion,
1712 2944 1923 2999 tentatio

322 3037 716 3091 exaeerbationis
745 3049 792 3090 et
828 3035 1130 3108 speculatio.
1174 3035 1246 3091 [ta
1299 3037 1618 3108 intelligitur
1659 3053 1781 3092 cum
1840 3037 1923 3093 di-

323 3131 463 3189 citur
490 3145 645 3185 mons
669 3130 791 3186 Sina
815 3172 831 3196 ,
849 3130 1107 3184 'tentatio
1135 3138 1335 3185 acterna
1365 3138 1421 3185 et
1446 3130 1653 3196 odium,
1684 3145 1751 3187 co
1782 3130 1923 3200 quod

321 3239 385 3280 ex
418 3239 484 3280 eo
514 3233 697 3280 monte
745 3224 954 3295 Moyses
986 3223 1158 3295 legem
1204 3224 1471 3294 acceperit
1500 3224 1699 3295 populo
1740 3224 1923 3281 duris-

2029 2022 2101 2077 ita
2157 2022 2540 2092 interpretatur
2589 2024 2815 2077 tentatio
2854 2021 3287 2078 exacerbatiouis
3338 2034 3393 2078 et
3431 2038 3629 2094 Specu-

2027 2114 2177 2170 latio.
2232 2114 2359 2170 Hice
2409 2129 2537 2170 vero
2580 2114 2953 2185 interpretatio
2988 2114 3150 2169 latina
3179 2115 3309 2186 ligni
3337 2116 3477 2172 sacri
3508 2131 3630 2187 pas-

2027 2208 2237 2263 sionem
2264 2207 2533 2277 designat.
2565 2205 2781 2261 dicente
2807 2205 3102 2262 Salomone
3132 2205 3204 2261 de
3236 2207 3348 2276 ipsa
3380 2207 3630 2277 passione

2029 2299 2301 2355 Dominica
2330 2316 2344 2353 :
2381 2316 2399 2348 ι
2428 2297 2829 2355 Contumeliaet
2846 2307 3115 2354 tormento
3145 2298 3541 2369 interrogemus
3567 2300 3628 2353 il—

2029 2393 2162 2459 lum,
2194 2399 2252 2446 ut
2275 2391 2510 2447 sciamus
2538 2389 2899 2446 reverentiam
2945 2389 3090 2444 illius
3127 2398 3182 2445 et
3215 2390 3505 2460 probemus
3533 2405 3628 2459 pa-

2028 2484 2271 2540 tientiam
2314 2485 2504 2554 ipsius,
2560 2495 2615 2539 et
2664 2492 3077 2552 tentemusquae
3098 2490 3355 2537 eventura
3387 2481 3625 2535 suntitli.

2026 2575 2079 2632 Si
2119 2576 2262 2631 enim
2294 2590 2420 2631 vere
2450 2574 2616 2629 Filius
2646 2574 2736 2629 Dei
2782 2583 2887 2640 est,
2918 2573 3174 2642 suscipiet
3201 2572 3375 2641 illum,
3422 2582 3477 2629 et
3503 2574 3635 2629 libe-

2025 2667 2169 2723 rabit
2211 2683 2333 2723 eum
2377 2668 2445 2723 de
2475 2667 2722 2723 manibus
2765 2669 3198 2733 contrariorum;
3230 2677 3402 2723 morte
3441 2672 3631 2739 turpis-

2028 2763 2165 2815 sima
2194 2760 2619 2815 condemnemus
2647 2760 2817 2814 illum.
2850 2759 2974 2815 Haec
2997 2760 3369 2831 cogitaverunt
3395 2769 3450 2815 et
3478 2775 3629 2816 erra-

2027 2862 2249 2919 verunt;
2281 2854 2573 2909 excaacavit
2612 2853 2736 2907 illos
2767 2854 2967 2907 malitia
3016 2854 3292 2924 ipsorum,
3321 2864 3378 2910 et
3407 2868 3513 2910 non
3546 2856 3631 2910 iu-

2029 2945 2691 3000 tellexcruntsacramenta
2710 2942 2827 3000 Dei.
2844 2963 2863 2995 ›
2892 2943 3030 2999 Ecce
3053 2952 3350 3000 tentatores
3368 2945 3586 3001 Judaaos
3613 2965 3628 3001 :

2024 3038 2152 3094 item
2191 3037 2467 3107 scriptum-
2496 3044 2580 3091 est
2613 3055 2627 3091 :
2658 3054 2678 3088 ι
2714 3035 2783 3090 Ει
2813 3043 3154 3090 teutavcrunt
3197 3036 3362 3091 Deum
3402 3037 3454 3091 in
3503 3036 3625 3092 loco

2027 3132 2305 3202 inaquoso.
2333 3150 2351 3182 ι
2386 3129 2675 3201 Speculum
2703 3144 2833 3185 vero
2848 3129 3187 3185 altitudinem
3216 3130 3347 3201 ligni
3367 3129 3629 3199 declarat,

2026 3224 2239 3279 dicente
2281 3223 2611 3279 Salomone:
2646 3240 2665 3273 ς
2705 3208 3110 3278 Posueruntme
3139 3223 3284 3278 velut
3326 3222 3629 3280 custodiam

322 3317 460 3371 simo
506 3325 562 3372 et
607 3315 931 3370 contumaci.
981 3314 1085 3369 Per
1123 3329 1283 3385 quam
1316 3316 1488 3386 legem
1531 3316 1716 3371 tentati
1743 3332 1778 3370 a
1808 3317 1916 3373 Deo
1942 3315 1987 3378 C
2021 3318 2394 3392 pomarii,ieo
2415 3316 2558 3389 quod
2576 3317 2866 3372 inliortoin
2889 3316 3032 3388 ligno
3058 3315 3303 3373 conﬁxus
3327 3316 3468 3373 inter
3492 3317 3629 3374 duos

322 3417 550 3477 :cterno,
607 3409 811 3464 inventi
863 3417 985 3463 sunt
1020 3421 1124 3461 non
1159 3421 1317 3477 posse
1346 3406 1590 3463 eamdem
1630 3408 1800 3478 legem
1832 3424 1923 3464 su-

323 3503 524 3559 stinere
550 3503 602 3557 in
633 3511 975 3573 perpetuum,
1006 3500 1202 3556 exinde
1232 3500 1343 3555 Deo
1365 3499 1419 3554 in
1451 3499 1635 3555 odium
1666 3501 1920 3556 conversi

323 3604 471 3651 sunt.
499 3594 624 3651 ideo
649 3596 702 3651 in
732 3594 949 3650 nomine
978 3593 1178 3650 montis
1211 3592 1359 3658 Sina,
1386 3593 1528 3649 unde
1568 3594 1738 3667 legem
1766 3610 1921 3652 acce-

324 3697 548 3759 perant,
605 3688 977 3758 interpretatio
1026 3686 1259 3743 nominis
1310 3687 1609 3758 designavit
1662 3694 1918 3759 pepulum

325 3789 584 3838 tentatum
606 3796 637 3836 a
660 3780 793 3848 Deo,
822 3789 877 3836 et
898 3781 950 3835 in
973 3779 1154 3834 odium
1178 3792 1438 3836 aeternum
1461 3796 1584 3837 esse
1604 3797 1917 3839 conversos:

325 3874 448 3931 ideo
477 3872 673 3930 dicitur
721 3873 847 3930 Sina
888 3873 1115 3929 tentatio
1157 3882 1358 3929 (eterna
1394 3883 1448 3929 ει
1477 3873 1678 3930 odium.
1708 3875 1923 3931 Inveni—

324 3982 445 4023 mus
487 3966 630 4022 enim
662 3968 715 4022 in
746 3950 1037 4036 Scripturis
1079 3979 1173 4020 eos
1202 3979 1322 4022 esse
1351 3981 1381 4019 a
1411 3965 1521 4022 Deo
1556 3974 1813 4023 tentatas.
1842 3967 1917 4023 Ita

328 4059 558 4131 positum
603 4058 815 4115 dicente
848 4057 1077 4112 Domino
1105 4056 1170 4111 ad
1196 4056 1411 4128 Moysen
1447 4074 1460 4111 :
1492 4063 1663 4113 Exeat
1694 4059 1920 4128 populus

329 4151 453 4215 iste,
482 4162 536 4206 et
560 4151 777 4223 colligat
803 4150 906 4208 sibi
940 4151 1189 4205 diurnum
1221 4150 1272 4203 in
1299 4149 1464 4217 diem,
1496 4161 1552 4207 et
1577 4152 1794 4207 tentabo
1818 4168 1913 4210 cos

324 4258 392 4297 an
416 4242 623 4312 possint
652 4243 819 4313 legem
848 4258 1020 4299 meam
1062 4242 1330 4297 sustinere
1359 4257 1426 4297 an
1470 4258 1612 4308 non;
1642 4252 1697 4299 et
1731 4246 1919 4300 tentati

327 4354 356 4392 a
390 4337 498 4391 Deo
541 4351 635 4406 per
662 4337 868 4407 legem,
920 4335 1123 4392 inventi
1176 4344 1300 4390 sunt
1330 4335 1398 4391 ab
1448 4350 1509 4391 ea
1563 4335 1680 4407 lege
1733 4337 1915 4393 alieni.

327 4427 536 4486 Exinde
559 4428 670 4483 Deo
702 4429 754 4482 in
773 4428 954 4483 odium
976 4440 1236 4484 aeternum
1257 4428 1503 4489 conversi
1527 4438 1672 4495 sunt,
1697 4438 1751 4485 et
1772 4444 1921 4485 com-

326 4525 465 4597 pleta
501 4533 583 4578 est
610 4522 982 4592 interpretatio
1034 4523 1186 4579 Sina.
1238 4522 1514 4579 Manifesta
1537 4538 1669 4580 vero
1698 4525 1921 4600 etMoy-

325 4632 444 4683 seu,
475 4631 571 4688 per
591 4630 750 4686 quem
779 4628 876 4670 eos
901 4614 1040 4671 Deus
1067 4630 1163 4685 per
1187 4615 1381 4688 Legem
1407 4617 1657 4695 tentavit,
1677 4618 1730 4674 in
1754 4619 1920 4676 latino

2027 3413 2268 3469 latrones
2297 3411 2595 3484 pependit;
2629 3420 2683 3465 ει
2711 3408 2778 3465 de
2816 3409 3101 3473 altitudine
3129 3410 3258 3481 ligni
3295 3410 3483 3466 ambos
3512 3426 3628 3481 spe-

2025 3506 2234 3562 culatur
2262 3505 2314 3559 in
2350 3504 2520 3576 ﬁgura
2548 3502 2779 3558 duorum
2822 3504 3143 3574 populorum
3174 3500 3623 3570 malefactorum;

2023 3598 2225 3656 Gentes
2253 3597 2306 3654 in
2329 3596 2512 3652 saeculi
2532 3598 2668 3651 mala
2698 3593 2834 3650 faeta
2858 3595 3126 3665 jacentes,
3156 3604 3212 3651 et
3237 3593 3631 3651 Judreosinter-

2023 3689 2258 3747 lectores
2284 3689 2694 3759 Pr0phetarum.
2729 3686 2792 3742 Hi
2824 3695 2949 3742 sunt
2973 3687 3082 3742 duo
3112 3686 3295 3758 populi
3320 3687 3633 3743 malefacto-

2024 3799 2141 3847 res;
2192 3797 2419 3852 quorum
2459 3781 2682 3850 ﬁguram
2717 3778 2769 3833 in
2799 3794 2860 3834 se
2904 3777 3193 3850 portabant
3245 3779 3352 3834 duo
3394 3779 3632 3835 latrones

2022 3877 2165 3931 inter
2210 3889 2347 3946 quos
2388 3873 2643 3944 pependit
2682 3872 2959 3928 innocens.
2997 3870 3150 3928 Unus
3182 3871 3625 3944 blasphemabat;

2022 3970 2159 4024 alius
2186 3982 2320 4023 vero
2346 3966 2627 4023 confessus
2666 3974 2749 4023 est
2798 3966 2921 4037 quia
2952 3966 3209 4022 innocens
3238 3967 3491 4038 injuriam
3535 3983 3628 4038 pa-

2025 4061 2273 4116 tiebatur.
2306 4058 2466 4116 Jesus
2512 4067 2692 4115 autem
2734 4059 2923 4115 ambos
2969 4059 3345 4129 speculabatur
3380 4062 3450 4117 de
3482 4061 3628 4132 ligno

2021 4154 2402 4227 speculatorio,
2436 4153 2809 4225 blasphemum
2840 4160 2896 4209 et
2923 4151 3322 4220 confessorem;
3346 4151 3625 4212 confesso-

2020 4264 2135 4305 rem
2167 4245 2395 4302 salvavit
2428 4256 2483 4302 et
2522 4245 2895 4317 blasphemum
2923 4243 3174 4317 perdidit,
3207 4244 3365 4301 sicuti
3393 4245 3464 4300 de
3493 4244 3627 4299 duo.

2022 4342 2121 4397 bus
2149 4339 2358 4410 pupulis
2376 4339 2521 4395 fecit.
2990 4332 2997 4335 ’

2019 4438 2065 4504 5,
2096 4433 2228 4489 VIII.
2260 4433 2634 4489 Persecutores
2663 4429 2926 4498 derelicti,
2967 4430 3054 4499 qui
3095 4428 3148 4484 in
3193 4437 3408 4486 a-ternze
3439 4431 3627 4487 mortis

2021 4502 2282 4584 sententia
2299 4527 2398 4582 sibi
2415 4539 2520 4581 non
2533 4522 2885 4588 crediderint,
2908 4522 2951 4576 si
2974 4521 3053 4574 sic
3067 4518 3135 4574 de
3148 4519 3349 4576 smculo
3372 4520 3624 4590 exierint,

2022 4622 2251 4693 perierit.
2294 4619 2495 4676 Gentes
2539 4630 2668 4672 vero
2694 4614 2762 4669 ad
2792 4628 2852 4670 se
2886 4626 3164 4668 conversae
3194 4610 3356 4667 ﬁdem
3398 4612 3500 4667 sibi
3530 4612 3628 4666 ba-

316 4694 707 4782 interpretatur
737 4709 984 4768 similiter
1011 4707 1220 4782 Moyses
1264 4712 1488 4768 tentatio
1521 4711 1615 4769 Dei
1656 4722 1711 4769 et
1730 4713 1917 4770 inven-
1939 4707 1994 4769 D
2020 4714 2342 4786 bentesquia
2363 4711 2532 4767 Filius
2558 4708 2656 4766 Dei
2675 4716 2789 4775 est;
2818 4705 3039 4763 salvata‘.
3064 4702 3320 4760 videbunt
3341 4704 3396 4760 in
3423 4712 3626 4763 aeterna

1681 4871 2044 4937 VARIORUM
2084 4877 2312 4936 ΝΟΤᾹΞ.

398 5008 487 5066 Vl.
504 5009 645 5065 —-Et
657 5027 801 5066 mons
823 5010 952 5067 Sion
974 5012 1184 5066 tentatio
1211 5011 1627 5067 exacerbationis.
1659 5012 1939 5070 Addebam

327 5083 439 5146 alii,
471 5091 709 5145 teterme;
757 5097 941 5138 verum
971 5092 1115 5138 recte
1135 5084 1315 5137 omisit
1335 5082 1599 5137 Manutius
1620 5098 1744 5138 cum
1770 5085 1936 5141 Cam-

326 5154 484 5225 lit-on.
511 5154 655 5221 cod.,
684 5154 806 5224 quia
836 5169 994 5223 supra
1025 5170 1128 5208 non
1148 5155 1355 5225 legitur.
1373 5153 1578 5209 Puer”

401 5224 603 5299 Inventi
624 5235 763 5279 sunt.
793 5224 872 5299 Eg
897 5226 1215 5299 auctoritate
1232 5225 1470 5296 ejusdem
1490 5224 1613 5281 cod.
1635 5226 1793 5282 omisi
1814 5241 1937 5299 par-

328 5296 542 5351 ticulam
569 5307 635 5361 et,
667 5295 1017 5364 superﬂuam.
1041 5296 1248 5352 Pun.

403 5366 681 5440 Manifesta
724 5384 839 5421 vero
879 5378 924 5421 et
953 5366 1187 5440 Moysen,
1220 5377 1321 5423 etc.
1361 5366 1439 5420 Ad
1481 5367 1679 5440 Moysis
1709 5383 1927 5435 nomen,

332 5440 377 5495 si
421 5438 586 5493 sonus
627 5448 922 5508 spectetur,
992 5438 1255 5509 accedere
1298 5439 1506 5493 videtur
1552 5438 1752 5506 Massa,
1784 5442 1925 5509 quod

329 5511 679 5566 tentationem
719 5509 959 5565 denotat.
991 5508 1420 5565 Oxum—Locus
1445 5525 1611 5580 usque
1641 5511 1777 5566 adeo
1805 5508 1927 5566 cor-

327 5592 536 5650 ruptus,
572 5582 849 5636 utmederi
875 5596 939 5635 ex
977 5597 1109 5635 mss.
1140 5594 1243 5634 non
1276 5581 1503 5635 licuerit.
1541 5582 1615 5636 Ex
1648 5582 1753 5638 illis
1777 5582 1920 5637 enim

326 5665 557 5722 quatuor
585 5653 926 5708 consentiunt
948 5667 1069 5706 cum
1095 5651 1308 5722 excusis
1325 5651 1568 5721 vulgatis,
1603 5653 1739 5708 sicut
1761 5653 1923 5708 etiam

326 5720 539 5801 veteres
560 5724 768 5801 c_x_ensi_,_
776 5732 1156 5801 praeterquam
1169 5720 1509 5801 quodiegant
1544 5722 1778 5801 Moyses,
1793 5740 1925 5792 quo—
1948 5758 1965 5763 ι

327 5794 490 5849 modo
519 5792 858 5849 ctMorcllius
891 5796 1073 5862 legens
1087 5793 1248 5848 etiam
1290 5792 1610 5863 Manifestat,
1630 5792 1922 5850 Cambron.

325 5865 451 5921 cod.
484 5879 615 5921 vero
637 5865 792 5937 longe
815 5865 973 5937 aliter
1003 5882 1017 5919 :
1052 5863 1332 5937 Manifesta
1356 5879 1473 5917 vero
1488 5863 1659 5933 Moysi
1683 5876 1728 5937 et
1760 5866 1924 5919 Aaro-

326 5938 402 5999 ni,
433 5952 523 6006 per
555 5953 682 6008 quos
732 5934 823 5991 eos
876 5934 1012 5990 Dens
1067 5952 1157 6005 per
1201 5934 1367 6006 legem
1410 5938 1636 6003 tentavit,
1685 5936 1739 5989 in
1770 5936 1929 5991 latino

2042 5019 2419 5085 interpretatur.
2481 5012 2732 5071 Similiter
2776 5012 2828 5066 in
2878 5017 3060 5085 monte
3103 5007 3281 5085 tentati
3323 5024 3357 5062 α
3408 5006 3520 5085 ζ)εο
3570 5010 3626 5063 in

2036 5078 2185 5143 venti’
2199 5097 2319 5142 sunt
2346 5088 2524 5153 alieni,
2544 5082 3017 5141 etc.Fortassisita
3049 5078 3330 5153 legendum
3357 5097 3371 5134 :
3401 5080 3465 5153 Et
3487 5096 3625 5153 coms

2037 5159 2177 5231 pleta
2205 5168 2278 5214 est
2303 5148 2654 5233 interpretatio
2686 5148 3128 5233 Sina,manifesto
3160 5148 3401 5233 Mopsiet
3431 5152 3627 5233 Attroni

2037 5176 2177 5231 ριεια
2205 5176 2278 5214 ρει
2303 5176 2654 5283 ιηιενόνειαιιο
2686 5176 3128 5232 ὒιηα,ηια1ιιιειξιω
3160 5176 3401 5233 magis.“
3431 5176 3526 5204 ﬂ“!
3539 5176 3624 5232 orn

2035 5248 2127 5301 per
2153 5247 2279 5303 quos
2309 5246 2393 5285 €08
2474 5246 2563 5303 eus
2591 5243 2691 5303 pe}:
2706 5228 2865 5298 legem
2884 5231 3119 5303 tentavit,
3170 5235 3384 5303 omisere
3412 5232 3624 5303 caneris

2035 5290 2320 5366 onm'ibus;
2355 5290 2782 5372 quandoquidem
2815 5294 2964 5367 prius
2984 5290 3173 5372 eadem
3203 5292 3363 5372 verba
3388 5292 3497 5347 sint
3528 5309 3627 5362 po-

2033 5374 2157 5437 sita,
2186 5361 2498 5444 atqueadoo
2523 5361 2609 5425 hic
2635 5361 2917 5444 videantur
2941 5364 3233 5444 superﬂua.
3268 5361 3475 5418 Panes.

2112 5432 2218 5500 ΥΠ.
2244 5432 2318 5485 εἶέ-
2344 5442 2580 5498 Tentatio
2618 5432 3036 5496 exaeerbationis.
3055 5468 3059 5472 ›
3078 5432 3303 5489 Videtur
3325 5449 3460 5489 sono
3482 5436 3633 5489 vocis

2032 5514 2285 5585 deceptus
2324 5530 2354 5568 a
2379 5517 2505 5588 1mg
2525 5512 2798 5567 derivasse
2845 5509 3077 5576 scriptor
3119 5502 3207 5559 hic
3250 5520 3409 5588 suum
3458 5508 3629 5561 inter-

2027 5596 2443 5658 pretamentum;
2470 5585 2646 5640 Oxon.
3153 5647 3190 5658 ,Α

2100 5656 2169 5710 Et
2199 5667 2445 5711 tentemus
2465 5671 2579 5725 quae
2606 5663 2845 5707 eventura
2869 5658 2987 5705 sunt
3017 5647 3119 5700 ξιιξ.
3153 5647 3351 5707 [terdm
3390 5649 3529 5704 istud
3553 5664 3629 5725 cx

2026 5726 2319 5782 Cambron.
2375 5722 2497 5781 cod.
2556 5740 2653 5795 pro
2701 5738 2815 5793 qua:
2869 5730 3081 5795 ventura
3115 5729 3293 5795 sant;
3351 5731 3434 5776 est
3480 5722 3625 5775 cnim

2027 5813 2202 5869 graece
2252 5799 2389 5870 apud
2437 5789 2569 5864 nx,
2607 5802 2671 5854 τὰ
2694 5789 2741 5850 3'.
2768 5803 2975 5850 taleam.
3009 5789 3278 5847 Omittunt
3314 5804 3444 5849 vero
3492 5806 3626 5847 mss.

2028 5871 2272 5926 voculam
2300 5880 2368 5937 et,
2401 5870 2560 5939 paulo
2589 5875 2727 5939 post.
