4202 6272
302 283 412 349 917

1450 292 1537 348 DE
1574 291 1922 351 MONTIBUS
1961 291 2120 352 SINA
2160 294 2249 352 ET
2285 293 2458 353 SION.

3509 308 3616 365 918

304 411 426 462 tuor
453 403 764 477 Evangelia,
792 405 1074 462 habentem
1094 405 1374 464 duodecim
1399 406 1744 465 fundamenta
1771 408 1907 465 duo-
1932 410 1991 471 Δ
2013 409 2227 467 dicente
2258 411 2591 469 Salomone:
2624 413 2919 473 Pomrunt
2944 435 3027 475 me
3052 421 3319 476 custodem
3358 421 3421 476 in
3442 422 3612 481 vinea.

304 501 479 557 decim
500 500 911 582 Prophetarum,
934 500 1216 579 duodecim
1238 510 1419 572 portas
1439 501 1725 557 duodecim
1753 503 1901 571 Apo-

306 595 605 659 stolorum;
651 609 747 665 per
772 610 998 666 quorum
1025 595 1491 652 annuntiationem
1532 594 1823 651 Christiani
1846 596 1899 651 in

305 689 445 746 hanc
489 687 757 743 civitatem
796 697 1034 743 sanctam
1059 695 1114 743 et
1157 702 1351 743 novam
1399 687 1743 755 introierunt,
1786 703 1904 758 qua:

302 771 560 855 Spiritaiis
576 789 659 837 est
678 780 944 838 Ecclesia.
1312 790 1319 817 ε

359 874 467 930 XI.
496 875 637 931 Ecce
688 874 1034 945 probavimus
1084 889 1182 945 per
1225 874 1463 930 omnium
1508 874 1905 946 Scripturarum

305 971 615 1029 deilicarum
672 969 834 1026 ﬁdem
876 969 1010 1025 duos
1049 978 1294 1036 montes,
1344 968 1472 1025 Sina
1528 969 1581 1024 in
1640 977 1782 1024 terra
1843 977 1899 1024 et.

305 1064 436 1121 Sion
465 1063 523 1119 bi
546 1061 723 1131 calo,
773 1056 1497 1118 duoruM’Testamentorum
1524 1068 1740 1130 portare
1771 1059 1906 1131 liga-

306 1173 422 1215 ram
444 1199 460 1226 ,
490 1150 688 1212 veteris
712 1156 861 1221 Sina,
909 1163 965 1211 et
994 1155 1116 1210 novi
1147 1153 1297 1210 Sion.
1332 1154 1411 1210 Ex
1460 1154 1653 1225 quibus
1699 1154 1909 1209 duobus

306 1248 602 1313 muntibus,
647 1246 898 1303 videlicet
955 1245 1166 1302 duobus
1214 1246 1571 1313 testamentis,
1624 1245 1910 1315 posteriori

307 1352 554 1411 tempore
606 1341 1006 1397 demoustratos
1056 1349 1111 1396 et
1139 1340 1440 1397 declaratos
1470 1339 1731 1396 habemus
1774 1339 1911 1395 duos

306 1436 574 1510 populos;
603 1442 843 1490 veterem
873 1441 928 1489 et
968 1433 1205 1505 priorem
1235 1432 1544 1490 Judmomm
1566 1472 1601 1501 ,.
1631 1441 1686 1488 et
1710 1446 1908 1487 novum

222 1571 225 1573 -
307 1537 364 1586 et
388 1528 741 1600 posteriorem
771 1526 1028 1598 populum
1059 1525 1488 1582 Christianorum
1519 1544 1533 1581 :
1562 1524 1779 1581 Iudaeos
1804 1534 1910 1580 ter-

307 1635 501 1690 renos,
532 1621 627 1692 qui
655 1627 853 1676 terram
887 1620 1207 1689 promissam
1232 1635 1260 1674 a
1294 1620 1405 1676 Deo
1433 1630 1762 1691 acceperunt
1787 1630 1910 1674 car-

306 1717 494 1782 nales;
526 1723 581 1770 et
604 1713 940 1770 Christianos
965 1712 1246 1780 caelestes,
1306 1712 1397 1785 qui
1444 1724 1611 1785 regna
1652 1712 1910 1768 caelorum

2008 502 2314 559 Invenimus
2338 519 2467 561 vero
2496 505 2550 561 in
2581 512 2993 568 conversatione
3033 514 3196 584 hujus
3232 515 3417 572 mundi
3447 517 3499 573 in
3544 518 3619 574 si-

1978 588 2368 652 'militudinem
2392 597 2689 667 spiritalem
2721 601 3016 673 ﬁguraliter
3060 619 3181 662 esse
3219 608 3430 663 vineam
3453 652 3468 677 ,
3513 608 3614 665 ha-

2012 687 2226 743 bentem
2271 688 2548 745 dominum
2589 699 2645 746 et
2698 707 3065 761 possessorem
3117 712 3293 753 suum.
3347 698 3617 772 Tempore

2010 784 2144 834 vero
2169 788 2409 845 maturo,
2444 792 2612 852 prope
2650 780 2766 839 dies
2805 777 3226 856 vindemiarum,
3273 790 3506 860 positum
3554 793 3608 847 in

2011 872 2227 927 vineam
2264 866 2549 928 custodem
2573 884 2795 943 puerum
2824 876 2878 931 in
2904 876 3019 953 aito
3040 878 3214 948 ligno,
3247 881 3421 937 media
3457 881 3613 938 vinea

2012 965 2259 1032 conﬁxo;
2292 972 2347 1021 et
2381 967 2433 1021 in
2479 982 2544 1022 eo
2574 966 2720 1038 ligno
2748 966 2950 1024 faciunt
2984 972 3255 1041 speculam
3299 973 3612 1045 quadratam

2013 1050 2082 1113 de
2108 1046 2460 1113 arundinibus
2490 1060 2793 1129 quassatis,
2832 1064 2887 1115 et
2918 1070 3012 1130 per
3051 1064 3263 1133 singula
3295 1062 3464 1119 latera
3486 1080 3618 1136 qna-

2014 1151 2251 1206 draturte
2273 1152 2486 1221 specula
2519 1151 2724 1207 faciunt
2750 1168 3010 1209 cavernas
3033 1164 3236 1225 ternas,
3266 1173 3386 1227 quite
3414 1159 3615 1216 faciunt

2015 1258 2271 1301 cavernas
2308 1244 2629 1300 duodecim:
2663 1260 2760 1317 per
2802 1261 2961 1318 quam
3003 1248 3381 1319 quadraturam
3429 1267 3617 1308 caver-

2018 1354 2204 1393 narnm
2230 1347 2412 1394 custos
2443 1354 2576 1409 puer
2600 1354 2816 1395 omnem
2845 1340 3054 1396 vineam
3083 1343 3413 1414 perspiciens
3438 1357 3617 1401 custo-

2016 1431 2158 1499 diat,
2190 1440 2444 1498 cantans,
2476 1446 2546 1487 ne
2574 1431 2746 1487 viator
2774 1432 3081 1503 ingrediens
3127 1432 3337 1493 vineam
3382 1436 3620 1493 Domini-

2017 1534 2135 1581 Cam
2186 1522 2287 1580 sibi
2328 1525 2651 1596 assignatam
2694 1535 2882 1591 vexet.
2931 1527 3015 1582 vel
3061 1526 3205 1584 fures
3252 1544 3404 1585 uvam
3449 1531 3618 1585 vinea:

2017 1618 2350 1673 conculcent.
2380 1616 2534 1683 Quod
2562 1617 2605 1672 si
2634 1616 2970 1688 importunus
3003 1617 3085 1674 fur
3110 1636 3273 1690 egens
3309 1621 3361 1676 in
3405 1624 3617 1679 vineam

2016 1711 2247 1768 voluerit
2276 1712 2501 1768 introire
2527 1719 2582 1767 et
2602 1728 2757 1767 uvam
2786 1712 3025 1782 demere,
3059 1715 3167 1771 illic
3191 1732 3326 1787 puer
3348 1718 3615 1774 sollicitus

306 1825 339 1867 ε
380 1810 491 1866 Deo
535 1808 795 1880 promissa
850 1808 1122 1878 accepturi
1173 1816 1300 1863 sunt
1352 1808 1405 1861 in
1454 1806 1634 1862 futuro
1690 1806 1909 1863 seculo.
1940 1809 1988 1870 B
2017 1807 2085 1862 de
2117 1807 2270 1862 vinea
2313 1820 2409 1860 sua
2439 1806 2651 1861 deintus
2687 1805 2755 1862 de
2798 1808 3016 1879 specula
3059 1808 3152 1864 dat
3185 1826 3372 1868 vocem
3393 1813 3612 1882 malam,

311 1903 452 1960 Caro
501 1903 645 1959 enim
693 1899 1126 1958 Christianorum
1177 1899 1433 1972 spiritalis
1482 1909 1538 1956 et
1589 1897 1911 1954 immortalis

307 1998 431 2054 erit.
1144 2024 1149 2027 -

374 2086 491 2145 Xll.
536 2087 651 2144 Alia
676 2085 1000 2160 probatione
1023 2085 1266 2142 veritatis
1292 2085 1344 2142 in
1379 2082 1671 2156 Scripturis
1700 2083 1907 2156 posita,

308 2188 372 2239 ex
401 2194 462 2238 ea
506 2182 737 2237 veritate
775 2180 983 2236 cmlesti
1017 2178 1313 2251 spiritalem
1345 2177 1573 2234 facimus
1621 2177 1911 2249 ﬁgurarum

304 2274 801 2347 comparationem,
880 2273 951 2330 de
1020 2273 1181 2343 huius
1235 2270 1420 2327 mundi
1480 2270 1909 2327 conversatione.

310 2368 552 2425 Diximus
582 2367 761 2434 enim,
791 2364 993 2421 montis
1024 2363 1195 2421 sancti
1221 2363 1374 2429 Sion,
1403 2362 1549 2434 quod
1595 2362 1795 2433 lignum
1823 2376 1912 2416 re-

310 2462 430 2534 gale
476 2469 532 2517 et
575 2472 817 2525 sacrum,
877 2456 1102 2513 haberet
1150 2456 1645 2525 interpretationem
1700 2452 1769 2507 de
1814 2451 1911 2507 he—

309 2554 524 2624 braico,
576 2553 629 2609 in
684 2564 919 2625 graecum
960 2552 1044 2608 vel
1073 2550 1333 2615 latinum,
1382 2548 1586 2603 tentatio
1640 2544 1913 2601 exacerba—

316 2650 469 2704 tionis
498 2648 581 2705 vel
607 2646 922 2722 speculatio,
970 2661 1036 2702 eo
1062 2644 1205 2718 quod
1244 2645 1312 2700 de
1344 2644 1487 2715 ligno
1537 2641 1916 2714 speculabatur

310 2750 437 2798 ante
462 2754 525 2798 se
549 2748 762 2797 stantes
786 2740 957 2795 bonos
984 2746 1040 2795 et
1070 2737 1262 2793 malos.

310 2861 315 2866 -
387 2833 527 2890 XIII.
559 2831 635 2887 Ita
658 2832 961 2887 invenimus
989 2829 1165 2902 ipsum
1189 2826 1523 2884 Salvatorem
1551 2838 1648 2896 per
1670 2822 1917 2880 Salomo-

315 2941 439 2981 nem
465 2926 733 2997 speculum
777 2922 1162 2979 immaculatum
1198 2918 1373 2976 Patris
1411 2932 1532 2975 esse
1572 2918 1771 2974 dictum
1795 2960 1809 2983 ,
1851 2932 1918 2973 eo

313 3017 458 3089 quod
476 3017 706 3088 Spiritus
723 3024 938 3095 sanctus
960 3012 1055 3071 Dei
1076 3012 1247 3070 Filius
1271 3011 1598 3084 geminatum
1621 3024 1679 3067 se
1706 3009 1914 3076 videat;

315 3109 475 3167 Pater
500 3109 554 3164 in
581 3108 715 3165 Filio
742 3118 796 3165 et
821 3107 990 3164 Filius
1018 3107 1069 3162 in
1098 3106 1275 3172 Patre,
1300 3106 1511 3174 utrique
1554 3116 1614 3159 se
1648 3104 1703 3157 in
1745 3116 1804 3158 se
1838 3102 1919 3156 vi-

2015 1898 2341 1956 maledicens
2380 1909 2435 1955 et
2462 1900 2825 1969 comminans,
2876 1916 2943 1956 ne
2974 1901 3027 1956 in
3066 1903 3277 1958 vineam
3321 1905 3493 1961 viator
3534 1904 3621 1961 iur

2017 1994 2214 2049 audeat
2263 1991 2555 2059 accedere,
2609 1992 2794 2049 dicens
2826 2011 2837 2046 :
2876 2012 2896 2046 ‹
2930 1994 3159 2050 Rectum
3185 1997 3419 2053 ambula.
3460 2018 3479 2051 ι
3510 1999 3620 2055 Fur

2015 2096 2216 2156 autem,
2249 2088 2441 2144 timens
2469 2082 2656 2142 vocem
2685 2088 2832 2158 pueri
2869 2088 2968 2144 sibi
2992 2092 3390 2162 comminantis,
3428 2094 3623 2165 refugit

2015 2181 2085 2237 de
2132 2181 2285 2236 vinea
2318 2221 2333 2246 ,
2372 2180 2644 2250 speculam
2696 2178 2874 2249 videt,
2930 2196 3121 2237 vocem
3159 2182 3340 2253 audit,
3394 2199 3618 2256 puerum

2017 2273 2160 2329 intus
2180 2273 2230 2327 in
2256 2272 2471 2343 specula
2485 2273 2585 2329 sibi
2605 2273 3020 2331 comminantem
3044 2290 3149 2330 noti
3164 2275 3332 2345 videt,
3359 2285 3414 2332 et
3427 2278 3619 2335 timens

2018 2375 2140 2438 post
2166 2367 2303 2421 viam
2327 2380 2478 2421 suam
2504 2365 2668 2421 vadit.

2088 2459 2207 2516 XV.
2250 2458 2376 2514 Hinc
2421 2456 2759 2514 conversatio
2796 2458 3073 2516 szecularis
3119 2461 3387 2519 similatur
3431 2465 3621 2535 gratia:

2019 2549 2264 2621 spiritali.
2291 2548 2369 2604 Ita
2397 2557 2481 2605 est
2513 2550 2656 2605 enim
2687 2559 2740 2606 et
2777 2549 2829 2605 in
2872 2551 3069 2622 populo
3115 2549 3335 2622 deiﬁco,
3386 2554 3524 2610 sicut
3566 2556 3621 2612 in

2017 2643 2173 2697 vinea
2205 2650 2437 2697 terrena.
2467 2639 2636 2723 Vinea
2670 2641 2948 2698 Dominica
2984 2651 3040 2699 et
3081 2644 3336 2715 spiritalis
3365 2646 3516 2717 plebs
3539 2657 3625 2705 est

2020 2732 2472 2801 Christianorum,
2524 2746 2643 2804 quae
2686 2733 2989 2790 custoditur
3030 2737 3186 2806 jussu
3236 2738 3330 2794 Dei
3373 2739 3549 2795 Patris
3590 2756 3622 2794 a

2020 2842 2189 2900 puero
2208 2826 2422 2883 Christo
2451 2826 2507 2880 in
2536 2824 2663 2896 ligni
2689 2826 2905 2896 specula
2931 2828 3183 2883 exaltato.
3210 2828 3363 2896 Quod
3385 2830 3431 2885 si
3451 2832 3624 2885 viator

2022 2921 2267 2977 diabolus
2289 2964 2304 2989 ,
2339 2918 2716 2991 perambulans
2736 2918 2876 2973 viam
2900 2920 3239 2987 saecularem,
3269 2937 3432 2977 ausus
3463 2921 3624 2979 fuerit

2024 3015 2091 3072 de
2120 3016 2273 3071 vinea
2296 3012 2525 3084 spiritali
2556 3011 2832 3067 hominem
2863 3010 2932 3067 de
2971 3011 3127 3083 plebe
3154 3012 3429 3069 Dominica
3468 3029 3624 3087 sepa-

2024 3118 2145 3165 rare
2173 3119 2225 3165 et
2250 3121 2482 3175 vexare,
2527 3105 2708 3161 statim
2741 3120 2769 3158 a
2802 3116 2969 3177 puero
3003 3105 3209 3162 caelesti
3237 3123 3368 3163 voce
3407 3123 3629 3180 correp-

315 3203 476 3270 deut,
525 3202 648 3259 ideo
677 3201 953 3273 speculum
981 3198 1406 3255 immaculatum.
1439 3196 1568 3250 Nam
1610 3203 1664 3250 et
1692 3208 1791 3249 nos
1826 3194 1917 3265 qui
1943 3204 1988 3267 ί]
2025 3210 2108 3257 ωε
2157 3207 2213 3255 ει
2258 3198 2588 3269 spiritalibus
2632 3197 2812 3268 ﬂagris
2865 3197 3213 3266 emendatus,
3262 3201 3491 3257 exulans
3556 3200 3625 3256 ad

316 3300 392 3356 illi
417 3299 716 3364 credimus,
748 3294 1019 3353 Christum
1046 3295 1099 3350 in
1129 3291 1285 3348 nobis
1307 3298 1577 3361 tamquam
1617 3289 1672 3344 in
1702 3287 1920 3360 speculo

321 3391 601 3457 videmus,
644 3390 701 3444 in
732 3389 848 3459 ipso
891 3401 990 3442 nos
1017 3385 1317 3441 instruente
1342 3391 1396 3439 et
1430 3389 1683 3437 monente
1709 3383 1762 3435 in
1797 3380 1922 3450 Epi-

314 3487 465 3541 ‘stola
512 3482 737 3539 Joannis
780 3479 1024 3551 discipuli
1067 3480 1147 3534 sui
1184 3476 1252 3533 ad
1286 3476 1582 3546 populum:
1617 3474 1703 3528 Ita
1744 3488 1823 3527 me
1866 3472 1922 3526 in

333 3578 475 3634 vobis
498 3577 677 3644 uidete,
708 3572 960 3646 quomodo
980 3573 1092 3643 quis
1121 3579 1342 3626 vestrum
1367 3586 1420 3625 se
1442 3569 1576 3624 videt
1599 3568 1654 3621 in
1678 3582 1810 3637 aqua
1834 3575 1925 3621 aut

321 3673 377 3728 in
405 3671 614 3743 speculo
643 3684 663 3724 :
688 3678 741 3724 et
773 3666 1064 3723 conﬁrmat.
1082 3664 1488 3722 Salomonicum
1516 3662 1718 3717 dictum
1759 3659 1828 3716 de
1866 3674 1925 3716 se

322 3767 508 3823 dicens
534 3784 547 3819 :
581 3763 684 3833 Qui
704 3768 781 3819 est
804 3760 1066 3831 speculum
1082 3758 1471 3813 immaculatum
1502 3755 1700 3810 Patris.

393 3860 534 3918 XIV.
561 3860 757 3916 Verum
787 3858 949 3914 etiam
989 3867 1043 3912 et
1069 3856 1230 3911 vitem
1273 3861 1531 3909 aeternam
1564 3861 1621 3908 et
1651 3864 1834 3907 veram
1863 3862 1924 3905 se

323 3972 445 4012 esse
471 3953 633 4019 dixit;
660 3951 874 4007 Patrem
906 3964 1063 4006 suum
1094 3946 1403 4018 agricolam.
1438 3944 1493 4000 Si
1520 3959 1647 4015 ergo
1679 3942 1926 3999 Christus

322 4050 446 4105 vitis
482 4060 631 4114 vera,
690 4045 873 4115 utique
917 4050 1124 4099 constat
1188 4040 1309 4111 quia
1344 4045 1399 4094 et
1438 4053 1558 4102 nos,
1600 4038 1690 4108 qui
1740 4036 1792 4091 in
1835 4035 1927 4092 illo

326 4142 597 4198 credimus
626 4147 681 4194 et
709 4138 883 4208 ipsum
915 4134 1186 4190 induimus
1205 4174 1221 4201 ,
1262 4146 1448 4187 sumus
1475 4131 1596 4187 vitis
1624 4146 1779 4197 vera,
1808 4146 1930 4203 quae

329 4243 411 4290 est
437 4234 592 4287 vinea
635 4229 914 4284 Dominica
937 4270 952 4295 ,
993 4236 1048 4283 et
1087 4223 1338 4281 Christus
1365 4231 1550 4280 custos
1591 4226 1759 4280 vinea:
1784 4239 1927 4295 sum,

2025 3292 2377 3350 centesimum
2400 3332 2415 3358 ,
2463 3288 2650 3361 eﬁ‘ugit
2687 3289 2741 3344 in
2770 3288 2903 3344 locis
2939 3288 3104 3345 aridis
3142 3300 3197 3347 et
3224 3290 3475 3347 desertis.
3530 3290 3627 3348 Hic

2026 3394 2112 3446 est
2137 3396 2317 3443 custos
2358 3400 2493 3456 puer
2535 3383 2679 3438 ﬁlius
2716 3381 3055 3450 Dominicus;
3088 3383 3179 3455 qui
3216 3386 3427 3442 vineam
3472 3399 3622 3439 suam

2026 3483 2128 3539 sibi
2158 3496 2187 3536 a
2211 3488 2361 3552 patre
2384 3476 2814 3534 commendatam
2835 3475 3144 3532 saivandam
3166 3486 3223 3533 et
3244 3476 3621 3533 reservandum

2028 3578 2236 3649 accepit
2262 3596 2275 3631 :
2306 3575 2372 3631 de
2395 3588 2502 3646 quo
2529 3572 2715 3628 Esaias
2738 3568 2999 3643 propheta
3023 3570 3168 3625 canit
3185 3613 3199 3636 ,
3230 3570 3415 3626 dicens
3443 3588 3457 3623 :
3491 3569 3627 3624 Ecce

2030 3687 2155 3743 puer
2197 3684 2338 3722 meus
2377 3665 2763 3729 dilectissimus,
2815 3677 3004 3733 ponam
3041 3677 3194 3731 super
3234 3677 3349 3714 eum
3387 3660 3623 3731 spiritum

2028 3778 2195 3816 meum
2214 3802 2228 3828 ,
2261 3767 2308 3813 et
2344 3755 2590 3826 iudicium
2617 3753 2850 3826 gentibus
2879 3753 3129 3807 nuntiabit
3157 3768 3175 3807 :
3201 3769 3303 3807 non
3340 3752 3620 3819 clamabit,

2027 3868 2188 3922 neque
2208 3847 2493 3904 contendet.
2521 3845 2837 3900 Arundinem
2870 3852 3160 3915 quassatam
3190 3859 3289 3898 non
3315 3844 3625 3916 confringet,

2030 3955 2073 4003 et
2104 3946 2264 4000 linum
2305 3942 2563 4016 fumigans
2593 3955 2694 3993 non
2743 3938 3021 4010 extinguet,
3060 3936 3389 4008 quoadusque
3407 3937 3628 4007 expellat

2028 4039 2084 4095 in
2110 4034 2428 4091 contentione
2441 4031 2697 4103 judicium
2713 4044 2733 4096 ,'
2760 4038 2810 4084 et
2850 4029 2903 4084 in
2933 4028 3136 4084 nomine
3161 4028 3272 4099 ejus
3300 4026 3485 4084 Gentes
3510 4043 3622 4083 στας

2033 4133 2151 4189 dent
2176 4139 2223 4187 et
2248 4126 2541 4202 sperabunt.

1671 4339 2031 4398 VARIORUM
2067 4332 2296 4396 NOTAE.

404 4458 675 4515 Xll.—De
707 4456 938 4513 hebraico
976 4458 1031 4511 in
1060 4471 1303 4529 graecum,
1333 4454 1413 4509 vel
1442 4454 1754 4529 inglatinnm.
1785 4453 1931 4529 Istud
1956 4456 2011 4516 D
2281 4475 2355 4529 ή-
2387 4441 2664 4529 speculam
2696 4433 3638 4529 ςξιξιέιςςξζιζηῑίιιξίξιξξιξμιὶξϐβςξίρξξρς

331 4533 583 4589 extribus
608 4530 727 4584 aliis
753 4545 885 4583 mss.
917 4543 1012 4597 pro
1039 4525 1102 4582 e'o
1132 4525 1273 4596 quod
1298 4536 1445 4587 erat,
1492 4527 1545 4579 in
1570 4541 1735 4596 grteco
1763 4536 1807 4580 et
1847 4528 1928 4581 la-

333 4606 458 4657 tino.
487 4603 690 4656 'l‘amen
711 4601 858 4654 locus
890 4596 1065 4654 adhuc
1091 4598 1371 4653 obscurus.
1392 4596 1521 4663 Qum
1544 4611 1671 4651 vero
1702 4612 1933 4668 sequun-

332 4686 418 4729 tur
439 4673 778 4743 iutelligenda
807 4681 933 4726 sunt
951 4674 1091 4725 sicut
1114 4683 1296 4743 supra.
1330 4668 1535 4723 Pun.

410 4739 736 4800 Xlil.—:P8l'
763 4743 1107 4798 Salomoncm.
1151 4739 1219 4794 Et
1249 4739 1335 4793 hic
1378 4751 1432 4795 et
1480 4748 1636 4793 antea
1683 4740 1940 4796 adscribit

336 4817 610 4873 Sainumni
641 4829 852 4885 quoque
881 4811 1166 4885 Sapientia:
1195 4811 1648 4885 liliru‘in_._PAnEt..

409 4888 474 4942 In
494 4882 731 4958 Epistula
751 4882 970 4958 Joannis
997 4884 1243 4958 discipuli
1259 4883 1358 4958 sui.
1383 4882 1653 4958 Nusquam
1687 4883 1790 4958 tale
1810 4882 1940 4954 quid

409 4900 474 4942 ιη
494 4900 731 4958 ιεριδιοια
751 4900 970 4939 Joannis
997 4900 1231 4953 azsctpun
1259 4900 1358 4937 sm.
1385 4900 1653 5007 nusquam
1687 4900 1790 4937 tale
1810 4900 1940 4954 quid

336 4959 536 5014 habent
580 4956 804 5013 Joannis
836 4957 1089 5026 Epistulae.
1142 4955 1442 5026 catholicm.
1520 4953 1715 5026 ridetur
1763 4955 1941 5024 itaque

338 5030 706 5097 reponendum
734 5024 957 5092 Jacobi,
985 5036 1045 5081 ut
1074 5024 1276 5081 aliudat
1302 5024 1368 5079 ad
1401 5025 1561 5080 illud:
1596 5025 1696 5079 llic
1736 5042 1943 5094 compa-

337 5096 534 5156 rabitur
562 5101 668 5154 viro
696 5099 1040 5154 consideranti
1080 5098 1275 5151 vultum
1309 5113 1458 5152 suum
1488 5097 1540 5151 in
1567 5096 1793 5166 speculo.
1826 5099 1944 5166 Quo

340 5173 511 5245 magis
535 5173 703 5229 miror
736 5170 878 5243 quod
908 5170 1052 5243 legat
1069 5166 1615 5295 Cambronensis,Pad
1642 5166 1884 5223 Paulum.

1566 5254 1730 5295 Αιιει..

1566 5254 1730 5296 AIEL.

2038 4505 2179 4580 nihil
2200 4521 2399 4576 distare
2433 4505 2667 4569 'Credidit
2694 4505 2971 4580 speculum
3000 4515 3053 4561 et
3077 4505 3348 4580 Speculum
3383 4524 3396 4561 :
3424 4506 3637 4580 pariter

2040 4578 2242 4669 peritus
2259 4585 2648 4669 delivationum
2663 4588 2715 4635 et
2728 4578 3103 4669 mysteriorum
3121 4578 3400 4669 interpres.
3424 4578 3633 4669 Pagina.

2114 4660 2378 4720 XV.-—Et
2407 4659 2460 4711 in
2488 4654 2690 4709 nomine
2717 4649 2828 4721 ejus
2851 4658 3023 4721 gentes
3048 4649 3251 4702 credent
3275 4661 3320 4701 et
3340 4650 3633 4722 sperabunt.

2044 4738 2216 4794 Etiam
2232 4736 2334 4789 hoc
2350 4739 2429 4785 est
2449 4723 2805 4793 iisdem,quin
2828 4722 3011 4794 miror,
3028 4735 3149 4794 cum
3164 4731 3217 4775 et
3237 4723 3375 4790 apud
3400 4722 3629 4788 Esaiam,

2045 4791 2107 4865 et
2128 4805 2267 4876 apud
2300 4798 2607 4876 Matthzeutn
2641 4791 2745 4850 non
2794 4792 2937 4848 aliud
2956 4791 3241 4876 habeatur,
3271 4807 3431 4873 quam
3456 4809 3635 4865 spem-

2046 4862 2190 4946 bunt,
2219 4887 2393 4948 graece
2433 4878 2489 4925 et
2514 4869 2721 4948 latiue;_
2741 4880 2928 4948 neque
2951 4865 3112 4948 etiam
3145 4862 3445 4936 Cyprianus
3480 4862 3641 4948 supra

2046 4952 2140 5009 lib.
2174 4935 2380 5005 'Tiistim.
2401 4957 2459 5011 ιι,
2485 4955 2604 5011 cap.
2654 4939 2758 5004 15,
2788 4936 2931 4994 aliud
2962 4936 3106 5009 legat
3150 4935 3601 5061 quagxugedcnt.

3304 5021 3468 5062 AIEL.
