4202 6272
518 389 621 451 910

1998 385 2407 444 TRACTATUS

3721 378 3840 445 920

1832 683 2528 769 TRACTATUS

1010 875 2233 1029 ADVERSUS
2384 843 3341 1032 JUD/E'OS

524 1139 708 1227 QUI
747 1138 1285 1215 INSECUTI
1334 1140 1602 1217 SUNT
1645 1144 2172 1219 DOMINUM
2237 1144 2773 1218 NOSTRUM
2814 1146 3166 1221 JESUM
3215 1146 3843 1236 CHRISTUM,

1843 1320 2143 1378 INCERTO
2182 1321 2531 1378 AUCTURE.

599 1505 640 1559 l.
685 1504 995 1559 A'r'rexnrre
1027 1517 1240 1557 sensum
1270 1512 1322 1556 et
1351 1502 1755 1572 intelligentiam
1795 1512 2025 1559 vestram
2079 1488 2206 1569 irrA
2235 1502 2391 1572 aquis
2447 1502 2828 1559 iunndautilms
2866 1504 3138 1583 deperire.
3198 1504 3364 1577 Igitur
3417 1516 3600 1576 postea
3646 1506 3842 1564 salvus

526 1598 728 1670 Spiritu
771 1605 976 1661 sancto,
1019 1605 1075 1650 ut
1124 1611 1228 1650 non
1272 1606 1473 1650 tanttttn
1503 1598 1719 1669 auribus
1749 1598 1995 1663 audiatis,
2027 1596 2123 1653 sed

526 1694 684 1745 etiam
729 1689 900 1744 oculis
925 1690 1159 1744 cernatis
1184 1687 1421 1743 divinum
1463 1689 1663 1744 Christi
1707 1699 2120 1755 sacramentum.

526 1780 760 1838 Cernitis
800 1793 924 1836 aute
950 1801 976 1833 η
1013 1797 1107 1852 per
1142 1780 1300 1839 ﬁdem
1333 1791 1563 1835 \‘Csll‘nm
1600 1800 1612 1836 :
1646 1780 1831 1837 audire
1860 1784 2003 1837 enim
2031 1799 2127 1838 ne-

532 1876 799 1930 cessitatis
824 1884 927 1939 (ι›ι,
955 1873 1176 1929 credere
1215 1874 1606 1929 sollicitudinis.
1641 1874 1863 1929 Aurinm
1893 1874 2126 1929 ollicium

528 1977 633 2032 est,
683 1967 1049 2022 indifferenter
1098 1968 1294 2035 pariter
1348 1982 1479 2019 vana
1528 1978 1687 2036 atque
1732 1967 1880 2021 utilia
1926 1967 2128 2037 perspi-

533 2073 688 2123 cere;
723 2058 844 2111 lidci
895 2067 1096 2123 autem,
1129 2057 1339 2112 nmmisi
1370 2074 1487 2128 ane
1519 2057 1855 2126 probaverit,
1885 2059 2128 2115 credere.

530 2151 713 2219 Neque
757 2151 899 2205 enim
943 2150 1230 2221 quidquam
1269 2150 1487 2220 prodest
1518 2151 1744 2205 libenter
1769 2151 1978 2217 amlire,
2028 2152 2128 2207 nisi

530 2246 817 2300 credulitas
865 2246 1102 2299 auditum
1145 2246 1448 2301 conﬁt-met.
1508 2243 1652 2298 Fidei
1681 2245 1821 2299 oculi
1861 2256 1984 2301 sunt
2015 2247 2130 2315 spi-

534 2340 688 2402 ritus,
747 2355 843 2410 per
895 2354 1054 2408 quem
1112 2338 1362 2394 vident‘hr
1415 2338 1693 2406 spiritalia.
1752 2339 1804 2391 ri
1864 2353 1993 2407 ergo
2039 2354 2133 2391 vos

530 2431 661 2485 estis
715 2431 1017 2500 spiritales,
1068 2430 1343 2501 iutelligitc
1394 2430 1684 2486 coelestia..
1715 2430 1929 2486 Similes
1988 2430 2131 2485 enim

530 2526 610 2577 Stti
656 2523 848 2578 similia
894 2531 1284 2594 recognoscunt
1326 2522 1529 2576 :ctiam
1582 2533 1726 2577 inuta
1765 2523 2017 2578 animalia
2064 2523 2131 2578 de'

532 2620 680 2674 vocis
717 2633 851 2673 sono
896 2618 1121 2673 invicem
1149 2633 1208 2672 se
1236 2615 1568 2686 itttrlligunt,
1604 2618 1785 2673 leones
1833 2618 2130 2682 fremitum,

529 2712 670 2766 tauri
726 2712 981 2781 mugitum
1029 2719 1084 2765 et
1127 2710 1278 2765 miles
1319 2712 1461 2765 tuine
1505 2711 1692 2763 voces!
1741 2710 1952 2778 Quanto
2000 2725 2131 2781 ergo

534 2806 717 2861 verius
767 2804 1037 2872 spiritales
1084 2803 1342 2873 spiritalia
1390 2803 1723 2874 intelligunt,
1775 2802 2027 2858 caelestes
2079 2813 2136 2858 et.

2186 1664 2189 1665 ν
2235 1596 2408 1650 factus
2446 1607 2530 1651 est
2556 1612 2678 1652 cum
2706 1598 2819 1653 suis
2842 1596 2976 1664 Noe,
3018 1599 3105 1654 cui
3133 1600 3411 1655 constituit
3438 1610 3494 1655 et
3523 1601 3662 1671 Dens
3694 1617 3837 1671 prte-

2235 1688 2375 1755 cepti
2419 1688 2499 1742 sui
2540 1688 2969 1745 tcstiﬁcationcm
2996 1690 3180 1746 dicens
3209 1708 3221 1743 :
3257 1692 3436 1745 (intui:
3473 1708 3553 1747 res
3582 1693 3729 1747 ribus
3754 1710 3843 1748 vo-

2233 1780 2332 1847 bis,
2383 1781 2530 1846 quasi
2559 1782 2802 1852 pabulum
2827 1782 3044 1846 alterunt,
3070 1794 3281 1852 excepta
3309 1801 3464 1839 came
3504 1787 3557 1839 iu
3584 1789 3839 1857 sanguine

2234 1875 2349 1927 vita-
2393 1872 2547 1944 (Gen.
2603 1890 2675 1937 ix,
2723 1874 2803 1945 5);
2837 1884 2892 1929 et
2921 1876 3099 1946 posuit
3141 1876 3298 1947 hujus
3338 1876 3727 1934 testiﬁcationis
3755 1881 3836 1935 si-

2235 1980 2397 2037 gnum
2430 1966 2480 2019 in
2527 1964 2811 2019 arcn.Post
2839 1965 2953 2020 lucc
3006 1982 3190 2022 rursus
3222 1968 3480 2024 lmininus
3512 1969 3651 2027 Deus
3678 1972 3839 2025 testi-

2237 2054 2428 2109 licatus
2456 2063 2543 2110 cst
2576 2056 2803 2110 Abrahtc
2830 2056 2883 2110 itt
2910 2055 3077 2118 Isaac.
3122 2058 3225 2112 hoc
3261 2060 3422 2115 modo
3456 2061 3637 2116 dicens
3664 2080 3676 2115 :
3710 2061 3828 2116 Tibi

2235 2146 2365 2202 dabo
2405 2148 2539 2202 hinc
2576 2159 2764 2202 terram
2806 2158 2857 2203 et
2887 2150 3067 2204 semini
3097 2160 3203 2218 tuo,
3245 2160 3291 2205 et
3334 2154 3525 2224 faciam
3570 2164 3616 2207 te
3640 2165 3840 2224 patrem

2237 2244 2515 2297 multarum
2550 2246 2774 2312 gentium
2827 2241 2987 2312 (Gen.
3023 2260 3153 2312 xvn,
3194 2244 3277 2317 8).
3328 2246 3393 2300 Et
3428 2247 3627 2303 exinde
3660 2249 3835 2304 incre-

2240 2338 2314 2391 vit
2357 2351 2540 2392 scmcn
2574 2337 2624 2391 in
2677 2337 3070 2393 multitudinem
3126 2339 3328 2410 populi,
3380 2349 3436 2396 et
3463 2340 3698 2398 divisum
3753 2352 3842 2399 est

2240 2429 2292 2482 in
2347 2428 2628 2484 duodecim
2679 2430 3033 2485 Patriarchas.
3091 2430 3199 2487 Sed
3254 2433 3415 2487 etiam
3473 2432 3579 2488 illis
3621 2450 3835 2505 quoque

2242 2521 2497 2575 Dominus
2553 2523 2983 2578 tcstilicationem
3049 2524 3224 2595 posuit
3282 2525 3335 2579 in
3391 2537 3574 2582 monte
3620 2528 3832 2583 Church

2240 2628 2335 2683 per
2370 2613 2621 2684 Moysen,
2671 2614 2740 2670 de
2800 2631 2905 2686 quo
2956 2616 3076 2672 loco
3119 2617 3358 2686 expulsis
3397 2620 3671 2689 gentibus,
3704 2637 3837 2676 con-

2240 2707 2410 2761 stituit
2456 2707 2559 2762 illic
2609 2707 2858 2776 populmn
2912 2724 3072 2778 quem
3121 2712 3331 2780 accepit
3355 2720 3409 2767 et
3452 2714 3692 2782 possedit
3721 2730 3820 2784 pro

2240 2797 2404 2851 missa
2436 2798 2536 2852 sibi
2572 2797 2885 2854 ha-reditate
2914 2817 2927 2855 :
2961 2802 3154 2872 quibus
3190 2803 3354 2859 etiam
3408 2804 3662 2876 pleraque
3688 2807 3840 2877 signa

536 2898 779 2954 limi-edes
806 2899 971 2968 patris
1015 2898 1098 2951 sui
1148 2907 1410 2966 praecepta
1461 2907 1510 2952 et
1546 2912 1606 2952 ea
1653 2912 1772 2966 qute
1815 2906 2136 2952 testamento
2168 2899 2215 2958 Β
2245 2901 2298 2944 et
2343 2891 2598 2946 miracula
2632 2892 2868 2948 ostendit
2929 2894 3088 2961 licus,
3136 2897 3287 2965 quasi
3330 2897 3645 2954 charissima
3700 2899 3833 2954 lilio.

532 2991 697 3061 patris
740 2991 818 3044 sui
858 3000 1012 3045 cauta
1059 2986 1219 3043 sunt?
1262 2988 1369 3043 Vos
1398 3003 1548 3058 erga,
1603 3003 1724 3043 cmn
1771 2988 1887 3041 sitis
1932 2985 2134 3043 Chrisﬁ

537 3082 804 3145 hmredcs,
853 3080 1129 3153 intelligite
1181 3089 1557 3137 testamentum
1601 3080 1736 3148 ejus.
1770 3079 1919 3148 Quod
1949 3080 2135 3149 siquis

534 3191 632 3247 per
683 3186 894 3230 aetatem
940 3176 1115 3230 minus
1155 3175 1401 3231 docibilis
1454 3185 1536 3229 est
1576 3173 1642 3229 ad
1687 3172 2130 3243 intelligendum,

534 3268 696 3324 habet
736 3269 991 3336 Spiritum
1033 3277 1276 3321 sanctum
1315 3270 1684 3336 interpretem.
1738 3266 1889 3321 illum
1937 3281 2130 3337 sequa-

534 3370 655 3425 tur;
703 3361 795 3414 illo
833 3361 969 3413 duce
1007 3370 1061 3414 et
1091 3359 1345 3430 magistro
1374 3358 1621 3414 facillime
1650 3362 1848 3429 poterit
1878 3362 1998 3413 novi
2029 3369 2135 3415 tes-

538 3452 760 3506 tamenti
782 3453 901 3519 jura
928 3453 1281 3519 virtutemque
1297 3466 1645 3522 cognoscere,
1673 3451 1812 3522 quod
1848 3451 2136 3509 luereditas

536 3543 783 3614 gentibus
812 3544 1117 3597 contributa
1165 3551 1270 3608 est,
1315 3546 1416 3597 hoc
1462 3546 1641 3598 modo.

612 3637 675 3691 ll.
722 3637 862 3692 Dens
910 3644 963 3690 et
1002 3636 1161 3692 Pater
1192 3636 1242 3691 in
1274 3635 1540 3707 principio
1588 3636 1712 3691 ferit
1740 3636 2009 3693 hominem
2038 3651 2134 3691 sua

536 3746 717 3795 manu,
770 3745 999 3800 eumque
1047 3728 1223 3799 pesnit
1269 3731 1319 3786 in
1359 3728 1628 3799 paradiso.
1660 3728 1785 3784 data
1815 3742 1961 3783 certa
2006 3744 2137 3783 con-

536 3821 738 3879 ditione
792 3832 1180 3893 prmceptornm
1208 3822 1349 3897 vine,
1395 3823 1526 3893 legis
1564 3831 1617 3878 et
1666 3823 1995 3877 testamenti.
2042 3821 2137 3878 lllc

536 3928 738 3982 autem,
765 3916 1089 3985 centemptis
1119 3914 1286 3984 patris
1310 3913 1609 3985 praeceptis,
1659 3915 1911 3983 expulsus
1937 3924 2017 3969 est
2040 3929 2134 3984 pa-

536 4008 715 4062 radiso
761 4009 810 4059 in
843 4023 994 4060 suam
1026 4008 1349 4076 terrigenam
1378 4007 1728 4072 nativitatem,
1766 4007 1815 4060 in
1843 4022 1945 4076 qua
1973 4008 2134 4062 etiam

536 4100 824 4154 defunctus
871 4108 990 4151 est:
1024 4100 1118 4151 sed
1163 4099 1306 4154 Deus
1333 4100 1611 4156 suscitavit
1650 4114 1818 4169 genus
1841 4098 2042 4169 justum
2070 4100 2137 4156 de

478 4186 489 4190 ’
537 4209 743 4249 semine
785 4193 935 4256 Adw,
986 4193 1127 4262 quod
1160 4208 1342 4247 semen
1373 4195 1707 4247 conservavit
1751 4193 1801 4246 in
1855 4193 2131 4262 populum,

2240 2982 2341 3037 Sed
2376 2982 2512 3037 idem
2539 2984 3071 3056 p0pulu5,perceptis
3110 2994 3187 3041 tot
3217 2989 3487 3058 tantisque
3535 2989 3828 3057 beneﬁciis,

2241 3074 2551 3131 adversatus
2595 3086 2677 3130 est
2707 3078 2865 3145 patri,
2894 3089 2949 3133 et
2969 3078 3255 3150 dereliquit
3287 3080 3455 3136 Deum
3487 3082 3683 3137 vivum.
3716 3083 3839 3139 De—

2242 3169 2456 3240 reliqnit
2511 3171 2657 3225 enim
2716 3169 2879 3227 Israel
2913 3173 3222 3239 Dominum,
3281 3175 3576 3232 ostendens
3613 3177 3663 3231 ei
3694 3187 3839 3247 terga

2239 3274 2289 3316 et
2316 3278 2418 3316 non
2444 3264 2628 3318 facient
2662 3281 2673 3315 :
2709 3280 2831 3318 nam
2868 3263 3059 3321 faciem
3086 3280 3236 3321 suam
3263 3270 3527 3324 convertit
3565 3272 3632 3324 ad
3665 3270 3837 3333 idola;

2240 3365 2294 3410 et
2348 3356 2715 3413 interﬁciendo
2764 3359 2958 3414 missos
3009 3358 3076 3414 ad
3127 3374 3187 3416 se
3238 3360 3562 3431 Prophetas,
3621 3364 3716 3432 qui
3771 3364 3844 3419 de

2240 3450 2455 3504 Chri~lo
2508 3452 2891 3520 prmdicabant,
2948 3454 3144 3511 exinde
3192 3456 3464 3512 consuevit
3494 3457 3657 3512 Israel
3708 3474 3842 3527 pcr-

2241 3543 2389 3610 sequi
2420 3539 2714 3610 Christum,
2752 3560 2858 3600 non
2890 3555 3093 3603 tantum
3120 3548 3172 3602 in
3194 3563 3415 3618 corpore
3437 3548 3837 3617 advenientem,

2240 3635 2333 3691 scd
2362 3636 2524 3691 etiam
2551 3651 2671 3693 cum
2701 3653 2730 3692 a
2760 3638 3041 3708 Prophetis
3077 3641 3504 3698 antnmtiarezur.
3548 3642 3844 3700 Universos

2241 3730 2437 3785 ctenim
2487 3742 2635 3786 Vates
2675 3734 2938 3803 persecuti
2991 3744 3144 3799 sunt,
3207 3750 3276 3791 ex
3327 3736 3521 3807 quibus
3576 3736 3835 3807 quosdam
3902 3726 3918 3741 ’

2240 3824 2504 3893 lapidibus
2556 3825 2831 3894 inscctati,
2881 3828 3015 3884 alios
3065 3829 3280 3900 indigne
3341 3831 3700 3887 excruciando
3745 3848 3837 3902 pe-

2240 3925 2544 3981 remerunt,
2603 3934 2706 3973 non
2767 3928 2967 3974 tantum
3005 3921 3167 3991 ipsos,
3219 3921 3313 3976 sed
3370 3934 3424 3978 et
3472 3938 3571 3995 per
3605 3939 3693 3979 cos
3730 3923 3834 3977 Do-

2242 4010 2442 4064 tninmn
2478 4009 2771 4067 Christum.
2795 4016 2924 4082 Quae
2954 4017 3097 4071 enim
3128 4016 3288 4088 hujus
3315 4018 3596 4088 probatio?
3634 4020 3839 4075 scilicet

2239 4117 2305 4158 eo
2353 4104 2494 4165 quod
2544 4106 2899 4175 insimulatus,
2929 4120 2984 4165 et
3013 4110 3227 4177 inﬁdos,
3277 4123 3332 4166 et
3374 4113 3631 4181 perﬁdos,
3683 4129 3839 4169 men-

2241 4195 2419 4260 daces,
2465 4207 2520 4254 et
2563 4204 2864 4259 contrarios
2910 4204 3109 4261 Christi
3138 4207 3507 4277 susceperint;
3554 4222 3711 4282 veros
3743 4224 3840 4262 an-

536 4299 700 4353 super
732 4285 897 4338 lilitnn
934 4282 1044 4339 Noe
1074 4292 1129 4337 et
1159 4281 1401 4339 ltarrcdes
1440 4283 1575 4352 ejus.
1606 4280 1681 4336 Ex
1715 4282 1804 4336 tllo
1830 4298 2029 4352 genere
2053 4285 2131 4337 in-
2159 4293 2205 4356 C
2239 4303 2344 4345 tem
2384 4299 2438 4345 et
2469 4292 2589 4348 lidei
2625 4295 2813 4363 plenos
2848 4297 3299 4369 impugnaverint.
3350 4300 3573 4372 Moysen
3606 4280 3841 4355 maledi-

536 4378 684 4431 venit
734 4377 1002 4431 ltotninetn
1032 4376 1255 4444 justum,
1298 4377 1381 4429 cui
1412 4376 1691 4445 imperavit
1730 4385 1786 4430 ιιι
1829 4375 2028 4431 faceret
2056 4377 2134 4430 l'a-

534 4471 737 4526 bricam
770 4472 821 4525 in
873 4471 1090 4525 modum
1120 4470 1414 4532 machinsn,
1448 4469 1756 4539 capacitatis
1785 4479 1944 4523 certre
1977 4483 2131 4523 mcu-

537 4579 786 4618 surarum
828 4564 1210 4635 compagibus;
1242 4572 1297 4616 ttt
1330 4562 1422 4616 illa
1454 4562 1701 4616 conditus
1727 4576 1847 4614 cum
1883 4558 2136 4615 fratribus

533 4656 646 4709 suis
690 4654 823 4721 Noe,
873 4664 1180 4711 servaretur
1229 4670 1323 4723 per
1354 4652 1480 4710 illud
1530 4668 1702 4724 genus
1736 4669 1748 4705 :
1782 4652 2136 4723 scdjusserat

533 4750 697 4817 Deus,
756 4762 972 4822 pr0pter
1016 4750 1330 4818 injustitiam
1374 4749 1684 4814 hominum,
1732 4748 1921 4804 orbem
1974 4757 2131 4817 terra}

2236 4383 2447 4447 cehant,
2482 4387 2727 4452 quoniam
2754 4387 3025 4460 Christum
3049 4389 3407 4460 przedicabat:
3444 4392 3648 4447 Datban
3690 4407 3838 4447 ama-

2238 4473 2385 4537 bant,
2435 4479 2686 4546 qnoniam
2741 4479 3013 4536 Christum
3070 4500 3174 4538 non
3232 4484 3607 4554 pr:cdicabat:
3662 4487 3838 4540 Aaron

2241 4567 2595 4639 repudiabant
2635 4569 2685 4624 in
2726 4572 3049 4636 saccrdmio,
3083 4578 3333 4647 quoniam
3361 4575 3559 4631 Christi
3590 4577 3839 4631 similitu-

2239 4657 2416 4713 dinem
2463 4661 2819 4729 pra-l'ercbat:
2864 4665 3063 4722 Abiron
3109 4668 3541 4731 constituebant,
3583 4669 3835 4738 quoniam

2235 4748 2450 4806 Christo
2471 4754 2872 4811 contradicebat
2904 4775 2917 4810 :
2949 4757 3112 4814 David
3134 4758 3377 4824 oderant,
3402 4761 3657 4831 quoniam
3685 4761 3839 4817 Chri-

1905 4885 1984 4938 V'A
1995 4882 2254 4941 RIORUM
2295 4886 2523 4945 NOTAE.

602 5012 793 5069 l.—ln
826 5013 1047 5086 Spiritu.
1071 5012 1206 5068 Male
1224 5011 1493 5086 Pamelius
1514 5017 1566 5086 rt
1593 5008 1643 5063 in
1672 5006 1889 5074 Spiritu.
1909 5005 2127 5086 blattas.

602 5077 882 5141 Attendite'
904 5102 1104 5140 seruum
1132 5094 1185 5139 et
1222 5084 1606 5150 intelligentiam
1637 5090 1871 5133 vestram.
1909 5077 2127 5133 Videtur

532 5157 771 5212 alludere
811 5156 874 5211 ad
903 5158 1029 5211 illtnl
1062 5155 1254 5224 Philip.
1288 5149 1525 5208 ινρριω
1557 5152 1647 5206 Dei
1674 5149 1924 5204 custodiat
1951 5166 2127 5204 sensus

528 5238 576 5282 ct
604 5229 958 5295 intelligentia:
988 5239 1196 5282 vestras.
1273 5226 1478 5280 PAMEL.

604 5292 834 5354 Similes.
864 5300 954 5354 Sic
979 5301 1193 5354 codices
1214 5311 1368 5357 mss.;
1398 5296 1585 5349 similia
1613 5293 1762 5349 editi.
1796 5292 1958 5347 Paulo
1983 5301 2123 5361 post,

531 5370 664 5423 tubm
689 5387 830 5424 voces
857 5386 924 5425 ex
951 5371 1071 5425 cod.
1103 5370 1257 5425 Colb.
1288 5368 1415 5423 editi
1453 5367 1643 5430 tubam,
1670 5367 1775 5418 duo
1803 5365 1889 5418 alii
1913 5365 2128 5419 codices

530 5457 663 5496 mss.
690 5442 842 5496 tnbw.
883 5442 1094 5497 MABAN.
1276 5496 1281 5503 ,

600 5512 751 5567 Miles
774 5512 965 5568 tubam.
986 5513 1206 5570 Rectius
1226 5511 1446 5565 dixisset
1462 5526 1614 5582 equus
1637 5508 1826 5563 tubam.
1853 5506 1966 5561 Non
1986 5510 2127 5563 enim

527 5584 682 5639 miles
711 5595 909 5639 mutum
941 5585 1153 5639 animal.
1196 5583 1401 5638 Putat.

601 5656 721 5709 Sui.
756 5656 901 5711 Hanc
932 5671 1117 5711 vocem
1138 5656 1386 5710 addimus
1411 5670 1475 5708 ex
1507 5653 1675 5709 tribus
1692 5651 1967 5707 codicibus
1997 5664 2128 5704 mss.

525 5736 581 5779 et
604 5726 788 5781 Morel.
826 5727 1039 5782 MAIMN.

601 5796 664 5850 ll.
680 5827 751 5917 ᾖ
777 5799 953 5851 Certis.
979 5796 1128 5852 Certa
1149 5810 1766 5869 mensurarum_compugc
1788 5792 1895 5850 duo
1917 5793 2132 5849 codices

601 5879 654 5915 is.
755 5882 911 5917 anan.

526 5878 654 5916 mss.
704 5878 911 5918 MARAN.

2310 5006 2620 5083 Ertio-ibus.
2648 5010 2955 5082 Legendnm
2996 5022 3144 5083 putat
3179 5011 3302 5083 [iliis
3323 5012 3612 5076 Pamelius,
3659 4998 3848 5080 sicque

2230 5082 2281 5135 in
2330 5079 2625 5136 Oxonicasi
2679 5079 2917 5139 editione
2962 5079 3008 5138 le
3050 5079 3188 5149 ituri
3229 5083 3328 5139 sed
3374 5099 3567 5139 omnes
3620 5079 3831 5140 eodiécs

2233 5154 2426 5207 vetusti
2482 5168 2604 5205 cum
2659 5154 2897 5208 Morellio
2950 5100 3149 5208 Invitent
3205 5156 3467 5208 fratribus.
3515 5153 3727 5208 Manu.
3767 5184 3831 5195 —-

2233 5154 2604 5227 \f_etnsti_cnm
2644 5154 2897 5227 Morellio
2950 5153 3149 5211 habent
3202 5156 3467 5227 fratribus.
3515 5153 3727 5210 Manu.
3767 5184 3832 5195 —-

2232 5225 2357 5298 Cum
2408 5223 2529 5298 [iliis
2571 5226 2698 5298 suis.
2741 5225 2969 5282 Prorsus
2998 5229 3077 5282 sic
3118 5223 3395 5298 legendum
3427 5241 3521 5295 pro
3551 5227 3793 5297 fratribus
3816 5268 3828 5281 .

2232 5296 2309 5350 l\'c
2332 5313 2416 5364 pte
2446 5297 2587 5359 enim
2616 5297 2728 5352 Noe
2755 5314 2931 5352 arcam
2982 5296 3254 5367 ittgresstts
3298 5309 3379 5351 cst
3408 5312 3527 5350 cunt
3556 5296 3828 5361 fratribus,

2231 5368 2324 5422 sed
2352 5382 2471 5422 cum
2500 5369 2639 5423 ﬁliis.
2672 5369 2926 5439 Similiter
2954 5377 3108 5437 paulo
3141 5380 3261 5439 post
3279 5385 3403 5423 arcu
3436 5384 3531 5437 pro
3557 5385 3701 5421 arca.
3734 5370 3831 5422 Ρο-

2151 5445 2207 5506 Ῑ)
2236 5440 2338 5493 μιιίι
2359 5442 2500 5494 enim
2524 5440 2884 5495 testimonium
2908 5438 3127 5497 foederis
3146 5438 3295 5497 Dens
3327 5441 3378 5494 in
3413 5455 3542 5494 arcu
3560 5440 3685 5494 caeli
3723 5440 3834 5495 sive

2237 5510 2409 5564 Iridis.
2488 5510 2694 5566 PMIEL.

2310 5580 2375 5634 In
2404 5598 2549 5634 arcu.
2596 5583 2686 5653 Sic
2726 5581 3015 5649 Pamelius,
3053 5583 3301 5653 quamvis
3340 5581 3613 5638 Morellius
3654 5591 3711 5638 ct
3738 5598 3835 5638 co-

2235 5653 2383 5706 dices
2410 5667 2564 5715 mss.
2604 5652 2834 5718 habeant
2859 5655 2911 5707 in
2939 5652 3082 5707 arca.
3123 5653 3333 5709 MARAN.

2306 5722 2372 5777 In
2403 5733 2567 5777 monte
2593 5720 2807 5778 Clioreb.
2854 5723 3034 5780 Secuti
3061 5724 3196 5780 alias
3222 5740 3429 5789 omnes,
3473 5725 3551 5778 sic
3602 5734 3661 5780 et
3702 5724 3843 5780 hanc

2235 5797 2553 5918 scripturam
2586 5794 2743 5862 juxta
2775 5795 2843 5850 70
2886 5798 3060 5859 citat.,
3111 5797 3198 5863 qui
3250 5795 3445 5853 Cltoreb
3495 5796 3682 5865 legunt
3742 5812 3844 5868 pro

2239 5864 2386 5919 (ire.
2469 5865 2675 5919 Pium.

2287 5880 2386 5919 1‘00.
2470 5880 2675 5921 I’ANEL.
