4190 6266
304 325 416 381 921
1248 321 1266 381 τ
1400 356 1432 391 β
1497 357 1526 387 .·

1630 322 1999 383 ADVERSUS
2035 323 2340 382 JUDEOS.
2370 323 2394 396 1

3513 329 3621 386 9ἓὲ

303 454 460 502 stum
508 441 771 498 canebat:
808 441 933 497 Saul
967 440 1314 509 extollebant,
1346 441 1598 511 quoniam
1644 438 1914 499 Christum
1946 445 1993 506 A
2020 451 2302 500 externum
2337 442 2536 500 imitata
2568 452 2671 512 est,
2724 453 2778 501 et
2808 430 3027 516 insuper
3051 443 3379 503 acclamabat
3411 465 3424 502 :
3458 447 3620 520 Afﬁge

306 552 424 590 non
482 534 800 604 loquebatur
829 549 844 587 :
876 532 1179 591 Samnelem
1210 533 1609 603 respuebant,
1659 535 1912 606 quoniam

302 627 586 685 Christum
623 626 938 698 loquebatur
962 645 975 681 :
1019 628 1164 698 Agag
1190 627 1497 696 servabant,
1526 627 1658 683 nihil
1683 630 1826 685 enim
1847 629 1915 686 de

302 719 528 777 Christo
555 718 870 790 loquebatur
901 737 914 774 :
946 718 1267 775 Hieremiam
1304 719 1613 791 lapidabant
1637 718 1913 777 Christum

301 812 687 867 vaticinantem
720 829 731 863 :
772 811 1034 866 Ananiam
1064 812 1356 883 diligebant
1376 811 1589 868 Christo
1615 812 1913 870 adversan-

304 914 420 960 te.n
453 921 467 958 :
498 902 709 957 Esaiam
742 902 997 959 secabant
1026 899 1297 958 Christum
1326 902 1711 959 vociferantem
1746 922 1761 959 :
1803 904 1912 960 Ma-

305 1011 473 1051 nasse
504 996 918 1067 tuagnilicahant
945 995 1219 1051 Christum
1259 1006 1668 1068 persequentem
1703 1018 1716 1053 :
1746 998 1913 1055 Joan-

305 1105 437 1146 nem
465 1090 843 1146 interimebant
865 1090 1139 1147 Christum
1172 1092 1628 1149 demonstrantem
1661 1111 1674 1148 :
1709 1093 1913 1151 Zacha-

304 1183 448 1238 riam
479 1181 1107 1239 trueidabantChristnm
1131 1183 1442 1256 diligentem
1470 1203 1481 1239 :
1515 1185 1705 1243 Iudam
1732 1187 1913 1259 dilige-

302 1274 440 1331 bant
488 1275 761 1331 Christum
795 1277 1110 1333 tradentem.

383 1366 467 1422 III.
513 1367 715 1424 Videtis
750 1368 1200 1439 quemadmodum
1230 1369 1502 1427 Christum
1530 1374 1617 1444 qui
1658 1372 1907 1445 diligunt,

306 1459 567 1517 odiuntur
592 1477 608 1528 ;
641 1463 729 1534 qui
758 1461 966 1527 odiunt,
995 1479 1180 1522 amore
1205 1464 1432 1537 ﬂagrant
1459 1465 1598 1536 apud
1635 1465 1908 1539 indignam

308 1555 549 1625 plebem.
573 1554 618 1611 Ο
650 1557 997 1639 pertinaciam
1030 1561 1417 1628 persecutionis
1439 1560 1710 1632 indignam
1740 1576 1913 1634 usque

304 1647 377 1702 ad
430 1648 619 1704 mortis
639 1650 1139 1707 exterminationem
1174 1654 1188 1708 !
1228 1669 1333 1709 non
1364 1655 1508 1709 enim
1542 1655 1912 1712 tantummodo

306 1751 480 1797 testes
524 1742 733 1798 Domini
774 1743 1246 1814 impugnaverunt,
1296 1746 1391 1803 sed
1429 1756 1485 1802 et
1533 1746 1633 1817 ipsi
1685 1748 1910 1826 Domino

2018 537 2070 590 in
2112 552 2282 603 cruce,
2311 535 2432 591 tolle
2449 552 2468 591 :
2512 536 2721 607 sanguis
2748 536 2905 608 huius
2929 554 3083 610 super
3112 553 3205 593 nos
3231 548 3277 594 et
3302 555 3455 610 super
3480 540 3620 610 ﬁlios

2017 636 2218 682 nostros
2248 625 2460 698 (Ibid.).
2520 626 2765 684 Violenta
2803 628 3116 696 crudelitas,
3165 638 3218 686 et
3270 629 3420 701 plebs
3458 630 3618 686 inhu-

2017 733 2206 786 mana,
2249 730 2303 775 et
2353 719 2516 776 corda
2546 719 2758 786 obtusa,
2788 730 2842 777 et
2870 720 3009 777 oeuli
3062 720 3277 786 reclusi,
3332 721 3618 779 interfece-

2016 822 2143 867 runt
2160 812 2297 868 bene
2315 823 2611 870 merentem
2634 828 2812 882 suum,
2832 829 2931 870 nec
2952 814 3217 886 lacrymas
3236 813 3614 885 profuderunt.

2017 902 2294 974 Lngebant
2322 906 2588 975 Apostoli,
2616 916 2671 963 et
2694 906 2922 978 populus
2952 905 3318 978 gloriabatur:
3352 907 3615 967 tremebat

2018 1007 2177 1065 terra,
2230 1010 2284 1053 et
2314 1000 2464 1070 plebs
2513 1001 2822 1067 laetabatur;
2864 1001 3205 1070 indicabatur
3237 1000 3514 1068 Dominus,
3558 1013 3613 1059 et

2012 1088 2178 1146 Israel
2221 1091 2531 1147 exultabat:
2575 1093 2875 1164 patiebatur
2918 1093 3190 1160 Christus,
3221 1103 3278 1150 et
3331 1093 3479 1166 impii
3511 1111 3609 1151 ex—

2014 1183 2356 1239 clamabant:
2388 1186 2730 1243 cruciabatur
2770 1186 3050 1256 Dominus,
3097 1196 3152 1242 et
3197 1186 3349 1259 plebs
3393 1187 3612 1243 laetaba-

2014 1275 2201 1342 batur;
2249 1278 2676 1349 suspendebatur
2728 1279 3014 1346 Dominus,
3059 1288 3114 1335 et
3168 1279 3319 1351 plebs
3363 1279 3615 1352 epulaba-

2015 1375 2100 1422 tur
2126 1354 2143 1422 γε
2187 1368 2287 1424 hac
2314 1369 2664 1441 ignominiosa
2692 1385 2786 1425 sua
2813 1372 3151 1427 solemnitate
3179 1371 3360 1444 iniqua
3389 1374 3611 1428 consilia

2014 1458 2467 1530 consignaverunt
2515 1459 2711 1516 delicto
2743 1460 3169 1534 crudelitateque
3194 1478 3311 1518 sna.

2085 1550 2152 1607 V.
2194 1551 2288 1606 Dic
2333 1551 2465 1608 mihi
2489 1563 2542 1609 et
2568 1552 2809 1624 loquere,
2867 1552 3028 1625 impie
3058 1544 3244 1620 Israel,
3293 1553 3453 1611 talem
3484 1556 3612 1612 bos-

2016 1642 2143 1697 tiam
2184 1641 2447 1709 obtulisti,
2501 1645 2636 1715 patri
2666 1643 2999 1701 immolando
3039 1660 3194 1700 suum
3229 1645 3435 1706 filium?
3464 1646 3610 1703 Talia

2016 1736 2295 1807 profudisti
2328 1737 2603 1806 libamina,
2643 1739 2957 1811 sanguinem
2989 1738 3224 1810 pignoris
3248 1740 3608 1811 acceptissimi

305 1834 500 1905 perfidi
550 1836 726 1890 coloni
771 1838 1151 1893 contumeliam
1206 1837 1449 1895 fecerunt
1480 1839 1621 1895 Patri
1665 1840 1717 1896 in
1748 1841 1902 1898 Filio.

2017 1829 2163 1884 Deo?
2209 1829 2450 1886 Ducebas
2475 1829 2725 1898 choreas,
2746 1830 3099 1899 Hierusalem,
3133 1846 3253 1886 cum
3283 1830 3612 1888 interficere-

305 1926 445 1995 Quid
477 1928 635 1998 igitur
659 1927 805 2000 digni
834 1928 1053 1985 fuerunt
1076 1931 1183 2001 pati
1210 1932 1280 1987 ob
1309 1931 1410 1987 hoc
1442 1931 1776 1987 admissum?
1800 1933 1908 1987 sci-

305 2018 431 2075 lit-et
466 2019 635 2091 fugari
661 2018 729 2076 de
758 2035 946 2092 regno,
975 2022 1209 2078 abdicari
1240 2022 1556 2080 haereditate
1586 2039 1602 2078 :
1631 2031 1686 2079 et
1707 2023 1774 2079 ita
1799 2022 1906 2079 fac-

307 2118 420 2165 tum
448 2120 550 2176 est,
586 2119 639 2166 et
669 2112 738 2166 ita
770 2118 968 2178 evenit,
1001 2112 1161 2185 digna
1190 2113 1367 2185 dignis
1393 2114 1719 2186 obtigerunt.
1751 2115 1910 2172 Pater

306 2205 455 2260 enim
496 2206 874 2261 contumeliam
915 2221 1108 2278 passus
1129 2207 1181 2262 in
1212 2207 1370 2273 Filio,
1408 2207 1575 2264 Filius
1621 2223 1909 2279 perpessus

305 2295 360 2351 in
393 2295 675 2368 Prophctis
705 2307 946 2368 tempore
981 2313 1088 2370 quo
1124 2299 1527 2367 moriebantur;
1559 2301 1610 2355 in
1638 2316 1737 2356 suo
1768 2313 1906 2356 tem-

305 2403 440 2459 pore
464 2401 682 2445 coactus
715 2401 798 2446 cst
837 2390 1200 2463 indignatione
1225 2394 1462 2451 scribere
1514 2410 1710 2450 novum
1742 2404 1908 2452 testa-

306 2483 863 2559 mentumLadhibitis
909 2485 1134 2540 testibus
1162 2488 1304 2543 coelo
1329 2498 1383 2543 et
1415 2498 1556 2543 terra
1602 2497 1660 2545 et
1693 2491 1900 2563 Angela

306 2573 375 2629 de
410 2569 635 2643 iemplo,
666 2576 1049 2632 assistentibus
1076 2577 1258 2649 Moyse
1302 2590 1357 2635 et
1406 2578 1577 2635 Helia.
1612 2580 1721 2635 Hos
1767 2582 1910 2637 enim

228 2662 233 2665 ’
308 2675 474 2721 testes
502 2667 764 2733 adhibuit,
793 2682 914 2723 cum
946 2679 1218 2739 pateretur
1238 2669 1291 2725 in
1310 2668 1501 2732 Israel;
1530 2671 1646 2728 lucc
1672 2672 1742 2726 ita
1769 2672 1909 2730 facta

305 2758 551 2829 pra‘dixit
565 2760 1066 2832 perl’rophetas,his
1082 2764 1258 2819 verbis
1276 2782 1287 2815 τ
1306 2763 1458 2833 Audi,
1477 2765 1733 2831 mlunt,et
1745 2768 1913 2837 prwbe

304 2868 499 2917 aurem,
535 2863 689 2920 terra,
757 2856 997 2923 quoniam
1049 2856 1302 2910 Dominus
1349 2856 1547 2911 locutus
1581 2868 1691 2924 est;
1745 2857 1910 2916 Filios

303 2949 453 3020 genui
479 2958 524 3004 et
554 2952 800 3015 exaltari;
831 2950 928 3021 ipsi
969 2961 1137 3005 autem
1167 2967 1247 3007 me
1265 2960 1556 3021 spreverunt
1585 2951 1719 3024 (Isa.
1756 2969 1793 3017 ι,
1830 2952 1907 3026 2).

378 3041 468 3097 IV.
513 3042 618 3097 llas
644 3057 799 3098 voces
819 3043 1006 3099 effudit
1037 3044 1294 3100 Dominus
1318 3047 1368 3100 in
1400 3045 1583 3114 Israel,
1605 3047 1908 3104 vociferans

304 3142 360 3191 et
392 3133 621 3192 dicens:
660 3135 770 3191 Vos
811 3150 898 3191 me
926 3136 1192 3202 noluistis,
1222 3135 1312 3191 alii
1366 3151 1454 3192 me
1488 3137 1769 3207 recipient,
1811 3138 1903 3207 qui

2016 1933 2101 1978 tur
2134 1921 2416 1987 Christus;
2448 1923 2635 1980 faustis
2663 1923 2884 1980 vocibus
2931 1935 3123 1980 cantus
3159 1924 3344 1993 dabas,
3381 1941 3502 1981 cum
3527 1925 3609 1981 di—

2011 2030 2165 2071 ceres
2216 2015 2449 2084 :Afﬁge,
2501 2017 2770 2087 suspende.
2820 2016 3048 2089 Propter
3101 2016 3203 2073 hoc
3248 2017 3300 2073 in
3360 2017 3501 2075 fame
3558 2028 3612 2075 et

2014 2108 2067 2165 in
2124 2109 2441 2182 argritudine
2471 2128 2484 2164 :
2514 2110 2718 2179 Popule
2751 2111 2914 2166 Israel
2957 2111 3232 2184 (queritur
3277 2110 3347 2168 de
3393 2122 3444 2168 te
3510 2113 3614 2167 Do-

2013 2205 2243 2270 minus),
2276 2205 2602 2273 Neomenias,
2651 2208 2745 2273 ait,
2777 2206 3040 2262 sabbatum
3093 2217 3140 2262 et
3196 2206 3331 2264 diem
3373 2223 3612 2279 magnum

2012 2317 2114 2355 non
2138 2302 2327 2369 patior;
2344 2301 2499 2371 ferias
2526 2310 2572 2355 et
2585 2301 2846 2372 jejunium
2878 2309 3145 2355 execratur
3159 2301 3333 2354 anima
3351 2316 3460 2354 mea
3475 2300 3612 2371 (Ian.

2014 2409 2050 2458 ι,
2086 2392 2200 2465 t5).
2225 2391 2334 2447 Nec
2357 2392 2625 2448 immerito
2655 2378 2798 2447 Deus
2823 2391 3353 2447 odivitcaeremonias
3378 2399 3612 2454 vestras,

2014 2484 2066 2539 in
2105 2484 2298 2555 quibus
2317 2484 2531 2539 unicum
2558 2494 2611 2539 et
2643 2484 2952 2554 primarium
2978 2482 3170 2539 Filium
3203 2483 3321 2554 ejus
3352 2483 3611 2555 peremis-

2016 2576 2101 2630 tis.
2135 2574 2180 2630 Ο
2218 2575 2359 2631 diem
2385 2576 2602 2642 durmn,
2636 2586 2691 2632 et
2720 2576 2905 2633 horaut
2933 2575 3191 2644 liebilem,
3220 2587 3274 2632 et
3300 2576 3611 2632 solemnita-

2017 2678 2122 2724 tem
2181 2669 2496 2741 lugubrem,
2547 2679 2600 2725 et
2656 2681 2852 2726 terram
2904 2670 3188 2727 infaustam
3240 2680 3295 2727 et
3338 2671 3608 2726 civitatem

2015 2762 2313 2833 profanam,
2341 2771 2395 2818 et
2422 2767 2675 2834 populum
2705 2764 2913 2820 Domini
2933 2775 3370 2823 nececruentum
3396 2766 3409 2817 ι
3438 2763 3608 2819 Inter-

2015 2854 2259 2911 fecernnt
2301 2856 2443 2911 enim
2477 2855 2784 2923 Dominum,
2838 2866 2892 2912 et
2930 2857 3190 2912 latronem
3221 2856 3601 2912 liberaverunt.

2013 2946 2095 3001 Ob
2140 2946 2277 3001 hanc
2306 2962 2436 3017 ergo
2467 2939 2684 3002 causam
2727 2955 2946 3002 coactus
2971 2956 3055 3003 est
3102 2946 3360 3003 Dominus
3406 2961 3604 3001 novum

2013 3036 2190 3094 facere
2242 3048 2640 3102 testamentum.
2663 3038 3035 3110 consignatum
3059 3048 3263 3110 septem
3291 3037 3601 3109 signaculis,

2014 3139 2149 3185 teste
2208 3130 2392 3203 Moyse
2422 3130 2492 3203 ’et
2534 3130 2680 3187 Helia
2731 3132 2782 3185 in
2832 3140 3044 3198 monte;
3096 3130 3184 3185 ubi
3238 3132 3491 3201 prmcepit
3539 3146 3632 3205 ne

303 3228 538 3283 nondum
572 3245 669 3285 nec
697 3231 1025 3284 mentionem
1062 3229 1168 3285 mei
1197 3229 1499 3285 audierunt,
1552 3230 1660 3285 vos
1688 3233 1902 3302 nuptias
1926 3238 1973 3301 ς
2011 3221 2284 3293 patefieret
2310 3223 2604 3295 Scriptura:
2622 3234 3038 3286 sacramentum,
3065 3222 3352 3279 nisiFilius
3374 3224 3606 3279 hominis

304 3336 452 3377 meas
480 3322 782 3392 sprevistis,
823 3323 912 3376 alii
953 3322 1106 3398 ibunt
1134 3323 1223 3392 qui
1252 3338 1358 3377 non
1389 3331 1516 3378 sunt
1551 3324 1748 3379 vocati.
1792 3323 1902 3381 Vos

302 3431 480 3470 meum
519 3432 606 3471 rus
637 3423 693 3471 et
738 3415 948 3471 vineam
981 3430 1155 3472 meam
1184 3415 1363 3472 colere
1409 3417 1725 3484 recusastis,
1759 3417 1900 3475 unde

302 3506 504 3562 fructus
547 3508 761 3577 )nstitim
793 3508 1140 3578 proveniunt;
1170 3507 1259 3564 alii
1286 3508 1465 3564 colent
1489 3517 1543 3564 et
1573 3509 1775 3565 fructus
1803 3524 1898 3565 ca-

259 3658 268 3665 ,
302 3598 445 3667 pieut
482 3598 535 3652 in
580 3599 708 3655 Deo.
747 3599 878 3667 Quae
906 3602 1002 3656 isra
1034 3610 1140 3655 tam
1172 3601 1284 3656 dira
1319 3616 1472 3656 mens
1498 3610 1553 3657 ct
1590 3601 1896 3658 execranda

299 3689 585 3758 cztgitatio?
628 3690 937 3746 Ittterlicere
976 3706 1105 3761 ergo
1151 3693 1400 3763 potuistis
1437 3707 1620 3763 regem
1648 3702 1701 3748 et
1729 3709 1897 3762 spon-

299 3782 451 3837 sum?
492 3791 708 3855 propter
736 3786 836 3839 hoc
863 3794 1026 3839 testes
1054 3794 1180 3841 sunt
1203 3786 1399 3840 caelum
1428 3795 1481 3841 et
1508 3795 1671 3849 terra,
1701 3796 1754 3842 et
1777 3801 1897 3857 qua:

298 3875 351 3930 in
382 3874 486 3931 illis
519 3887 641 3932 sunt
671 3877 936 3933 elementa
965 3896 977 3932 :
1010 3879 1231 3949 insuper
1258 3880 1433 3935 onmis
1467 3889 1712 3936 creatura
1746 3880 1897 3935 testis

299 3977 380 4023 cst
418 3969 469 4023 in
497 3982 725 4025 mortem
763 3971 982 4027 Christi.
1015 3972 1060 4027 0
1085 3987 1277 4027 novam
1306 3972 1717 4029 crudelitatem!
1747 3988 1898 4029 com-

298 4072 435 4118 m'ita
477 4075 560 4118 est
599 4064 775 4119 omnis
820 4066 1070 4119 natii-itas
1107 4065 1176 4121 .in
1220 4064 1427 4120 Domini
1462 4066 1744 4134 passione;
1799 4080 1897 4137 po-

300 4154 452 4221 pulus
495 4156 692 4221 mansit
725 4156 1015 4212 immobilis
1059 4157 1176 4211 sine
1223 4156 1622 4227 trepidatione:
1652 4158 1892 4229 Angelus

283 4243 348 4303 ,in
397 4245 762 4312 pmnitentiam
795 4249 1011 4303 conciso
1042 4248 1306 4303 velamine
1334 4247 1529 4320 refugit
1555 4266 1569 4315 ;
1622 4248 1771 4318 plebs
1799 4266 1895 4305 au-

298 4344 401 4392 tem
433 4336 550 4391 sine
604 4353 818 4407 pavore,
845 4340 1049 4413 integra
1084 4352 1230 4397 veste
1257 4344 1553 4412 permansit
1580 4362 1595 4398 :
1627 4358 1890 4402 conversa

297 4436 418 4485 sunt
443 4429 705 4485 elementa
735 4442 791 4487 et
821 4432 1073 4501 confusa;
1122 4435 1286 4492 Israel
1315 4450 1538 4492 securus
1580 4436 1812 4493 duravit.
1845 4440 1891 4495 0

297 4521 484 4578 duritia
508 4525 669 4578 nova!
693 4540 726 4578 o
752 4524 971 4581 audacia
1000 4528 1308 4598 singularis!
1331 4544 1366 4584 o
1392 4529 1610 4601 perfidia
1636 4533 1887 4589 cruenta!

2007 3317 2395 3373 resurrexisset
2438 3332 2466 3371 a
2497 3315 2762 3372 mortuis:
2797 3315 2915 3385 sed,
2958 3331 3082 3371 mox
3112 3325 3171 3371 ut
3215 3316 3447 3372 surrexit
3499 3317 3604 3371 Do-

2006 3409 2310 3487 minuspdie
2340 3411 2516 3475 tertia,
2566 3411 2779 3481 aperuit
2823 3417 3199 3466 testamentum
3243 3424 3463 3475 novum,
3497 3417 3610 3465 tes-

2004 3510 2295 3558 tamentum
2318 3503 2500 3567 vitale,
2524 3512 2683 3574 atque
2701 3504 2769 3558 ita
2787 3502 2921 3558 dixit
2950 3520 2963 3557 :
2989 3520 3007 3555 ι
3028 3500 3237 3569 Venite,
3263 3509 3463 3558 extera:
3485 3519 3609 3573 gen-

2004 3603 2105 3661 tes,
2140 3594 2384 3651 hzeredes
2426 3595 2565 3660 mei;
2611 3595 2771 3652 Israel
2813 3596 2957 3651 enim
2995 3610 3104 3651 non
3125 3595 3399 3651 obaudivit
3429 3614 3441 3650 :
3473 3612 3606 3668 qua-

2003 3696 2222 3758 propter
2268 3688 2361 3749 ite.
2389 3688 2661 3759 discipuli,
2706 3687 2760 3743 in
2789 3688 3250 3759 nltimam‘usque
3296 3699 3515 3754 terram,
3549 3700 3602 3745 et
3700 3730 3711 3743 .

2001 3777 2287 3848 prmdicate
2312 3792 2408 3848 per
2432 3780 2617 3834 orbem
2647 3777 2729 3833 his
2746 3779 2958 3835 verbis:
2981 3778 3481 3851 «Venitenndique,
3508 3797 3601 3852 pa-

2003 3872 2117 3926 trne
2162 3871 2422 3940 gentiunt,
2451 3871 2668 3928 introite
2702 3872 2753 3927 in
2796 3878 3053 3928 mternam
3081 3872 3483 3938 hereditatem;
3518 3875 3597 3930 ls-

2001 3963 2108 4020 rael
2145 3965 2291 4020 enim
2338 3964 2524 4020 noluit.
2565 3964 2644 4022 Ne
2685 3965 2970 4033 dubitetis;
3021 3967 3165 4024 nulla
3215 3968 3302 4025 hic
3347 3970 3596 4040 exceptio

1999 4066 2101 4123 cst,
2143 4072 2241 4114 nec
2272 4057 2639 4128 ingenuitatis,
2672 4045 2771 4115 tice
2797 4059 3087 4131 dignitatis,
3116 4076 3214 4117 nec
3244 4062 3588 4130 conditionis,

1999 4166 2098 4207 nec
2126 4152 2426 4222 positionis,
2455 4168 2553 4209 nec
2576 4153 2782 4222 formae,
2817 4170 2916 4210 nec
2942 4155 3147 4223 anatis;
3182 4156 3304 4213 licet
3336 4157 3594 4228 dignitate

2000 4244 2286 4314 magnifici,
2332 4244 2454 4301 licet
2485 4245 2715 4312 nobiles,
2773 4247 2899 4303 licet
2944 4262 3124 4314 senes,
3179 4249 3303 4305 licet
3340 4250 3595 4319 juvenes,

1998 4336 2125 4392 licet
2172 4351 2451 4407 pauperes,
2484 4338 2697 4405 divites,
2732 4339 2857 4394 boni
2906 4340 3158 4411 malique,
3191 4340 3395 4395 domini
3429 4350 3589 4411 atque

1998 4432 2161 4499 servi,
2195 4433 2473 4503 aequaliter
2494 4433 2713 4488 introite
2740 4434 2792 4488 in
2840 4433 3206 4488 haereditatem
3234 4450 3247 4486 ε
3281 4443 3336 4488 et
3365 4434 3409 4488 si
3440 4434 3592 4504 pedi.

1997 4525 2097 4581 bus
2121 4536 2308 4597 captus
2335 4536 2499 4596 esset,
2529 4541 2757 4598 corpore
2786 4525 3076 4592 deformis;
3110 4528 3210 4582 etsi
3234 4526 3454 4581 maculis
3480 4535 3593 4581 tur-

298 4614 493 4669 l’ilatns
517 4625 716 4671 extera:
745 4619 920 4688 gentis
943 4618 1104 4688 jndex
1137 4621 1432 4689 swcularis,
1460 4632 1727 4694 potestate
1755 4632 1892 4680 tem-
1915 4634 1971 4696 1)
1996 4621 2100 4691 pis,
2125 4629 2180 4675 ct
2212 4621 2388 4692 capite
2409 4620 2652 4677 defectus
2682 4620 2953 4685 videallll‘;
2997 4620 3099 4676 etsi
3131 4619 3300 4676 oculis
3326 4620 3587 4686 (Ιοῗῡϐιιιε.

300 4707 512 4778 poralis,
547 4707 849 4778 purifieavit
900 4727 1090 4768 manus
1130 4724 1184 4769 et
1214 4714 1388 4770 abluit
1428 4717 1604 4773 scelus
1651 4718 1890 4774 necessi—

299 4800 448 4865 tatis,
477 4799 696 4856 dicens:
731 4799 986 4859 Innocens
1027 4815 1072 4859 et
1100 4805 1339 4862 immunis
1380 4824 1493 4862 sum
1528 4812 1591 4863 ab
1621 4810 1732 4881 ejus
1761 4825 1887 4865 san-

295 4893 440 4964 guine
469 4892 683 4964 (Matth.
708 4911 880 4966 xxvn,
901 4895 1019 4967 24);
1048 4897 1199 4969 plebs
1220 4907 1394 4954 autem
1414 4914 1512 4956 nec
1533 4900 1768 4957 alienum
1793 4914 1891 4958 nec

1994 4715 2259 4771 universis
2301 4714 2472 4772 libere
2530 4714 2654 4770 licet
2699 4713 3040 4770 discumbere
3088 4714 3140 4769 in
3193 4713 3478 4778 convivio,
3535 4722 3591 4769 et

1995 4807 2198 4880 epulari
2244 4808 2296 4863 in
2344 4808 2554 4878 nuptias
2590 4805 2794 4877 sponsi.
2836 4824 2854 4859 ι

2075 4899 2159 4955 γι.
2200 4899 2278 4955 Ne
2303 4898 2577 4955 hominem
2608 4896 2804 4970 pudeat
2832 4913 2932 4955 nec
2961 4898 3157 4968 :etatis,
3191 4912 3290 4955 nec
3316 4897 3588 4954 humilita-

1637 5013 1999 5073 VARIORUM
2039 5012 2268 5071 NOTAE.

360 5099 524 5170 Agag.
566 5102 662 5179 S_ie_
697 5104 898 5179 Pamel.
932 5120 998 5161 ex
1050 5104 1392 5179 contieetttra,
1432 5106 1562 5179 quia
1615 5123 1877 5179 nusquam

294 5185 529 5247 servasse
568 5175 761 5229 tle/tam
808 5176 1054 5247 leguntur
1094 5175 1313 5247 Juda'i,
1350 5178 1445 5233 sed
1464 5175 1492 5233 VI
1526 5177 1656 5244 Reg.
1690 5175 1753 5233 xv
1792 5195 1879 5234 rc-

296 5243 470 5319 [ιετιιιιςΔ
483 5246 789 5319 pepercisse
810 5243 934 5303 Sa'nI
960 5259 1013 5303 et
1041 5247 1269 5319 populus
1289 5246 1434 5318 Agag
1462 5251 1572 5319 regi
1597 5250 1893 5305 Amalech.’

296 5313 564 5371 Mori-llius
589 5328 637 5371 et
670 5327 778 5373 tres
809 5333 937 5372 mss.
972 5313 1188 5373 Achaia.
1233 5313 1443 5375 Manili.

357 5384 819 5459 lll.—-lmlignant.
838 5390 927 5446 Sic
951 5390 1351 5446 etnrndavimus
1380 5391 1696 5447 auctoritate
1712 5393 1873 5449 trium

292 5457 526 5529 codicum
569 5457 698 5514 mss.
732 5460 939 5529 diqnam
972 5462 1125 5517 editi.
1178 5460 1387 5517 Matuta.

360 5526 723 5584 Morirlmntnr.
756 5526 890 5589 Tres
907 5528 1120 5587 codices
1137 5548 1267 5586 mss.
1287 5534 1609 5589 moriebatur.
1656 5535 1869 5590 MAIIAN.

356 5596 734 5669 Indignatinne.
779 5603 868 5659 Sic
914 5603 1097 5659 Morel.
1147 5614 1201 5658 et
1246 5603 1356 5658 duo
1386 5605 1600 5662 codices
1637 5622 1767 5662 mss.
1823 5608 1877 5661 in

292 5668 632 5738 indignatione
673 5673 870 5728 l’amel.
917 5675 1135 5729 Manu:

291 5764 317 5813 ι
358 5740 743 5813 [ΧΠ-ΕΙῙυιΙὶι.
773 5742 1006 5811 E/futtdit
1034 5746 1153 5799 eod.
1180 5744 1415 5802 Colhcrt.
1448 5742 1658 5803 Manut.

357 5810 623 5868 Commota
642 5825 713 5869 est
737 5810 901 5870 omnis
918 5818 1170 5871 nntirt'tas.
1193 5815 1445 5874 Nalivittts
1468 5835 1565 5888 pro
1590 5829 1831 5879 creatura
1855 5834 1875 5874 :

1983 5117 2066 5163 est
2092 5107 2493 5182 antemniirnm
2523 5106 2666 5182 quod
2706 5106 2855 5182 dicit.
2893 5110 3115 5182 Angelus
3158 5110 3212 5165 in
3238 5111 3585 5182 paenitentiam

1982 5178 2456 5263 concisopelaminf
2484 5180 2691 5263 κρίθη.
2716 5250 2730 5263 Δ
2768 5178 2977 5263 Pansae.

2054 5248 2387 5327 Cruciabatttr
2403 5248 2670 5327 Dominus.
2701 5250 2894 5306 Addidi
2922 5265 3106 5308 vocem
3138 5252 3406 5316 Dominus.
3433 5272 3586 5327 pror-

1980 5335 2072 5376 sus
2095 5322 2474 5377 necessariam.
2554 5321 2758 5378 Pansa.

2054 5391 3579 5468 \j.—_Aeceptissimi.Unuseodex_ms.acceptissimunt.Msn.

2051 5462 2413 5536 Consignatum
2434 5474 2639 5536 _septem
2665 5466 2959 5534 signaculis.
2992 5462 3165 5536 Quum
3215 5469 3455 5526 alltttlere
3503 5475 3581 5526 vi-

1980 5533 2171 5589 deatur
2198 5534 2263 5588 ad
2294 5534 2381 5586 lib.
2415 5533 2610 5612 dequo
2642 5533 2862 5612 appeal.
2897 5553 2941 5605 ι,
2977 5533 3243 5609 signatum
3293 5542 3582 5612 signaculis

1980 5616 2207 5683 septem,
2240 5618 2460 5683 prorsus
2487 5606 2768 5683 legendum
2795 5621 2992 5683 censeo
3032 5606 3223 5675 septem
3251 5606 3530 5683 signaculi:
3559 5657 3573 5681 ,

1980 5678 2080 5755 nisi
2102 5677 2221 5755 quis
2247 5676 2395 5730 malit
2426 5677 2528 5755 legi
2552 5696 2583 5730 a
2606 5688 2794 5755 septem
2807 5680 3099 5755 spiritibus,
3126 5676 3324 5754 quippe
3348 5676 3575 5755 quorum

1977 5746 2138 5817 etiam
2161 5746 2331 5817 Apoc.
2361 5762 2402 5814 ι,
2431 5746 2729 5804 llt‘mentio.
2806 5749 3014 5807 Pansa.

1982 5835 1995 5893 ᾖ
2052 5816 2267 5888 Epulnri
2321 5820 2374 5873 in
2421 5821 2644 5890 nuptias.
2701 5819 2790 5876 Sic
2837 5822 2955 5878 cod.
3003 5823 3243 5882 Colbert.
3282 5829 3479 5896 epulari
3510 5828 3578 5884 ad
