4202 6272
1651 365 2064 434 reseruans
2101 372 2467 438 emensus
2502 356 2807 441 Ιυυιεοε.

3764 374 3879 442 εει

567 488 656 553 iis,
686 502 785 543 nec
812 484 1151 553 valetudinis,
1185 503 1282 545 nec
1311 486 1665 559 conditionis;
1702 494 1981 552 consuevit
2009 495 2151 552 enim
2182 498 2232 559 Α
2259 488 2332 553 ris
2363 499 2559 555 nostris
2602 515 2818 557 crucem
2851 499 3062 557 Domini
3090 498 3260 558 nostri
3290 500 3869 574 'gestamus,.crucem

568 578 831 635 Dominus
857 576 1166 649 huiusmodi
1188 580 1454 638 hominem
1484 586 1771 642 sustinere.
1804 585 1936 642 Nam
1971 597 2024 643 et
2051 600 2161 644 ca:-

566 670 645 726 cis
689 672 875 727 oculos
925 673 1187 740 restituit,
1239 684 1290 730 et
1342 674 1564 731 claudos
1602 679 1878 736 ambulare
1920 680 2077 748 fecit,
2112 689 2165 738 et

567 765 731 819 mntis
751 772 1055 821 Sermonem
1085 766 1313 824 reddidit
1345 779 1396 825 ct
1422 766 1722 827 maeulusos
1752 772 2078 841 emundavit,
2111 783 2164 831 et

567 852 808 913 mortuos
838 859 1136 914 Suscitavi‘t.
1185 853 1261 916 Nc
1294 862 1524 917 timentis
1545 905 1559 928 ,
1585 865 1673 936 qui
1708 867 1988 934 peccastis,
2020 870 2162 938 prio-

565 964 652 1006 res
682 948 755 1006 a‘d'
778 950 936 1007 vitam
971 955 1146 1011 venite
1172 968 1184 1009 :
1208 964 1306 1010 nec
1336 956 1425 1027 qui
1456 946 1798 1013 lioniicidium
1829 956 2029 1035 fecerit,
2067 977 2159 1033 pa-

564 1054 706 1109 veat,
735 1045 856 1115 quia
891 1040 1114 1115 fecerat;
1161 1058 1258 1103 nec
1307 1046 1507 1105 furatus
1547 1052 1716 1108 aliena
1747 1052 2014 1124 desperet,
2039 1052 2161 1121 quis

568 1133 924 1203 involave'rat;
979 1154 1076 1196 nec
1132 1138 1442 1210 publicanus
1476 1141 1677 1211 timeat,
1726 1146 1847 1213 quia
1878 1154 2165 1202 concusse-

566 1244 669 1290 rat.
722 1228 982 1292 Omnibus
1018 1240 1159 1293 enim
1194 1239 1438 1296 remissio
1468 1250 1804 1312 peccatorum
1831 1250 2024 1300 statuta
2057 1250 2159 1307 est,

566 1338 621 1385 et
664 1330 799 1386 tales
847 1326 1100 1387 Dominus
1151 1332 1422 1389 desiderat
1464 1332 1759 1391 humilitate
1804 1336 2076 1406 abiectos,
2109 1342 2163 1391 et

565 1424 746 1495 specie
774 1418 1055 1480 indecoros
1077 1468 1092 1492 ,
1126 1435 1179 1481 et
1211 1425 1513 1505 valetudine
1542 1423 1770 1493 fractos,
1814 1438 1870 1483 et
1907 1427 2162 1495 servitute

567 1518 872 1589 depressos.
906 1514 1053 1574 Beati
1077 1504 1218 1574 enim
1245 1520 1299 1574 et
1324 1506 1547 1591 gloriosi
1573 1531 1625 1576 et
1652 1520 1918 1594 magniﬁci
1940 1563 1955 1589 ,
1985 1529 2038 1578 et
2069 1538 2161 1593 po-

567 1620 740 1669 tentes
769 1610 823 1667 et'
850 1608 1043 1668 divites
1070 1620 1121 1668 et
1145 1610 1309 1668 fortes
1327 1657 1342 1681 ,
1374 1613 2031 1686 nolueruntacquiescere
2055 1612 2160 1670 Do-

565 1704 748 1770 mino,
780 1720 951 1776 neque
993 1697 1214 1760 introire
1246 1690 1296 1759 in
1342 1706 1553 1775 nuptias
1582 1704 1797 1776 Sponsi;
1838 1704 2053 1778 insuper
2082 1708 2161 1782 in-

564 1799 875 1871 dignissime
923 1806 1285 1870 perem‘erunt.
1340 1792 1626 1871 PrOpterea
1657 1782 1826 1856 iactus
1853 1800 1934 1858 e‘st
1959 1800 2159 1857 altissi-

2266 606 2425 664 quam
2454 594 2733 651 confessus
2754 603 2838 651 est
2869 592 3031 652 Israel
3062 594 3354 662 Dominus;
3386 596 3477 667 qui
3518 612 3612 654 eos
3654 598 3869 669 placide

2265 685 2637 757 alloquebatur
2664 687 2747 743 his
2774 686 2951 744 verbis
2977 704 2991 741 :
3025 678 3203 743 Venite
3228 686 3301 743 ad
3320 704 3420 754 me,
3458 704 3635 744 omnes
3661 690 3752 761 qui
3778 692 3874 747 sub

2265 795 2415 834 onere
2440 777 2713 843 laboratis,
2752 776 2800 833 et
2839 794 2933 851 ego
2961 796 3048 834 vos
3084 779 3334 849 reﬁciam.
3377 778 3477 836 Est
3513 783 3646 837 enim
3676 785 3867 856 jugum

2266 886 2435 925 meum
2476 870 2735 941 placidum
2760 914 2775 939 ,
2821 882 2867 926 et
2916 887 3045 926 onus
3074 872 3385 928 levissimum
3426 872 3637 947 (Matth.
3670 892 3744 945 st,
3772 876 3872 934 28-

2266 964 2397 1035 50);
2442 960 2495 1021 et
2538 964 2928 1035 responderunt
2977 984 2989 1019 :
3035 962 3158 1020 Non
3205 966 3504 1032 audiemus;
3550 967 3645 1024 scd
3680 978 3873 1039 gentes

2266 1067 2469 1112 nostra:
2506 1056 2897 1122 exaudierunt,
2948 1067 3003 1112 ct
3032 1057 3376 1113 crediderunt
3414 1060 3582 1116 verbo
3620 1062 3868 1132 salutari,

2265 1164 2373 1221 quo
2401 1150 2677 1220 patefacta:
2709 1159 2832 1203 sunt
2876 1164 3036 1205 aures
3065 1163 3252 1205 eorum
3273 1143 3373 1217 ,‘et
3401 1151 3539 1207 oeuli
3574 1152 3869 1213 illuminati

2266 1256 2567 1307 czecorum,
2611 1251 2665 1297 et
2716 1241 2945 1297 elucum
2979 1243 3172 1314 lingua:
3221 1243 3598 1313 impeditorum
3625 1288 3641 1315 ,
3687 1244 3872 1306 claudi

2268 1336 2617 1405 prosilierunt
2644 1334 2784 1389 \elut
2818 1334 2927 1389 fera
2960 1336 3261 1390 lasciviens.
3291 1330 3541 1392 Christus
3570 1339 3715 1393 enim
3742 1352 3870 1396 cum

2267 1442 2366 1483 suo
2397 1442 2560 1499 regno
2590 1426 2777 1482 sedem
2816 1429 2994 1497 posuit
3024 1427 3163 1491 illis;
3194 1429 3349 1499 plebs
3367 1436 3546 1486 autem
3577 1428 3867 1502 derelicta,

2267 1520 2430 1587 nuda,
2456 1520 2690 1587 deserta,
2717 1518 2930 1575 viduata
2955 1535 3124 1595 regno
3148 1521 3359 1578 caelesti
3385 1532 3544 1594 atque
3577 1528 3826 1582 terrestri
3852 1544 3865 1582 :

2266 1616 2389 1666 nam
2417 1622 2445 1665 a
2474 1608 2683 1668 ccclein
2726 1610 2919 1683 abiecti
2957 1623 3122 1681 sunt,
3156 1613 3429 1669 consecuti
3460 1617 3637 1671 omnia
3671 1617 3873 1675 instra-

2268 1714 2445 1761 menta
2477 1718 2598 1777 qua:
2630 1706 2984 1777 possederunt
3004 1748 3018 1772 ,
3050 1704 3301 1779 lychnum
3328 1719 3533 1780 septeni
3576 1710 3866 1779 luminum,

2267 1810 2319 1857 et
2349 1796 2651 1854 machinam
2681 1797 3040 1868 Testatncnt'i,
3074 1810 3127 1856 et
3154 1811 3280 1857 vasa
3311 1817 3479 1871 terea,
3510 1812 3563 1857 ct
3592 1805 3786 1873 tubas,
3818 1818 3871 1863 ct

566 1907 685 1946 lllllS
739 1890 963 1964 quisque
1004 1906 1188 1946 eorum
1213 1933 1227 1957 ,
1283 1888 1644 1958 humillimus;
1692 1900 1748 1948 et
1796 1888 2117 1950 fortissimus
2146 1937 2160 1962 ,
2195 1893 2242 1954 B
2273 1906 2463 1965 panem
2495 1891 2562 1947 de
2591 1888 2767 1956 (telo,
2816 1900 2871 1945 et
2915 1902 3111 1947 terram
3152 1900 3395 1949 sanctam
3433 1894 3569 1950 lacte
3609 1907 3665 1952 ct
3705 1900 3873 1956 melle

567 1981 861 2047 invalidus;
907 1990 961 2039 et
1008 1982 1282 2054 prudens,
1313 1980 1536 2049 stultus;
1576 1994 1629 2040 ct
1665 1972 1858 2040 nobilis
1897 1992 1950 2041 et
1977 1972 2160 2053 dives,

565 2074 968 2147 pauperrimus;
1004 2082 1059 2130 et
1089 2075 1280 2143 hilares,
1308 2075 1584 2133 abdicitus
1612 2092 1628 2131 :
1658 2079 1910 2148 qttoniam
1942 2078 2159 2149 quidem

564 2170 662 2242 ipsi
693 2168 1074 2226 abdicaverunt
1107 2164 1304 2239 Regem
1337 2158 1787 2227 modestissimum
1818 2180 1869 2226 et
1896 2170 2163 2244 benignis-

564 2262 793 2332 simum,
844 2258 1088 2345 dicentes
1115 2252 1294 2332 (Ioan.
1346 2262 1584 2337 six,15)
1637 2282 1647 2317 :
1697 2259 2012 2334 ignoramus
2041 2256 2161 2337 quis

563 2357 632 2412 sit
660 2356 781 2425 hic;
827 2373 929 2413 non
974 2357 1115 2412 enim
1162 2364 1245 2412 est
1282 2355 1402 2413 Rex
1447 2365 1671 2417 noster";
1708 2356 1966 2414 habemus
1999 2359 2159 2415 alium

563 2466 743 2523 regem
775 2451 1039 2507 Cursarem
1062 2493 1077 2519 ,
1110 2459 1391 2522 propterea
1425 2436 1622 2507 habent
1649 2466 1806 2522 quem
1832 2452 2156 2523 petiverunt.

563 2543 714 2600 Tune
759 2543 1022 2614 eumpleta
1068 2550 1154 2598 est
1207 2541 1499 2613 prophetia:
1547 2558 1647 2598 vox
1678 2585 1694 2611 ,
1745 2560 1860 2614 qua:
1919 2545 2162 2616 praedixit

564 2636 670 2691 illis
700 2654 714 2692 :
758 2634 857 2690 Vos
895 2634 1132 2692 noluistis
1160 2650 1345 2706 aquam
1386 2633 1584 2690 Siloam
1609 2644 1734 2706 'qua:
1765 2635 1903 2690 vadit
1934 2632 2155 2706 silentio,

561 2726 655 2784 sed
691 2728 852 2801 magis
878 2728 1105 2785 voluistis
1129 2744 1315 2800 aquam
1341 2725 1548 2783 Rassin.
1599 2728 1926 2803 Quapropter
1974 2732 2158 2786 induco

561 2822 700 2878 vobis
742 2840 909 2896 regem
937 2818 1284 2897 Assyriorum,
1316 2826 1405 2898 qui
1429 2835 1620 2882 montes
1649 2837 1837 2883 vestros
1865 2827 1918 2883 in
1949 2829 2159 2900 planum

562 2912 737 2985 dabit,
782 2926 829 2972 et
854 2918 1079 2973 introibit
1110 2929 1270 2976 terras
1297 2928 1485 2975 vestras
1525 2916 1660 2992 (Isa.
1698 2937 1808 2989 vui,
1853 2921 1929 2994 6).
1984 2904 2158 2993 Atque

563 3009 632 3065 ita
669 3009 865 3066 factum
905 3020 1006 3067 est.
1045 3009 1375 3082 Repudiatus
1414 3012 1556 3068 enim
1599 3010 1844 3071 Christus
1875 3031 1904 3071 a
1938 3014 2155 3087 pupula,

562 3102 707 3157 misit
738 3112 1023 3176 tyrannum
1044 3120 1201 3175 quem
1233 3105 1539 3171 voluerunt,
1570 3105 1662 3177 qui
1703 3104 1946 3162 civitates
1969 3122 2154 3163 eorum

560 3197 761 3267 diruit,
791 3208 847 3255 et
873 3198 1082 3270 plebem
1114 3197 1423 3268 captivitate
1452 3192 1755 3267 damnavit,
1780 3209 1834 3254 et
1862 3202 2031 3274 spolia
2060 3218 2150 3257 ac-

2272 1985 2624 2057 prolluente‘m
2652 2000 2667 2050 ;
2718 1986 2817 2040 hac
2850 1984 3162 2047 hmreditate
3205 1987 3443 2057 privatus
3464 1997 3546 2042 est
3576 1984 3777 2056 Israel,
3812 2000 3873 2047 et

2268 2092 2410 2133 nunc
2434 2072 2723 2132 derelictus
2751 2076 2806 2132 in
2831 2077 2976 2134 omni
3006 2093 3099 2132 sua
3130 2085 3275 2133 terra
3300 2079 3416 2134 sine
3436 2078 3712 2149 alimento,
3746 2083 3875 2139 sine

2268 2169 2486 2225 luminis
2515 2169 2732 2224 auxilio.
2771 2170 3043 2224 Auxilium
3074 2168 3215 2226 enim
3244 2178 3298 2226 et
3327 2171 3634 2241 praesidium
3659 2174 3869 2231 interc-

2264 2262 2431 2331 misti,
2464 2262 2520 2318 et
2554 2262 2731 2317 lumen
2758 2249 3071 2333 persecutus
3098 2276 3177 2331 es,
3211 2272 3266 2319 et
3305 2273 3662 2335 protectorem
3697 2280 3865 2340 repu-

2267 2353 2414 2421 listi,
2467 2358 2521 2409 et
2570 2360 2825 2424 sponsum
2857 2352 3108 2424 afﬁxisti,
3159 2367 3213 2411 et
3273 2368 3451 2427 regem
3492 2360 3866 2429 suspendisti:

2265 2442 2547 2517 prept'crea
2572 2445 2776 2502 exules
2808 2444 2877 2501 de
2905 2447 3073 2517 putria
3116 2456 3234 2516 tua,
3259 2448 3518 2505 oberrans
3550 2451 3693 2506 circa
3725 2448 3872 2509 Gen-

2265 2538 2398 2594 tium
2438 2536 2681 2604 ﬁumina,
2715 2546 2845 2595 voce
2870 2540 3170 2612 supplicum
3205 2554 3364 2611 prece
3384 2540 3821 2610 ﬁevisti',‘diccns
3851 2567 3865 2602 ς

2269 2646 2289 2680 α
2308 2627 2576 2700 Expulsus
2602 2638 2720 2685 sum
2741 2631 2904 2686 miser
2923 2631 2991 2687 de
3010 2632 3243 2703 propriis
3263 2631 3480 2688 sedibus
3494 2636 3649 2703 meis,
3669 2636 3870 2710 hoslies

2264 2724 2319 2774 et
2372 2718 2576 2775 advena
2644 2722 2815 2777 factus
2873 2734 2991 2777 sum
3061 2721 3250 2778 alienae
3302 2727 3692 2793 possessionis,
3745 2730 3869 2785 sine

2262 2810 2445 2878 domo,
2472 2813 2590 2869 sine
2607 2813 2790 2881 'tecto;
2824 2814 3080 2869 miserere
3103 2816 3303 2870 deserti
3327 2826 3381 2871 et
3408 2817 3555 2888 impii
3574 2828 3627 2873 et
3642 2819 3868 2891 indigne

2261 2906 2406 2961 victi.
2433 2924 2452 2958 ι

2333 2997 2469 3054 Vill.
2493 2996 2619 3054 Haec
2644 3008 2799 3071 paena
2831 3000 2883 3054 in
2912 2998 3076 3056 lsrael
3100 3008 3201 3066 est,
3236 3001 3354 3057 haec
3387 3002 3618 3060 conditio
3647 3003 3700 3058 in
3736 3003 3869 3062 Bic-

2260 3090 2529 3159 rusalem;
2576 3101 2630 3147 et
2674 3093 2773 3146 nisi
2818 3093 3180 3148 converterint
3210 3103 3453 3161 mentes,
3485 3106 3539 3150 et
3580 3096 3858 3154 dixerint:

2268 3192 2290 3234 t
2324 3182 2467 3237 Vivit
2508 3182 2767 3238 Dominus
2803 3184 2857 3238 iu
2886 3184 3113 3249 sarcula;
3145 3203 3164 3236 ι
3200 3198 3308 3239 non
3327 3191 3580 3256 poteruot
3598 3188 3797 3244 intrare
3812 3190 3865 3244 iu

561 3289 727 3358 cepit,
758 3299 814 3345 et
852 3290 918 3346 ad
949 3288 1292 3345 solitudinem
1323 3288 1571 3346 Sodoma:
1605 3294 1827 3362 patriam
1855 3272 2041 3349 eorum
2073 3310 2156 3351 re—

2267 3272 2475 3332 Domiui
2506 3280 2764 3349 requiem.
2800 3276 2943 3333 Vivit
2969 3278 3167 3333 etenim
3188 3318 3204 3345 ,
3232 3287 3289 3333 et
3309 3279 3865 3338 vivunthsreditstcs

561 3379 725 3449 degit.
754 3377 895 3451 Nam
924 3377 1171 3436 Dominus
1197 3398 1259 3436 ex
1275 3380 1620 3451 indignatione
1647 3378 1854 3438 abstulit
1883 3384 1944 3438 ab
1966 3378 2156 3439 Hieru-

562 3471 718 3525 salem
752 3471 985 3526 t-irtutem
1015 3471 1161 3541 panis
1188 3485 1233 3525 et
1260 3488 1406 3543 aqua:
1423 3488 1443 3537 ;
1471 3471 1675 3542 fortem,
1708 3473 1963 3545 gigantem
1992 3475 2157 3529 Itomic

562 3578 675 3615 nem
725 3572 769 3616 et
798 3559 1111 3630 bellatorem,
1153 3562 1403 3634 judicent,
1437 3560 1756 3634 prapbetam,
1802 3563 2157 3620 destinatorum

562 3663 608 3708 et
631 3670 801 3708 senem
828 3652 1137 3709 laudabilem
1158 3697 1173 3723 ,
1209 3655 1588 3709 conciliatorem
1613 3665 1661 3711 et
1693 3656 1908 3726 peritum
1936 3658 2152 3711 archite-

561 3757 717 3815 ctum,
749 3758 795 3803 et
818 3746 1117 3819 prudentem
1164 3748 1456 3821 adjutorem
1489 3746 1624 3824 (lsa.
1658 3766 1737 3816 ut,
1770 3751 1843 3822 1).
1867 3751 2013 3805 'llmc
2042 3767 2157 3806 om-

561 3843 645 3897 nia
674 3852 851 3899 autem
881 3844 1075 3899 auxilia
1106 3834 1429 3901 munitiones
1459 3857 1509 3901 et
1542 3846 1939 3917 propugnacula
1981 3855 2156 3902 trans-

560 3933 677 3988 tulit
706 3933 771 3988 ad
805 3932 1022 3997 Gentes.
1054 3945 1106 3989 et
1135 3952 1293 3991 omne
1324 3951 1543 4007 regnum
1575 3952 1728 3991 suum
1773 3937 1936 3992 inﬁxo
1967 3937 2152 4007 signo;

560 4022 880 4079 inhabitavit
939 4026 988 4079 in
1035 4024 1182 4089 illis,
1227 4033 1281 4081 «ιι
1332 4036 1505 4081 Castra
1553 4032 1785 4082 metatus
1824 4036 1906 4084 est
1932 4026 2153 4096 liminis,

559 4126 607 4172 et
641 4117 711 4171 ihi
738 4116 1015 4173 constituit
1038 4118 1249 4172 virtutis
1276 4119 1589 4182 exercitum,
1616 4117 1794 4189 ibique
1818 4120 2076 4191 regnavit.

630 4206 739 4267 γη.
780 4209 898 4266 Non
927 4221 1009 4267 est
1028 4211 1137 4283 jam
1167 4226 1388 4282 regnum
1419 4210 1735 4277 Jerusalem,
1767 4212 1860 4268 sed
1885 4214 1934 4267 in
1964 4213 2150 4268 nobis:

558 4304 657 4370 llic
697 4313 896 4366 castra.
947 4305 1033 4360 hic
1078 4305 1365 4371 exercitus,
1418 4305 1502 4361 hic
1543 4305 1670 4370 dux,
1722 4304 1807 4363 hic
1847 4307 2035 4371 virtus,
2068 4294 2154 4363 bic

555 4412 806 4467 sponsus,
838 4395 926 4452 hic
953 4397 1168 4468 nuptim,
1204 4396 1288 4452 hic
1320 4396 1453 4464 Rex,
1489 4398 1572 4452 hic
1594 4396 1861 4463 Christus,
1896 4399 1981 4452 hic
2022 4401 2151 4465 vita,

558 4491 643 4545 hic
685 4489 983 4558 suscitatio,
1033 4490 1121 4545 hic
1164 4491 1457 4546 mternitas.
1501 4489 1598 4545 llic
1641 4499 1722 4547 est
1761 4493 1850 4563 qui
1890 4490 1958 4548 ab
2002 4492 2154 4548 initio

558 4584 812 4655 ﬁguratus
841 4593 941 4646 est.
970 4592 1024 4640 et
1044 4601 1072 4640 a
1102 4572 1382 4656 l’rophelis
1409 4583 1724 4649 henoratus,
1758 4594 1810 4641 et
1842 4584 1896 4640 in
1928 4584 2151 4647 visceri—

2261 3371 2399 3440 ejus,
2429 3379 2483 3425 et
2510 3372 2638 3426 vivit
2675 3385 2833 3443 quem
2857 3370 3201 3427 interfecistis
3227 3371 3383 3441 impie
3409 3372 3465 3427 in
3484 3372 3825 3430 Hierusalem
3855 3394 3867 3429 :

2261 3473 2317 3518 et
2344 3468 2525 3518 tamen
2556 3474 2662 3517 non
2702 3464 2795 3519 tibi
2843 3473 3007 3520 totum
3045 3480 3195 3535 spem
3224 3463 3505 3533 denegavit
3546 3464 3862 3532 Dominus;

2261 3554 2410 3612 dedit
2453 3557 2596 3611 enim
2635 3557 2847 3613 veniam
2881 3560 3244 3629 ptenitentim,
3275 3559 3321 3616 si
3359 3574 3466 3632 quo
3493 3559 3657 3616 modo
3685 3564 3867 3632 possis

2263 3650 2545 3722 ptenitcre.
2573 3652 2703 3719 Quis
2742 3662 2847 3705 tam
2878 3653 3066 3719 bonus,
3097 3655 3217 3724 quis
3242 3664 3347 3709 tam
3374 3655 3513 3725 pius,
3547 3663 3653 3709 tam
3688 3657 3857 3711 mise-

2261 3742 2470 3797 ricors?
2505 3760 2523 3793 ι
2553 3742 2770 3812 Accipe,
2801 3744 2992 3812 inquit,
3020 3744 3270 3811 salutem,
3304 3745 3430 3800 licet
3450 3761 3536 3801 me
3553 3746 3813 3802 occideris
3852 3766 3863 3801 :

2262 3832 2437 3889 ha'res
2467 3844 2584 3890 esto
2610 3849 2732 3889 cum
2767 3836 2959 3904 libera,
2993 3837 3112 3892 licet
3153 3853 3261 3892 non
3285 3842 3565 3894 merearis.
3617 3839 3865 3910 Ignosco,

2259 3930 2302 3983 si
2339 3938 2389 3983 te
2417 3931 2656 3999 poenitet.
2700 3929 2913 3999 »ΕΙ-κο,
2948 3933 2993 3985 si
3023 3931 3099 3986 las
3127 3941 3247 3997 est,
3280 3933 3359 3987 sic
3401 3935 3577 4003 capite
3626 3943 3865 3988 mentem

2260 4024 2474 4090 bonam,
2500 4024 2585 4079 vel
2614 4038 2738 4079 sero
2761 4025 2842 4079 vel
2875 4025 3023 4082 tarde
3046 4025 3327 4095 intelligite
3366 4034 3739 4081 testamentum
3768 4045 3870 4079 tu:-

2263 4128 2407 4175 t'um.
2433 4117 2526 4174 Eia
2556 4132 2672 4185 vos,
2696 4112 2920 4182 ‘Gentes,
2949 4118 3215 4173 alisolvite
3240 4118 3344 4174 illis
3375 4118 3682 4189 Scriptores
3714 4130 3864 4185 suas,

2257 4221 2313 4268 et
2338 4213 2500 4267 dicite
2530 4227 2543 4265 :
2577 4210 2810 4266 Adorate
2841 4211 3125 4265 Dominum
3159 4225 3258 4282 pro
3284 4210 3491 4266 meritis
3517 4212 3666 4267 suis:
3695 4213 3867 4279 Quum

2258 4314 2442 4379 titanas
2469 4304 2751 4359 extenderis
2770 4346 2783 4369 ,
2814 4304 2928 4357 licet
2950 4319 3251 4375 exaggerat,
3284 4305 3565 4359 orationem
3596 4313 3737 4360 tuam
3766 4321 3867 4360 non

2259 4396 2503 4462 exaudit;
2543 4412 2725 4449 manus
2753 4397 2885 4449 enim
2913 4405 3012 4451 tute
3048 4400 3215 4467 plena:
3234 4406 3354 4451 sunt
3383 4399 3662 4470 sanguine.
3695 4397 3870 4454 Lara-

2259 4490 2405 4556 mini,
2436 4488 2615 4542 mundi
2650 4496 2826 4555 estote,
2850 4496 2896 4541 et
2918 4489 3095 4554 venite,
3120 4489 3494 4558 colloquantur,
3523 4491 3647 4544 dicit
3689 4490 3870 4545 Domi-

2257 4597 2354 4637 nus
2394 4581 2570 4647 Deus;
2614 4581 2766 4635 eluite
2813 4585 3113 4653 sanguinem
3156 4597 3220 4634 ea:
3261 4584 3430 4650 vobis,
3479 4588 3527 4637 et
3573 4585 3869 4638 emundabit

554 4677 654 4733 bus
699 4687 1035 4749 corporatus,
1081 4688 1133 4732 et
1178 4678 1227 4732 in
1274 4677 1506 4734 Iordane
1554 4679 1768 4741 tinctus.
1802 4687 1855 4733 et
1886 4694 1913 4733 a
1954 4679 2151 4749 populo
2178 4682 2232 4743 1)
2258 4674 2414 4729 corda
2460 4683 2627 4727 vestra
2670 4689 2823 4745 super
2869 4678 3064 4741 nivem,
3121 4675 3322 4728 animas
3362 4683 3555 4730 vestras
3601 4692 3762 4747 super
3791 4676 3869 4730 lac

556 4775 918 4839 contemptus,
948 4773 1074 4825 etin
1107 4769 1248 4840 ligno
1270 4783 1582 4839 suSpensus,
1618 4779 1672 4824 et
1700 4770 1752 4824 in
1795 4779 1937 4825 terra
1970 4771 2150 4842 sepul-

555 4870 661 4939 tus.
702 4861 799 4917 Hic
825 4873 905 4917 est
940 4864 1028 4932 qui
1073 4864 1216 4935 rupit
1252 4873 1403 4918 vetus
1444 4878 1599 4941 suum
1647 4871 2025 4918 testamentum
2051 4906 2066 4932 ,
2097 4872 2151 4919 ct

554 4954 774 5025 scripsit
804 4966 1000 5011 novum
1024 4997 1039 5021 ,
1069 4973 1176 5026 quo
1208 4954 1410 5012 Gentes
1438 4953 1502 5009 ad
1549 4956 1949 5025 possessionem
1982 4957 2149 5012 lieno-

554 5061 670 5103 rum
721 5061 938 5103 suorum
986 5048 1193 5105 vocavit
1241 5067 1254 5104 :
1301 5050 1526 5121 ideoque
1566 5063 1665 5106 nos
1704 5047 1907 5106 Gentes
1956 5050 2146 5106 Imme-

2345 4786 2393 4823 a.
2426 4784 2465 4835 ι,
2492 4768 2602 4835 15).

2345 4786 2393 4823 a.
2451 4812 2465 4835 ,
2492 4768 2518 4822 1
2589 4810 2602 4823 .
2732 4810 2737 4817 .

2260 4766 2705 4919 (ΙῖΧ.ιΑοῗίόῑιθ
2731 4862 2852 4928 huc,
2883 4863 3176 4935 Scripturis
3205 4864 3424 4930 credite,
3454 4863 3543 4918 hic
3563 4871 3644 4918 est
3665 4863 3815 4918 salus
3843 4883 3857 4920 :

2254 4950 2334 5012 De
2357 4956 2483 5011 Sion
2505 4958 2635 5011 exiet
2651 4957 2852 5011 verbum
2871 4965 2917 5011 et
2935 4954 3017 5011 lca:
3032 4957 3094 5011 de
3114 4954 3431 5013 Hierusalem
3450 4954 3583 5031 (Isa.
3620 4974 3679 5021 ll,
3696 4957 3781 5030 5);
3792 4959 3865 5027 ju-

2250 5048 2449 5107 dicabit
2471 5051 2521 5106 in
2541 5051 2714 5106 medio
2731 5049 3003 5119 Gentium,
3018 5062 3068 5105 et
3090 5051 3345 5122 corripiet
3363 5051 3573 5123 plebem
3596 5051 3821 5107 multam
3846 5069 3861 5104 :

1944 5169 2299 5228 VABIOBUM
2343 5158 2573 5226 NOTAE.

554 5264 782 5337 nuptias,
811 5265 950 5322 alius
972 5265 1227 5323 costus.
1249 5265 1480 5333 reputari
1505 5266 1711 5337 nuptias
1732 5263 1862 5321 edit.
1875 5263 2086 5321 Mansit.

680 5336 696 5391 Ι
704 5337 1025 5393 .—-Furatus
1038 5338 1320 5395 aliena.Sic
1339 5337 1449 5395 duo
1466 5336 1678 5394 codices
1699 5351 1831 5392 mss.
1853 5337 1937 5406 qui
1957 5337 2161 5408 [uratur

555 5408 726 5463 aliena
751 5410 882 5465 edit.
909 5409 1119 5466 Mensa.

598 5510 601 5513 -
628 5478 958 5537 Munitioues.
989 5479 1078 5539 Sic
1105 5482 1259 5539 Colb.
1290 5481 1587 5537 munitionis
1610 5479 1742 5536 edit.
1770 5476 1982 5534 Mansit.

633 5551 717 5607 νη
726 5553 897 5607 .—-Ad
918 5554 1282 5624 possessionem
1293 5555 1539 5610 bonorum
1550 5549 1865 5624 suorum.Ex
1880 5549 2123 5624 coniectu
2133 5579 2153 5589 -

558 5640 616 5682 ra
638 5624 716 5703 sic
731 5621 1278 5703 quoquehnuclocum
1299 5626 1504 5703 restitui
1522 5638 1622 5703 pro
1636 5623 1917 5694 passionem
1926 5621 2152 5703 εΡΑκιξι.

627 5692 913 5754 Consecuti.
947 5699 1178 5755 Mutatus
1204 5698 1290 5754 hic
1318 5697 1492 5764 locus,
1522 5692 1721 5752 lectore
1751 5710 1857 5750 non
1884 5692 2157 5747 admonito

555 5782 620 5822 ac
648 5767 764 5821 sine
795 5768 897 5822 ulla
947 5772 1266 5825 auctoritate
1291 5769 1341 5823 in
1367 5768 1601 5823 editione
1625 5766 1799 5822 Oxon.
1835 5766 1922 5822 ubi
1952 5765 2031 5819 sic
2057 5764 2153 5819 ha-

560 5836 713 5886 betur
737 5853 751 5888 :
787 5835 920 5890 Nam
949 5857 981 5891 a
1004 5841 1190 5893 caelesti
1216 5838 1399 5908 objecti
1425 5848 1544 5908 sunt
1569 5876 1585 5902 ,
1643 5837 1869 5908 destituti
1897 5836 2035 5908 omni
2069 5836 2153 5888 in-

561 5911 840 5955 strumento
860 5910 994 5973 quod
1019 5906 1370 5974 possederunt,
1405 5907 1588 5975 lychno
1604 5916 1793 5976 septem
1818 5906 2084 5973 luminum,
2109 5915 2156 5961 et

2266 5263 2522 5329 mae/tina,
2550 5270 2652 5318 etc.
2683 5261 2896 5318 Mam.
3250 5328 3253 5329 ν

2344 5334 2517 5389 Prece.
2550 5334 2639 5389 Sic
2667 5333 2775 5389 duo
2805 5332 3020 5390 codices
3070 5348 3200 5388 mss.
3247 5349 3447 5405 precem
3476 5332 3611 5405 edit.
3648 5331 3871 5405 Musa.

2265 5437 2335 5447 —-—
2350 5406 2480 5460 Voce
2506 5406 2801 5475 supplicum
2829 5421 3027 5474 precem
3042 5396 3396 5476 ﬂevistifbiira
3416 5414 3500 5460 est
3521 5396 3756 5476 phrasis,
3769 5414 3875 5476 aut.

2263 5488 2411 5532 certe
2438 5477 2587 5532 locus
2607 5473 2851 5530 mutilus.
2880 5477 2971 5533 Sic
2991 5473 3052 5532 et
3073 5475 3203 5531 illud
3225 5475 3406 5532 nescio
3428 5473 3558 5547 quid
3572 5475 3676 5532 sibi
3694 5473 3825 5530 velit
3851 5492 3872 5530 :

2262 5549 2423 5604 Itwrrs
2442 5558 2546 5603 esto
2563 5563 2680 5601 cum
2696 5548 2909 5617 virgine.
2987 5548 3196 5604 Ριιιει..

2268 5682 2273 5687 ,
2335 5619 2724 5691 νΙΙΙ.έ-ριραιιι
2769 5614 2953 5691 manus
2952 5630 3092 5691 luas
3117 5614 3512 5691 extenderitha
3538 5616 3819 5691 legendum
3849 5635 3871 5672 ξ

2264 5686 2364 5745 hoc
2418 5686 2583 5744 enim
2614 5690 2796 5760 legunt
2832 5689 2900 5744 70
2950 5686 3125 5745 Esaia:
3155 5707 3194 5757 I,
3222 5690 3364 5745 unde
3387 5686 3751 5760 Sumpta'sunt
3775 5705 3875 5745 se-

2271 5761 2537 5833 quentia.‘
2615 5831 2635 5833 _
2656 5759 2682 5833 ρ
2910 5832 2937 5833 η
3441 5759 3649 5833 Putta.

2330 5828 2578 5888 lX.—Dc
2602 5831 2731 5887 Sion
2741 5832 3049 5890 exiet.liunc
3068 5833 3245 5891 locum
3266 5830 3668 5890 etnendavimus
3683 5842 3879 5889 aucto-

2257 5905 2415 5964 ritate
2443 5902 2564 5966 cod.
2591 5900 2876 5979 Colb.,qui
2905 5916 3082 5964 tamen
3113 5905 3275 5964 habet
3302 5903 3625 5977 exiit.Alius,
3645 5906 3717 5989 de!
3736 5904 3883 5963 Sion
