4202 6272
561 384 667 449 99.7

2095 391 2307 448 C(ENA
2321 434 2333 447 .

3756 388 3876 449 928

565 510 657 566 bat
708 511 759 565 in
799 518 1056 565 stercore.
1111 505 1262 565 Tunc
1316 510 1553 583 porrexit
1594 508 1831 566 Rebecca
1878 508 2094 581 pallium
2126 550 2143 577 ,
2172 510 2226 570 Α
2252 507 2406 577 bitis,
2438 507 2536 562 nisi
2567 508 2758 580 singuli
2786 506 3024 580 singulas
3050 507 3194 565 vices
3231 506 3489 566 feceritis.
3526 529 3545 562 ι
3581 509 3753 593 Atque
3797 511 3877 566 ita

562 602 745 659 Judith
772 601 1187 673 coopertorium,
1206 604 1345 675 Agar
1371 605 1683 675 stragulum,
1707 604 1830 661 Seni
1849 613 1905 660 ct
1931 603 2163 674 Japbctb

565 707 980 769 coeperuerunt.
1030 697 1488 769 Recmnbentibus
1524 699 1701 753 illatus
1727 708 1810 755 est
1838 708 2022 769 gustus
2049 713 2163 755 cm-

566 805 681 857 nre,
712 799 768 846 et
791 786 1001 861 accepit
1032 790 1335 864 cucurbitas
1371 791 1565 858 Jonas,
1603 774 1721 846 olus
1768 791 1985 856 Esaias,
2017 791 2166 847 betas

563 881 751 949 Israel,
769 896 975 937 morum
996 880 1263 951 Ezechiel,
1295 898 1634 956 sycomorum
1653 883 1931 957 Zachmns,
1951 868 2164 940 citrium

567 973 760 1043 Adam,
775 974 987 1047 lupiuos
1010 976 1214 1043 Daniel,
1237 993 1472 1048 pepunes
1491 979 1715 1044 Pharao,
1735 978 1990 1034 carduum
2012 980 2162 1047 (Zain,

570 1066 703 1124 ﬁcus
732 1069 839 1124 Eva
860 1110 875 1135 ,
906 1069 1103 1124 malum
1136 1070 1363 1137 Rachel,
1398 1087 1625 1142 prunum
1665 1073 1930 1140 Ananias,
1976 1072 2166 1128 bulbos

572 1159 699 1229 Lia,
727 1162 900 1218 olivas
928 1165 1103 1218 Aaron
1121 1204 1136 1229 ,
1164 1178 1322 1219 ovum
1354 1163 1554 1234 Ioseph
1575 1206 1590 1231 ,
1621 1180 1749 1221 uvas
1773 1164 1917 1231 Noe,
1948 1166 2167 1221 nucleos

573 1254 815 1322 Simeou,
838 1263 1049 1310 acetum
1071 1254 1264 1311 Jonas:
1288 1256 1488 1326 accepit
1513 1272 1801 1328 oxygarum
1824 1255 1982 1312 lesus
2007 1256 2164 1311 Chri.

571 1354 705 1402 slus.
740 1346 943 1401 Deinde
986 1348 1297 1418 supervenit
1338 1348 1504 1405 .lacob
1539 1365 1660 1404 eum
1701 1348 1856 1416 ﬁliis,
1897 1362 1950 1404 et
1983 1347 2165 1405 L-than

572 1454 695 1495 cum
738 1438 946 1494 liliahus
977 1440 1131 1507 suis,
1174 1448 1231 1496 et
1269 1439 1526 1496 sederunt
1562 1456 1727 1511 super
1757 1441 1982 1511 lapides.
2014 1441 2170 1502 Venit

571 1540 627 1587 et
653 1529 922 1587 Abraham
948 1546 1071 1587 cum
1099 1531 1413 1601 domesticis
1440 1534 1551 1587 suis
1581 1543 1631 1588 et
1665 1532 1874 1605 Moyses
1902 1549 2023 1588 cum
2066 1549 2170 1588 cie-

574 1634 689 1680 tera
729 1623 918 1689 turba,
967 1632 1021 1679 et
1061 1624 1316 1679 sederunt
1357 1624 1507 1680 foris.
1556 1625 1704 1681 Tune
1735 1626 2028 1697 respiciens
2057 1626 2168 1683 Rex

572 1715 826 1773 invitatos
853 1718 1097 1785 suos,sie
1125 1717 1232 1772 ait:
1268 1737 1287 1770 σ
1313 1704 1687 1790 UnuSquisque
1720 1729 1955 1776 vestrum
1993 1723 2172 1779 veniat

571 1808 628 1864 in
674 1795 983 1865 vestiarium
1030 1826 1241 1877 meum,
1297 1820 1351 1866 et
1392 1811 1531 1865 dabo
1580 1813 1802 1883 singulis
1847 1816 2170 1871 C(Bnato‘rlas

2268 602 2370 658 sibi
2422 614 2731 675 prmccplas
2758 603 3034 659 diaconias
3063 607 3608 672 consummaverunt.
3652 604 3875 661 Primus

2270 693 2447 765 itaque
2476 697 2712 750 oumium
2757 696 2934 767 ignem
2978 696 3130 768 petiit
3172 695 3385 763 llelias,
3414 696 3694 752 succendit
3725 698 3871 752 Aza-

2270 796 2406 861 rias,
2443 793 2640 863 lignum
2675 789 2915 861 porrexit
2950 789 3080 846 Sara
3105 831 3121 858 ,
3161 790 3382 872 collegit
3417 789 3644 860 Jephte,
3688 792 3881 848 attulit

2268 889 2447 954 Isaae,
2478 886 2737 943 conscidit
2759 885 2956 955 loseph
2977 926 2993 951 ,
3027 893 3246 954 puteum
3274 882 3485 956 aperuit
3507 883 3693 952 Jacob,
3733 884 3873 957 bys-

2269 997 2459 1052 sopum
2492 978 2729 1050 porrexit
2757 977 3070 1047 Sepphora,
3110 975 3179 1031 ad
3219 976 3394 1032 lacum
3435 977 3611 1031 stabat
3643 975 3871 1041 Daniel,

2270 1088 2460 1144 aquam
2490 1070 2782 1127 attulerunt
2812 1068 3074 1135 ministri,
3105 1067 3349 1141 hydriatn
3379 1069 3624 1140 portabat
3653 1067 3873 1124 Rebec-

2270 1179 2354 1232 ca,
2385 1166 2565 1219 vinum
2595 1162 2815 1234 protulit
2838 1161 2975 1227 Noe,
3010 1172 3182 1217 utrem
3212 1162 3459 1231 portabat
3485 1162 3647 1233 Agar,
3680 1162 3871 1217 attulit

2270 1265 2545 1330 argentum
2572 1254 2767 1322 Judas,
2801 1254 3023 1310 vitulum
3050 1253 3270 1309 adduxit
3297 1254 3598 1320 Abraham,
3629 1254 3879 1325 alligavit

2274 1352 2442 1417 Raab,
2468 1350 2773 1406 resticulam
2803 1348 3042 1419 porrexit
3066 1346 3246 1414 Jesns,
3274 1346 3435 1418 pedes
3462 1348 3737 1419 copulavit
3768 1347 3875 1402 lic-

2273 1432 2401 1511 lias,
2449 1444 2650 1501 ferrum
2694 1442 2911 1498 tradidit
2949 1441 3170 1508 Petrus,
3213 1439 3359 1495 elisit
3400 1439 3622 1507 Daniel,
3672 1440 3877 1495 occidit

2273 1536 2435 1602 Cain,
2468 1535 2802 1607 snpportavit
2831 1531 3092 1597 Abacuc,’
3114 1530 3395 1602 suspendit
3429 1531 3671 1588 Absalon
3693 1572 3709 1596 ,
3755 1533 3876 1602 pel-

2274 1628 2378 1684 lem
2410 1629 2640 1685 detraxit
2680 1627 2889 1692 Hclias,
2920 1636 3163 1682 ventrem
3204 1625 3415 1695 aperuit
3457 1624 3877 1691 Hernioemtes,

2275 1722 2518 1779 mediana
2550 1721 2829 1791 suspendit
2853 1720 3048 1777 Tobias
3068 1761 3085 1787 ,
3112 1719 3426 1790 sanguinem
3471 1717 3677 1774 ell'udit'
3703 1719 3880 1774 Itera-

2276 1815 2406 1881 des,
2440 1826 2651 1871 stercus
2678 1813 2905 1885 projecit
2932 1813 3059 1869 Seni
3082 1853 3097 1878 ,
3126 1827 3318 1882 aquam
3361 1810 3558 1882 adjecit
3596 1811 3840 1883 .Iapheth
3864 1855 3880 1879 ,

572 1912 774 1960 vestes.
807 1922 827 1957 ι
859 1902 1014 1959 Tune
1044 1903 1210 1974 aliqui
1255 1904 1449 1968 ierunt,
1478 1913 1531 1961 et
1574 1917 1916 1977 acceperunt.
1961 1907 2174 1964 Primus
2203 1907 2251 1968 B
2279 1910 2441 1966 elavit
2492 1908 2789 1976 Helismus,
2847 1915 3027 1979 partes
3078 1905 3206 1962 fecit
3251 1903 3525 1971 Pbaleeh,
3576 1906 3887 1961 numeravit

572 1995 753 2066 itaque
793 1996 1032 2051 omnium
1070 1998 1278 2067 accepit
1316 1997 1602 2053 Zacharias
1645 1998 1856 2065 albam,
1899 1999 2169 2057 Abraham

571 2090 904 2161 passerinam
924 2131 938 2154 ,
965 2090 1102 2146 Loth
1131 2091 1500 2162 sulphurinam
1523 2134 1538 2158 ,
1566 2092 1799 2147 Lazarus
1828 2094 2054 2162 lineam,
2081 2094 2173 2151 Jo—

575 2195 672 2236 nas
698 2182 982 2239 ctcruleam
1001 2225 1017 2250 ,
1048 2183 1245 2240 Thecla
1276 2186 1577 2240 llannueam
1599 2227 1612 2249 ,
1648 2186 1831 2243 Daniel
1862 2188 2165 2256 leoniuam,

474 2301 477 2305 >
571 2271 809 2330 Joannes
851 2275 1148 2341 triclinam,
1192 2277 1361 2332 Adam
1401 2278 1709 2347 pelliceam,
1751 2278 1917 2336 Judas
1957 2284 2161 2355 argyri-

573 2382 729 2432 nam,
760 2367 911 2424 Raab
949 2370 1255 2425 coccineam
1276 2411 1290 2435 ,
1327 2369 1587 2426 llerodias
1626 2370 1935 2439 eardinam,
1964 2354 2173 2430 Pharao

573 2461 860 2528 marinam,
892 2460 1077 2517 Enoch
1105 2461 1353 2517 ctelinam
1376 2503 1390 2523 ,
1424 2462 1565 2533 Agar
1595 2464 1831 2532 variam,
1864 2464 2031 2521 David
2060 2483 2176 2523 ner-

573 2554 788 2619 vinam,
837 2553 1013 2609 Helias
1057 2555 1290 2620 aeriam,
1337 2554 1447 2609 Eva
1487 2555 1827 2624 arborinam,
1871 2556 1972 2613 Job
2005 2559 2174 2630 bipla-

573 2645 750 2718 giam,
803 2645 964 2701 Isaias
1009 2656 1407 2716 meSotropam,
1450 2647 1613 2703 Maria
1652 2649 1883 2714 stolam,
1929 2650 2173 2708 Susanna

574 2739 938 2799 castaninam.
970 2738 1182 2811 Moyses
1207 2739 1578 2813 conchylinam
1597 2783 1612 2806 ,
1642 2742 1780 2797 Abel
1811 2757 2171 2813 purpuream,

575 2834 705 2892 Levi
736 2834 1095 2905 spartai-inam
1116 2876 1129 2898 ,
1162 2832 1396 2888 Thamar
1422 2834 1709 2901 coloriam,
1744 2837 1966 2892 Azarias
1990 2839 2175 2893 carba-

576 2926 748 2982 sinam
767 2970 781 2992 ,
816 2926 996 3003 Aaron
1024 2924 1352 2990 murrinam,
1380 2924 1565 2981 ludith
1591 2924 2016 3000 hyacinthinam,
2043 2930 2173 2986 Cain

578 3017 964 3090 ferrugineam,
998 3018 1195 3072 Ahiron
1226 3017 1452 3089 nigram,
1475 3022 1626 3075 Anna
1654 3018 2002 3088 Persiciuam,
2031 3023 2177 3079 Isaae

577 3111 831 3177 nativam,
858 3109 1053 3164 Paulus
1074 3108 1409 3175 Tharsicam,
1438 3110 1629 3166 Petrus
1655 3114 1979 3182 operarium,
2007 3113 2176 3170 Jacob

577 3200 1075 3272 pseudoalethiuam
1099 3244 1113 3267 ,
1151 3201 1310 3258 Jesus
1339 3201 1723 3258 culumhinam.
1767 3205 1834 3260 At
1876 3206 1963 3261 ubi
1995 3206 2177 3264 divisit

2276 2003 2449 2058 Auses
2471 2045 2484 2069 ,
2516 2001 2683 2056 salem
2715 1999 2863 2055 misit
2899 1997 3239 2055 Molessadon
3265 2037 3280 2063 ,
3320 1996 3500 2052 oleum
3544 1995 3737 2065 adjecit
3771 1996 3886 2051 Ja.

2274 2095 2378 2151 cob
2401 2134 2417 2159 ,
2448 2093 2499 2149 in
2531 2093 2705 2147 locum
2748 2091 3004 2162 imposuit
3042 2088 3339 2144 Antiochus
3360 2130 3375 2155 ,
3418 2088 3566 2144 coxit
3590 2087 3841 2167 Rebecca
3866 2129 3885 2154 ,

2276 2190 2423 2260 prior
2463 2186 2698 2259 gustavit
2748 2185 2875 2240 Eva.
2928 2183 3312 2255 Explicitisque
3359 2181 3648 2249 ominibus,
3688 2195 3890 2237 omnes

2277 2282 2408 2339 locis
2434 2283 2547 2338 suis
2576 2280 2914 2337 resederunt.
2947 2278 3102 2335 Tunc
3128 2278 3307 2332 intulit
3334 2291 3500 2347 panes
3528 2274 3655 2332 Saul
3678 2317 3695 2342 ,
3727 2276 3886 2347 fregit

2275 2376 2433 2433 Jesus
2451 2417 2467 2440 .
2495 2374 2708 2430 tradidit
2733 2373 2979 2429 omnibus
3003 2372 3195 2427 Petrus
3216 2412 3230 2435 ,
3257 2371 3432 2424 intulit
3454 2371 3653 2425 lentem
3675 2368 3848 2426 Jacoh
3867 2414 3883 2437 ,

2279 2468 2427 2524 solus
2455 2465 2799 2522 manducavit
2828 2465 2966 2521 Esau
2989 2505 3003 2526 ,
3030 2462 3211 2519 intulit
3238 2462 3477 2517 intritam
3519 2461 3771 2526 Abacuc,
3803 2472 3886 2516 to-

2278 2570 2389 2617 tum
2412 2561 2646 2617 comedit
2669 2558 2873 2625 Daniel,
2900 2557 3075 2613 fabam
3096 2557 3274 2614 intulit
3298 2554 3572 2620 Amelsad,
3600 2555 3751 2626 prior
3768 2570 3887 2626 gos-

2281 2657 2409 2710 tavit
2440 2653 2644 2709 Misael.
2670 2652 2798 2717 Sed,
2825 2650 3076 2721 quoniam
3101 2647 3311 2703 Dthttttt
3330 2657 3545 2703 coctum
3572 2649 3886 2701 comederat

2281 2748 2457 2811 lsaac,
2515 2754 2569 2799 et
2617 2744 2817 2815 piscem
2864 2757 3044 2798 assum
3086 2738 3530 2809 Tobias,,co:pit
3570 2739 3885 2793 tumultuari

2280 2841 2516 2912 Eglom.
2549 2838 2713 2894 Valde
2738 2836 3008 2893 esuriebat
3035 2834 3249 2900 Daniel,
3280 2849 3473 2903 panem
3504 2832 3711 2903 petebat
3736 2830 3883 2885 "cr-

2280 2944 2581 2998 mocratcs;
2607 2948 2711 2987 non
2740 2929 3095 2986 manducabat
3116 2928 3352 2984 Joannes
3373 2970 3388 2994 ,
3415 2926 3543 2982 nihil
3566 2933 3885 2997 gustaverat

2279 3027 2492 3099 Moyses
2516 3068 2530 3093 ,
2572 3025 2789 3096 jejunus
2829 3021 2923 3078 fuit
2966 3020 3159 3088 Jesus,
3200 3020 3370 3075 micas
3398 3019 3678 3090 colligebat
3707 3017 3886 3072 Lata.

2279 3134 2393 3173 rus.
2424 3117 2617 3172 Czeteri
2646 3126 2824 3171 autem
2857 3123 3036 3183 partes
3063 3127 3188 3167 suas
3217 3112 3506 3179 tenebant,
3535 3125 3669 3181 quas
3694 3125 3761 3165 es
3791 3125 3885 3164 va-

2280 3213 2375 3268 riis
2423 3210 2794 3267 venationibus
2844 3217 3182 3278 acceperant.
3236 3207 3506 3262 Abraham
3552 3204 3874 3271 vitulinam,

576 3300 772 3360 vestes,
802 3309 893 3351 res
924 3296 1219 3366 respiciens
1243 3311 1355 3362 eos,
1391 3295 1470 3350 sic
1494 3296 1602 3351 ait:
1637 3316 1657 3349 ‹
1682 3297 1797 3353 Νοη
1828 3309 1954 3357 ante
1994 3318 2174 3361 coana-
2200 3296 2246 3362 C
2281 3307 2420 3363 Esau
2442 3306 2713 3362 cervinam
2737 3345 2752 3372 ,
2779 3302 2913 3360 Abel
2938 3303 3225 3375 agninam,
3250 3300 3357 3357 Noe
3380 3299 3664 3356 arictinam
3684 3343 3699 3365 ,
3733 3297 3888 3355 Samo

1757 3435 2096 3497 EDITIONIS
2133 3442 2408 3500 BALUZII
2448 3440 2677 3499 NOTAE.

648 3578 1119 3651 Agaristragulam.
1138 3576 1277 3651 ilice
1299 3576 1494 3631 desunt
1520 3577 1572 3631 in
1598 3575 1864 3648 plerisque
1900 3578 2175 3638 codicibus

575 3647 712 3709 mss.
756 3650 888 3721 iNon
925 3647 1086 3719 'panci
1138 3647 1334 3702 habent
1379 3659 1747 3715 cooperuerunt
1780 3647 2133 3708 recumbente:
2155 3695 2172 3721 ,

576 3737 716 3779 unus
739 3720 1079 3777 Colhertinus
1107 3729 1477 3788 conparuerunt
1505 3735 1579 3773 se.

649 3795 824 3850 Olivas
853 3794 1046 3847 Aaron.
1089 3791 1336 3859 Plerique
1373 3789 1591 3847 codices
1644 3804 1775 3847 mss.
1809 3801 1863 3845 ct
1901 3792 2174 3852 Morellius

576 3865 773 3923 habent
800 3881 923 3920 uvas
949 3863 1120 3920 Aaron
1139 3906 1153 3925 ,
1183 3876 1238 3917 et
1264 3863 1427 3932 paulo
1455 3872 1572 3931 post
1598 3862 1758 3918 olivas
1787 3861 1920 3917 Noe.

648 3938 856 3991 Acetum
906 3935 1091 3989 Jonas.
1134 3933 1223 3990 Sic
1266 3944 1386 3990 octo
1430 3933 1647 3991 codices
1685 3948 1814 3989 mss.
1858 3934 1985 3990 editi
2034 3936 2173 3992 dedit

576 4007 785 4061 Acetum
808 4007 992 4060 Jonas.

576 4149 598 4204 Ι
652 4077 971 4203 οίῧῃρὲηιηι.
1006 4077 1175 4133 Aliter
1204 4076 1257 4130 in
1284 4090 1377 4131 sex
1417 4075 1693 4131 codicibus
1738 4090 1868 4131 mss.
1906 4079 2100 4146 accepit
2127 4090 2175 4135 et

594 4165 672 4204 ioc
750 4191 763 4203 .
844 4190 857 4203 .
1356 4199 1360 4202 .

594 4149 672 4204 'toc
709 4147 857 4203 IIC.
1356 4199 1360 4202 .

652 4221 1036 4286 Unusquisque.
1056 4261 1069 4275 .
1091 4261 1104 4275 .
1123 4261 1137 4275 .
1154 4220 1318 4273 veniat
1336 4259 1350 4273 .
1368 4259 1381 4273 .
1406 4259 1418 4272 .
1443 4259 1456 4272 .
1474 4227 1519 4271 et
1547 4216 1698 4272 dabo.
1740 4218 1830 4274 Sic
1858 4220 2172 4276 emendavi-

577 4310 696 4348 mtts
726 4292 1001 4348 codicibus
1031 4292 1300 4361 plerisque
1342 4289 1836 4362 consentientibus,
1885 4292 1983 4345 nisi
2029 4288 2172 4362 quod

577 4363 817 4421 nonnulli
850 4362 1046 4419 habent
1074 4363 1127 4417 iu
1156 4361 1390 4416 vestiario
1418 4376 1562 4414 meo:
1602 4361 1762 4424 editi,
1812 4361 2169 4429 Quisque’vo-

575 4437 728 4492 luerit
765 4445 982 4491 vestrum
1019 4435 1214 4491 venire.
1235 4474 1248 4488 .
1270 4474 1283 4488 .
1304 4474 1317 4487 .
1339 4431 1488 4486 dabo.
1532 4431 1802 4487 Parnelius
1831 4432 2033 4487 addidit
2060 4435 2170 4489 sin-

574 4508 926 4579 gulasnjuam
963 4523 1151 4564 vocem
1184 4506 1239 4579 in
1258 4521 1373 4579 uno
1405 4512 1607 4579 tantum
1638 4503 1742 4557 vidi
1776 4503 1961 4579 codice
1994 4519 2094 4559 ms.

647 4573 1186 4650 Lotlt'sulphurinam.
1215 4577 1304 4631 Sic
1329 4576 1544 4650 (‘9tllCCS
1570 4588 1697 4629 mss.
1720 4582 1773 4650 et
1796 4573 1944 4639 editi,
1978 4585 2173 4646 praeter

574 4645 935 4707 Oxoniensein
959 4690 973 4711 .
1006 4650 1093 4704 ubi
1128 4650 1320 4717 legitur
1345 4645 1466 4702 Job.
1708 4648 1738 4717 ξ

646 4722 875 4776 Joannes
902 4716 1502 4777 triclinam.’Trichinam
1531 4716 1813 4785 legendum
1839 4730 1959 4772 esse
1983 4716 2169 4774 obser-

2276 3594 2454 3639 ratum
2486 3581 2717 3641 habebat
2758 3595 2923 3654 penes
2953 3595 3012 3637 se
3041 3578 3337 3637 Salmasius
3356 3621 3371 3650 ,
3398 3578 3477 3634 sic
3504 3576 3805 3650 legebatur.

2653 3697 2838 3748 Helcizc
2861 3696 3057 3760 pulchra
3081 3697 3196 3755 lilia,

2651 3760 2835 3825 Secura
2860 3774 2949 3825 per
2975 3760 3221 3825 pomaria,

2652 3822 2873 3874 Susanna
2895 3822 2995 3873 fert
3015 3822 3312 3873 castaneam.

2352 3931 2473 3986 Levi
2499 3934 2864 3999 spartaciuam.
2895 3928 3026 3986 Cod.
3060 3929 3215 3986 Colb.
3247 3930 3569 3998 partacinam
3589 3974 3605 4002 ,
3639 3945 3771 3985 unus
3801 3948 3878 3989 ex

2280 4005 2444 4072 regiis
2470 4003 2841 4073 spartaginam.

2353 4074 2578 4128 Thamar
2603 4072 2967 4128 coloriam.Sic
2994 4072 3131 4127 alter
3152 4072 3396 4129 codicum
3425 4072 3688 4139 Colbcrt.,
3718 4084 3881 4144 atque

2279 4146 2350 4200 ita
2394 4145 2677 4216 legendum
2718 4146 2973 4199 observat
3018 4144 3368 4201 Casaubouus
3407 4155 3520 4201 not.
3561 4145 3613 4200 in
3655 4146 3877 4216 Volture.

2279 4233 2330 4286 p.
2365 4216 2489 4281 596;
2523 4217 2650 4273 editi
2678 4216 2977 4271 coloriuaut.

2348 4294 2519 4360 Aaron
2551 4287 2851 4360 murrinam.
2896 4287 3040 4360 Multi
3071 4287 3283 4360 codices
3313 4301 3443 4342 mss.
3473 4288 3773 4360 myrrinam.

2347 4358 2529 4413 Juditlt
2560 4359 2960 4431 Ityucintlu'nam.
2988 4358 3159 4431 ludus
3195 4359 3247 4413 in
3280 4358 3548 4431 plerisque
3579 4374 3714 4415 mss.
3742 4360 3872 4416 Col-

2278 4430 2610 4486 bcrtinorum
2634 4471 2647 4489 ,
2677 4432 2813 4484 alter
2839 4430 3006 4484 ludas
3034 4429 3330 4485 Zautinam.

2328 4503 2499 4556 ’Anna
2545 4501 2883 4557 Persicinam.
2938 4500 3207 4556 Persinum
3245 4501 3476 4557 Sorbon.
3523 4510 3581 4558 et
3626 4517 3765 4558 unus
3809 4519 3875 4560 ex

2276 4573 2456 4642 regiis.
2803 4588 2809 4595 ‘

2354 4645 2548 4699 Paulus
2578 4643 2898 4700 Thai-sicam.
2929 4643 3213 4699 Candidam
3243 4652 3363 4700 octo
3388 4645 3601 4700 codices
3629 4661 3764 4704 mss.

2346 4715 2508 4770 Jacob
2550 4716 3043 4788 pseudoaletltiuam.
3084 4716 3174 4770 Sic
3208 4726 3455 4788 unuse:
3496 4716 3678 4788 Regiis
3720 4717 3878 4771 endi-

575 4802 665 4849 vat
693 4792 989 4878 Salinasius
1017 4802 1206 4878 atinnt.
1243 4792 1293 4873 in
1324 4788 1539 4873 'I‘rebel.
1577 4788 1692 4843 Pol.
1730 4803 1783 4859 p.
1817 4787 1947 4854 542,
1980 4790 2032 4843 in
2063 4804 2173 4845 uno
2197 4817 2251 4878 D
2276 4787 2448 4878 cibus.
2480 4788 2573 4878 Sic
2600 4790 2766 4878 etiam
2794 4787 2986 4878 legisse
3010 4786 3657 4878 ise'teistaturgal‘masius
3689 4789 3878 4878 inrve-

575 4880 642 4920 ex
672 4865 835 4933 regiis
859 4863 1135 4920 codicibus
1167 4863 1357 4933 legitur
1385 4861 1645 4933 trigiuam.

647 4930 817 4991 ludas
843 4942 1159 5007 argyrinam.
1193 4932 1418 5002 Quidam
1442 4930 1657 4986 codices
1697 4945 1826 4985 mss.
1852 4932 2171 5002 argurinam,

576 5006 1026 5079 aliiuarguirinatn.

650 5071 927 5133 Herodias.
961 5076 1096 5133 Cod.
1128 5073 1288 5131 Sorh.
1330 5071 1578 5127 Herodes.

653 5149 833 5205 Helias
855 5148 1066 5204 aeriam.
1089 5145 1315 5213 Quidam
1336 5143 1550 5200 codices
1569 5160 1793 5209 aeream,
1809 5144 1898 5199 alii
1922 5144 2169 5200 aerinam.

648 5220 750 5276 Job
789 5221 1087 5292 biplagiam.
1134 5215 1489 5292 Edit_._0xmt.
1529 5214 1838 5292 biblagiam;
1877 5226 2177 5287 repugnant

576 5292 666 5349 alii
695 5288 910 5349 codices
930 5288 1066 5347 inss.
1099 5299 1155 5345 et
1181 5288 1331 5345 editi.
1614 5290 1628 5300 ‘
2166 5316 2171 5323 ι

652 5363 822 5419 Isaias
868 5373 1228 5435 mesotropam.
1264 5359 1694 5435 Colhertinorum
1741 5358 1986 5435 codicum
2035 5360 2173 5435 alter

581 5444 942 5502 mesotratam,
982 5430 1103 5506 quai
1142 5449 1243 5506 vox
1282 5433 1456 5503 aptior
1482 5430 1694 5506 videtur
1729 5430 1795 5485 ad
1836 5431 2173 5506 inilicinditm

583 5507 798 5564 Esaiam
839 5503 1071 5563 medium
1104 5504 1266 5560 fuisse
1313 5506 1562 5559 scissum.
1607 5503 1767 5559 Forte
1807 5503 1995 5557 melius
2036 5504 2177 5573 lege.

583 5590 733 5637 1⁵81111⁸
765 5589 1102 5634 ηιεεοινριαηι.

659 5651 899 5707 Susanna
928 5650 1264 5705 castaninam.
1306 5646 1397 5703 Sic
1427 5661 1523 5717 pro
1550 5646 1852 5702 castalinam
1893 5644 2172 5717 legendum

587 5732 771 5777 monet
799 5722 1094 5779 Salmasius
1119 5729 1231 5775 not.
1257 5719 1308 5774 in
1328 5719 1571 5787 Vopisc.,
1588 5734 1641 5788 p.
1667 5718 1792 5773 410.
1820 5717 1968 5773 Hane
1987 5718 2173 5772 obser-

585 5794 858 5848 vationem
886 5794 1169 5849 conﬁrmat
1205 5791 1520 5846 auctoritate
1551 5790 1750 5844 Azelini
1783 5789 2030 5844 monachi
2062 5788 2171 5843 lle-

593 5862 794 5913 mensis
812 5901 826 5924 ,
853 5864 942 5930 qui
969 5877 1177 5917 cmnam
1207 5862 1342 5930 hanc
1365 5860 1613 5915 versibus
1640 5860 1900 5930 rithmicis
1925 5871 2047 5914 ante
2072 5859 2171 5914 ali-

594 5938 719 5994 quot
746 5928 936 5982 secula
969 5930 1219 5983 reddidit.
1250 5928 1305 5980 lu
1331 5929 1429 5982 hoc
1454 5943 1613 5997 opere
1637 5968 1649 5990 ,
1680 5928 1820 5997 quod
1853 5944 2010 5984 manu
2039 5946 2169 5985 exa-

2280 4861 2421 4913 tnsto
2446 4859 2655 4925 codice,
2679 4869 2793 4914 not.
2822 4856 2875 4912 in
2899 4857 3061 4913 'l‘reh.
3082 4857 3199 4913 Pol.
3217 4873 3269 4927 p.
3298 4856 3422 4914 542.
3446 4858 3636 4915 Caneri
3659 4860 3880 4915 codices

2276 4930 2416 4985 hanc
2457 4930 2738 4996 lectionem
2787 4928 3141 4991 conﬁrmant,
3194 4944 3420 4999 quorum
3468 4931 3616 4984 multi
3674 4929 3879 4985 habent

2280 5000 2777 5069 psmtdoallecltinam
2800 5001 2883 5056 vel
2902 5000 3374 5071 ipseudoallecinam
3392 5015 3410 5054 :
3430 5000 3557 5056 editi
3572 5001 3875 5056 alctltiuam.

2276 5070 2506 5143 Joannes
2535 5072 2728 5143 legitur
2752 5087 2851 5143 pro
2880 5070 3039 5126 Iacob
3069 5072 3119 5125 in
3148 5088 3244 5126 sex
3269 5071 3546 5126 codicibus
3574 5088 3705 5126 mss.

2353 5142 2646 5210 Prteccptas
2667 5142 2950 5198 diacouias.
2981 5143 3069 5197 Sic
3093 5143 3331 5212 plerique
3354 5143 3568 5198 codices
3592 5158 3720 5198 mss.
3744 5144 3874 5199 editi

2279 5225 2535 5285 praerepta
2562 5215 2820 5269 diaconia.
2848 5213 3018 5269 Paulo
3043 5226 3168 5270 ante
3195 5214 3382 5287 singuli
3413 5213 3569 5270 deest
3594 5215 3650 5269 in
3683 5217 3872 5285 pleris-

2280 5301 2385 5357 que
2411 5287 2682 5341 cudicibus
2710 5300 2839 5341 mss.

2352 5359 2565 5428 Collegit
2593 5357 2800 5426 Jephte.
2833 5358 3031 5411 Desunt
3058 5356 3172 5411 lucc
3198 5357 3250 5412 in
3272 5356 3543 5427 plerisque
3570 5371 3699 5412 mss.

2355 5427 2726 5484 Herinocrates.
2778 5429 2832 5482 ln
2879 5428 3195 5497 quibusdam
3242 5428 3517 5484 codicibus
3564 5428 3876 5497 liermogra-

2280 5509 2372 5626 γε.
2402 5501 2492 5623 Slic
2519 5500 2680 5555 etiam
2714 5500 2870 5569 paulo
2900 5509 3020 5569 post
3064 5500 3115 5555 in
3155 5499 3479 5571 quibusdam
3517 5500 3709 5572 legitur
3751 5499 3873 5554 Ma-

2300 5588 2435 5626 assai
2454 5587 2539 5625 an.

2300 5587 2539 5627 assauon.

2350 5642 2647 5697 Antiochus.
2677 5641 2925 5697 Ariochus
2957 5644 3007 5697 in
3039 5643 3219 5699 multis
3247 5642 3521 5698 codicibus
3548 5658 3676 5699 mss.

2351 5714 2610 5769 Amelsad.
2642 5714 2858 5768 Melsad.
2890 5717 2940 5767 in
2971 5715 3211 5782 pluribus
3238 5716 3514 5770 codicibus
3543 5729 3667 5771 mss.

2276 5857 2311 5913 Γ
2348 5784 2489 5910 Εεὶηι
2526 5786 2796 5842 cervinam.
2841 5787 2931 5842 Sic
2957 5785 3145 5842 Morel.
3178 5798 3227 5844 et
3259 5786 3475 5844 codices
3516 5801 3645 5842 mss.
3684 5786 3869 5842 Paule

2299 5874 2379 5913 ms
2453 5874 2594 5913 sane.

2299 5874 2379 5914 IIIS
2421 5874 2443 5910 1
2453 5874 2594 5914 δηηε.
