4190 6266
299 250 413 314 ’9⁸29

1846 251 2062 315 C(ENA
2075 296 2087 309 .

3510 256 3614 316 950

306 387 406 428 son
454 372 755 440 leoninam,
808 370 1038 428 Elistcus
1083 372 1359 429 ursinam:
1413 372 1672 444 majorem
1723 380 1901 428 tamen
1929 370 1982 433 Α
2008 371 2236 428 duxerat
2265 370 2553 437 Amelsad,
2608 380 2663 429 et
2693 371 2831 429 male
2878 373 3164 429 miscuerat
3208 371 3406 439 Jonas,
3465 388 3615 429 mur—

308 477 514 538 partcm
545 466 761 523 tenebat
800 466 1099 537 Benjamin.
1149 466 1497 523 Postmodum
1545 466 1692 521 dedit
1737 482 1906 537 panes

308 557 538 625 Pharao,
583 557 830 613 omnibus
879 556 1062 613 divisit
1109 556 1567 628 Joseph,'discum
1598 558 1777 612 attulit
1801 557 1906 613 Ile—

309 650 503 714 rodes,
532 657 714 720 partes
736 649 1036 719 composuit
1066 648 1309 705 Rebecca
1329 691 1343 715 ,
1373 648 1553 703 intulit
1575 648 1773 714 Jacob,
1804 647 1908 704 dis-

313 742 501 799 tribuit
536 743 785 799 omnibus
823 741 957 798 Noe.
998 741 1212 797 Primus
1250 757 1378 813 ergo
1417 741 1634 798 sustulit
1673 740 1909 798 Joannes

311 843 512 907 caput,
541 833 867 891 cerebellum
898 834 1195 890 Abessalon
1216 876 1234 901 ,
1272 834 1508 905 linguam
1540 836 1756 902 Aaron,
1790 849 1907 889 rna-

315 928 503 984 xillam
527 927 790 995 Samson,
822 927 1117 984 auriculam
1148 928 1372 995 Petrus,
1404 929 1589 985 oculos
1627 928 1720 984 Lia
1741 972 1756 996 ,
1786 944 1909 985 cer-

309 1023 480 1078 vicem
514 1020 886 1092 Holophernes
906 1063 919 1085 ,
949 1020 1176 1076 arterias
1195 1020 1503 1089 Zacharias,
1533 1021 1870 1078 collum’Saul
1891 1063 1908 1091 ,

310 1128 523 1169 armora
555 1113 716 1184 Agar,
752 1112 1023 1168 interanea
1050 1111 1247 1180 Jonas,
1279 1112 1345 1169 fel
1378 1113 1538 1184 piscis
1565 1113 1784 1181 Tobias,
1814 1128 1910 1169 cor

314 1209 553 1275 Pharao,
583 1206 785 1264 renalia
829 1205 1052 1275 Esaias,
1095 1206 1235 1263 latus
1259 1206 1429 1263 Adam
1450 1250 1464 1274 ,
1508 1217 1714 1263 costam
1755 1208 1865 1264 Eva
1889 1248 1905 1276 ,

314 1304 401 1361 ilia
427 1302 590 1359 Maria
611 1346 626 1369 ,
656 1309 899 1357 ventrem
927 1299 1058 1356 Sara
1077 1342 1091 1367 ,
1118 1300 1330 1356 vulvam
1355 1299 1631 1356 EliSabeth
1648 1343 1663 1368 ,
1695 1301 1908 1372 adipem

311 1396 486 1463 Abel,
544 1396 747 1451 femora
801 1392 1110 1457 Abraham,
1164 1393 1388 1448 caudam
1444 1391 1695 1466 Moyses,
1750 1409 1909 1449 crura

312 1489 451 1546 Loth
476 1531 491 1557 ,
523 1486 880 1560 pedesJacob
901 1531 915 1554 ,
946 1499 1067 1541 ossa
1098 1485 1315 1557 collegit
1342 1485 1611 1541 Ezechiel.
1661 1484 1788 1541 Item
1817 1485 1909 1541 Ja-

315 1581 482 1638 cobus
508 1590 563 1636 et
586 1580 847 1635 Andraeas
887 1577 1183 1634 intulerunt
1220 1577 1432 1647 pisces:
1476 1576 1690 1634 sustulit
1733 1577 1914 1649 itaque

314 1680 536 1735 asellum
565 1677 756 1744 Jesus,
785 1675 1066 1733 labeouem
1096 1674 1306 1747 Moyses
1325 1717 1340 1742 ,
1370 1674 1552 1745 lupum
1592 1673 1869 1745 Benjamin
1891 1715 1907 1743 ,

2011 467 2259 521 murabat
2291 466 2646 538 Ilermippus,
2673 481 2864 537 aquam
2895 465 3111 522 bibebat
3129 465 3364 521 Joannes
3384 506 3400 533 ,
3430 467 3614 523 viuum

1971 570 1975 575 '
2015 559 2228 629 petebat
2273 559 2468 623 Maria,
2515 574 2621 614 non
2660 558 3032 614 consentiehat
3074 559 3356 626 Susanna,
3399 558 3613 631 plenam

2012 646 2307 724 ampullam
2335 652 2786 721 lerebatMartha,
2811 652 3020 707 sitiebat
3044 650 3269 720 lsntael,
3297 652 3377 708 ire
3403 652 3621 709 volebat

2012 745 2210 802 Tobias
2228 787 2245 813 ,
2273 746 2507 802 alienum
2533 745 2756 802 calicem
2786 745 2970 801 bibere
2997 744 3209 801 volebat
3230 743 3484 802 Jacobus.
3515 744 3619 802 Su-

2011 834 2282 910 blatisque
2312 838 2582 905 omnibus,
2607 852 2802 908 aquam
2824 836 2891 892 ad
2922 851 3112 893 manus
3142 837 3352 907 petebat
3378 819 3630 905 Pilatus,‘

2018 928 2238 985 tradidit
2264 928 2464 996 Judas,
2500 928 2837 985 ministrabat
2877 927 3117 996 Martha,
3156 927 3343 983 etludit
3386 927 3614 985 Hermo-

2012 1032 2224 1089 crates,
2273 1023 2497 1079 linteum
2551 1020 2791 1093 porrexit
2835 1019 3062 1087 Petrus,
3111 1019 3293 1077 intulit
3337 1019 3613 1077 lucernam
3682 1068 3693 1081 .

2014 1112 2236 1180 Esaias,
2266 1115 2466 1185 gratias
2491 1114 2599 1186 egit
2624 1113 2845 1170 Sinteon
2870 1156 2885 1181 ,
2915 1096 3193 1169 benedixit
3216 1114 3371 1168 Anna
3391 1155 3405 1175 ,
3437 1112 3621 1169 intulit

2013 1222 2244 1264 coronas
2268 1208 2507 1275 Rachel,
2542 1207 2707 1263 David
2736 1207 3028 1279 hyssopum
3055 1207 3327 1278 porrexit,
3361 1206 3509 1263 dedit
3531 1222 3621 1263 un-

2013 1312 2270 1373 guentum
2296 1302 2480 1371 Maria,
2505 1302 2756 1375 perunxit
2784 1301 3012 1368 Martha,
3036 1316 3194 1372 poma
3222 1300 3399 1356 intulit
3422 1299 3617 1369 Adam,

2014 1394 2193 1450 favum
2226 1395 2464 1465 porrexit
2490 1394 2751 1461 Samson,
2781 1393 3058 1466 cytharam
3103 1395 3368 1464 percussit
3411 1392 3612 1461 David,

2015 1499 2328 1562 tympanum
2374 1488 2576 1554 Maria,
2628 1489 2942 1559 psalterium
2983 1486 3137 1543 duxit
3180 1486 3372 1552 Jubal,
3415 1486 3614 1543 choros

2014 1583 2164 1638 duxit
2194 1581 2374 1639 Judith
2399 1625 2414 1650 ,
2446 1582 2685 1638 cantavit
2712 1582 2873 1638 Asacl
2895 1624 2911 1650 ,
2939 1581 3153 1636 saltavit
3179 1579 3471 1647 llcrodias,
3508 1580 3631 1635 lau-.

2015 1675 2114 1731 des
2139 1675 2287 1732 dedit
2315 1674 2541 1732 Azarias
2561 1717 2574 1741 ,
2606 1674 2777 1746 magis
2806 1674 2933 1729 lusit
2960 1672 3263 1740 Mambres,
3294 1674 3461 1728 risum
3492 1672 3622 1729 fecit
3710 1750 3713 1753 _

314 1772 566 1844 mugilem
596 1771 764 1835 Abel,
797 1784 1093 1824 muraenam
1122 1768 1262 1834 Eva,
1296 1767 1638 1839 pellamidem
1688 1767 1899 1835 Adam,
1931 1771 1981 1832 B
2007 1765 2186 1831 Isaac,
2241 1765 2488 1822 osculum
2541 1766 2780 1836 porrexit
2824 1763 3024 1831 Judas,
3058 1763 3304 1820 valefecit
3350 1763 3514 1819 Loth.
3553 1761 3621 1819 Et

313 1863 578 1920 locustam
605 1862 867 1924 Joannes.
901 1861 1136 1931 gladium
1166 1860 1329 1925 Cain,
1380 1862 1682 1933 captionem
1733 1861 1908 1917 Abes-

312 1958 462 2011 salon
482 1996 498 2021 ,
539 1953 790 2027 polypum
820 1951 1059 2023 Pharao,
1094 1952 1478 2023 turpitudinem
1510 1953 1635 2021 Lia,
1664 1964 1908 2008 auratam

312 2048 568 2115 Thamar,
603 2061 815 2103 scarum
845 2047 1009 2117 Agar,
1039 2044 1404 2101 cantharidcm
1433 2045 1597 2100 David
1619 2086 1634 2111 ,
1668 2044 1909 2103 halecem

312 2140 511 2212 Joseph
535 2183 549 2207 ,
587 2139 866 2196 saxatilem
893 2138 1227 2203 Hieremias,
1257 2138 1478 2194 umbras
1523 2137 1788 2205 Lazarus,
1821 2153 1911 2195 so—

312 2232 449 2289 leam
491 2230 628 2287 Juda
649 2274 663 2300 ,
708 2230 1048 2286 hirundinem
1088 2229 1314 2299 Tobias,
1344 2231 1681 2302 argentillnm
1710 2230 1909 2300 Judas,

314 2324 518 2393 sapiam
552 2322 812 2388 Herodes,
844 2330 1123 2378 carnutam
1164 2322 1327 2390 Esau,
1384 2322 1686 2393 glancnlum
1713 2321 1910 2391 Jonas,

312 2416 577 2487 alopidem
608 2414 809 2492 Jacob,
841 2414 1044 2484 salpam
1073 2413 1408 2471 Molessadon
1436 2456 1448 2477 ,
1483 2415 1749 2470 denticcm
1782 2414 1914 2470 Esa-

316 2511 394 2563 ias
416 2551 431 2576 ,
464 2525 718 2564 araneum
750 2508 945 2564 Thecla
965 2552 980 2576 ,
1030 2509 1335 2565 coracinum
1379 2509 1492 2564 Noe
1513 2556 1526 2575 ,
1561 2510 1913 2567 rubellioncm

317 2602 556 2658 Rebecca
577 2644 593 2670 ,
623 2602 878 2658 lacertum
903 2601 1116 2670 Colias,
1145 2617 1372 2657 mtenam
1400 2602 1594 2667 Maria,
1625 2613 1678 2658 et
1706 2605 1915 2660 leonem

319 2700 568 2754 Samson.
602 2698 786 2754 Posuit
813 2707 867 2753 et
891 2697 1054 2753 Jonas
1099 2708 1309 2751 acetum
1331 2737 1346 2760 ,
1380 2696 1715 2752 Molcssadon
1745 2699 1915 2754 salem

315 2792 493 2859 misit,
519 2790 664 2862 prior
691 2790 900 2845 iulinxit
919 2789 1071 2845 Cain.
1101 2788 1484 2860 Explicitisque
1511 2790 1790 2858 onmibus,
1818 2791 1917 2847 de-

321 2885 399 2943 dit
430 2885 640 2955 adipem
672 2884 837 2948 Ahel,
872 2883 978 2939 mel
1002 2882 1257 2950 Janatas,
1306 2884 1387 2939 lac
1425 2884 1694 2940 Abraham
1717 2928 1731 2951 ,
1784 2901 1917 2942 con-

317 2977 513 3048 spersit
544 2976 673 3033 Sara
695 3018 709 3042 ,
738 2975 910 3032 dulcia
942 2974 1070 3030 fecit
1095 2975 1282 3040 Jesus,
1316 2978 1732 3046 perministravit
1778 2977 1917 3033 Pan.

318 3071 420 3126 lus.
451 3069 576 3135 Sed,
597 3070 847 3141 quoniam
876 3070 1077 3140 aliquot
1101 3085 1295 3140 genera
1326 3071 1435 3125 vini
1470 3070 1766 3140 habebant,
1799 3087 1921 3143 pas-

2013 1874 2136 1915 cum
2177 1861 2377 1916 vellent
2411 1858 2722 1923 discedere,
2756 1858 3050 1929 respiciens
3089 1873 3183 1915 eos
3223 1874 3350 1925 rex,
3393 1859 3471 1914 sic
3510 1858 3618 1913 ait:

2018 1973 2037 2006 ι
2063 1952 2215 2009 Nunc
2246 1968 2344 2024 per
2371 1952 2552 2009 omnia
2597 1952 2738 2008 diem
2762 1951 3069 2022 nuptiarum
3092 1950 3397 2018 celebrate,
3428 1959 3483 2007 et
3510 1951 3621 2006 l'rc-

2017 2053 2276 2115 qucntate
2296 2087 2309 2109 ,
2340 2053 2388 2099 et
2420 2042 2698 2100 denmtate
2727 2043 2970 2110 habitus,
3002 2045 3144 2098 velut
3170 2058 3395 2115 pompas
3423 2042 3622 2098 fat-icu-

2013 2146 2129 2200 tes;
2161 2136 2240 2191 sic
2270 2137 2342 2191 ite
2372 2137 2424 2191 in
2453 2135 2645 2193 domos
2676 2146 2904 2192 vestras.
2938 2154 2957 2188 ι
2987 2135 3199 2192 Placuit
3219 2150 3349 2192 vero
3370 2135 3620 2191 omnibus

2014 2228 2265 2283 voluntas
2291 2228 2471 2299 regis:
2501 2237 2662 2299 atque
2688 2228 2757 2283 ita
2794 2228 2998 2298 primus
3021 2228 3260 2283 omnium
3294 2228 3537 2298 procedit
3567 2228 3618 2283 iu

2016 2322 2274 2393 magistro
2300 2321 2492 2387 Jesus,
2522 2322 2574 2376 in
2603 2321 2828 2378 custode
2865 2306 3102 2378 Joannes
3124 2364 3138 2390 ,
3173 2322 3222 2376 in
3267 2323 3484 2378 retiario
3514 2321 3619 2379 Pc-

2018 2424 2165 2482 trus,
2200 2414 2251 2469 in
2285 2423 2535 2470 sccutore
2562 2412 2776 2468 Pharao
2797 2455 2812 2480 ,
2855 2412 2908 2467 in
2943 2426 3201 2469 venatore
3242 2412 3498 2469 Nemroth
3520 2455 3534 2478 ,
3567 2413 3619 2469 in

2016 2508 2257 2564 delatore
2285 2505 2486 2574 Judas,
2532 2507 2584 2562 in
2632 2506 2923 2563 hortulano
2964 2505 3174 2573 Adam,
3222 2506 3272 2560 iu
3316 2506 3622 2563 cxordiario

2020 2603 2168 2670 Eva,
2199 2604 2250 2657 in
2283 2602 2495 2658 latrone
2523 2602 2691 2665 Cain,
2741 2603 2792 2656 in
2836 2610 3055 2674 pastore
3095 2601 3264 2667 Abel,
3310 2600 3363 2654 in
3402 2614 3624 2656 cursore

2017 2695 2185 2751 Jacob
2208 2737 2223 2761 ,
2254 2696 2305 2751 in
2336 2694 2613 2750 sacerdote
2661 2693 2985 2760 Zacharias,
3040 2694 3091 2748 in
3143 2709 3267 2765 rege
3317 2692 3479 2749 David
3502 2735 3516 2759 ,
3568 2692 3620 2748 in

2019 2789 2340 2862 cylhartedo
2368 2787 2568 2856 Jubal,
2618 2789 2668 2843 in
2719 2788 2984 2858 piscatore
3025 2787 3293 2855 Jacobus,
3343 2787 3396 2843 in
3445 2802 3623 2859 coquo

2022 2880 2355 2947 Antiochus,
2392 2880 2444 2935 in
2489 2881 2709 2951 aquario
2752 2879 3027 2947 Rebecca,
3076 2880 3128 2935 in
3181 2878 3438 2936 hirnitore
3484 2883 3626 2935 Ana-

2023 2976 2172 3042 nias,
2206 2975 2257 3029 iu
2288 2972 2542 3029 bestiario
2573 2972 2769 3028 Thecla
2792 3013 2807 3037 ,
2837 2973 2891 3026 in
2919 2972 3134 3042 stupido
3161 2972 3499 3027 Molessadon
3521 3013 3534 3034 ,
3570 2972 3624 3028 in

2022 3066 2276 3137 religioso
2321 3066 2613 3132 Salomon,
2660 3065 2712 3119 in
2764 3064 3006 3119 ministra
3054 3063 3297 3130 Martha,
3353 3064 3406 3118 in
3457 3063 3625 3120 milite

321 3178 439 3218 sum
490 3161 700 3217 bibebat
746 3160 934 3228 Jesus,
982 3160 1262 3216 Marsicum
1299 3160 1494 3227 Jonas,
1539 3164 1917 3222 Surrentinum
1946 3160 2187 3237 CUI-ias
2207 3202 2223 3226 ,
2256 3162 2308 3215 in
2339 3161 2529 3215 insano
2561 3158 2801 3215 Herodes
2821 3203 2835 3227 ,
2868 3158 2920 3214 in
2952 3158 3150 3214 famqu
3177 3157 3346 3214 Cham
3371 3200 3387 3227 ,
3419 3159 3470 3213 in
3511 3174 3625 3215 ruc-

320 3256 563 3321 Pharao,
598 3256 852 3326 pellinum
886 3254 1086 3322 Adam,
1131 3255 1450 3311 Gaditanum
1497 3257 1743 3330 Moyses,
1786 3259 1918 3317 Cre—

314 3352 478 3407 ticum
507 3350 674 3417 lsaac,
699 3348 994 3406 Adrianum
1022 3349 1225 3417 Aaron,
1245 3350 1580 3406 arbustinum
1610 3351 1918 3422 Zacchmus,

321 3445 560 3500 at'siunm
583 3443 780 3499 Thecla
801 3484 815 3509 ,
848 3441 1081 3497 Albense
1105 3440 1363 3506 Joannes,
1390 3443 1724 3513 Catrpanum
1752 3444 1917 3514 Abel,

321 3535 600 3607 Signinum
654 3533 851 3601 Maria,
898 3533 1268 3589 Florentinum
1315 3534 1537 3590 Rachel.
1579 3535 1922 3595 Saturatione

320 3627 430 3684 vini
478 3626 683 3697 sopitus
714 3624 927 3696 jacebat
955 3625 1155 3691 Adam,
1188 3626 1371 3683 ebrius
1408 3627 1734 3685 obdormivit
1773 3628 1919 3696 Noe,

322 3721 454 3778 satis
484 3719 687 3776 biberat
715 3718 873 3784 Loth,
893 3719 1151 3776 stertebat
1181 3719 1571 3791 Holophernes,
1599 3738 1819 3780 somnus
1844 3734 1923 3781 te-

323 3814 487 3871 nebat
513 3811 735 3879 Jonam,
768 3810 1001 3882 vigilavit
1039 3827 1205 3882 prope
1244 3812 1442 3884 gallum
1479 3813 1671 3870 Petrus
1693 3859 1706 3883 ,
1752 3816 1921 3872 susci-

323 3906 533 3961 tabatnr
560 3901 748 3970 Jesus,
780 3917 1002 3973 surgere
1029 3902 1302 3975 quaerebat
1335 3903 1500 3960 Jacob
1518 3949 1532 3971 ,
1567 3906 1712 3975 prior
1738 3920 1921 3963 surre-

324 3998 400 4051 xit
424 3995 644 4051 Labam.
675 3993 826 4050 Tunc
855 3993 1069 4050 miscuit
1095 3993 1356 4065 scyphum
1389 3996 1700 4066 Benjamin,
1742 3998 1922 4054 intulit

320 4088 550 4157 Martha,
569 4090 714 4161 prior
742 4088 873 4145 bibit
902 4087 1109 4143 Petrus.
1144 4085 1275 4153 Sed,
1303 4089 1558 4159 quoniam
1589 4090 1771 4144 vinum
1799 4089 1921 4146 sub-

2023 3254 2145 3310 dico
2172 3253 2368 3309 Tobias
2387 3297 2401 3319 ,
2430 3254 2481 3308 in
2513 3252 2663 3308 ebrio
2687 3250 2830 3318 Noe,
2861 3253 2912 3306 in
2941 3251 3162 3319 risiculo
3189 3251 3368 3321 Isaac,
3399 3252 3450 3306 iu
3484 3252 3623 3308 tristi

2024 3346 2159 3413 Job,
2194 3347 2245 3401 in
2270 3345 2452 3416 judice
2479 3344 2700 3411 Daniel,
2729 3343 2781 3398 in
2809 3342 2961 3399 l‘abro
2987 3343 3187 3413 Joseph
3214 3384 3230 3409 ,
3260 3344 3312 3399 in
3343 3343 3625 3413 prostituta

2023 3440 2278 3506 Thamar,
2313 3440 2367 3494 in
2395 3438 2633 3494 formosa
2666 3436 2905 3503 Rachel,
2953 3438 3005 3493 in
3046 3438 3231 3493 odibili
3275 3437 3369 3493 Lia
3392 3480 3408 3507 ,
3444 3439 3496 3494 in
3527 3437 3626 3495 do-

2028 3536 2170 3592 mina
2200 3534 2363 3590 Maria
2385 3576 2400 3603 ,
2430 3536 2482 3588 in
2512 3533 2678 3605 impio
2708 3531 2879 3597 Loth,
2911 3532 2962 3587 in
2990 3532 3304 3589 adversario
3330 3532 3621 3602 Amalech,

2030 3629 2082 3683 in
2125 3636 2392 3684 structore
2420 3627 2577 3691 Sam,
2614 3626 2666 3680 iu
2699 3625 2958 3681 rusticulo
3007 3625 3181 3693 Esau,
3235 3625 3287 3681 in
3337 3625 3461 3682 forti
3514 3626 3627 3683 Ga-

2025 3722 2144 3786 lias,
2192 3721 2247 3775 in
2292 3719 2493 3786 pistore
2540 3718 2884 3774 Hieroboam.
2914 3702 3045 3786 Sed,
3100 3720 3355 3790 quoniam
3404 3730 3629 3776 conten-

2023 3811 2184 3867 debat
2235 3809 2408 3873 Dina,
2464 3821 2658 3879 aquam
2710 3807 3021 3865 ell'undebat
3077 3811 3297 3877 Aaron,
3345 3819 3399 3866 et
3452 3811 3628 3867 nudus

2024 3913 2139 3961 erat
2166 3903 2366 3966 Jonas;
2400 3911 2527 3957 tunc
2567 3901 2742 3957 solem
2771 3901 2977 3973 petebat
3009 3902 3184 3959 Auses
3226 3912 3283 3958 ut
3328 3905 3629 3961 siccaretur

2024 3995 2312 4053 Bersabee.
2344 3994 2462 4062 Quo
2487 3995 2658 4058 facta,
2701 3993 2865 4065 jussit
2918 4009 3012 4051 eos
3066 4011 3159 4052 rex
3195 3996 3262 4053 ad
3301 4010 3360 4053 se
3399 3999 3627 4065 venire;

2024 4092 2115 4160 qui
2144 4098 2408 4145 venerunt
2444 4088 2611 4145 altera
2640 4088 2729 4146 die
2749 4096 2805 4146 et
2822 4104 3048 4147 munera
3074 4091 3124 4146 ei
3152 4090 3480 4147 obtulerunt.
3508 4090 3629 4146 Pri-

1500 4182 1835 4244 EDITIONIS
1872 4185 2149 4246 BALUle
2188 4183 2419 4242 ΝΟΤᾹΞ.

402 4276 579 4331 Intulit
607 4275 788 4332 Jacob.
819 4275 948 4334 Haec
978 4291 1083 4333 non
1114 4274 1290 4330 iuveni
1323 4275 1375 4331 iu
1410 4290 1541 4332 mss.

397 4347 502 4424 [fel
524 4347 696 4415 piscis.
723 4347 958 4424 §icotum
982 4349 1038 4424 in
1065 4363 1160 4404 sex
1191 4363 1320 4403 mss.
1354 4347 1627 4419 Syrcotum
1655 4349 1867 4424 Rcmig.

399 4416 683 4489 Polypum.
714 4416 957 4489 Polytum
981 4418 1032 4474 in
1061 4435 1189 4475 mss.

398 4488 1136 4567 Quntharidem.‘Cantoridem
1172 4507 1313 4567 _tnss_.
1346 4489 1436 4567 Sic
1464 4491 1622 4548 etiam
1654 4494 1881 4567 halegem
1904 4537 1919 4562 ,

328 4562 656 4627 saxitauum,
688 4560 893 4616 umbras
913 4602 927 4626 ,
960 4562 1142 4632 solium
1171 4563 1221 4616 in
1255 4562 1542 4632 plerisque.

401 4630 1104 4703 Hiruudiuem.ﬁrundinem
1136 4635 1186 4688 in
1218 4630 1458 4703 pluribus
1486 4650 1617 4690 mss.

361 4703 709 4829 (Clanculum
757 4700 943 4759 Jonas.
997 4700 1233 4772 Quidam
1280 4721 1411 4761 mss.
1478 4708 1779 4776 canculam,
1834 4707 1926 4763 alii

381 4791 582 4828 (meum.

381 4791 582 4828 nucum.

326 4792 675 4917 “uigilia...
711 4844 892 4929 Jacob.
930 4838 1183 4929 Plerique
1202 4846 1413 4929 codices
1439 4847 1561 4929 Job.
1606 4850 1778 4929 Paulo
1787 4859 1925 4929 post

328 4933 595 4980 ereneam,
640 4918 960 4986 caracinum,
1001 4917 1252 4974 heliouem
1290 4919 1343 4973 in
1385 4921 1567 4976 multis
1608 4917 1919 4987 codicibus,

329 4988 569 5043 dentilem
595 4988 647 5043 in
675 5005 782 5043 uno
809 5003 940 5044 mss.

329 5057 828 5185 I“fele:anathas.
871 5060 963 5117 Sic
1005 5062 1177 5118 codex
1214 5060 1372 5120 Sorh.
1415 5062 1505 5118 alii
1545 5062 1743 5131 Jonas,
1788 5062 1920 5121 editi

437 5148 504 5185 rm
565 5170 578 5185 .

371 5147 578 5186 oatmes.

403 5200 714 5274 Qouspersit.
738 5202 1028 5273 Compar-sit
1055 5204 1106 5258 in
1133 5220 1262 5260 mss.

411 5270 1182 5352 feriuiuistravitLSie_codiccs
1201 5292 1330 5332 mss.
1362 5277 1487 5333 editi
1518 5279 1927 5349 permittistravit.

416 5342 786 5400 Suscitabatur.
820 5346 1108 5403 Suscitabat
1139 5362 1269 5403 mss.

412 5415 612 5488 Labori.
630 5415 873 5488 Lazarus
888 5416 1085 5488 Morel.
1113 5427 1169 5473 et
1191 5418 1407 5488 quidam
1434 5435 1562 5476 mss.

403 5484 590 5541 Intulit
620 5487 846 5542 Martha.
872 5485 1044 5543 Maria
1072 5491 1123 5543 in
1150 5484 1254 5544 sex.
1271 5506 1400 5545 mss.
1427 5490 1657 5546 Thunmr
1697 5492 1928 5550 Sorbon.

404 5561 622 5678 A‘yuam.
654 5558 902 5626 Plerique
924 5575 1053 5614 mss.
1097 5572 1357 5630 aquatum.

412 5642 431 5678 1
470 5629 908 5678 an‘consemiebnl
939 5632 1202 5678 Susanna.
1236 5631 1349 5678 Non

411 5629 908 5684 Nou‘eansentiebat
939 5629 1202 5686 Susanna.
1235 5631 1349 5687 Non
1380 5633 1560 5690 inveni
1593 5636 1644 5691 in
1674 5652 1806 5692 mss.

420 5699 644 5753 Martha.
680 5698 910 5754 Thamar
938 5700 991 5756 in
1021 5701 1205 5757 codice
1228 5701 1541 5761 Sorboarieo.

413 5770 623 5833 Petrus.
651 5772 742 5830 Sic
768 5786 961 5829 novem
988 5772 1203 5831 codices
1226 5789 1356 5831 mss.
1396 5775 1652 5834 Martialis
1678 5780 1729 5835 in
1757 5776 1935 5836 editis.

2100 4278 2277 4333 David
2293 4278 2571 4351 hyssopum
2596 4280 2839 4351 porrexit.
2868 4279 2995 4351 Haec
3020 4279 3214 4336 desunt
3244 4281 3294 4335 in
3327 4293 3448 4337 octo
3474 4280 3629 4338 codi-

2023 4351 2181 4407 cibus
2208 4365 2338 4423 mss.
2372 4350 2425 4404 in
2454 4350 2647 4421 quibus
2676 4351 2839 4423 etiam
2871 4350 3064 4422 legitur
3101 4369 3113 4404 :
3147 4352 3285 4406 dedit
3313 4363 3630 4423 unguentum

2024 4423 2218 4549 Aaron.
2263 4420 2481 4477 Postea
2498 4422 2737 4492 perunxit
2776 4420 2951 4477 Maria
2979 4424 3032 4478 in
3059 4437 3167 4478 uno
3193 4438 3259 4479 ex
3291 4420 3453 4495 regiis
3480 4423 3631 4480 codi-

2026 4510 2073 4551 cr
2097 4511 2201 4549 ius.

1948 4593 2002 4656 1)
2101 4561 2746 4656 eaeeaﬁtrreieiﬂ
2766 4563 3335 4656 ιὲςῑίξξιξκξξρέίξίυυε

2104 4635 2317 4691 Chares.
2354 4634 2502 4690 Multi
2532 4633 2749 4689 codices
2779 4632 2982 4689 habent
3009 4635 3241 4691 choreas.

2097 4707 2337 4835 (fatigavit
2376 4706 2551 4762 Asael.
2593 4704 2827 4760 Cautavit
2865 4704 3036 4760 David
3095 4707 3148 4762 in
3189 4706 3459 4780 plerisque
3498 4726 3630 4769 mss.

2136 4794 2201 4834 ιρι
2242 4793 2323 4833 us.

2029 4793 2323 4836 COGICIDUS.

2044 4889 2061 4909 ι
2102 4849 2182 4905 Ite
2209 4851 2263 4904 in
2294 4848 2471 4904 domas
2500 4858 2709 4904 vestras.
2745 4846 2829 4920 Ite
2857 4848 3088 4904 domibus
3116 4851 3295 4907 vestris
3338 4852 3388 4906 in
3435 4852 3631 4920 pleris-

2027 4937 2133 4992 que
2168 4936 2299 4976 mss.
2356 4920 2437 4974 sic
2477 4920 2638 4975 etiam
2677 4919 2840 4992 paulo
2879 4930 3000 4991 post
3038 4921 3091 4977 in
3132 4922 3319 4978 iisdem
3361 4919 3529 4995 prodit
3578 4926 3633 4981 in

2027 4996 2270 5047 tuaoistro
2294 4995 2470 5044 Iesus.
2604 5004 2607 5005 '
2727 5020 2730 5024 λ

2134 5081 2167 5118 u
2194 5068 2419 5117 custode.
2447 5060 2647 5118 Omnes
2670 5061 2886 5119 codices
2913 5077 3045 5119 mss.
3077 5064 3131 5119 iu
3159 5066 3408 5121 custodia.

2105 5134 2379 5190 Nemroth.
2410 5131 2669 5189 Mambres
2697 5135 2750 5190 in
2779 5134 3031 5190 omnibus
3056 5150 3188 5190 mss.

2103 5204 2171 5261 lu
2198 5204 2509 5262 exordiario.
2544 5204 2731 5261 Morel.
2758 5216 2815 5262 et
2840 5208 3056 5262 codices
3081 5223 3211 5261 mss.
3242 5208 3295 5262 iu
3322 5210 3606 5266 exodiario.

2106 5276 2175 5331 In
2211 5293 2329 5331 eaeo
2353 5276 2655 5332 Antiochus.
2689 5278 2943 5334 Ariocltus
2982 5278 3035 5332 in
3075 5278 3352 5337 codicibus
3392 5296 3522 5339 mss.
3580 5282 3636 5339 in

2036 5366 2157 5405 coco
2179 5348 2339 5415 jarito
2369 5346 2527 5405 Sorb.

2111 5419 2179 5492 in
2208 5419 2457 5492 [κηρίων-ο
2485 5419 2738 5492 Ananiae.
2769 5434 2900 5476 mss.
2931 5421 2985 5475 iu
3014 5425 3318 5492 famularia.

2115 5490 2179 5545 In
2209 5490 2461 5555 ministro.
2493 5505 2622 5547 mss.
2656 5491 2711 5546 in
2738 5492 2988 5546 ministra.

2112 5562 2179 5616 In
2208 5562 2471 5640 rusticula.
2524 5562 2774 5640 Plerique
2800 5577 2929 5640 mss.
2962 5565 3017 5617 iu
3045 5566 3251 5640 rustica.
3285 5566 3446 5624 Iidem
3475 5567 3639 5640 paulo

2038 5645 2161 5707 post
2191 5632 2358 5687 nudus
2384 5631 2747 5707 eratlocata“
2765 5676 2780 5701 ,
2812 5633 2996 5707 stolam
3025 5637 3222 5707 petebat
3253 5641 3431 5695 Auses.

2117 5704 2231 5771 Quo
2256 5703 2649 5784 [emathiam].
2690 5717 2743 5761 et
2782 5705 2999 5784 quidam
3025 5703 3195 5784 codd.
3239 5727 3375 5784 mss.
3404 5729 3498 5784 pro
3535 5727 3636 5781 quo

2010 5744 2015 5749 ι
2118 5744 2229 5771 κων
2270 5744 2427 5784 ,τυ-ν.
2466 5744 2649 5759 ιιι-πμ...
2691 5744 2743 5761 νι
2782 5744 2999 5773 ιιι-ιυιυιι
3038 5744 3195 5763 ιυυυ.
3240 5744 3370 5767 Inoa.
3404 5744 3498 5784 μιν
3535 5744 3634 5781 qua

2045 5776 2211 5848 facta,
2243 5774 2335 5830 ahi
2364 5775 2461 5830 sub
2490 5793 2588 5847 qua
2613 5778 2768 5848 [ιιι-ιο.
2802 5777 2968 5833 l'aula
2997 5789 3118 5852 post
3141 5780 3339 5840 desunt
3366 5782 3449 5847 hic
3475 5798 3634 5850 voces
