4202 6272
642 283 748 341 953

1754 283 2168 343 TRACTATUS
2212 285 2300 343 DE
2340 285 2826 344 REVELATIONE
3043 286 3061 329 '

3835 293 3936 349 956

633 399 1055 474 gnbcrnaculisa
1086 401 1196 456 Deo
1218 409 1485 470 paratam;
1518 415 1676 472 quam
1709 401 1982 473 ingressus
2005 413 2090 460 est
2112 420 2235 460 cum
2261 409 2313 468 Α
2340 406 2564 475 eipicns,
2584 406 2810 477 singulis
2838 405 3085 476 deposuit
3107 404 3339 462 feretris.
3375 405 3553 461 Laetus
3580 421 3675 477 pto
3699 406 3933 477 victoria,

638 495 892 553 thesauro
917 503 970 548 et
996 492 1169 565 magni
1202 492 1358 562 pretii
1399 492 1723 563 margaritis.
1755 494 1919 566 Igitur
1958 495 2152 553 fratres
2183 505 2240 551 et

636 589 770 644 socii
798 587 914 658 ejus
942 584 1331 642 descendentes
1360 601 1481 642 cum
1510 602 1576 643 eo
1606 589 1658 643 in
1679 587 1821 657 navi,
1850 590 2049 660 gratias
2076 607 2238 662 agen-

635 690 735 747 tes,
768 682 820 737 in
852 680 1065 753 hymnis
1089 688 1143 735 et
1180 679 1445 763 laudibus
1476 680 1641 737 Deum
1663 709 1669 714 -
1689 671 2085 754 benedicentes,
2129 685 2235 740 alta

635 785 827 849 petunt
855 791 1093 847 aequora.

704 869 792 924 IV.
835 870 1074 940 Cumque
1122 867 1177 923 in
1210 883 1357 947 mare
1403 867 1508 925 iter
1560 883 1722 940 agere.
1750 869 2024 941 coepisset,
2054 869 2234 938 Felix,

630 964 851 1021 elevatis
863 961 1128 1026 oculis,ad
1150 961 1346 1018 cmlum
1363 962 1565 1033 palmas
1589 961 1833 1030 tetendit,
1857 962 2041 1019 dicens
2061 980 2074 1018 :
2092 981 2111 1015 ι
2129 962 2234 1019 Do-

635 1058 779 1114 mine
804 1056 932 1113 Jesu
958 1053 1199 1120 Christe,
1227 1060 1317 1127 qui
1350 1054 1515 1110 fecisti
1534 1055 1730 1110 coelum
1759 1063 1813 1110 et
1843 1063 2236 1125 terratnhmare

630 1160 681 1207 et
708 1151 887 1205 omnia
916 1149 1006 1221 qui
1035 1151 1087 1204 in
1120 1150 1200 1202 cis
1239 1155 1382 1215 sunt,
1409 1157 1463 1201 et
1495 1147 1815 1219 profundum
1843 1148 2022 1220 abyssi
2060 1148 2236 1204 intue-

632 1244 728 1310 ris,
751 1244 841 1314 qui
868 1256 1032 1312 super
1059 1239 1229 1296 undas
1256 1239 1421 1295 maris
1448 1239 1608 1295 siccis
1634 1239 1855 1310 pedibus
1901 1239 2184 1296 atnbulasti
2216 1282 2231 1307 ,

632 1345 689 1390 et
712 1335 928 1391 Petrum
960 1344 1290 1404 mergentcm
1319 1346 1476 1387 manu
1505 1330 1744 1397 ercxisti,
1796 1339 1850 1385 et
1875 1330 2099 1385 Paulum
2152 1341 2234 1385 ter

634 1427 703 1485 de
732 1425 1008 1498 naufragio
1032 1422 1305 1490 liberasti;
1340 1422 1503 1478 libera
1527 1436 1625 1477 nos
1646 1421 1714 1477 de
1742 1422 1950 1493 magnis
1981 1419 2233 1477 fluctibus

635 1523 793 1595 hujus
840 1520 1032 1593 pelagi,
1066 1527 1126 1574 ut
1168 1520 1411 1575 viventes
1452 1506 1836 1575 benedicamus
1861 1530 2055 1570 nomen
2086 1523 2232 1568 tuum

633 1616 688 1672 in
703 1612 895 1672 saecula
926 1612 1265 1669 saeculorum.
1295 1610 1502 1665 Mittere
1526 1609 1709 1673 etiam,
1741 1607 1987 1671 Domine,
2012 1606 2235 1677 dignare

631 1718 875 1764 sanctum
908 1704 1166 1778 Angelum
1191 1714 1338 1759 tuum
1362 1701 1429 1758 de
1453 1701 1623 1767 coalis,
1660 1708 1719 1755 ut
1755 1698 1827 1756 sit
1868 1698 1974 1753 dux
2025 1698 2235 1753 itineris

2341 508 2564 554 maestus
2591 514 2688 570 pro
2719 499 3040 554 amissorum
3068 498 3342 555 funeribus
3372 500 3669 556 exercitum
3704 512 3928 566 revocat,

2340 606 2563 662 pergere
2584 593 2808 663 cupiens
2823 590 2889 647 ad
2921 591 3159 664 propria.
3790 666 3794 670 θ

2415 681 2497 737 Vl.
2534 681 2775 754 Cumque
2804 685 2873 739 ab
2911 683 3012 740 hac
3037 684 3187 740 caede
3212 684 3363 754 quasi
3381 696 3610 757 quatuor
3628 685 3934 742 ntilliaribus

2337 773 2591 845 disjuncti
2620 786 2826 842 essent,
2862 775 3027 846 figere
3050 775 3281 831 tentoria
3331 776 3590 846 imperat;
3620 794 3931 849 pressusque

2339 882 2554 935 somno,
2591 876 2821 922 stratum
2863 882 3018 923 suum
3068 868 3244 938 parari
3287 868 3341 922 in
3372 868 3730 940 papiliOnibns
3763 870 3930 941 jubet.

2337 957 2509 1025 Tune,
2548 976 2644 1029 pro
2700 959 3017 1016 lassitudine
3062 975 3253 1016 somno
3300 961 3602 1032 ingruente,
3630 979 3732 1018 vox
3763 963 3933 1021 divina

2337 1051 2515 1107 oblata
2543 1059 2648 1119 est,
2680 1050 2865 1108 dicens
2895 1052 2961 1107 ad
2993 1068 3150 1109 eum:
3191 1071 3209 1104 ‹
3239 1052 3347 1109 Cur
3372 1063 3424 1110 te
3454 1055 3603 1126 piger
3626 1071 3845 1112 somnus
3866 1058 3935 1115 ita

2338 1143 2528 1213 pressit
2545 1143 2567 1197 ἲ
2583 1141 2660 1197 No
2670 1142 2815 1199 veris
2843 1142 3021 1215 magni
3045 1144 3143 1199 viri
3165 1144 3391 1200 Joannis
3409 1146 3663 1217 Baptism:
3688 1157 3845 1219 caput
3868 1166 3931 1207 ex

2340 1237 2717 1293 transmarinis
2748 1238 2989 1307 partibus
3028 1238 3096 1295 ab
3134 1238 3357 1296 Oriente
3384 1255 3505 1296 cum
3540 1241 3710 1298 tribus
3741 1259 3932 1313 parvu-

2350 1329 2418 1385 lis
2450 1329 2838 1387 Innocentibus
2863 1329 2929 1385 ad
2958 1330 3100 1387 hunc
3133 1347 3325 1404 pagum
3373 1332 3592 1400 deferri,
3622 1346 3672 1389 et
3726 1346 3932 1406 propter

2338 1425 2454 1495 ejus
2482 1426 2729 1480 meritum
2760 1424 2815 1479 in
2853 1423 2956 1482 hoc
2980 1426 3167 1489 prmlio
3194 1425 3453 1482 divinitus
3483 1428 3763 1484 victoriam
3793 1430 3931 1487 tibia

2339 1516 2449 1572 Deo
2480 1530 2602 1572 esse
2623 1514 2894 1571 collatam.
2939 1536 2958 1569 ι
2993 1516 3297 1589 ReSpontlit
3323 1519 3373 1574 ei
3419 1535 3515 1575 rex
3545 1519 3768 1591 Pipinns
3793 1521 3843 1575 in
3864 1523 3933 1578 vi-

2338 1609 2509 1677 sione,
2545 1608 2728 1664 dicens
2758 1626 2771 1663 :
2804 1628 2823 1662 ‹
2861 1608 2917 1666 Si
2951 1618 3099 1666 tanta
3130 1610 3390 1668 beneficia
3414 1622 3632 1684 prapter
3648 1613 3767 1683 ejus
3782 1616 3934 1672 nteri-

2339 1712 2449 1758 tum
2487 1704 2535 1757 in
2565 1717 2648 1756 me
2679 1702 2880 1777 vigent,
2915 1703 3090 1760 indica
3115 1702 3243 1758 mihi
3268 1704 3396 1774 quid
3422 1719 3599 1776 agam,
3634 1716 3728 1760 aut
3754 1723 3931 1777 quem-

631 1800 821 1865 nostri,
869 1799 1009 1855 sicut
1058 1795 1155 1852 fuit
1178 1794 1447 1867 quondam
1481 1791 1723 1864 patribus
1751 1789 1972 1857 n0.~triS,
2021 1788 2235 1861 quanth
2268 1795 2628 1865 Badmodnm
2682 1796 3007 1867 investigare
3063 1796 3148 1851 vel
3201 1797 3445 1852 invenire
3497 1808 3685 1867 potero
3723 1815 3922 1854 cum.»

635 1890 867 1949 cduxisti
897 1904 992 1946 eos
1037 1887 1108 1944 de
1150 1897 1294 1944 terra
1325 1883 1544 1958 Egypti
1575 1884 1627 1939 iu
1658 1881 1968 1939 fortitudine
2019 1896 2231 1953 magna,

630 1994 686 2041 et
713 1985 766 2039 in
795 1997 957 2038 manu
981 1990 1069 2038 tua
1093 1979 1301 2044 valida;
1330 1988 1382 2034 et
1406 1976 1604 2049 perduc
1630 1992 1727 2031 nos
1756 1985 1902 2030 recto
1950 1975 2141 2028 itinere
2166 1971 2235 2028 ad

635 2077 813 2134 locum
844 2084 1107 2146 Optatum,
1136 2070 1204 2128 ad
1255 2080 1471 2128 sanctas
1501 2078 1556 2125 et
1602 2067 1864 2140 pretiosas
1915 2065 2235 2136 margaritas

631 2166 998 2229 colloéandas;
1026 2187 1046 2222 ι

703 2265 769 2321 V.
810 2263 938 2321 [hec
959 2271 1015 2319 et
1042 2260 1127 2316 his
1143 2256 1339 2315 similia
1359 2264 1547 2313 orante
1571 2254 1727 2310 beato
1754 2252 1953 2318 Felice,
1977 2265 2107 2307 ecce
2130 2265 2231 2305 nu-

635 2360 730 2418 bes
755 2359 930 2417 lucida
949 2342 1227 2415 descendit
1251 2368 1412 2424 supra
1437 2366 1648 2418 navem,
1683 2357 1736 2406 et
1760 2347 1829 2404 de
1878 2347 2054 2403 medio
2076 2345 2232 2402 nubis

634 2468 850 2527 egressa
871 2461 954 2510 est
976 2449 1224 2508 columba
1253 2445 1319 2503 ad
1350 2447 1518 2502 instar
1549 2443 1686 2498 nivis
1710 2440 1960 2507 candida,
1983 2450 2036 2496 et
2070 2454 2234 2511 super

638 2547 857 2620 puppim
910 2546 1062 2602 navis
1102 2540 1393 2599 immobilis
1424 2537 1677 2610 perstitit,
1709 2545 1827 2591 tam-
1856 2535 1909 2589 in
1956 2534 2043 2590 dic
2074 2548 2231 2604 quam

633 2640 686 2697 in
715 2649 893 2707 nocte,
922 2651 1093 2710 usque
1121 2635 1250 2691 dum
1277 2633 1330 2689 in
1381 2630 1621 2703 partibus
1648 2627 1947 2699 Aquitania:
1989 2625 2057 2681 ad
2085 2626 2234 2681 littus

634 2733 799 2791 maris
826 2729 1027 2788 Oceani
1054 2728 1439 2802 pertingerent.
1460 2723 1704 2794 Cumque
1726 2736 1832 2776 non
1856 2719 2012 2790 longe
2033 2734 2060 2771 a
2089 2728 2231 2775 terra

628 2842 690 2886 se
718 2843 840 2885 esse
867 2824 1268 2898 cognovissent,
1293 2818 1627 2876 diverterunt
1650 2814 1716 2871 ad
1746 2823 1958 2885 portum
2006 2813 2092 2882 qui
2138 2827 2233 2883 ap-

632 2923 862 2995 pellatur
886 2916 1331 2991 Angolismends,
1360 2914 1550 2983 quiest
1574 2910 1711 2966 situs
1735 2909 1787 2964 in
1808 2923 1942 2979 pago
1968 2905 2228 2962 Alniensi.

631 3014 814 3087 Ibique
844 3022 1034 3069 euntes
1055 3009 1123 3066 de
1150 3007 1270 3064 navi
1299 3005 1367 3061 ad
1395 3012 1616 3064 terram.
1648 3000 1919 3073 paulisper
1951 2998 2231 3069 requieve-

632 3118 775 3166 rnnt.
809 3106 1083 3163 Moventes
1110 3111 1290 3158 autem
1318 3114 1382 3155 ex
1415 3097 1604 3155 eodem
1632 3095 1774 3162 loco,
1803 3093 2013 3148 duobus
2040 3092 2233 3146 millia-

2341 1892 2635 1964 Respondit
2663 1906 2718 1950 et
2739 1910 2841 1950 vox
2864 1892 3064 1959 divina,
3093 1890 3280 1947 dicens
3310 1909 3323 1945 :
3353 1909 3372 1942 ‹
3414 1890 3552 1946 Ecce
3581 1903 3702 1962 post
3735 1902 3932 1966 tergum

2340 1993 2486 2040 tutntt
2530 1996 2828 2058 sequuntur
2856 1995 2906 2039 te
2935 1993 3141 2055 septem
3186 1983 3378 2039 fratres
3405 1983 3458 2039 in
3492 1982 3672 2040 habitu
3700 1985 3936 2058 peregri-

2339 2092 2556 2146 norum,
2591 2087 2647 2134 et
2676 2093 2814 2134 unus
2851 2076 2941 2148 qui
2983 2077 3195 2132 ereteris
3247 2092 3486 2147 praeesse
3529 2077 3753 2146 videtur,
3783 2079 3937 2137 Felix

2340 2180 2578 2227 vocatur.
2606 2171 2756 2228 Vade
2784 2173 2836 2227 in
2872 2185 3154 2226 occursum
3187 2187 3374 2228 eorum
3406 2188 3527 2228 cum
3562 2176 3765 2245 paucis,
3797 2184 3855 2231 et
3881 2177 3933 2233 in

2336 2262 2636 2320 humilitate
2683 2262 2866 2321 cordis
2941 2264 3171 2334 benigne
3213 2266 3430 2335 suscipe
3482 2283 3494 2320 :
3543 2265 3934 2341 adornatasque

2338 2356 2755 2425 pretiosissimas
2826 2355 3143 2426 margaritas
3192 2355 3415 2426 pacifica
3492 2366 3671 2413 tecum
3744 2359 3932 2418 ducere

2335 2449 2572 2513 coneris,
2595 2456 2650 2504 et
2677 2446 2881 2503 videbis
2911 2448 3175 2519 magnalia
3206 2447 3324 2504 Dei.
3355 2468 3375 2501 ι
3407 2448 3497 2505 Vir
3515 2462 3697 2507 autern
3734 2452 3930 2510 Domini

2335 2541 2511 2608 Felix,
2536 2542 2647 2597 visa
2680 2550 2825 2597 tanta
2852 2540 3191 2597 multitudine
3211 2556 3474 2597 cmsorutn
3502 2560 3814 2615 corporum,
3843 2563 3929 2617 pa-

2336 2649 2465 2690 thl‘e
2492 2635 2831 2705 perterritus,
2860 2641 3038 2689 tamen
3087 2632 3157 2689 de
3199 2632 3471 2705 adjutorio
3528 2636 3622 2691 Dei
3680 2639 3929 2706 toutisus,

2335 2727 2601 2785 confortat
2630 2730 2828 2796 socios,
2859 2738 2913 2785 et
2940 2737 2997 2784 ut
3027 2728 3299 2800 paulisper
3328 2731 3426 2786 iter
3462 2740 3717 2803 agerent,
3747 2721 3931 2791 admo-

2337 2834 2446 2879 net.
2481 2822 2927 2894 Divertentesque
2974 2839 3039 2878 ex
3090 2822 3342 2888 adverso,
3399 2825 3671 2895 parvulum
3701 2827 3802 2880 sibi
3826 2838 3934 2883 sta-

2337 2923 2552 2971 luerunt
2592 2914 2975 2981 habitaculum,
3002 2924 3057 2969 ut
3084 2914 3272 2971 eadem
3305 2926 3462 2972 nocte
3497 2932 3659 2989 usque
3686 2934 3843 2974 mane
3870 2920 3926 2976 in

2334 3007 2523 3065 eodem
2553 3023 2873 3079 permanere
2901 3008 3216 3078 potuissent.

2413 3099 2521 3158 ΥΠ.
2561 3098 2858 3155 l'rat-dictus
2898 3110 3076 3155 autem
3115 3117 3209 3156 rex
3241 3087 3459 3171 Pipinus
3489 3119 3519 3157 a
3560 3117 3754 3160 somno
3777 3103 3933 3177 evigi-

628 3203 776 3259 rihus
795 3198 1375 3272 peractis,iuvencrunt
1394 3191 1606 3247 eminus
1625 3195 1848 3259 carpora
1871 3196 2226 3272 mortuorum,
2259 3208 2303 3270 ρ
2338 3193 2478 3261 laus,
2512 3194 2649 3249 intra
2674 3194 3022 3265 semetipsum
3053 3194 3293 3265 cogitare
3340 3194 3533 3250 tacitus
3570 3198 3822 3268 erepitex
3851 3198 3931 3253 vi.

624 3270 809 3365 regem
842 3290 1088 3347 videlicet
1110 3286 1500 3345 Wandalorum
1529 3297 1653 3339 cum
1678 3281 1823 3336 omni
1869 3270 2106 3335 exercitu
2133 3291 2230 3334 suo
2262 3363 2281 3372 ε

625 3388 899 3460 jacentem
924 3399 1090 3455 super
1108 3381 1297 3437 faciem
1323 3388 1504 3443 terrm,
1526 3384 1584 3432 ttt
1603 3375 1815 3446 Opinor,
1843 3375 1993 3442 quasi
2045 3372 2229 3444 viginti

630 3480 795 3538 millia
815 3480 1090 3535 virorum:
1123 3473 1376 3547 quoniam
1406 3483 1654 3543 egressus
1677 3468 1849 3524 fuerat
1882 3467 2024 3523 idem
2062 3481 2230 3537 popu-

630 3574 721 3631 lus
744 3564 927 3628 crassa
956 3570 1166 3626 cervice
1210 3565 1280 3622 de
1311 3564 1590 3636 vagatione
1627 3576 1724 3618 sua
1772 3576 1866 3631 per
1916 3574 2064 3616 mare
2106 3574 2227 3615 cum

631 3665 806 3723 classe
819 3668 1090 3734 magna,et
1101 3668 1291 3715 ventus
1310 3655 1600 3712 vehemens
1620 3654 1775 3710 irruit
1792 3652 1844 3708 in
1865 3666 1979 3731 eos,
1993 3660 2048 3708 et
2066 3661 2232 3707 trans-

629 3757 776 3816 vexit
803 3757 859 3812 in
891 3766 1069 3826 partes
1094 3748 1399 3808 Occidentis
1416 3748 1468 3803 in
1485 3745 1849 3818 supradictum
1877 3754 2087 3816 portum
2116 3741 2228 3799 An-

628 3851 1032 3923 golismensem.
1066 3844 1485 3912 Nuntiatuntque
1514 3850 1599 3897 est
1628 3838 1821 3913 Pjpino
1864 3837 1977 3911 regi
2005 3838 2227 3910 Aquita—

630 3958 772 4009 rum,
802 3940 947 4010 quod
998 3953 1129 4011 gens
1172 3935 1434 3994 Wandala
1474 3949 1696 4006 regnum
1724 3932 1841 4004 ejus
1884 3930 2168 3989 invaderet
2208 3948 2224 3987 :

625 4035 877 4107 misitque
894 4034 946 4088 in
974 4045 1164 4088 omnes
1185 4030 1443 4086 terminos
1484 4025 1872 4098 Aquitanorum
1892 4040 1955 4080 ac
1990 4024 2227 4080 Xancto-

629 4126 786 4192 uicae,
826 4138 1059 4182 necnon
1097 4120 1443 4193 Angolismm,
1475 4120 1588 4175 sive
1616 4132 1806 4174 omnes
1833 4116 2088 4175 terminos
2132 4132 2245 4174 θοι

629 4235 769 4286 rum,
826 4227 884 4273 ut
929 4211 1121 4274 contra
1159 4228 1255 4271 eos
1284 4219 1567 4284 pergerent
1614 4225 1677 4266 ae
1701 4208 2018 4266 dimicarent
2055 4228 2068 4265 :
2101 4210 2224 4281 quia

624 4312 770 4370 idem
788 4326 885 4369 rex
907 4307 1128 4382 Pipinus
1146 4317 1271 4363 tunc
1286 4302 1597 4361 morabatur
1624 4302 1676 4359 in
1697 4302 1966 4359 territorio
1982 4301 2224 4359 Alniensi

624 4423 789 4478 super
807 4405 1029 4461 fluvium
1058 4400 1355 4464 Vultronte,
1388 4398 1441 4453 in
1466 4396 1662 4469 palatio
1690 4397 1833 4468 quod
1862 4407 2085 4453 vocatur
2113 4397 2226 4453 En-

624 4501 921 4575 geriacum,
941 4496 1083 4553 inter
1110 4493 1319 4551 medios
1344 4491 1477 4549 nes
1503 4491 1844 4547 Pictavorum
1889 4506 1953 4546 ac
1985 4490 2222 4547 Xancto-

2335 3287 2489 3343 sione
2516 3302 2675 3359 quam
2700 3285 2925 3350 viderat,
2971 3285 3097 3358 quid
3146 3301 3305 3357 agere
3344 3285 3597 3354 deberet;
3629 3292 3934 3362 recogitans

2333 3380 2455 3451 quia
2480 3379 2532 3434 in
2552 3378 2788 3449 antiquis
2817 3386 2899 3433 est
2925 3377 3210 3449 sapientia,
3232 3389 3281 3433 et
3302 3377 3588 3433 multorum
3630 3383 3934 3450 peritorum

2334 3470 2633 3542 prudentia.
2668 3469 2989 3543 Mittensque
3019 3472 3259 3527 concitus
3283 3471 3527 3527 accersiri
3572 3470 3731 3541 jubet
3756 3477 3932 3531 virum

2332 3564 2654 3636 prudentem
2684 3578 2747 3619 ac
2773 3563 2929 3620 bonis
2954 3565 3209 3636 operibus
3234 3563 3555 3636 pollentem,
3580 3567 3805 3623 nomine
3837 3568 3935 3625 Fe-

2331 3656 2511 3725 licem,
2532 3667 2588 3713 ut
2613 3658 2681 3714 de
2709 3667 2851 3714 tanta
2884 3656 3169 3717 manifesta
3196 3660 3405 3715 visione
3434 3659 3723 3716 Dominum
3756 3664 3933 3733 pulsa-

2330 3762 2435 3821 ret,
2474 3761 2535 3808 ut
2580 3752 2631 3809 ei
2680 3752 2894 3810 salubre
2933 3753 3215 3809 consilium
3261 3769 3548 3825 suggerere
3597 3754 3930 3827 dignaretur.

2330 3842 2494 3916 Igitur
2542 3844 2769 3901 consilio
2821 3847 3093 3901 inventum
3137 3856 3219 3902 est
3257 3853 3315 3901 ut
3363 3849 3541 3903 exutis
3585 3849 3818 3904 vestibus
3870 3859 3935 3905 ct

2330 3938 2711 3996 calceamentis
2736 3940 2851 3995 suis
2875 3940 2927 3995 in
2957 3940 3139 3996 cinere
3156 3949 3212 3996 et
3237 3940 3416 3997 cilicio
3443 3941 3601 3999 nudis
3627 3942 3822 4014 plantis
3849 3944 3938 3997 in-

2329 4031 2606 4099 cedentes,
2650 4030 2811 4087 sicuti
2867 4031 3088 4088 oraculo
3134 4024 3322 4088 divino
3370 4033 3681 4090 admonitus
3729 4034 3927 4102 fuerat,

2329 4123 2540 4181 obviam
2565 4123 2778 4180 famulis
2816 4123 2909 4180 Dei
2960 4124 3331 4195 procederent.
3366 4125 3609 4197 Cumque
3651 4142 3712 4182 se
3743 4139 3933 4185 mutuo

2328 4217 2756 4288 conSpexissent,
2801 4216 3063 4288 jacctttes,
3109 4228 3215 4274 tam
3247 4216 3363 4290 ipse
3411 4235 3571 4291 quam
3620 4234 3812 4276 omnes
3840 4222 3932 4291 qui

2326 4307 2573 4377 aderant,
2598 4308 2750 4381 proni
2768 4309 2824 4365 in
2856 4319 3051 4366 terram
3077 4308 3275 4365 tamdiu
3311 4310 3700 4380 adorarcruut,
3725 4312 3936 4384 quoad-.-

2328 4418 2500 4473 usque
2520 4402 2705 4459 famuli
2737 4402 2828 4458 Dei
2883 4402 2949 4458 ad
2988 4403 3163 4459 locum
3214 4403 3303 4458 ubi
3353 4405 3630 4473 jacebant,
3660 4408 3938 4479 pertinge-

2328 4503 2467 4551 rent.
2498 4492 2740 4566 Cumque
2766 4495 3049 4549 Dominum
3071 4494 3505 4561 benedixissent,
3537 4507 3591 4552 et
3616 4513 3677 4553 se
3697 4498 3938 4555 invicem

625 4595 780 4653 nicas.
814 4593 1074 4663 Denique,
1099 4587 1381 4645 cumidem
1401 4602 1496 4642 rex
1512 4585 1731 4656 Pipinus
1759 4599 1884 4641 cum
1908 4585 2053 4641 omni
2081 4584 2222 4641 mul-
2248 4605 2302 4666 Β
2327 4588 2673 4653 salutassent,
2701 4587 2943 4644 osculum
2977 4589 3124 4659 pacis
3150 4589 3371 4646 sibimet
3401 4588 3688 4646 dederunt.
3718 4591 3942 4648 Levan-

624 4688 853 4746 titudine
866 4695 1194 4742 armatorum
1209 4689 1521 4738 occurreret
1541 4679 1787 4736 hostibus
1810 4678 1942 4744 suis,
1963 4679 2088 4735 fecit
2119 4679 2223 4736 Do-

626 4784 806 4841 minus
852 4781 1080 4838 salutem
1122 4791 1368 4850 magnam
1417 4773 1567 4831 omni
1593 4772 1852 4831 exercitui
1881 4787 2003 4840 suo,
2036 4773 2109 4829 ita
2164 4781 2223 4828 ut

608 4874 803 4933 'nullus
817 4872 1071 4930 evaderet
1087 4885 1152 4927 ex
1177 4869 1278 4926 hac
1305 4865 1665 4935 multitudine,
1687 4866 1778 4939 qui
1804 4880 1910 4922 non
1932 4864 2082 4922 ctcde
2101 4879 2222 4921 vas-

627 4977 851 5025 taretur.
880 4961 1233 5036 Supradictus
1255 4971 1437 5017 autem
1467 4975 1561 5037 rex
1583 4957 1771 5015 videns
1804 4957 1907 5014 sibi
1932 4972 1962 5013 a
1992 4956 2218 5013 Domino

624 5062 886 5120 auxilium
912 5058 981 5115 de
1009 5055 1150 5113 coelo
1188 5053 1353 5109 fuisse
1393 5053 1711 5123 priestitum,
1741 5060 1798 5107 et
1846 5050 2104 5107 ultionem
2148 5048 2216 5106 de

622 5156 873 5223 inimicis,
903 5152 974 5209 ita
996 5159 1053 5205 ut
1081 5162 1185 5205 non
1216 5148 1588 5203 minuerentur
1612 5143 1677 5199 de
1697 5143 1936 5201 exercitu
1974 5158 2093 5210 suo,
2114 5141 2217 5198 nisi

622 5249 811 5326 viginti
836 5247 938 5304 viri
952 5257 1090 5318 quos
1114 5256 1224 5315 pra:
1250 5236 1463 5297 caeteris
1489 5237 1646 5295 valde
1665 5235 1937 5309 diligebat.
1960 5236 2107 5305 Quos
2130 5252 2219 5293 ac-

2330 4694 2518 4755 tesque
2538 4696 2598 4739 se
2622 4697 2654 4738 a
2682 4691 2848 4751 terra,
2878 4682 3299 4755 lacrymabiliter
3324 4685 3723 4756 interrogabant
3748 4702 3817 4743 se
3848 4688 3937 4742 in-

2324 4776 2517 4837 vicem,
2538 4789 2642 4846 qua
2659 4788 2820 4830 causa
2852 4774 3101 4845 haecque:
3127 4775 3374 4831 viderant
3399 4787 3452 4832 et
3495 4776 3806 4844 audierant,
3840 4794 3942 4835 ac-

2323 4866 2603 4923 cidissent.
2636 4864 2731 4922 Vir
2760 4874 2937 4922 autem
2981 4867 3192 4924 Domini
3218 4855 3372 4923 Felix.
3397 4879 3591 4925 cuneta
3621 4870 3943 4942 intelligens

2322 4975 2352 5013 a
2382 4960 2495 5015 Deo
2514 4972 2638 5016 esse
2658 4957 3018 5027 manifestata,
3052 4960 3250 5017 retexit
3275 4960 3529 5019 historias
3572 4963 3944 5033 quemadmo—

2319 5051 2451 5108 dum
2466 5050 2891 5123 Hierosolymam
2908 5050 3117 5108 adierat
3135 5054 3398 5108 orationis
3416 5054 3610 5125 gratia,
3631 5064 3685 5110 et
3704 5054 3947 5112 thesau-

2320 5160 2439 5200 rum
2460 5142 2833 5201 absconditum
2867 5143 3047 5201 divina
3087 5144 3456 5201 misericordia
3483 5145 3535 5203 ci
3570 5148 3950 5205 rerelaverat.

2325 5238 2389 5295 Et
2417 5236 2557 5294 facta
2581 5236 2826 5293 oratione
2854 5252 2977 5294 cum
3008 5252 3199 5294 omnes
3226 5237 3633 5310 respondissent
3669 5259 3683 5295 :
3713 5243 3951 5310 Amen,

1984 5350 2544 5410 COMMENTARIUS.

619 5462 657 5505 κ
696 5456 1028 5532 V.—-Regem
1051 5442 2218 5532 videtisgﬂWandalorum.Intelligendpnrcst
2316 5462 2447 5532 pum
2483 5486 2512 5532 ,_
2554 5454 2612 5501 ut
2638 5444 3083 5532 Wanda‘lo‘snillos
3104 5457 3403 5532 nuncupet,
3435 5449 3579 5520 quod
3611 5451 3963 5532 a_Vasconi-

633 5516 773 5591 istud
804 5516 990 5586 autde
1016 5531 1194 5594 strage
1240 5516 1856 5594 Chilxingiﬁrvernensi
1897 5523 1959 5594 et
2004 5516 2216 5594 [inungi
2316 5516 2438 5594 bus,
2465 5527 2622 5594 atque
2647 5516 2783 5594 adeo
2809 5526 2865 5573 et
2888 5516 3170 5594 [vendatis
3218 5516 3324 5575 ort'i
3371 5516 3584 5594 essent.
3628 5523 3743 5579 Aul
3792 5533 3966 5581 certe

622 5585 978 5663 Dictaviensis
1002 5585 1279 5661 comitum,
1319 5585 1483 5663 quale
1523 5588 1649 5661 quid
1682 5587 1879 5663 indicat
1907 5585 2218 5663 Sigebertus

622 5658 794 5750 quiin
821 5658 1381 5750 auxiliunﬁvenerapt
1411 5658 1556 5750 dpei‘
1582 5660 1879 5750 ριιρρίιξηὶερ
1903 5668 2087 5714 contra
2135 5658 2221 5741 1ξὶ-

665 5729 809 5803 int‘im
837 5760 851 5797 :
883 5752 973 5797 aut
992 5739 1062 5794 de
1091 5737 1204 5807 ipsa
1229 5731 1377 5807 caede
1427 5730 1701 5807 Vttayrarii
1737 5729 1889 5807 ducis
1917 5744 2014 5785 ceu
2034 5729 2219 5807 regis,

624 5800 891 5876 interfecti
912 5809 1054 5886 apud
1072 5800 1460 5877 Petrogoricos,
1483 5800 1632 5873 juxta
1677 5805 1920 5858 Adonem
1944 5810 1996 5858 ct
2018 5800 2224 5861 Aimni-

2321 5586 2561 5659 reliquiae
2586 5590 2848 5659 qutepiam
2895 5588 3280 5647 Wandalorum
3311 5606 3524 5647 rursum
3552 5593 3765 5651 Callias
3821 5608 3967 5651 tunc

2324 5656 2722 5731 infeStantium,
2740 5661 3189 5731 quemadmodum
3244 5678 3338 5718 eos
3362 5662 3554 5721 fecisse
3582 5667 3788 5722 scribit
3849 5667 3969 5722 llo-

2327 5730 2824 5807 hertus_Gagt_ti_nns
2852 5732 3009 5803 paulo
3058 5742 3343 5807 antequam
3400 5748 3651 5807 regnaret
3702 5738 3976 5799 Carolus

2325 5800 2641 5875 Martcllus,‘
2656 5801 2827 5877 Pipini
2848 5800 3019 5878 pater.
3076 5800 3283 5863 quat.
