4190 6266
265 337 381 395 937

1505 335 1593 395 DE
1630 336 1900 398 PASCBA
1936 337 2327 397 COMPUTUS.

3470 344 3575 402 958

264 450 497 511 elevatis
512 450 663 509 Felix
694 450 1096 522 pretiosissimis
1137 452 1471 523 margaritis,
1502 453 1677 524 capite
1718 456 1865 511 scili-
1892 456 1943 518 Α
1972 454 2325 523 Engeriacum
2358 458 2733 523 pervenerunt.
2768 450 3008 508 Audiens
3036 459 3215 509 autem
3263 454 3442 510 omnis
3472 470 3578 527 po-

267 555 364 604 cet
379 545 604 602 Joannis
624 545 880 615 Baptista:
906 553 959 601 et
988 544 1225 617 reliquiis
1253 546 1523 600 sociorum
1549 546 1666 617 ejus
1694 546 1869 603 beato-

265 654 395 695 rum
416 646 711 710 martyrum
735 637 1101 695 lnnocentium
1118 654 1135 705 ;
1152 654 1272 695 cum
1299 637 1515 710 hymnis
1539 647 1595 696 et
1621 638 1869 697 laudibus

266 728 621 801 psallentium
642 728 822 800 dirigit
841 730 1089 787 chorum.

358 823 471 880 VII.
504 824 621 892 Quo
643 824 844 891 audito,
901 834 1126 881 cunctus
1164 826 1432 882 exercitus
1459 827 1550 897 qui
1602 826 1652 882 in
1676 828 1870 883 castris

266 926 413 985 erat,
444 916 594 989 quasi
637 932 775 972 unus
799 917 879 972 vir
903 918 954 973 ei
982 917 1193 973 obviam
1218 918 1483 984 processit
1519 933 1746 975 numero
1774 919 1871 973 tri-

266 1013 422 1084 ginta
449 1010 613 1066 millia
640 1009 899 1065 \irorum.
932 1010 1235 1082 Exsequias
1258 1025 1389 1067 vero
1419 1021 1750 1066 mortuorum
1778 1010 1869 1080 qui

269 1102 330 1158 in
364 1101 549 1173 prazlio
576 1110 911 1166 corruerant,
940 1116 1124 1158 secum
1153 1101 1474 1165 deterentes,
1499 1102 1753 1173 petebant
1776 1117 1873 1156 au-

260 1195 463 1251 'xilium
512 1194 580 1249 de
622 1194 763 1250 ctelo
807 1208 836 1249 a
890 1193 1121 1249 Domino
1168 1209 1264 1265 per
1303 1207 1689 1264 praecursorem
1714 1207 1869 1248 suum

271 1290 562 1356 Joannem,
587 1287 812 1359 ntenjns
850 1287 1091 1360 reliquiae
1111 1287 1525 1359 deportarentur
1545 1288 1722 1344 divina
1750 1303 1871 1358 gra-

270 1383 348 1438 tia
372 1379 717 1437 manifestare
766 1380 1106 1452 dignaretur;
1141 1381 1513 1451 promittentes
1558 1396 1616 1436 se
1669 1389 1870 1435 tantam

269 1473 436 1530 ﬁdem
470 1472 687 1535 habere.
713 1480 770 1526 nt
798 1471 1056 1543 quidquid
1081 1482 1372 1542 peteretur,
1399 1482 1616 1528 sanctus
1635 1471 1874 1526 Joannes

272 1566 508 1623 Domino
552 1573 826 1620 annuente
896 1565 1131 1621 tribucre
1186 1575 1367 1636 posset
1416 1563 1875 1636 :apprchenden-

271 1668 464 1731 tesque
484 1657 820 1729 sportellam,
848 1656 900 1712 in
923 1672 1023 1728 qua
1038 1655 1180 1712 beati
1193 1656 1412 1713 Joannis
1429 1656 1685 1726 Baptista:
1714 1664 1872 1726 caput

270 1750 671 1815 continebatur,
702 1749 924 1821 singulis
951 1747 1167 1805 feretris
1204 1750 1596 1820 imposuerunt,
1628 1758 1871 1804 mortuos

1972 548 2151 618 polus,
2183 563 2211 600 a
2234 547 2464 602 maxime
2494 560 2660 616 usque
2689 543 2755 600 ad
2787 545 3089 612 minimum,
3115 560 3145 600 a
3175 545 3291 601 viro
3313 561 3479 617 usque
3507 549 3575 605 ad

1971 642 2271 707 mulierem,
2294 656 2480 697 omnes
2502 640 2664 696 simul
2713 642 2766 696 in
2826 657 2988 695 unum
3035 642 3336 713 conglobati
3362 643 3573 698 obviam

1972 735 2052 791 eis
2083 745 2477 805 processerunt.
2508 736 2749 805 Cumque
2796 734 2991 790 ibidem
3032 742 3158 790 ante
3195 734 3451 807 palatium
3485 751 3574 789 re-

1972 826 2054 898 gis
2074 827 2245 899 Pipini
2272 828 2664 898 pervenissent,
2718 827 2770 881 in
2798 826 3013 881 basilica
3039 826 3363 882 beatissima:
3391 826 3579 896 etglo-

1972 919 2283 975 riosissimac
2314 933 2527 991 semper
2573 917 2803 989 Virginis
2844 918 3045 985 Mariae,
3078 934 3200 974 cum
3243 934 3438 991 magno
3468 919 3574 975 fer-

1930 1090 1935 1093 .
1975 1025 2103 1067 vore
2126 1022 2182 1067 et
2218 1011 2416 1078 studio,
2450 1010 2593 1066 illico
2623 1010 2689 1066 ad
2741 1009 3151 1066 custodiendum
3190 1010 3576 1081 deposuerunt.

1973 1100 2314 1173 Lartatnsqne
2345 1113 2427 1159 est
2478 1103 2762 1157 universus
2790 1103 3016 1173 populus
3065 1103 3245 1159 laetitia
3275 1119 3488 1175 magna,
3523 1114 3581 1160 et

1973 1192 2381 1249 celebraverunt
2422 1193 2813 1249 solemnitatem
2842 1194 3001 1265 hujus
3038 1194 3143 1251 diei
3173 1206 3363 1265 quarto
3390 1195 3578 1252 kalen—

1974 1286 2071 1342 das
2094 1288 2436 1359 septcmbris,
2463 1298 2517 1344 et
2546 1288 2747 1343 reversi
2778 1298 2903 1343 sunt
2926 1288 3291 1360 unusquisque
3332 1290 3397 1345 ad
3430 1290 3582 1345 habi-

1974 1379 2144 1434 tacula
2167 1394 2285 1435 sua.
2312 1379 2476 1450 Igitur
2495 1379 2684 1435 beatus
2704 1379 2858 1434 Felix
2890 1387 2947 1435 et
2972 1380 3105 1436 socii
3128 1381 3245 1451 ejus
3270 1396 3391 1436 cum
3416 1397 3579 1438 vene-

1974 1471 2145 1527 rando
2167 1488 2293 1543 rege
2330 1473 2469 1528 inter
2493 1482 2685 1528 caetera
2713 1472 3000 1529 Dominum
3030 1472 3487 1543 deprecabantur,
3518 1485 3577 1532 ut

1974 1564 2051 1620 eis
2073 1566 2285 1620 salubre
2306 1564 2588 1621 consilium
2619 1574 2948 1636 suggereret,
2975 1580 3206 1636 quonam
3234 1567 3285 1620 in
3310 1567 3429 1621 loco
3455 1582 3580 1621 san-

1981 1667 2067 1730 et;
2097 1658 2336 1714 membra
2360 1658 2615 1723 locarent.
2644 1657 3102 1729 IEdiﬁcantesque
3127 1658 3421 1725 basilicam,
3452 1668 3504 1714 et
3528 1660 3582 1714 in

1974 1765 2037 1806 ea
2062 1766 2357 1807 concavum
2377 1753 2634 1807 ciborium
2679 1766 2800 1807 cum
2828 1767 2923 1807 sex
2948 1752 3212 1808 columnis
3254 1753 3574 1809 marmoreis

272 1852 576 1916 tangentes.
601 1842 734 1897 Miro
761 1852 921 1912 atque
952 1841 1310 1898 inastimabili
1340 1841 1521 1910 modo,
1550 1857 1675 1896 mox
1705 1850 1764 1896 ut
1792 1852 1869 1897 te—
1896 1857 1946 1918 Β
1974 1846 2180 1902 miriﬁci
2208 1847 2386 1917 operis
2410 1846 2547 1901 bene
2570 1844 2905 1915 compositis,
2934 1859 3038 1900 non
3061 1844 3262 1915 longea
3283 1846 3580 1902 Vultroniae

270 1937 392 2009 tigit
413 1951 533 1994 ossa
556 1935 881 2007 jacentium,
914 1935 1021 1991 vita
1052 1950 1148 2006 per
1172 1944 1443 1992 mortuum
1487 1934 1716 1989 mortuis
1742 1931 1867 1988 red-

268 2014 384 2085 dita
427 2038 531 2085 est.
572 2028 933 2084 Surrexerunt
980 2035 1161 2084 autem
1188 2026 1378 2082 eadem
1406 2025 1537 2081 hora
1596 2025 1666 2081 ab
1694 2024 1872 2080 ofﬁcio

270 2119 506 2185 funeris,
529 2120 717 2192 viginti
742 2120 840 2175 viri
870 2128 977 2175 tam
1005 2119 1255 2176 celeriter
1267 2134 1329 2173 ac
1354 2118 1397 2173 si
1424 2135 1451 2171 a
1474 2133 1667 2172 somno
1692 2124 1875 2172 essent

273 2214 532 2280 excitati;
555 2223 610 2271 et
632 2216 722 2285 qui
748 2230 776 2268 a
806 2213 1059 2269 ﬂentibus
1088 2212 1276 2267 amicis
1300 2210 1652 2281 portabantur
1694 2208 1763 2264 ad
1792 2217 1874 2264 tu-

274 2307 615 2375 mulaudum,
640 2306 830 2364 iisdem
880 2305 1237 2378 gaudentibus
1282 2303 1347 2358 ad
1405 2302 1569 2358 vitam
1622 2300 1869 2357 redeunt.

275 2402 482 2460 Videns
509 2410 686 2459 autem
729 2416 822 2457 rex
849 2401 1067 2471 Pipinus
1110 2411 1165 2455 et
1206 2408 1429 2454 cunctus
1472 2400 1740 2453 exercitus
1765 2410 1878 2451 ma-

276 2494 455 2566 gnalia
476 2509 596 2563 qua:
625 2493 770 2548 circa
798 2506 892 2547 eos
926 2490 1183 2545 Dominus
1204 2497 1445 2561 gesserat
1466 2504 1561 2560 per
1584 2502 1878 2557 praecurso-

281 2600 400 2643 rem
430 2600 587 2641 suum
632 2584 895 2640 Joannem
950 2581 1611 2653 Baptistam;plaudentes
1636 2580 1882 2635 manibus

279 2676 674 2734 benedicebant
706 2676 1014 2739 Dominum,
1044 2675 1132 2745 qui
1181 2673 1306 2729 fecit
1349 2672 1612 2728 mirabilia
1643 2672 1696 2727 in
1742 2672 1883 2729 caelo

282 2780 339 2829 et
366 2772 421 2828 in
453 2780 619 2828 terra.
643 2770 740 2827 Vir
765 2779 944 2826 autem
968 2767 1177 2824 Domini
1211 2767 1360 2822 Felix
1386 2775 1440 2821 et
1460 2766 1592 2821 socii
1609 2766 1724 2835 ejus
1751 2780 1880 2836 gau-

282 2865 376 2923 dio
403 2866 616 2939 repleti,
646 2880 752 2921 una
788 2879 910 2920 cum
959 2878 1085 2935 rege
1134 2862 1322 2931 Pipino
1347 2869 1402 2916 et
1444 2860 1691 2917 exercitu
1744 2859 1884 2929 ejus,

285 2961 531 3017 levantes
558 2960 722 3031 caput
748 2957 892 3015 beati
920 2972 983 3013 ac
1030 2953 1508 3027 prmcellentissimi
1542 2952 1888 3022 prmcursoris

287 3051 487 3110 Christi
512 3051 737 3109 Joannis
780 3049 1033 3121 Baptistae
1059 3057 1114 3104 et
1159 3048 1441 3102 beatorum
1496 3044 1883 3110 Innocentium,

288 3163 412 3206 cum
432 3146 626 3220 gaudio
663 3154 718 3203 et
742 3144 924 3201 laetitia
966 3145 1067 3199 iter
1105 3156 1264 3213 agere
1309 3132 1610 3211 ctepcruut.
1637 3138 1882 3207 Cumque

1976 1937 2179 2001 littore,
2203 1936 2319 2000 sed,
2354 1945 2408 1992 ut
2449 1936 2702 2002 arbitror,
2733 1944 2947 1991 centum
2988 1935 3194 1991 stadiis.
3226 1936 3282 1990 ln
3316 1951 3423 2007 quo
3464 1952 3587 1992 eum

1977 2028 2307 2087 aromatibus
2336 2038 2393 2086 et
2420 2029 2666 2099 plurimis
2688 2028 2842 2084 bonis
2870 2028 3124 2083 odoribus
3150 2028 3462 2084 condientes
3486 2045 3584 2084 cav

1978 2134 2074 2194 put
2104 2122 2241 2178 beati
2269 2121 2491 2179 Joannis
2522 2121 2775 2192 Baptista:
2812 2120 2938 2175 aluii
2988 2122 3335 2190 praecursoris
3363 2120 3588 2189 Christi,

1978 2226 2035 2273 et
2066 2215 2343 2272 beatorum
2370 2209 2527 2269 trium
2550 2214 2915 2269 Innocentium
2946 2228 3172 2283 corpora
3208 2214 3368 2269 simul
3396 2214 3451 2268 in
3482 2213 3590 2270 hoc

1981 2308 2184 2365 ciborio
2238 2308 2638 2375 concluserunt,
2672 2307 3034 2377 bitumineque
3085 2308 3315 2377 sigillato
3370 2309 3580 2363 munie-

1976 2412 2124 2459 runt.
2153 2402 2382 2457 Domino
2409 2412 2587 2458 autem
2617 2401 2931 2469 auxiliante,
2964 2400 3064 2456 hoc
3100 2401 3384 2458 aediﬁcium
3434 2418 3586 2459 com-

1985 2496 2186 2568 pletum
2215 2504 2298 2551 est
2323 2495 2568 2551 feliciter.
2602 2494 2927 2551 Fecitetiam
2960 2494 3100 2548 idem
3133 2510 3226 2550 rex
3255 2493 3456 2551 fontem
3484 2494 3586 2551 du-

1988 2588 2239 2653 etorium,
2269 2588 2358 2657 qui
2387 2603 2414 2639 a
2438 2585 2647 2642 duobus
2686 2584 2800 2642 fere
2830 2584 3146 2641 milliaribus
3177 2601 3271 2656 per
3291 2586 3595 2655 profundis-

1990 2681 2159 2737 simos
2189 2689 2344 2735 terrae
2371 2688 2580 2736 meatus
2609 2679 2674 2734 ad
2697 2679 2951 2750 palatium
2980 2679 3097 2749 ejus
3125 2678 3320 2736 ductus
3339 2681 3595 2737 decurre.

1992 2780 2095 2838 ret,
2128 2780 2181 2826 et
2206 2771 2258 2825 in
2283 2772 2451 2842 ipsam
2481 2771 2752 2826 basilicam
2782 2786 2877 2840 per
2901 2770 3101 2826 ferrnm
3128 2785 3184 2827 et
3234 2788 3310 2827 ms
3354 2771 3599 2829 introdu-

1991 2874 2227 2929 ceretur,
2256 2877 2319 2918 ac
2338 2862 2526 2917 subtus
2544 2862 2804 2917 ciborium
2822 2878 2917 2932 per
2931 2877 3219 2918 concavam
3244 2877 3600 2922 marmoream

1994 2957 2299 3012 columnam
2323 2954 2575 3010 ebulliret
2603 2972 2617 3009 :
2648 2954 2830 3023 ibique
2875 2955 3010 3009 sacri
3040 2953 3375 3023 baptismatis
3400 2954 3604 3010 ablutio

1994 3048 2186 3105 ﬁeret:
2221 3048 2406 3118 sicque
2436 3047 2630 3103 iterum
2660 3045 2726 3099 ad
2774 3044 2974 3114 primos
3008 3044 3182 3100 aditus
3208 3045 3597 3101 reﬁceteretur.

1996 3140 2312 3197 Convocans
2344 3140 2501 3210 igitur
2540 3154 2635 3194 rex
2666 3138 2886 3206 Pipinus
2929 3147 2982 3193 et
3022 3137 3207 3193 beatus
3236 3136 3380 3191 Felix
3420 3137 3600 3208 ponti-

290 3240 435 3298 nulla
465 3254 615 3295 mora
643 3238 797 3295 ﬁeret
818 3238 872 3291 in
907 3234 1103 3297 eundo.
1128 3240 1484 3304 pervenerunt
1509 3230 1575 3285 ad
1598 3227 1883 3300 quamdam
1915 3248 1961 3312 ρ
1995 3234 2124 3292 ﬁces
2148 3246 2201 3289 et
2226 3232 2555 3298 sacerdotes,
2604 3245 2898 3302 omnesque
2940 3229 3127 3300 patria:
3164 3229 3390 3296 nobiles,
3432 3230 3601 3286 bene-

292 3335 496 3402 villam,
542 3348 664 3406 qua:
709 3330 1007 3403 appellatur
1059 3325 1358 3383 Vultronia.
1391 3323 1633 3394 Cumque
1690 3321 1891 3377 ibidem

296 3429 567 3502 paulisper
586 3426 942 3499 quievisseut,
970 3420 1161 3478 obvius
1177 3418 1256 3473 eis
1275 3416 1490 3489 quidam
1514 3430 1692 3471 ctecus
1718 3414 1895 3469 factus

300 3528 405 3588 est,
432 3519 522 3589 qui
542 3518 723 3573 statim
750 3528 916 3571 sanus
934 3511 1160 3569 effectus
1182 3517 1265 3567 est
1293 3525 1391 3581 per
1421 3506 1718 3564 beatissimi
1750 3505 1897 3561 Prte-

302 3613 537 3671 cursoris
591 3611 798 3668 merita.
843 3609 1086 3678 Cumque
1133 3605 1201 3661 de
1228 3603 1418 3660 eodem
1443 3603 1564 3657 loco
1592 3601 1673 3655 eis
1694 3598 1899 3655 moveri

304 3708 612 3781 placuisset,
639 3705 903 3774 arripiunt
947 3701 1050 3756 iter
1078 3715 1174 3770 per
1203 3698 1343 3753 viam
1373 3709 1492 3767 quae
1521 3695 1668 3750 ducit
1721 3692 1787 3747 ad
1815 3706 1903 3763 pa-

309 3802 491 3860 ludem
546 3799 866 3872 cognomine
894 3792 1246 3850 Mathevallis.
1289 3789 1530 3858 Cumque
1555 3788 1635 3843 eis
1660 3786 1903 3854 aliquan-

309 3895 481 3952 tulum
503 3893 573 3949 ibi
598 3892 936 3963 requiescere
962 3886 1286 3958 placuisset,
1313 3896 1439 3938 ecce
1465 3880 1679 3951 quidam
1713 3876 1907 3933 debilis

312 3988 537 4060 pedibus
565 3984 656 4057 qui
680 3997 741 4039 se
778 3987 984 4053 erigere
1007 3978 1229 4034 omnino
1282 3973 1556 4045 nequibat,
1585 3968 1825 4041 rependo
1849 3983 1909 4024 se

1997 3327 2241 3384 dicentes
2270 3324 2575 3387 ecclesiam,
2619 3332 2781 3393 atque
2806 3323 2860 3377 in
2893 3322 3097 3377 honore
3122 3320 3359 3390 ejusdem
3387 3320 3609 3376 Joannis

2001 3421 2257 3491 Baptistae
2280 3415 2577 3473 dedicando
2604 3415 2828 3470 miriﬁce
2854 3424 3230 3469 consecrantes
3251 3454 3266 3479 ,
3302 3413 3515 3482 praediis
3545 3428 3610 3468 ac

2003 3511 2434 3583 possessionibus
2460 3509 2573 3563 suis
2592 3522 2622 3561 a
2649 3507 3079 3578 progenitoribus
3100 3506 3197 3560 sibi
3226 3504 3463 3560 dgmissis
3488 3520 3611 3561 eant

2004 3604 2257 3663 nobiliter
2303 3602 2640 3658 dotaverunl.
2669 3599 3046 3669 Ordinatisque
3093 3599 3344 3654 omnibus
3367 3612 3614 3653 necessa-

2005 3701 2123 3769 riis,
2151 3697 2446 3754 monachos
2476 3695 2670 3751 ibidem
2713 3695 2822 3750 Deo
2865 3694 2916 3747 in
2973 3702 3289 3764 perpetuum
3319 3693 3615 3748 servituros

2009 3801 2335 3858 statuerunt,
2364 3789 2703 3861 postmodum
2736 3787 2903 3842 multa
2936 3786 3163 3841 Domino
3193 3784 3450 3839 mirabilia
3479 3800 3612 3853 ope-

2011 3897 2166 3944 rante
2197 3901 2292 3956 per
2318 3882 2573 3937 famulum
2617 3895 2771 3936 suum
2816 3878 3075 3935 Joannem
3129 3879 3442 3949 Baptistam.
3476 3877 3616 3933 Tan-

2013 3979 2135 4034 dem
2163 3991 2294 4031 vero
2340 3983 2536 4029 metam
2595 3972 2887 4027 narrationi
2939 3979 3217 4041 ponentes,
3267 3985 3484 4025 oremus
3515 3972 3619 4025 im-

313 4080 532 4139 trahens
562 4078 776 4135 obViam
802 4074 883 4132 eis
916 4071 1199 4145 Ρτοϐθεείι·
1232 4068 1330 4137 Ωυῖ
1363 4066 1618 4121 invoca“
1660 4062 1912 4117 merilllm
2018 4069 2357 4126 mensitatem
2405 4065 2660 4121 bonitatis
2690 4063 2909 4131 Christi,
2955 4073 3013 4118 ut
3058 4077 3152 4118 sua
3182 4066 3382 4133 potenti
3435 4063 3623 4120 dextra

313 4177 459 4235 δεξίιὶ
479 4174 724 4240 Joannis,
756 4173 830 4228 ίω
862 4169 1106 4228 redditus
1153 4174 1237 4223 εει
1280 4162 1519 4228 Simila“.
1553 4170 1614 4216 ιιι
1649 4159 1835 4214 ﬁrmus
1862 4164 1918 4212 ει
2018 4161 2266 4219 suﬁ‘ultos
2294 4175 2391 4214 nos
2420 4158 2486 4213 ad
2512 4167 2728 4214 πίει-ηπ
2774 4157 2968 4227 quietis
3007 4157 3292 4214 stationem
3320 4157 3576 4228 perducat
3606 4199 3623 4225 ,

316 4268 523 4325 stabilis
548 4267 665 4323 sine
688 4264 874 4321 dolore
905 4261 1178 4318 incederet
1202 4272 1324 4314 cum
1352 4254 1544 4313 turbis.

389 4357 524 4415 VIII.
560 4357 784 4427 Jamque
808 4356 1226 4427 propinquantes
1271 4348 1339 4405 ad
1377 4347 1552 4405 locum
1579 4360 1687 4417 quo
1735 4342 1922 4399 tende-

220 4518 225 4521 _
323 4451 473 4519 bant,
512 4465 675 4521 super
719 4447 943 4503 ﬂuvium
976 4444 1270 4500 Vultroniae
1301 4441 1367 4498 ad
1406 4439 1658 4511 palatium
1706 4436 1924 4492 nomine

328 4558 695 4587 Μ

2023 4256 2113 4328 qui
2144 4253 2279 4309 vivit
2300 4260 2354 4307 et
2384 4259 2571 4322 regnat
2599 4265 2719 4306 cum
2740 4249 2902 4306 Patre
2948 4258 3003 4305 et
3046 4249 3247 4320 Spiritu
3290 4258 3474 4305 sancto
3529 4264 3624 4319 per

2027 4347 2207 4405 omnia
2233 4344 2451 4401 saecula.

686 4541 3610 4583 ΜΨ

791 4654 1067 4802 DE
1136 4629 3161 4860 PASCWMPUTUS.

669 4943 1593 5087 ΜΟΝΙΤΙΟ
1737 4943 1889 5068 Αξ

1992 4976 2000 5036 ι
2150 4932 2402 5062 LE
2440 4922 3330 5057 CTOREM.

1238 5153 1833 5237 JOHANNES
1881 5142 2305 5230 WALLIS
2359 5140 2456 5217 S.
2509 5139 2616 5213 T.
2664 5140 2763 5211 Ρ.

1419 5309 1845 5374 (ΞΕΟΜΕΤΒΙᾹΞ
1899 5300 2303 5364 PROFESSOR
2351 5293 2608 5356 OXONII.

759 5971 1041 6036 Panos.
1088 5957 1309 6027 ινδ.
1354 5957 1662 6021 Οινιηιιιη.

1961 5421 2015 5496 S

420 5529 553 5586 Cum
614 5524 920 5583 reverendus
973 5518 1250 5578 admodum
1321 5511 1587 5571 Iohannes
1640 5505 1779 5577 Fell,
1840 5485 2255 5579 cpi-~'picatus
2311 5495 2409 5569 est)
2450 5492 2795 5586 examinarem
2839 5506 2852 5544 :

349 5635 534 5690 scopas
584 5615 912 5684 Oxoniensis,
968 5625 1132 5685 nuper
1184 5625 1217 5664 a
1264 5625 1344 5664 me
1397 5605 1595 5679 petierit
1649 5612 1705 5657 ut
1756 5608 1951 5656 tracta.

355 5723 463 5771 tum
516 5712 599 5768 hic
646 5718 934 5782 sequente»:
985 5706 1117 5778 (qui
1161 5701 1405 5773 Cypriani
1459 5694 1746 5768 perhibetur
1816 5706 1956 5755 esse,

356 5818 527 5881 estque
578 5822 694 5862 cum
751 5800 962 5873 reliquis
1025 5794 1272 5870 Cypriani
1314 5795 1429 5864 jam
1471 5788 1740 5858 edendas)
1798 5782 1961 5857 perle—

358 5920 554 5982 gerent,
610 5910 661 5960 et
712 5899 892 5954 saltem
922 5889 1333 5982 numer‘o‘s'wt‘tgos
1354 5885 1683 5982 n(lupi-amatos
1710 5895 1816 5935 esse
1844 5892 1964 5933 sus-

2903 5488 3026 5557 quid
3078 5488 3175 5542 hac
3219 5487 3271 5541 in
3318 5501 3375 5543 re
3417 5482 3654 5559 fecerim,

2060 5593 2238 5667 paucis
2291 5585 2667 5661 exponendum.
2700 5582 2953 5654 Reperttts
2999 5580 3122 5635 olim
3172 5589 3244 5635 est
3288 5589 3530 5636 tractatus
3576 5581 3660 5635 In'c

2060 5688 2117 5743 in
2162 5682 2466 5740 bibliotheca
2517 5675 2827 5734 Cottoniana
2886 5673 3306 5744 manuscriptus,
3372 5673 3462 5728 sed
3516 5690 3661 5728 men-

2067 5777 2242 5833 dosus.
2302 5772 2455 5828 Hunc
2492 5767 2937 5825 reverendissimus
2990 5764 3221 5821 Iacobus
3256 5763 3514 5832 Usserius,
3566 5782 3668 5819 nn-

2070 5885 2163 5947 per
2200 5869 2613 5941 archiepiscopus
2666 5863 3017 5918 Armachauus
3043 5902 3058 5929 ,
3107 5859 3323 5947 exsf‘r‘ibi
3369 5870 3673 5933 curaverat;

3194 5930 3275 5994 30
