4190 6266
567 252 678 312 959

1996 240 2086 299 DE
2124 239 2392 301 PASCIIA

3868 247 3974 305 9M

554 382 748 439 suoque
793 363 1093 438 apographo
1152 376 1274 419 suas
1324 362 1390 417 de
1430 362 1780 419 emendatione
1842 362 2162 433 conjecturas
2188 364 2239 422 A
2266 363 2492 418 indicata
2540 370 2709 418 tamen
2746 363 2938 420 codicis
2978 379 3077 420 ms.
3132 362 3379 433 lectione,
3405 370 3478 433 ut,
3543 362 3613 419 si
3664 363 3818 435 quis
3854 364 3975 420 inde

558 462 760 516 calamo
788 458 1001 513 inseruit
1033 472 1054 511 :
1099 455 1319 526 indeque
1359 469 1507 526 quem
1543 455 1659 526 jam
1711 462 1987 508 tractamus
2026 469 2161 525 apo-

558 553 815 623 graphum
853 550 991 604 nacti
1044 563 1242 603 sumus.
1300 546 1457 601 Hunc
1500 546 1705 601 demum
1742 561 1889 617 quem
1918 545 2162 600 habemus

554 643 914 716 apographum
979 641 1287 697 reverendus
1353 641 1430 695 vir
1503 639 1726 695 Thomas
1795 638 1941 705 Gale,
2003 655 2163 695 sacra:

557 737 829 809 theologica
902 741 1196 809 professor,
1270 752 1386 791 cum
1453 735 1764 792 Cottoniano
1833 735 1923 790 illo
1990 736 2167 792 codice

553 831 807 897 contulit,
873 840 923 885 et
1006 829 1167 885 sicubi
1242 830 1495 884 deviatum
1546 838 1654 883 erat
1730 829 1988 894 restituit;
2052 829 2160 884 suis

554 922 677 978 item
723 922 935 993 adjectis
989 921 1239 976 stricturis
1285 921 1514 991 aliquot,
1560 920 1741 992 quibus
1805 921 1884 976 vel
1924 921 2161 975 emenda-

561 1016 727 1070 tiones
748 1014 1063 1080 insinuabat,
1111 1014 1193 1068 vel
1244 1013 1455 1083 phrases
1480 1012 1675 1083 aliquot
1726 1011 1851 1067 inibi
1893 1027 2007 1083 qua:
2043 1028 2160 1066 cum

558 1103 807 1177 Cypriani
857 1104 1004 1159 dictis
1061 1104 1183 1159 alibi
1247 1105 1596 1173 consentiunt,
1668 1104 1805 1159 unde
1846 1104 1909 1159 de
1956 1114 2163 1160 auctore

554 1200 852 1269 conjectura
897 1198 1056 1267 ﬁeret.
1118 1196 1217 1251 His
1239 1198 1313 1251 ita
1363 1197 1432 1252 ad
1478 1213 1559 1252 me
1585 1197 1790 1263 delatis,
1824 1214 1931 1252 rem
1956 1198 2009 1252 in
2042 1214 2159 1252 eum

554 1296 662 1364 fere
709 1308 856 1364 quem
906 1292 1045 1346 vides
1091 1291 1322 1346 ordinem
1361 1291 1576 1364 conjeci.
1626 1290 1880 1347 Putaram
1920 1292 2157 1361 aliquan-

556 1387 625 1442 do
674 1387 817 1453 illas,
868 1385 973 1441 sive
1019 1383 1249 1453 Usserii,
1296 1385 1399 1440 sive
1444 1383 1620 1449 Galei,
1670 1385 1774 1440 sive
1820 1400 1958 1440 meas
2007 1385 2160 1440 etiam

556 1480 622 1534 de
703 1479 1058 1535 emendatione
1119 1480 1465 1549 conjecturas,
1546 1478 1703 1533 textui
1753 1479 2004 1547 inserere,
2072 1478 2163 1533 sed

554 1573 702 1628 uncis
758 1572 1029 1638 inclusas;
1080 1572 1338 1643 ipsiusque
1392 1579 1556 1625 textus
1606 1571 1848 1637 voculas,
1901 1587 2014 1642 quae
2078 1572 2158 1625 vi-

562 1665 812 1720 debantur
877 1664 1138 1719 mutandte
1167 1704 1182 1731 ,
1237 1664 1341 1718 alio
1405 1665 1698 1719 charactere
1760 1665 1977 1720 scribere
2000 1707 2015 1731 ,
2061 1682 2160 1736 quo

2262 455 2448 511 rectius
2490 455 2783 528 confecerit,
2836 456 2891 511 id
2937 457 3041 525 ipsi
3087 456 3301 512 liberum
3347 460 3502 528 foret.
3592 454 3821 527 Atque
3867 459 3969 513 lim

2263 555 2381 603 sunt
2426 563 2541 619 qua:
2580 549 2698 618 jam
2741 558 2861 605 ante
2919 550 3115 621 aliquot
3158 566 3352 606 menses
3397 550 3736 606 mouenda
3817 550 3969 605 duri.

2336 639 2616 712 Postquam
2662 642 2770 698 haec
2855 642 2928 696 ita
2982 641 3389 711 absolveramus,
3460 643 3739 715 ipsique
3815 653 3965 715 typo-

2264 733 2414 789 thette
2456 749 2575 790 suos
2623 745 3011 806 composuerant
3038 746 3206 807 typos,
3260 753 3380 791 mox
3408 738 3583 808 prelo
3648 734 3967 806 subjicien-

2264 825 2357 881 dos
2379 868 2393 893 ,
2455 842 2572 897 spes
2647 830 2786 899 facta
2848 838 2921 884 est
2980 844 3044 883 ea:
3097 827 3338 883 Remensi
3394 829 3608 884 codice
3709 844 3958 901 apogra-

2263 916 2423 988 phum
2459 920 2596 974 hunc
2672 920 2907 975 delatum
2962 923 3048 975 iri.
3096 920 3302 976 Monuit
3343 922 3526 993 itaque
3594 922 3961 977 reverendus

2264 1012 2534 1084 episcopus
2602 1014 2802 1085 prelum
2860 1015 3307 1086 suﬁlaminandum
3332 1057 3346 1081 ,
3418 1024 3611 1087 atque
3725 1032 3951 1086 exspec-

2264 1107 2477 1161 tandum
2538 1106 2699 1162 donec
2763 1118 3125 1179 apportaretur
3166 1100 3691 1181 ille'upograplms
3746 1125 3770 1163 :
3818 1111 3955 1177 quod

2264 1208 2377 1271 post
2427 1200 2623 1271 aliquot
2659 1202 2969 1272 septimanos
3016 1207 3209 1273 factum
3234 1211 3342 1267 est,
3381 1205 3588 1273 favore
3655 1202 3954 1257 τίσεταιόί

2263 1292 2641 1360 doctissimique
2710 1293 2807 1347 viri
2864 1290 2932 1347 P.
2988 1290 3242 1348 Mabillon
3276 1336 3291 1361 ,
3363 1294 3589 1349 ordinis
3673 1292 3949 1348 Benedic-

2264 1384 2388 1450 tini,
2457 1400 2574 1438 cum
2624 1383 2719 1439 hoc
2763 1386 2910 1440 titulo
2944 1384 3186 1442 :Cmcilii
3233 1385 3485 1459 Cypriani
3541 1384 3640 1444 de
3725 1384 3938 1443 Pascha

2262 1485 2545 1546 computus
2614 1475 2851 1532 inchoat.
2903 1494 2918 1543 ;
2981 1486 3028 1532 et
3101 1476 3198 1533 hoc
3272 1478 3547 1547 prtemissa
3634 1478 3937 1543 lemmate,

2264 1568 2344 1623 Ex
2402 1583 2501 1624 ms.
2548 1567 2611 1625 Ο.
2674 1568 3026 1626 Bibliotheca:
3087 1568 3145 1626 S.
3199 1568 3427 1640 Remigii
3506 1569 3718 1625 Rem.
3807 1571 3933 1627 olim

2262 1660 2430 1717 LXXI
2479 1671 2693 1731 notato,
2751 1678 2895 1720 nunc
2952 1678 3080 1719 vero
3134 1662 3257 1718 I33.
3311 1660 3469 1717 Hunc
3540 1664 3726 1718 nacti
3798 1681 3927 1734 apo—

556 1768 606 1812 et
663 1757 1068 1827 manuscriptum
1117 1756 1337 1826 ﬁdeliter
1387 1756 1671 1838 exhiberem
1697 1799 1712 1824 ,
1765 1767 1816 1812 et
1877 1757 2163 1813 emendatio
2192 1762 2241 1823 B
2268 1759 2550 1827 graphum,
2604 1771 2719 1810 cum
2767 1764 2941 1811 nostra
2990 1754 3229 1821 contuli;
3284 1757 3563 1838 reperique
3609 1758 3707 1812 sic
3738 1772 3779 1811 α
3804 1773 3923 1812 Iros-

554 1849 761 1904 lectoris
808 1849 957 1904 oculo
1002 1848 1132 1916 foret
1194 1847 1358 1902 obvia.
1420 1837 1631 1917 Verum,
1668 1858 1867 1904 mutato
1924 1850 2158 1916 consilio,

553 1940 827 1997 reverendo
900 1941 1136 2012 episcopo
1204 1940 1277 1995 sic
1326 1950 1578 2006 monente,
1631 1947 1719 2011 qui
1786 1943 1941 1997 totius
1994 1943 2164 2013 operis

556 2034 834 2098 editionem
871 2043 1039 2101 curat,
1073 2051 1172 2105 quo
1219 2051 1339 2106 pars
1389 2036 1498 2091 haec
1535 2036 1729 2092 cteteris
1753 2036 1818 2091 sit
1862 2037 2158 2107 conformis,

562 2136 757 2184 textum
813 2128 1155 2195 emendatum,
1206 2129 1311 2184 sive
1357 2145 1420 2184 ea:
1472 2145 1645 2185 eorum
1695 2130 1799 2184 sive
1850 2146 1915 2185 ex
1978 2130 2166 2186 nostris

556 2222 865 2291 coniecturis
899 2223 954 2277 id
1008 2223 1173 2293 ﬁeret,
1228 2224 1481 2296 integrum
1525 2227 1791 2296 apposui;
1833 2225 2076 2295 conjectis
2096 2226 2165 2280 ad

553 2315 747 2370 calcem
786 2314 1009 2386 paginae,
1038 2308 1180 2385 'qute
1230 2314 1312 2369 vel
1355 2316 1410 2370 in
1438 2316 1785 2386 manuscripto
1835 2317 2021 2370 menda
2048 2319 2163 2386 fue-

552 2415 693 2474 rant,
746 2406 829 2461 vel
868 2407 1219 2474 censebantur,
1262 2408 1339 2463 vel
1368 2409 1489 2462 alite
1512 2416 1656 2462 erant
1697 2408 1760 2462 de
1808 2408 2165 2465 emendatione

552 2502 863 2573 conjecturas
918 2517 1075 2571 quam
1123 2516 1238 2571 qua:
1310 2501 1366 2556 in
1433 2508 1570 2557 textu
1622 2511 1934 2574 comparent.
1976 2500 2167 2557 Nume-

554 2594 628 2651 ris
683 2596 845 2650 utitur
883 2594 965 2649 hic
1010 2593 1175 2649 codex
1241 2593 1366 2648 solis
1418 2594 1667 2649 Romanis
1708 2598 1833 2665 (non
1874 2596 1995 2651 item
2021 2593 2166 2650 Indi-

549 2688 655 2755 cis,
722 2685 1019 2741 Barbaricis
1081 2684 1232 2757 vulgo
1280 2684 1476 2757 dictis),
1525 2686 1771 2757 habetque
1825 2688 1961 2742 inter
2004 2686 2124 2742 illos
2144 2729 2161 2756 ,

558 2778 782 2833 litteram
831 2778 854 2833 i
908 2767 1131 2848 superne.
1167 2787 1395 2834 notatam
1446 2794 1541 2850 pro
1588 2779 1756 2848 mille,
1789 2787 1837 2834 et
1863 2779 1973 2847 IIII,
2000 2778 2161 2850 VIIII,

552 2872 779 2942 XXXX,
812 2872 1083 2943 LXXXX,
1120 2890 1215 2945 pro
1251 2883 1503 2946 quatuor,
1536 2884 1754 2943 novem,
1787 2875 2162 2947 quadraginta,

558 2968 847 3040 nonaginta
906 2967 1042 3040 (pro
1102 2969 1280 3038 quibus
1330 2986 1466 3025 nunc
1517 2972 1623 3042 fere
1666 2969 1819 3026 scribi
1872 2970 2035 3026 solent
2088 2970 2162 3039 M,

553 3059 647 3126 IV,
700 3060 795 3127 IX,
846 3059 963 3128 XL,
1029 3059 1161 3132 XC)
1199 3078 1212 3115 :
1244 3061 1406 3117 sicubi
1470 3061 1623 3116 aliter
1693 3063 1889 3132 factum
1944 3071 2055 3129 est,
2110 3061 2166 3115 id

2265 1857 2343 1901 tro
2405 1848 2689 1903 variantem
2765 1857 2824 1903 ut
2889 1849 2943 1902 in
3009 1849 3142 1903 notis
3195 1865 3499 1915 monemus;
3560 1865 3680 1904 nec
3752 1852 3922 1905 minus

2266 1940 2583 1996 mendosum.
2629 1940 2700 1996 Id
2746 1942 2927 1998 saltem
2975 1941 3100 1998 bene
3158 1943 3368 2013 contigit
3414 1955 3472 1999 ut
3525 1961 3661 1999 non
3714 1961 3921 2015 semper

2265 2037 2439 2091 eodem
2467 2035 2566 2090 loci
2594 2036 2868 2093 mendosus
2897 2037 3049 2107 fuerit
3078 2046 3289 2109 uterque
3335 2037 3499 2093 codex
3524 2081 3541 2107 ,
3610 2040 3725 2093 sed
3778 2054 3914 2093 nunc

2265 2144 2329 2182 ea:
2370 2128 2462 2184 illo
2510 2139 2709 2196 noster,
2760 2146 2897 2184 nunc
2934 2128 3024 2184 ille
3069 2144 3133 2183 ea:
3177 2138 3352 2184 nostro
3392 2130 3790 2203 corrigendus.
3820 2129 3912 2183 Αι-

2264 2239 2360 2292 que
2419 2223 2477 2277 id
2540 2239 2692 2294 porro
2766 2222 2904 2292 quod
2972 2212 3207 2294 plurimis
3277 2222 3329 2276 in
3382 2221 3548 2291 locis,
3641 2238 3775 2295 quia
3844 2237 3905 2276 α

2266 2316 2569 2385 conjecturis
2608 2317 2710 2371 sive
2761 2314 2990 2383 Usserii,
3041 2316 3146 2370 sive
3214 2312 3361 2370 Galei
3391 2357 3405 2382 ,
3465 2317 3582 2371 sive
3655 2315 3896 2382 nostris,

2265 2408 2667 2474 emcndaveram,
2711 2408 2873 2463 codex
2910 2408 2991 2461 hic
3018 2407 3307 2477 conﬁrmat.
3337 2407 3450 2475 Quo
3490 2425 3653 2475 casu,
3688 2408 3896 2463 omissis

2267 2502 2572 2571 coniecturis
2620 2500 2758 2567 illis,
2808 2500 3129 2554 autoritatem
3181 2499 3337 2571 hujus
3378 2499 3576 2556 codicis
3622 2500 3771 2554 inter
3803 2514 3893 2553 va-

2265 2600 2457 2652 riantes
2494 2595 2729 2651 lectiones
2765 2594 2903 2661 cito;
2949 2609 3039 2649 nec
3083 2594 3405 2662 conjecturas
3442 2594 3749 2665 interpono,
3784 2592 3888 2646 nisi

2267 2706 2383 2745 cum
2425 2698 2633 2761 uterque
2687 2687 2850 2744 codex
2898 2686 3097 2742 videtur
3150 2687 3381 2741 vitiosus.
3448 2682 3796 2755 Name-rique,
3824 2685 3883 2737 in

2267 2786 2363 2840 hoc
2416 2793 2711 2855 comparent
2749 2783 2846 2838 soli
2894 2780 3136 2848 Romani,
3189 2779 3370 2853 quales
3423 2782 3475 2835 in
3531 2780 3692 2834 altero
3751 2773 3871 2847 (sed

2282 2895 2338 2951 ὦ
2387 2895 2480 2951 pro
2521 2878 2730 2949 mille),
2785 2893 2888 2932 non
2944 2873 3151 2943 Indici,
3200 2892 3290 2930 nec
3323 2873 3670 2946 parentlte'seos
3698 2879 3871 2924 notas:

2267 2984 2419 3045 atque
2460 2971 2924 3028 interstinctionum
2969 2972 3137 3027 nescio
3190 2986 3259 3024 an
3311 2968 3423 3023 ulla
3473 2963 3643 3021 habita
3691 2970 3765 3019 est
3811 2961 3864 3015 in

2266 3066 2585 3139 autographa
2640 3066 2796 3121 ratio.
2841 3063 2950 3119 Pro
2997 3061 3249 3119 Calendis
3276 3060 3492 3116 habctur
3533 3058 3644 3126 Kl.,
3678 3055 3866 3127 quippe

554 3156 880 3226 exscriptoris
954 3169 1061 3209 esse
1136 3154 1333 3223 sentio,
1400 3172 1503 3209 non
1565 3156 1896 3226 autographi.
1964 3156 2159 3211 Occur-
2188 3154 2235 3219 C
2266 3159 2322 3214 in
2373 3160 2525 3215 veteri
2566 3159 2836 3232 scriptione
2885 3155 2932 3212 Κ
2960 3172 3052 3224 pro
3080 3155 3151 3212 Ca
3188 3154 3345 3209 scribi
3388 3153 3601 3217 solebat,
3649 3157 3706 3204 ut
3727 3147 3853 3201 krus

552 3256 675 3301 runt
720 3248 925 3316 quidem
978 3246 1248 3317 aliquoties
1290 3247 1344 3301 in
1389 3250 1691 3319 apographo
1741 3260 1918 3306 nostra
1964 3253 2165 3307 numeri

551 3336 749 3407 Indici,
789 3338 843 3406 2,
902 3339 959 3405 5,
1010 3339 1066 3404 4,
1104 3346 1248 3393 etc.:
1289 3340 1398 3406 sed,
1436 3341 1764 3412 inquisitione
1811 3344 2164 3416 scrupulosius

555 3435 713 3502 facta,
789 3429 845 3484 id
891 3429 1215 3498 exscriptoris
1287 3447 1397 3486 esse
1464 3433 1727 3505 intelligo,
1807 3445 1858 3489 et
1913 3436 1967 3490 in
2011 3444 2163 3491 auto-

561 3522 760 3595 grapha
814 3538 918 3578 non
972 3522 1225 3587 inveniri;
1270 3530 1326 3576 ut
1367 3524 1454 3595 qui
1492 3541 1553 3580 ea
1601 3534 1753 3580 vetate
1795 3542 1897 3597 qua
1944 3527 2164 3598 scriptus

559 3626 789 3674 censetur
822 3617 1163 3675 Cottonianus
1193 3618 1354 3675 codex
1393 3620 1508 3692 (sub
1554 3621 1707 3691 ﬁnem
1734 3622 1857 3676 noni
1880 3639 1913 3676 a
1960 3621 2163 3678 Christo

556 3710 782 3781 saeculi),
836 3711 1064 3766 nondum
1116 3712 1258 3784 apud
1324 3710 1607 3784 EurOpteos
1671 3723 1869 3770 nostros
1931 3714 1985 3769 in
2064 3732 2163 3772 usu

555 3808 764 3873 fuerant
841 3803 955 3875 (sed
1006 3806 1195 3861 sarculo
1233 3806 1413 3861 saltem
1467 3806 1757 3875 undecimo,
1798 3818 1888 3863 aut
1930 3810 2163 3880 serius);

560 3896 655 3951 sed
707 3912 798 3951 nec
850 3898 1208 3967 parentheseos
1259 3909 1397 3954 nota:
1453 3900 1641 3956 ibidem
1684 3912 2020 3974 comparent;
2075 3920 2164 3959 nc-

554 3987 663 4041 scio
718 4002 788 4040 an
835 3986 1293 4045 interstinctionum
1337 4002 1563 4061 puncta:
1601 4010 1716 4064 quo:
1762 3996 1929 4065 itaque
1967 4012 2030 4050 ea:
2062 3984 2161 4068 ju;

552 4075 689 4131 dicio
744 4086 921 4132 nostro
974 4080 1226 4149 supplevi.
1298 4079 1557 4138 Numeros
1602 4085 1689 4154 qui
1764 4087 1956 4156 passim
2016 4098 2163 4143 erant

553 4170 784 4227 mendosi
830 4180 878 4226 et
918 4172 1201 4242 depravati,
1248 4190 1312 4229 ecc
1362 4174 1563 4231 calculo
1606 4179 1838 4245 restitui,
1912 4191 1961 4234 et
2033 4197 2159 4236 con-

552 4265 699 4321 sultis
755 4264 817 4320 S.
898 4265 1188 4337 Scriptura:
1265 4266 1390 4322 locis
1453 4285 1553 4338 quo
1621 4270 1974 4341 respiciebant.
2037 4273 2156 4327 Alia

555 4356 742 4412 menda
768 4358 1014 4428 graphica
1059 4358 1469 4429 quamplurima,
1508 4363 1611 4416 sive
1661 4372 1716 4416 ut
1771 4373 2041 4434 sgntaxeos
2071 4382 2161 4419 ra-

558 4450 632 4504 tio
682 4450 1010 4521 postulabat,
1063 4453 1167 4507 sive
1215 4452 1384 4523 alias,
1436 4470 1500 4510 ex
1550 4454 1844 4527 conjectura
1897 4458 2164 4530 supplevi;

1302 4582 1313 4589 τ
1398 4584 1413 4589 ,
1566 4582 1577 4589 .
1840 4588 1843 4591 ,
2022 4584 2045 4593 λ.
2654 4584 2669 4591 ν
3024 4582 3047 4589 »ν
3220 4582 3237 4587 —
3290 4582 3313 4589 -ν
3366 4582 3393 4587 —-
3680 4587 3686 4606 Ι
3731 4582 3809 4603 —

723 4722 1450 4875 INCIPIT
1545 4724 2634 4882 EXPOSITIO
2737 4720 3683 4873 BISSEXTI.

2266 3269 2360 3326 pro
2416 3268 2596 3321 carus,
2644 3263 2751 3308 etc.
2809 3250 2880 3307 In
2929 3249 3229 3322 apagrapho
3284 3247 3445 3302 altero
3490 3244 3698 3300 habetur
3738 3238 3855 3309 qui-

2267 3346 2384 3402 dem
2430 3345 2550 3401 Kal.
2575 3386 2591 3414 ,
2639 3344 2729 3400 sed
2780 3344 2845 3400 ab
2907 3342 3218 3413 exscriptore
3287 3338 3433 3394 credo
3490 3331 3846 3397 substitutum,

2267 3440 2356 3513 qui
2403 3456 2507 3494 non
2549 3446 2658 3493 erat
2712 3436 2776 3492 de
2813 3435 3027 3507 singulis
3062 3433 3346 3488 litterarum
3380 3426 3603 3502 apicibus
3656 3420 3849 3481 icitici-

2266 3542 2366 3601 tus,
2410 3530 2522 3605 ipsa
2566 3530 2714 3588 verba
2759 3529 2996 3587 exhibere
3030 3536 3337 3590 contentus;
3374 3520 3514 3595 quod
3552 3520 3605 3576 in
3648 3526 3845 3581 utroque

2266 3626 2565 3699 apographo
2614 3623 2884 3695 contigisse
2908 3620 3157 3693 suspicor.
3203 3617 3412 3673 Litteris
3470 3624 3629 3671 autem
3671 3608 3731 3675 Η,
3771 3606 3832 3675 G,

2270 3718 2360 3786 W,
2410 3726 2559 3775 notas
2610 3725 2656 3773 et
2705 3716 3022 3786 conjecturas
3072 3711 3282 3785 designo
3326 3708 3570 3777 Usserii,
3614 3700 3747 3760 ϐαιά
3786 3704 3834 3751 et

2267 3823 2469 3869 nostras
2521 3829 2540 3869 :
2583 3811 2861 3877 litterisque
2900 3810 2941 3865 ο
2963 3850 2977 3876 ,
3020 3806 3067 3863 Β
3096 3849 3111 3873 ,
3157 3804 3352 3861 codices
3414 3800 3753 3860 Cottonianum
3792 3798 3836 3845 et

2268 3908 2642 3974 Rhemensem,
2688 3902 2870 3960 saltem
2912 3909 3109 3957 nostros
3158 3898 3278 3954 inde
3315 3892 3592 3969 descriptos
3633 3898 3838 3960 προσπι-
3872 3898 3877 3905 ’

2270 4002 2416 4071 phos.
2451 4000 2579 4068 Quae
2622 3997 2791 4052 adhuc
2836 3998 3108 4069 supersunt
3158 3992 3344 4047 menda
3394 3988 3673 4061 (superan
3690 3975 3838 4071 επίηξ)

2268 4067 2378 4160 tuo,
2421 4067 2598 4159 lector,
2649 4067 2919 4144 arbitratui
2980 4085 3257 4157 permitto,
3340 4083 3594 4153 ipsumque
3640 4073 3738 4129 sive
3777 4067 3840 4122 άε

2268 4184 2574 4257 conjecturis
2626 4182 2835 4248 nostris,
2878 4181 2980 4237 sive
3013 4179 3077 4234 de
3110 4177 3222 4249 ipso
3248 4192 3433 4249 opere,
3480 4174 3644 4246 ejnsvc

2268 4252 2375 4346 re;
2389 4277 2670 4349 judicium.
2752 4273 2897 4329 Vale.
2974 4270 3223 4328 Vicesimo
3273 4266 3502 4327 secundis
3556 4262 3639 4320 die
3691 4252 3830 4330 Μὶν

2271 4388 2407 4427 anno
2461 4386 2579 4426 certe
2628 4366 2995 4440 Dionysianw,
3049 4362 3212 4422 1682.

1996 4952 2397 5029 ALITER

1996 5003 2431 5044 ωλιιυιι,

1144 5088 1463 5153 CIECILII
1505 5088 1885 5155 CYPRIANI
1927 5086 2033 5154 DE
2077 5091 2391 5156 PASCHA
2434 5086 2857 5155 COMPUTUS
2900 5088 3281 5153 INCHOAT.

618 5284 805 5343 Mauro
831 5282 1046 5357 quidem
1077 5296 1182 5339 non
1212 5281 1424 5339 modico
1452 5290 1694 5355 tempore
1726 5294 1752 5322 ιι
1773 5283 1916 5339 anxii
1946 5282 2145 5340 fuimus
2254 5295 2307 5341 et
2339 5294 2650 5353 aestuantes,
2678 5298 2785 5340 non
2828 5284 2880 5340 in
2910 5281 2937 5321 ι)
2967 5280 3321 5351 secularibus,
3356 5278 3453 5336 sed
3488 5278 3541 5335 in
3576 5268 3752 5335 sanctis
3781 5269 3824 5319 el

1790 5395 2174 5453 LECTIONES
2212 5394 2623 5453 VARIANTES.

612 5500 637 5529 ⁸
673 5496 755 5547 ιν.
780 5494 851 5547 sic
891 5486 1111 5553 restituo,
1157 5495 1203 5542 et
1238 5487 1440 5555 suppleo
1484 5489 1683 5541 fuimus.
1723 5494 1785 5555 Il.
1808 5490 1941 5555 An.
1968 5488 2077 5555 XII.
2104 5491 2158 5542 C.

496 5606 505 5613 .
545 5560 711 5612 Multae
721 5559 921 5624 quidem
945 5551 1167 5619 tempore
1184 5551 1421 5605 annorum
1442 5554 1790 5605 aestuantesﬁ.
1807 5551 1947 5602 Multi
1962 5554 2161 5617 quidem

2263 5491 2817 5560 terppgre_antiquorum
2841 5489 3131 5560 gestuabaut.

2326 5549 2446 5602 b‘C.
2472 5554 2530 5602 Β.
2557 5549 2725 5603 saeui.
2752 5558 2797 5603 et
2815 5549 2886 5603 sic
2902 5551 3005 5618 fere
3028 5562 3234 5614 semper.

1734 5658 2014 5715 HENRICI
2056 5656 2419 5716 DODWELLI
2459 5656 2686 5714 ΝΟΤᾹΞ.

615 5756 883 5817 Expositio
930 5753 1167 5808 Bissexti.
1219 5749 1427 5823 Verbai
1446 5750 1646 5807 Usscrii
1693 5753 2001 5823 apographo
2035 5766 2145 5823 suo
2236 5742 2427 5807 litteris
2453 5751 2725 5823 descripto,
2756 5754 2849 5808 sub
2889 5753 3044 5823 ﬁnem
3072 5753 3193 5809 noni
3216 5767 3248 5823 a
3279 5748 3481 5809 Christo
3501 5746 3682 5823 stafuli.
3706 5732 3819 5823 {Mf

541 5825 783 5899 prmﬂxa.
815 5823 899 5878 Ex
918 5824 1122 5894 antiquo
1167 5822 1339 5877 codice
1390 5820 1711 5891 Cottoniano,
1737 5818 2139 5891 Longobardicis
2246 5826 2478 5878 tractatui
2532 5818 2996 5900 (delii~avatissime
3038 5822 3249 5901 scripto)
3306 5824 3359 5882 in
3399 5839 3495 5880 ms.
3553 5818 3815 5878 Cottoniano

4078 264 4105 301 1
