2101 3136
269 192 321 221 915

995 184 1039 215 DE
1060 184 1195 214 PASCIIA

1867 178 1923 209 9M

269 258 318 279 nos
333 250 360 277 in
373 255 430 277 rem
447 252 501 276 tam
529 246 708 278 laboriosam;
725 245 752 273 in
763 251 815 281 qua
838 251 868 273 re
883 248 893 263 τι
910 250 964 272 non
986 242 1065 271 dere-
1078 243 1106 274 Α
1118 248 1178 270 cum
1193 239 1305 276 pedibus
1318 243 1344 267 et
1358 238 1513 273 interaneis,
1531 238 1596 267 nihil
1611 237 1807 274 derelinquetis
1830 245 1863 266 ex
1878 239 1920 267 eis

269 297 336 329 lieti,
351 295 398 323 sed
425 294 513 330 potius
540 293 574 320 ab
598 293 657 328 ipso
683 291 766 320 Deoh
794 290 926 327 inspirati,
942 290 1065 318 volumus

271 342 425 371 amantibus
448 345 476 368 et
500 345 511 359 ο
528 338 716 375 appetentibus
739 337 826 366 studia
849 337 949 371 divina,
974 340 1066 364 osten-

270 390 334 417 dere
352 394 498 423 numquam
517 393 594 422 pesse
607 385 776 413 Christianos
789 391 804 412 a
817 384 860 412 via
886 382 1006 411 veritatis
1021 390 1066 410 er-

269 442 341 467 rare,
356 438 384 463 et
398 439 535 468 tamquam
551 432 703 467 ignorantes
717 430 731 450 ἀ
746 438 805 466 quae
822 430 857 457 sit
876 429 933 457 dies
944 429 1065 461 Pasehre,

271 487 282 501 θ
297 485 358 517 post
368 479 476 509 Iudices
488 486 575 507 caecos
586 483 612 506 ct
631 478 742 506 hebetes
758 476 906 505 ambulare.
921 475 930 494 ί
947 474 1068 510 Cumque

271 537 285 556 τι
299 529 354 557 Deo
364 535 413 555 nos
425 527 564 555 evidenter
591 526 759 561 incipiamus,
776 529 787 549 ε
803 531 856 552 ηοη
879 527 982 551 tantum
1010 523 1067 557 pri-

273 583 345 603 mum
355 572 501 607 diem,hin
523 580 577 609 quo
604 572 630 600 in
657 571 774 608 Egypto
797 577 882 606 agnus
907 570 1013 598 occisus
1028 572 1070 596 est

271 619 426 653 ostendere,
451 618 523 646 sedi
554 617 682 654 praeteriti
707 622 734 645 ct
758 616 837 644 futuri
861 615 990 650 temporis
1011 614 1069 642 dies

273 665 382 694 Pasehae
391 664 544 693 Iudaeorum
557 668 584 691 et
592 662 806 691 Christianorum
818 661 1013 689 demonstrare.

310 712 317 738 i
336 711 496 747 Incipiamus
510 711 609 746 itaque,
626 709 793 737 dilectissimi
808 707 916 740 fratres,
933 707 967 734 ab
977 705 1068 734 Exodi

273 758 389 787 lectione
410 766 417 785 :
443 758 468 784 in
496 765 546 792 qua
570 756 685 784 lectione
699 754 712 774 ιί
735 754 955 790 recognoscimus
983 754 1070 789 ipsum

275 806 357 833 Deum
371 809 398 832 et
414 804 554 832 Dominum
564 803 597 831 ad
609 804 717 838 Moysen
733 806 760 829 et
770 802 858 829 Aaron
881 801 990 829 fratrem
1014 800 1072 836 ejus

277 852 283 871 ι
300 852 326 880 in
340 856 411 880 terra
423 850 531 886 (Egypti
544 849 645 877 dixisse
661 858 667 876 :
686 858 696 875 ‹
709 848 808 876 Mensis
822 847 865 875 hic
879 846 982 874 initium
996 854 1072 874 men-

272 899 340 927 siutn
353 898 455 934 primus
470 897 521 924 erit
535 896 610 924 vobis
630 895 657 923 in
677 894 814 922 mensibus
826 893 901 921 anni.
922 898 942 911 ιη
955 892 1023 921 Fare
1038 893 1079 921 ad'

1120 289 1147 316 in
1161 294 1250 320 mane,
1267 291 1293 314 et
1307 293 1338 314 os
1356 293 1409 314 non
1427 285 1601 322 eonfringetis
1633 285 1668 314 ab
1679 293 1727 319 eo;
1755 294 1816 322 qua:
1830 291 1921 314 autem

1117 332 1148 352 ¹³¹³
1156 333 1247 362 relicta
1253 332 1352 361 fuerint
1360 332 1395 361 de
1403 340 1435 360 eo
1447 339 1532 368 usque
1546 331 1568 350 ίί
1581 331 1608 360 in
1618 339 1706 366 mane,
1717 331 1739 357 ii
1754 331 1807 367 igni
1815 339 1923 360 crema-

1118 380 1225 414 buntur,
1236 379 1264 399 Ηί
1276 387 1309 408 ex
1323 379 1456 408 intestinis
1467 379 1526 415 ejus
1539 379 1677 413 vorabitis,
1689 385 1750 415 post
1760 387 1835 407 suam
1850 380 1926 408 occi-

1118 425 1286 454 sionem.Sic
1298 430 1386 454 autem
1394 425 1539 454 comedetis
1552 433 1614 453 eum
1630 433 1638 452 :
1655 425 1737 453 lumbi
1751 425 1833 453 vestri
1853 433 1926 462 pra:-

1119 472 1209 506 cineti,
1223 477 1250 500 et
1259 472 1351 507 caliga:
1360 476 1456 500 vestra:
1465 472 1490 500 in
1502 471 1615 508 pedibus
1626 472 1732 506 vestris,
1751 470 1775 491 11
1790 476 1818 500 et
1829 472 1927 501 bacula

1119 523 1208 547 vestra
1222 519 1248 546 in
1264 519 1388 547 manibus
1399 519 1505 552 vestris,
1517 524 1542 547 et
1555 519 1641 548 edetis
1654 523 1696 538 mm
1710 519 1776 547 illttd
1794 519 1928 548 festinan-

1121 570 1181 599 ter;
1196 565 1297 593 Pascha
1310 571 1353 594 est
1367 566 1439 593 enim
1454 565 1587 595 Domini.»

1158 612 1292 647 Praecepit
1301 612 1381 648 igitur
1396 612 1465 640 Deus
1479 620 1527 648 per
1539 613 1648 649 Moysen
1666 613 1798 642 universa:
1814 621 1930 650 synagoo

1121 669 1161 697 go:
1175 661 1292 689 ﬁliorum
1319 661 1398 689 Israel
1423 661 1448 689 in
1475 669 1569 689 mense
1596 669 1677 695 novo,
1691 662 1735 697 qui
1759 666 1801 690 est
1820 662 1929 690 initium

1124 709 1269 741 mensium,
1283 708 1383 743 primus
1410 708 1436 736 in
1461 708 1598 736 mensibus
1623 708 1697 741 anni,
1713 708 1739 736 in
1766 707 1932 744 quoltabitI

1124 756 1236 784 ederent
1250 754 1351 783 Pascha
1371 755 1652 790 quartadecimaluna,
1664 759 1694 773 ιη’
1709 755 1742 783 ad
1760 755 1811 783 hoc
1824 755 1928 791 utique,

1124 806 1153 820 ου
1161 807 1190 830 ιιι
1202 807 1229 831 et
1241 810 1317 830 suam
1330 802 1499 830 divinitatem
1510 802 1684 830 credentibus
1698 801 1774 830 nobis
1787 802 1815 830 in
1822 801 1932 830 Christo

1123 848 1314 882 manifestaret,
1340 853 1406 877 etrt'
1417 856 1510 877 eorum
1537 849 1706 877 latrocinium
1730 849 1784 884 jam
1810 854 1875 877 tunc
1898 849 1932 878 ab

1125 895 1201 923 initio
1215 895 1306 923 saeculi
1329 895 1525 924 demonstraret
1540 904 1547 921 :
1567 901 1596 921 «ιιι
1616 900 1643 924 et
1663 895 1708 931 qui
1724 896 1751 923 in
1765 896 1886 932 Egypto
1897 896 1932 925 ad

271 953 379 974 omnem
392 951 553 980 synagogam
574 943 689 970 ﬁliorum
699 946 711 960 ιι
721 941 950 974 lsrael,dicens:°
962 940 1069 967 Decimo
1084 943 1107 973 B
1123 949 1271 977 vesperam,
1281 942 1306 970 id
1322 947 1364 970 est
1381 942 1406 970 in
1423 942 1567 970 novissima
1580 942 1669 970 saeculi
1681 946 1708 961 "
1725 947 1844 978 tempora
1860 951 1933 979 pra:-

272 993 315 1020 die
330 991 430 1019 mensis
454 990 534 1025 hujus
547 989 681 1025 accipiant
693 988 743 1016 sibi
770 987 867 1023 singuli
881 995 930 1022 per
945 989 958 1008 1’
977 987 1072 1016 domos

273 1037 388 1066 tribuum
417 1044 493 1064 ovem
521 1043 568 1071 per
592 1035 719 1067 domum;
735 1039 763 1062 et
783 1034 805 1062 si
827 1034 916 1069 exigui
935 1038 1015 1061 erunt
1043 1033 1070 1061 in

272 1088 287 1108 ιι
297 1083 377 1111 domo
389 1088 418 1110 ut
431 1090 485 1110 non
498 1081 553 1109 sint
576 1080 739 1109 sufﬁcientes
749 1079 783 1107 ad
796 1087 884 1111 ovem,
899 1083 1018 1106 assumet
1031 1085 1073 1107 se-

274 1136 334 1157 cum
352 1133 362 1147 τ
375 1128 491 1156 vicinum
514 1126 665 1162 proximum
680 1133 770 1160 suum,
785 1132 832 1160 per
850 1132 991 1153 numerum
1016 1124 1074 1152 aui-

275 1181 378 1202 marum
396 1179 407 1193 ι
423 1180 543 1206 suarum,
560 1172 657 1208 singuli
669 1171 740 1207 quod
763 1171 879 1199 sufﬁciet
894 1171 955 1204 sibi,
968 1172 977 1189 ι
996 1178 1071 1198 com-

274 1220 432 1257 putabuntu
454 1220 480 1248 in
506 1226 588 1247 ovem
614 1218 825 1251 immaculatum,
855 1222 869 1237 ν
894 1218 1071 1252 anniculum,

274 1267 432 1302 perfectum,
462 1265 620 1299 masculum,
634 1269 648 1282 ι
661 1265 694 1292 ab
727 1263 802 1300 agnis
816 1269 830 1288 Υ
842 1263 876 1292 ab
896 1263 980 1292 hmdis
1004 1265 1075 1292 neci-

274 1312 364 1347 pietis.
381 1311 416 1339 Et
429 1311 481 1338 erit
495 1310 571 1339 vobis
583 1310 756 1338 observatum
778 1317 862 1345 usqtte
888 1309 923 1337 ad
948 1315 1074 1345 quartum

276 1358 411 1386 decimum
438 1357 509 1385 diem
536 1357 637 1384 mensis
663 1356 752 1391 hujus,
774 1361 801 1384 et
832 1360 843 1374 π
868 1355 991 1384 occident
1014 1363 1075 1384 cum

277 1409 307 1424 Μ
315 1412 396 1432 omne
403 1404 497 1438 vulgus
504 1402 651 1439 Synagoga:
658 1402 773 1429 ﬁliorum
783 1401 864 1429 Israel
872 1401 905 1429 ad
919 1409 1058 1437 vesperam
1069 1410 1077 1433 ;

276 1455 304 1479 et
316 1449 347 1469 δι’
370 1449 504 1485 accipient
525 1449 559 1476 de
571 1448 710 1483 sanguine,
734 1453 762 1476 et
776 1453 875 1483 ponent
900 1455 982 1483 super
1009 1447 1077 1475 duos

276 1501 367 1533 postes
377 1501 404 1525 ct
416 1503 497 1531 super
507 1501 534 1515 εο
552 1495 632 1522 limen
647 1495 673 1522 in
687 1492 716 1512 δέ
728 1493 862 1527 domibus,
887 1494 913 1521 in
936 1494 1033 1529 quibus
1049 1498 1077 1513 °°

278 1551 339 1571 cum
346 1542 428 1571 edent
441 1542 467 1570 in
482 1540 548 1577 ipsis
557 1549 564 1569 :
572 1546 600 1569 et
614 1540 695 1569 edent
704 1547 800 1568 carnes
813 1540 877 1568 istas
887 1544 966 1568 nocte
978 1545 1081 1569 assatas

1126 988 1205 1016 cincti
1222 994 1248 1016 et
1257 989 1367 1017 caleeati
1378 994 1405 1008 ⁵⁵
1416 989 1545 1017 adversus
1554 990 1579 1008 ”
1590 989 1636 1017 Dei
1650 989 1755 1025 Agnum
1769 989 1930 1017 immacula-

1124 1038 1190 1068 tum,
1208 1034 1292 1070 prima
1305 1035 1349 1063 die
1360 1034 1522 1071 Azymorum
1543 1035 1577 1063 ad
1596 1043 1736 1071 vesperam
1753 1043 1814 1064 eum
1828 1036 1932 1072 gladiis

1124 1084 1152 1107 et
1172 1080 1286 1108 fustibus
1307 1081 1448 1114 exierunt;
1463 1086 1490 1109 et
1503 1085 1534 1099 ““
1550 1081 1673 1109 universa
1687 1089 1746 1117 qua:
1758 1081 1793 1108 ab
1806 1081 1935 1109 omnibus

1125 1125 1305 1161 Prophetis‘tv
1315 1126 1361 1154 Dei
1369 1131 1397 1145 ιι
1407 1126 1531 1162 praedicta
1547 1126 1660 1161 fuerant,
1675 1127 1701 1154 in
1714 1134 1774 1154 eum
1788 1127 1936 1155 commise-

1126 1176 1199 1199 runt.
1214 1171 1247 1199 Et
1259 1171 1319 1199 ideo
1333 1177 1362 1196 Π
1378 1172 1424 1207 qui
1435 1172 1491 1207 jam
1506 1180 1559 1200 non
1570 1172 1882 1207 secundumimaginem,
1895 1172 1935 1200 si-

1125 1222 1171 1245 cut
1188 1222 1214 1236 η
1232 1218 1280 1251 illi,
1296 1218 1343 1246 sed
1357 1218 1503 1246 secundum
1521 1219 1671 1251 veritatem,
1695 1219 1722 1246 in
1734 1226 1935 1247 commemora-

1125 1263 1225 1291 tionem
1240 1268 1283 1282 ἰη
1291 1264 1426 1292 Passionis
1435 1264 1494 1292 Filii
1510 1264 1567 1297 Dei,
1581 1264 1683 1292 Pascha
1692 1264 1881 1299 celebramus;
1895 1265 1937 1293 ni-

1128 1308 1166 1337 hil
1179 1310 1251 1337 aliud
1266 1310 1292 1338 in
1306 1311 1399 1346 primis
1414 1311 1463 1338 nisi
1478 1318 1597 1339 mensem
1610 1318 1708 1338 novum
1717 1310 1775 1343 ωτι),
1787 1311 1937 1346 quissit,et

1129 1355 1200 1383 unde
1215 1355 1332 1391 incipiat,
1348 1362 1376 1384 et
1386 1355 1431 1383 ubi
1448 1356 1531 1390 ﬁniat,
1548 1356 1611 1384 tutis
1623 1356 1725 1384 viribus
1741 1356 1803 1384 fidei
1822 1363 1935 1391 nostra»,

1129 1401 1271 1437 diligenter
1290 1402 1429 1437 requirere
1448 1402 1590 1430 debemus.
1615 1402 1649 1429 Et
1670 1407 1733 1430 tunc
1756 1401 1935 1435 inveniemus,

1130 1455 1180 1476 nec
1192 1453 1263 1482 ante,
1280 1456 1329 1477 nec
1343 1454 1403 1484 post
1417 1454 1460 1469 σεο
1474 1457 1518 1476 xtv
1534 1449 1623 1476 lunam
1645 1449 1777 1477 inventam
1795 1456 1884 1485 posse,
1895 1449 1935 1477 ab

1130 1493 1195 1529 ipsis
1209 1493 1310 1522 Judzeis
1319 1494 1421 1523 Pascha
1434 1493 1478 1514 ἀίω
1491 1494 1641 1523 observari.

1167 1540 1244 1574 Quod
1271 1540 1358 1576 ipsum
1384 1541 1491 1577 quidem
1514 1541 1653 1570 evidenter
1669 1546 1713 1561 σεε
1732 1541 1842 1578 incipiat
1856 1542 1935 1571 nobis

276 1590 341 1625 igni,
358 1597 451 1625 azyma
467 1596 528 1616 cum
540 1587 566 1607 Η
583 1587 692 1623 pigridis
705 1587 796 1615 edent.
812 1586 869 1615 Non
882 1587 967 1616 edetis
983 1588 1016 1616 de
1041 1589 1082 1617 eis
1133 1587 1276 1616 ostendere
1296 1593 1387 1616 sancta
1409 1593 1437 1617 et
1457 1588 1547 1617 divina
1567 1588 1705 1617 Geneseos
1725 1587 1876 1624 Scriptura,
1891 1588 1934 1616 di-

279 1640 307 1660 εις
320 1635 442 1669 crudum,
461 1641 549 1671 neque
563 1639 670 1663 coctum
685 1641 765 1670 aqua,
782 1633 833 1662 nisi
848 1639 977 1668 assatum,
1003 1640 1083 1671 caput
1095 1631 1118 1662 C
1135 1641 1200 1663 cens
1210 1642 1233 1662 ε(
1244 1634 1273 1662 In
1288 1634 1420 1672 principio
1430 1635 1493 1664 fecit
1502 1635 1673 1664 Deusctnlnnt
1686 1640 1712 1664 et
1727 1640 1839 1664 terram.
1853 1635 1935 1663 Terra

886 1702 1077 1733 LECTIONES
1095 1703 1303 1732 VARIANTES.

309 1772 564 1811 ειι-.ἀετειίειὲει..
615 1805 629 1811 .ν
652 1805 667 1811 ..
694 1803 712 1811 -
950 1804 975 1811 ,.
1010 1805 1027 1811 Α.

308 1804 324 1840 ξ)
340 1806 368 1840 ς.
377 1804 547 1840 ἱιιερθηιίηῌ.
559 1805 678 1840 inspirati.
692 1803 721 1829 R.
735 1803 849 1840 inspiratj
859 1806 886 1829 et
898 1803 1028 1840 illuminatj

308 1838 321 1852 ο
341 1837 369 1862 G.
390 1835 573 1869 apparentibus.
589 1835 618 1861 Π.
632 1836 815 1867 appetentibus.
830 1835 859 1860 G.
872 1836 1075 1871 approbantibus,

276 1870 306 1895 Η.
321 1868 504 1895 adnetentibus.

300 1887 306 1893 .
315 1874 504 1901 _adpel.enttDus.

308 1899 323 1937 Ἰ
382 1900 457 1937 qm“:

310 1933 323 1981 ξ
341 1932 373 1988 Ιὲί
527 1961 625 1993 quando
635 1967 687 1987 nos.
703 1960 734 1987 Π.
746 1967 817 1987 onus.
829 1960 857 1986 G.
870 1960 981 1993 Cumque
994 1967 1008 1986 a
1020 1960 1075 1987 Deo

278 2000 332 2018 nos.

310 2026 324 2044 Β
343 2024 371 2049 C.
384 2024 525 2048 notandum.

309 2054 325 2074 λ
345 2057 362 2074 Π
383 2061 432 2074 mm
447 2054 525 2074 ίῖῗσνιιῑ

313 2054 325 2074 h
342 2057 371 2081 Π.
383 2061 432 2086 quo
444 2054 556 2086 Egypto.

313 2086 322 2105 ί
345 2087 372 2111 R.
387 2091 410 2111 et
422 2090 542 2117 praeterea
555 2085 638 2109 futuri.

314 2116 771 2160 ἷιηθηὲίέέῖίίίὲἷηυῗξ.,.ῗῖἓῗς..ί.¹;³ἔὶῗὲ9;..ῗί
783 2116 1072 2160 Εῗξξίῗξὶθίὲἷξξὲῗῖἓλὲ·

279 2148 393 2183 Incipiam
407 2150 499 2183 itaque,
512 2148 772 2183 dilectissintilratres,
783 2148 906 2183 alinIxodq
922 2148 1072 2183 delectione.

311 2179 369 2204 ητ.
379 2180 547 2210 cognoscimus
559 2180 677 2210 ipstttt).R-
692 2181 887 2210 recognoscimus
900 2180 977 2212 ipsum
990 2180 1074 2206 Domi-

283 2217 340 2234 num
349 2213 467 2236 nostrum.

315 2240 323 2260 ι
342 2244 372 2267 It.
384 2242 409 2266 Ili
419 2246 519 2267 terram.

306 2272 326 2286 ¹¹²
344 2273 372 2298 C.
387 2272 490 2297 Facere.
505 2272 534 2297 (ἱ.
544 2271 657 2307 loquere.
668 2272 695 2297 It.
710 2271 783 2297 Fare.

311 2303 326 2336 ’ξ
343 2306 371 2330 II.
382 2303 485 2336 Israhel,
499 2303 563 2329 ειδὶο
573 2303 668 2336 ubique.
712 2322 717 2330 .

313 2334 325 2348 °
345 2336 372 2360 ϐ.
384 2335 491 2360 decima.

313 2366 328 2386 ν
341 2366 368 2391 σ.
378 2365 473 2390 demus.

312 2397 327 2417 α
346 2397 373 2422 0.
385 2397 492 2422 domum.

314 2428 326 2442 '
341 2429 369 2454 ο.
381 2428 486 2453 vicinum
499 2431 525 2452 et
535 2428 682 2458 proximum.

312 2463 324 2477 ³
343 2462 373 2486 R.
386 2459 451 2485 deest
462 2465 570 2484 suarum.

314 2492 326 2527 ξ
345 2491 373 2527 ρ.
387 2493 521 2527 computet.

312 2525 328 2539 ιι
344 2524 375 2548 Il.
388 2524 412 2546 in
423 2528 499 2551 quem
510 2527 582 2546 ovem

314 2556 328 2570 ν
344 2556 375 2580 11.
388 2551 536 2584 perfectum,
548 2551 691 2582 masculum,
705 2551 853 2577 anniculam.

314 2588 326 2601 ι
346 2586 374 2620 ςτ.
387 2582 515 2620 minaci-it
527 2583 575 2620 erit
591 2583 676 2620 vobis._
694 2583 734 2608 W.
747 2584 868 2610 redundat
889 2588 911 2610 et
930 2583 1024 2611 videtur
1047 2591 1079 2612 ea:

284 2614 470 2673 prgxﬁmallinlfa
478 2615 525 2640 huc
537 2617 729 2647 tramumptum.

365 2653 398 2672 .e
418 2653 431 2671 a
453 2665 459 2671 .

313 2679 325 2694 ²
344 2681 374 2706 11.
392 2679 418 2703 C.
431 2676 534 2703 oeeidet.

312 2711 344 2727 “
360 2712 391 2737 Π.
402 2710 489 2735 omnis.

1159 1769 1190 1805 ξιξ
1208 1771 1237 1796 C.
1247 1773 1367 1805 accipiant

1161 1803 1189 1818 θα
1205 1805 1236 1829 Β.
1246 1803 1374 1830 Iimiharia.

1161 1833 1193 1853 dd
1211 1835 1238 1859 G.
1248 1835 1343 1861 domus.

1163 1867 1192 1881 ευ
1212 1866 1239 1890 C.
1252 1867 1390 1893 comeditis.

1163 1895 1189 1915 Η
1208 1898 1239 1922 R.
1251 1898 1422 1923 amaritudine.

1162 1928 1191 1949 εκ
1208 1930 1238 1954 II.
1252 1930 1379 1955 crudam...
1392 1932 1638 1956 coctam-"assumi.

1161 1958 1194 1978 Ml
1211 1961 1241 1985 Π.
1253 1960 1381 1986 derelicta.

1161 1989 1187 2025 ξε
1209 1991 1236 2025 ρ.
1249 1990 1315 2025 ms:
1327 1993 1360 2018 in.

1161 2022 1185 2054 ᾖ)
1209 2022 1236 2047 C.
1250 2023 1317 2054 igne.

1159 2053 1190 2073 η
1207 2054 1239 2079 Η.
1255 2053 1322 2080 recte
1332 2054 1419 2080 desunt
1432 2061 1465 2080 ex
1478 2054 1601 2080 intestinis
1612 2054 1666 2086 ejus
1678 2054 1797 2080 vorabitis
1807 2059 1861 2088 post
1872 2057 1942 2082 occi-

1127 2084 1233 2110 sionem.

1157 2115 1197 2161 llnL
1208 2116 1349 2174 (ii-tgflsntet
1358 2117 1445 2143 bacula
1456 2120 1539 2143 vestra
1551 2117 1576 2144 in
1585 2118 1697 2143 manibus
1711 2118 1810 2144 vestris.

1238 2167 1243 2172 .
1256 2156 1322 2174 eum.

1158 2178 1188 2193 ¹¹¹¹
1209 2180 1237 2204 C.
1249 2180 1336 2205 adhuc.

1159 2210 1187 2224 °°
1207 2211 1225 2236 C
1250 2211 1316 2237 deest
1327 2215 1364 2237 ut.

1159 2241 1190 2263 1’“
1206 2245 1236 2269 Β.
1247 2242 1351 2268 illorum.

1160 2273 1190 2307 Ἠ
1209 2275 1236 2307 (ξ.
1250 2273 1316 2307 deest
1326 2278 1352 2299 et
1363 2274 1405 2306 qui
1417 2274 1443 2299 in
1452 2277 1554 2307 £gypto
1562 2273 1593 2301 ad
1603 2280 1741 2307 veSperam.

1162 2304 1189 2337 ετ
1211 2306 1238 2331 C.
1252 2304 1319 2330 deest
1329 2304 1447 2337 tempora.

1161 2335 1190 2351 ⁶¹
1210 2337 1238 2361 ο.
1251 2335 1390 2366 adversum,

1164 2366 1190 2383 "
1210 2370 1239 2394 Β.
1253 2368 1350 2399 ᾼειιυω
1362 2367 1419 2392 Dei.

1163 2399 1193 2413 ““
1207 2399 1234 2424 C.
1246 2398 1312 2424 deest
1321 2399 1447 2425 universa.

1164 2430 1194 2445 ν*
1212 2431 1242 2456 R.
1254 2430 1321 2456 deest
1333 2429 1389 2455 Dei.

1165 2461 1193 2493 ν
1211 2463 1242 2487 1L
1259 2461 1396 2493 praedicata.

1163 2492 1194 2512 ΥΥ
1217 2493 1243 2517 C.
1253 2492 1319 2517 duia.

1166 2523 1194 2537 "
1210 2525 1239 2549 Β.
1253 2523 1305 2548 illis
1315 2526 1350 2548 et.
1364 2524 1391 2549 (ἔ.
1406 2525 1480 2549 prius.

1166 2555 1212 2570 ⁸³⁸
1231 2555 1259 2579 C.
1273 2554 1339 2580 deest
1351 2554 1477 2584 passionis.

1165 2584 1211 2604 δη
1230 2586 1257 2610 C.
1271 2593 1332 2617 quze.
1346 2588 1374 2611 Il.
1388 2587 1440 2617 qui.

1164 2617 1209 2648 79°
1227 2619 1256 2643 II.
1270 2616 1451 2648 qttartttdceittta
1465 2616 1520 2643 luna
1533 2619 1642 2643 inventa.

1166 2647 1212 2668 (Μὰ
1231 2649 1258 2673 C.
1272 2647 1413 2673 observare.

1169 2681 1214 2696 εεθ
1230 2681 1259 2706 R.
1274 2679 1379 2711 incipiet.

873 2763 1012 2793 HENRICI
1031 2763 1214 2794 DODWELLI
1232 2764 1347 2794 NOT/E.

316 2834 525 2866 lmnmculatum,
541 2837 594 2861 etc.
610 2832 643 2860 (ὲ.
658 2832 697 2860 sic
720 2832 870 2869 Cyprianus
895 2833 970 2869 alibi,
989 2833 1082 2862 imma-

280 2872 402 2904 culatum,
420 2868 578 2900 anniculunt,
591 2868 800 2903 perfuctttm,'lib.
815 2876 844 2901 tt,
857 2868 914 2895 adv.
924 2868 1000 2896 Jud..

316 2905 505 2940 Cumpign'dis.
521 2904 553 2930 (ἱ.
568 2906 607 2931 lxi
624 2906 744 2940 «tamtam,
761 2904 886 2940 (Iypriatt.
906 2909 934 2931 ut
950 2912 1041 2940 supra.

320 2939 361 2966 Ea;
370 2940 493 2966 intestinis
507 2939 561 2973 ejus
575 2939 693 2965 tvm-abitis
705 2943 759 2972 post
776 2939 937 2967 occisionem.
954 2939 991 2968 GI
1003 2939 1080 2972 Unde

1135 2833 1316 2907 ljmgeztmdum
1329 2868 1473 2907 imaginem.
1487 2868 1519 2896 G.
1531 2867 1659 2907 Cyprian.
1673 2867 1708 2907 ad
1719 2867 1965 2907 Demelriannm,

1134 2905 1210 2939 Quod
1221 2910 1280 2932 ante
1293 2904 1455 2940 acciso’agno
1479 2904 1602 2940 praecedit
1621 2905 1650 2933 in
1669 2904 1790 2940 imagine,
1814 2904 1967 2941 impleta}

1134 2941 1160 2969 in
1171 2941 1283 2977 Christo,
1297 2945 1382 2969 secuta
1396 2941 1508 2969 veritate.
