4190 6266
357 311 464 369 945

1834 322 2220 386 COMPUTUS.

3556 342 3665 400 946

357 434 533 482 autem
561 436 675 483 crat
701 427 978 487 invisibilis
997 441 1052 490 et
1071 430 1443 506 incomposita,
1466 446 1519 494 et
1547 439 1779 495 tenebrm
1804 450 1957 496 erant
1982 444 2033 502 A
2059 453 2206 499 recte
2240 443 2520 502 diviserint
2564 447 2615 503 in
2644 458 2682 487 ω
2714 449 2782 504 XI
2832 462 2886 508 et
2924 451 3043 509 XIX
3080 470 3096 513 :
3137 454 3381 513 undecim
3405 465 3433 495 η
3463 458 3670 517 scilicet

355 532 523 589 super
551 520 825 592 abyssum,
866 533 919 580 et
945 522 1178 595 Spiritus
1207 528 1298 584 Dei
1325 530 1757 600 superierebatur
1799 548 1961 604 super

359 612 385 641 ⁸
402 626 590 682 aquas.
619 613 685 669 Et
712 615 845 671 dixit
864 617 1004 674 Deus
1028 637 1042 674 :
1064 619 1182 676 Fiat
1202 621 1291 677 lux
1310 632 1393 688 ;et
1410 622 1545 679 facta
1570 634 1651 680 est
1678 626 1789 694 lux,
1810 627 1959 683 etvi-

354 710 434 765 dit
464 710 600 766 Deus
632 710 807 767 lucem
835 714 957 784 quia
1005 715 1142 769 bona
1174 725 1275 772 est.
1304 717 1373 772 Et
1418 718 1601 775 divisit
1628 720 1769 776 Deus
1819 721 1958 777 inter

352 803 527 861 lucem
564 812 619 860 et
656 803 683 841 ι’
713 804 851 861 inter
905 809 1173 864 tenebras.
1226 810 1289 865 Et
1335 812 1547 868 vocavit
1593 814 1733 869 Deus
1782 814 1955 871 lucem

353 896 529 964 diem,
580 905 634 952 et
674 900 923 957 tenebras
969 911 991 939 ο
1023 904 1234 958 vocavit
1279 914 1513 961 noctem.
1547 904 1664 962 Etd
1697 906 1836 963 facta
1872 920 1957 965 est

353 1008 578 1065 vespera
608 1005 663 1050 et
693 992 890 1051 factum
917 1006 999 1053 est
1023 1014 1177 1054 mane
1202 998 1318 1055 dies
1354 1015 1510 1057 unus.
1549 1018 1568 1054 ι

429 1085 784 1143 eRet‘erendo
836 1088 995 1159 igitur
1043 1099 1097 1146 et
1145 1091 1465 1148 insinuando
1536 1094 1690 1151 nobis
1768 1106 1954 1153 sancta

350 1182 625 1254 Scriptura
699 1186 873 1256 ipsum
936 1186 1218 1243 Dominum
1272 1188 1527 1245 divisisse
1578 1190 1718 1245 inter
1776 1191 1952 1249 lucem

349 1283 406 1331 et
438 1275 457 1314 τ
491 1276 633 1332 inter
668 1277 933 1346 tenebras,
961 1278 1014 1334 id
1039 1290 1123 1335 est
1151 1280 1292 1338 inter
1312 1282 1453 1338 diem
1487 1292 1540 1338 ct
1563 1292 1775 1340 noctem
1796 1326 1811 1351 ,
1834 1286 1952 1341 evi-

351 1365 541 1423 denter
567 1377 591 1414 κ
617 1368 851 1425 ostendit
880 1370 1022 1426 hunc
1042 1386 1161 1427 esse
1186 1372 1418 1445 primum
1447 1373 1590 1431 diem
1619 1377 1713 1430 eth
1731 1390 1952 1449 sequen-

352 1467 459 1515 tem
483 1459 599 1529 ejus
628 1470 838 1517 noctem
863 1477 878 1527 ;
904 1462 1046 1519 inter
1069 1478 1203 1534 quos
1231 1465 1472 1522 omnium
1508 1466 1521 1504 ί
1549 1466 1741 1524 artifex
1775 1483 1953 1541 aequa-

351 1550 490 1620 liter,
522 1551 625 1608 hoc
655 1562 735 1609 est
760 1553 1305 1625 irreprehensibiliter
1326 1557 1527 1615 divisit.

427 1647 441 1698 i
479 1646 578 1716 Qui
619 1661 763 1703 nunc
806 1649 1279 1720 comprehenditur
1314 1666 1436 1709 esse
1490 1652 1603 1709 VIII
1644 1653 1721 1710 ιιι.
1762 1670 1881 1726 apr.
1920 1671 1949 1710 a

349 1754 458 1812 quo
480 1740 567 1797 die
594 1751 966 1813 computantes
1003 1743 1166 1815 aliqui
1205 1760 1271 1801 ex
1299 1747 1454 1802 nobis
1483 1748 1571 1818 qui
1614 1748 1821 1819 priores
1852 1766 1949 1805 vo-

2063 537 2117 592 in
2149 541 2417 594 communi
2449 555 2590 597 anno
2620 555 2911 601 retrorsum
2954 557 3345 618 computantes,
3371 562 3423 606 et
3451 552 3517 608 ad
3543 553 3663 613 idus

2064 631 2237 685 martii
2284 634 2654 702 pervenientes
2676 678 2691 703 ,
2725 644 2749 671 ο
2782 636 2967 693 decem
2991 648 3045 694 et
3088 655 3279 698 novem
3335 642 3388 697 in
3430 644 3663 714 priorem

2062 720 2212 776 illum
2255 738 2453 779 annum
2504 741 2611 796 quo
2652 725 3000 785 embolismus
3032 732 3255 788 incurrit
3286 734 3659 804 immittentes,

2061 820 2116 867 et
2156 828 2323 885 usque
2347 815 2414 871 ad
2453 816 2571 873 idus
2613 819 2770 890 april.
2797 819 3166 880 devenientes.
3213 825 3271 880 In
3301 824 3402 881 hoc
3438 842 3667 884 errave—

2060 913 2206 973 runt,
2230 915 2289 961 ut
2312 906 2457 976 dixi,
2487 924 2608 964 cum
2660 926 2793 967 vere
2838 913 3070 983 primum
3120 914 3261 971 diem
3294 920 3416 973 novi
3461 921 3664 975 mensis

2059 998 2518 1069 comprehendere
2564 1018 2669 1057 non
2715 1016 3023 1075 potuerunt.
3072 1007 3202 1076 Qua:
3253 1025 3341 1065 res
3390 1010 3469 1067 sic
3498 1012 3661 1067 modo

2058 1104 2184 1145 vere
2211 1098 2431 1147 ostensa
2476 1092 2951 1165 demonstrabitur,
2998 1113 3120 1154 cum
3150 1101 3202 1154 in
3241 1101 3357 1171 ipso
3402 1101 3597 1159 Pinace
3624 1118 3657 1159 ει

2059 1181 2213 1236 nobis
2254 1184 2575 1254 composito,
2605 1186 2782 1242 nullus
2810 1203 2982 1244 annus
3016 1190 3203 1247 fallere
3231 1193 3550 1251 invenietur.

2134 1273 2389 1332 Volentes
2416 1278 2574 1349 igitur
2598 1279 2740 1335 hunc
2762 1296 3002 1338 mensem
3030 1298 3159 1339 vero
3183 1284 3486 1354 ostendere,
3519 1287 3663 1343 unde

2057 1367 2279 1438 incipiat
2317 1378 2371 1423 et
2415 1369 2505 1426 ubi
2528 1371 2696 1440 ﬁniat,
2754 1384 3088 1431 revertamur
3111 1376 3178 1431 ad
3220 1376 3495 1447 Genesim,
3534 1396 3658 1451 qum

2057 1465 2238 1520 retulit
2289 1465 2443 1522 nobis
2500 1468 2677 1540 ipsum
2719 1470 2941 1526 I‘Deum
2973 1480 3001 1521 (ι
3051 1471 3297 1528 divisisse
3361 1474 3500 1529 inter
3550 1476 3660 1546 pri-

2060 1573 2205 1613 mum
2240 1557 2384 1616 diem
2410 1569 2467 1615 et
2488 1562 2712 1632 primam
2739 1576 2972 1621 noctem.
3013 1565 3168 1623 Unde
3198 1573 3648 1639 recognoscimus,

2060 1659 2082 1689 τ
2125 1660 2180 1707 et
2208 1652 2346 1709 inter
2372 1655 2665 1710 secundum
2696 1666 2750 1711 et
2776 1668 2796 1694 ο
2841 1658 2980 1713 inter
3005 1661 3219 1714 tertium
3268 1660 3409 1717 diem
3442 1672 3494 1717 et
3521 1677 3654 1718 noc-

2056 1752 2187 1812 tem,
2230 1747 2499 1802 neminem
2554 1748 2717 1803 alium
2750 1750 2851 1804 nisi
2882 1751 3105 1819 ipsumt
3155 1753 3320 1807 Demn
3389 1754 3653 1821 divisisse,

350 1832 566 1890 luerunt
590 1834 730 1889 hunc
760 1849 1001 1891 mensem
1027 1851 1225 1893 novum
1250 1838 1555 1907 ostendere,
1588 1850 1640 1895 et
1684 1840 1801 1911 ipso
1829 1840 1948 1897 XIV
1978 1846 2025 1906 Β
2052 1845 2106 1892 et
2133 1836 2211 1893 sic
2238 1845 2266 1873 ιι
2318 1852 2348 1892 a
2375 1850 2563 1909 quarta
2610 1840 2697 1895 die
2728 1840 2829 1899 hoc
2858 1841 3089 1898 oﬂicium
3118 1845 3219 1900 soli
3278 1854 3332 1899 ct
3381 1847 3523 1901 Iunze
3575 1848 3660 1901 in-

349 1926 471 1982 luna
500 1928 715 1983 inventa
735 1927 850 1984 dies
872 1928 1095 1985 Pascha:
1134 1930 1429 1986 secundum
1463 1931 1679 1987 Iudaeos
1716 1933 1946 1990 demon-

346 2027 549 2086 strare;
572 2019 821 2077 dixerunt
843 2021 1090 2078 eumdem
1132 2038 1371 2080 mensem
1404 2022 1510 2079 ab“
1542 2023 1615 2078 id.
1645 2026 1822 2080 martii
1864 2026 1945 2081 in-

345 2111 527 2184 eipcre
552 2123 607 2169 et
646 2114 700 2169 in
731 2114 873 2171 diem
914 2114 987 2171 id.
1018 2130 1135 2187 apr.
1178 2130 1595 2184 consummare;
1627 2126 1681 2173 et
1721 2120 1800 2175 sic
1846 2120 1946 2175 im-

347 2214 628 2276 pegcrunt.
660 2209 741 2264 Ac
779 2217 1062 2279 propterea
1106 2209 1252 2281 ipsos
1295 2207 1455 2265 diesl
1504 2208 1655 2264 XXX
1701 2212 1946 2281 quamvis

2051 1928 2321 1998 junxisse.
2369 1930 2487 2001 Ipsa
2526 1940 2651 1987 sunt
2708 1933 2848 1987 enim
2898 1933 3002 1987 duo
3057 1935 3337 1991 luminaria
3369 1948 3395 1974 ν
3425 1938 3653 2009 majora,

2046 2019 2114 2075 de
2140 2020 2333 2090 quibus
2363 2031 2389 2058 ι
2416 2024 2487 2079 ait
2518 2024 2658 2079 Deus
2685 2043 2697 2076 :
2729 2043 2747 2077 ι
2784 2024 2939 2081 Fiant
2966 2027 3247 2082 luminaria
3274 2028 3325 2082 in
3351 2030 3657 2085 Iirmamen-

2048 2125 2103 2173 to
2128 2114 2251 2173 εωιί
2282 2126 2309 2165 3'
2349 2116 2489 2172 sicut
2527 2127 2821 2187 appareant
2874 2134 3036 2189 super
3063 2129 3295 2185 terram,
3347 2120 3657 2175 etdividant

2046 2214 2186 2272 inter
2237 2212 2379 2271 diem
2429 2221 2484 2269 et
2531 2222 2769 2279 noctem;
2821 2222 2877 2269 et
2929 2214 3036 2269 sint
3069 2224 3090 2253 ι
3124 2215 3176 2271 in
3203 2214 3390 2287 signis,
3434 2215 3487 2269 in
3517 2222 3654 2269 tem-

1578 2366 1962 2429 LECTIONES
2000 2371 2410 2430 VARIANTES.

478 2502 533 2566 ρ.
551 2514 743 2566 aquam.

480 2565 534 2615 ο.
563 2563 696 2615 deest
720 2567 871 2615 inter.

475 2626 529 2675 C.
555 2626 689 2677 deest
716 2629 915 2678 vocavit.

468 2689 523 2759 ς.
547 2687 724 2759 factum
749 2698 828 2759 est
851 2698 1084 2759 vespere,
1115 2753 1126 2759 Δ
1153 2747 1163 2759 _
1203 2747 1211 2757 ⁸

479 2751 531 2801 C.
547 2750 899 2814 Refereudum,
926 2750 971 2804 et
994 2751 1126 2801 deest
1152 2750 1316 2811 igitur.

465 2816 522 2864 It.
541 2813 673 2863 deest
697 2816 826 2865 inter

474 2879 534 2928 Π.
563 2878 881 2929 ostendimus.

476 2938 529 3003 (ξ.
554 2948 798 3001 sequente
838 2942 945 3003 ejus
968 2945 1129 3003 nocte.

476 3001 528 3051 C.
548 2999 805 3063 perperam
843 2999 1013 3052 inserit
1036 3006 1181 3049 nocte
1206 3000 1339 3048 Inter
1359 3010 1484 3060 quos
1504 3002 1720 3049 omnium
1741 2999 1843 3051 die.

412 2501 442 2532 Α

413 2561 443 2601 b

411 2629 436 2657 ο

412 2690 442 2728 d

416 2754 441 2781 ρ

411 2810 433 2850 1

413 2876 441 2917 8

408 2937 440 2976 h

414 2999 432 3040 I

416 3062 432 3114 1
479 3063 532 3112 C.
549 3062 609 3113 in
630 3062 777 3115 hunc.
803 3072 858 3115 G.
884 3066 927 3113 is
952 3076 1096 3134 nunc.
1122 3066 1176 3114 II.
1202 3064 1284 3176 qui
1308 3068 1579 3133 nun.c,etc.,
1604 3063 1690 3113 sed
1711 3064 1869 3136 eodem
1887 3066 1942 3123 C,

416 3138 493 3174 am
519 3125 796 3176 verior-Imm
815 3124 963 3176 mqu
979 3125 1121 3176 aliter
1143 3125 1207 3175 Ita
1238 3129 1301 3176 et.
1322 3130 1372 3176 ut
1394 3137 1445 3176 tn
1473 3131 1595 3176 notis
1618 3126 1858 3176 subrectis.

346 3128 514 3238 (013ml!
517 3125 796 3238 pﬁﬂhmn
815 3124 963 3181 multo
979 3125 1121 3177 aliter
1143 3124 1301 3183 habet,
1322 3130 1372 3176 ut
1394 3124 1445 3176 in
1473 3124 1595 3176 notis
1618 3126 1858 3189 subjectis.

418 3226 446 3316 ξ
556 3226 1078 3316 XIXX_gen_._qua_m_vis

408 3310 450 3342 ⁸³³
480 3311 539 3362 R.
568 3313 619 3362 in
642 3310 782 3364 ΧΙόι
806 3312 846 3365 Χ
871 3310 924 3365 et
948 3312 1031 3366 1X.

2112 2510 2141 2539 υ
2184 2509 2264 2559 W.
2282 2509 2354 2560 sic
2372 2504 2599 2560 rescribo.
2626 2508 2685 2561 Β.
2704 2507 2865 2557 sciunt
2881 2514 2933 2558 et
2956 2509 3022 2558 in.

2114 2574 2139 2600 °
2177 2576 2235 2623 Β.
2264 2571 2380 2621 Xet
2406 2569 2490 2622 IX.

2113 2634 2143 2675 Ρ
2175 2638 2235 2685 R.
2258 2633 2540 2682 Dominum.

2109 2698 2139 2737 ιι
2166 2696 2220 2746 C.
2241 2696 2493 2746 dividisse.

2112 2758 2134 2787 '
2174 2757 2380 2808 C.deest
2401 2763 2472 2806 et.

2111 2822 2135 2852 ⁸
2174 2820 2231 2871 C.
2246 2820 2380 2870 deest
2406 2820 2557 2869 inter.

2112 2881 2131 2915 ‘
2171 2886 2231 2933 Η.
2257 2880 2535 2931 Dominum.

2106 2946 2136 2975 ιι
2163 2948 2221 2995 R.
2246 2958 2271 2993 a
2297 2952 2473 3005 quarto
2493 2943 2574 2992 die
2595 2942 2687 2993 hoc
2708 2941 2918 2993 officium
2943 2942 3061 2993 solis
3084 2950 3137 2993 et
3157 2942 3284 2993 luna:
3308 2943 3547 2995 illuxisse.

2110 3006 2138 3039 ν
2167 3008 2222 3056 C.
2250 3005 2383 3057 deest
2406 3007 2611 3067 majora.

2108 3070 2138 3100 ³
2162 3074 2221 3121 Β.
2244 3068 2480 3119 Dominus
2502 3068 2643 3116 dixit.

2108 3133 2139 3241 ζ
2164 3132 2219 3181 C.
2245 3134 2373 3241 sic‘ut
2398 3132 2603 3193 pariant,
2628 3131 2690 3179 U.
2718 3138 2943 3191 pareant,
2969 3131 3025 3179 G.
3047 3131 3474 3195 sicutappareant,
3500 3135 3557 3183 Β.
3581 3133 3649 3181 ita

2144 3207 2305 3241 ucean
2336 3232 2347 3241 .

2044 3199 2102 3244 ut
2123 3199 2347 3244 luceant.

2117 3257 2140 3285 ι
2172 3257 2225 3307 C.
2252 3259 2302 3306 in
2322 3257 2493 3318 signis,
2518 3262 2569 3305 et
2607 3256 2655 3306 in
2674 3255 2854 3306 diebus
2872 3261 2925 3305 et
2948 3257 2997 3307 in
3022 3257 3277 3306 mensibus
3301 3262 3355 3305 et
3379 3258 3428 3305 in
3452 3262 3654 3321 tempo-

2048 3317 2189 3369 ribus
2212 3321 2335 3369 etin
2361 3317 2520 3368 annis.

1516 3417 1792 3476 HENRICI
1831 3420 2201 3479 DODWELLI
2239 3424 2463 3481 NOTAE.

422 3558 523 3626 Qui
552 3574 686 3636 nunc
713 3554 1422 3636 comprehendituresse.
1453 3554 1631 3612 Codex
1674 3557 1752 3636 C._
1771 3566 1935 3636 totam
1963 3558 2007 3621 C
2046 3559 2158 3636 VIII
2184 3560 2296 3636 kal.
2318 3561 2655 3636 aprilis,_ho_c
2704 3570 2787 3617 est
2826 3564 3001 3617 martii
3051 3561 3194 3617 diem
3232 3562 3400 3629 XXV,
3435 3566 3654 3636 quodie

348 3626 488 3684 hanc
551 3626 857 3696 periocham
902 3630 1071 3685 multo
1120 3630 1273 3684 aliter
1320 3627 1517 3696 habet,
1569 3638 1624 3683 et
1674 3629 1934 3683 calculum

346 3699 504 3771 plane
526 3700 802 3773 (aliorum)
830 3702 989 3773 alium
1021 3719 1035 3756 :
1066 3700 1132 3755 In
1174 3701 1307 3773 hunc
1339 3699 1483 3773 (lego
1508 3696 1562 3754 ls
1591 3698 1752 3768 nunc)
1798 3716 1938 3773 com-

346 3770 675 3842 prehenditur
718 3770 825 3827 esse
850 3772 922 3828 XI
957 3772 1061 3828 kal.
1087 3789 1200 3842 apr.
1230 3770 1275 3825 A
1299 3770 1398 3842 quo
1427 3772 1508 3823 die
1529 3780 1760 3841 putantes
1796 3770 1937 3841 (lego

347 3841 714 3915 Computantes)
743 3845 900 3913 aliqui
949 3860 1013 3899 ea:
1033 3841 1175 3898 nobis
1221 3841 1934 3915 qui'prioris_(lego_priores)

346 3910 606 3969 voluerunt
660 3910 795 3971 hunc
830 3910 1067 3971 'ntensens
1119 3910 1304 3968 novum
1335 3910 1643 3969 ostendere.
1685 3910 1938 3967 Dixerunt

346 3987 481 4039 enim
521 3987 751 4043 eumdem
780 4004 1000 4042 mensem
1050 3986 1112 4039 ab
1146 3984 1259 4039 VIII
1289 3984 1361 4036 id.
1404 3984 1575 4037 martii
1618 3984 1861 4051 incipere,
1891 3993 1937 4037 et

348 4056 403 4110 in
428 4057 512 4111 die
544 4075 671 4137 non.
702 4059 1263 4137 april.__consummare
1299 4070 1319 4109 .°
1350 4053 1465 4107 Hac
1505 4054 1649 4137 .(lego
1695 4053 1788 4136 Δρ)
1814 4070 1936 4137 pro-

383 4137 517 4183 terea
536 4130 675 4197 ipsos
701 4124 808 4185 dies
860 4127 1052 4185 XXIX.
1090 4128 1421 4197 Revertantur
1448 4124 1516 4176 ad
1567 4124 1801 4191 Genesin,
1828 4133 1935 4179 etc.

383 4144 517 4183 terea
536 4146 675 4197 ipsos
701 4144 808 4185 dies
862 4144 1052 4185 λλιλ.
1090 4144 1421 4183 “evertuntur
1448 4144 1514 4176 aa
1567 4144 1801 4191 uenesm,
1828 4144 1934 4179 etc.

346 4144 489 4254 Duas
530 4201 708 4271 itaque
763 4202 1044 4271 Opiniones
1090 4198 1267 4271 rejicit
1302 4195 1407 4271 hic
1451 4204 1659 4271 auctor,
1687 4210 1934 4271 qureren-

352 4271 583 4349 rentium
614 4266 760 4349 (ante
790 4266 962 4343 illum)
987 4266 1198 4349 initium
1237 4267 1390 4349 primi
1434 4266 1636 4349 mensis
1665 4282 1678 4320 :
1715 4266 1937 4349 alteram

347 4339 403 4394 in
429 4339 729 4420 codicle,
757 4339 1027 4420 quam,'ut
1066 4341 1325 4420 prolixius
1368 4339 1772 4420 expositatnnin
1825 4348 1940 4420 tex—

347 4409 812 4492 tumrecipimus}
844 4409 1150 4468 alteram—in
1176 4411 1361 4492 codice
1394 4409 1456 4492 (ξε
1483 4424 1650 4492 quam.
1692 4409 1745 4461 in
1798 4409 1938 4491 notis

346 4480 685 4561 exhibemus.
728 4484 805 4540 Illi
847 4501 981 4554 quos
1023 4493 1170 4561 notat
1200 4482 1368 4537 codex
1412 4480 1456 4534 Β
1499 4480 1834 4561 existimasse
1862 4480 1939 4535 vi-

345 4553 546 4625 dentur
594 4556 775 4610 lunam
819 4550 940 4611 cum
987 4556 1102 4610 sole
1131 4561 1320 4625 quarto
1356 4550 1537 4625 mundi
1566 4551 1653 4606 die
1679 4558 1937 4612 creatam,

347 4624 499 4697 quasi
555 4627 1095 4697 quartamdecimam;
1143 4624 1212 4697 ut
1255 4624 1432 4689 fuerit,
1477 4636 1547 4677 eo
1592 4631 1940 4697 exeunte,_et

348 4692 677 4776 ineuntedie
706 4697 963 4776 secundo,
1010 4696 1386 4776 plenilunium,
1423 4707 1580 4775 quam
1630 4692 1939 4776 vocantiu-

345 4782 470 4839 nam
487 4766 1088 4837 quintamdecimam,et
1113 4767 1326 4839 quidem
1352 4766 1404 4839 in
1426 4766 1543 4835 ipso
1582 4766 1937 4835 :equinoctio;

345 4838 608 4908 adempte,
643 4841 951 4918 die__primo,
984 4840 1145 4894 fuerit
1174 4838 1467 4918 _undecima
1499 4844 1595 4918 :net
1635 4845 1938 4918 propterea,

345 4907 546 4982 annum
592 4907 773 4967 mundi
822 4919 1131 4982 reputantes
1174 4910 1409 4982 incipere
1433 4922 1461 4961 a
1490 4907 1577 4962 die
1616 4908 1811 4982 primo,
1841 4908 1938 4961 tri-

346 4980 491 5063 ginta
516 4983 650 5050 dies,
684 4978 1145 5063 quibusimensem
1188 4981 1402 5063 plenum
1433 4988 1682 5063 constare
1727 4978 1935 5063 volunt,

346 5048 400 5106 in
447 5048 834 5132 (Ιιιξιξιηρςιιῖιιξει⁸
852 5048 1281 5132 distribuebant,
1316 5051 1537 5132 .dierum
1595 5048 1667 5132 Χ]
1719 5058 1775 5132 ει
1819 5049 1936 5132 die-

346 5137 467 5177 rum
498 5119 665 5181 XIX':
695 5135 771 5189 ut,
804 5124 953 5179 linito
988 5125 1114 5179 anni
1158 5122 1361 5177 lunaris
1411 5135 1590 5176 mense
1619 5119 1938 5176 duodecimo

346 5192 476 5263 (hoc
501 5203 585 5250 est
607 5195 797 5251 diebus
816 5192 1100 5263 CCCLIV),
1130 5194 1293 5257 foret,
1320 5207 1417 5264 pro
1437 5263 1440 5264 ν
1464 5190 1737 5264 novilunio
1783 5191 1937 5264 primi

347 5261 551 5338 mensis
576 5266 650 5338 (in
674 5281 818 5322 anno
856 5267 1018 5323 solari
1040 5261 1342 5338 communi,
1358 5263 1445 5338 qui
1476 5262 1546 5338 XI
1588 5262 1778 5338 diebus
1816 5261 1935 5338 Ion-

347 5280 551 5320 mensis
576 5280 650 5338 (ιιι
674 5281 818 5322 anno
856 5280 1331 5329 sOIartcommum,
1396 5280 1445 5317 ut
1479 5280 1546 5317 λι
1588 5280 1778 5317 menus
1816 5280 1935 5317 Ion-

345 5333 465 5416 gior
504 5348 786 5416 estnquam
836 5280 1400 5416 _commun_is_!unari3
1454 5334 1537 5416 vel
1574 5332 1937 5416 repedaudum

345 5404 537 5486 diebus
564 5404 802 5486 _v_el,
832 5404 1769 5486 Iactoem-bolisrnomensisdeeimi
1797 5404 1940 5486 tertii

346 5474 555 5548 dierum
588 5477 756 5543 XXX,
791 5478 1185 5548 procedendum
1230 5478 1419 5532 diebus
1444 5474 1585 5530 XIX.
1614 5476 1783 5548 Quam
1822 5474 1937 5548 dis-

347 5546 691 5604 tributionem
724 5546 933 5606 dierum
963 5549 1136 5612 XXX,
1169 5558 1355 5603 auctor
1380 5548 1467 5602 hic
1514 5562 1618 5600 non
1648 5546 1935 5616 improbat,

343 5618 440 5674 sed
490 5620 754 5689 improbat
795 5637 953 5691 quem
1007 5621 1105 5691 ipsi
1162 5619 1396 5675 iecerant
1442 5617 1705 5691 delectum
1748 5616 1857 5691 diei
1885 5616 1938 5673 in

345 5702 489 5763 anno
516 5692 698 5757 solari,
724 5689 831 5763 quo
857 5689 1112 5748 mundum
1134 5691 1221 5748 die
1247 5692 1438 5760 primo,
1468 5689 1710 5763 adeoque
1754 5689 1935 5763 lunam

346 5759 512 5817 fuisse
538 5758 808 5833 conditam
839 5765 927 5819 die
954 5772 1165 5833 quarto,
1195 5758 1564 5833 autumabant.
1595 5758 1939 5830 Reputabant

346 5832 490 5887 enim
520 5832 663 5890 diem
713 5833 864 5891 illum
919 5831 1170 5905 primum,
1207 5847 1315 5905 quo
1361 5831 1589 5889 mundus
1637 5836 1933 5893 crearetur,

1964 4950 2017 5009 D
2043 4984 2237 5047 lunam,
2266 4993 2449 5046 quarta
2477 4980 2693 5052 feria,in
2726 4950 3082 5052 wquinoctinin

2043 3640 2100 3687 ut
2124 3633 2246 3687 luna
2275 3632 2412 3689 foret
2442 3633 2743 3691 undecima,
2776 3648 3015 3705 mensem
3047 3636 3198 3705 quasi
3243 3632 3534 3705 incepisse
3564 3654 3651 3692 rc-

2043 3705 2299 3773 putabant
2338 3705 2407 3759 ab
2435 3705 2611 3759 idibus
2661 3704 2859 3767 martii,
2906 3704 3007 3756 hoc
3040 3704 3139 3773 εει
3180 3707 3356 3759 martii
3394 3704 3486 3759 die
3514 3707 3647 3772 XV,

2040 3774 2300 3843 adeoque,
2332 3790 2452 3847 cum
2481 3776 2643 3847 fuerit
2668 3773 2877 3847 dierum
2906 3772 3075 3837 XXX,
3098 3774 3280 3847 idibus
3329 3776 3533 3845 aprilis,
3560 3779 3653 3847 qui

2041 3853 2125 3898 est
2163 3846 2350 3912 aprilis
2381 3846 2498 3899 dies
2526 3843 2666 3910 XIII,
2699 3844 3013 3909 terminari,
3046 3844 3289 3914 adeoque
3338 3843 3514 3899 lunam
3544 3843 3644 3897 «Ih—

2040 3916 2235 3970 cimam
2258 3915 2573 3983 quartam,V
2597 3914 2672 3969 kl.
2696 3929 2839 3984 apr.,
2862 3914 2963 3969 hoc
2984 3924 3067 3969 est
3089 3917 3263 3970 martii
3286 3916 3373 3971 die
3399 3916 3640 3981 XXVIII,

2041 4000 2147 4056 quo
2168 3996 2443 4041 crearetur
2465 3988 2612 4041 luna.
2645 3985 2726 4041 illi
2757 4000 2884 4040 vero
2910 4001 3046 4055 quos
3070 3996 3222 4041 notat
3243 3988 3413 4043 codex
3441 3988 3500 4050 Ο,
3537 3991 3646 4056 pri-

2043 4072 2189 4110 mum
2223 4056 2369 4112 illum
2398 4056 2747 4129 mundiqdjem
2772 4058 3089 4126 reputabant
3120 4056 3189 4113 XI
3220 4058 3294 4113 kl.
3338 4059 3518 4129 april.,
3542 4059 3645 4115 hoc

2041 4138 2124 4181 est
2170 4128 2345 4183 martii
2387 4129 2528 4184 diem
2584 4127 2724 4199 XXII
2768 4145 2781 4181 :
2832 4142 3178 4199 mensamque
3221 4127 3383 4185 illum
3409 4131 3640 4199 primum

2040 4198 2247 4254 dierum
2278 4200 2471 4265 XXIX,
2502 4198 2788 4271 inctepisse
2817 4198 3030 4268 quidem
3064 4199 3177 4255 VIII
3206 4201 3276 4256 id.
3312 4198 3509 4265 martii,
3542 4202 3645 4256 hoc

2041 4279 2127 4327 est
2174 4272 2347 4326 martii
2384 4271 2471 4326 die
2500 4270 2613 4327 VIII
2636 4270 2657 4334 ;⁷
2680 4280 2735 4325 et
2760 4270 3032 4325 terminari
3074 4272 3203 4340 ipsis
3241 4273 3400 4327 nonis
3432 4274 3643 4340 aprilis.

2044 4340 2179 4413 hoc
2201 4352 2284 4397 est
2312 4344 2496 4413 aprilis
2525 4343 2611 4397 die
2636 4342 2677 4397 V
2710 4359 2725 4394 :
2760 4350 2817 4395 ut
2852 4341 3259 4413 decimaquarta
3293 4341 3451 4413 fuerit
3492 4343 3640 4407 luna,

2042 4411 2136 4468 XII
2167 4411 2239 4467 ιιι.
2268 4410 2410 4485 apr.,
2451 4412 2571 4485 hoc,
2598 4422 2679 4467 est
2706 4412 2881 4485 martii
2912 4411 2999 4485 die
3044 4410 3201 4477 XXI;
3235 4412 3497 4485 fueritque
3529 4415 3644 4483 pri-

2043 4500 2161 4539 mus
2186 4486 2275 4539 ille
2302 4482 2485 4539 mundi
2525 4484 2641 4537 dies
2692 4482 3067 4551 plenilunium,
3113 4498 3207 4537 seu
3255 4483 3375 4536 luna
3432 4482 3637 4537 decium

2042 4556 2248 4626 quinta.
2283 4556 2349 4611 Et
2376 4556 2590 4626 quidem
2626 4568 2747 4626 cum
2779 4552 2870 4626 bis
2905 4553 3105 4626 sentire
3142 4553 3353 4626 videtur
3398 4555 3568 4626 codex
3602 4554 3646 4610 (Ξ

2045 4622 2099 4681 in
2131 4622 2466 4699 paragrapho
2505 4624 2743 4699 Postume
2772 4623 2923 4699 enim
2957 4622 3169 4699 breviter
3213 4624 3381 4678 dicam
3412 4625 3526 4696 (qui
3556 4625 3643 4699 hic

2043 4702 2096 4753 In
2119 4692 2522 4769 notis'scquitur
2545 4694 2707 4769 ),_uh_i
2747 4692 3232 4769 dicitttr__liebrteos_
3256 4692 3533 4769 numquam
3556 4696 3641 4763 fe-

2043 4770 2168 4824 cisse
2194 4764 2401 4825 Pasclia
2441 4764 2558 4823 ante
2602 4765 2696 4821 XII
2740 4764 2811 4820 kl.
2860 4765 3059 4835 aprilis,
3095 4766 3234 4834 quod
3271 4781 3337 4821 eo
3380 4766 3466 4821 die
3517 4767 3643 4820 luna

2045 4851 2166 4895 nata
2196 4841 2311 4896 VIII
2344 4841 2417 4894 id.
2444 4838 2613 4893 martii
2660 4837 2855 4890 decima
2890 4847 3074 4906 quarta
3103 4836 3275 4906 fuerit.
3303 4836 3642 4904 Quamquam

2046 4928 2114 4967 ne
2140 4913 2227 4967 hic
2252 4912 2351 4966 sibi
2380 4918 2633 4965 constans
2654 4919 2738 4964 e5t
2762 4906 2931 4961 codex
2959 4906 3070 4973 ille,
3112 4909 3308 5030 (διερρο
3335 4924 3455 4962 mox
3485 4908 3635 4974 dicit,

2046 4984 2236 5030 lunam-
2266 4993 2449 5030 anarta
2479 4980 2693 5030 ἠπίαλοι
2726 4979 3104 5030 ωηιιὶηοειίιιιιι.
3176 4979 3240 5030 111
3287 4978 3356 5030 kl.
3389 4995 3505 5030 aur.
3538 4979 3635 5030 de-

3090 5020 3105 5041 ,
3127 4978 3240 5033 VIII
3287 4978 3356 5033 kl.
3389 4995 3505 5047 apr.
3538 4979 3642 5032 de-

2041 5054 2453 5120 cimamquintam
2478 5050 2822 5122 'factamesse,
2866 5050 3005 5122 quod
3043 5050 3290 5120 proprius
3327 5050 3533 5122 accedit
3569 5050 3641 5107 ad

2044 5125 2276 5195 priorem
2302 5120 2952 5195 opinionem_di_ccntium
2986 5120 3164 5195 lunam
3206 5121 3393 5195 eojdic
3440 5120 3636 5195 factam

2082 5191 2576 5251 uartamdecimam.
2618 5192 2724 5248 Sed
2772 5191 2942 5247 codex
2988 5192 3053 5257 II,
3102 5202 3156 5247 et
3202 5192 3418 5261 quidem
3466 5191 3640 5249 codex

2090 5309 2104 5333 ,
2154 5268 2204 5321 in
2243 5264 2622 5336 sequentibus,
2646 5264 2850 5336 hrejicit
2895 5263 3055 5336 etiam
3086 5262 3256 5336 _hane_
3278 5261 3633 5336 opinionem,

2042 5329 2362 5408 aSsignando
2394 5329 2620 5406 primum
2646 5329 2794 5408 diem
2823 5348 2930 5408 quo
2952 5331 3153 5408 Pascha
3175 5329 3435 5408 celebrari
3467 5334 3664 5402 possit.

2042 5403 2191 5479 (luna
2223 5403 2644 5479 decimaquarta)
2676 5403 2795 5479 XVI
2825 5404 2897 5458 kl.
2947 5405 3171 5479 aprilis,_
3209 5404 3310 5459 hoc
3358 5413 3441 5460 est
3491 5420 3631 5479 mar-

2043 5424 2191 5479 ttutta
2223 5424 2428 5463 aecrma
2471 5424 2644 5477 uaria)
2680 5424 2795 5460 AVI
2826 5424 2897 5458 Kl.
2947 5424 3154 5473 aprilis,
3209 5424 3310 5459 IIOC
3358 5424 3441 5460 est
3491 5424 3631 5460 Inar-

2043 5481 2101 5535 tii
2148 5480 2292 5557 diem
2529 5477 2681 5557 cujus
2714 5478 2891 5557 itaque
2938 5474 3635 5557 "DVIIlInIlIm,__S.elI"[II'I'I11:'l

2041 5552 2187 5616 luna,
2226 5550 2386 5606 fuerit
2413 5547 2479 5603 IV
2522 5547 2890 5609 non.'martii,
2919 5547 3007 5616 qui
3042 5555 3124 5601 est
3175 5547 3349 5600 martii
3400 5546 3513 5599 dies
3541 5546 3632 5605 IV.

2040 5623 2210 5689 Quam
2242 5621 2548 5691 opinionem
2578 5619 2631 5673 in
2660 5616 3009 5691 sequentibus
3035 5618 3385 5691 statuminare
3411 5618 3634 5685 satagit:

2042 5686 2102 5748 ιιί
2154 5686 2375 5749 dubium
2423 5706 2529 5747 non
2578 5691 2649 5747 sit
2692 5688 2930 5746 codicem
2970 5686 3013 5745 (Ξ
3056 5687 3249 5746 ibidem
3283 5688 3635 5758 depravatum

2037 5779 2178 5823 esse.
