4202 6272
566 347 672 405 947

2009 346 2099 403 DE
2138 345 2408 403 PASCHA

3766 338 3881 402 948

569 463 813 538 poribus.
843 472 897 521 et
923 463 977 519 in
1004 462 1213 529 diebus,
1240 462 1367 519 etin
1397 462 1552 519 annis
1576 480 1592 530 ;
1620 469 1673 520 et
1701 463 1806 519 sint
1833 463 1886 519 in
1918 464 2168 535 splendo-
2194 467 2247 526 Α
2271 463 2584 520 ostendunt.
2636 464 2715 520 Ac
2739 472 3019 536 propterea
3050 472 3278 535 quatuor
3303 460 3628 534 quadrantes
3654 460 3880 532 quadri-

563 571 631 614 re
687 558 739 612 in
784 567 810 593 ει
865 556 1202 612 ﬁrmamento
1250 556 1394 623 cceli,
1449 555 1478 594 b
1519 555 1589 611 ita
1645 566 1701 611 ut
1746 556 1958 612 luceant
2005 571 2167 626 super

574 661 601 688 ο
634 658 852 705 terram.
886 647 953 703 Et
976 648 1054 703 sic
1077 657 1158 703 est
1188 646 1409 703 factum.
1440 646 1507 703 Et
1531 648 1656 704 fecit
1686 647 1831 703 Deus
1857 646 1965 703 duo
2007 647 2167 702 lumi-

571 742 724 796 naria
763 740 962 809 majora
987 783 1002 806 ,
1044 739 1310 795 luminare
1353 741 1546 811 majus,
1581 740 1787 795 initium
1832 739 1937 795 dici
1969 756 1983 805 ;
2012 748 2065 795 et
2088 739 2165 794 Iu-

565 833 776 888 minare
807 832 1007 900 minus,
1038 831 1244 887 initium
1276 833 1467 896 noctis,
1503 852 1521 884 ι
1558 842 1664 888 etc.
1691 832 1815 887 llzrc
1842 841 1963 887 sunt
1990 840 2168 885 autem

569 926 680 980 duo
723 925 1027 987 luminaria.
1082 941 1200 996 qua:
1251 941 1356 979 non
1386 935 1587 980 tantum
1618 924 1721 979 hoc
1751 923 1986 979 ofﬁcium
2018 939 2171 979 acce-

568 1025 793 1088 perunt,
842 1028 900 1070 ut
937 1016 1341 1072 dividantinter
1388 1017 1529 1072 diem
1578 1026 1631 1071 ct
1684 1025 1938 1081 noctem;
1993 1015 2085 1071 sed
2118 1025 2172 1071 ct

561 1114 631 1165 'ut
675 1110 783 1164 sint
825 1108 1068 1180 insignis
1106 1118 1159 1165 et
1206 1111 1258 1165 in
1316 1109 1641 1181 temporibus
1681 1118 1735 1165 et
1783 1110 1833 1165 in
1881 1110 2067 1165 diebus
2118 1118 2174 1165 et

570 1202 627 1256 in
668 1200 842 1256 annis.

637 1295 665 1331 ιι
720 1296 942 1365 Propter
975 1296 1076 1350 hoc
1101 1311 1228 1367 ergo
1255 1296 1463 1351 IIebrmi
1490 1305 1613 1351 tunc
1637 1297 1726 1371 qni
1756 1296 1900 1367 digni
1935 1296 2167 1361 fuerunt,

578 1398 604 1424 θ
641 1386 843 1458 Spiritu
875 1388 966 1443 Dei
994 1387 1190 1453 cdocti,
1226 1386 1244 1425 ί
1279 1389 1514 1459 singulos
1545 1405 1758 1459 quoque
1785 1403 1956 1443 annos
1981 1403 2175 1443 secun—

573 1479 699 1534 dum
749 1480 887 1534 luum
913 1494 1125 1534 cursum
1167 1489 1627 1551 computavcrunt.
1663 1480 1746 1547 Et,
1782 1490 1835 1534 ut
1861 1478 1926 1534 ad
1958 1494 2174 1536 cursum

572 1571 706 1625 solis
744 1581 1087 1626 occurrerent
1116 1572 1252 1627 inter
1299 1573 1569 1627 sexdecim
1595 1588 1783 1641 anuos,
1832 1572 2030 1626 mensis
2069 1570 2175 1640 pri-

573 1664 652 1719 mi
699 1675 724 1711 8
772 1665 885 1720 dies
911 1665 1085 1729 XXX,
1118 1667 1170 1721 in
1198 1668 1331 1722 duas
1360 1677 1570 1738 partes,
1607 1684 1711 1723 non
1767 1670 2046 1741 aequaliter
2081 1668 2175 1723 scd

588 1757 883 1812 secundum
915 1759 1172 1812 rationem
1218 1759 1519 1815 diviserunt
1551 1778 1564 1826 ;
1600 1761 1736 1816 sicut
1765 1763 2009 1832 superius
2040 1766 2177 1821 dixi-

2270 557 2415 613 ennii
2445 558 2496 612 in
2526 571 2688 613 unum
2719 555 2863 612 diem
2894 556 3219 628 redigentes,
3249 554 3437 627 quinto
3463 569 3678 627 quoque
3705 568 3874 621 anno,

2270 665 2378 706 non
2409 650 2453 706 V
2487 649 2562 704 kl.
2607 665 2747 720 apr.,
2800 648 2893 705 sed
2936 659 2977 685 ιιι
3008 649 3050 705 V
3103 649 3179 704 kl.
3232 657 3391 703 mart.
3440 646 3754 709 immittunt,
3808 660 3881 701 ne

2271 751 2299 779 η
2319 744 2494 812 primo
2524 741 2628 797 diei
2656 742 2856 797 mensis
2883 740 3005 795 novi
3027 738 3403 811 superrenturi
3431 738 3697 810 integrum
3735 736 3881 792 diem

2274 835 2584 901 immittunt,
2614 832 2828 889 ethunc
2854 840 3020 889 totum
3049 832 3291 888 ordinem
3322 846 3481 902 quem
3505 829 3712 885 Hebraei
3734 827 3883 898 prio-
3954 878 3961 886 .

2275 942 2378 991 res,
2404 935 2459 979 et
2481 933 2604 979 ante
2631 925 2798 995 ipsam
2815 924 3041 979 Romam
3064 923 3355 991 conditam,
3379 929 3526 978 certa
3556 920 3765 975 ratione
3793 934 3886 976 as—

2275 1018 2439 1071 srculi
2466 1024 2608 1082 sunt,
2640 1017 2972 1072 subvertant.
3030 1015 3215 1070 Aunus
3242 1017 3401 1087 igitur
3425 1012 3795 1077 IIebrtcorum,
3825 1012 3885 1068 in

2275 1106 2367 1162 XII
2399 1122 2611 1164 menses
2642 1109 2845 1163 divisus
2878 1107 3002 1162 facit
3049 1120 3291 1162 mensem
3324 1104 3497 1161 XXIX
3524 1104 3607 1171 5.;
3640 1105 3892 1160 similiter

2274 1209 2331 1256 et
2381 1200 2743 1256 Romanorum
2790 1201 2843 1254 iu
2877 1208 2901 1235 ο
2932 1198 3215 1254 duodecim
3259 1213 3472 1269 quoque
3498 1197 3762 1267 partibus,
3799 1196 3884 1252 fa-

2275 1294 2347 1348 cit
2392 1305 2417 1343 r
2461 1308 2701 1350 mensem
2753 1290 2902 1347 XXX
2927 1290 2984 1348 S.
3061 1291 3205 1363 Ergo
3254 1291 3396 1346 inter
3443 1289 3619 1346 XXIX
3647 1289 3704 1344 8.
3755 1298 3812 1345 et
3862 1300 3890 1340 σι

2231 1383 2427 1440 ‘XXX
2505 1387 2561 1441 S.
2643 1386 2866 1440 interest
2953 1397 3073 1455 qum
3139 1382 3508 1454 Intelliguntur
3590 1396 3713 1437 esse
3773 1363 3895 1437 .bo-

2279 1492 2352 1532 rte
2402 1477 2472 1532 XI
2501 1484 2552 1531 ct
2582 1488 2602 1515 τ
2669 1475 3044 1548 (ιιιτιτιαιιοινω.
3119 1474 3177 1530 In
3235 1474 3429 1545 quibus
3483 1474 3555 1529 XI
3584 1473 3737 1530 horis
3778 1482 3835 1529 et
3865 1483 3887 1509 ³

2279 1577 2464 1639 quarta
2509 1569 2654 1623 horae
2684 1568 2832 1640 prior
2878 1567 3171 1622 ambulavit
3226 1566 3305 1622 sol
3342 1566 3556 1637 quando
3603 1565 3780 1621 factus
3808 1575 3894 1621 est

2282 1662 2490 1717 Initium
2523 1662 2651 1717 diei.
2704 1661 2795 1717 Sic
2838 1672 3017 1717 autem
3064 1671 3118 1716 et
3147 1659 3271 1715 luna
3300 1659 3507 1714 inltium
3554 1659 3733 1713 noctis
3778 1658 3893 1713 ﬁeri

2281 1757 2628 1827 repromissa,
2659 1771 2765 1810 non
2794 1754 3033 1826 oportuit
3053 1769 3170 1809 eam
3196 1761 3318 1823 post
3347 1766 3597 1807 occasum
3630 1751 3766 1807 solis
3797 1750 3894 1808 ﬁe—

484 1902 497 1911 ,
588 1866 707 1905 mus
757 1860 969 1905 nostros
1022 1861 1389 1906 antecessores
1439 1851 1683 1921 quidem,
1744 1856 2034 1911 secundum
2066 1858 2173 1913 IIc-
2204 1861 2253 1921 B
2281 1847 2347 1915 Pi.
2393 1857 2447 1904 θῑ
2474 1849 2551 1905 Sic
2594 1849 2646 1904 in
2692 1847 2831 1904 εαξὶο
2861 1847 3048 1916 Viderit
3104 1847 3355 1919 quoniam
3385 1845 3673 1902 debebat“
3729 1846 3745 1881 ⁸
3782 1844 3894 1915 Pri‘

480 5994 547 6039 ’ἱ

554 4721 698 4770 ,αρικ
729 4704 853 4757 Cum
877 4720 973 4773 quo
1007 4713 1107 4757 tum
1131 4721 1368 4772 magnum
1391 4726 1419 4763 o

578 1944 775 2011 hrazos,
808 1953 954 2000 recte
1003 1945 1251 2001 divisisse
1282 1943 1305 1982 ιι
1348 1946 1399 2000 1η
1444 1945 1512 2000 XI
1540 1957 1591 2001 ct
1635 1946 1797 2012 XIX;
1835 1948 1975 2004 diem
2000 1962 2178 2008 autem

581 2038 814 2107 primum
846 2038 1046 2092 mensis
1097 2038 1250 2108 primi
1299 2054 1404 2094 nou
1444 2040 1918 2109 comprehendisse
1947 2053 2002 2099 et
2054 2044 2177 2101 ideo

580 2143 814 2185 errasse.
880 2130 981 2198 Qui
1022 2129 1137 2185 dies
1201 2132 1401 2200 primus
1452 2132 1573 2186 novi
1621 2135 1820 2188 mensis
1885 2137 2179 2192 secundum

587 2235 805 2275 cursum
856 2221 996 2276 lunae
1065 2221 1359 2278 duodecies
1415 2223 1776 2280 decrescentis
1839 2230 2182 2297 recognosci-

581 2320 667 2366 tur
716 2312 726 2347 ί
784 2312 902 2367 XVI
951 2312 1026 2368 kl.
1079 2314 1233 2382 april.
1302 2314 1375 2368 Iu‘
1418 2331 1522 2385 quo
1574 2317 1724 2382 talis,
1776 2318 1963 2374 eadem
2026 2319 2175 2391 liora,

587 2405 803 2460 inventa
838 2416 921 2460 cst
965 2407 1107 2467 luna,
1141 2407 1313 2477 qualis
1343 2419 1468 2463 ante
1510 2424 1709 2463 annum
1739 2408 1835 2465 fuit
1862 2410 1900 2464 V
1926 2411 1999 2466 kl.
2028 2398 2183 2482 april.

582 2495 743 2550 facta.
803 2496 965 2567 Cujus
988 2496 1114 2551 anni
1143 2497 1258 2553 dies
1302 2498 1511 2554 Hebrtei
1554 2503 1885 2557 numerauti
1939 2503 2181 2569 CCCLIV

581 2602 752 2657 usque
810 2589 860 2641 in
914 2587 1058 2644 XVII
1111 2589 1184 2643 kl.
1237 2589 1439 2659 aprilis.
1497 2590 1595 2658 Qui
1649 2601 1827 2651 antem
1882 2578 2175 2655 secundum

582 2693 798 2734 cursum
869 2680 1001 2734 Solis
1074 2690 1422 2748 computant,
1481 2693 1601 2752 post
1655 2683 1899 2739 undecim
1949 2686 2065 2740 dies
2128 2698 2182 2742 et

579 2768 608 2807 ³(
624 2782 871 2841 quartam
892 2772 1017 2839 diei,
1052 2772 1117 2827 VI
1140 2772 1213 2826 kl.
1240 2775 1393 2843 april.
1419 2776 1679 2845 suppielis
1700 2776 1888 2835 diebus
1909 2776 2178 2836 CCCLXV

584 2873 640 2920 et
690 2863 702 2901 ¹
740 2875 927 2936 quarta
972 2865 1098 2931 diei,
1133 2882 1328 2921 annum
1365 2882 1767 2927 consummasse
1808 2873 2103 2937 inveniunt,
2128 2883 2182 2929 ct

580 2959 661 3015 sic
700 2960 927 3031 primum
968 2954 1283 3018 diem'novi
1328 2964 1525 3021 mensis
1566 2969 1774 3025 venturi
1806 2968 1849 3023 V
1901 2967 1976 3031 kl.
2021 2969 2179 3038 april.

2285 1959 2370 1998 ma
2418 1944 2504 1999 die
2534 1944 2702 2000 videri
2728 1954 2782 2001 et
2803 1944 3076 2016 prosequi,
3110 1952 3139 1979 ιι
3192 1958 3313 1999 cum
3346 1957 3456 2013 quo
3487 1953 3592 1997 tam
3635 1956 3897 2012 tusguum

2286 2034 2526 2091 ofﬁcium
2582 2035 2754 2092 fuerat
2781 2032 2994 2106 adepta.
3050 2034 3164 2090 Hoc
3191 2044 3274 2090 est
3302 2034 3462 2106 igitur
3485 2033 3626 2105 quod
3655 2048 3752 2105 per
3776 2034 3899 2088 sin-

2286 2130 2441 2201 gulos
2471 2145 2686 2187 menses
2706 2171 2722 2196 ,
2780 2137 3023 2199 reparata
3062 2127 3459 2199 quintadecima
3492 2128 3614 2182 luna
3634 2169 3649 2193 ,
3700 2140 3901 2197 procc-

2286 2223 2431 2278 ditur
2451 2238 2479 2278 a
2510 2223 2645 2278 sole.
2693 2222 2761 2277 Et
2788 2222 2910 2279 ideo
2934 2237 3031 2293 per
3052 2236 3250 2276 annum
3282 2221 3401 2290 plus
3427 2219 3707 2274 ambulare
3736 2219 3893 2275 inve-

2287 2318 2430 2381 nitur
2456 2316 2535 2373 sol
2564 2314 2634 2373 XI
2666 2315 2780 2369 dies
2824 2325 2879 2369 et
2926 2324 3168 2384 quartam
3200 2321 3402 2383 partem
3448 2312 3580 2367 diei.
3622 2311 3690 2365 Et
3715 2310 3900 2366 siclu-

2289 2426 2354 2465 na
2383 2426 2501 2481 qua:
2530 2420 2713 2481 quarta
2744 2409 2874 2465 feria
2907 2408 2945 2465 V
2976 2408 3052 2465 kl.
3089 2424 3205 2478 apr.
3232 2419 3258 2445 γ
3288 2406 3685 2479 quintadecima
3716 2406 3895 2462 fuerat

2287 2503 2447 2571 facta,
2492 2504 2703 2559 inventa
2729 2512 2812 2560 est
2839 2503 3086 2573 suppleto
3117 2503 3288 2571 primo
3314 2516 3456 2557 anno
3512 2501 3687 2557 XXVI
3720 2510 3745 2538 ι
3796 2517 3893 2572 qu.

2283 2596 2327 2651 V
2369 2595 2447 2650 kl.
2497 2611 2612 2666 apr.
2670 2595 2800 2651 Item
2846 2594 3084 2651 secundo
3111 2608 3281 2658 anno,
3338 2592 3565 2664 adjectis
3602 2592 3671 2649 XI
3702 2590 3898 2653 diebus

2283 2694 2338 2743 et
2366 2697 2389 2722 κ
2426 2703 2516 2756 qu.
2549 2688 2761 2742 inventa
2793 2696 2876 2743 est
2923 2686 3013 2741 VII
3044 2687 3126 2753 5.,
3162 2686 3203 2739 V
3246 2685 3321 2741 kl.
3365 2701 3485 2757 apr.
3524 2685 3707 2740 Tertio
3750 2701 3899 2741 anuo

2284 2778 2448 2834 XVIII
2480 2788 2503 2815 ³
2532 2780 2657 2835 dod.
2700 2780 2740 2836 V
2768 2780 2840 2835 kl.
2870 2780 3040 2850 April.
3096 2779 3299 2847 Quarto
3356 2793 3502 2834 anno
3531 2778 3699 2844 XXX,
3742 2780 3777 2832 V
3811 2778 3892 2834 kl.

2283 2887 2398 2942 apr.
2478 2870 2675 2939 Quinto
2736 2888 2878 2928 anno
2924 2872 2995 2927 XI
3051 2881 3077 2909 ι
3144 2888 3235 2943 qu.
3303 2871 3470 2929 Sexto
3532 2888 3671 2927 anno
3740 2872 3893 2928 XXII

2288 2966 2346 3023 S.
2413 2966 2654 3042 Septimo
2679 2982 2820 3031 anno
2875 2967 2944 3029 III
2984 2976 3011 3005 κ
3065 2965 3193 3035 dod.
3268 2964 3474 3023 Octavo
3520 2972 3695 3022 autem
3742 2981 3895 3035 anno

1812 3081 2191 3142 LEC’I‘IONES
2232 3084 2642 3153 VARIANTES.

647 3172 754 3231 9R.
779 3170 1118 3231 solidamento,

643 3230 673 3268 δ
694 3234 748 3282 C.
779 3235 849 3288 sic
872 3242 945 3283 ut.

649 3297 671 3359 (ξ
705 3296 988 3359 ςρίιρπδιη.
1018 3300 1099 3343 etc
1142 3293 1332 3359 omissis
1356 3295 1678 3359 sequentibus.

645 3356 676 3426 εξ
719 3358 798 3405 W.
815 3355 950 3426 .Itanc
965 3361 1109 3427 totam
1141 3355 1583 3419 periochmn’mutto
1607 3360 1748 3411 aliter
1774 3359 1912 3414 Imbct
1937 3363 2093 3416 codex
2122 3366 2178 3427 C,
2207 3383 2251 3455 Ω

656 3432 706 3455 m
730 3424 851 3455 2mm
874 3417 1111 3455 cubmrtm,

581 3421 635 3467 ut
656 3415 707 3485 in
728 3415 1117 3485 twtissttbjectt's.

650 3484 674 3510 θ
710 3484 766 3530 R.
795 3481 1039 3537 Spiritum.

651 3540 671 3577 ί
708 3546 768 3595 It.
795 3543 843 3593 in
864 3540 1002 3594 caelis
1023 3554 1241 3605 quoque.

650 3607 677 3644 8
703 3607 760 3656 R.
785 3604 903 3653 diei.

637 3667 669 3704 ιι
695 3665 756 3716 XI
784 3674 834 3714 et
860 3664 1065 3732 IX,tege
1088 3666 1138 3731 in
1162 3664 1225 3731 XI
1252 3673 1304 3721 et
1328 3665 1366 3717 X
1393 3673 1445 3721 et
1469 3666 1549 3721 IX.

658 3729 676 3768 ί
708 3734 763 3782 R.
792 3727 943 3781 XVII.

653 3793 669 3842 ,ἱ
705 3790 929 3842 CCLV”.
1280 3822 1285 3833 .

646 3855 672 3893 ιι
708 3857 759 3905 R.
786 3853 847 3903 IV
874 3859 1118 3911 quartum.
1409 3881 1419 3892 ο

650 3917 666 3953 ι
693 3918 765 3965 tt’.
786 3913 985 3980 sttppleo
1006 3923 1179 3981 quarta
1197 3916 1315 3976 diei,
1337 3924 1536 3985 propter
1553 3929 1605 3972 et
1620 3921 1749 3984 quod
1763 3921 1925 3974 adhuc
1946 3928 2181 3988 superest.

2343 3176 2384 3205 ⁸³³
2408 3181 2465 3228 R.
2492 3181 2719 3241 quintum
2740 3177 2805 3226 kl.
2828 3183 2968 3227 mart.
2995 3176 3338 3228 immittuntur.

2345 3240 2371 3267 “
2399 3244 2456 3291 Π.
2484 3242 2646 3291 primi.

2346 3254 2371 3328 ἓ
2398 3254 2457 3353 ἓξ
2480 3254 2765 3362 XIIr'Hecite,
2788 3313 2916 3365 quzc,
2942 3297 3049 3365 lege
3074 3298 3355 3350 XII-decim.
3379 3312 3599 3364 quoque.

2347 3367 2375 3406 P
2401 3369 2459 3417 Η.
2488 3378 2689 3415 menses

2448 3401 2459 3412 .
2488 3380 2584 3413 met

2346 3430 2375 3470 (ι
2412 3430 2468 3478 tt.
2496 3424 2668 3477 XXXI.

2352 3492 2372 3519 "
2401 3493 2458 3541 Η.
2485 3495 2727 3555 quartum.

2354 3556 2389 3623 ξ’
2409 3555 2735 3623 ERNV?!“
2784 3615 2791 3623 .
3050 3618 3059 3623 -
3506 3612 3518 3623 .
3670 3612 3681 3623 .

2351 3616 2377 3706 ιζ
2723 3615 2895 3677 primo,
2921 3618 3117 3680 propter
3139 3625 3247 3665 cum
3270 3625 3368 3677 quo
3389 3612 3518 3679 quod
3543 3612 3789 3676 sequitur.

2349 3742 2376 3770 ν
2402 3744 2460 3792 R.
2498 3736 2583 3791 XV
2605 3738 2816 3791 decima.

2350 3803 2374 3831 ‘
2412 3803 2490 3871 W.
2518 3798 2835 3871 suppleoquo:
2850 3797 3660 3871 argueruntAqgwroguadrantg.
3692 3803 3738 3848 et
3756 3798 3881 3871 dmi.

2285 3859 2656 3987 ggoeiqdrante,
2682 3869 2877 3937 propter
2903 3861 2993 3913 VII
3017 3862 3069 3914 S.
3109 3868 3157 3913 et
3175 3859 3311 3912 XXII
3352 3859 3407 3911 SI
3433 3859 3720 3927 quwadhuc
3743 3868 3886 3937 totit-

1758 4025 2030 4091 III‘ZNBICI
2071 4025 2434 4091 DODWELLI
2476 4027 2707 4085 NOTAE.

665 4134 1016 4199 Propter/mc.
1052 4135 1141 4193 W.
1172 4136 1319 4197 Hanc
1341 4140 1462 4191 item
1492 4139 1797 4205 periocbam
1831 4142 1997 4201 multo
2024 4143 2178 4197 aliter

586 4206 747 4280 habet
802 4206 965 4280 rudes
1011 4206 1074 4280 C.
1115 4218 1273 4280 atque
1323 4210 1384 4280 ad
1429 4212 1537 4265 VIII
1593 4211 1663 4269 kl.
1710 4210 1821 4280 πιέν.
1869 4211 1918 4267 id
1963 4228 2169 4267 accout~

581 4277 784 4351 l_ltOtI:tl,
804 4277 952 4351 quod
981 4278 1146 4332 codex
1270 4279 1334 4335 :ul
1359 4280 1401 4335 V
1431 4281 1501 4334 kl.
1534 4299 1648 4345 apr.
1679 4277 1876 4351 Nempe
1895 4284 1990 4348 sic,
2029 4284 2178 4349 Post-

583 4347 692 4429 Ittec
727 4348 864 4429 enim
912 4348 1129 4429 breuiter
1175 4349 1340 4429 (Ιὶξηζη
1368 4368 1391 4429 ;Δ
1428 4355 1563 4429 qned
1604 4347 2073 4429 Ilebrrei'tnnequi
2098 4347 2177 4417 di.

581 4420 669 4489 gni
714 4424 939 4494 fuerunt,
986 4419 1184 4494 Spiritu
1218 4419 1491 4494 Deietloeti
1518 4425 1744 4494 singulos
1797 4419 2177 4494 quoque'aunos

582 4484 859 4575 secundum
887 4484 1249 4575 cursum‘lmue
1270 4491 1496 4575 (Supple
1509 4484 1937 4575 Leamputaverunt
1956 4496 1997 4567 ),
2029 4514 2176 4575 num-

581 4577 735 4630 quam
780 4565 1005 4634 fecerunt
1032 4562 1255 4634 rl’ttsclm
1295 4562 1413 4617 αηιέ
1457 4565 1549 4627 XII
1587 4562 1689 4623 Ιίὰι.
1714 4584 1827 4634 npr.
1885 4562 2012 4633 Quae
2054 4567 2177 4622 luna

581 4644 707 4687 nuta
741 4634 795 4709 in
845 4632 957 4686 VIII
986 4633 1058 4686 id.
1113 4642 1264 4689 mari.
1298 4634 1419 4690 XIV
1450 4640 1593 4692 estin
1634 4638 1703 4695 XI
1728 4632 1867 4709 (lege
1897 4638 2020 4708 XII)
2068 4639 2173 4694 kal.

1421 4710 1607 4833 «icium
1630 4711 1793 4779 fuerat
1820 4711 2025 4772 adepta.
2066 4709 2176 4764 Hoc

1457 4796 1615 4833 tenses
1644 4789 1879 4833 reparata
1927 4778 2021 4833 XV
2055 4784 2175 4833 (una

581 4784 654 4828 est
681 4776 850 4848 itaque
873 4776 1009 4848 quod
1046 4792 1134 4845 per
1172 4778 1397 4848 singulos
1421 4776 1879 4848 ntenses‘rvparuta
1927 4778 2021 4835 XV
2055 4784 2175 4836 (una

2287 4140 2544 4208 Mttrimts,
2589 4145 2789 4197 nescio.
2846 4142 3016 4198 Simul
3045 4157 3166 4196 cum
3201 4140 3301 4195 hoc
3327 4141 3591 4208 scriptore
3622 4138 3887 4213 (Cypria-

2284 4215 2373 4281 no)
2413 4213 2638 4268 habetur
2697 4215 2747 4268 in
2790 4214 2973 4269 emlice
3023 4214 3361 4276 Cottoniauo,
3409 4222 3463 4266 et
3521 4228 3682 4266 ntauu
3724 4214 3891 4280 plane

2279 4285 2464 4339 cadem
2498 4294 2766 4339 exuratur.
2812 4284 3013 4338 l.amlat
3061 4284 3353 4354 .Iosepltum
3383 4284 3722 4408 qniAtﬂmtts
3747 4299 3888 4337 con-

2280 4357 2493 4408 scripsit
2537 4356 2791 4408 circulum
2839 4354 2885 4408 X
2934 4364 2984 4407 et
3024 4354 3096 4408 IX
3146 4369 3441 4408 annorum.
3549 4357 3888 4408 uastasinm.

2280 4357 2493 4424 scripsit
2537 4356 2791 4410 circulum
2839 4354 2885 4408 X
2934 4364 2984 4407 et
3024 4354 3096 4408 IX
3146 4369 3441 4419 annorum,
3497 4354 3890 4420 Auastasinm,

2280 4424 2655 4497 Theophilum.
2691 4427 2967 4498 Cyrillum,
2998 4425 3597 4498 Dionysiumexignum,
3621 4434 3680 4480 et
3694 4426 3891 4480 Victo.

2280 4498 2453 4571 riuum
2475 4500 2564 4571 qui
2581 4498 2794 4565 scripsit
2812 4497 2993 4571 Iliturgi
3019 4497 3185 4571 papm,
3203 4497 3352 4571 urbis
3369 4497 3567 4571 Allomm
3599 4502 3893 4571 episcopo.

2356 4565 2509 4622 Facit
2548 4585 2785 4630 mensem,
2832 4565 3028 4623 XXIX.
3071 4565 3165 4626 ,W.
3220 4568 3453 4636 Suppleo
3493 4565 3898 4636 qum’videtur

2277 4639 2541 4697 excidisse
2587 4642 2647 4694 S.
2682 4650 2858 4693 uolam
2892 4638 3153 4703 semissis,
3199 4648 3254 4693 et
3302 4647 3359 4693 ut
3386 4653 3505 4691 mox
3539 4648 3665 4707 post
3696 4638 3896 4705 XXX;

2280 4722 2400 4763 nam
2441 4710 2547 4783 ξδι
2580 4726 2673 4783 per
2702 4710 2769 4764 12
2794 4708 3128 4783 άίνίεἰνιξειηι
3250 4726 3370 4783 cum
3404 4710 3643 4783 semisse
3674 4727 3686 4762 :
3725 4712 3900 4765 item-

2278 4795 2383 4849 que
2408 4780 2513 4836 565
2542 4779 2594 4836 et
2619 4790 2827 4850 quarta,
2855 4796 2947 4848 per
2975 4779 3041 4835 12
3070 4780 3222 4835 divisi
3246 4780 3376 4835 dant
3401 4780 3470 4834 50
3496 4795 3619 4834 cum
3649 4783 3901 4839 semisse

582 4846 890 4924 prcecidetnr
935 4846 1085 4924 (lege
1105 4847 1414 4924 proceditur)
1445 4851 1477 4904 a'
1519 4852 1664 4924 sole;
1683 4846 1772 4924 fet
1809 4851 1921 4903 ideo
1950 4868 2037 4914 per
2080 4868 2170 4906 an-
2198 4864 2249 4924 D
2278 4846 2519 4919 proxime
2550 4870 2562 4905 :
2599 4846 2654 4906 ni
2683 4846 3209 4907 fuerit‘HeIirmornm
3236 4853 3435 4906 mensis
3456 4850 3667 4924 dierum
3702 4852 3900 4924 XXIX

585 4932 709 4969 mtm
755 4918 871 4991 plus
892 4917 1190 4991 Δ(ινιτ-(ξιιιιιιοιεΔ
1219 4918 1470 4974 invenitur
1507 4923 1585 4976 sol
1624 4923 1694 4977 XI
1723 4923 1827 4975 dies
1855 4930 1900 4974 et
1938 4932 2169 4991 quartum

583 4996 779 5063 partem
801 4988 1041 5063 diei.__l£_t
1070 4989 1141 5063 sic
1171 4988 1295 5043 [una
1317 5007 1435 5063 quo:
1458 4993 1509 5045 in
1531 5005 1716 5062 quarta
1746 4994 1874 5063 feria
1924 4988 1975 5047 in
2014 4998 2171 5063 a'qui-

580 5058 828 5124 noctium,
859 5057 972 5112 VIII
1017 5057 1121 5111 kal.
1159 5075 1274 5126 apr.
1316 5060 1413 5115 XV
1420 5057 1619 5189 Juerat
1650 5057 1815 5139 facta,
1841 5065 2042 5117 inventa
2071 5057 2164 5130 est,

580 5130 813 5189 suppleto
852 5130 1015 5189 primo
1035 5146 1170 5183 anno
1196 5129 1388 5189 XXVI.
1472 5133 1536 5189 III
1561 5135 1666 5189 kal.
1698 5151 1809 5189 (ιον.
1844 5133 1991 5188 Idem
2016 5134 2164 5189 (leue

576 5130 813 5209 suppleto
852 5130 1015 5209 primo
1035 5146 1170 5183 anno
1196 5129 1388 5209 XXVI,
1420 5129 1536 5209 VIII
1561 5129 1666 5191 Ital:
1698 5151 1809 5209 αρν.
1844 5133 1991 5209 Idem
2016 5129 2167 5203 (lege

579 5198 738 5264 Item)
764 5198 983 5255 secundo
1018 5217 1173 5267 anno,
1201 5201 1466 5259 subtractis
1495 5206 1659 5260 decem
1690 5198 1741 5260 et'
1767 5221 1939 5260 novem
1968 5198 2169 5263 imm

578 5281 654 5344 est
685 5269 1010 5344 VII._]}:_rtt’9
1035 5289 1170 5329 anno
1193 5272 1378 5329 XVIII.
1427 5275 1622 5341 Quarto
1659 5276 1829 5332 XXX.
1865 5278 2051 5344 Quinto
2076 5277 2165 5333 XI.

579 5342 741 5398 Sexto
771 5340 934 5398 XXII.
966 5342 1195 5411 Septimo
1216 5343 1303 5399 III.
1366 5340 1556 5405 Octavo
1592 5357 1757 5403 autem
1787 5340 1922 5402 anno
1970 5349 2170 5404 iuventa

578 5423 652 5469 est
676 5413 1069 5492 lenquatisin
1092 5417 1340 5492 principio
1366 5420 1815 5492 inﬁrmumeann
1852 5419 1963 5473 εαξη
2002 5424 2168 5492 fuerat

574 5482 888 5562 positaVIII
924 5486 1028 5562 κει.
1079 5482 1194 5562 ᾀρν.
1238 5482 1307 5562 IV
1349 5482 1496 5562 ferio.
1556 5491 1630 5546 De
1673 5493 1867 5559 quibus
1896 5492 1972 5544 sic
2001 5482 2168 5546 aduo-

573 5556 654 5611 tat
677 5556 891 5611 Culmus
916 5577 929 5613 :
951 5556 1360 5631 Posthreceniut'
1381 5564 1550 5617 omnia
1577 5556 1785 5617 breviter
1814 5563 2000 5624 dicunt,
2033 5563 2167 5631 quod

577 5644 867 5704 numquam
877 5634 1068 5700 factum
1089 5642 1161 5704 est
1183 5629 1382 5704 [frure/ta
1404 5635 1544 5704 apud
1566 5632 1776 5688 Judwos
1796 5645 1913 5689 ante
1942 5629 2163 5690 Xllvkal.

574 5700 973 5778 aprLQucetuna
998 5702 1190 5778 nata.
1210 5701 1415 5778 VII_I_irt.
1440 5700 1622 5766 'mart”
1652 5706 1769 5761 XIV
1791 5717 1864 5761 est
1893 5707 1945 5759 in
1973 5704 2041 5778 XI
2066 5704 2165 5778 (Ie-

572 5784 652 5849 εει,
676 5769 791 5849 XII,
823 5771 929 5849 kal.
961 5788 1081 5849 αρνἶ
1107 5772 1268 5849 ()bs._
1293 5773 1418 5849 ch
1464 5792 1529 5831 ex
1578 5778 1949 5849 disputatione
1969 5769 2165 5849 Marini

569 5842 791 5907 episcopi
846 5842 1184 5898 Alexandrini
1232 5843 1296 5899 de
1339 5843 1558 5902 Ratione
1597 5842 1859 5918 Poscltali.
1918 5846 2049 5913 Quis
2094 5849 2163 5903 sit

2264 5774 2390 5852 luna
2422 5793 2437 5852 ς
2464 5776 2608 5850 quod
2648 5777 2813 5833 vicies
2846 5785 2905 5852 et
2947 5774 3136 5852 quater
3188 5774 3459 5852 sumptum

2274 4935 2394 4981 cum
2423 4924 2686 4988 semisse;
2720 4937 2769 4979 et
2818 4924 3177 4977 Romanorum
3229 4927 3447 4983 mensis,
3479 4921 3692 4977 dierum
3731 4922 3898 4980 XXX

2272 5006 2393 5063 cum
2449 4995 2700 5058 semisse,
2751 4994 2896 5048 fere:
2924 5006 2979 5047 ut
3018 4992 3300 5063 legendum
3332 4995 3399 5047 sit
3424 4991 3599 5063 XXIX
3626 4994 3693 5057 S,
3755 4996 3899 5054 item

2277 5062 2425 5136 XXX
2454 5065 2493 5120 S
2521 5082 2533 5129 ;
2565 5076 2618 5119 et
2642 5080 2764 5120 mox
2794 5065 2932 5136 Ergo
2954 5065 3084 5118 inter
3102 5062 3339 5136 XXIXﬁS
3363 5074 3411 5119 et
3428 5062 3593 5136 XXX
3617 5066 3682 5132 S,
3715 5076 3842 5122 etc.

2348 5134 2508 5191 Hora:
2548 5136 2621 5209 XI
2674 5147 2719 5190 et
2740 5134 2920 5207 quarta
2959 5136 3116 5209 Itone.
3164 5135 3255 5190 W.
3284 5134 3401 5209 Non
3427 5134 3529 5189 hoc
3560 5136 3900 5209 intelligen-

2273 5204 2399 5260 dmn
2427 5215 2509 5262 est
2529 5208 2596 5262 de
2638 5204 2973 5263 incremento
3003 5206 3163 5261 totius
3202 5206 3402 5261 mensis
3428 5223 3442 5269 ;
3469 5221 3594 5260 nam
3628 5204 3799 5263 horia
3824 5210 3900 5267 XI

2273 5290 2394 5333 cum
2445 5279 2766 5349 quadrante,
2825 5278 2922 5347 pro
2966 5293 3189 5349 numero
3242 5279 3538 5349 mensium,
3576 5277 3903 5337 duodecies

2273 5348 2637 5420 sumpt:i:‘nun
2677 5350 2961 5406 conficient
2985 5348 3206 5403 totidem
3235 5348 3387 5413 dies;
3418 5348 3512 5402 sed
3565 5364 3665 5419 pro
3701 5351 3901 5411 incre-

2272 5431 2454 5475 mento
2501 5421 2698 5477 mensis
2740 5421 2965 5487 dimidii,
3022 5429 3280 5489 quantum
3322 5421 3586 5489 acreverit
3618 5421 3694 5475 al)
3727 5424 3903 5481 initio

2276 5490 2481 5561 mensis
2502 5491 2568 5547 ad
2608 5492 2953 5559 plenilunium
2981 5509 2996 5556 ;
3029 5488 3224 5560 nempe
3264 5491 3447 5561 utjam
3482 5488 3537 5545 in
3569 5490 3905 5560 plenilunio

2272 5557 2513 5637 (peracto
2542 5557 2997 5637 meusedimidio)
3035 5557 3362 5637 tantumdem
3406 5563 3486 5618 sol
3513 5557 3900 5637 processerit,

2268 5647 2378 5707 seu,
2398 5635 2541 5707 prior
2566 5635 2937 5707 ambulaverit,
2968 5634 3069 5707 hoc
3090 5643 3191 5700 est,
3220 5635 3339 5704 plus
3368 5635 3629 5707 temporis
3652 5634 3901 5707 impert;

2267 5703 2474 5777 deritin
2497 5720 2601 5777 suo
2635 5720 2820 5762 mense
2858 5705 3081 5761 dimidio
3110 5703 3466 5777 peragrando,
3498 5720 3663 5777 quam
3696 5703 3769 5765 in
3792 5728 3905 5772 suo

3551 5786 3630 5831 tot
3687 5784 3902 5842 utique

2267 5804 2390 5852 tuum
2423 5804 2433 5829 ;
2464 5804 2608 5850 quuu
2651 5804 2813 5833 Υιυιυδ
2850 5804 2905 5832 CI.
2947 5804 3136 5847 quater
3188 5804 3459 5844 sumpt.qu
3513 5804 3630 5848 μυι
3688 5804 3900 5852 utrque

2267 5855 2392 5905 sunt
2425 5849 2479 5906 in
2537 5863 2680 5906 anno
2725 5848 3100 5919 semimenses)
3130 5848 3379 5906 conﬁciet
3427 5847 3654 5906 totidem
3718 5853 3900 5923 dies;
