2095 3133
158 147 215 178 949

884 151 1078 180 COMPUTUS.

1760 157 1814 184 950

160 207 268 235 inventa
290 212 330 235 cst
344 207 400 242 XV,
417 207 437 236 V
449 207 502 235 kal.
524 215 595 244 apr.,
607 209 692 244 qualis
708 209 734 237 in
755 209 885 245 principio
900 209 957 237 iue—
970 210 997 240 Α
1010 214 1024 227 ι
1036 208 1081 236 XII
1097 209 1150 236 kal.
1166 217 1223 245 apr.
1239 210 1272 237 III
1287 210 1362 238 feria.
1375 211 1468 239 Tertio
1483 216 1573 240 autem
1590 220 1659 240 anno
1673 219 1687 237 γ
1704 221 1756 242 non
1772 223 1814 243 re—

161 257 202 281 rat
224 253 302 281 facta.

197 300 252 327 Hac
276 300 365 334 itaque
390 305 401 319 ι
422 302 525 329 ratione
550 309 602 329 non
632 309 679 329 sua
712 302 759 330 sed
781 303 827 330 Dei
848 302 955 338 sapien-

160 346 196 373 tia
217 346 348 380 inStrneti,
371 346 384 365 ιι
414 347 518 375 IIebrtei
551 349 620 376 circa
642 356 749 376 cursum
782 355 793 368 ε
823 350 954 383 lunarem,

160 390 173 410 δ
187 391 263 425 juxta
276 393 396 427 regulam
411 394 525 428 primam
538 393 704 427 Graecorum,
728 402 802 422 more
818 395 957 431 Egyptio-

126 435 128 437 ’
159 446 229 471 rum,
254 443 279 465 et
296 446 348 465 non
363 439 509 467 secundum
527 444 632 475 epactas
654 441 772 475 lunares,
787 449 839 469 neu
864 446 957 476 potuc—

158 489 220 513 runt
239 491 250 503 ο
275 493 376 513 errare.
391 486 424 513 Et
446 486 506 514 ideo
519 507 526 520 ,
541 487 647 522 quando
662 487 775 522 primum
788 488 814 515 in
828 488 955 523 Egypto,

159 531 246 566 pridie
274 531 283 549 ί
302 531 391 559 iduum
410 532 573 567 apriliarum,
598 533 714 561 secunda
743 533 818 567 feria,
842 534 900 562 XIV
914 535 954 561 Iu-

157 584 201 610 na,
231 577 437 606 immolaverunt
468 579 731 615 Pascha;suppieto
765 581 851 615 primo
874 589 955 615 anno,

158 628 171 647 ε
200 624 295 650 iterum
322 632 374 651 non
401 630 544 660 potuerunt
562 625 577 644 λι
598 625 619 653 Il
647 626 684 653 id.
721 633 777 661 apr.
818 627 956 655 celebrare

156 668 270 703 Pascha,
295 669 300 687 ί
328 671 453 705 quoniam
480 679 531 698 non
549 672 556 696 ἑ
577 671 662 705 XIVa,
676 673 722 699 sed
738 672 827 700 XXVa
845 672 857 691 ¹ί
872 673 906 701 ab
917 674 956 702 eis

156 715 262 743 inventa
276 719 317 743 est
332 716 404 744 luna.
424 716 432 735 1
458 717 548 752 Itaque
561 722 711 752 quaerentes
724 722 745 737 ιη
760 719 829 751 XIV,
846 727 956 748 necesse

156 761 289 790 habebant
302 767 315 780 ιλ
328 762 456 790 immissis
469 769 481 780 υ
496 763 579 791 XVIII
591 764 686 792 diebus
704 770 716 789 r
730 765 751 792 II
762 765 799 792 kl.
823 766 885 793 tnaii
913 766 955 793 in-

157 809 250 836 venire
266 809 324 836 XIV
336 815 349 834 ιῐ
365 809 465 837 lunam.
491 810 556 844 Sed,
571 818 606 839 ne
634 811 753 839 secundo
775 820 867 839 mense
891 813 955 840 inci—

155 860 250 889 perent
276 862 357 889 agere
381 855 494 889 Pascha,
520 861 531 875 τ
547 862 573 884 et
589 865 641 884 non
669 858 755 892 primo
781 866 884 892 mense,
911 860 955 895 qui

1009 260 1124 282 trorsum
1141 261 1342 291 computantes,
1369 265 1402 284 ne
1424 257 1587 285 excederent
1601 258 1659 287 XVI
1671 259 1725 286 kal.
1740 268 1812 296 apr.,

1008 304 1052 338 qui
1079 307 1120 330 est
1133 303 1190 331 dies
1211 305 1311 338 primus
1328 305 1428 332 mensis
1454 306 1544 340 primi,
1568 310 1578 323 π
1596 306 1660 333 etin
1690 315 1811 335 mensem

1009 349 1056 376 XII
1072 350 1198 384 prseteriti
1214 351 1275 377 anni
1287 350 1446 383 inciderent,
1470 351 1549 378 aliter
1571 357 1805 386 cumpntavernnt.

1008 395 1057 422 Hic
1069 396 1139 423 enim
1154 395 1203 422 fuit
1216 403 1311 429 annus,
1327 396 1353 423 in
1369 404 1421 431 quo
1436 404 1488 423 tton
1503 401 1531 414 ἰδ
1543 396 1613 429 XIX,
1629 397 1675 425 sed
1695 398 1810 426 deducto

1009 449 1082 475 uno,
1098 441 1126 460 Μ’
1141 442 1226 469 XVIII
1253 442 1310 469 dies
1325 449 1372 469 eos
1398 442 1543 470 immittere
1571 444 1720 478 oportebat.
1748 445 1813 479 Quis

1008 492 1096 514 autem
1112 488 1154 515 hic
1170 496 1238 515 untts
1254 494 1281 507 εε
1297 488 1332 516 de
1346 487 1406 515 XIX
1421 489 1465 523 qui
1490 488 1632 516 deducitur
1654 490 1722 523 dies,
1743 491 1817 519 dicc—

1007 542 1067 562 mus
1078 543 1125 569 per
1141 535 1185 562 Dei
1197 535 1320 570 gratiam.
1339 534 1428 561 Primo
1442 534 1514 561 enim
1528 533 1556 553 ι¹ι¹
1580 539 1710 569 tempore,
1727 545 1815 571 quan~

1007 582 1043 609 do
1058 582 1083 609 in
1108 582 1225 618 Algypto
1239 582 1379 609 observata
1395 585 1436 609 est
1457 581 1570 614 Pascha,
1600 582 1649 608 I'uit
1662 583 1720 617 ipso
1740 591 1812 610 anno

1007 628 1145 662 debitum,
1175 629 1331 663 quadrans:
1349 628 1437 663 primo
1461 635 1531 655 anno
1547 632 1685 663 sequente,
1713 628 1811 657 factum

1008 680 1049 702 est
1072 676 1172 702 semis:
1191 675 1309 703 secundo
1332 683 1403 702 anno
1427 675 1543 710 adjecto,
1573 674 1671 702 factum
1701 681 1743 703 est
1763 675 1812 704 do-

1008 721 1110 749 drans:
1127 722 1205 749 tcrtio
1238 726 1327 749 autem
1359 729 1429 748 anno
1461 721 1560 749 factum
1585 726 1627 749 est
1648 729 1677 749 as
1695 729 1701 749 :
1718 723 1814 751 tertius

1007 769 1087 803 igitur
1100 776 1185 795 annus
1199 769 1224 795 in
1239 768 1347 801 Pinace,
1371 768 1397 795 in
1411 775 1464 802 quo
1486 773 1514 786 ου
1541 768 1621 795 modo
1639 768 1773 796 bissextus
1787 775 1814 797 et

1008 815 1183 842 embolismus
1212 815 1356 842 invenitur.
1386 814 1414 841 In
1440 822 1494 849 quo
1517 822 1587 842 anno
1611 815 1714 842 Pascha
1729 836 1736 847 ,
1754 815 1811 844 XIV

1007 862 1080 895 luna,
1108 861 1142 889 VI
1167 861 1203 889 id.
1228 869 1286 897 apr.
1310 865 1336 889 et
1359 861 1380 888 II
1404 861 1469 888 feria
1499 861 1522 880 Η
1538 861 1623 889 fuisse
1650 862 1811 891 ostenditur.

155 905 226 929 esta
242 906 251 920 ³
269 901 328 929 XVI
342 901 379 928 kl.
407 903 484 937 april.
502 910 585 938 usque
607 904 632 931 in
657 904 728 932 XVII
753 904 791 932 kl.
808 906 902 938 maias,
921 906 955 933 de
971 909 1108 946 BQttarto
1136 915 1220 940 anno,
1261 907 1412 939 communi,
1439 907 1459 934 V
1485 906 1540 934 kal.
1568 907 1645 942 april.
1673 906 1739 935 feria
1766 908 1809 935 \‘I.

156 948 229 975 XXV
253 949 347 976 diebus
373 949 444 976 luna:
475 951 482 967 ί
515 955 662 978 retrorsum
700 955 896 986 computantes,
924 952 951 979 id

155 999 196 1022 est
219 994 252 1021 XI
276 995 333 1022 dies
357 995 440 1030 ipsius
466 996 535 1023 lunae
578 996 750 1030 deducentes,
783 998 951 1032 invenerunt,

154 1044 169 1058 υ
183 1039 241 1067 XIV
254 1040 315 1067 luna
330 1045 359 1068 et
373 1046 447 1068 sexta
466 1041 541 1074 feria,
557 1047 570 1060 τ
591 1041 627 1069 kl.
643 1050 713 1079 apr.,
732 1043 776 1078 qui
806 1043 854 1070 fuit
868 1051 954 1071 annus

155 1087 304 1115 communis
320 1091 347 1116 et
364 1087 476 1123 primus.
491 1087 614 1117 Secundo
630 1096 700 1117 anno
722 1089 785 1117 item
806 1091 951 1125 communi,

1004 955 1069 982 Item
1085 953 1177 989 quinto
1203 960 1273 980 anno
1299 952 1446 984 communi,
1464 957 1491 975 88
1507 951 1563 979 XIV
1580 953 1651 985 luna,
1673 952 1732 980 XVI
1755 953 1809 981 kal.

1005 999 1035 1019 ιλιι
1050 1000 1127 1035 april.
1146 1000 1211 1028 feria
1227 999 1270 1026 III.
1287 998 1309 1017 ίί
1326 999 1408 1026 Sexto
1433 1005 1515 1031 anno,
1531 998 1717 1031 embolismns,
1744 1007 1807 1026 non.

1006 1046 1083 1081 april.
1100 1046 1163 1073 feria
1177 1045 1208 1073 II.
1232 1045 1352 1080 Septimo
1376 1051 1456 1074 anno.
1476 1044 1498 1069 ii
1520 1043 1631 1071 bissext.
1648 1043 1676 1062 ιιι
1699 1044 1734 1073 IX
1756 1044 1810 1072 kal.

1006 1100 1064 1128 apr.
1094 1092 1160 1120 feria
1183 1092 1229 1120 VI.
1267 1091 1369 1120 Octavo
1408 1098 1479 1118 anno
1506 1090 1697 1124 embolismus,
1722 1092 1811 1127 pridie

762 1148 955 1179 LECTIONES
979 1151 1081 1179 VARIA
1087 1150 1184 1179 NTES.

186 1191 200 1207 ⁸
214 1192 242 1216 c.
254 1192 325 1219 facta.

186 1221 201 1240 1|
215 1223 233 1240 [ἶ
254 1223 319 1240 donet
330 1223 429 1240 "niam:

187 1223 201 1240 ι’
215 1223 241 1247 C.
254 1223 319 1248 deest
330 1223 440 1249 Hebmi.

187 1254 198 1268 ο
211 1256 241 1278 R.
256 1254 329 1279 lume.

410 1286 635 1325 regplam‘primam
645 1286 791 1319 Grecorum,
804 1294 873 1314 tuore
884 1289 953 1322 Egy-

155 1318 252 1350 tiorum,
266 1321 293 1341 et
304 1323 352 1341 non
368 1319 504 1343 secundum
515 1318 618 1350 Epactas
629 1318 736 1343 lunares.

190 1349 201 1362 ⁸
216 1348 244 1372 C.
258 1354 365 1373 errasse.

189 1377 199 1396 ἲ
218 1381 247 1404 II.
261 1379 314 1404 idus
326 1379 384 1410 Apr.

187 1411 200 1430 Β
212 1412 241 1435 R.
256 1416 349 1435 eorum.

186 1429 201 1476 ξι
212 1429 242 1468 iii
257 1429 403 1473 ἕὲἅίὲἰαυε
413 1442 472 1473 Apr.

189 1478 197 1491 ι
215 1473 242 1498 C.
258 1479 316 1498 uno.

189 1479 197 1528 Ξ
334 1504 437 1529 decima.

187 1535 201 1585 ἴ
215 1536 361 1591 gitimam
376 1540 414 1560 est
427 1536 458 1560 ab
470 1536 516 1561 eis.

237 1585 242 1589 .
256 1574 261 1590 I
275 1574 298 1590 Ii.

185 1598 205 1611 m
217 1599 245 1623 Β.
266 1597 455 1622 XIVdecimam.

187 1629 200 1642 ¹¹
219 1630 245 1653 C.
256 1629 322 1654 deest
332 1630 452 1653 immissis.

188 1660 199 1672 ⁰
214 1660 241 1684 C.
254 1663 319 1684 recte
329 1659 417 1684 XVIII.
429 1662 458 1685 Β.
473 1659 535 1684 XIX.

187 1691 201 1711 Ρ
215 1691 239 1715 C.
256 1691 289 1715 III
299 1690 346 1715 kal.
360 1692 424 1720 maii,
438 1693 467 1716 It.
481 1691 559 1722 pridie
572 1691 605 1715 kl.
618 1692 700 1715 maias.

187 1723 200 1743 (ἰ
218 1724 247 1748 R.
258 1723 325 1747 deest
336 1721 427 1747 lunam.
482 1721 487 1722 ⁷

189 1754 199 1767 τ
215 1753 365 1790 C..de‘est'et_
376 1760 424 1790 rion
437 1754 513 1790 primo
524 1759 632 1790 mense,“
641 1754 682 1790 q_ui
696 1756 734 1790 est
752 1759 766 1778 a
786 1753 840 1779 XVI
852 1753 885 1779 kl.
899 1761 951 1786 apr.

156 1791 234 1840 usqu;
247 1783 347 1839 iQIIIIIVIl
359 1784 391 1809 kl.
405 1785 479 1809 maias
490 1785 521 1809 de
534 1783 597 1809 XXV
609 1784 697 1809 diebus
709 1785 781 1810 Iunie.

189 1845 198 1862 ¹
255 1835 446 1872 scd-retrorsum
460 1846 533 1879 (lege,
553 1853 601 1871 non
623 1849 770 1878 antrorsnm,
796 1847 839 1873 sed
855 1851 951 1873 retror-

155 1884 208 1923 εἰπέ]
267 1907 321 1935 XIV
333 1908 388 1934 dec.

1037 1198 1050 1211 ν
1061 1199 1090 1222 R.
1105 1197 1166 1227 ipsis
1184 1196 1218 1221 kl.

1036 1229 1049 1243 "
1062 1231 1092 1254 R.
1106 1228 1147 1252 XI.
1160 1228 1197 1253 kl.

1038 1260 1052 1293 ξ
1067 1260 1094 1293 ᾳ
1107 1259 1192 1293 Tertio
1204 1261 1288 1293 autem
1301 1264 1373 1288 anno,
1387 1257 1525 1293 in_Pi.nac_e,
1539 1259 1563 1283 in
1575 1264 1624 1289 quo
1635 1259 1772 1293 bisseittum
1785 1264 1813 1285 et

1004 1291 1163 1346 (imbutismus
1180 1290 1305 1315 invenitur
1318 1292 1363 1315 etc.
1374 1288 1470 1315 omissis
1479 1288 1570 1322 aliquot
1581 1288 1689 1315 renibus
1701 1288 1813 1316 interme-

1007 1330 1016 1346 (
1027 1329 1066 1346 na.

1007 1329 1066 1347 (HIS.

1040 1353 1101 1407 :aﬂh
1109 1353 1268 1407 extlliphingnsc
1280 1351 1324 1377 XII
1336 1352 1391 1376 dec.
1402 1352 1520 1382 praeteriti
1530 1352 1586 1377 anni
1605 1352 1733 1377 inciderat.

1040 1384 1069 1397 ³³
1084 1385 1110 1408 R.
1124 1390 1189 1408 nono
1202 1384 1231 1407 Χ.

1040 1414 1068 1432 Μ)
1079 1417 1106 1439 R.
1121 1414 1247 1440 XIXot-to.

1039 1447 1064 1460 τε
1080 1448 1108 1470 1t.
1120 1445 1173 1470 XIX
1183 1453 1243 1469 nove
1256 1446 1313 1476 quid
1326 1445 1462 1468 deducitur.

1038 1478 1068 1495 (ιιι
1086 1477 1169 1502 II".sic
1178 1476 1275 1508 supplt-o
1288 1476 1351 1508 quod
1370 1481 1482 1508 nucleum
1498 1478 1532 1500 est
1554 1475 1579 1500 in
1599 1478 1630 1508 rlt.
1645 1476 1725 1508 Primo
1747 1477 1813 1508 enim

1007 1512 1118 1539 lctnport'
1138 1506 1234 1540 quando
1247 1509 1268 1531 itt
1282 1507 1382 1540 .Iﬁgyptn
1395 1506 1526 1540 elisi-ritate!
1546 1511 1584 1530 est
1597 1507 1689 1530 Pascha
1701 1506 1746 1530 fuit
1760 1506 1811 1536 ipso

1005 1536 1068 1563 anno
1077 1536 1197 1564 dt‘liililill.
1211 1536 1396 1562 Secundoanno
1409 1537 1504 1566 adjecto
1515 1536 1603 1561 factum
1615 1541 1661 1564 est,
1676 1541 1811 1567 qttartoan-

1005 1573 1053 1593 tem
1074 1572 1231 1595 annufat-tutn
1246 1574 1283 1593 cst
1294 1576 1320 1593 as
1337 1569 1344 1599 (
1359 1567 1526 1593 ereti/entisz
1536 1567 1598 1593 inter
1612 1569 1658 1592 alia
1672 1568 1733 1593 nolis
1751 1574 1810 1598 quu-

1003 1600 1107 1630 tlrtmtis,
1122 1601 1234 1629 semissis,
1245 1605 1266 1625 et
1279 1598 1424 1628 dodrantis).
1439 1599 1537 1624 Tertius
1549 1603 1588 1625 est
1608 1600 1684 1629 igitur
1700 1605 1777 1624 annus
1787 1600 1811 1623 in

1007 1632 1112 1665 Pinaxe,
1125 1634 1149 1665 in
1161 1640 1219 1665 quo,
1232 1636 1279 1656 etc.
1332 1635 1348 1665 ς

1040 1664 1067 1678 υε
1085 1664 1112 1693 C,
1125 1662 1276 1693 Bissextum,
1286 1666 1308 1688 et
1320 1662 1385 1688 deest
1398 1663 1476 1689 modo.

1040 1693 1065 1712 Η
1078 1695 1105 1718 C.
1118 1695 1184 1721 deest
1192 1695 1277 1719 fuisse.

1039 1726 1067 1745 38
1080 1727 1108 1750 Η.
1121 1725 1187 1751 deest
1199 1725 1253 1750 XIV
1266 1725 1333 1749 luna.

1037 1755 1069 1774 hh
1087 1757 1114 1781 C.
1128 1756 1195 1782 deest
1205 1756 1285 1788 April.

1039 1788 1063 1806 ii
1079 1788 1106 1812 C.
1122 1787 1189 1813 deest
1205 1784 1277 1812 sexto
1289 1794 1362 1818 anno,
1377 1787 1544 1815 embolismus,
1551 1792 1615 1818 pen.
1636 1792 1686 1817 apr.
1701 1784 1764 1809 feria
1777 1784 1808 1810 II.

1002 1818 1114 1874 Septimo
1126 1826 1198 1855 anno,
1208 1819 1311 1843 bissext.
1323 1816 1358 1843 [X’
1367 1819 1400 1842 kl.
1410 1825 1463 1855 apr.
1475 1818 1539 1844 feria
1550 1816 1593 1844 VI.

1055 1852 1061 1874 t
1077 1851 1105 1874 Η.
1123 1849 1264 1874 Btssextum
1276 1849 1320 1873 sed
1332 1856 1463 1874 communi.

1055 1852 1061 1874 I
1077 1851 1105 1875 Η.
1123 1849 1264 1874 Bissextum
1276 1849 1320 1873 sed
1332 1851 1463 1874 communi.

1036 1881 1065 1900 [τί
1077 1882 1107 1906 Η.
1120 1880 1268 1905 Embolismo
1279 1880 1302 1904 II
1311 1880 1343 1904 id.

736 1962 875 1995 IIENRICI
896 1963 1078 1992 DODWELLI
1096 1963 1213 1992 NOTAE.

155 2015 252 2044 nempe
266 2009 324 2037 dies
337 2007 372 2036 XI
395 2016 455 2037 cum
479 2009 636 2044 quadrante,
657 2014 758 2044 quanto
780 2009 883 2037 scilicet
909 2017 953 2037 so—

156 2044 220 2071 laris
232 2053 319 2073 annus
351 2049 459 2080 superat
479 2045 610 2080 lunarem,

191 2080 263 2109 Circa
286 2079 391 2108 cursum?
406 2081 530 2107 lunarem.
558 2079 590 2107 (ἱ.
604 2079 722 2108 Observa
753 2079 832 2114 igitur
851 2088 953 2107 cursum

156 2115 281 2152 ligarem,
294 2117 372 2151 juxta
410 2117 525 2152 regulam
551 2117 657 2151 primum
687 2116 849 2149 Grtecorum,
884 2124 954 2144 more

156 2150 339 2185 Egyptiorum
353 2157 376 2178 et
389 2150 446 2178 nonr
454 2152 591 2178 secundum
607 2156 715 2186 epactas.

193 2186 317 2213 litantissis
338 2187 418 2214 XVIII
432 2187 528 2219 diebus,
548 2187 568 2214 II
592 2187 644 2214 Ital.
659 2187 728 2213 nmii.
747 2185 791 2212 W.
813 2185 900 2214 Codex
915 2187 949 2214 R.

156 2221 238 2249 habet
265 2221 369 2253 XVIIII,
392 2223 452 2249 ideo
472 2224 539 2250 torte
564 2224 623 2257 quia
647 2222 747 2249 mensis
769 2221 951 2249 embolimtrns

155 2257 259 2293 dierum
275 2257 350 2284 XXX
374 2258 442 2285 solet
468 2266 538 2289 esse,
553 2258 673 2293 adeoque
690 2265 811 2292 prorsutn
828 2258 950 2285 sumendi

156 2293 215 2320 dies
230 2292 305 2324 XIX;
322 2293 368 2320 sed
381 2301 431 2320 non
448 2293 481 2321 ita
497 2294 598 2328 primus
608 2292 707 2320 mensis
720 2294 779 2319 novi
794 2293 866 2324 anni,
880 2294 950 2326 quod

157 2329 266 2355 librario
279 2330 345 2356 torte
360 2330 385 2356 in
396 2337 474 2356 causa
491 2329 569 2357 fuerit
583 2337 630 2356 cur
644 2329 738 2356 XVIIII
754 2337 800 2362 pro
818 2328 899 2356 XVIII
910 2329 951 2355 hic

1006 2010 1086 2046 apr:)
1119 2015 1257 2038 retrorsum
1279 2014 1467 2046 computandas,
1497 2010 1525 2037 id
1549 2014 1586 2046 est
1603 2009 1736 2046 undecimi
1757 2009 1810 2046 dies

1005 2044 1086 2081 ipsius
1101 2047 1168 2073 luna:
1181 2044 1343 2078 deducentes,
1364 2048 1511 2073 invenerunt
1523 2045 1581 2072 XIV
1589 2045 1644 2072 dec.
1661 2044 1737 2080 (illud
1752 2045 1807 2071 der.

1005 2082 1154 2118 redundat)
1174 2087 1197 2109 et
1209 2087 1280 2109 sexta
1294 2083 1369 2118 feria,
1385 2082 1446 2118 ipsis
1462 2081 1514 2108 kal.
1534 2081 1811 2118 apr._Qt_t_:n_conslar_e

1004 2125 1057 2145 non
1073 2115 1193 2153 possunt;
1208 2125 1269 2144 nam
1284 2115 1298 2144 a
1323 2118 1379 2145 XIII
1394 2115 1447 2144 kal.
1462 2125 1521 2153 apr.
1536 2117 1569 2144 ad
1583 2116 1653 2143 XVII
1675 2115 1734 2153 kal.
1746 2116 1810 2153 maii

1004 2161 1057 2180 non
1071 2150 1142 2189 sunt
1154 2156 1201 2188 (ne
1213 2154 1320 2189 quidem
1335 2150 1579 2189 inclusisruirisqttc
1592 2150 1739 2189 cyremis)
1757 2151 1809 2177 nisi

1003 2189 1061 2227 dies
1072 2180 1162 2227 XVII.‘
1176 2180 1229 2217 Sed
1240 2180 1350 2216 omnino
1365 2188 1511 2227 legendum
1523 2180 1563 2214 est
1579 2195 1594 2213 a
1610 2180 1672 2227 XVI.
1682 2180 1734 2212 kal:
1749 2194 1808 2227 apr.

1039 2224 1129 2251 Primo
1154 2226 1220 2251 enim
1242 2230 1362 2259 tempore.
1389 2220 1488 2250 Locum
1505 2223 1586 2254 ltttnc,
1609 2220 1693 2256 quiin
1714 2220 1809 2248 codice

1002 2259 1032 2287 C.
1061 2260 1137 2294 plane
1160 2261 1246 2291 deest,
1263 2260 1289 2286 in
1315 2260 1348 2286 Β.
1370 2266 1481 2296 mancus
1498 2263 1559 2289 est;
1578 2262 1726 2296 utcumque
1744 2263 1808 2290 sup-

1023 2291 1083 2322 lev'i.
1107 2296 1208 2323 Sensus
1225 2296 1267 2322 hic
1291 2300 1332 2322 est
1349 2305 1355 2322 :
1372 2294 1439 2321 Cum
1470 2299 1556 2320 annus
1584 2291 1679 2319 solaris
1702 2291 1807 2318 dierum

1005 2326 1069 2362 365,
1093 2339 1153 2358 cum
1168 2331 1328 2365 quadrante,
1356 2333 1465 2364 superet
1487 2334 1656 2365 communem
1672 2326 1807 2365 iuuarent

155 2368 277 2399 poneret,
292 2369 323 2400 rut
343 2365 403 2391 alibi
427 2365 481 2400 ﬁeri
496 2366 564 2392 sitiet
576 2365 617 2392 ubi
632 2369 673 2391 est
691 2361 865 2400 embolisinns
881 2373 886 2390 :
903 2364 950 2391 sed
964 2371 991 2400 D
1005 2366 1107 2393 dierum
1130 2361 1193 2398 354',
1219 2361 1369 2393 diebus“
1390 2361 1454 2391 cum
1478 2364 1628 2399 quadrante
1643 2371 1651 2400 ἱ
1672 2362 1697 2389 in
1725 2361 1808 2400 stilari

156 2400 266 2426 munitio
291 2399 430 2433 legentium
451 2399 542 2432 XVIII,
558 2408 617 2426 cum
644 2400 736 2427 codice
750 2400 779 2427 C.
805 2398 871 2426 Nam
895 2400 952 2426 dies

158 2434 228 2467 XIX,
246 2440 305 2469 post
319 2436 403 2469 pridte
423 2436 459 2462 id.
475 2436 553 2469 april.
571 2436 682 2462 immissi
696 2435 882 2465 extenderent,
899 2443 951 2462 non

156 2471 189 2497 ad
214 2470 281 2504 prid.
305 2471 372 2504 ka|.,
397 2471 444 2499 sed
466 2470 498 2498 ad
525 2471 595 2506 ipsas
606 2471 660 2497 kal.
675 2471 753 2504 maii,
774 2470 953 2506 quodﬁitaque

156 2506 370 2533 substilttendutn
388 2507 431 2534 hic
445 2508 507 2539 erit,
531 2507 552 2533 si
578 2507 629 2533 illic
642 2507 788 2533 retineatur
810 2505 879 2532 XIX.
908 2506 951 2532 Si—

157 2541 257 2569 militer
272 2548 333 2568 cum
352 2542 438 2569 codex
455 2541 483 2569 C.
501 2542 626 2570 immissis
647 2542 741 2569 diebus
757 2541 849 2573 X\III,
872 2541 953 2569 habet

156 2576 187 2603 Ill
200 2576 252 2604 kal.
269 2578 341 2609 maii,
357 2577 497 2612 legendum
518 2577 538 2604 II
554 2577 611 2612 kal.
633 2578 674 2604 vel
691 2577 786 2611 pridie.
802 2577 856 2603 kal.

193 2613 246 2639 Sed
263 2621 294 2639 ne
307 2613 418 2640 secundo
432 2621 525 2640 mense.
540 2612 584 2639 W.
599 2611 689 2640 Codex
703 2612 732 2639 (ἰ.
749 2612 837 2644 habet,
855 2612 908 2640 Sed
921 2621 951 2639 ne

157 2649 266 2675 saritudo
282 2656 366 2675 mense
379 2649 516 2684 inciperent
540 2656 614 2683 agere
637 2648 737 2675 I’asc/to
752 2647 883 2684 (suppleo
901 2657 951 2674 non

157 2684 314 2718 (introrsum)
328 2685 372 2710 sed
383 2691 518 2712 retrorsum
528 2689 710 2716 computantes,
724 2683 750 2709 id
761 2688 796 2710 est
809 2683 861 2709 dies
872 2683 953 2717 ipsius

158 2719 225 2746 qua-
232 2719 392 2752 dedueeutes,
405 2718 619 2747 inveneruntle
627 2719 686 2746 luna
700 2724 722 2745 et
733 2725 804 2745 serta
814 2719 877 2752 feria
899 2718 950 2746 ΙίιιΙ.

158 2763 215 2787 apr.
243 2755 307 2788 Qua:
330 2756 394 2782 satis
418 2757 487 2782 clara
518 2760 589 2785 sunt,
606 2759 634 2781 et
649 2759 776 2789 quantntn
792 2754 863 2780 dictu
880 2754 954 2781 snl'ti-

158 2792 203 2817 cit.
234 2791 286 2817 Sed
305 2791 388 2818 codex
405 2791 436 2817 II.
453 2791 656 2824 inlerpoiationc
669 2790 735 2816 forte
750 2789 828 2820 farta,
845 2797 900 2816 rem
914 2790 952 2815 I'u-

158 2827 224 2857 sius.
241 2827 278 2853 sic
292 2826 371 2853 habet
389 2836 394 2853 :
408 2827 460 2853 Sed
475 2835 505 2853 ne
517 2826 626 2852 secundo
639 2833 722 2851 mense
729 2826 868 2859 inciperent
879 2833 952 2859 agere

159 2861 272 2892 Prisc/ul,
284 2867 306 2888 et
318 2870 367 2888 non
379 2863 461 2896 primo
480 2870 574 2892 mense,
584 2861 626 2896 qui
646 2865 682 2887 est
694 2869 709 2887 ιι
721 2857 778 2887 XIII
790 2860 841 2888 kal.
859 2857 948 2892 inditis,

160 2897 191 2924 de
204 2897 276 2925 XXV
293 2895 383 2924 diebus
404 2898 472 2925 tumo
485 2898 567 2933 (quot
588 2895 684 2931 nempe
713 2895 806 2923 habuit
822 2896 891 2931 prid.
912 2897 948 2924 id.

1005 2402 1091 2436 pritno
1103 2396 1250 2434 communi,
1276 2401 1380 2428 dierum
1394 2400 1457 2431 565,
1485 2396 1561 2436 deest
1583 2396 1785 2436 quadransdiei
1799 2405 1807 2428 ;

1004 2433 1075 2464 anno
1089 2437 1219 2469 secundo,
1235 2433 1343 2471 propter
1363 2436 1478 2462 similem
1496 2433 1743 2471 tlefectum,_deerit
1760 2439 1805 2459 se-

1005 2473 1111 2505 missis;
1129 2473 1154 2499 in
1170 2468 1258 2504 tertio,
1274 2468 1408 2509 dodrans;
1423 2470 1478 2505 qui,
1499 2477 1566 2509 cum_
1576 2469 1658 2496 simili
1673 2468 1807 2509 quadran-

1005 2512 1040 2540 tc,
1056 2508 1081 2534 in
1096 2515 1166 2535 anno
1185 2512 1292 2542 quarto,
1315 2504 1544 2541 completassem,
1559 2506 1611 2542 hoc
1622 2509 1663 2532 est
1678 2504 1748 2531 diem
1764 2504 1806 2530 in-

1004 2547 1108 2577 tegrum
1122 2552 1127 2574 ;
1143 2540 1293 2577 qui—itaque
1308 2550 1380 2569 anno
1397 2542 1434 2569 illi
1447 2547 1543 2575 quarto
1558 2540 1687 2577 insertus,
1704 2545 1805 2577 annum

1004 2572 1078 2614 facit,
1094 2572 1259 2614 biSsextileni
1282 2578 1398 2611 dictum,
1429 2572 1532 2605 dierum
1558 2576 1611 2614 36g
1625 2584 1636 2614 ;_
1652 2579 1761 2614 propter
1774 2572 1809 2614 VI

1003 2613 1056 2641 kal.
1074 2613 1163 2640 martii
1188 2613 1228 2640 bis
1249 2614 1376 2648 pesitum.
1402 2613 1460 2645 Quo
1481 2614 1518 2645 lit,
1544 2616 1573 2639 ut
1588 2611 1609 2638 V
1629 2610 1682 2649 kal.
1705 2610 1806 2649 martii,

1004 2649 1154 2683 singulique
1177 2646 1257 2676 httnc'
1282 2649 1352 2676 diem
1380 2652 1539 2682 sequentes,
1563 2654 1623 2683 tino
1647 2646 1691 2683 die
1721 2646 1807 2683 serius

1004 2679 1159 2716 coniungant
1187 2692 1264 2718 quam
1282 2685 1304 2711 si
1327 2684 1370 2711 illa
1395 2679 1447 2711 non
1465 2679 1536 2709 tacta
1559 2682 1638 2709 fuerit
1662 2679 1807 2718 intercala-

1005 2720 1052 2746 tio.
1077 2715 1254 2754 Quapropter,
1281 2727 1340 2754 qua:
1365 2726 1412 2754 pro
1436 2719 1571 2746 communi
1586 2724 1672 2754 panno
1705 2715 1807 2754 lunari.

1005 2750 1221 2791 Iacicn'daj‘rat,
1247 2755 1271 2791 in
1291 2750 1435 2791 'conit'uuni
1458 2762 1528 2780 anno
1542 2750 1806 2791 >solari,l_rept_'datio

1006 2790 1110 2817 dierum
1121 2790 1156 2817 XI
1169 2812 1175 2821 ,
1189 2792 1241 2824 jam
1255 2789 1376 2817 facienda
1394 2793 1443 2821 est,
1458 2797 1528 2816 anno
1542 2787 1682 2824 bissextili,
1701 2787 1805 2813 dict-rm

1004 2825 1072 2856 XII,
1091 2830 1198 2860 propter
1213 2833 1311 2852 annum
1328 2825 1442 2852 solarem
1456 2825 1510 2859 jaui
1529 2823 1575 2851 XII
1595 2823 1689 2860 diebus
1704 2829 1804 2860 excur-

1003 2856 1104 2888 rcntem
1116 2870 1122 2888 :
1137 2856 1228 2895 contra
1240 2869 1314 2893 vero,
1339 2856 1468 2895 promutin
1480 2868 1527 2895 pro
1538 2866 1608 2886 anno
1622 2856 1802 2895 citdgttluntw,

1003 2896 1069 2925 alias
1078 2896 1182 2926 dierum
1191 2893 1263 2932 XIX,
1277 2891 1466 2932 jam'Iacienda
1478 2891 1529 2925 erit
1542 2895 1648 2924 dierum
1661 2891 1753 2921 XVIII.
