4190 6266
328 276 436 334 933

330 395 430 452 ria.
490 392 866 451 Sextodecimo
904 405 1068 460 anno,
1121 393 1259 447 Iacto
1309 393 1647 458 einbolismo,
1711 393 2003 453 inventaA

331 499 416 544 est
442 498 465 525 ἰ
508 491 700 544 iterum
746 487 812 542 ad
869 495 1053 556 caput,
1115 486 1164 540 id
1195 496 1277 541 est
1315 486 1366 540 in
1399 487 1568 556 primo
1600 501 1788 554 versu,
1843 487 1926 541 Iu-

332 595 398 636 na
448 579 476 618 ι)
520 579 671 646 XIV,
731 588 784 635 et
823 579 990 650 prima
1046 578 1212 644 feria,
1275 579 1446 648 pridie
1501 578 1572 632 id.
1635 579 1804 649 April.
1870 579 1923 634 in

334 687 440 744 quo
465 671 550 727 die
579 671 814 728 diximus
839 671 1058 727 .Iudazos
1087 671 1139 726 in
1172 669 1407 744 Egypto
1436 682 1457 710 ο
1489 671 1716 743 primum
1732 671 1922 728 obser-

334 781 489 822 vasse
538 764 761 821 Pascha.

404 857 558 914 Unde
594 871 764 927 usque
812 855 877 911 ad
907 855 1086 912 Jesum
1118 856 1282 910 lilium
1339 855 1504 924 Nave,
1553 853 1579 893 ἀ
1609 855 1762 912 anuis
1809 856 1925 912 XLI

333 949 628 1020 suppletis,
686 947 1096 1004 immolaverunt
1149 948 1240 1002 lilii
1293 947 1456 1003 Israel
1526 948 1729 1003 Pascha
1815 947 1921 1004 kal.

335 1041 468 1112 Apr.
506 1051 529 1078 υ
557 1041 801 1096 sabbato.
832 1041 1090 1096 Ezechias
1115 1052 1294 1095 autem
1325 1037 1345 1076 ί
1375 1039 1444 1095 ab
1466 1041 1609 1096 exitu
1627 1056 1691 1096 ex
1723 1040 1924 1112 Egyp-

335 1142 389 1188 to
417 1147 585 1202 usque
617 1143 642 1180 8
671 1135 722 1187 in
757 1132 986 1202 primum
1036 1147 1232 1186 annum
1262 1132 1414 1202 regni
1457 1133 1559 1197 sui,
1596 1142 1716 1202 post
1756 1149 1926 1188 annos

333 1223 361 1264 ιι
393 1223 771 1288 DCCCLXVII,
815 1225 1106 1280 celebravit
1148 1225 1352 1279 Pascha
1401 1225 1468 1280 Vl
1525 1225 1596 1280 id.
1640 1241 1755 1295 apr.
1805 1225 1820 1262 ί
1856 1226 1921 1282 IV

331 1317 484 1373 feria.
549 1318 678 1372 Item
722 1317 897 1374 Josias
937 1317 1371 1373 duodevicesimo
1423 1332 1562 1372 anno
1607 1320 1754 1390 regni
1818 1320 1921 1386 sui,

331 1416 455 1479 post
502 1407 718 1462 annosi
780 1406 1142 1464 DCCCCLXX
1194 1409 1488 1464 immolavit
1517 1410 1721 1465 Pascha
1751 1411 1776 1448 ¹ί
1831 1409 1925 1466 XII

333 1499 446 1557 kal.
503 1502 712 1572 aprilis,
745 1502 872 1556 feria
934 1501 995 1555 II.
1035 1499 1052 1538 1
1091 1501 1291 1557 Esdras
1319 1511 1499 1557 autem
1531 1512 1569 1539 ω
1592 1519 1658 1559 eo
1685 1513 1925 1574 tempore

331 1603 358 1630 ιι
380 1607 486 1665 quo
507 1593 763 1664 suppletae
798 1601 924 1648 sunt
951 1601 975 1628 ο
1015 1601 1220 1663 septem
1248 1593 1597 1650 hebdomadae
1630 1638 1646 1663 ,
1680 1606 1708 1646 ι)
1734 1611 1766 1648 a
1790 1605 1924 1652 tem-

331 1687 423 1758 plo
464 1686 712 1742 restituto
756 1695 811 1741 et
862 1685 1099 1756 perfecto
1145 1695 1198 1740 et
1227 1697 1255 1736 τι
1283 1688 1526 1743 restituta
1556 1688 1769 1744 civitate
1797 1689 1923 1745 Hie-

1806 273 2194 333 COMPUTUS.

3514 268 3622 330 954

2100 393 2200 448 Hic
2272 398 2353 448 est
2394 389 2640 448 Christus
2685 390 2840 448 Iesus
2877 390 2986 461 qui,
3019 388 3316 446 secundum
3361 403 3615 458 carnem,

2029 484 2260 542 Abrahae
2300 483 2398 540 fuit
2441 483 2620 551 filius;
2652 485 2703 539 in
2739 483 2893 554 cujus
2935 483 3212 554 mysterio,
3253 492 3280 532 γ
3311 484 3622 540 centenario

2030 578 2165 647 patri
2213 587 2366 633 natus
2409 578 2556 632 Isaac
2608 592 2772 646 super
2824 576 3078 631 humeros
3123 589 3248 630 suos
3290 577 3527 646 portavit
3556 575 3622 632 li-

2028 685 2188 740 gnum
2217 687 2228 722 :
2264 678 2320 724 ut
2359 685 2425 724 ex
2459 678 2481 705 π
2516 683 2580 723 co
2610 667 3089 733 demonstraretur,
3121 675 3177 703 ἰο
3208 675 3262 721 et
3287 665 3622 722 adversarios

2029 762 2344 834 expugnari,
2391 769 2444 816 et
2493 761 2774 816 credentes
2813 759 3040 815 salutem
3100 759 3353 830 consequi
3407 773 3502 829 per
3554 760 3622 815 Ii.-

2027 870 2212 925 gnum,
2233 854 2282 909 id
2309 863 2391 909 est
2419 869 2511 924 per
2536 853 2594 892 ιιι)
2625 853 2799 909 crucis
2825 854 3056 924 signum.
3082 854 3200 923 Ipse
3219 863 3302 908 est
3322 851 3618 930 Abraham,

2027 948 2110 1004 cui
2137 949 2272 1003 dixit
2300 949 2498 1004 Densa
2520 949 2575 1003 In
2594 948 2798 1003 semine
2830 956 2919 1002 tuo
2951 946 3336 1004 benedicentur
3361 957 3415 985 οε
3433 961 3624 1003 omnes

2029 1042 2271 1097 nationes
2326 1052 2500 1096 terra}.
2535 1061 2552 1100 ι
2598 1040 2861 1112 Numquid
2895 1055 3021 1111 ergo
3060 1037 3118 1077 δά
3146 1040 3337 1112 aliquis
3386 1041 3438 1096 in
3479 1039 3625 1098 Isaac

2027 1133 2448 1189 misericordiam
2489 1133 2868 1203 consequitur?
2910 1132 3062 1199 Non;
3091 1133 3185 1188 sed
3217 1141 3274 1170 οε
3306 1132 3482 1188 omnis
3528 1132 3623 1187 ho-

2028 1243 2118 1282 mo
2144 1227 2369 1283 credens
2397 1228 2508 1283 Deo
2539 1228 2588 1282 in
2616 1227 2829 1282 Christo
2875 1226 2925 1265 ίί
2953 1226 3318 1283 benedicetur.
3389 1227 3456 1282 Et
3503 1225 3624 1284 ideo

2029 1319 2462 1390 Abraliam,quia
2495 1329 2551 1366 88
2583 1334 2612 1372 a
2643 1319 2751 1373 Deo
2783 1319 3007 1374 Domino
3035 1319 3209 1373 dictus
3235 1327 3318 1373 est
3341 1319 3622 1390 propheta,

2029 1428 2148 1469 cum
2178 1411 2236 1449 ιλιι
2265 1410 2546 1467 manifeste
2590 1411 2772 1474 sciret.
2804 1411 2854 1465 in
2885 1421 3222 1466 sacramento
3242 1409 3461 1477 Christi,
3491 1424 3620 1466 cen-

2030 1505 2237 1560 tenario
2273 1502 2376 1559 sibi
2413 1501 2460 1540 ίί
2493 1511 2675 1557 natum
2709 1502 2873 1557 lilium
2897 1544 2912 1568 ,
2940 1503 3029 1572 qui
3071 1510 3194 1573 post
3234 1501 3375 1556 diem
3408 1502 3625 1557 tertium

2029 1607 2256 1654 mortem
2313 1596 2623 1659 evacuavit,
2673 1603 2729 1650 et
2749 1595 2896 1649 illum
2955 1594 3144 1650 fortem
3177 1593 3222 1644 ii
3269 1603 3324 1648 et
3351 1593 3624 1649 inimicum

2031 1699 2270 1745 nostrum
2302 1689 2511 1745 vinxit:
2543 1685 2598 1724 ¹ί¹κ
2631 1686 2826 1742 deinde
2861 1686 3160 1742 numeravit
3193 1685 3472 1742 universos
3502 1700 3624 1741 ver-

329 1778 564 1835 rusalem
585 1820 599 1845 ,
634 1786 753 1848 post
796 1792 968 1833 annos
1001 1789 1020 1815 τ
1050 1777 1073 1835 i
1115 1777 1276 1835 CXIV
1298 1823 1313 1849 ,
1359 1781 1679 1837 sacrificavit
1724 1783 1924 1839 Pascha
1955 1793 2003 1853 Β
2032 1783 2252 1853 naculps
2275 1796 2402 1836 suos
2432 1777 2745 1844 CCCXVIII,
2768 1778 2818 1832 id
2847 1788 2929 1834 est
2947 1793 3044 1848 pro
3062 1778 3368 1833 centenaria
3397 1793 3624 1848 genera-

235 1947 238 1949 Α
328 1869 426 1925 XII
482 1869 587 1924 kal.
643 1885 760 1939 apr.
801 1869 1046 1926 sabbato.
1101 1870 1208 1927 Sed
1254 1880 1307 1926 et
1342 1873 1453 1943 ipse
1481 1873 1638 1930 Jesus
1670 1874 1925 1931 Dominus

330 1972 414 2018 ἐι
466 1963 714 2020 Salvator
760 1973 962 2033 noster,
1034 1975 1153 2035 post
1211 1981 1379 2022 annos
1411 1969 1430 2003 ί
1493 1962 1518 2022 ῑ
1583 1967 1842 2024 DLXXIII
1896 1977 1923 2004 υ

326 2069 450 2112 cum
479 2056 755 2127 discipulis
794 2057 905 2112 suis
969 2057 1312 2112 manducavit
1354 2058 1558 2114 Pascha
1619 2068 1647 2097 ν
1716 2057 1782 2114 VI
1850 2059 1922 2114 id.

325 2149 484 2220 april.
535 2149 574 2204 V
611 2149 792 2204 feria:
844 2157 899 2205 et
948 2162 1137 2220 passus
1187 2157 1270 2206 est
1321 2149 1489 2206 altera
1533 2149 1640 2218 die,
1689 2157 1714 2185 ι
1765 2149 1806 2204 V
1848 2149 1922 2205 id.

326 2241 484 2315 april.
530 2241 599 2300 VI
638 2241 790 2300 feria.

2032 1874 2176 1930 liene
2224 1872 2508 1943 triplicavit
2534 1873 2592 1936 C,
2625 1880 2680 1925 et
2718 1871 2840 1926 fecit
2886 1897 2914 1927 τ
2957 1871 3165 1940 signum
3206 1871 3402 1937 crucis,
3434 1872 3626 1941 quibus

2031 1963 2276 2033 adjunxit
2309 1988 2358 2024 ιη
2389 1975 2583 2016 nomen
2611 1960 2759 2028 Jesu,
2815 1969 2870 2016 et
2915 1959 3253 2015 adversarios
3281 1961 3620 2030 expugnavit,

2029 2065 2086 2114 et
2109 2056 2275 2110 lilium
2307 2050 2576 2109 Irat'rissui
2602 2053 2739 2108 Loth
2766 2053 2834 2108 de
2865 2050 2912 2090 11
2935 2053 3249 2123 captivitate
3275 2066 3464 2108 eorum
3490 2051 3625 2107 lihe—

2030 2148 2187 2204 ravit.
2251 2146 2318 2202 Et
2363 2146 2557 2202 merito
2588 2145 2702 2216 ipse
2734 2145 2989 2200 Dominus
3027 2155 3081 2200 et
3129 2143 3383 2216 magister
3443 2152 3628 2199 noster

2029 2238 2244 2296 dicebat
2288 2237 2528 2295 Judmis:
2566 2256 2585 2290 ι
2619 2246 2705 2274 mm
2733 2236 2791 2294 Si
2823 2237 2919 2293 lilii
2947 2236 3179 2294 Abrahae
3227 2237 3442 2306 essetis,
3486 2235 3625 2292 facta

1541 2356 1922 2417 LECTIONES
1959 2325 2382 2416 VARIANTES.

390 2478 502 2612 {Si}.
521 2484 727 2612 iiiis.
750 2535 882 2602 infra
905 2535 950 2586 II
975 2535 1039 2587 id.
1066 2535 1218 2600 April.

393 2608 415 2635 ε
448 2607 511 2654 R.
533 2607 708 2665 primo.
1107 2655 1114 2660 .

392 2665 421 2736 (ξ
527 2666 637 2736 an_n_i
789 2660 1022 2726 suppleti.

395 2734 418 2796 ξ
445 2731 508 2796 1_t1
530 2727 760 2796 sabbatis.

394 2790 419 2896 lr5
546 2788 616 2900 ,δὶς
641 2787 856 2852 suppleo.
885 2786 941 2836 C.
968 2788 1024 2838 Β.
1051 2786 1112 2837 ab
1135 2783 1358 2848 Egypl-O,

487 2893 499 2904 .
521 2867 546 2901 a
589 2891 598 2900 .
1047 2873 1058 2889 ⁸

390 2915 420 2988 13
445 2919 503 2988 ιε.
528 2909 903 2988 chCvaiu.

396 2979 415 3019 ί
448 2979 502 3028 C.
528 2976 618 3026 Ill.

396 3041 412 3110 ς
446 3044 504 3110 13-
531 3035 831 3110 essem.

395 3104 423 3144 k
449 3103 502 3152 ϐ.
530 3099 681 3150 XVII.

398 3164 418 3206 1
457 3168 516 3216 Π.
543 3163 749 3212 Hesdra.

394 3227 434 3257 ¹¹³
457 3228 512 3277 C.
543 3226 737 3276 eodem.

394 3292 423 3320 ιι
450 3290 505 3340 C.
530 3290 658 3351 quod
681 3286 895 3350 suppleti
919 3285 1033 3333 sunt
1053 3280 1357 3332 hebdomada
1379 3297 1408 3336 a
1428 3291 1650 3349 tempore
1677 3290 1769 3335 est.

397 3357 421 3383 ο
463 3353 542 3401 W.
565 3348 636 3399 sic
660 3349 878 3400 emendo.
899 3343 1048 3398 Η-Ἦο

396 3419 425 3458 ι)
449 3391 508 3466 ii.
531 3391 756 3464 21233:";

397 3482 425 3521 (ί
450 3481 509 3529 Π.
534 3477 780 3525 civitatem
809 3475 1104 3524 restitutam.

402 3563 423 3591 τ
450 3567 510 3614 a.
541 3541 613 3616 ἃ
639 3559 938 3620 DLxxvm,
964 3561 1050 3612 sed
1073 3543 1144 3614 EE
1164 3565 1233 3616 est
1254 3573 1345 3624 pro
1377 3570 1443 3623 δε.
1525 3537 1528 3540 ’

405 3628 426 3657 ³
455 3625 509 3676 C.
537 3628 666 3677 deest
688 3634 756 3676 et.

403 3684 422 3719 ¹
455 3689 510 3737 C.
540 3688 560 3738 ἰ
587 3687 840 3746 DLXXIV,
865 3684 1117 3737 excidente
1151 3689 1210 3739 V.

399 3772 427 3801 ¹¹
456 3775 516 3823 U.
544 3771 565 3824 ἱ
588 3772 843 3824 DLXXIX.
860 3778 916 3826 Η.
932 3752 1005 3826 CC
1026 3770 1328 3834 DLXXVIX,
1350 3782 1461 3821 cum
1481 3769 1783 3818 discentibus
1804 3768 1926 3816 suis.

2088 2472 2119 2502 ν
2148 2470 2202 2520 C.
2228 2467 2480 2528 manifesto
2512 2466 2702 2528 mendo,
2731 2465 2798 2516 IX
2821 2465 2917 2515 kal.

2091 2534 2120 2563 ³
2141 2534 2196 2582 C.
2222 2533 2335 2583 Vlll
2360 2532 2457 2581 kal.

2092 2597 2120 2636 ἵ
2149 2596 2203 2644 C.
2230 2598 2360 2646 deest
2377 2594 2683 2644 centenario.

2096 2659 2119 2686 κ
2143 2657 2199 2706 C.
2227 2658 2402 2706 eodem
2425 2662 2630 2705 monstr.

2093 2721 2153 2749 ⁸⁸
2181 2720 2236 2768 C.
2262 2719 2545 2768 adversario
2583 2729 2707 2766 sexu
2732 2716 3018 2778 repugnari.

2090 2779 2151 2819 δι’
2178 2785 2233 2833 R.
2259 2782 2418 2843 crucis
2439 2782 2476 2843 σι-
2503 2783 2553 2828 in
2575 2782 2782 2842 signum.

2093 2849 2148 2876 °°
2170 2849 2230 2896 R.
2249 2842 2416 2894 inserit
2441 2842 2488 2891 iu
2513 2849 2583 2891 te.

2093 2906 2152 2947 dd
2181 2906 2438 2968 R.Aliqui.

2092 2973 2147 3003 θθ
2177 2971 2232 3021 C.
2251 2979 2441 3018 omnes.

2093 3031 2145 3071 Η
2175 3034 2231 3083 C.
2255 3029 2638 3082 benedicentur.

2090 3099 2149 3140 88
2175 3099 2237 3146 R.
2255 3094 2320 3143 de
2345 3091 2570 3141 Domino.

2086 3157 2149 3197 ιώ
2177 3159 2229 3208 C.
2254 3154 2528 3206 manifesta.

1947 3229 2000 3293 ρ
2179 3225 2236 3293 ιξ.
2263 3218 2525 3293 nato‘ﬁli‘o.

2098 3299 2159 3388 l’il’t
2188 3283 2608 3408 aidseiiastfppleo,
2632 3339 2761 3404 quod
2795 3337 2848 3408 iu
2868 3349 2981 3390 mss.
3004 3349 3228 3408 mancum
3248 3339 3339 3408 est.
3364 3334 3418 3385 C.
3446 3334 3630 3384 deinde

2033 3411 2315 3460 numeravit
2334 3399 2591 3455 univ'e'rsos
2620 3399 2909 3452 vernaculos
2930 3413 3064 3459 suos,
3087 3399 3372 3448 eentenaria
3413 3410 3629 3460 genera-

2032 3474 2169 3522 tione
2199 3470 2460 3535 triplicavit
2479 3476 2533 3535 et
2555 3467 2672 3516 fecit
2692 3467 2886 3535 signum
2910 3463 3070 3535 crucis
3091 3462 3268 3525 quibus
3291 3460 3513 3535 adiunxit
3541 3473 3630 3535 uo:

2031 3536 2165 3585 mine
2210 3526 2350 3584 .Ie'su.
2395 3535 2455 3583 R.
2505 3529 2848 3579 denumeravit
2893 3526 3150 3574 universos
3196 3535 3374 3572 vernas
3396 3534 3527 3579 suos,
3579 3526 3631 3569 et

2032 3584 2235 3661 propter
2281 3594 2615 3661 centenariam
2641 3585 3241 3661 nativitatem-typhea“.
3262 3590 3532 3661 CCXIIIIEIIICI
3556 3584 3623 3632 Ie-

2031 3647 2098 3709 cit
2121 3647 2314 3721 signum
2331 3659 2369 3718 -ξ-
2387 3657 2565 3721 quibus
2588 3661 2640 3703 et
2662 3652 2844 3714 adjecit
2866 3648 3022 3700 XVIII
3045 3647 3098 3698 in
3115 3649 3313 3697 nomine
3338 3647 3502 3695 huius.

2096 3721 2149 3762 11
2169 3717 2234 3773 Ὀ.
2259 3717 2499 3770 servitute
2518 3717 2603 3765 lib.

2090 3784 2172 3813 mm
2188 3769 2252 3835 ii.
2271 3769 2321 3831 'si
2338 3781 2422 3830 atii
2437 3779 2648 3829 Abrahae
2673 3778 2810 3836 estis,
2837 3773 2962 3823 facta
2988 3773 3136 3836 patris
3158 3772 3310 3823 vestri
3329 3769 3493 3819 facite.

1498 3894 1775 3952 HENRICI
1817 3885 2182 3946 DODWELLI
2219 3881 2444 3940 NOTAE.

411 4011 618 4072 Pascha
665 4014 772 4071 kal.
817 4013 1022 4085 Nempe
1093 4013 1263 4068 tertia:
1311 4007 1726 4066 sedecennitatis
1786 4020 1928 4060 anno

341 4101 503 4143 DOIIO.

413 4181 619 4236 Pascha
653 4181 737 4235 VI.
779 4179 1000 4250 Nempe,
1054 4187 1173 4248 post
1225 4177 1487 4250 integrum
1523 4170 1931 4250 pinaeem_(_au-

343 4266 533 4306 norum
577 4252 717 4322 112)
773 4240 996 4322 septies:
1025 4240 1361 4322 transactum
1402 4240 1536 4318 (seu
1567 4258 1734 4322 annos
1769 4240 1932 4322 7_8£_),

343 4337 483 4377 anno
529 4315 708 4404 octavi
732 4315 933 4393 pinacis
975 4320 1204 4390 85,.hoc
1231 4327 1314 4374 est
1332 4315 1500 4372 scitae
1523 4315 1935 4370 sedeeeunitatis

344 4407 485 4448 anno
515 4401 694 4448 tertio.

415 4484 621 4539 Pascha
693 4483 805 4539 XII.
886 4483 1086 4553 Nempe
1173 4491 1292 4554 post
1369 4482 1402 4538 8
1458 4482 1718 4554 pinaces,
1793 4491 1936 4554 anno

346 4557 418 4639 7.4
471 4557 774 4626 sequentis,
822 4570 916 4610 seu
967 4548 1186 4626 quinta!
1215 4548 1630 4610 sedecennitatis
1674 4563 1816 4605 anno
1844 4548 1936 4603 de-

344 4638 504 4683 cimo.
537 4638 540 4645 ’

2032 4002 2240 4072 pinace,
2285 3998 2424 4072 diem
2454 3997 2813 4072 restituerant,
2846 4000 2904 4049 ut
2930 3991 3098 4049 vides.
3144 3992 3314 4061 Quam
3337 3991 3626 4049 correctio-

2033 4067 2154 4128 nem
2177 4070 2458 4126 conﬁrmat
2497 4068 2667 4124 codex
2701 4067 2762 4120 li.

2109 4143 2244 4197 Suos
2314 4139 2634 4197 CCCXVIII.
2678 4139 2853 4194 Locus
2905 4137 2991 4193 hic
3060 4139 3111 4192 in
3168 4147 3394 4208 utroque
3443 4137 3631 4193 codice

2036 4229 2256 4270 mancus
2283 4223 2385 4279 est,
2436 4213 2676 4283 adeoque
2697 4211 2991 4275 obscurus;
3024 4209 3118 4283 sed
3143 4210 3208 4283 ad
3241 4209 3381 4264 hunc
3408 4223 3626 4264 sensum

2038 4286 2427 4342 restituendum
2483 4281 2624 4348 esse,
2681 4298 2747 4338 ex
2799 4282 3146 4352 sequentibus
3180 4281 3347 4351 liquet
3369 4296 3624 4352 [nempe

2039 4373 2160 4412 cum
2211 4355 2480 4411 Abraham
2527 4350 2889 4410 adversarios
2917 4350 3248 4422 expugnavit
3282 4361 3336 4422 et
3385 4350 3632 4422 liberavit

2039 4428 2240 4483 amicos
2265 4427 2418 4500 (Ceu.
2438 4423 2908 4500 XIAVanlijeritVil
2939 4420 3284 4500 vernaculos,
3312 4421 3412 4500 h_o_c
3437 4430 3520 4475 est
3552 4420 3630 4474 Ia-

2041 4500 2214 4554 mulos
2242 4491 2366 4553 suos
2381 4491 2693 4556 CCCXVIII.
2715 4495 2832 4563 Quo
2859 4494 3120 4548 contineri
3150 4493 3314 4546 sentit
3336 4491 3420 4563 hic
3442 4501 3629 4546 auctor

2043 4570 2158 4625 haec
2199 4571 2450 4642 mysteria
2493 4562 2840 4642 prophetica;
2892 4564 3170 4642 nimirum,
3192 4578 3285 4632 per
3310 4562 3350 4616 C
3377 4571 3629 4642 centena—

2043 4642 2106 4696 rii
2134 4633 2332 4703 notant,
2381 4633 2613 4712 signari,
2641 4635 3418 4712 Abrahaecetiteuarilo‘natum
3468 4633 3530 4687 iri
3570 4636 3627 4686 li-

421 4717 626 4772 Pascha
677 4717 799 4789 XII.
848 4716 1052 4789 Nempe
1075 4759 1088 4779 ,
1129 4717 1494 4789 postpinaces
1522 4715 1588 4789 9,
1643 4727 1784 4766 anno
1812 4710 1937 4789 310‘6
1963 4729 2016 4789 ι)
2044 4712 2171 4767 lium
2198 4701 2368 4789 Isaae;
2387 4701 2546 4781 quam
2567 4701 2798 4789 litteram
2828 4707 3113 4789 triplicavit
3161 4701 3359 4789 (CCC).
3381 4719 3476 4772 pro
3502 4719 3627 4789 cen—

347 4793 639 4859 sequentis,
673 4788 774 4843 hoc
804 4799 886 4844 est
925 4784 1143 4843 ultimae
1176 4784 1589 4859 sedecennitatis
1623 4799 1765 4859 anno
1795 4784 1940 4859 deei:

350 4854 459 4915 nio.
526 4860 778 4915 Numerat
831 4869 1031 4926 autem,
1080 4869 1135 4912 ut
1180 4857 1611 4928 infra,patet,ah
1656 4855 1847 4928 Exodo
1872 4854 1938 4908 ad

347 4932 704 5000 captivitatem
760 4931 1033 4985 Jeclmniae
1076 4944 1244 4983 annos
1279 4926 1425 4990 99—5;
1461 4927 1678 5000 hiuead
1705 4926 1937 5000 edictum

348 4997 492 5070 Cyri,
526 5017 697 5057 annos
726 5002 830 5068 70;
858 5001 980 5056 hinc
1007 5001 1072 5056 ad
1097 4999 1256 5056 liuent
1286 5009 1492 5070 septem
1523 4997 1934 5064 hebdomadam,

348 5019 492 5128 Lg",
526 5019 697 5086 annos
733 5019 830 5068 tu;
859 5019 906 5054 ιιι

348 5074 376 5128 4
439 5072 906 5146 ;quiﬁuntIlM.

381 5245 393 5256 .
425 5140 531 5228 Sed
580 5183 626 5227 et
667 5173 776 5243 ipse
822 5170 995 5226 Jews.
1045 5171 1112 5229 G.
1149 5140 1323 5226 Locus
1353 5169 1600 5226 laudatus
1647 5184 1679 5224 a
1729 5168 1937 5224 Buclie-

349 5259 448 5300 ῐΊΟ.

423 5335 629 5391 Pascha
655 5335 744 5392 Vl.
778 5335 1014 5407 Nempe,
1056 5344 1178 5408 post
1201 5337 1419 5408 pinaces,
1443 5336 1510 5390 M
1534 5377 1549 5401 ,
1572 5347 1714 5390 anno
1744 5333 1799 5387 Il
1857 5346 1943 5387 se-

350 5410 582 5480 quentis.
646 5407 848 5480 Estque
898 5407 1348 5480 locus'hic,'_sed
1392 5407 1940 5480 depravatus,_quem

350 5475 496 5545 citat,
555 5494 620 5534 ex
668 5475 962 5545 Eucherio,
1020 5477 1402 5535 Sencsehallus
1441 5475 1585 5548 :iqui
1661 5475 1944 5548 continuat

350 5550 540 5606 calculi
591 5551 1001 5615 correctionem,
1043 5566 1200 5620 quam
1233 5559 1354 5605 ante
1393 5546 1694 5619 posueram.
1743 5546 1942 5614 Nempe

357 5646 593 5700 Uaserius
618 5645 725 5712 jam
755 5655 898 5708 ante,
920 5660 1014 5714 pro
1041 5631 1064 5697 ἱ
1098 5642 1352 5703 DLXXIV
1385 5643 1406 5711 ί
1433 5643 1518 5697 ubi
1542 5641 1591 5714 7V
1622 5639 1938 5708 exciderat),

351 5717 659 5772 restituerat
688 5714 847 5779 1579,
871 5713 1014 5785 quod
1041 5731 1104 5768 ex
1127 5729 1390 5769 annormn
1408 5713 1643 5768 omnium
1667 5720 1943 5785 computa-

355 5789 522 5858 tione,
543 5787 677 5843 inlra
705 5783 986 5857 sequente,
1012 5785 1311 5844 faciendum
1329 5794 1543 5842 constat
1571 5801 1584 5840 :
1627 5783 1854 5852 indeque
1876 5795 1942 5835 ex

2045 4784 2260 4838 tenariis
2287 4775 2455 4837 tribus
2477 4789 2634 4852 prout
2656 4778 2829 4852 tribus
2855 4777 3042 4852 diebus
3069 4777 3168 4830 iter
3198 4775 3628 4852 fecit_ituniolan-

2042 4855 2140 4909 dus
2172 4855 2318 4909 Isaac
2356 4844 2594 4925 (Chi-isti
2649 4848 2865 4919 typus),
2922 4849 3010 4925 qui
3065 4857 3117 4902 ct
3138 4847 3364 4925 gestavit
3401 4844 3623 4925 lignum,

2042 4926 2093 4980 id
2117 4936 2199 4981 est
2226 4917 2401 4978 crucis
2428 4924 2635 4992 signum
2667 4917 2684 4983 ξ
2710 4917 2920 4992 estque
2940 4917 3162 4992 'Asiguum
3195 4918 3370 4970 crucis
3398 4943 3426 4992 ς
3453 4917 3625 4970 littera

2040 5011 2235 5068 grmca,
2283 4985 3025 5068 notans"numerumﬁCC.‘
3046 4989 3149 5045 Sed
3179 4997 3368 5068 prietei'
3397 4985 3494 5068 hos
3516 4997 3625 5041 trc—

2041 5058 2245 5134 Eentos,
2272 5065 2510 5134 adjungit
2551 5078 2710 5131 porro
2746 5061 2930 5126 XVIII,
2976 5060 3079 5116 hoc
3122 5069 3232 5134 est,
3264 5058 3455 5134 litteris
3476 5073 3629 5134 grte-

2040 5140 2117 5195 cis
2147 5180 2162 5205 ,
2191 5127 2258 5206 φ’,
2290 5127 2481 5206 quibus
2522 5127 2720 5206 signari
2770 5143 2937 5206 putat,
2979 5142 3162 5206 utpOIe
3203 5129 3390 5185 litteris
3417 5127 3630 5206 initiali-

2045 5198 2162 5274 bus,
2205 5198 2386 5271 ἰγλσίῦς,
2421 5198 2612 5262 ηοιιιρῖι
2641 5198 2787 5260 ιιρειιζ
2815 5198 3089 5274 Adeoque,
3113 5202 3249 5256 sicut
3273 5216 3370 5274 per
3401 5198 3630 5253 Abrahze

2045 5273 2269 5336 famulos
2305 5277 2623 5340 CCCXVIII,
2655 5276 2910 5330 liberatus
2934 5286 3015 5327 est
3053 5273 3213 5336 Loth,
3271 5273 3342 5324 ita
3399 5286 3492 5339 per
3546 5295 3628 5330 τιη

2043 5352 2268 5423 (quibus
2317 5351 2457 5423 idem
2519 5360 2771 5402 numerus
2813 5345 3104 5423 signatur)
3131 5384 3146 5409 ,
3202 5341 3253 5396 id
3295 5350 3379 5394 est
3425 5356 3518 5423 p_er
3557 5343 3630 5394 si-

2043 5411 2206 5494 gnum
2259 5422 2434 5476 crucis
2473 5427 2529 5474 et
2574 5432 2772 5494 nomen
2819 5411 2974 5494 Jésu,
3019 5411 3273 5494 liberatus
3319 5422 3400 5494 est
3446 5411 3627 5494 Isaae,

2047 5483 2382 5563 mortemque
2432 5490 2708 5546 evacuavit
2746 5502 2841 5563 seu
2893 5486 3110 5563 evitavit
3173 5485 3265 5538 illo
3318 5483 3404 5538 die
3448 5483 3626 5563 tertio.

2046 5567 2172 5632 Qum
2223 5553 2399 5617 omnia
2463 5576 2566 5632 non
2623 5569 2727 5612 tam
2776 5557 2945 5632 Isaae‘
2975 5556 3162 5610 ultimo
3219 5561 3506 5632 spectant,
3579 5553 3630 5607 in

2045 5623 2152 5706 quo
2207 5631 2625 5689 misericordiam
2663 5627 3038 5706 _consequit_ur
3089 5623 3283 5692 nemo,
3355 5623 3494 5706 sed”.
3538 5639 3633 5706 c‘u-

2039 5692 2127 5777 j'us
2158 5706 2246 5760 ille
2277 5717 2430 5777 typus
2473 5713 2622 5769 erat,
2654 5701 2833 5758 Jesum
2862 5692 3130 5756 Christum
3191 5713 3360 5754 semen
3416 5692 3634 5751 Abraha:

2042 5779 2240 5834 dictum
2252 5818 2264 5830 .
