  <div class='ocr_page' id='page_1' title='image "/cluster/home/n/w/nwhite01/storage/ocr_20150623/4/hvd.32044048207708/485.png"; bbox 0 0 4202 6272; ppageno 0'>
   <div class='ocr_carea' id='block_1_1' title="bbox 598 292 707 350">
    <p class='ocr_par' dir='ltr' id='par_1_1' title="bbox 598 292 707 350">
     <span class='ocr_line' id='line_1_1' title="bbox 598 292 707 350; baseline 0 0"><span class='ocrx_word' id='word_1_1' title='bbox 598 292 707 350; x_wconf 79' lang='grc'><strong>939</strong></span> 
     </span>
    </p>
   </div>
   <div class='ocr_carea' id='block_1_2' title="bbox 2051 294 2446 354">
    <p class='ocr_par' dir='ltr' id='par_1_2' title="bbox 2051 294 2446 354">
     <span class='ocr_line' id='line_1_2' title="bbox 2051 294 2446 354; baseline -0.005 -2"><span class='ocrx_word' id='word_1_2' title='bbox 2051 295 2141 354; x_wconf 85' lang='lat' dir='ltr'><strong>DE</strong></span> <span class='ocrx_word' id='word_1_3' title='bbox 2180 294 2446 354; x_wconf 65' lang='lat' dir='ltr'><strong>PASCIIA</strong></span> 
     </span>
    </p>
   </div>
   <div class='ocr_carea' id='block_1_3' title="bbox 3785 295 3891 358">
    <p class='ocr_par' dir='ltr' id='par_1_3' title="bbox 3785 295 3891 358">
     <span class='ocr_line' id='line_1_3' title="bbox 3785 295 3891 358; baseline 0.028 -3"><span class='ocrx_word' id='word_1_4' title='bbox 3785 295 3891 358; x_wconf 82' lang='lat'><strong>950</strong></span> 
     </span>
    </p>
   </div>
   <div class='ocr_carea' id='block_1_4' title="bbox 598 408 3887 482">
    <p class='ocr_par' dir='ltr' id='par_1_4' title="bbox 598 408 3887 482">
     <span class='ocr_line' id='line_1_4' title="bbox 598 408 3887 482; baseline 0.002 -15"><span class='ocrx_word' id='word_1_5' title='bbox 598 411 767 467; x_wconf 86' lang='lat' dir='ltr'><strong>salem</strong></span> <span class='ocrx_word' id='word_1_6' title='bbox 795 423 961 480; x_wconf 88' lang='lat' dir='ltr'><strong>usque</strong></span> <span class='ocrx_word' id='word_1_7' title='bbox 986 408 1054 466; x_wconf 88' lang='lat' dir='ltr'><strong>ad</strong></span> <span class='ocrx_word' id='word_1_8' title='bbox 1087 408 1360 467; x_wconf 78' lang='lat' dir='ltr'><strong>Christum</strong></span> <span class='ocrx_word' id='word_1_9' title='bbox 1394 409 1624 477; x_wconf 89' lang='lat' dir='ltr'><strong>ducem,</strong></span> <span class='ocrx_word' id='word_1_10' title='bbox 1651 419 1675 448; x_wconf 79' lang='grc' dir='ltr'><strong>ιι</strong></span> <span class='ocrx_word' id='word_1_11' title='bbox 1707 410 2074 469; x_wconf 87' lang='lat' dir='ltr'><strong>hebdomades</strong></span> <span class='ocrx_word' id='word_1_12' title='bbox 2102 410 2194 468; x_wconf 81' lang='lat' dir='ltr'>VII</span> <span class='ocrx_word' id='word_1_13' title='bbox 2222 411 2274 473; x_wconf 80' lang='grc' dir='ltr'><strong>Δ</strong></span> <span class='ocrx_word' id='word_1_14' title='bbox 2307 429 2326 464; x_wconf 73' lang='grc' dir='ltr'><strong><em>ι</em></strong></span> <span class='ocrx_word' id='word_1_15' title='bbox 2349 410 2415 466; x_wconf 84' lang='lat' dir='ltr'><strong>Et</strong></span> <span class='ocrx_word' id='word_1_16' title='bbox 2442 424 2604 482; x_wconf 83' lang='lat' dir='ltr'><strong>super</strong></span> <span class='ocrx_word' id='word_1_17' title='bbox 2636 409 2763 466; x_wconf 91' lang='lat' dir='ltr'><strong>illud</strong></span> <span class='ocrx_word' id='word_1_18' title='bbox 2789 417 3034 467; x_wconf 90' lang='lat' dir='ltr'><strong>sanctum</strong></span> <span class='ocrx_word' id='word_1_19' title='bbox 3066 410 3338 468; x_wconf 73' lang='lat' dir='ltr'><strong>execratio</strong></span> <span class='ocrx_word' id='word_1_20' title='bbox 3363 421 3386 449; x_wconf 81' lang='grc' dir='ltr'><strong><em>ι</em></strong></span> <span class='ocrx_word' id='word_1_21' title='bbox 3419 412 3798 480; x_wconf 75' lang='lat' dir='ltr'><strong>vastationem,</strong></span> <span class='ocrx_word' id='word_1_22' title='bbox 3832 425 3887 473; x_wconf 90' lang='lat' dir='ltr'><strong>et</strong></span> 
     </span>
    </p>
   </div>
   <div class='ocr_carea' id='block_1_5' title="bbox 598 501 2196 570">
    <p class='ocr_par' dir='ltr' id='par_1_5' title="bbox 598 501 2196 570">
     <span class='ocr_line' id='line_1_5' title="bbox 598 501 2196 570; baseline 0.002 -9"><span class='ocrx_word' id='word_1_23' title='bbox 598 513 654 561; x_wconf 91' lang='lat' dir='ltr'><strong>et</strong></span> <span class='ocrx_word' id='word_1_24' title='bbox 676 502 1044 559; x_wconf 88' lang='lat' dir='ltr'><strong>hebdomades</strong></span> <span class='ocrx_word' id='word_1_25' title='bbox 1070 501 1098 542; x_wconf 72' lang='grc' dir='ltr'><strong>ιι</strong></span> <span class='ocrx_word' id='word_1_26' title='bbox 1147 502 1318 570; x_wconf 84' lang='lat' dir='ltr'>LXII;</span> <span class='ocrx_word' id='word_1_27' title='bbox 1355 515 1377 544; x_wconf 77' lang='grc' dir='ltr'><strong>ο</strong></span> <span class='ocrx_word' id='word_1_28' title='bbox 1406 513 1462 560; x_wconf 91' lang='lat' dir='ltr'><strong>et</strong></span> <span class='ocrx_word' id='word_1_29' title='bbox 1501 514 1842 562; x_wconf 85' lang='lat' dir='ltr'><strong>convcrtetur</strong></span> <span class='ocrx_word' id='word_1_30' title='bbox 1884 515 1941 563; x_wconf 91' lang='lat' dir='ltr'><strong>et</strong></span> <span class='ocrx_word' id='word_1_31' title='bbox 1963 506 2196 564; x_wconf 65' lang='lat' dir='ltr'><strong>aedifica-</strong></span> 
     </span>
    </p>
   </div>
   <div class='ocr_carea' id='block_1_6' title="bbox 599 595 2198 670">
    <p class='ocr_par' dir='ltr' id='par_1_6' title="bbox 599 595 2198 670">
     <span class='ocr_line' id='line_1_6' title="bbox 599 595 2198 670; baseline 0.002 -19"><span class='ocrx_word' id='word_1_32' title='bbox 599 595 748 652; x_wconf 87' lang='lat' dir='ltr'><strong>bilur</strong></span> <span class='ocrx_word' id='word_1_33' title='bbox 789 595 960 664; x_wconf 86' lang='lat' dir='ltr'><strong>platea</strong></span> <span class='ocrx_word' id='word_1_34' title='bbox 1002 604 1058 651; x_wconf 88' lang='lat' dir='ltr'><strong>et</strong></span> <span class='ocrx_word' id='word_1_35' title='bbox 1099 611 1316 662; x_wconf 88' lang='lat' dir='ltr'><strong>murus,</strong></span> <span class='ocrx_word' id='word_1_36' title='bbox 1340 605 1396 652; x_wconf 91' lang='lat' dir='ltr'><strong>et</strong></span> <span class='ocrx_word' id='word_1_37' title='bbox 1423 598 1801 654; x_wconf 75' lang='lat' dir='ltr'><strong>exinaniantur</strong></span> <span class='ocrx_word' id='word_1_38' title='bbox 1831 607 2112 670; x_wconf 89' lang='lat' dir='ltr'><strong>tempora:</strong></span> <span class='ocrx_word' id='word_1_39' title='bbox 2143 607 2198 656; x_wconf 90' lang='lat' dir='ltr'><strong>et</strong></span> 
     </span>
    </p>
   </div>
   <div class='ocr_carea' id='block_1_7' title="bbox 598 686 2200 762">
    <p class='ocr_par' dir='ltr' id='par_1_7' title="bbox 598 686 2200 762">
     <span class='ocr_line' id='line_1_7' title="bbox 598 686 2200 762; baseline 0.001 -17"><span class='ocrx_word' id='word_1_40' title='bbox 598 696 720 761; x_wconf 91' lang='lat' dir='ltr'><strong>post</strong></span> <span class='ocrx_word' id='word_1_41' title='bbox 739 686 1102 744; x_wconf 83' lang='lat' dir='ltr'><strong>hebdomadas</strong></span> <span class='ocrx_word' id='word_1_42' title='bbox 1139 688 1238 745; x_wconf 87' lang='lat' dir='ltr'><strong>has</strong></span> <span class='ocrx_word' id='word_1_43' title='bbox 1262 686 1289 728; x_wconf 68' lang='grc' dir='ltr'><strong>τί</strong></span> <span class='ocrx_word' id='word_1_44' title='bbox 1311 689 1486 756; x_wconf 86' lang='lat' dir='ltr'>LXII,</span> <span class='ocrx_word' id='word_1_45' title='bbox 1517 689 1797 761; x_wconf 75' lang='lat' dir='ltr'><strong>disperibit</strong></span> <span class='ocrx_word' id='word_1_46' title='bbox 1815 691 2026 759; x_wconf 90' lang='lat' dir='ltr'><strong>unctio,</strong></span> <span class='ocrx_word' id='word_1_47' title='bbox 2043 701 2097 748; x_wconf 92' lang='lat' dir='ltr'><strong>et</strong></span> <span class='ocrx_word' id='word_1_48' title='bbox 2112 691 2200 762; x_wconf 86' lang='lat' dir='ltr'><strong>ju-</strong></span> 
     </span>
    </p>
   </div>
   <div class='ocr_carea' id='block_1_8' title="bbox 597 779 2197 840">
    <p class='ocr_par' dir='ltr' id='par_1_8' title="bbox 597 779 2197 840">
     <span class='ocr_line' id='line_1_8' title="bbox 597 779 2197 840; baseline 0.002 -3"><span class='ocrx_word' id='word_1_49' title='bbox 597 779 799 837; x_wconf 90' lang='lat' dir='ltr'><strong>dicium</strong></span> <span class='ocrx_word' id='word_1_50' title='bbox 832 797 937 836; x_wconf 90' lang='lat' dir='ltr'><strong>non</strong></span> <span class='ocrx_word' id='word_1_51' title='bbox 966 790 1050 838; x_wconf 90' lang='lat' dir='ltr'><strong>est</strong></span> <span class='ocrx_word' id='word_1_52' title='bbox 1077 781 1129 837; x_wconf 94' lang='lat' dir='ltr'><strong>in</strong></span> <span class='ocrx_word' id='word_1_53' title='bbox 1159 796 1225 838; x_wconf 87' lang='lat' dir='ltr'><strong>eo</strong></span> <span class='ocrx_word' id='word_1_54' title='bbox 1261 799 1276 836; x_wconf 90' lang='lat'><strong>:</strong></span> <span class='ocrx_word' id='word_1_55' title='bbox 1307 793 1362 837; x_wconf 92' lang='lat' dir='ltr'><strong>et</strong></span> <span class='ocrx_word' id='word_1_56' title='bbox 1390 783 1660 839; x_wconf 89' lang='lat' dir='ltr'><strong>civitatem</strong></span> <span class='ocrx_word' id='word_1_57' title='bbox 1691 791 1745 838; x_wconf 87' lang='lat' dir='ltr'><strong>et</strong></span> <span class='ocrx_word' id='word_1_58' title='bbox 1775 784 1922 838; x_wconf 92' lang='lat' dir='ltr'><strong>illum</strong></span> <span class='ocrx_word' id='word_1_59' title='bbox 1953 793 2197 840; x_wconf 89' lang='lat' dir='ltr'><strong>sanctum</strong></span> 
     </span>
    </p>
   </div>
   <div class='ocr_carea' id='block_1_9' title="bbox 598 874 2198 946">
    <p class='ocr_par' dir='ltr' id='par_1_9' title="bbox 598 874 2198 946">
     <span class='ocr_line' id='line_1_9' title="bbox 598 874 2198 946; baseline 0.002 -16"><span class='ocrx_word' id='word_1_60' title='bbox 598 883 909 944; x_wconf 77' lang='lat' dir='ltr'><strong>corrumpet</strong></span> <span class='ocrx_word' id='word_1_61' title='bbox 925 889 1049 930; x_wconf 84' lang='lat' dir='ltr'><strong>eum</strong></span> <span class='ocrx_word' id='word_1_62' title='bbox 1063 874 1155 930; x_wconf 93' lang='lat' dir='ltr'><strong>illo</strong></span> <span class='ocrx_word' id='word_1_63' title='bbox 1167 874 1302 930; x_wconf 89' lang='lat' dir='ltr'><strong>duce</strong></span> <span class='ocrx_word' id='word_1_64' title='bbox 1314 875 1404 946; x_wconf 92' lang='lat' dir='ltr'><strong>qui</strong></span> <span class='ocrx_word' id='word_1_65' title='bbox 1418 875 1616 942; x_wconf 90' lang='lat' dir='ltr'><strong>veniet,</strong></span> <span class='ocrx_word' id='word_1_66' title='bbox 1633 885 1686 932; x_wconf 89' lang='lat' dir='ltr'><strong>et</strong></span> <span class='ocrx_word' id='word_1_67' title='bbox 1705 876 2018 932; x_wconf 82' lang='lat' dir='ltr'><strong>exeidentur</strong></span> <span class='ocrx_word' id='word_1_68' title='bbox 2035 878 2088 932; x_wconf 92' lang='lat' dir='ltr'><strong>in</strong></span> <span class='ocrx_word' id='word_1_69' title='bbox 2105 893 2198 934; x_wconf 87' lang='lat' dir='ltr'><strong>ca-</strong></span> 
     </span>
    </p>
   </div>
   <div class='ocr_carea' id='block_1_10' title="bbox 495 965 2196 1040">
    <p class='ocr_par' dir='ltr' id='par_1_10' title="bbox 495 965 2196 1040">
     <span class='ocr_line' id='line_1_10' title="bbox 495 965 2196 1040; baseline 0.002 -16"><span class='ocrx_word' id='word_1_70' title='bbox 495 965 501 971; x_wconf 87' lang='grc'><strong>’</strong></span> <span class='ocrx_word' id='word_1_71' title='bbox 599 967 883 1040; x_wconf 82' lang='lat' dir='ltr'><strong>taclysmo,</strong></span> <span class='ocrx_word' id='word_1_72' title='bbox 905 975 1138 1040; x_wconf 90' lang='lat' dir='ltr'><strong>etusque</strong></span> <span class='ocrx_word' id='word_1_73' title='bbox 1153 966 1220 1023; x_wconf 91' lang='lat' dir='ltr'><strong>ad</strong></span> <span class='ocrx_word' id='word_1_74' title='bbox 1251 968 1411 1023; x_wconf 90' lang='lat' dir='ltr'><strong>finem</strong></span> <span class='ocrx_word' id='word_1_75' title='bbox 1430 967 1792 1024; x_wconf 80' lang='lat' dir='ltr'><strong>bellibreviati</strong></span> <span class='ocrx_word' id='word_1_76' title='bbox 1821 979 1844 1006; x_wconf 74' lang='grc' dir='ltr'><strong>ο</strong></span> <span class='ocrx_word' id='word_1_77' title='bbox 1871 971 2196 1028; x_wconf 85' lang='lat' dir='ltr'><strong>exterminii.</strong></span> 
     </span>
    </p>
   </div>
   <div class='ocr_carea' id='block_1_11' title="bbox 605 1057 2200 1122">
    <p class='ocr_par' dir='ltr' id='par_1_11' title="bbox 605 1057 2200 1122">
     <span class='ocr_line' id='line_1_11' title="bbox 605 1057 2200 1122; baseline 0.004 -6"><span class='ocrx_word' id='word_1_78' title='bbox 605 1057 626 1098; x_wconf 68' lang='grc' dir='ltr'>ί</span> <span class='ocrx_word' id='word_1_79' title='bbox 668 1060 737 1116; x_wconf 85' lang='lat' dir='ltr'><strong>Et</strong></span> <span class='ocrx_word' id='word_1_80' title='bbox 789 1059 1181 1118; x_wconf 68' lang='lat' dir='ltr'><strong>liconfirmabit</strong></span> <span class='ocrx_word' id='word_1_81' title='bbox 1243 1072 1619 1118; x_wconf 89' lang='lat' dir='ltr'><strong>testamentum</strong></span> <span class='ocrx_word' id='word_1_82' title='bbox 1670 1063 1852 1119; x_wconf 90' lang='lat' dir='ltr'><strong>multis</strong></span> <span class='ocrx_word' id='word_1_83' title='bbox 1906 1064 2200 1122; x_wconf 88' lang='lat' dir='ltr'><strong>hebdomas</strong></span> 
     </span>
    </p>
   </div>
   <div class='ocr_carea' id='block_1_12' title="bbox 600 1153 2199 1215">
    <p class='ocr_par' dir='ltr' id='par_1_12' title="bbox 600 1153 2199 1215">
     <span class='ocr_line' id='line_1_12' title="bbox 600 1153 2199 1215; baseline 0.003 -5"><span class='ocrx_word' id='word_1_84' title='bbox 600 1167 742 1210; x_wconf 85' lang='lat' dir='ltr'><strong>una:</strong></span> <span class='ocrx_word' id='word_1_85' title='bbox 777 1153 804 1189; x_wconf 79' lang='grc'><strong>¹³</strong></span> <span class='ocrx_word' id='word_1_86' title='bbox 831 1163 885 1209; x_wconf 91' lang='lat' dir='ltr'><strong>et</strong></span> <span class='ocrx_word' id='word_1_87' title='bbox 928 1154 982 1210; x_wconf 93' lang='lat' dir='ltr'><strong>in</strong></span> <span class='ocrx_word' id='word_1_88' title='bbox 1023 1154 1246 1210; x_wconf 87' lang='lat' dir='ltr'><strong>dimidio</strong></span> <span class='ocrx_word' id='word_1_89' title='bbox 1295 1155 1645 1211; x_wconf 85' lang='lat' dir='ltr'><strong>hebdomadis</strong></span> <span class='ocrx_word' id='word_1_90' title='bbox 1699 1157 1972 1214; x_wconf 77' lang='lat' dir='ltr'><strong>auferetur</strong></span> <span class='ocrx_word' id='word_1_91' title='bbox 2021 1175 2199 1215; x_wconf 90' lang='lat' dir='ltr'><strong>meum</strong></span> 
     </span>
    </p>
   </div>
   <div class='ocr_carea' id='block_1_13' title="bbox 601 1246 2198 1319">
    <p class='ocr_par' dir='ltr' id='par_1_13' title="bbox 601 1246 2198 1319">
     <span class='ocr_line' id='line_1_13' title="bbox 601 1246 2198 1319; baseline 0.003 -15"><span class='ocrx_word' id='word_1_92' title='bbox 601 1246 927 1304; x_wconf 90' lang='lat' dir='ltr'><strong>sacrificium</strong></span> <span class='ocrx_word' id='word_1_93' title='bbox 975 1258 1030 1304; x_wconf 92' lang='lat' dir='ltr'><strong>et</strong></span> <span class='ocrx_word' id='word_1_94' title='bbox 1070 1249 1284 1316; x_wconf 90' lang='lat' dir='ltr'><strong>libatio,</strong></span> <span class='ocrx_word' id='word_1_95' title='bbox 1347 1248 1360 1288; x_wconf 78' lang='grc' dir='ltr'><strong>ί</strong></span> <span class='ocrx_word' id='word_1_96' title='bbox 1423 1259 1478 1305; x_wconf 87' lang='lat' dir='ltr'><strong>et</strong></span> <span class='ocrx_word' id='word_1_97' title='bbox 1509 1252 1714 1319; x_wconf 90' lang='lat' dir='ltr'><strong>superi</strong></span> <span class='ocrx_word' id='word_1_98' title='bbox 1755 1251 1902 1306; x_wconf 92' lang='lat' dir='ltr'><strong>illum</strong></span> <span class='ocrx_word' id='word_1_99' title='bbox 1953 1263 2198 1308; x_wconf 89' lang='lat' dir='ltr'><strong>sanetum</strong></span> 
     </span>
    </p>
   </div>
   <div class='ocr_carea' id='block_1_14' title="bbox 605 1337 2202 1413">
    <p class='ocr_par' dir='ltr' id='par_1_14' title="bbox 605 1337 2202 1413">
     <span class='ocr_line' id='line_1_14' title="bbox 605 1337 2202 1413; baseline 0.004 -18"><span class='ocrx_word' id='word_1_100' title='bbox 605 1337 631 1375; x_wconf 77' lang='grc' dir='ltr'><strong>¹ί</strong></span> <span class='ocrx_word' id='word_1_101' title='bbox 657 1339 926 1396; x_wconf 80' lang='lat' dir='ltr'><strong>execratio</strong></span> <span class='ocrx_word' id='word_1_102' title='bbox 956 1341 1341 1407; x_wconf 84' lang='lat' dir='ltr'><strong>vastationum,</strong></span> <span class='ocrx_word' id='word_1_103' title='bbox 1374 1349 1429 1396; x_wconf 92' lang='lat' dir='ltr'><strong>et</strong></span> <span class='ocrx_word' id='word_1_104' title='bbox 1457 1356 1626 1413; x_wconf 92' lang='lat' dir='ltr'><strong>usque</strong></span> <span class='ocrx_word' id='word_1_105' title='bbox 1669 1342 1735 1398; x_wconf 87' lang='lat' dir='ltr'><strong>ad</strong></span> <span class='ocrx_word' id='word_1_106' title='bbox 1778 1345 2202 1401; x_wconf 88' lang='lat' dir='ltr'><strong>consummatio-</strong></span> 
     </span>
    </p>
   </div>
   <div class='ocr_carea' id='block_1_15' title="bbox 607 1432 2204 1507">
    <p class='ocr_par' dir='ltr' id='par_1_15' title="bbox 607 1432 2204 1507">
     <span class='ocr_line' id='line_1_15' title="bbox 607 1432 2204 1507; baseline 0.001 -18"><span class='ocrx_word' id='word_1_107' title='bbox 607 1447 732 1489; x_wconf 87' lang='lat' dir='ltr'><strong>nem</strong></span> <span class='ocrx_word' id='word_1_108' title='bbox 778 1433 1038 1503; x_wconf 89' lang='lat' dir='ltr'><strong>temporis</strong></span> <span class='ocrx_word' id='word_1_109' title='bbox 1063 1434 1455 1490; x_wconf 83' lang='lat' dir='ltr'><strong>consummatio</strong></span> <span class='ocrx_word' id='word_1_110' title='bbox 1483 1432 1696 1489; x_wconf 86' lang='lat' dir='ltr'><strong>dabitur</strong></span> <span class='ocrx_word' id='word_1_111' title='bbox 1728 1449 1890 1507; x_wconf 89' lang='lat' dir='ltr'><strong>super</strong></span> <span class='ocrx_word' id='word_1_112' title='bbox 1917 1434 2055 1491; x_wconf 88' lang='lat' dir='ltr'><strong>hanc</strong></span> <span class='ocrx_word' id='word_1_113' title='bbox 2085 1451 2204 1492; x_wconf 87' lang='lat' dir='ltr'><strong>vas-</strong></span> 
     </span>
    </p>
   </div>
   <div class='ocr_carea' id='block_1_16' title="bbox 603 1524 880 1580">
    <p class='ocr_par' dir='ltr' id='par_1_16' title="bbox 603 1524 880 1580">
     <span class='ocr_line' id='line_1_16' title="bbox 603 1524 880 1580; baseline -0.004 0"><span class='ocrx_word' id='word_1_114' title='bbox 603 1524 880 1580; x_wconf 86' lang='lat' dir='ltr'><strong>tationem.</strong></span> 
     </span>
    </p>
   </div>
   <div class='ocr_carea' id='block_1_17' title="bbox 680 1620 2202 1693">
    <p class='ocr_par' dir='ltr' id='par_1_17' title="bbox 680 1620 2202 1693">
     <span class='ocr_line' id='line_1_17' title="bbox 680 1620 2202 1693; baseline 0.003 -20"><span class='ocrx_word' id='word_1_115' title='bbox 680 1620 780 1676; x_wconf 80' lang='grc' dir='ltr'><strong>«Ει</strong></span> <span class='ocrx_word' id='word_1_116' title='bbox 809 1620 826 1658; x_wconf 80' lang='grc' dir='ltr'>ι</span> <span class='ocrx_word' id='word_1_117' title='bbox 853 1620 1212 1686; x_wconf 90' lang='lat' dir='ltr'><strong>confirmabit,</strong></span> <span class='ocrx_word' id='word_1_118' title='bbox 1247 1621 1439 1693; x_wconf 88' lang='lat' dir='ltr'><strong>inquit,</strong></span> <span class='ocrx_word' id='word_1_119' title='bbox 1457 1630 1835 1679; x_wconf 88' lang='lat' dir='ltr'><strong>testamentum</strong></span> <span class='ocrx_word' id='word_1_120' title='bbox 1860 1621 2041 1678; x_wconf 90' lang='lat' dir='ltr'><strong>multis</strong></span> <span class='ocrx_word' id='word_1_121' title='bbox 2068 1622 2202 1678; x_wconf 87' lang='lat' dir='ltr'><strong>heb-</strong></span> 
     </span>
    </p>
   </div>
   <div class='ocr_carea' id='block_1_18' title="bbox 602 1714 2203 1786">
    <p class='ocr_par' dir='ltr' id='par_1_18' title="bbox 602 1714 2203 1786">
     <span class='ocr_line' id='line_1_18' title="bbox 602 1714 2203 1786; baseline 0 -15"><span class='ocrx_word' id='word_1_122' title='bbox 602 1714 791 1771; x_wconf 83' lang='lat' dir='ltr'><strong>dontas</strong></span> <span class='ocrx_word' id='word_1_123' title='bbox 813 1730 971 1769; x_wconf 65' lang='lat' dir='ltr'><strong>una.»</strong></span> <span class='ocrx_word' id='word_1_124' title='bbox 993 1714 1119 1770; x_wconf 66' lang='lat' dir='ltr'><strong>ﬂare</strong></span> <span class='ocrx_word' id='word_1_125' title='bbox 1142 1725 1227 1770; x_wconf 88' lang='lat' dir='ltr'><strong>est</strong></span> <span class='ocrx_word' id='word_1_126' title='bbox 1253 1725 1291 1752; x_wconf 81' lang='grc' dir='ltr'>ω</span> <span class='ocrx_word' id='word_1_127' title='bbox 1320 1730 1448 1785; x_wconf 91' lang='lat' dir='ltr'><strong>ergo</strong></span> <span class='ocrx_word' id='word_1_128' title='bbox 1478 1716 1770 1771; x_wconf 87' lang='lat' dir='ltr'><strong>hebdomas</strong></span> <span class='ocrx_word' id='word_1_129' title='bbox 1797 1731 1899 1770; x_wconf 90' lang='lat' dir='ltr'><strong>una</strong></span> <span class='ocrx_word' id='word_1_130' title='bbox 1931 1731 2088 1786; x_wconf 87' lang='lat' dir='ltr'><strong>quam</strong></span> <span class='ocrx_word' id='word_1_131' title='bbox 2114 1730 2203 1772; x_wconf 88' lang='lat' dir='ltr'><strong>se-</strong></span> 
     </span>
    </p>
   </div>
   <div class='ocr_carea' id='block_1_19' title="bbox 2301 503 3885 576">
    <p class='ocr_par' dir='ltr' id='par_1_19' title="bbox 2301 503 3885 576">
     <span class='ocr_line' id='line_1_19' title="bbox 2301 503 3885 576; baseline 0.006 -18"><span class='ocrx_word' id='word_1_132' title='bbox 2301 517 2469 575; x_wconf 89' lang='lat' dir='ltr'><strong>usque</strong></span> <span class='ocrx_word' id='word_1_133' title='bbox 2511 503 2579 558; x_wconf 87' lang='lat' dir='ltr'><strong>ad</strong></span> <span class='ocrx_word' id='word_1_134' title='bbox 2622 503 3142 560; x_wconf 88' lang='lat' dir='ltr'><strong>consummationem</strong></span> <span class='ocrx_word' id='word_1_135' title='bbox 3193 506 3455 576; x_wconf 88' lang='lat' dir='ltr'><strong>temporis</strong></span> <span class='ocrx_word' id='word_1_136' title='bbox 3507 510 3885 568; x_wconf 81' lang='lat' dir='ltr'><strong>consummatio</strong></span> 
     </span>
    </p>
   </div>
   <div class='ocr_carea' id='block_1_20' title="bbox 2299 594 3398 667">
    <p class='ocr_par' dir='ltr' id='par_1_20' title="bbox 2299 594 3398 667">
     <span class='ocr_line' id='line_1_20' title="bbox 2299 594 3398 667; baseline 0 -15"><span class='ocrx_word' id='word_1_137' title='bbox 2299 596 2511 652; x_wconf 89' lang='lat' dir='ltr'><strong>dabitur</strong></span> <span class='ocrx_word' id='word_1_138' title='bbox 2537 605 2593 633; x_wconf 76' lang='grc' dir='ltr'><strong>ιιιι</strong></span> <span class='ocrx_word' id='word_1_139' title='bbox 2623 611 2786 667; x_wconf 89' lang='lat' dir='ltr'><strong>super</strong></span> <span class='ocrx_word' id='word_1_140' title='bbox 2812 594 2952 653; x_wconf 90' lang='lat' dir='ltr'><strong>hanc</strong></span> <span class='ocrx_word' id='word_1_141' title='bbox 2977 599 3344 655; x_wconf 82' lang='lat' dir='ltr'><strong>vastationem.</strong></span> <span class='ocrx_word' id='word_1_142' title='bbox 3378 618 3398 652; x_wconf 70' lang='grc' dir='ltr'>ι</span> 
     </span>
    </p>
   </div>
   <div class='ocr_carea' id='block_1_21' title="bbox 2370 687 3889 758">
    <p class='ocr_par' dir='ltr' id='par_1_21' title="bbox 2370 687 3889 758">
     <span class='ocr_line' id='line_1_21' title="bbox 2370 687 3889 758; baseline 0.007 -15"><span class='ocrx_word' id='word_1_143' title='bbox 2370 687 2428 729; x_wconf 73' lang='grc' dir='ltr'><strong>ιἰι</strong></span> <span class='ocrx_word' id='word_1_144' title='bbox 2452 689 2578 744; x_wconf 87' lang='lat' dir='ltr'><strong>Post</strong></span> <span class='ocrx_word' id='word_1_145' title='bbox 2607 688 2720 744; x_wconf 74' lang='lat' dir='ltr'><strong>haec</strong></span> <span class='ocrx_word' id='word_1_146' title='bbox 2768 699 3102 746; x_wconf 81' lang='lat' dir='ltr'><strong>revertamur</strong></span> <span class='ocrx_word' id='word_1_147' title='bbox 3143 689 3210 746; x_wconf 84' lang='lat' dir='ltr'><strong>ad</strong></span> <span class='ocrx_word' id='word_1_148' title='bbox 3241 690 3356 758; x_wconf 86' lang='lat' dir='ltr'>VII,</span> <span class='ocrx_word' id='word_1_149' title='bbox 3388 701 3443 748; x_wconf 92' lang='lat' dir='ltr'><strong>et</strong></span> <span class='ocrx_word' id='word_1_150' title='bbox 3483 693 3562 749; x_wconf 88' lang='lat' dir='ltr'><strong>sic</strong></span> <span class='ocrx_word' id='word_1_151' title='bbox 3585 692 3654 749; x_wconf 86' lang='lat' dir='ltr'><strong>ad</strong></span> <span class='ocrx_word' id='word_1_152' title='bbox 3687 704 3740 734; x_wconf 71' lang='grc' dir='ltr'><strong>σε</strong></span> <span class='ocrx_word' id='word_1_153' title='bbox 3763 694 3889 754; x_wconf 84' lang='lat' dir='ltr'>LXII</span> 
     </span>
    </p>
   </div>
   <div class='ocr_carea' id='block_1_22' title="bbox 2301 781 3890 855">
    <p class='ocr_par' dir='ltr' id='par_1_22' title="bbox 2301 781 3890 855">
     <span class='ocr_line' id='line_1_22' title="bbox 2301 781 3890 855; baseline 0.005 -17"><span class='ocrx_word' id='word_1_154' title='bbox 2301 781 2685 838; x_wconf 83' lang='lat' dir='ltr'><strong>hebdomadas.</strong></span> <span class='ocrx_word' id='word_1_155' title='bbox 2738 782 2872 852; x_wconf 67' lang='lat' dir='ltr'><strong>Qum</strong></span> <span class='ocrx_word' id='word_1_156' title='bbox 2917 792 3125 855; x_wconf 89' lang='lat' dir='ltr'><strong>septem</strong></span> <span class='ocrx_word' id='word_1_157' title='bbox 3202 783 3554 842; x_wconf 73' lang='lat' dir='ltr'><strong>hebdomadas</strong></span> <span class='ocrx_word' id='word_1_158' title='bbox 3621 790 3890 846; x_wconf 89' lang='lat' dir='ltr'><strong>continent</strong></span> 
     </span>
    </p>
   </div>
   <div class='ocr_carea' id='block_1_23' title="bbox 2303 874 3894 952">
    <p class='ocr_par' dir='ltr' id='par_1_23' title="bbox 2303 874 3894 952">
     <span class='ocr_line' id='line_1_23' title="bbox 2303 874 3894 952; baseline 0.005 -22"><span class='ocrx_word' id='word_1_159' title='bbox 2303 890 2475 930; x_wconf 88' lang='lat' dir='ltr'><strong>annos</strong></span> <span class='ocrx_word' id='word_1_160' title='bbox 2526 874 2736 943; x_wconf 80' lang='lat' dir='ltr'>XLIX;</span> <span class='ocrx_word' id='word_1_161' title='bbox 2763 876 2962 947; x_wconf 84' lang='lat' dir='ltr'><strong>quibus</strong></span> <span class='ocrx_word' id='word_1_162' title='bbox 3004 877 3299 948; x_wconf 88' lang='lat' dir='ltr'><strong>suppletis,</strong></span> <span class='ocrx_word' id='word_1_163' title='bbox 3335 877 3426 933; x_wconf 90' lang='lat' dir='ltr'><strong>illo</strong></span> <span class='ocrx_word' id='word_1_164' title='bbox 3475 879 3526 934; x_wconf 92' lang='lat' dir='ltr'><strong>in</strong></span> <span class='ocrx_word' id='word_1_165' title='bbox 3569 889 3805 952; x_wconf 87' lang='lat' dir='ltr'><strong>tempore</strong></span> <span class='ocrx_word' id='word_1_166' title='bbox 3845 893 3894 939; x_wconf 88' lang='lat' dir='ltr'><strong>et</strong></span> 
     </span>
    </p>
   </div>
   <div class='ocr_carea' id='block_1_24' title="bbox 2303 967 3896 1046">
    <p class='ocr_par' dir='ltr' id='par_1_24' title="bbox 2303 967 3896 1046">
     <span class='ocr_line' id='line_1_24' title="bbox 2303 967 3896 1046; baseline 0.004 -23"><span class='ocrx_word' id='word_1_167' title='bbox 2303 967 2637 1023; x_wconf 85' lang='lat' dir='ltr'><strong>Hierusalem</strong></span> <span class='ocrx_word' id='word_1_168' title='bbox 2696 968 2937 1024; x_wconf 87' lang='lat' dir='ltr'><strong>restituta</strong></span> <span class='ocrx_word' id='word_1_169' title='bbox 2991 969 3453 1041; x_wconf 87' lang='lat' dir='ltr'><strong>cognoscebatur,‘</strong></span> <span class='ocrx_word' id='word_1_170' title='bbox 3482 980 3537 1027; x_wconf 93' lang='lat' dir='ltr'><strong>et</strong></span> <span class='ocrx_word' id='word_1_171' title='bbox 3579 972 3750 1043; x_wconf 85' lang='lat' dir='ltr'><strong>platea</strong></span> <span class='ocrx_word' id='word_1_172' title='bbox 3807 990 3896 1046; x_wconf 79' lang='lat' dir='ltr'><strong>per</strong></span> 
     </span>
    </p>
   </div>
   <div class='ocr_carea' id='block_1_25' title="bbox 2304 1063 3894 1134">
    <p class='ocr_par' dir='ltr' id='par_1_25' title="bbox 2304 1063 3894 1134">
     <span class='ocr_line' id='line_1_25' title="bbox 2304 1063 3894 1134; baseline 0.002 -14"><span class='ocrx_word' id='word_1_173' title='bbox 2304 1063 2539 1120; x_wconf 87' lang='lat' dir='ltr'><strong>medium</strong></span> <span class='ocrx_word' id='word_1_174' title='bbox 2563 1063 2680 1134; x_wconf 84' lang='lat' dir='ltr'><strong>ejus</strong></span> <span class='ocrx_word' id='word_1_175' title='bbox 2705 1063 2968 1120; x_wconf 62' lang='lat' dir='ltr'><strong>aedificata</strong></span> <span class='ocrx_word' id='word_1_176' title='bbox 2997 1063 3464 1132; x_wconf 88' lang='lat' dir='ltr'><strong>considerabatur,</strong></span> <span class='ocrx_word' id='word_1_177' title='bbox 3493 1081 3680 1122; x_wconf 86' lang='lat' dir='ltr'><strong>murus</strong></span> <span class='ocrx_word' id='word_1_178' title='bbox 3713 1067 3768 1122; x_wconf 92' lang='lat' dir='ltr'><strong>in</strong></span> <span class='ocrx_word' id='word_1_179' title='bbox 3792 1068 3894 1124; x_wconf 79' lang='lat' dir='ltr'><strong>cir-</strong></span> 
     </span>
    </p>
   </div>
   <div class='ocr_carea' id='block_1_26' title="bbox 2302 1156 3896 1232">
    <p class='ocr_par' dir='ltr' id='par_1_26' title="bbox 2302 1156 3896 1232">
     <span class='ocr_line' id='line_1_26' title="bbox 2302 1156 3896 1232; baseline 0.003 -19"><span class='ocrx_word' id='word_1_180' title='bbox 2302 1156 2447 1214; x_wconf 90' lang='lat' dir='ltr'><strong>cuitu</strong></span> <span class='ocrx_word' id='word_1_181' title='bbox 2494 1156 2728 1211; x_wconf 83' lang='lat' dir='ltr'><strong>civitatis</strong></span> <span class='ocrx_word' id='word_1_182' title='bbox 2771 1156 2937 1227; x_wconf 84' lang='lat' dir='ltr'><strong>ipsius</strong></span> <span class='ocrx_word' id='word_1_183' title='bbox 2979 1167 3224 1222; x_wconf 89' lang='lat' dir='ltr'><strong>erectus,</strong></span> <span class='ocrx_word' id='word_1_184' title='bbox 3257 1157 3346 1214; x_wconf 91' lang='lat' dir='ltr'><strong>illa</strong></span> <span class='ocrx_word' id='word_1_185' title='bbox 3371 1159 3550 1215; x_wconf 88' lang='lat' dir='ltr'><strong>omnia</strong></span> <span class='ocrx_word' id='word_1_186' title='bbox 3590 1175 3715 1232; x_wconf 75' lang='lat' dir='ltr'><strong>qua:</strong></span> <span class='ocrx_word' id='word_1_187' title='bbox 3763 1161 3896 1219; x_wconf 85' lang='lat' dir='ltr'><strong>intus</strong></span> 
     </span>
    </p>
   </div>
   <div class='ocr_carea' id='block_1_27' title="bbox 2303 1245 3899 1326">
    <p class='ocr_par' dir='ltr' id='par_1_27' title="bbox 2303 1245 3899 1326">
     <span class='ocr_line' id='line_1_27' title="bbox 2303 1245 3899 1326; baseline 0.003 -20"><span class='ocrx_word' id='word_1_188' title='bbox 2303 1259 2457 1306; x_wconf 89' lang='lat' dir='ltr'><strong>erant</strong></span> <span class='ocrx_word' id='word_1_189' title='bbox 2501 1248 2714 1304; x_wconf 80' lang='lat' dir='ltr'><strong>fortiter</strong></span> <span class='ocrx_word' id='word_1_190' title='bbox 2738 1245 2795 1286; x_wconf 69' lang='grc' dir='ltr'><strong>δά</strong></span> <span class='ocrx_word' id='word_1_191' title='bbox 2825 1247 3089 1304; x_wconf 87' lang='lat' dir='ltr'><strong>tuebatur.</strong></span> <span class='ocrx_word' id='word_1_192' title='bbox 3139 1248 3196 1305; x_wconf 91' lang='lat' dir='ltr'><strong>In</strong></span> <span class='ocrx_word' id='word_1_193' title='bbox 3238 1265 3341 1322; x_wconf 89' lang='lat' dir='ltr'><strong>qua</strong></span> <span class='ocrx_word' id='word_1_194' title='bbox 3395 1249 3609 1308; x_wconf 79' lang='lat' dir='ltr'><strong>civitate</strong></span> <span class='ocrx_word' id='word_1_195' title='bbox 3653 1253 3899 1326; x_wconf 83' lang='lat' dir='ltr'><strong>templum</strong></span> 
     </span>
    </p>
   </div>
   <div class='ocr_carea' id='block_1_28' title="bbox 2305 1340 3900 1414">
    <p class='ocr_par' dir='ltr' id='par_1_28' title="bbox 2305 1340 3900 1414">
     <span class='ocr_line' id='line_1_28' title="bbox 2305 1340 3900 1414; baseline 0.001 -17"><span class='ocrx_word' id='word_1_196' title='bbox 2305 1341 2431 1398; x_wconf 92' lang='lat' dir='ltr'><strong>illud</strong></span> <span class='ocrx_word' id='word_1_197' title='bbox 2461 1340 2603 1414; x_wconf 89' lang='lat' dir='ltr'><strong>quod</strong></span> <span class='ocrx_word' id='word_1_198' title='bbox 2643 1341 2696 1396; x_wconf 91' lang='lat' dir='ltr'><strong>in</strong></span> <span class='ocrx_word' id='word_1_199' title='bbox 2725 1350 2780 1378; x_wconf 73' lang='grc' dir='ltr'><strong>εο</strong></span> <span class='ocrx_word' id='word_1_200' title='bbox 2808 1340 3156 1398; x_wconf 89' lang='lat' dir='ltr'><strong>similitudine</strong></span> <span class='ocrx_word' id='word_1_201' title='bbox 3179 1341 3310 1398; x_wconf 66' lang='lat' dir='ltr'><strong>Adae</strong></span> <span class='ocrx_word' id='word_1_202' title='bbox 3340 1341 3514 1399; x_wconf 79' lang='lat' dir='ltr'><strong>fuerat</strong></span> <span class='ocrx_word' id='word_1_203' title='bbox 3539 1341 3900 1414; x_wconf 87' lang='lat' dir='ltr'><strong>destructum;</strong></span> 
     </span>
    </p>
   </div>
   <div class='ocr_carea' id='block_1_29' title="bbox 2306 1433 3907 1506">
    <p class='ocr_par' dir='ltr' id='par_1_29' title="bbox 2306 1433 3907 1506">
     <span class='ocr_line' id='line_1_29' title="bbox 2306 1433 3907 1506; baseline 0.002 -15"><span class='ocrx_word' id='word_1_204' title='bbox 2306 1436 2359 1492; x_wconf 91' lang='lat' dir='ltr'><strong>in</strong></span> <span class='ocrx_word' id='word_1_205' title='bbox 2391 1433 2409 1472; x_wconf 76' lang='grc' dir='ltr'><strong>ί</strong></span> <span class='ocrx_word' id='word_1_206' title='bbox 2422 1433 2440 1472; x_wconf 70' lang='grc' dir='ltr'>ί</span> <span class='ocrx_word' id='word_1_207' title='bbox 2475 1434 2690 1489; x_wconf 89' lang='lat' dir='ltr'><strong>nomine</strong></span> <span class='ocrx_word' id='word_1_208' title='bbox 2715 1433 2832 1503; x_wconf 85' lang='lat' dir='ltr'><strong>ejus</strong></span> <span class='ocrx_word' id='word_1_209' title='bbox 2859 1433 3050 1490; x_wconf 90' lang='lat' dir='ltr'><strong>iterum</strong></span> <span class='ocrx_word' id='word_1_210' title='bbox 3079 1443 3135 1482; x_wconf 71' lang='grc' dir='ltr'><strong>κϐ</strong></span> <span class='ocrx_word' id='word_1_211' title='bbox 3161 1449 3256 1506; x_wconf 93' lang='lat' dir='ltr'><strong>per</strong></span> <span class='ocrx_word' id='word_1_212' title='bbox 3277 1433 3443 1491; x_wconf 77' lang='lat' dir='ltr'>XLVI</span> <span class='ocrx_word' id='word_1_213' title='bbox 3463 1450 3636 1493; x_wconf 84' lang='lat' dir='ltr'><strong>annos</strong></span> <span class='ocrx_word' id='word_1_214' title='bbox 3650 1447 3730 1494; x_wconf 86' lang='lat' dir='ltr'><strong>est</strong></span> <span class='ocrx_word' id='word_1_215' title='bbox 3751 1438 3907 1496; x_wconf 64' lang='grc' dir='ltr'>(αἰὶῶ</span> 
     </span>
    </p>
   </div>
   <div class='ocr_carea' id='block_1_30' title="bbox 2307 1523 3906 1597">
    <p class='ocr_par' dir='ltr' id='par_1_30' title="bbox 2307 1523 3906 1597">
     <span class='ocr_line' id='line_1_30' title="bbox 2307 1523 3906 1597; baseline 0.003 -13"><span class='ocrx_word' id='word_1_216' title='bbox 2307 1536 2515 1593; x_wconf 90' lang='lat' dir='ltr'><strong>catum,</strong></span> <span class='ocrx_word' id='word_1_217' title='bbox 2545 1537 2599 1582; x_wconf 90' lang='lat' dir='ltr'><strong>et</strong></span> <span class='ocrx_word' id='word_1_218' title='bbox 2647 1526 2700 1582; x_wconf 92' lang='lat' dir='ltr'><strong>in</strong></span> <span class='ocrx_word' id='word_1_219' title='bbox 2728 1523 2789 1562; x_wconf 73' lang='grc' dir='ltr'>ωι</span> <span class='ocrx_word' id='word_1_220' title='bbox 2809 1536 3146 1582; x_wconf 89' lang='lat' dir='ltr'><strong>sacramento</strong></span> <span class='ocrx_word' id='word_1_221' title='bbox 3187 1526 3420 1597; x_wconf 88' lang='lat' dir='ltr'><strong>Spiritus</strong></span> <span class='ocrx_word' id='word_1_222' title='bbox 3457 1528 3630 1584; x_wconf 87' lang='lat' dir='ltr'><strong>sancti</strong></span> <span class='ocrx_word' id='word_1_223' title='bbox 3673 1529 3798 1585; x_wconf 90' lang='lat' dir='ltr'><strong>oleo</strong></span> <span class='ocrx_word' id='word_1_224' title='bbox 3832 1543 3906 1588; x_wconf 86' lang='lat' dir='ltr'><strong>est</strong></span> 
     </span>
    </p>
   </div>
   <div class='ocr_carea' id='block_1_31' title="bbox 2308 1620 3906 1694">
    <p class='ocr_par' dir='ltr' id='par_1_31' title="bbox 2308 1620 3906 1694">
     <span class='ocr_line' id='line_1_31' title="bbox 2308 1620 3906 1694; baseline 0.003 -18"><span class='ocrx_word' id='word_1_225' title='bbox 2308 1630 2564 1686; x_wconf 91' lang='lat' dir='ltr'><strong>unctum;</strong></span> <span class='ocrx_word' id='word_1_226' title='bbox 2610 1620 2880 1692; x_wconf 89' lang='lat' dir='ltr'><strong>quomodo</strong></span> <span class='ocrx_word' id='word_1_227' title='bbox 2948 1621 3016 1677; x_wconf 90' lang='lat' dir='ltr'><strong>ab</strong></span> <span class='ocrx_word' id='word_1_228' title='bbox 3071 1622 3280 1694; x_wconf 78' lang='lat' dir='ltr'><strong>Angela</strong></span> <span class='ocrx_word' id='word_1_229' title='bbox 3355 1621 3532 1679; x_wconf 84' lang='lat' dir='ltr'><strong>fuerat</strong></span> <span class='ocrx_word' id='word_1_230' title='bbox 3574 1623 3802 1680; x_wconf 90' lang='lat' dir='ltr'><strong>dictum.</strong></span> <span class='ocrx_word' id='word_1_231' title='bbox 3844 1625 3906 1685; x_wconf 70' lang='lat' dir='ltr'><strong>lJt</strong></span> 
     </span>
    </p>
   </div>
   <div class='ocr_carea' id='block_1_32' title="bbox 2317 1711 3907 1790">
    <p class='ocr_par' dir='ltr' id='par_1_32' title="bbox 2317 1711 3907 1790">
     <span class='ocr_line' id='line_1_32' title="bbox 2317 1711 3907 1790; baseline 0.006 -22"><span class='ocrx_word' id='word_1_232' title='bbox 2317 1711 2783 1769; x_wconf 74' lang='lat' dir='ltr'><strong>iiconsummetur</strong></span> <span class='ocrx_word' id='word_1_233' title='bbox 2807 1713 2944 1770; x_wconf 84' lang='lat' dir='ltr'><strong>visio</strong></span> <span class='ocrx_word' id='word_1_234' title='bbox 2963 1722 3018 1770; x_wconf 90' lang='lat' dir='ltr'><strong>et</strong></span> <span class='ocrx_word' id='word_1_235' title='bbox 3048 1714 3092 1766; x_wconf 86' lang='lat' dir='ltr'><strong>ii</strong></span> <span class='ocrx_word' id='word_1_236' title='bbox 3133 1715 3413 1787; x_wconf 86' lang='lat' dir='ltr'><strong>prophetia</strong></span> <span class='ocrx_word' id='word_1_237' title='bbox 3441 1725 3498 1772; x_wconf 93' lang='lat' dir='ltr'><strong>et</strong></span> <span class='ocrx_word' id='word_1_238' title='bbox 3525 1715 3582 1756; x_wconf 73' lang='grc' dir='ltr'>ιιι</span> <span class='ocrx_word' id='word_1_239' title='bbox 3611 1730 3907 1790; x_wconf 83' lang='lat' dir='ltr'><strong>ungueatur</strong></span> 
     </span>
    </p>
   </div>
   <div class='ocr_carea' id='block_1_33' title="bbox 603 1803 3904 1880">
    <p class='ocr_par' dir='ltr' id='par_1_33' title="bbox 603 1803 3904 1880">
     <span class='ocr_line' id='line_1_33' title="bbox 603 1803 3904 1880; baseline 0 -17"><span class='ocrx_word' id='word_1_240' title='bbox 603 1808 842 1880; x_wconf 87' lang='lat' dir='ltr'><strong>gregavit</strong></span> <span class='ocrx_word' id='word_1_241' title='bbox 870 1807 1107 1879; x_wconf 79' lang='lat' dir='ltr'><strong>Angelus</strong></span> <span class='ocrx_word' id='word_1_242' title='bbox 1128 1808 1196 1863; x_wconf 91' lang='lat' dir='ltr'><strong>de</strong></span> <span class='ocrx_word' id='word_1_243' title='bbox 1221 1817 1246 1844; x_wconf 76' lang='grc' dir='ltr'><strong>ιι</strong></span> <span class='ocrx_word' id='word_1_244' title='bbox 1296 1808 1439 1864; x_wconf 84' lang='lat' dir='ltr'><strong>LXX</strong></span> <span class='ocrx_word' id='word_1_245' title='bbox 1459 1850 1474 1874; x_wconf 89' lang='lat'><strong>,</strong></span> <span class='ocrx_word' id='word_1_246' title='bbox 1504 1820 1556 1864; x_wconf 91' lang='lat' dir='ltr'><strong>et</strong></span> <span class='ocrx_word' id='word_1_247' title='bbox 1589 1811 1764 1880; x_wconf 89' lang='lat' dir='ltr'><strong>posuit</strong></span> <span class='ocrx_word' id='word_1_248' title='bbox 1812 1810 1864 1864; x_wconf 95' lang='lat' dir='ltr'><strong>in</strong></span> <span class='ocrx_word' id='word_1_249' title='bbox 1911 1811 2203 1865; x_wconf 87' lang='lat' dir='ltr'><strong>novissima</strong></span> <span class='ocrx_word' id='word_1_250' title='bbox 2235 1807 2282 1868; x_wconf 90' lang='lat' dir='ltr'><strong>B</strong></span> <span class='ocrx_word' id='word_1_251' title='bbox 2314 1803 2625 1862; x_wconf 87' lang='lat' dir='ltr'><strong>llsanctum</strong></span> <span class='ocrx_word' id='word_1_252' title='bbox 2656 1815 2985 1864; x_wconf 90' lang='lat' dir='ltr'><strong>sanctorum.</strong></span> <span class='ocrx_word' id='word_1_253' title='bbox 3015 1816 3099 1844; x_wconf 73' lang='grc' dir='ltr'>ιω</span> <span class='ocrx_word' id='word_1_254' title='bbox 3125 1808 3302 1879; x_wconf 87' lang='lat' dir='ltr'><strong>Ipsum</strong></span> <span class='ocrx_word' id='word_1_255' title='bbox 3329 1819 3510 1866; x_wconf 86' lang='lat' dir='ltr'><strong>autem</strong></span> <span class='ocrx_word' id='word_1_256' title='bbox 3541 1810 3641 1867; x_wconf 80' lang='lat' dir='ltr'><strong>fuit</strong></span> <span class='ocrx_word' id='word_1_257' title='bbox 3670 1823 3904 1870; x_wconf 80' lang='lat' dir='ltr'><strong>sanctum</strong></span> 
     </span>
    </p>
   </div>
   <div class='ocr_carea' id='block_1_34' title="bbox 606 1905 2205 1978">
    <p class='ocr_par' dir='ltr' id='par_1_34' title="bbox 606 1905 2205 1978">
     <span class='ocr_line' id='line_1_34' title="bbox 606 1905 2205 1978; baseline 0.001 -16"><span class='ocrx_word' id='word_1_258' title='bbox 606 1906 790 1962; x_wconf 68' lang='lat' dir='ltr'><strong>saeculi</strong></span> <span class='ocrx_word' id='word_1_259' title='bbox 819 1915 1080 1974; x_wconf 88' lang='lat' dir='ltr'><strong>tempora.</strong></span> <span class='ocrx_word' id='word_1_260' title='bbox 1111 1905 1280 1973; x_wconf 85' lang='lat' dir='ltr'><strong>Quam</strong></span> <span class='ocrx_word' id='word_1_261' title='bbox 1331 1905 1722 1964; x_wconf 88' lang='lat' dir='ltr'><strong>hebdomadam</strong></span> <span class='ocrx_word' id='word_1_262' title='bbox 1768 1906 2205 1978; x_wconf 80' lang='lat' dir='ltr'><strong>recognoscimus</strong></span> 
     </span>
    </p>
   </div>
   <div class='ocr_carea' id='block_1_35' title="bbox 608 1997 2205 2072">
    <p class='ocr_par' dir='ltr' id='par_1_35' title="bbox 608 1997 2205 2072">
     <span class='ocr_line' id='line_1_35' title="bbox 608 1997 2205 2072; baseline 0.003 -18"><span class='ocrx_word' id='word_1_263' title='bbox 608 1997 810 2054; x_wconf 86' lang='lat' dir='ltr'><strong>habere</strong></span> <span class='ocrx_word' id='word_1_264' title='bbox 867 2013 1037 2054; x_wconf 87' lang='lat' dir='ltr'><strong>annos</strong></span> <span class='ocrx_word' id='word_1_265' title='bbox 1098 2009 1344 2069; x_wconf 84' lang='lat' dir='ltr'><strong>septem:</strong></span> <span class='ocrx_word' id='word_1_266' title='bbox 1395 1999 1446 2054; x_wconf 89' lang='lat' dir='ltr'><strong>in</strong></span> <span class='ocrx_word' id='word_1_267' title='bbox 1503 1999 1697 2070; x_wconf 82' lang='lat' dir='ltr'><strong>quibus</strong></span> <span class='ocrx_word' id='word_1_268' title='bbox 1763 2009 1975 2072; x_wconf 88' lang='lat' dir='ltr'><strong>oportet</strong></span> <span class='ocrx_word' id='word_1_269' title='bbox 2030 2001 2205 2072; x_wconf 91' lang='lat' dir='ltr'><strong>primo</strong></span> 
     </span>
    </p>
   </div>
   <div class='ocr_carea' id='block_1_36' title="bbox 606 2087 2204 2165">
    <p class='ocr_par' dir='ltr' id='par_1_36' title="bbox 606 2087 2204 2165">
     <span class='ocr_line' id='line_1_36' title="bbox 606 2087 2204 2165; baseline 0.003 -19"><span class='ocrx_word' id='word_1_270' title='bbox 606 2087 792 2146; x_wconf 84' lang='lat' dir='ltr'><strong>Enoch</strong></span> <span class='ocrx_word' id='word_1_271' title='bbox 838 2098 892 2144; x_wconf 90' lang='lat' dir='ltr'><strong>et</strong></span> <span class='ocrx_word' id='word_1_272' title='bbox 935 2089 1107 2144; x_wconf 90' lang='lat' dir='ltr'><strong>Eliam</strong></span> <span class='ocrx_word' id='word_1_273' title='bbox 1154 2092 1368 2159; x_wconf 89' lang='lat' dir='ltr'><strong>venire,</strong></span> <span class='ocrx_word' id='word_1_274' title='bbox 1399 2100 1456 2146; x_wconf 92' lang='lat' dir='ltr'><strong>et</strong></span> <span class='ocrx_word' id='word_1_275' title='bbox 1501 2105 1597 2162; x_wconf 86' lang='lat' dir='ltr'><strong>per</strong></span> <span class='ocrx_word' id='word_1_276' title='bbox 1637 2104 1661 2129; x_wconf 88' lang='grc' dir='ltr'><strong>υ</strong></span> <span class='ocrx_word' id='word_1_277' title='bbox 1689 2107 1838 2148; x_wconf 90' lang='lat' dir='ltr'><strong>suam</strong></span> <span class='ocrx_word' id='word_1_278' title='bbox 1870 2094 2204 2165; x_wconf 90' lang='lat' dir='ltr'><strong>prophetiam</strong></span> 
     </span>
    </p>
   </div>
   <div class='ocr_carea' id='block_1_37' title="bbox 606 2181 2206 2252">
    <p class='ocr_par' dir='ltr' id='par_1_37' title="bbox 606 2181 2206 2252">
     <span class='ocr_line' id='line_1_37' title="bbox 606 2181 2206 2252; baseline 0.003 -16"><span class='ocrx_word' id='word_1_279' title='bbox 606 2195 814 2252; x_wconf 76' lang='lat' dir='ltr'><strong>magna:</strong></span> <span class='ocrx_word' id='word_1_280' title='bbox 841 2181 1168 2236; x_wconf 91' lang='lat' dir='ltr'><strong>multitudini</strong></span> <span class='ocrx_word' id='word_1_281' title='bbox 1189 2182 1559 2252; x_wconf 86' lang='lat' dir='ltr'><strong>Evangelium,</strong></span> <span class='ocrx_word' id='word_1_282' title='bbox 1594 2183 1645 2238; x_wconf 90' lang='lat' dir='ltr'><strong>id</strong></span> <span class='ocrx_word' id='word_1_283' title='bbox 1683 2193 1768 2240; x_wconf 89' lang='lat' dir='ltr'><strong>est</strong></span> <span class='ocrx_word' id='word_1_284' title='bbox 1798 2199 1995 2240; x_wconf 89' lang='lat' dir='ltr'><strong>novum</strong></span> <span class='ocrx_word' id='word_1_285' title='bbox 2042 2194 2206 2242; x_wconf 88' lang='lat' dir='ltr'><strong>testa-</strong></span> 
     </span>
    </p>
   </div>
   <div class='ocr_carea' id='block_1_38' title="bbox 605 2274 2204 2350">
    <p class='ocr_par' dir='ltr' id='par_1_38' title="bbox 605 2274 2204 2350">
     <span class='ocr_line' id='line_1_38' title="bbox 605 2274 2204 2350; baseline 0.003 -20"><span class='ocrx_word' id='word_1_286' title='bbox 605 2283 876 2339; x_wconf 87' lang='lat' dir='ltr'><strong>mentum,</strong></span> <span class='ocrx_word' id='word_1_287' title='bbox 902 2274 1245 2331; x_wconf 91' lang='lat' dir='ltr'><strong>confirmare.</strong></span> <span class='ocrx_word' id='word_1_288' title='bbox 1275 2285 1303 2325; x_wconf 73' lang='grc' dir='ltr'><strong>ι)</strong></span> <span class='ocrx_word' id='word_1_289' title='bbox 1325 2275 1417 2332; x_wconf 90' lang='lat' dir='ltr'><strong>Sic</strong></span> <span class='ocrx_word' id='word_1_290' title='bbox 1453 2279 1651 2333; x_wconf 91' lang='lat' dir='ltr'><strong>etenim</strong></span> <span class='ocrx_word' id='word_1_291' title='bbox 1696 2276 1994 2334; x_wconf 90' lang='lat' dir='ltr'><strong>audivimus</strong></span> <span class='ocrx_word' id='word_1_292' title='bbox 2021 2279 2204 2350; x_wconf 81' lang='lat' dir='ltr'><strong>Ange-</strong></span> 
     </span>
    </p>
   </div>
   <div class='ocr_carea' id='block_1_39' title="bbox 607 2364 2205 2428">
    <p class='ocr_par' dir='ltr' id='par_1_39' title="bbox 607 2364 2205 2428">
     <span class='ocr_line' id='line_1_39' title="bbox 607 2364 2205 2428; baseline 0.004 -7"><span class='ocrx_word' id='word_1_293' title='bbox 607 2364 717 2422; x_wconf 92' lang='lat' dir='ltr'><strong>lum</strong></span> <span class='ocrx_word' id='word_1_294' title='bbox 757 2378 785 2417; x_wconf 72' lang='grc' dir='ltr'><strong>(ι</strong></span> <span class='ocrx_word' id='word_1_295' title='bbox 824 2367 1028 2422; x_wconf 87' lang='lat' dir='ltr'><strong>Danieli</strong></span> <span class='ocrx_word' id='word_1_296' title='bbox 1055 2367 1259 2424; x_wconf 78' lang='lat' dir='ltr'><strong>dixisse</strong></span> <span class='ocrx_word' id='word_1_297' title='bbox 1295 2387 1309 2424; x_wconf 88' lang='lat'><strong>:</strong></span> <span class='ocrx_word' id='word_1_298' title='bbox 1344 2387 1364 2422; x_wconf 73' lang='grc' dir='ltr'>ι</span> <span class='ocrx_word' id='word_1_299' title='bbox 1395 2380 1416 2408; x_wconf 75' lang='grc' dir='ltr'><strong><em>τ</em></strong></span> <span class='ocrx_word' id='word_1_300' title='bbox 1449 2367 1802 2426; x_wconf 88' lang='lat' dir='ltr'><strong>Confirmabit</strong></span> <span class='ocrx_word' id='word_1_301' title='bbox 1823 2379 2205 2428; x_wconf 91' lang='lat' dir='ltr'><strong>testamentum</strong></span> 
     </span>
    </p>
   </div>
   <div class='ocr_carea' id='block_1_40' title="bbox 607 2457 2206 2534">
    <p class='ocr_par' dir='ltr' id='par_1_40' title="bbox 607 2457 2206 2534">
     <span class='ocr_line' id='line_1_40' title="bbox 607 2457 2206 2534; baseline 0.007 -22"><span class='ocrx_word' id='word_1_302' title='bbox 607 2457 795 2513; x_wconf 86' lang='lat' dir='ltr'><strong>multis</strong></span> <span class='ocrx_word' id='word_1_303' title='bbox 817 2457 1111 2514; x_wconf 87' lang='lat' dir='ltr'><strong>hebdomas</strong></span> <span class='ocrx_word' id='word_1_304' title='bbox 1141 2475 1264 2514; x_wconf 89' lang='lat' dir='ltr'><strong>una.</strong></span> <span class='ocrx_word' id='word_1_305' title='bbox 1300 2460 1366 2516; x_wconf 89' lang='lat' dir='ltr'><strong>Et</strong></span> <span class='ocrx_word' id='word_1_306' title='bbox 1393 2462 1444 2516; x_wconf 93' lang='lat' dir='ltr'><strong>in</strong></span> <span class='ocrx_word' id='word_1_307' title='bbox 1475 2461 1699 2517; x_wconf 91' lang='lat' dir='ltr'><strong>dimidio</strong></span> <span class='ocrx_word' id='word_1_308' title='bbox 1719 2505 1732 2528; x_wconf 92' lang='lat'><strong>,</strong></span> <span class='ocrx_word' id='word_1_309' title='bbox 1767 2462 1970 2534; x_wconf 86' lang='lat' dir='ltr'><strong>inquit,</strong></span> <span class='ocrx_word' id='word_1_310' title='bbox 2004 2463 2206 2523; x_wconf 81' lang='lat' dir='ltr'><strong>hebdo-</strong></span> 
     </span>
    </p>
   </div>
   <div class='ocr_carea' id='block_1_41' title="bbox 607 2551 2206 2616">
    <p class='ocr_par' dir='ltr' id='par_1_41' title="bbox 607 2551 2206 2616">
     <span class='ocr_line' id='line_1_41' title="bbox 607 2551 2206 2616; baseline 0.005 -9"><span class='ocrx_word' id='word_1_311' title='bbox 607 2551 785 2608; x_wconf 89' lang='lat' dir='ltr'><strong>madis</strong></span> <span class='ocrx_word' id='word_1_312' title='bbox 808 2551 1084 2610; x_wconf 86' lang='lat' dir='ltr'><strong>auferetur</strong></span> <span class='ocrx_word' id='word_1_313' title='bbox 1109 2568 1289 2610; x_wconf 92' lang='lat' dir='ltr'><strong>meum</strong></span> <span class='ocrx_word' id='word_1_314' title='bbox 1312 2554 1636 2612; x_wconf 82' lang='lat' dir='ltr'><strong>sacrificium</strong></span> <span class='ocrx_word' id='word_1_315' title='bbox 1666 2565 1721 2613; x_wconf 92' lang='lat' dir='ltr'><strong>et</strong></span> <span class='ocrx_word' id='word_1_316' title='bbox 1744 2557 1948 2614; x_wconf 90' lang='lat' dir='ltr'><strong>libatio.</strong></span> <span class='ocrx_word' id='word_1_317' title='bbox 1982 2577 2001 2612; x_wconf 72' lang='grc' dir='ltr'><strong>ι</strong></span> <span class='ocrx_word' id='word_1_318' title='bbox 2035 2559 2206 2616; x_wconf 89' lang='lat' dir='ltr'><strong>Dimi-</strong></span> 
     </span>
    </p>
   </div>
   <div class='ocr_carea' id='block_1_42' title="bbox 608 2645 2210 2723">
    <p class='ocr_par' dir='ltr' id='par_1_42' title="bbox 608 2645 2210 2723">
     <span class='ocr_line' id='line_1_42' title="bbox 608 2645 2210 2723; baseline 0.005 -21"><span class='ocrx_word' id='word_1_319' title='bbox 608 2645 756 2702; x_wconf 88' lang='lat' dir='ltr'><strong>dium</strong></span> <span class='ocrx_word' id='word_1_320' title='bbox 810 2657 989 2702; x_wconf 89' lang='lat' dir='ltr'><strong>autem</strong></span> <span class='ocrx_word' id='word_1_321' title='bbox 1045 2647 1426 2715; x_wconf 87' lang='lat' dir='ltr'><strong>hebdomadis,</strong></span> <span class='ocrx_word' id='word_1_322' title='bbox 1487 2659 1698 2723; x_wconf 90' lang='lat' dir='ltr'><strong>tempus</strong></span> <span class='ocrx_word' id='word_1_323' title='bbox 1750 2661 1804 2708; x_wconf 91' lang='lat' dir='ltr'><strong>et</strong></span> <span class='ocrx_word' id='word_1_324' title='bbox 1859 2661 2100 2723; x_wconf 90' lang='lat' dir='ltr'><strong>tempora</strong></span> <span class='ocrx_word' id='word_1_325' title='bbox 2153 2662 2210 2710; x_wconf 91' lang='lat' dir='ltr'><strong>et</strong></span> 
     </span>
    </p>
   </div>
   <div class='ocr_carea' id='block_1_43' title="bbox 615 2730 2210 2812">
    <p class='ocr_par' dir='ltr' id='par_1_43' title="bbox 615 2730 2210 2812">
     <span class='ocr_line' id='line_1_43' title="bbox 615 2730 2210 2812; baseline 0.006 -20"><span class='ocrx_word' id='word_1_326' title='bbox 615 2735 896 2793; x_wconf 89' lang='lat' dir='ltr'><strong>dimidium</strong></span> <span class='ocrx_word' id='word_1_327' title='bbox 941 2739 1196 2809; x_wconf 91' lang='lat' dir='ltr'><strong>temporis</strong></span> <span class='ocrx_word' id='word_1_328' title='bbox 1239 2730 1513 2802; x_wconf 80' lang='lat' dir='ltr'><strong>Ostendit:</strong></span> <span class='ocrx_word' id='word_1_329' title='bbox 1544 2741 1688 2812; x_wconf 88' lang='lat' dir='ltr'><strong>quod</strong></span> <span class='ocrx_word' id='word_1_330' title='bbox 1726 2752 1810 2800; x_wconf 86' lang='lat' dir='ltr'><strong>est</strong></span> <span class='ocrx_word' id='word_1_331' title='bbox 1833 2744 2116 2800; x_wconf 88' lang='lat' dir='ltr'><strong>triennium</strong></span> <span class='ocrx_word' id='word_1_332' title='bbox 2156 2752 2210 2801; x_wconf 91' lang='lat' dir='ltr'><strong>et</strong></span> 
     </span>
    </p>
   </div>
   <div class='ocr_carea' id='block_1_44' title="bbox 608 2832 2210 2910">
    <p class='ocr_par' dir='ltr' id='par_1_44' title="bbox 608 2832 2210 2910">
     <span class='ocr_line' id='line_1_44' title="bbox 608 2832 2210 2910; baseline 0.004 -24"><span class='ocrx_word' id='word_1_333' title='bbox 608 2844 822 2887; x_wconf 84' lang='lat' dir='ltr'><strong>menses</strong></span> <span class='ocrx_word' id='word_1_334' title='bbox 848 2846 978 2897; x_wconf 87' lang='lat' dir='ltr'><strong>sex;</strong></span> <span class='ocrx_word' id='word_1_335' title='bbox 1012 2843 1033 2869; x_wconf 68' lang='grc' dir='ltr'>δ</span> <span class='ocrx_word' id='word_1_336' title='bbox 1063 2833 1151 2902; x_wconf 87' lang='lat' dir='ltr'><strong>qui</strong></span> <span class='ocrx_word' id='word_1_337' title='bbox 1188 2832 1320 2888; x_wconf 90' lang='lat' dir='ltr'><strong>fiunt</strong></span> <span class='ocrx_word' id='word_1_338' title='bbox 1349 2833 1494 2899; x_wconf 87' lang='lat' dir='ltr'><strong>dies.</strong></span> <span class='ocrx_word' id='word_1_339' title='bbox 1537 2835 1830 2892; x_wconf 88' lang='lat' dir='ltr'><strong>secundum</strong></span> <span class='ocrx_word' id='word_1_340' title='bbox 1863 2838 1882 2873; x_wconf 68' lang='grc' dir='ltr'>ί</span> <span class='ocrx_word' id='word_1_341' title='bbox 1910 2837 2210 2910; x_wconf 80' lang='lat' dir='ltr'><strong>Apocalyp-</strong></span> 
     </span>
    </p>
   </div>
   <div class='ocr_carea' id='block_1_45' title="bbox 609 2923 2210 2996">
    <p class='ocr_par' dir='ltr' id='par_1_45' title="bbox 609 2923 2210 2996">
     <span class='ocr_line' id='line_1_45' title="bbox 609 2923 2210 2996; baseline 0.004 -18"><span class='ocrx_word' id='word_1_342' title='bbox 609 2924 726 2991; x_wconf 85' lang='lat' dir='ltr'><strong>sin,</strong></span> <span class='ocrx_word' id='word_1_343' title='bbox 771 2923 917 2979; x_wconf 91' lang='lat' dir='ltr'><strong>mille</strong></span> <span class='ocrx_word' id='word_1_344' title='bbox 951 2923 1148 2979; x_wconf 77' lang='lat' dir='ltr'>CCLX.</span> <span class='ocrx_word' id='word_1_345' title='bbox 1184 2925 1240 2980; x_wconf 92' lang='lat' dir='ltr'><strong>In</strong></span> <span class='ocrx_word' id='word_1_346' title='bbox 1272 2926 1464 2996; x_wconf 90' lang='lat' dir='ltr'><strong>quibus</strong></span> <span class='ocrx_word' id='word_1_347' title='bbox 1499 2926 1690 2984; x_wconf 91' lang='lat' dir='ltr'><strong>diebus</strong></span> <span class='ocrx_word' id='word_1_348' title='bbox 1730 2927 1824 2984; x_wconf 91' lang='lat' dir='ltr'><strong>ille</strong></span> <span class='ocrx_word' id='word_1_349' title='bbox 1849 2928 2210 2985; x_wconf 89' lang='lat' dir='ltr'><strong>Antichristus</strong></span> 
     </span>
    </p>
   </div>
   <div class='ocr_carea' id='block_1_46' title="bbox 610 3015 2210 3087">
    <p class='ocr_par' dir='ltr' id='par_1_46' title="bbox 610 3015 2210 3087">
     <span class='ocr_line' id='line_1_46' title="bbox 610 3015 2210 3087; baseline 0.003 -15"><span class='ocrx_word' id='word_1_350' title='bbox 610 3029 858 3087; x_wconf 88' lang='lat' dir='ltr'><strong>magnam</strong></span> <span class='ocrx_word' id='word_1_351' title='bbox 890 3015 1046 3072; x_wconf 86' lang='lat' dir='ltr'><strong>faciet</strong></span> <span class='ocrx_word' id='word_1_352' title='bbox 1068 3017 1420 3072; x_wconf 89' lang='lat' dir='ltr'><strong>vastationem</strong></span> <span class='ocrx_word' id='word_1_353' title='bbox 1451 3037 1465 3075; x_wconf 89' lang='lat'><strong>:</strong></span> <span class='ocrx_word' id='word_1_354' title='bbox 1491 3028 1544 3074; x_wconf 93' lang='lat' dir='ltr'><strong>et</strong></span> <span class='ocrx_word' id='word_1_355' title='bbox 1575 3019 1697 3076; x_wconf 92' lang='lat' dir='ltr'><strong>ideo</strong></span> <span class='ocrx_word' id='word_1_356' title='bbox 1725 3028 1850 3076; x_wconf 90' lang='lat' dir='ltr'><strong>tunc</strong></span> <span class='ocrx_word' id='word_1_357' title='bbox 1871 3034 2030 3076; x_wconf 91' lang='lat' dir='ltr'><strong>nemo</strong></span> <span class='ocrx_word' id='word_1_358' title='bbox 2056 3020 2210 3076; x_wconf 88' lang='lat' dir='ltr'><strong>Chri-</strong></span> 
     </span>
    </p>
   </div>
   <div class='ocr_carea' id='block_1_47' title="bbox 615 3111 2209 3186">
    <p class='ocr_par' dir='ltr' id='par_1_47' title="bbox 615 3111 2209 3186">
     <span class='ocr_line' id='line_1_47' title="bbox 615 3111 2209 3186; baseline 0.003 -20"><span class='ocrx_word' id='word_1_359' title='bbox 615 3111 914 3167; x_wconf 83' lang='lat' dir='ltr'><strong>stianorum</strong></span> <span class='ocrx_word' id='word_1_360' title='bbox 959 3111 1153 3182; x_wconf 89' lang='lat' dir='ltr'><strong>poterit</strong></span> <span class='ocrx_word' id='word_1_361' title='bbox 1183 3111 1295 3168; x_wconf 91' lang='lat' dir='ltr'><strong>Deo</strong></span> <span class='ocrx_word' id='word_1_362' title='bbox 1321 3111 1642 3168; x_wconf 81' lang='lat' dir='ltr'><strong>sacriﬁcium</strong></span> <span class='ocrx_word' id='word_1_363' title='bbox 1696 3113 1890 3170; x_wconf 81' lang='lat' dir='ltr'><strong>otl‘erre</strong></span> <span class='ocrx_word' id='word_1_364' title='bbox 1910 3156 1924 3179; x_wconf 88' lang='lat'><strong>,</strong></span> <span class='ocrx_word' id='word_1_365' title='bbox 1957 3115 2209 3186; x_wconf 89' lang='lat' dir='ltr'><strong>quoniam</strong></span> 
     </span>
    </p>
   </div>
   <div class='ocr_carea' id='block_1_48' title="bbox 2310 1900 3907 1977">
    <p class='ocr_par' dir='ltr' id='par_1_48' title="bbox 2310 1900 3907 1977">
     <span class='ocr_line' id='line_1_48' title="bbox 2310 1900 3907 1977; baseline 0.004 -20"><span class='ocrx_word' id='word_1_366' title='bbox 2310 1914 2620 1958; x_wconf 83' lang='lat' dir='ltr'><strong>sanetorum</strong></span> <span class='ocrx_word' id='word_1_367' title='bbox 2663 1901 2716 1956; x_wconf 92' lang='lat' dir='ltr'><strong>in</strong></span> <span class='ocrx_word' id='word_1_368' title='bbox 2769 1900 3058 1974; x_wconf 76' lang='lat' dir='ltr'><strong>imaginem</strong></span> <span class='ocrx_word' id='word_1_369' title='bbox 3111 1901 3342 1959; x_wconf 90' lang='lat' dir='ltr'><strong>hominis</strong></span> <span class='ocrx_word' id='word_1_370' title='bbox 3370 1911 3436 1941; x_wconf 71' lang='grc' dir='ltr'><strong>’τυ</strong></span> <span class='ocrx_word' id='word_1_371' title='bbox 3458 1913 3715 1974; x_wconf 89' lang='lat' dir='ltr'><strong>unctum,</strong></span> <span class='ocrx_word' id='word_1_372' title='bbox 3764 1909 3907 1977; x_wconf 86' lang='lat' dir='ltr'><strong>quod</strong></span> 
     </span>
    </p>
   </div>
   <div class='ocr_carea' id='block_1_49' title="bbox 2308 1993 3909 2066">
    <p class='ocr_par' dir='ltr' id='par_1_49' title="bbox 2308 1993 3909 2066">
     <span class='ocr_line' id='line_1_49' title="bbox 2308 1993 3909 2066; baseline 0.004 -16"><span class='ocrx_word' id='word_1_373' title='bbox 2308 2009 2430 2050; x_wconf 83' lang='lat' dir='ltr'><strong>cum</strong></span> <span class='ocrx_word' id='word_1_374' title='bbox 2483 1994 2596 2065; x_wconf 91' lang='lat' dir='ltr'><strong>ipsa</strong></span> <span class='ocrx_word' id='word_1_375' title='bbox 2650 1993 2897 2060; x_wconf 85' lang='lat' dir='ltr'><strong>civitate,</strong></span> <span class='ocrx_word' id='word_1_376' title='bbox 2929 2002 2985 2030; x_wconf 86' lang='grc' dir='ltr'><strong>υο</strong></span> <span class='ocrx_word' id='word_1_377' title='bbox 3018 2009 3116 2066; x_wconf 93' lang='lat' dir='ltr'><strong>pro</strong></span> <span class='ocrx_word' id='word_1_378' title='bbox 3159 1994 3469 2053; x_wconf 86' lang='lat' dir='ltr'><strong>infidelitate</strong></span> <span class='ocrx_word' id='word_1_379' title='bbox 3493 1996 3800 2054; x_wconf 68' lang='lat' dir='ltr'><strong>Judzrorum</strong></span> <span class='ocrx_word' id='word_1_380' title='bbox 3843 2002 3909 2058; x_wconf 85' lang='lat' dir='ltr'><strong>ab</strong></span> 
     </span>
    </p>
   </div>
   <div class='ocr_carea' id='block_1_50' title="bbox 2309 2087 3907 2162">
    <p class='ocr_par' dir='ltr' id='par_1_50' title="bbox 2309 2087 3907 2162">
     <span class='ocr_line' id='line_1_50' title="bbox 2309 2087 3907 2162; baseline 0.004 -20"><span class='ocrx_word' id='word_1_381' title='bbox 2309 2087 2427 2160; x_wconf 87' lang='lat' dir='ltr'><strong>ipso</strong></span> <span class='ocrx_word' id='word_1_382' title='bbox 2478 2087 2704 2144; x_wconf 90' lang='lat' dir='ltr'><strong>Domino</strong></span> <span class='ocrx_word' id='word_1_383' title='bbox 2755 2096 2942 2142; x_wconf 89' lang='lat' dir='ltr'><strong>nostro</strong></span> <span class='ocrx_word' id='word_1_384' title='bbox 2983 2087 3176 2142; x_wconf 91' lang='lat' dir='ltr'><strong>iterum</strong></span> <span class='ocrx_word' id='word_1_385' title='bbox 3227 2089 3561 2160; x_wconf 88' lang='lat' dir='ltr'><strong>temporibus</strong></span> <span class='ocrx_word' id='word_1_386' title='bbox 3589 2088 3907 2162; x_wconf 84' lang='lat' dir='ltr'><strong>Vespasiani</strong></span> 
     </span>
    </p>
   </div>
   <div class='ocr_carea' id='block_1_51' title="bbox 2308 2177 3912 2254">
    <p class='ocr_par' dir='ltr' id='par_1_51' title="bbox 2308 2177 3912 2254">
     <span class='ocr_line' id='line_1_51' title="bbox 2308 2177 3912 2254; baseline 0.001 -18"><span class='ocrx_word' id='word_1_387' title='bbox 2308 2187 2392 2236; x_wconf 89' lang='lat' dir='ltr'><strong>cst</strong></span> <span class='ocrx_word' id='word_1_388' title='bbox 2420 2178 2855 2234; x_wconf 85' lang='lat' dir='ltr'><strong>exterminatum.</strong></span> <span class='ocrx_word' id='word_1_389' title='bbox 2889 2187 2948 2228; x_wconf 79' lang='lat' dir='ltr'><strong>pr</strong></span> <span class='ocrx_word' id='word_1_390' title='bbox 2970 2177 3062 2234; x_wconf 90' lang='lat' dir='ltr'><strong>Sic</strong></span> <span class='ocrx_word' id='word_1_391' title='bbox 3090 2177 3267 2234; x_wconf 86' lang='lat' dir='ltr'><strong>fuerat</strong></span> <span class='ocrx_word' id='word_1_392' title='bbox 3293 2179 3435 2235; x_wconf 92' lang='lat' dir='ltr'><strong>enim</strong></span> <span class='ocrx_word' id='word_1_393' title='bbox 3459 2181 3512 2236; x_wconf 89' lang='lat' dir='ltr'><strong>in</strong></span> <span class='ocrx_word' id='word_1_394' title='bbox 3539 2179 3731 2237; x_wconf 89' lang='lat' dir='ltr'><strong>eodem</strong></span> <span class='ocrx_word' id='word_1_395' title='bbox 3773 2184 3912 2254; x_wconf 57' lang='lat' dir='ltr'><strong>capi.</strong></span> 
     </span>
    </p>
   </div>
   <div class='ocr_carea' id='block_1_52' title="bbox 2309 2271 3914 2345">
    <p class='ocr_par' dir='ltr' id='par_1_52' title="bbox 2309 2271 3914 2345">
     <span class='ocr_line' id='line_1_52' title="bbox 2309 2271 3914 2345; baseline 0.006 -19"><span class='ocrx_word' id='word_1_396' title='bbox 2309 2271 2424 2327; x_wconf 92' lang='lat' dir='ltr'><strong>tulo</strong></span> <span class='ocrx_word' id='word_1_397' title='bbox 2449 2271 2590 2343; x_wconf 91' lang='lat' dir='ltr'><strong>quod</strong></span> <span class='ocrx_word' id='word_1_398' title='bbox 2620 2273 2937 2344; x_wconf 80' lang='lat' dir='ltr'><strong>exponimus</strong></span> <span class='ocrx_word' id='word_1_399' title='bbox 2960 2271 3244 2345; x_wconf 89' lang='lat' dir='ltr'><strong>scriptum,</strong></span> <span class='ocrx_word' id='word_1_400' title='bbox 3267 2292 3287 2328; x_wconf 78' lang='grc' dir='ltr'>ι</span> <span class='ocrx_word' id='word_1_401' title='bbox 3309 2283 3365 2330; x_wconf 91' lang='lat' dir='ltr'><strong>et</strong></span> <span class='ocrx_word' id='word_1_402' title='bbox 3395 2283 3516 2345; x_wconf 88' lang='lat' dir='ltr'><strong>post</strong></span> <span class='ocrx_word' id='word_1_403' title='bbox 3542 2285 3601 2325; x_wconf 73' lang='grc' dir='ltr'><strong>ιιιι</strong></span> <span class='ocrx_word' id='word_1_404' title='bbox 3631 2274 3770 2333; x_wconf 80' lang='lat' dir='ltr'>LXII</span> <span class='ocrx_word' id='word_1_405' title='bbox 3786 2277 3914 2334; x_wconf 85' lang='lat' dir='ltr'><strong>heb-</strong></span> 
     </span>
    </p>
   </div>
   <div class='ocr_carea' id='block_1_53' title="bbox 2308 2363 3912 2438">
    <p class='ocr_par' dir='ltr' id='par_1_53' title="bbox 2308 2363 3912 2438">
     <span class='ocr_line' id='line_1_53' title="bbox 2308 2363 3912 2438; baseline 0.004 -17"><span class='ocrx_word' id='word_1_406' title='bbox 2308 2363 2566 2422; x_wconf 90' lang='lat' dir='ltr'><strong>domadas</strong></span> <span class='ocrx_word' id='word_1_407' title='bbox 2594 2377 2646 2405; x_wconf 78' lang='grc' dir='ltr'>η</span> <span class='ocrx_word' id='word_1_408' title='bbox 2669 2365 2950 2438; x_wconf 88' lang='lat' dir='ltr'><strong>disperibit</strong></span> <span class='ocrx_word' id='word_1_409' title='bbox 2968 2365 3171 2434; x_wconf 90' lang='lat' dir='ltr'><strong>unctio,</strong></span> <span class='ocrx_word' id='word_1_410' title='bbox 3195 2374 3250 2423; x_wconf 92' lang='lat' dir='ltr'><strong>et</strong></span> <span class='ocrx_word' id='word_1_411' title='bbox 3288 2365 3550 2437; x_wconf 81' lang='lat' dir='ltr'><strong>judicium</strong></span> <span class='ocrx_word' id='word_1_412' title='bbox 3595 2384 3704 2425; x_wconf 88' lang='lat' dir='ltr'><strong>non</strong></span> <span class='ocrx_word' id='word_1_413' title='bbox 3740 2380 3823 2426; x_wconf 84' lang='lat' dir='ltr'><strong>est</strong></span> <span class='ocrx_word' id='word_1_414' title='bbox 3857 2376 3912 2427; x_wconf 87' lang='lat' dir='ltr'><strong>tn</strong></span> 
     </span>
    </p>
   </div>
   <div class='ocr_carea' id='block_1_54' title="bbox 2308 2457 3906 2534">
    <p class='ocr_par' dir='ltr' id='par_1_54' title="bbox 2308 2457 3906 2534">
     <span class='ocr_line' id='line_1_54' title="bbox 2308 2457 3906 2534; baseline 0.003 -19"><span class='ocrx_word' id='word_1_415' title='bbox 2308 2473 2404 2524; x_wconf 90' lang='lat' dir='ltr'><strong>eo,</strong></span> <span class='ocrx_word' id='word_1_416' title='bbox 2459 2467 2514 2515; x_wconf 92' lang='lat' dir='ltr'><strong>et</strong></span> <span class='ocrx_word' id='word_1_417' title='bbox 2542 2459 2812 2516; x_wconf 87' lang='lat' dir='ltr'><strong>civitatem</strong></span> <span class='ocrx_word' id='word_1_418' title='bbox 2861 2468 2918 2517; x_wconf 91' lang='lat' dir='ltr'><strong>et</strong></span> <span class='ocrx_word' id='word_1_419' title='bbox 2963 2457 3097 2516; x_wconf 90' lang='lat' dir='ltr'><strong>illud</strong></span> <span class='ocrx_word' id='word_1_420' title='bbox 3145 2467 3396 2516; x_wconf 89' lang='lat' dir='ltr'><strong>sanctum</strong></span> <span class='ocrx_word' id='word_1_421' title='bbox 3435 2472 3750 2534; x_wconf 90' lang='lat' dir='ltr'><strong>corrumpet</strong></span> <span class='ocrx_word' id='word_1_422' title='bbox 3788 2480 3906 2522; x_wconf 90' lang='lat' dir='ltr'><strong>cum</strong></span> 
     </span>
    </p>
   </div>
   <div class='ocr_carea' id='block_1_55' title="bbox 2310 2551 3912 2629">
    <p class='ocr_par' dir='ltr' id='par_1_55' title="bbox 2310 2551 3912 2629">
     <span class='ocr_line' id='line_1_55' title="bbox 2310 2551 3912 2629; baseline 0.003 -21"><span class='ocrx_word' id='word_1_423' title='bbox 2310 2551 2403 2608; x_wconf 91' lang='lat' dir='ltr'><strong>illo</strong></span> <span class='ocrx_word' id='word_1_424' title='bbox 2421 2551 2558 2609; x_wconf 91' lang='lat' dir='ltr'><strong>duce</strong></span> <span class='ocrx_word' id='word_1_425' title='bbox 2572 2553 2664 2624; x_wconf 88' lang='lat' dir='ltr'><strong>qui</strong></span> <span class='ocrx_word' id='word_1_426' title='bbox 2680 2554 2856 2610; x_wconf 82' lang='lat' dir='ltr'><strong>veniet</strong></span> <span class='ocrx_word' id='word_1_427' title='bbox 2869 2594 2883 2618; x_wconf 87' lang='lat'><strong>.</strong></span> <span class='ocrx_word' id='word_1_428' title='bbox 2906 2561 2961 2591; x_wconf 77' lang='grc' dir='ltr'><strong>ι·</strong></span> <span class='ocrx_word' id='word_1_429' title='bbox 2990 2561 3045 2608; x_wconf 90' lang='lat' dir='ltr'><strong>et</strong></span> <span class='ocrx_word' id='word_1_430' title='bbox 3065 2551 3382 2610; x_wconf 87' lang='lat' dir='ltr'><strong>excidentur</strong></span> <span class='ocrx_word' id='word_1_431' title='bbox 3401 2555 3420 2590; x_wconf 72' lang='grc' dir='ltr'>ί</span> <span class='ocrx_word' id='word_1_432' title='bbox 3436 2555 3454 2590; x_wconf 70' lang='grc' dir='ltr'>ί</span> <span class='ocrx_word' id='word_1_433' title='bbox 3482 2555 3536 2610; x_wconf 92' lang='lat' dir='ltr'><strong>in</strong></span> <span class='ocrx_word' id='word_1_434' title='bbox 3553 2557 3880 2629; x_wconf 76' lang='lat' dir='ltr'><strong>cataclysmo</strong></span> <span class='ocrx_word' id='word_1_435' title='bbox 3896 2600 3912 2626; x_wconf 88' lang='lat'><strong>,</strong></span> 
     </span>
    </p>
   </div>
   <div class='ocr_carea' id='block_1_56' title="bbox 2311 2644 3917 2716">
    <p class='ocr_par' dir='ltr' id='par_1_56' title="bbox 2311 2644 3917 2716">
     <span class='ocr_line' id='line_1_56' title="bbox 2311 2644 3917 2716; baseline 0.003 -16"><span class='ocrx_word' id='word_1_436' title='bbox 2311 2649 2370 2680; x_wconf 72' lang='grc' dir='ltr'><strong>ἰιι</strong></span> <span class='ocrx_word' id='word_1_437' title='bbox 2392 2653 2446 2700; x_wconf 89' lang='lat' dir='ltr'><strong>et</strong></span> <span class='ocrx_word' id='word_1_438' title='bbox 2475 2659 2644 2716; x_wconf 89' lang='lat' dir='ltr'><strong>usque</strong></span> <span class='ocrx_word' id='word_1_439' title='bbox 2677 2645 2746 2701; x_wconf 88' lang='lat' dir='ltr'><strong>ad</strong></span> <span class='ocrx_word' id='word_1_440' title='bbox 2773 2645 2934 2702; x_wconf 90' lang='lat' dir='ltr'><strong>finem</strong></span> <span class='ocrx_word' id='word_1_441' title='bbox 2964 2644 3090 2702; x_wconf 89' lang='lat' dir='ltr'><strong>belli</strong></span> <span class='ocrx_word' id='word_1_442' title='bbox 3118 2645 3343 2701; x_wconf 87' lang='lat' dir='ltr'><strong>breviati</strong></span> <span class='ocrx_word' id='word_1_443' title='bbox 3372 2656 3429 2685; x_wconf 72' lang='grc' dir='ltr'><strong>τ*</strong></span> <span class='ocrx_word' id='word_1_444' title='bbox 3455 2649 3779 2704; x_wconf 85' lang='lat' dir='ltr'><strong>exterminii.</strong></span> <span class='ocrx_word' id='word_1_445' title='bbox 3807 2650 3917 2706; x_wconf 79' lang='lat' dir='ltr'><strong>Ex-</strong></span> 
     </span>
    </p>
   </div>
   <div class='ocr_carea' id='block_1_57' title="bbox 2311 2734 3916 2811">
    <p class='ocr_par' dir='ltr' id='par_1_57' title="bbox 2311 2734 3916 2811">
     <span class='ocr_line' id='line_1_57' title="bbox 2311 2734 3916 2811; baseline 0.006 -20"><span class='ocrx_word' id='word_1_446' title='bbox 2311 2734 2580 2805; x_wconf 90' lang='lat' dir='ltr'><strong>cidentur,</strong></span> <span class='ocrx_word' id='word_1_447' title='bbox 2613 2746 2668 2774; x_wconf 75' lang='grc' dir='ltr'>ιι</span> <span class='ocrx_word' id='word_1_448' title='bbox 2699 2737 2908 2808; x_wconf 92' lang='lat' dir='ltr'><strong>inquit,</strong></span> <span class='ocrx_word' id='word_1_449' title='bbox 2951 2737 3004 2792; x_wconf 90' lang='lat' dir='ltr'><strong>in</strong></span> <span class='ocrx_word' id='word_1_450' title='bbox 3033 2737 3422 2810; x_wconf 64' lang='lat' dir='ltr'><strong>eataclysmo.»</strong></span> <span class='ocrx_word' id='word_1_451' title='bbox 3450 2739 3524 2796; x_wconf 89' lang='lat' dir='ltr'><strong>De</strong></span> <span class='ocrx_word' id='word_1_452' title='bbox 3568 2741 3756 2811; x_wconf 87' lang='lat' dir='ltr'><strong>quibus</strong></span> <span class='ocrx_word' id='word_1_453' title='bbox 3806 2743 3916 2801; x_wconf 78' lang='lat' dir='ltr'><strong>hoc</strong></span> 
     </span>
    </p>
   </div>
   <div class='ocr_carea' id='block_1_58' title="bbox 2311 2828 3911 2904">
    <p class='ocr_par' dir='ltr' id='par_1_58' title="bbox 2311 2828 3911 2904">
     <span class='ocr_line' id='line_1_58' title="bbox 2311 2828 3911 2904; baseline 0.006 -20"><span class='ocrx_word' id='word_1_454' title='bbox 2311 2838 2372 2879; x_wconf 69' lang='grc' dir='ltr'><em>Π</em></span> <span class='ocrx_word' id='word_1_455' title='bbox 2401 2828 2574 2885; x_wconf 82' lang='lat' dir='ltr'><strong>dixit?</strong></span> <span class='ocrx_word' id='word_1_456' title='bbox 2602 2828 2798 2902; x_wconf 91' lang='lat' dir='ltr'><strong>Utique</strong></span> <span class='ocrx_word' id='word_1_457' title='bbox 2822 2831 2891 2888; x_wconf 92' lang='lat' dir='ltr'><strong>de</strong></span> <span class='ocrx_word' id='word_1_458' title='bbox 2917 2831 3051 2903; x_wconf 90' lang='lat' dir='ltr'><strong>ipsis</strong></span> <span class='ocrx_word' id='word_1_459' title='bbox 3078 2830 3304 2897; x_wconf 68' lang='lat' dir='ltr'><strong>Iudaeis,</strong></span> <span class='ocrx_word' id='word_1_460' title='bbox 3334 2833 3450 2904; x_wconf 91' lang='lat' dir='ltr'><strong>qui,</strong></span> <span class='ocrx_word' id='word_1_461' title='bbox 3482 2844 3594 2904; x_wconf 83' lang='lat' dir='ltr'><strong>post</strong></span> <span class='ocrx_word' id='word_1_462' title='bbox 3621 2834 3911 2894; x_wconf 85' lang='lat' dir='ltr'><strong>adventum</strong></span> 
     </span>
    </p>
   </div>
   <div class='ocr_carea' id='block_1_59' title="bbox 2311 2918 3917 2996">
    <p class='ocr_par' dir='ltr' id='par_1_59' title="bbox 2311 2918 3917 2996">
     <span class='ocr_line' id='line_1_59' title="bbox 2311 2918 3917 2996; baseline 0.005 -20"><span class='ocrx_word' id='word_1_463' title='bbox 2311 2918 2562 2987; x_wconf 75' lang='lat' dir='ltr'><strong>Christi,II</strong></span> <span class='ocrx_word' id='word_1_464' title='bbox 2574 2930 2596 2957; x_wconf 81' lang='grc' dir='ltr'><strong><em>ι</em></strong></span> <span class='ocrx_word' id='word_1_465' title='bbox 2620 2921 2674 2976; x_wconf 93' lang='lat' dir='ltr'><strong>in</strong></span> <span class='ocrx_word' id='word_1_466' title='bbox 2696 2921 2786 2976; x_wconf 88' lang='lat' dir='ltr'><strong>illa</strong></span> <span class='ocrx_word' id='word_1_467' title='bbox 2809 2930 2898 2960; x_wconf 69' lang='grc' dir='ltr'>ιιι</span> <span class='ocrx_word' id='word_1_468' title='bbox 2910 2921 3188 2978; x_wconf 87' lang='lat' dir='ltr'><strong>obsidione</strong></span> <span class='ocrx_word' id='word_1_469' title='bbox 3197 2931 3253 2979; x_wconf 91' lang='lat' dir='ltr'><strong>et</strong></span> <span class='ocrx_word' id='word_1_470' title='bbox 3273 2920 3364 2962; x_wconf 62' lang='grc' dir='ltr'><strong>διδ</strong></span> <span class='ocrx_word' id='word_1_471' title='bbox 3382 2924 3762 2996; x_wconf 85' lang='lat' dir='ltr'><strong>expugnatione</strong></span> <span class='ocrx_word' id='word_1_472' title='bbox 3772 2925 3917 2983; x_wconf 77' lang='lat' dir='ltr'><strong>V’es—</strong></span> 
     </span>
    </p>
   </div>
   <div class='ocr_carea' id='block_1_60' title="bbox 2314 3013 3919 3090">
    <p class='ocr_par' dir='ltr' id='par_1_60' title="bbox 2314 3013 3919 3090">
     <span class='ocr_line' id='line_1_60' title="bbox 2314 3013 3919 3090; baseline 0.006 -24"><span class='ocrx_word' id='word_1_473' title='bbox 2314 3013 2520 3083; x_wconf 88' lang='lat' dir='ltr'><strong>pasiani</strong></span> <span class='ocrx_word' id='word_1_474' title='bbox 2564 3013 2729 3069; x_wconf 86' lang='lat' dir='ltr'><strong>excisi</strong></span> <span class='ocrx_word' id='word_1_475' title='bbox 2763 3024 2820 3070; x_wconf 89' lang='lat' dir='ltr'><strong>et</strong></span> <span class='ocrx_word' id='word_1_476' title='bbox 2865 3013 3020 3086; x_wconf 85' lang='lat' dir='ltr'><strong>ejecti</strong></span> <span class='ocrx_word' id='word_1_477' title='bbox 3058 3023 3184 3070; x_wconf 89' lang='lat' dir='ltr'><strong>sunt</strong></span> <span class='ocrx_word' id='word_1_478' title='bbox 3209 3013 3280 3070; x_wconf 93' lang='lat' dir='ltr'><strong>de</strong></span> <span class='ocrx_word' id='word_1_479' title='bbox 3308 3014 3525 3072; x_wconf 87' lang='lat' dir='ltr'><strong>civitate</strong></span> <span class='ocrx_word' id='word_1_480' title='bbox 3570 3031 3664 3072; x_wconf 83' lang='lat' dir='ltr'><strong>sua</strong></span> <span class='ocrx_word' id='word_1_481' title='bbox 3687 3059 3700 3082; x_wconf 94' lang='lat'><strong>,</strong></span> <span class='ocrx_word' id='word_1_482' title='bbox 3729 3017 3784 3073; x_wconf 91' lang='lat' dir='ltr'><strong>in</strong></span> <span class='ocrx_word' id='word_1_483' title='bbox 3812 3033 3919 3090; x_wconf 81' lang='lat' dir='ltr'><strong>qua</strong></span> 
     </span>
    </p>
   </div>
   <div class='ocr_carea' id='block_1_61' title="bbox 2308 3105 3918 3178">
    <p class='ocr_par' dir='ltr' id='par_1_61' title="bbox 2308 3105 3918 3178">
     <span class='ocr_line' id='line_1_61' title="bbox 2308 3105 3918 3178; baseline 0.003 -17"><span class='ocrx_word' id='word_1_484' title='bbox 2308 3105 2420 3178; x_wconf 83' lang='lat' dir='ltr'><strong>jam</strong></span> <span class='ocrx_word' id='word_1_485' title='bbox 2444 3121 2550 3162; x_wconf 91' lang='lat' dir='ltr'><strong>non</strong></span> <span class='ocrx_word' id='word_1_486' title='bbox 2589 3106 2816 3162; x_wconf 89' lang='lat' dir='ltr'><strong>redeunt</strong></span> <span class='ocrx_word' id='word_1_487' title='bbox 2843 3121 2943 3163; x_wconf 91' lang='lat' dir='ltr'><strong>nec</strong></span> <span class='ocrx_word' id='word_1_488' title='bbox 2975 3116 3064 3146; x_wconf 72' lang='grc' dir='ltr'><strong>οεο</strong></span> <span class='ocrx_word' id='word_1_489' title='bbox 3091 3108 3146 3162; x_wconf 90' lang='lat' dir='ltr'><strong>in</strong></span> <span class='ocrx_word' id='word_1_490' title='bbox 3196 3106 3314 3177; x_wconf 85' lang='lat' dir='ltr'><strong>ipsa</strong></span> <span class='ocrx_word' id='word_1_491' title='bbox 3340 3107 3449 3163; x_wconf 88' lang='lat' dir='ltr'><strong>fine</strong></span> <span class='ocrx_word' id='word_1_492' title='bbox 3492 3107 3624 3164; x_wconf 87' lang='lat' dir='ltr'><strong>belli</strong></span> <span class='ocrx_word' id='word_1_493' title='bbox 3671 3108 3918 3166; x_wconf 87' lang='lat' dir='ltr'><strong>breviati.</strong></span> 
     </span>
    </p>
   </div>
   <div class='ocr_carea' id='block_1_62' title="bbox 609 3196 2211 3279">
    <p class='ocr_par' dir='ltr' id='par_1_62' title="bbox 609 3205 2205 3279">
     <span class='ocr_line' id='line_1_62' title="bbox 609 3205 2205 3279; baseline 0.003 -18"><span class='ocrx_word' id='word_1_494' title='bbox 609 3205 726 3278; x_wconf 90' lang='lat' dir='ltr'><strong>ipse</strong></span> <span class='ocrx_word' id='word_1_495' title='bbox 753 3215 782 3242; x_wconf 76' lang='grc' dir='ltr'><strong>ιι</strong></span> <span class='ocrx_word' id='word_1_496' title='bbox 806 3206 1162 3276; x_wconf 89' lang='lat' dir='ltr'><strong>nequissimus</strong></span> <span class='ocrx_word' id='word_1_497' title='bbox 1215 3207 1432 3278; x_wconf 93' lang='lat' dir='ltr'><strong>incipiet</strong></span> <span class='ocrx_word' id='word_1_498' title='bbox 1473 3210 1526 3263; x_wconf 93' lang='lat' dir='ltr'><strong>in</strong></span> <span class='ocrx_word' id='word_1_499' title='bbox 1573 3211 1770 3279; x_wconf 89' lang='lat' dir='ltr'><strong>templo</strong></span> <span class='ocrx_word' id='word_1_500' title='bbox 1820 3209 1909 3265; x_wconf 91' lang='lat' dir='ltr'><strong>Dei</strong></span> <span class='ocrx_word' id='word_1_501' title='bbox 1938 3208 2205 3278; x_wconf 76' lang='lat' dir='ltr'><strong>&#39;sedere,</strong></span> 
     </span>
    </p>
   </div>
   <div class='ocr_carea' id='block_1_63' title="bbox 2308 3196 3927 3279">
    <p class='ocr_par' dir='ltr' id='par_1_63' title="bbox 2313 3197 3927 3268">
     <span class='ocr_line' id='line_1_63' title="bbox 2313 3197 3927 3268; baseline 0.003 -14"><span class='ocrx_word' id='word_1_502' title='bbox 2313 3197 2402 3238; x_wconf 69' lang='grc' dir='ltr'><strong>δαιτὶ</strong></span> <span class='ocrx_word' id='word_1_503' title='bbox 2416 3200 2569 3268; x_wconf 84' lang='lat' dir='ltr'><strong>Quod</strong></span> <span class='ocrx_word' id='word_1_504' title='bbox 2594 3208 2863 3257; x_wconf 85' lang='lat' dir='ltr'><strong>estautem</strong></span> <span class='ocrx_word' id='word_1_505' title='bbox 2878 3209 2969 3241; x_wconf 71' lang='grc' dir='ltr'><strong>οεο</strong></span> <span class='ocrx_word' id='word_1_506' title='bbox 2993 3200 3099 3255; x_wconf 88' lang='lat' dir='ltr'><strong>hoc</strong></span> <span class='ocrx_word' id='word_1_507' title='bbox 3111 3197 3313 3256; x_wconf 87' lang='lat' dir='ltr'><strong>bellum</strong></span> <span class='ocrx_word' id='word_1_508' title='bbox 3336 3199 3629 3256; x_wconf 83' lang='lat' dir='ltr'><strong>breviatum</strong></span> <span class='ocrx_word' id='word_1_509' title='bbox 3650 3201 3675 3256; x_wconf 83' lang='lat'><strong>?</strong></span> <span class='ocrx_word' id='word_1_510' title='bbox 3695 3203 3800 3258; x_wconf 93' lang='lat' dir='ltr'><strong>nisi</strong></span> <span class='ocrx_word' id='word_1_511' title='bbox 3815 3204 3927 3258; x_wconf 61' lang='lat' dir='ltr'><strong>Anc</strong></span> 
     </span>
    </p>
   </div>
   <div class='ocr_carea' id='block_1_64' title="bbox 609 3298 2212 3373">
    <p class='ocr_par' dir='ltr' id='par_1_64' title="bbox 609 3298 2212 3373">
     <span class='ocr_line' id='line_1_64' title="bbox 609 3298 2212 3373; baseline 0.002 -20"><span class='ocrx_word' id='word_1_512' title='bbox 609 3305 667 3353; x_wconf 88' lang='lat' dir='ltr'><strong>et</strong></span> <span class='ocrx_word' id='word_1_513' title='bbox 691 3298 1059 3368; x_wconf 89' lang='lat' dir='ltr'><strong>ignorantibus</strong></span> <span class='ocrx_word' id='word_1_514' title='bbox 1087 3310 1112 3337; x_wconf 70' lang='grc' dir='ltr'><strong>κ</strong></span> <span class='ocrx_word' id='word_1_515' title='bbox 1142 3314 1202 3355; x_wconf 89' lang='lat' dir='ltr'><strong>se</strong></span> <span class='ocrx_word' id='word_1_516' title='bbox 1232 3299 1401 3354; x_wconf 87' lang='lat' dir='ltr'><strong>Deum</strong></span> <span class='ocrx_word' id='word_1_517' title='bbox 1442 3298 1752 3356; x_wconf 71' lang='lat' dir='ltr'><strong>affirmare:</strong></span> <span class='ocrx_word' id='word_1_518' title='bbox 1792 3317 1950 3373; x_wconf 91' lang='lat' dir='ltr'><strong>quem</strong></span> <span class='ocrx_word' id='word_1_519' title='bbox 1998 3310 2212 3372; x_wconf 90' lang='lat' dir='ltr'><strong>oportet</strong></span> 
     </span>
    </p>
   </div>
   <div class='ocr_carea' id='block_1_65' title="bbox 611 3387 2211 3462">
    <p class='ocr_par' dir='ltr' id='par_1_65' title="bbox 611 3387 2211 3462">
     <span class='ocr_line' id='line_1_65' title="bbox 611 3387 2211 3462; baseline 0.003 -18"><span class='ocrx_word' id='word_1_520' title='bbox 611 3387 793 3444; x_wconf 78' lang='lat' dir='ltr'><strong>Iesum</strong></span> <span class='ocrx_word' id='word_1_521' title='bbox 818 3399 846 3438; x_wconf 66' lang='grc' dir='ltr'><em>γ</em></span> <span class='ocrx_word' id='word_1_522' title='bbox 873 3390 1155 3446; x_wconf 88' lang='lat' dir='ltr'><strong>Dominum</strong></span> <span class='ocrx_word' id='word_1_523' title='bbox 1186 3400 1238 3445; x_wconf 90' lang='lat' dir='ltr'><strong>et</strong></span> <span class='ocrx_word' id='word_1_524' title='bbox 1263 3392 1592 3447; x_wconf 89' lang='lat' dir='ltr'><strong>Salvatorem</strong></span> <span class='ocrx_word' id='word_1_525' title='bbox 1620 3401 1860 3447; x_wconf 91' lang='lat' dir='ltr'><strong>nostrum</strong></span> <span class='ocrx_word' id='word_1_526' title='bbox 1883 3392 2072 3462; x_wconf 86' lang='lat' dir='ltr'><strong>spiritu</strong></span> <span class='ocrx_word' id='word_1_527' title='bbox 2099 3393 2211 3448; x_wconf 90' lang='lat' dir='ltr'><strong>oris</strong></span> 
     </span>
    </p>
   </div>
   <div class='ocr_carea' id='block_1_66' title="bbox 613 3480 2207 3554">
    <p class='ocr_par' dir='ltr' id='par_1_66' title="bbox 613 3480 2207 3554">
     <span class='ocr_line' id='line_1_66' title="bbox 613 3480 2207 3554; baseline 0.003 -18"><span class='ocrx_word' id='word_1_528' title='bbox 613 3481 697 3536; x_wconf 89' lang='lat' dir='ltr'><strong>sui</strong></span> <span class='ocrx_word' id='word_1_529' title='bbox 729 3480 1060 3548; x_wconf 88' lang='lat' dir='ltr'><strong>interficere,</strong></span> <span class='ocrx_word' id='word_1_530' title='bbox 1093 3491 1147 3538; x_wconf 92' lang='lat' dir='ltr'><strong>et</strong></span> <span class='ocrx_word' id='word_1_531' title='bbox 1187 3483 1470 3554; x_wconf 64' lang='lat' dir='ltr'><strong>praisentia</strong></span> <span class='ocrx_word' id='word_1_532' title='bbox 1515 3483 1776 3540; x_wconf 86' lang='lat' dir='ltr'><strong>adventus</strong></span> <span class='ocrx_word' id='word_1_533' title='bbox 1801 3485 1880 3540; x_wconf 90' lang='lat' dir='ltr'><strong>sui</strong></span> <span class='ocrx_word' id='word_1_534' title='bbox 1912 3499 2172 3541; x_wconf 83' lang='lat' dir='ltr'><strong>evacuare</strong></span> <span class='ocrx_word' id='word_1_535' title='bbox 2192 3527 2207 3550; x_wconf 91' lang='lat'><strong>,</strong></span> 
     </span>
    </p>
   </div>
   <div class='ocr_carea' id='block_1_67' title="bbox 612 3573 2206 3648">
    <p class='ocr_par' dir='ltr' id='par_1_67' title="bbox 612 3573 2206 3648">
     <span class='ocr_line' id='line_1_67' title="bbox 612 3573 2206 3648; baseline 0.001 -18"><span class='ocrx_word' id='word_1_536' title='bbox 612 3581 667 3630; x_wconf 90' lang='lat' dir='ltr'><strong>et</strong></span> <span class='ocrx_word' id='word_1_537' title='bbox 695 3573 748 3630; x_wconf 91' lang='lat' dir='ltr'><strong>in</strong></span> <span class='ocrx_word' id='word_1_538' title='bbox 775 3573 891 3646; x_wconf 89' lang='lat' dir='ltr'><strong>ipso</strong></span> <span class='ocrx_word' id='word_1_539' title='bbox 921 3575 1178 3633; x_wconf 86' lang='lat' dir='ltr'><strong>mundum</strong></span> <span class='ocrx_word' id='word_1_540' title='bbox 1205 3591 1581 3634; x_wconf 88' lang='lat' dir='ltr'><strong>consummare</strong></span> <span class='ocrx_word' id='word_1_541' title='bbox 1605 3617 1618 3642; x_wconf 91' lang='lat'><strong>,</strong></span> <span class='ocrx_word' id='word_1_542' title='bbox 1652 3577 1787 3633; x_wconf 91' lang='lat' dir='ltr'><strong>sicut</strong></span> <span class='ocrx_word' id='word_1_543' title='bbox 1816 3579 2075 3648; x_wconf 87' lang='lat' dir='ltr'><strong>scriptum</strong></span> <span class='ocrx_word' id='word_1_544' title='bbox 2103 3587 2206 3634; x_wconf 88' lang='lat' dir='ltr'><strong>est.</strong></span> 
     </span>
    </p>
   </div>
   <div class='ocr_carea' id='block_1_68' title="bbox 2319 3291 3928 3366">
    <p class='ocr_par' dir='ltr' id='par_1_68' title="bbox 2319 3291 3928 3366">
     <span class='ocr_line' id='line_1_68' title="bbox 2319 3291 3928 3366; baseline -0.001 -14"><span class='ocrx_word' id='word_1_545' title='bbox 2319 3296 2548 3352; x_wconf 90' lang='lat' dir='ltr'><strong>tichristi</strong></span> <span class='ocrx_word' id='word_1_546' title='bbox 2581 3310 2804 3366; x_wconf 89' lang='lat' dir='ltr'><strong>regnum</strong></span> <span class='ocrx_word' id='word_1_547' title='bbox 2832 3293 2974 3365; x_wconf 90' lang='lat' dir='ltr'><strong>quod</strong></span> <span class='ocrx_word' id='word_1_548' title='bbox 3002 3307 3289 3365; x_wconf 84' lang='lat' dir='ltr'><strong>exsurgere</strong></span> <span class='ocrx_word' id='word_1_549' title='bbox 3315 3291 3474 3349; x_wconf 83' lang='lat' dir='ltr'><strong>habet</strong></span> <span class='ocrx_word' id='word_1_550' title='bbox 3519 3302 3710 3349; x_wconf 88' lang='lat' dir='ltr'><strong>contra</strong></span> <span class='ocrx_word' id='word_1_551' title='bbox 3745 3310 3928 3366; x_wconf 80' lang='lat' dir='ltr'><strong>popu-</strong></span> 
     </span>
    </p>
   </div>
   <div class='ocr_carea' id='block_1_69' title="bbox 2317 3385 3936 3458">
    <p class='ocr_par' dir='ltr' id='par_1_69' title="bbox 2317 3385 3936 3458">
     <span class='ocr_line' id='line_1_69' title="bbox 2317 3385 3936 3458; baseline 0.001 -14"><span class='ocrx_word' id='word_1_552' title='bbox 2317 3390 2426 3445; x_wconf 92' lang='lat' dir='ltr'><strong>lum</strong></span> <span class='ocrx_word' id='word_1_553' title='bbox 2465 3387 2915 3444; x_wconf 87' lang='lat' dir='ltr'><strong>Christianorum.</strong></span> <span class='ocrx_word' id='word_1_554' title='bbox 2949 3385 3032 3425; x_wconf 70' lang='grc' dir='ltr'><strong>ιη</strong></span> <span class='ocrx_word' id='word_1_555' title='bbox 3056 3386 3165 3458; x_wconf 88' lang='lat' dir='ltr'><strong>Ipsi</strong></span> <span class='ocrx_word' id='word_1_556' title='bbox 3207 3396 3327 3442; x_wconf 88' lang='lat' dir='ltr'><strong>sunt</strong></span> <span class='ocrx_word' id='word_1_557' title='bbox 3367 3385 3484 3443; x_wconf 87' lang='lat' dir='ltr'><strong>dies</strong></span> <span class='ocrx_word' id='word_1_558' title='bbox 3507 3386 3574 3442; x_wconf 91' lang='lat' dir='ltr'><strong>de</strong></span> <span class='ocrx_word' id='word_1_559' title='bbox 3598 3387 3801 3457; x_wconf 90' lang='lat' dir='ltr'><strong>quibus</strong></span> <span class='ocrx_word' id='word_1_560' title='bbox 3852 3390 3936 3445; x_wconf 87' lang='lat' dir='ltr'><strong>ait</strong></span> 
     </span>
    </p>
   </div>
   <div class='ocr_carea' id='block_1_70' title="bbox 2318 3478 3934 3549">
    <p class='ocr_par' dir='ltr' id='par_1_70' title="bbox 2318 3478 3934 3549">
     <span class='ocr_line' id='line_1_70' title="bbox 2318 3478 3934 3549; baseline 0.004 -19"><span class='ocrx_word' id='word_1_561' title='bbox 2318 3491 2406 3530; x_wconf 77' lang='lat' dir='ltr'><strong>ess</strong></span> <span class='ocrx_word' id='word_1_562' title='bbox 2436 3481 2691 3536; x_wconf 91' lang='lat' dir='ltr'><strong>Dominus</strong></span> <span class='ocrx_word' id='word_1_563' title='bbox 2717 3480 2769 3535; x_wconf 93' lang='lat' dir='ltr'><strong>in</strong></span> <span class='ocrx_word' id='word_1_564' title='bbox 2800 3478 3128 3549; x_wconf 84' lang='lat' dir='ltr'><strong>Evangelio:</strong></span> <span class='ocrx_word' id='word_1_565' title='bbox 3154 3478 3256 3534; x_wconf 68' lang='lat' dir='ltr'><strong>«Et</strong></span> <span class='ocrx_word' id='word_1_566' title='bbox 3285 3479 3388 3534; x_wconf 86' lang='lat' dir='ltr'><strong>nisi</strong></span> <span class='ocrx_word' id='word_1_567' title='bbox 3412 3478 3708 3536; x_wconf 85' lang='lat' dir='ltr'><strong>abbreviati</strong></span> <span class='ocrx_word' id='word_1_568' title='bbox 3741 3491 3934 3537; x_wconf 86' lang='lat' dir='ltr'><strong>essent</strong></span> 
     </span>
    </p>
   </div>
   <div class='ocr_carea' id='block_1_71' title="bbox 2315 3570 3480 3641">
    <p class='ocr_par' dir='ltr' id='par_1_71' title="bbox 2315 3570 3480 3641">
     <span class='ocr_line' id='line_1_71' title="bbox 2315 3570 3480 3641; baseline -0.003 -11"><span class='ocrx_word' id='word_1_569' title='bbox 2315 3573 2433 3630; x_wconf 91' lang='lat' dir='ltr'><strong>dies</strong></span> <span class='ocrx_word' id='word_1_570' title='bbox 2459 3572 2557 3641; x_wconf 91' lang='lat' dir='ltr'><strong>illi,</strong></span> <span class='ocrx_word' id='word_1_571' title='bbox 2590 3586 2696 3628; x_wconf 91' lang='lat' dir='ltr'><strong>non</strong></span> <span class='ocrx_word' id='word_1_572' title='bbox 2721 3570 3045 3628; x_wconf 87' lang='lat' dir='ltr'><strong>liberaretur</strong></span> <span class='ocrx_word' id='word_1_573' title='bbox 3068 3571 3248 3627; x_wconf 87' lang='lat' dir='ltr'><strong>omnis</strong></span> <span class='ocrx_word' id='word_1_574' title='bbox 3273 3585 3427 3627; x_wconf 82' lang='lat' dir='ltr'><strong>caro.</strong></span> <span class='ocrx_word' id='word_1_575' title='bbox 3461 3590 3480 3625; x_wconf 75' lang='grc' dir='ltr'><strong><em>ι</em></strong></span> 
     </span>
    </p>
   </div>
   <div class='ocr_carea' id='block_1_72' title="bbox 1852 3684 2686 3748">
    <p class='ocr_par' dir='ltr' id='par_1_72' title="bbox 1852 3684 2686 3748">
     <span class='ocr_line' id='line_1_72' title="bbox 1852 3684 2686 3748; baseline -0.007 -2"><span class='ocrx_word' id='word_1_576' title='bbox 1852 3689 2142 3748; x_wconf 80' lang='lat' dir='ltr'><strong>LECTION</strong></span> <span class='ocrx_word' id='word_1_577' title='bbox 2150 3689 2234 3747; x_wconf 86' lang='lat' dir='ltr'><strong>ES</strong></span> <span class='ocrx_word' id='word_1_578' title='bbox 2275 3684 2686 3744; x_wconf 78' lang='lat' dir='ltr'><strong>VARIANTES.</strong></span> 
     </span>
    </p>
   </div>
   <div class='ocr_carea' id='block_1_73' title="bbox 673 3783 1163 3834">
    <p class='ocr_par' dir='ltr' id='par_1_73' title="bbox 673 3783 1163 3834">
     <span class='ocr_line' id='line_1_73' title="bbox 673 3783 1163 3834; baseline 0.002 -1"><span class='ocrx_word' id='word_1_579' title='bbox 673 3785 700 3815; x_wconf 72' lang='grc' dir='ltr'>α</span> <span class='ocrx_word' id='word_1_580' title='bbox 736 3783 791 3834; x_wconf 87' lang='lat' dir='ltr'><strong>C.</strong></span> <span class='ocrx_word' id='word_1_581' title='bbox 818 3783 1163 3834; x_wconf 87' lang='lat' dir='ltr'><strong>hebdomadas.</strong></span> 
     </span>
    </p>
   </div>
   <div class='ocr_carea' id='block_1_74' title="bbox 672 3844 2049 3915">
    <p class='ocr_par' dir='ltr' id='par_1_74' title="bbox 672 3844 2049 3915">
     <span class='ocr_line' id='line_1_74' title="bbox 672 3844 2049 3915; baseline 0.003 -18"><span class='ocrx_word' id='word_1_582' title='bbox 672 3844 703 3915; x_wconf 61' lang='grc' dir='ltr'><strong>ξ)</strong></span> <span class='ocrx_word' id='word_1_583' title='bbox 750 3846 828 3915; x_wconf 64' lang='grc' dir='ltr'><strong>[ν.</strong></span> <span class='ocrx_word' id='word_1_584' title='bbox 847 3845 926 3915; x_wconf 80' lang='lat' dir='ltr'><strong>sic</strong></span> <span class='ocrx_word' id='word_1_585' title='bbox 949 3845 1160 3899; x_wconf 79' lang='lat' dir='ltr'><strong>restituo.</strong></span> <span class='ocrx_word' id='word_1_586' title='bbox 1191 3847 1244 3896; x_wconf 84' lang='lat' dir='ltr'><strong>C.</strong></span> <span class='ocrx_word' id='word_1_587' title='bbox 1271 3852 1315 3898; x_wconf 87' lang='lat' dir='ltr'><strong>et</strong></span> <span class='ocrx_word' id='word_1_588' title='bbox 1339 3847 1598 3915; x_wconf 77' lang='lat' dir='ltr'>R.I.XXI_I,_</span> <span class='ocrx_word' id='word_1_589' title='bbox 1620 3845 1758 3915; x_wconf 70' lang='lat' dir='ltr'><strong>etsic</strong></span> <span class='ocrx_word' id='word_1_590' title='bbox 1780 3845 2049 3915; x_wconf 78' lang='lat' dir='ltr'><strong>aliquoties.</strong></span> 
     </span>
    </p>
   </div>
   <div class='ocr_carea' id='block_1_75' title="bbox 675 3909 2211 3974">
    <p class='ocr_par' dir='ltr' id='par_1_75' title="bbox 675 3909 2211 3974">
     <span class='ocr_line' id='line_1_75' title="bbox 675 3909 2211 3974; baseline 0.003 -17"><span class='ocrx_word' id='word_1_591' title='bbox 675 3913 699 3940; x_wconf 75' lang='grc' dir='ltr'><strong>ο</strong></span> <span class='ocrx_word' id='word_1_592' title='bbox 741 3909 800 3958; x_wconf 89' lang='lat' dir='ltr'><strong>C.</strong></span> <span class='ocrx_word' id='word_1_593' title='bbox 823 3909 955 3974; x_wconf 82' lang='lat' dir='ltr'><strong>deest</strong></span> <span class='ocrx_word' id='word_1_594' title='bbox 981 3917 1033 3960; x_wconf 92' lang='lat' dir='ltr'><strong>et</strong></span> <span class='ocrx_word' id='word_1_595' title='bbox 1054 3915 1370 3960; x_wconf 86' lang='lat' dir='ltr'><strong>convertetur</strong></span> <span class='ocrx_word' id='word_1_596' title='bbox 1395 3918 1446 3962; x_wconf 92' lang='lat' dir='ltr'><strong>et</strong></span> <span class='ocrx_word' id='word_1_597' title='bbox 1478 3911 1795 3961; x_wconf 70' lang='lat' dir='ltr'><strong>seditioabitur</strong></span> <span class='ocrx_word' id='word_1_598' title='bbox 1820 3909 1998 3974; x_wconf 77' lang='lat' dir='ltr'><strong>platea,</strong></span> <span class='ocrx_word' id='word_1_599' title='bbox 2027 3918 2080 3962; x_wconf 90' lang='lat' dir='ltr'><strong>et</strong></span> <span class='ocrx_word' id='word_1_600' title='bbox 2101 3925 2211 3962; x_wconf 82' lang='lat' dir='ltr'><strong>mu-</strong></span> 
     </span>
    </p>
   </div>
   <div class='ocr_carea' id='block_1_76' title="bbox 611 3971 2212 4081">
    <p class='ocr_par' dir='ltr' id='par_1_76' title="bbox 611 3971 2212 4081">
     <span class='ocr_line' id='line_1_76' title="bbox 611 3971 2212 4081; baseline 0.005 -63"><span class='ocrx_word' id='word_1_601' title='bbox 767 3977 818 4019; x_wconf 91' lang='lat' dir='ltr'><strong>et</strong></span> <span class='ocrx_word' id='word_1_602' title='bbox 856 3971 1201 4021; x_wconf 78' lang='lat' dir='ltr'><strong>exinanientur</strong></span> <span class='ocrx_word' id='word_1_603' title='bbox 1237 3981 1458 4035; x_wconf 84' lang='lat' dir='ltr'><strong>tempora</strong></span> <span class='ocrx_word' id='word_1_604' title='bbox 1479 4012 1491 4032; x_wconf 86' lang='lat'><strong><em>.</em></strong></span> <span class='ocrx_word' id='word_1_605' title='bbox 1518 3980 1571 4024; x_wconf 89' lang='lat' dir='ltr'><strong>et</strong></span> <span class='ocrx_word' id='word_1_606' title='bbox 1613 3981 1722 4036; x_wconf 87' lang='lat' dir='ltr'><strong>post</strong></span> <span class='ocrx_word' id='word_1_607' title='bbox 1758 3971 2092 4026; x_wconf 81' lang='lat' dir='ltr'><strong>hebdomadas</strong></span> <span class='ocrx_word' id='word_1_608' title='bbox 2126 3975 2212 4027; x_wconf 85' lang='lat' dir='ltr'><strong>has</strong></span> 
     </span>
    </p>
   </div>
   <div class='ocr_carea' id='block_1_77' title="bbox 676 4091 1012 4145">
    <p class='ocr_par' dir='ltr' id='par_1_77' title="bbox 676 4091 1012 4145">
     <span class='ocr_line' id='line_1_77' title="bbox 676 4091 1012 4145; baseline -0.009 -1"><span class='ocrx_word' id='word_1_609' title='bbox 676 4093 703 4132; x_wconf 75' lang='grc' dir='ltr'>ιι</span> <span class='ocrx_word' id='word_1_610' title='bbox 737 4098 794 4145; x_wconf 83' lang='lat' dir='ltr'><strong>R.</strong></span> <span class='ocrx_word' id='word_1_611' title='bbox 823 4091 1012 4143; x_wconf 80' lang='lat' dir='ltr'>LXXII.</span> 
     </span>
    </p>
   </div>
   <div class='ocr_carea' id='block_1_78' title="bbox 677 4156 1220 4206">
    <p class='ocr_par' dir='ltr' id='par_1_78' title="bbox 677 4156 1220 4206">
     <span class='ocr_line' id='line_1_78' title="bbox 677 4156 1220 4206; baseline -0.006 0"><span class='ocrx_word' id='word_1_612' title='bbox 677 4162 702 4188; x_wconf 70' lang='grc' dir='ltr'><strong>θ</strong></span> <span class='ocrx_word' id='word_1_613' title='bbox 740 4157 792 4206; x_wconf 85' lang='lat' dir='ltr'><strong>C.</strong></span> <span class='ocrx_word' id='word_1_614' title='bbox 821 4161 875 4206; x_wconf 88' lang='lat' dir='ltr'><strong>et</strong></span> <span class='ocrx_word' id='word_1_615' title='bbox 896 4156 1220 4205; x_wconf 81' lang='lat' dir='ltr'><strong>exterminiis.</strong></span> 
     </span>
    </p>
   </div>
   <div class='ocr_carea' id='block_1_79' title="bbox 679 4217 928 4270">
    <p class='ocr_par' dir='ltr' id='par_1_79' title="bbox 679 4217 928 4270">
     <span class='ocr_line' id='line_1_79' title="bbox 679 4217 928 4270; baseline -0.008 0"><span class='ocrx_word' id='word_1_616' title='bbox 679 4217 699 4256; x_wconf 76' lang='grc' dir='ltr'>ί</span> <span class='ocrx_word' id='word_1_617' title='bbox 739 4221 798 4270; x_wconf 86' lang='lat' dir='ltr'><strong>R.</strong></span> <span class='ocrx_word' id='word_1_618' title='bbox 823 4219 928 4268; x_wconf 89' lang='lat' dir='ltr'><strong>sed.</strong></span> 
     </span>
    </p>
   </div>
   <div class='ocr_carea' id='block_1_80' title="bbox 678 4281 1137 4331">
    <p class='ocr_par' dir='ltr' id='par_1_80' title="bbox 678 4281 1137 4331">
     <span class='ocr_line' id='line_1_80' title="bbox 678 4281 1137 4331; baseline -0.004 0"><span class='ocrx_word' id='word_1_619' title='bbox 678 4284 704 4324; x_wconf 76' lang='lat'><strong><em>8</em></strong></span> <span class='ocrx_word' id='word_1_620' title='bbox 740 4282 796 4331; x_wconf 88' lang='lat' dir='ltr'><strong>C.</strong></span> <span class='ocrx_word' id='word_1_621' title='bbox 822 4281 1137 4331; x_wconf 88' lang='lat' dir='ltr'><strong>confirmavit.</strong></span> 
     </span>
    </p>
   </div>
   <div class='ocr_carea' id='block_1_81' title="bbox 675 4341 1466 4394">
    <p class='ocr_par' dir='ltr' id='par_1_81' title="bbox 675 4341 1466 4394">
     <span class='ocr_line' id='line_1_81' title="bbox 675 4341 1466 4394; baseline -0.003 0"><span class='ocrx_word' id='word_1_622' title='bbox 675 4343 706 4384; x_wconf 75' lang='lat' dir='ltr'><strong>h</strong></span> <span class='ocrx_word' id='word_1_623' title='bbox 743 4345 796 4394; x_wconf 88' lang='lat' dir='ltr'><strong>C.</strong></span> <span class='ocrx_word' id='word_1_624' title='bbox 823 4349 876 4393; x_wconf 90' lang='lat' dir='ltr'><strong>et</strong></span> <span class='ocrx_word' id='word_1_625' title='bbox 895 4341 1094 4393; x_wconf 87' lang='lat' dir='ltr'><strong>dimidia</strong></span> <span class='ocrx_word' id='word_1_626' title='bbox 1117 4341 1466 4392; x_wconf 84' lang='lat' dir='ltr'><strong>hebdomadas.</strong></span> 
     </span>
    </p>
   </div>
   <div class='ocr_carea' id='block_1_82' title="bbox 680 4407 1058 4457">
    <p class='ocr_par' dir='ltr' id='par_1_82' title="bbox 680 4407 1058 4457">
     <span class='ocr_line' id='line_1_82' title="bbox 680 4407 1058 4457; baseline -0.013 1"><span class='ocrx_word' id='word_1_627' title='bbox 680 4407 698 4446; x_wconf 68' lang='grc' dir='ltr'><strong>ί</strong></span> <span class='ocrx_word' id='word_1_628' title='bbox 746 4407 804 4457; x_wconf 87' lang='lat' dir='ltr'><strong>C.</strong></span> <span class='ocrx_word' id='word_1_629' title='bbox 831 4409 964 4457; x_wconf 85' lang='lat' dir='ltr'><strong>deest</strong></span> <span class='ocrx_word' id='word_1_630' title='bbox 989 4413 1058 4455; x_wconf 88' lang='lat' dir='ltr'><strong>et.</strong></span> 
     </span>
    </p>
   </div>
   <div class='ocr_carea' id='block_1_83' title="bbox 678 4532 1063 4582">
    <p class='ocr_par' dir='ltr' id='par_1_83' title="bbox 678 4532 1063 4582">
     <span class='ocr_line' id='line_1_83' title="bbox 678 4532 1063 4582; baseline -0.008 -1"><span class='ocrx_word' id='word_1_631' title='bbox 678 4534 706 4571; x_wconf 63' lang='grc' dir='ltr'><strong><em>Β</em></strong></span> <span class='ocrx_word' id='word_1_632' title='bbox 744 4533 798 4582; x_wconf 87' lang='lat' dir='ltr'><strong>C.</strong></span> <span class='ocrx_word' id='word_1_633' title='bbox 825 4532 888 4580; x_wconf 89' lang='lat' dir='ltr'><strong>ab</strong></span> <span class='ocrx_word' id='word_1_634' title='bbox 908 4532 1063 4581; x_wconf 91' lang='lat' dir='ltr'><strong>initio.</strong></span> 
     </span>
    </p>
   </div>
   <div class='ocr_carea' id='block_1_84' title="bbox 683 4592 1141 4643">
    <p class='ocr_par' dir='ltr' id='par_1_84' title="bbox 683 4592 1141 4643">
     <span class='ocr_line' id='line_1_84' title="bbox 683 4592 1141 4643; baseline -0.004 0"><span class='ocrx_word' id='word_1_635' title='bbox 683 4592 701 4634; x_wconf 84' lang='grc' dir='ltr'>ι</span> <span class='ocrx_word' id='word_1_636' title='bbox 745 4594 799 4643; x_wconf 81' lang='grc' dir='ltr'><strong>ο.</strong></span> <span class='ocrx_word' id='word_1_637' title='bbox 826 4594 1141 4643; x_wconf 87' lang='lat' dir='ltr'><strong>confirmavit.</strong></span> 
     </span>
    </p>
   </div>
   <div class='ocr_carea' id='block_1_85' title="bbox 676 4653 1554 4719">
    <p class='ocr_par' dir='ltr' id='par_1_85' title="bbox 676 4653 1554 4719">
     <span class='ocr_line' id='line_1_85' title="bbox 676 4653 1554 4719; baseline -0.002 -14"><span class='ocrx_word' id='word_1_638' title='bbox 676 4657 718 4684; x_wconf 79' lang='grc' dir='ltr'>πι</span> <span class='ocrx_word' id='word_1_639' title='bbox 754 4657 807 4705; x_wconf 88' lang='lat' dir='ltr'><strong>C.</strong></span> <span class='ocrx_word' id='word_1_640' title='bbox 830 4656 1158 4719; x_wconf 71' lang='lat' dir='ltr'><strong>hebdomada,</strong></span> <span class='ocrx_word' id='word_1_641' title='bbox 1185 4660 1230 4704; x_wconf 88' lang='lat' dir='ltr'><strong>et</strong></span> <span class='ocrx_word' id='word_1_642' title='bbox 1253 4653 1387 4706; x_wconf 78' lang='lat' dir='ltr'><strong>deest</strong></span> <span class='ocrx_word' id='word_1_643' title='bbox 1415 4668 1554 4719; x_wconf 85' lang='lat' dir='ltr'><strong>ergo.</strong></span> 
     </span>
    </p>
   </div>
   <div class='ocr_carea' id='block_1_86' title="bbox 678 4715 1053 4768">
    <p class='ocr_par' dir='ltr' id='par_1_86' title="bbox 678 4715 1053 4768">
     <span class='ocr_line' id='line_1_86' title="bbox 678 4715 1053 4768; baseline -0.005 0"><span class='ocrx_word' id='word_1_644' title='bbox 678 4719 707 4748; x_wconf 88' lang='grc'><strong>¹¹</strong></span> <span class='ocrx_word' id='word_1_645' title='bbox 742 4722 802 4768; x_wconf 84' lang='lat' dir='ltr'><strong>Il.</strong></span> <span class='ocrx_word' id='word_1_646' title='bbox 828 4715 1053 4767; x_wconf 81' lang='lat' dir='ltr'><strong>DCLXX.</strong></span> 
     </span>
    </p>
   </div>
   <div class='ocr_carea' id='block_1_87' title="bbox 744 4780 1016 4829">
    <p class='ocr_par' dir='ltr' id='par_1_87' title="bbox 744 4780 1016 4829">
     <span class='ocr_line' id='line_1_87' title="bbox 744 4780 1016 4829; baseline -0.007 0"><span class='ocrx_word' id='word_1_647' title='bbox 744 4780 799 4829; x_wconf 80' lang='grc' dir='ltr'><strong>ο.</strong></span> <span class='ocrx_word' id='word_1_648' title='bbox 827 4793 1016 4829; x_wconf 87' lang='lat' dir='ltr'><strong>eorum.</strong></span> 
     </span>
    </p>
   </div>
   <div class='ocr_carea' id='block_1_88' title="bbox 746 4841 1086 4892">
    <p class='ocr_par' dir='ltr' id='par_1_88' title="bbox 746 4841 1086 4892">
     <span class='ocr_line' id='line_1_88' title="bbox 746 4841 1086 4892; baseline -0.012 0"><span class='ocrx_word' id='word_1_649' title='bbox 746 4843 801 4892; x_wconf 78' lang='grc' dir='ltr'><strong>Ο.</strong></span> <span class='ocrx_word' id='word_1_650' title='bbox 825 4843 951 4891; x_wconf 85' lang='lat' dir='ltr'><strong>sicut</strong></span> <span class='ocrx_word' id='word_1_651' title='bbox 976 4841 1086 4890; x_wconf 89' lang='lat' dir='ltr'><strong>aud.</strong></span> 
     </span>
    </p>
   </div>
   <div class='ocr_carea' id='block_1_89' title="bbox 743 4900 1430 4956">
    <p class='ocr_par' dir='ltr' id='par_1_89' title="bbox 743 4900 1430 4956">
     <span class='ocr_line' id='line_1_89' title="bbox 743 4900 1430 4956; baseline -0.007 0"><span class='ocrx_word' id='word_1_652' title='bbox 743 4909 801 4956; x_wconf 79' lang='grc' dir='ltr'><strong>Π.</strong></span> <span class='ocrx_word' id='word_1_653' title='bbox 825 4903 1046 4952; x_wconf 82' lang='lat' dir='ltr'><strong>Danielo.</strong></span> <span class='ocrx_word' id='word_1_654' title='bbox 1077 4904 1129 4952; x_wconf 87' lang='lat' dir='ltr'><strong>C.</strong></span> <span class='ocrx_word' id='word_1_655' title='bbox 1151 4915 1177 4950; x_wconf 91' lang='lat' dir='ltr'><strong>a</strong></span> <span class='ocrx_word' id='word_1_656' title='bbox 1203 4900 1430 4952; x_wconf 86' lang='lat' dir='ltr'><strong>Daniele.</strong></span> 
     </span>
    </p>
   </div>
   <div class='ocr_carea' id='block_1_90' title="bbox 747 4966 1226 5017">
    <p class='ocr_par' dir='ltr' id='par_1_90' title="bbox 747 4966 1226 5017">
     <span class='ocr_line' id='line_1_90' title="bbox 747 4966 1226 5017; baseline -0.013 0"><span class='ocrx_word' id='word_1_657' title='bbox 747 4968 798 5017; x_wconf 85' lang='lat' dir='ltr'><strong>C.</strong></span> <span class='ocrx_word' id='word_1_658' title='bbox 829 4974 880 5016; x_wconf 79' lang='lat' dir='ltr'><strong>et</strong></span> <span class='ocrx_word' id='word_1_659' title='bbox 913 4966 1226 5015; x_wconf 88' lang='lat' dir='ltr'><strong>confirmavit.</strong></span> 
     </span>
    </p>
   </div>
   <div class='ocr_carea' id='block_1_91' title="bbox 744 5028 1088 5092">
    <p class='ocr_par' dir='ltr' id='par_1_91' title="bbox 744 5028 1088 5092">
     <span class='ocr_line' id='line_1_91' title="bbox 744 5028 1088 5092; baseline -0.012 -13"><span class='ocrx_word' id='word_1_660' title='bbox 744 5032 802 5083; x_wconf 71' lang='lat' dir='ltr'><strong>ﬁ.</strong></span> <span class='ocrx_word' id='word_1_661' title='bbox 831 5030 943 5092; x_wconf 89' lang='lat' dir='ltr'><strong>quis</strong></span> <span class='ocrx_word' id='word_1_662' title='bbox 961 5028 1088 5092; x_wconf 80' lang='lat' dir='ltr'><strong>dies.</strong></span> 
     </span>
    </p>
   </div>
   <div class='ocr_carea' id='block_1_92' title="bbox 742 5089 1208 5154">
    <p class='ocr_par' dir='ltr' id='par_1_92' title="bbox 742 5089 1208 5154">
     <span class='ocr_line' id='line_1_92' title="bbox 742 5089 1208 5154; baseline -0.013 -13"><span class='ocrx_word' id='word_1_663' title='bbox 742 5095 802 5142; x_wconf 75' lang='grc' dir='ltr'><strong>Β.</strong></span> <span class='ocrx_word' id='word_1_664' title='bbox 829 5089 1118 5154; x_wconf 69' lang='lat' dir='ltr'><strong>Apocalypsi</strong></span> <span class='ocrx_word' id='word_1_665' title='bbox 1143 5089 1208 5136; x_wconf 93' lang='lat' dir='ltr'><strong>in.</strong></span> 
     </span>
    </p>
   </div>
   <div class='ocr_carea' id='block_1_93' title="bbox 745 5152 1174 5205">
    <p class='ocr_par' dir='ltr' id='par_1_93' title="bbox 745 5152 1174 5205">
     <span class='ocr_line' id='line_1_93' title="bbox 745 5152 1174 5205; baseline -0.016 0"><span class='ocrx_word' id='word_1_666' title='bbox 745 5157 804 5205; x_wconf 83' lang='lat' dir='ltr'><strong>R.</strong></span> <span class='ocrx_word' id='word_1_667' title='bbox 832 5152 1174 5203; x_wconf 77' lang='lat' dir='ltr'><strong>Antichristus.</strong></span> 
     </span>
    </p>
   </div>
   <div class='ocr_carea' id='block_1_94' title="bbox 744 5215 1121 5267">
    <p class='ocr_par' dir='ltr' id='par_1_94' title="bbox 744 5215 1121 5267">
     <span class='ocr_line' id='line_1_94' title="bbox 744 5215 1121 5267; baseline -0.011 -1"><span class='ocrx_word' id='word_1_668' title='bbox 744 5219 801 5267; x_wconf 78' lang='grc' dir='ltr'><strong>Η.</strong></span> <span class='ocrx_word' id='word_1_669' title='bbox 828 5215 1121 5266; x_wconf 89' lang='lat' dir='ltr'><strong>consedere.</strong></span> 
     </span>
    </p>
   </div>
   <div class='ocr_carea' id='block_1_95' title="bbox 745 5275 1365 5330">
    <p class='ocr_par' dir='ltr' id='par_1_95' title="bbox 745 5275 1365 5330">
     <span class='ocr_line' id='line_1_95' title="bbox 745 5275 1365 5330; baseline -0.006 -1"><span class='ocrx_word' id='word_1_670' title='bbox 745 5282 803 5330; x_wconf 70' lang='grc' dir='ltr'><strong>ΙΙ.</strong></span> <span class='ocrx_word' id='word_1_671' title='bbox 830 5278 1092 5328; x_wconf 89' lang='lat' dir='ltr'><strong>Dominum</strong></span> <span class='ocrx_word' id='word_1_672' title='bbox 1115 5288 1172 5326; x_wconf 86' lang='lat' dir='ltr'><strong>se</strong></span> <span class='ocrx_word' id='word_1_673' title='bbox 1195 5275 1365 5326; x_wconf 70' lang='lat' dir='ltr'><strong>affirm.</strong></span> 
     </span>
    </p>
   </div>
   <div class='ocr_carea' id='block_1_96' title="bbox 751 5340 1169 5391">
    <p class='ocr_par' dir='ltr' id='par_1_96' title="bbox 751 5340 1169 5391">
     <span class='ocr_line' id='line_1_96' title="bbox 751 5340 1169 5391; baseline -0.005 0"><span class='ocrx_word' id='word_1_674' title='bbox 751 5343 804 5391; x_wconf 89' lang='lat' dir='ltr'><strong>C.</strong></span> <span class='ocrx_word' id='word_1_675' title='bbox 833 5340 1077 5391; x_wconf 89' lang='lat' dir='ltr'><strong>Christum</strong></span> <span class='ocrx_word' id='word_1_676' title='bbox 1101 5345 1169 5389; x_wconf 89' lang='lat' dir='ltr'><strong>et.</strong></span> 
     </span>
    </p>
   </div>
   <div class='ocr_carea' id='block_1_97' title="bbox 751 5402 1133 5454">
    <p class='ocr_par' dir='ltr' id='par_1_97' title="bbox 751 5402 1133 5454">
     <span class='ocr_line' id='line_1_97' title="bbox 751 5402 1133 5454; baseline -0.008 0"><span class='ocrx_word' id='word_1_677' title='bbox 751 5405 805 5454; x_wconf 92' lang='lat' dir='ltr'><strong>C.</strong></span> <span class='ocrx_word' id='word_1_678' title='bbox 833 5402 1133 5453; x_wconf 86' lang='lat' dir='ltr'><strong>vastationis.</strong></span> 
     </span>
    </p>
   </div>
   <div class='ocr_carea' id='block_1_98' title="bbox 685 5501 1110 5580">
    <p class='ocr_par' dir='ltr' id='par_1_98' title="bbox 685 5501 1110 5580">
     <span class='ocr_line' id='line_1_98' title="bbox 685 5501 1110 5580; baseline -0.009 0"><span class='ocrx_word' id='word_1_679' title='bbox 685 5525 745 5566; x_wconf 69' lang='grc' dir='ltr'><strong>δι»</strong></span> <span class='ocrx_word' id='word_1_680' title='bbox 778 5501 837 5580; x_wconf 71' lang='grc' dir='ltr'><strong>ἴπῖ</strong></span> <span class='ocrx_word' id='word_1_681' title='bbox 865 5501 1110 5576; x_wconf 52' lang='lat' dir='ltr'><strong>FECERE.</strong></span> 
     </span>
    </p>
   </div>
   <div class='ocr_carea' id='block_1_99' title="bbox 686 5588 1524 5645">
    <p class='ocr_par' dir='ltr' id='par_1_99' title="bbox 686 5588 1524 5645">
     <span class='ocr_line' id='line_1_99' title="bbox 686 5588 1524 5645; baseline -0.004 0"><span class='ocrx_word' id='word_1_682' title='bbox 686 5594 741 5625; x_wconf 80' lang='lat'><strong>°°</strong></span> <span class='ocrx_word' id='word_1_683' title='bbox 778 5594 838 5645; x_wconf 78' lang='lat' dir='ltr'><strong>Ii.</strong></span> <span class='ocrx_word' id='word_1_684' title='bbox 862 5588 1053 5642; x_wconf 90' lang='lat' dir='ltr'>LXXII.</span> <span class='ocrx_word' id='word_1_685' title='bbox 1082 5590 1138 5640; x_wconf 89' lang='lat' dir='ltr'><strong>C.</strong></span> <span class='ocrx_word' id='word_1_686' title='bbox 1163 5588 1287 5641; x_wconf 84' lang='lat' dir='ltr'><strong>LXX</strong></span> <span class='ocrx_word' id='word_1_687' title='bbox 1313 5595 1364 5642; x_wconf 88' lang='lat' dir='ltr'><strong>et</strong></span> <span class='ocrx_word' id='word_1_688' title='bbox 1385 5591 1524 5643; x_wconf 88' lang='lat' dir='ltr'><strong>duas.</strong></span> 
     </span>
    </p>
   </div>
   <div class='ocr_carea' id='block_1_100' title="bbox 2241 4598 2479 4672">
    <p class='ocr_par' dir='ltr' id='par_1_100' title="bbox 2241 4598 2479 4672">
     <span class='ocr_line' id='line_1_100' title="bbox 2241 4598 2479 4672; baseline 0 0"><span class='ocrx_word' id='word_1_689' title='bbox 2241 4598 2479 4672; x_wconf 65' lang='lat' dir='ltr'><strong>own&quot;</strong></span> 
     </span>
    </p>
   </div>
   <div class='ocr_carea' id='block_1_101' title="bbox 2381 3779 2846 3833">
    <p class='ocr_par' dir='ltr' id='par_1_101' title="bbox 2381 3779 2846 3833">
     <span class='ocr_line' id='line_1_101' title="bbox 2381 3779 2846 3833; baseline -0.011 0"><span class='ocrx_word' id='word_1_690' title='bbox 2381 3779 2442 3820; x_wconf 73' lang='grc' dir='ltr'><strong>(ιιι</strong></span> <span class='ocrx_word' id='word_1_691' title='bbox 2477 3784 2534 3833; x_wconf 80' lang='lat' dir='ltr'><strong>Il.</strong></span> <span class='ocrx_word' id='word_1_692' title='bbox 2561 3780 2846 3830; x_wconf 90' lang='lat' dir='ltr'><strong>tuebantur.</strong></span> 
     </span>
    </p>
   </div>
   <div class='ocr_carea' id='block_1_102' title="bbox 2384 3843 2958 3893">
    <p class='ocr_par' dir='ltr' id='par_1_102' title="bbox 2384 3843 2958 3893">
     <span class='ocr_line' id='line_1_102' title="bbox 2384 3843 2958 3893; baseline -0.005 -1"><span class='ocrx_word' id='word_1_693' title='bbox 2384 3847 2440 3875; x_wconf 71' lang='grc' dir='ltr'><strong>εο</strong></span> <span class='ocrx_word' id='word_1_694' title='bbox 2481 3843 2536 3893; x_wconf 90' lang='lat' dir='ltr'><strong>C.</strong></span> <span class='ocrx_word' id='word_1_695' title='bbox 2569 3843 2958 3892; x_wconf 84' lang='lat' dir='ltr'><strong>similitudinem.</strong></span> 
     </span>
    </p>
   </div>
   <div class='ocr_carea' id='block_1_103' title="bbox 2383 3903 2738 3956">
    <p class='ocr_par' dir='ltr' id='par_1_103' title="bbox 2383 3903 2738 3956">
     <span class='ocr_line' id='line_1_103' title="bbox 2383 3903 2738 3956; baseline -0.003 0"><span class='ocrx_word' id='word_1_696' title='bbox 2383 3903 2437 3944; x_wconf 71' lang='grc' dir='ltr'>η</span> <span class='ocrx_word' id='word_1_697' title='bbox 2477 3907 2529 3956; x_wconf 89' lang='lat' dir='ltr'><strong>C.</strong></span> <span class='ocrx_word' id='word_1_698' title='bbox 2558 3905 2738 3956; x_wconf 90' lang='lat' dir='ltr'><strong>omine.</strong></span> 
     </span>
    </p>
   </div>
   <div class='ocr_carea' id='block_1_104' title="bbox 2383 3964 3550 4030">
    <p class='ocr_par' dir='ltr' id='par_1_104' title="bbox 2383 3964 3550 4030">
     <span class='ocr_line' id='line_1_104' title="bbox 2383 3964 3550 4030; baseline -0.001 -13"><span class='ocrx_word' id='word_1_699' title='bbox 2383 3970 2442 4030; x_wconf 69' lang='lat' dir='ltr'><strong>Si!</strong></span> <span class='ocrx_word' id='word_1_700' title='bbox 2477 3968 2530 4018; x_wconf 88' lang='lat' dir='ltr'><strong>C.</strong></span> <span class='ocrx_word' id='word_1_701' title='bbox 2557 3967 2688 4018; x_wconf 83' lang='lat' dir='ltr'><strong>deest</strong></span> <span class='ocrx_word' id='word_1_702' title='bbox 2708 3979 2797 4030; x_wconf 88' lang='lat' dir='ltr'><strong>per</strong></span> <span class='ocrx_word' id='word_1_703' title='bbox 2818 3964 2942 4016; x_wconf 82' lang='lat' dir='ltr'>XLV</span> <span class='ocrx_word' id='word_1_704' title='bbox 2965 3978 3118 4016; x_wconf 83' lang='lat' dir='ltr'><strong>annos</strong></span> <span class='ocrx_word' id='word_1_705' title='bbox 3142 3971 3221 4016; x_wconf 91' lang='lat' dir='ltr'><strong>est</strong></span> <span class='ocrx_word' id='word_1_706' title='bbox 3243 3965 3550 4018; x_wconf 64' lang='lat' dir='ltr'><strong>aedificatum.</strong></span> 
     </span>
    </p>
   </div>
   <div class='ocr_carea' id='block_1_105' title="bbox 2375 4029 2930 4080">
    <p class='ocr_par' dir='ltr' id='par_1_105' title="bbox 2375 4029 2930 4080">
     <span class='ocr_line' id='line_1_105' title="bbox 2375 4029 2930 4080; baseline -0.002 -1"><span class='ocrx_word' id='word_1_707' title='bbox 2375 4029 2440 4069; x_wconf 70' lang='grc' dir='ltr'><strong>ιλιι</strong></span> <span class='ocrx_word' id='word_1_708' title='bbox 2475 4031 2530 4079; x_wconf 77' lang='grc'><strong>0.</strong></span> <span class='ocrx_word' id='word_1_709' title='bbox 2555 4029 2930 4080; x_wconf 79' lang='lat' dir='ltr'><strong>sacramentum.</strong></span> 
     </span>
    </p>
   </div>
   <div class='ocr_carea' id='block_1_106' title="bbox 2384 4093 2985 4144">
    <p class='ocr_par' dir='ltr' id='par_1_106' title="bbox 2384 4093 2985 4144">
     <span class='ocr_line' id='line_1_106' title="bbox 2384 4093 2985 4144; baseline -0.007 0"><span class='ocrx_word' id='word_1_710' title='bbox 2384 4093 2434 4135; x_wconf 71' lang='lat' dir='ltr'><strong>il</strong></span> <span class='ocrx_word' id='word_1_711' title='bbox 2468 4095 2522 4144; x_wconf 88' lang='lat' dir='ltr'><strong>C.</strong></span> <span class='ocrx_word' id='word_1_712' title='bbox 2549 4099 2985 4143; x_wconf 88' lang='lat' dir='ltr'><strong>consummaretur.</strong></span> 
     </span>
    </p>
   </div>
   <div class='ocr_carea' id='block_1_107' title="bbox 2387 4153 3206 4218">
    <p class='ocr_par' dir='ltr' id='par_1_107' title="bbox 2387 4153 3206 4218">
     <span class='ocr_line' id='line_1_107' title="bbox 2387 4153 3206 4218; baseline -0.007 -11"><span class='ocrx_word' id='word_1_713' title='bbox 2387 4154 2434 4208; x_wconf 88' lang='lat' dir='ltr'><strong>ii</strong></span> <span class='ocrx_word' id='word_1_714' title='bbox 2479 4157 2532 4208; x_wconf 88' lang='lat' dir='ltr'><strong>C.</strong></span> <span class='ocrx_word' id='word_1_715' title='bbox 2561 4155 2844 4218; x_wconf 66' lang='lat' dir='ltr'><strong>prophetiae.</strong></span> <span class='ocrx_word' id='word_1_716' title='bbox 2872 4157 2930 4205; x_wconf 77' lang='lat' dir='ltr'><strong>It.</strong></span> <span class='ocrx_word' id='word_1_717' title='bbox 2954 4153 3206 4218; x_wconf 83' lang='lat' dir='ltr'><strong>propheta.</strong></span> 
     </span>
    </p>
   </div>
   <div class='ocr_carea' id='block_1_108' title="bbox 2381 4219 2825 4280">
    <p class='ocr_par' dir='ltr' id='par_1_108' title="bbox 2381 4219 2825 4280">
     <span class='ocr_line' id='line_1_108' title="bbox 2381 4219 2825 4280; baseline -0.009 -12"><span class='ocrx_word' id='word_1_718' title='bbox 2381 4219 2441 4258; x_wconf 71' lang='grc' dir='ltr'><strong>ἰιι</strong></span> <span class='ocrx_word' id='word_1_719' title='bbox 2477 4223 2534 4269; x_wconf 80' lang='lat' dir='ltr'><strong>Il.</strong></span> <span class='ocrx_word' id='word_1_720' title='bbox 2561 4223 2825 4280; x_wconf 83' lang='lat' dir='ltr'><strong>ungeatur.</strong></span> 
     </span>
    </p>
   </div>
   <div class='ocr_carea' id='block_1_109' title="bbox 2384 4281 2769 4331">
    <p class='ocr_par' dir='ltr' id='par_1_109' title="bbox 2384 4281 2769 4331">
     <span class='ocr_line' id='line_1_109' title="bbox 2384 4281 2769 4331; baseline -0.01 1"><span class='ocrx_word' id='word_1_721' title='bbox 2384 4281 2434 4320; x_wconf 82' lang='lat'>11</span> <span class='ocrx_word' id='word_1_722' title='bbox 2477 4283 2531 4331; x_wconf 89' lang='lat' dir='ltr'><strong>C.</strong></span> <span class='ocrx_word' id='word_1_723' title='bbox 2556 4286 2769 4331; x_wconf 86' lang='lat' dir='ltr'><strong>sanctus.</strong></span> 
     </span>
    </p>
   </div>
   <div class='ocr_carea' id='block_1_110' title="bbox 2378 4339 3338 4404">
    <p class='ocr_par' dir='ltr' id='par_1_110' title="bbox 2378 4339 3338 4404">
     <span class='ocr_line' id='line_1_110' title="bbox 2378 4339 3338 4404; baseline -0.004 -9"><span class='ocrx_word' id='word_1_724' title='bbox 2378 4345 2458 4373; x_wconf 78' lang='grc'><strong>¹¹¹¹¹¹</strong></span> <span class='ocrx_word' id='word_1_725' title='bbox 2491 4343 2577 4394; x_wconf 87' lang='lat' dir='ltr'><strong>Sic</strong></span> <span class='ocrx_word' id='word_1_726' title='bbox 2596 4342 2828 4403; x_wconf 82' lang='lat' dir='ltr'><strong>rescribo,</strong></span> <span class='ocrx_word' id='word_1_727' title='bbox 2845 4342 2934 4393; x_wconf 87' lang='lat' dir='ltr'><strong>sed</strong></span> <span class='ocrx_word' id='word_1_728' title='bbox 2953 4341 3005 4392; x_wconf 77' lang='grc' dir='ltr'><strong>Ο.</strong></span> <span class='ocrx_word' id='word_1_729' title='bbox 3030 4349 3074 4393; x_wconf 84' lang='lat' dir='ltr'><strong>et</strong></span> <span class='ocrx_word' id='word_1_730' title='bbox 3096 4343 3154 4394; x_wconf 80' lang='lat' dir='ltr'><strong>Ii.</strong></span> <span class='ocrx_word' id='word_1_731' title='bbox 3182 4339 3338 4404; x_wconf 83' lang='lat' dir='ltr'><strong>ipsud.</strong></span> 
     </span>
    </p>
   </div>
   <div class='ocr_carea' id='block_1_111' title="bbox 2386 4406 2760 4456">
    <p class='ocr_par' dir='ltr' id='par_1_111' title="bbox 2386 4406 2760 4456">
     <span class='ocr_line' id='line_1_111' title="bbox 2386 4406 2760 4456; baseline -0.003 0"><span class='ocrx_word' id='word_1_732' title='bbox 2386 4407 2445 4434; x_wconf 83' lang='grc'><strong>¹¹¹³</strong></span> <span class='ocrx_word' id='word_1_733' title='bbox 2481 4406 2536 4456; x_wconf 88' lang='lat' dir='ltr'><strong>C.</strong></span> <span class='ocrx_word' id='word_1_734' title='bbox 2564 4407 2760 4456; x_wconf 84' lang='lat' dir='ltr'><strong>victum.</strong></span> 
     </span>
    </p>
   </div>
   <div class='ocr_carea' id='block_1_112' title="bbox 2384 4465 3335 4528">
    <p class='ocr_par' dir='ltr' id='par_1_112' title="bbox 2384 4465 3335 4528">
     <span class='ocr_line' id='line_1_112' title="bbox 2384 4465 3335 4528; baseline -0.004 -10"><span class='ocrx_word' id='word_1_735' title='bbox 2384 4469 2442 4499; x_wconf 88' lang='lat'><strong>°°</strong></span> <span class='ocrx_word' id='word_1_736' title='bbox 2488 4469 2569 4518; x_wconf 87' lang='lat' dir='ltr'><strong>W.</strong></span> <span class='ocrx_word' id='word_1_737' title='bbox 2603 4465 2674 4519; x_wconf 85' lang='lat' dir='ltr'><strong>sic</strong></span> <span class='ocrx_word' id='word_1_738' title='bbox 2693 4465 2870 4519; x_wconf 83' lang='lat' dir='ltr'><strong>scribo.</strong></span> <span class='ocrx_word' id='word_1_739' title='bbox 2903 4467 2957 4516; x_wconf 82' lang='grc' dir='ltr'><strong>ο.</strong></span> <span class='ocrx_word' id='word_1_740' title='bbox 2983 4479 3114 4516; x_wconf 91' lang='lat' dir='ltr'><strong>cum.</strong></span> <span class='ocrx_word' id='word_1_741' title='bbox 3140 4469 3198 4518; x_wconf 78' lang='grc' dir='ltr'><strong>Β.</strong></span> <span class='ocrx_word' id='word_1_742' title='bbox 3226 4477 3335 4528; x_wconf 82' lang='lat' dir='ltr'><strong>per.</strong></span> 
     </span>
    </p>
   </div>
   <div class='ocr_carea' id='block_1_113' title="bbox 2385 4527 3935 4594">
    <p class='ocr_par' dir='ltr' id='par_1_113' title="bbox 2385 4527 3935 4594">
     <span class='ocr_line' id='line_1_113' title="bbox 2385 4527 3935 4594; baseline -0.003 -13"><span class='ocrx_word' id='word_1_743' title='bbox 2385 4534 2444 4574; x_wconf 75' lang='lat' dir='ltr'><strong>PP</strong></span> <span class='ocrx_word' id='word_1_744' title='bbox 2481 4532 2534 4581; x_wconf 81' lang='grc' dir='ltr'><strong>ο.</strong></span> <span class='ocrx_word' id='word_1_745' title='bbox 2563 4531 2806 4592; x_wconf 85' lang='lat' dir='ltr'><strong>quomodo</strong></span> <span class='ocrx_word' id='word_1_746' title='bbox 2829 4535 2882 4580; x_wconf 92' lang='lat' dir='ltr'><strong>et</strong></span> <span class='ocrx_word' id='word_1_747' title='bbox 2900 4529 3063 4594; x_wconf 85' lang='lat' dir='ltr'><strong>fuerat</strong></span> <span class='ocrx_word' id='word_1_748' title='bbox 3099 4527 3341 4594; x_wconf 57' lang='lat' dir='ltr'><strong>iucunde</strong></span> <span class='ocrx_word' id='word_1_749' title='bbox 3364 4527 3738 4594; x_wconf 81' lang='lat' dir='ltr'><strong>capituloquem</strong></span> <span class='ocrx_word' id='word_1_750' title='bbox 3767 4541 3935 4594; x_wconf 84' lang='lat' dir='ltr'><strong>expo-</strong></span> 
     </span>
    </p>
   </div>
   <div class='ocr_carea' id='block_1_114' title="bbox 2483 4541 3640 4654">
    <p class='ocr_par' dir='ltr' id='par_1_114' title="bbox 2483 4541 3640 4654">
     <span class='ocr_line' id='line_1_114' title="bbox 2483 4541 3640 4643; baseline -0.004 -62"><span class='ocrx_word' id='word_1_751' title='bbox 2483 4541 2534 4581; x_wconf 76' lang='grc' dir='ltr'><strong>υ.</strong></span> <span class='ocrx_word' id='word_1_752' title='bbox 2563 4541 2806 4592; x_wconf 79' lang='lat' dir='ltr'><strong>quomoao</strong></span> <span class='ocrx_word' id='word_1_753' title='bbox 2829 4541 2882 4580; x_wconf 90' lang='lat' dir='ltr'><strong>et</strong></span> <span class='ocrx_word' id='word_1_754' title='bbox 2900 4541 3063 4579; x_wconf 85' lang='lat' dir='ltr'><strong>luerat</strong></span> <span class='ocrx_word' id='word_1_755' title='bbox 3099 4542 3151 4577; x_wconf 82' lang='lat' dir='ltr'><strong>In</strong></span> <span class='ocrx_word' id='word_1_756' title='bbox 3177 4541 3341 4578; x_wconf 86' lang='lat' dir='ltr'><strong>cunae</strong></span> <span class='ocrx_word' id='word_1_757' title='bbox 3364 4541 3640 4643; x_wconf 49' lang='grc' dir='ltr'><strong>οῗὲὲῑιιιῗῶῑ</strong></span> 
     </span>
     <span class='ocr_line' id='line_1_115' title="bbox 2483 4591 3640 4654; baseline -0.004 -11"><span class='ocrx_word' id='word_1_758' title='bbox 2483 4609 2522 4643; x_wconf 89' lang='lat' dir='ltr'><strong>s.</strong></span> <span class='ocrx_word' id='word_1_759' title='bbox 2550 4598 2606 4646; x_wconf 75' lang='grc' dir='ltr'><strong>Η.</strong></span> <span class='ocrx_word' id='word_1_760' title='bbox 2634 4605 2781 4654; x_wconf 89' lang='lat' dir='ltr'><strong>quem</strong></span> <span class='ocrx_word' id='word_1_761' title='bbox 2805 4593 3112 4654; x_wconf 74' lang='lat' dir='ltr'><strong>exponimus.</strong></span> <span class='ocrx_word' id='word_1_762' title='bbox 3148 4591 3230 4640; x_wconf 83' lang='lat' dir='ltr'><strong>W.</strong></span> <span class='ocrx_word' id='word_1_763' title='bbox 3257 4591 3412 4644; x_wconf 71' lang='lat' dir='ltr'><strong>rescr&#39;</strong></span> <span class='ocrx_word' id='word_1_764' title='bbox 3494 4605 3558 4654; x_wconf 87' lang='lat' dir='ltr'><strong>qu</strong></span> <span class='ocrx_word' id='word_1_765' title='bbox 3630 4630 3640 4639; x_wconf 94' lang='lat'><strong>.</strong></span> 
     </span>
    </p>
   </div>
   <div class='ocr_carea' id='block_1_115' title="bbox 2384 4607 3210 4708">
    <p class='ocr_par' dir='ltr' id='par_1_115' title="bbox 2384 4607 3196 4708">
     <span class='ocr_line' id='line_1_116' title="bbox 2384 4607 3196 4708; baseline -0.006 0"><span class='ocrx_word' id='word_1_766' title='bbox 2550 4607 3196 4706; x_wconf 51' lang='lat' dir='ltr'><strong>haematitem:</strong></span> 
     </span>
    </p>
   </div>
   <div class='ocr_carea' id='block_1_116' title="bbox 2389 4719 2757 4782">
    <p class='ocr_par' dir='ltr' id='par_1_116' title="bbox 2389 4719 2757 4782">
     <span class='ocr_line' id='line_1_117' title="bbox 2389 4719 2757 4782; baseline -0.011 -13"><span class='ocrx_word' id='word_1_767' title='bbox 2389 4721 2409 4748; x_wconf 78' lang='grc' dir='ltr'><strong>ι’</strong></span> <span class='ocrx_word' id='word_1_768' title='bbox 2422 4721 2442 4749; x_wconf 86' lang='grc'><strong>¹’</strong></span> <span class='ocrx_word' id='word_1_769' title='bbox 2482 4720 2535 4770; x_wconf 88' lang='lat' dir='ltr'><strong>C.</strong></span> <span class='ocrx_word' id='word_1_770' title='bbox 2563 4719 2757 4782; x_wconf 79' lang='lat' dir='ltr'><strong>peribit.</strong></span> 
     </span>
    </p>
   </div>
   <div class='ocr_carea' id='block_1_117' title="bbox 2388 4779 2788 4832">
    <p class='ocr_par' dir='ltr' id='par_1_117' title="bbox 2388 4779 2788 4832">
     <span class='ocr_line' id='line_1_118' title="bbox 2388 4779 2788 4832; baseline -0.005 -1"><span class='ocrx_word' id='word_1_771' title='bbox 2388 4783 2444 4814; x_wconf 74' lang='grc'>³³</span> <span class='ocrx_word' id='word_1_772' title='bbox 2483 4783 2536 4832; x_wconf 89' lang='lat' dir='ltr'><strong>C.</strong></span> <span class='ocrx_word' id='word_1_773' title='bbox 2563 4779 2692 4832; x_wconf 82' lang='lat' dir='ltr'><strong>deest</strong></span> <span class='ocrx_word' id='word_1_774' title='bbox 2715 4787 2788 4832; x_wconf 88' lang='lat' dir='ltr'><strong>et.</strong></span> 
     </span>
    </p>
   </div>
   <div class='ocr_carea' id='block_1_118' title="bbox 2389 4842 2789 4895">
    <p class='ocr_par' dir='ltr' id='par_1_118' title="bbox 2389 4842 2789 4895">
     <span class='ocr_line' id='line_1_119' title="bbox 2389 4842 2789 4895; baseline -0.01 1"><span class='ocrx_word' id='word_1_775' title='bbox 2389 4842 2440 4876; x_wconf 67' lang='grc' dir='ltr'><strong>τι</strong></span> <span class='ocrx_word' id='word_1_776' title='bbox 2485 4845 2538 4895; x_wconf 88' lang='lat' dir='ltr'><strong>C.</strong></span> <span class='ocrx_word' id='word_1_777' title='bbox 2564 4844 2695 4894; x_wconf 87' lang='lat' dir='ltr'><strong>deest</strong></span> <span class='ocrx_word' id='word_1_778' title='bbox 2721 4843 2789 4892; x_wconf 82' lang='lat' dir='ltr'><strong>in.</strong></span> 
     </span>
    </p>
   </div>
   <div class='ocr_carea' id='block_1_119' title="bbox 2387 4906 2788 4957">
    <p class='ocr_par' dir='ltr' id='par_1_119' title="bbox 2387 4906 2788 4957">
     <span class='ocr_line' id='line_1_120' title="bbox 2387 4906 2788 4957; baseline -0.007 0"><span class='ocrx_word' id='word_1_779' title='bbox 2387 4907 2449 4936; x_wconf 57' lang='lat'><strong>“‘1</strong></span> <span class='ocrx_word' id='word_1_780' title='bbox 2485 4907 2540 4957; x_wconf 87' lang='lat' dir='ltr'><strong>C.</strong></span> <span class='ocrx_word' id='word_1_781' title='bbox 2565 4906 2698 4957; x_wconf 85' lang='lat' dir='ltr'><strong>deest</strong></span> <span class='ocrx_word' id='word_1_782' title='bbox 2721 4916 2788 4956; x_wconf 82' lang='lat' dir='ltr'><strong>et.</strong></span> 
     </span>
    </p>
   </div>
   <div class='ocr_carea' id='block_1_120' title="bbox 2389 4965 2902 5021">
    <p class='ocr_par' dir='ltr' id='par_1_120' title="bbox 2389 4965 2902 5021">
     <span class='ocr_line' id='line_1_121' title="bbox 2389 4965 2902 5021; baseline -0.01 -2"><span class='ocrx_word' id='word_1_783' title='bbox 2389 4971 2449 5000; x_wconf 68' lang='grc' dir='ltr'><strong>ν’</strong></span> <span class='ocrx_word' id='word_1_784' title='bbox 2484 4973 2542 5021; x_wconf 83' lang='lat' dir='ltr'><strong>R.</strong></span> <span class='ocrx_word' id='word_1_785' title='bbox 2569 4982 2633 5018; x_wconf 90' lang='lat' dir='ltr'><strong>ex</strong></span> <span class='ocrx_word' id='word_1_786' title='bbox 2658 4965 2902 5018; x_wconf 89' lang='lat' dir='ltr'><strong>terminis.</strong></span> 
     </span>
    </p>
   </div>
   <div class='ocr_carea' id='block_1_121' title="bbox 2392 5025 3328 5093">
    <p class='ocr_par' dir='ltr' id='par_1_121' title="bbox 2392 5025 3328 5093">
     <span class='ocr_line' id='line_1_122' title="bbox 2392 5025 3328 5093; baseline -0.004 -10"><span class='ocrx_word' id='word_1_787' title='bbox 2392 5033 2451 5062; x_wconf 70' lang='grc'>³³</span> <span class='ocrx_word' id='word_1_788' title='bbox 2486 5035 2546 5084; x_wconf 82' lang='lat' dir='ltr'><strong>It.</strong></span> <span class='ocrx_word' id='word_1_789' title='bbox 2565 5031 2615 5093; x_wconf 89' lang='lat' dir='ltr'><strong>in</strong></span> <span class='ocrx_word' id='word_1_790' title='bbox 2639 5031 2752 5093; x_wconf 88' lang='lat' dir='ltr'><strong>quid</strong></span> <span class='ocrx_word' id='word_1_791' title='bbox 2772 5031 2823 5079; x_wconf 88' lang='lat' dir='ltr'><strong>in</strong></span> <span class='ocrx_word' id='word_1_792' title='bbox 2846 5025 3120 5078; x_wconf 86' lang='lat' dir='ltr'><strong>cataclismo</strong></span> <span class='ocrx_word' id='word_1_793' title='bbox 3141 5025 3328 5079; x_wconf 79' lang='lat' dir='ltr'><strong>diluvii.</strong></span> 
     </span>
    </p>
   </div>
   <div class='ocr_carea' id='block_1_122' title="bbox 2389 5092 2763 5146">
    <p class='ocr_par' dir='ltr' id='par_1_122' title="bbox 2389 5092 2763 5146">
     <span class='ocr_line' id='line_1_123' title="bbox 2389 5092 2763 5146; baseline -0.013 0"><span class='ocrx_word' id='word_1_794' title='bbox 2389 5095 2451 5136; x_wconf 74' lang='grc' dir='ltr'>Π</span> <span class='ocrx_word' id='word_1_795' title='bbox 2487 5097 2545 5146; x_wconf 83' lang='lat' dir='ltr'><strong>R.</strong></span> <span class='ocrx_word' id='word_1_796' title='bbox 2570 5092 2763 5143; x_wconf 82' lang='lat' dir='ltr'><strong>dicitur.</strong></span> 
     </span>
    </p>
   </div>
   <div class='ocr_carea' id='block_1_123' title="bbox 2394 5155 2790 5214">
    <p class='ocr_par' dir='ltr' id='par_1_123' title="bbox 2394 5155 2790 5214">
     <span class='ocr_line' id='line_1_124' title="bbox 2394 5155 2790 5214; baseline -0.01 -6"><span class='ocrx_word' id='word_1_797' title='bbox 2394 5157 2449 5185; x_wconf 78' lang='grc' dir='ltr'>η</span> <span class='ocrx_word' id='word_1_798' title='bbox 2488 5158 2542 5208; x_wconf 87' lang='lat' dir='ltr'><strong>C.</strong></span> <span class='ocrx_word' id='word_1_799' title='bbox 2569 5155 2704 5214; x_wconf 78' lang='lat' dir='ltr'><strong>deest</strong></span> <span class='ocrx_word' id='word_1_800' title='bbox 2725 5157 2790 5205; x_wconf 91' lang='lat' dir='ltr'><strong>in.</strong></span> 
     </span>
    </p>
   </div>
   <div class='ocr_carea' id='block_1_124' title="bbox 2392 5217 2948 5269">
    <p class='ocr_par' dir='ltr' id='par_1_124' title="bbox 2392 5217 2948 5269">
     <span class='ocr_line' id='line_1_125' title="bbox 2392 5217 2948 5269; baseline -0.002 -1"><span class='ocrx_word' id='word_1_801' title='bbox 2392 5221 2485 5250; x_wconf 76' lang='grc'><strong><em>⁸⁸³⁸</em></strong></span> <span class='ocrx_word' id='word_1_802' title='bbox 2522 5221 2576 5269; x_wconf 77' lang='grc'><strong>(7.</strong></span> <span class='ocrx_word' id='word_1_803' title='bbox 2597 5220 2662 5268; x_wconf 92' lang='lat' dir='ltr'><strong>ob</strong></span> <span class='ocrx_word' id='word_1_804' title='bbox 2683 5217 2948 5268; x_wconf 89' lang='lat' dir='ltr'><strong>seditione.</strong></span> 
     </span>
    </p>
   </div>
   <div class='ocr_carea' id='block_1_125' title="bbox 2389 5278 2919 5342">
    <p class='ocr_par' dir='ltr' id='par_1_125' title="bbox 2389 5278 2919 5342">
     <span class='ocr_line' id='line_1_126' title="bbox 2389 5278 2919 5342; baseline -0.008 -9"><span class='ocrx_word' id='word_1_805' title='bbox 2389 5278 2484 5320; x_wconf 68' lang='lat' dir='ltr'><strong>bbb</strong></span> <span class='ocrx_word' id='word_1_806' title='bbox 2516 5286 2576 5334; x_wconf 84' lang='lat' dir='ltr'><strong>It.</strong></span> <span class='ocrx_word' id='word_1_807' title='bbox 2603 5281 2919 5342; x_wconf 75' lang='lat' dir='ltr'><strong>pugnatipne.</strong></span> 
     </span>
    </p>
   </div>
   <div class='ocr_carea' id='block_1_126' title="bbox 2297 5341 2822 5395">
    <p class='ocr_par' dir='ltr' id='par_1_126' title="bbox 2297 5341 2822 5395">
     <span class='ocr_line' id='line_1_127' title="bbox 2297 5341 2822 5395; baseline -0.006 -1"><span class='ocrx_word' id='word_1_808' title='bbox 2297 5363 2300 5366; x_wconf 93' lang='grc'>·</span> <span class='ocrx_word' id='word_1_809' title='bbox 2392 5347 2478 5378; x_wconf 65' lang='lat' dir='ltr'><strong>ccc</strong></span> <span class='ocrx_word' id='word_1_810' title='bbox 2520 5346 2573 5395; x_wconf 84' lang='lat' dir='ltr'><strong>C.</strong></span> <span class='ocrx_word' id='word_1_811' title='bbox 2599 5341 2730 5394; x_wconf 76' lang='lat' dir='ltr'><strong>deest</strong></span> <span class='ocrx_word' id='word_1_812' title='bbox 2754 5343 2822 5392; x_wconf 91' lang='lat' dir='ltr'><strong>in.</strong></span> 
     </span>
    </p>
   </div>
   <div class='ocr_carea' id='block_1_127' title="bbox 2393 5405 3215 5458">
    <p class='ocr_par' dir='ltr' id='par_1_127' title="bbox 2393 5405 3215 5458">
     <span class='ocr_line' id='line_1_128' title="bbox 2393 5405 3215 5458; baseline 0.001 -3"><span class='ocrx_word' id='word_1_813' title='bbox 2393 5406 2487 5446; x_wconf 78' lang='lat' dir='ltr'><strong>ddd</strong></span> <span class='ocrx_word' id='word_1_814' title='bbox 2523 5411 2577 5457; x_wconf 85' lang='lat' dir='ltr'><strong>R.</strong></span> <span class='ocrx_word' id='word_1_815' title='bbox 2606 5405 2746 5458; x_wconf 80' lang='lat' dir='ltr'><strong>Quod</strong></span> <span class='ocrx_word' id='word_1_816' title='bbox 2769 5410 2938 5456; x_wconf 84' lang='lat' dir='ltr'><strong>autem</strong></span> <span class='ocrx_word' id='word_1_817' title='bbox 2961 5413 3014 5458; x_wconf 88' lang='lat' dir='ltr'><strong>et</strong></span> <span class='ocrx_word' id='word_1_818' title='bbox 3036 5406 3083 5455; x_wconf 85' lang='lat' dir='ltr'><strong>in</strong></span> <span class='ocrx_word' id='word_1_819' title='bbox 3105 5405 3215 5456; x_wconf 91' lang='lat' dir='ltr'><strong>hoc.</strong></span> 
     </span>
    </p>
   </div>
   <div class='ocr_carea' id='block_1_128' title="bbox 2396 5529 2746 5592">
    <p class='ocr_par' dir='ltr' id='par_1_128' title="bbox 2396 5529 2746 5592">
     <span class='ocr_line' id='line_1_129' title="bbox 2396 5529 2746 5592; baseline 0 -23"><span class='ocrx_word' id='word_1_820' title='bbox 2396 5529 2480 5569; x_wconf 77' lang='lat' dir='ltr'><strong>nr</strong></span> <span class='ocrx_word' id='word_1_821' title='bbox 2521 5533 2574 5583; x_wconf 66' lang='grc' dir='ltr'><em>ο,</em></span> <span class='ocrx_word' id='word_1_822' title='bbox 2605 5531 2746 5592; x_wconf 52' lang='grc' dir='ltr'><strong>ξρετε,</strong></span> 
     </span>
    </p>
   </div>
   <div class='ocr_carea' id='block_1_129' title="bbox 2397 5591 2758 5646">
    <p class='ocr_par' dir='ltr' id='par_1_129' title="bbox 2397 5591 2758 5646">
     <span class='ocr_line' id='line_1_130' title="bbox 2397 5591 2758 5646; baseline -0.006 0"><span class='ocrx_word' id='word_1_823' title='bbox 2397 5597 2487 5637; x_wconf 71' lang='lat'><strong><em>“5</em></strong></span> <span class='ocrx_word' id='word_1_824' title='bbox 2520 5598 2579 5646; x_wconf 74' lang='grc' dir='ltr'><strong>Β.</strong></span> <span class='ocrx_word' id='word_1_825' title='bbox 2604 5591 2758 5644; x_wconf 78' lang='lat' dir='ltr'><strong>Deus.</strong></span> 
     </span>
    </p>
   </div>
   <div class='ocr_carea' id='block_1_130' title="bbox 1707 5697 2751 5794">
    <p class='ocr_par' dir='ltr' id='par_1_130' title="bbox 1707 5697 2751 5794">
     <span class='ocr_line' id='line_1_131' title="bbox 1707 5697 2751 5794; baseline -0.006 -34"><span class='ocrx_word' id='word_1_826' title='bbox 1707 5786 1722 5794; x_wconf 28' lang='grc' dir='ltr'>ν</span> <span class='ocrx_word' id='word_1_827' title='bbox 1803 5699 2079 5790; x_wconf 70' lang='lat' dir='ltr'><strong>uenale!</strong></span> <span class='ocrx_word' id='word_1_828' title='bbox 2119 5697 2485 5758; x_wconf 84' lang='lat' dir='ltr'><strong>DODWELLI</strong></span> <span class='ocrx_word' id='word_1_829' title='bbox 2522 5697 2751 5759; x_wconf 70' lang='lat' dir='ltr'><strong>nom.</strong></span> 
     </span>
    </p>
   </div>
   <div class='ocr_carea' id='block_1_131' title="bbox 704 5795 2441 5872">
    <p class='ocr_par' dir='ltr' id='par_1_131' title="bbox 704 5795 2441 5872">
     <span class='ocr_line' id='line_1_132' title="bbox 704 5795 2441 5872; baseline 0.003 -24"><span class='ocrx_word' id='word_1_830' title='bbox 704 5795 990 5852; x_wconf 79' lang='lat' dir='ltr'><strong>Hebdomas</strong></span> <span class='ocrx_word' id='word_1_831' title='bbox 1016 5813 1142 5855; x_wconf 82' lang='lat' dir='ltr'><strong>una.</strong></span> <span class='ocrx_word' id='word_1_832' title='bbox 1190 5799 1257 5856; x_wconf 83' lang='grc' dir='ltr'><strong>Π.</strong></span> <span class='ocrx_word' id='word_1_833' title='bbox 1306 5799 1416 5856; x_wconf 90' lang='lat' dir='ltr'><strong>vid.</strong></span> <span class='ocrx_word' id='word_1_834' title='bbox 1471 5799 1743 5872; x_wconf 87' lang='lat' dir='ltr'><strong>llippolyt.</strong></span> <span class='ocrx_word' id='word_1_835' title='bbox 1778 5801 1922 5872; x_wconf 87' lang='lat' dir='ltr'><strong>apud</strong></span> <span class='ocrx_word' id='word_1_836' title='bbox 1966 5800 2189 5858; x_wconf 78' lang='lat' dir='ltr'><strong>Hieron.</strong></span> <span class='ocrx_word' id='word_1_837' title='bbox 2218 5798 2351 5857; x_wconf 84' lang='lat' dir='ltr'><strong>Dan.</strong></span> <span class='ocrx_word' id='word_1_838' title='bbox 2386 5797 2441 5855; x_wconf 84' lang='lat'><strong>9.</strong></span> 
     </span>
    </p>
   </div>
  </div>
