2095 3133
125 161 177 192 961

860 159 1054 194 COMPUTUS.

1726 164 1781 194 962

163 219 327 248 Restitutum
341 223 383 248 est
397 222 410 238 α
424 225 489 255 ergo
503 219 632 255 templum
655 220 681 248 in
703 220 813 249 nomine
833 225 926 256 proto-
939 223 966 253 Α
979 221 1051 257 plum
1067 221 1137 256 quod
1165 226 1218 249 non
1240 220 1364 249 humanis
1384 220 1432 249 sed
1454 220 1510 248 suis
1537 221 1621 249 sacris
1644 221 1778 256 manibus,

129 266 226 303 phtSti,
249 266 293 301 qui
313 265 400 293 dictus
421 271 462 294 est
478 265 578 300 Adam,
601 265 671 295 sicut
692 265 843 302 1Lsnperius
861 267 929 295 dixi-

129 321 202 347 mus,
220 318 230 332 ο
246 312 323 340 annis
338 312 429 340 XLVI.
446 312 491 341 Sic
510 317 599 340 autem
617 313 767 341 ostenditur
781 314 807 341 in
823 313 930 342 nomine

129 360 216 388 Adam
229 368 237 387 :
252 367 314 387 cuin
327 359 397 395 apud
409 359 518 388 Graecos
532 359 615 394 prima
631 360 718 387 littera
737 360 851 388 nominis
874 359 931 395 ejus

130 405 144 425 ἀ
157 406 262 434 dicatur
275 405 354 440 alpha
368 410 431 441 μίι,
447 405 564 434 secunda
582 411 671 433 autem
687 406 758 434 delta
775 411 786 425 ο
805 410 930 442 deum,

131 453 228 482 iterum
243 452 323 488 alpha
338 458 399 487 μία,
414 457 508 489 quarta
523 461 568 489 my
580 456 768 489 rzacspixma,
782 452 792 472 ί
802 459 829 481 et
840 454 870 481 ﬁt
884 462 933 481 nu-

132 507 225 528 merus
236 506 284 527 sex
299 503 327 527 et
341 498 529 535 quadraginta.
545 499 595 533 Qui
609 508 736 528 numerus
749 507 881 528 annorum
895 501 933 528 sic

133 549 146 570 Β
162 545 418 580 comprehendetur.
431 545 500 573 Cum
515 544 529 564 ιι
542 553 558 573 a
572 545 616 574 die
630 545 677 573 illo
689 554 743 582 quo
754 554 880 575 reversus
892 551 934 575 est

133 591 249 619 interra
277 599 324 619 sua
349 590 503 619 Judteorum
527 591 662 627 populus,
697 593 819 627 regnavit
847 592 934 628 Cyrus

133 636 278 665 Persarum
296 636 372 665 annis
399 636 506 664 XXXI:
521 641 580 673 post
602 645 682 672 quem
698 636 706 655 ί
721 637 869 673 Cambyses
882 646 932 666 an-

134 683 177 711 nis
204 682 257 718 IX,
285 687 313 711 et
335 683 438 719 impleti
465 687 528 711 sunt
551 683 663 711 XXXX.
689 683 753 712 Post
778 692 864 712 annos
887 692 934 713 au-

135 733 189 757 tem
207 728 253 757 XL
265 750 273 763 ,
289 734 383 765 regnat
398 729 405 754 i
424 729 546 757 Smerdis
576 729 667 765 Magus
692 730 829 768 mensibus
844 729 858 748 ¹ί
870 737 933 766 sep-

136 779 209 808 tem;
225 775 270 811 qui
285 782 393 803 menses
403 782 418 803 a
432 775 509 803 nobis
525 783 578 803 non
587 781 794 811 computantur;
811 775 821 794 ι
831 777 934 812 quare?

136 822 263 858 quoniam
283 822 310 850 in
325 822 439 857 septimo
460 830 553 850 mense
564 821 628 858 Cyri
643 822 816 851 fundamenta
843 823 934 859 templi

138 874 157 888 π’
172 874 329 905 posuerunt,
343 874 357 888 ιι
371 875 398 898 et
411 870 508 898 exinde
523 878 607 906 usque
619 871 653 899 ad
667 879 767 900 annum
787 871 934 900 secundum

984 273 1012 287 θο
1020 268 1167 296 secundum
1176 268 1317 303 imperium
1327 267 1414 295 Patris
1422 267 1505 300 sui,”
1510 267 1644 301 formavit,
1654 276 1706 296 non
1719 269 1781 297 olco

982 314 1029 342 sed
1045 314 1139 349 spiritu
1156 314 1202 342 Dei
1215 314 1305 347 unxit;
1322 319 1349 342 et
1362 314 1509 347 civitatem,
1522 314 1547 342 id
1563 318 1605 342 est
1620 314 1780 348 Ecclesiam,

982 361 1114 397 lapidibus
1124 362 1296 390 sanctiﬁcatis
1312 362 1468 396 aediﬁcavit,
1483 363 1546 390 etin
1559 362 1614 398 ipsa
1625 367 1653 386 είς
1667 364 1782 398 plateam

983 407 1131 435 constituit.
1148 408 1237 436 Platea
1249 413 1339 436 autem
1354 413 1396 436 est
1410 408 1453 436 via
1468 413 1542 436 recta
1556 407 1586 426 Ml
1599 412 1626 436 et
1640 409 1719 443 plana
1732 429 1739 442 ,
1756 409 1782 437 in

983 460 1034 488 qua
1050 452 1219 482 ambulantes
1232 455 1388 489 perveniunt
1407 453 1442 482 ad
1457 454 1538 482 vitam
1554 459 1703 482 aeternam.
1716 455 1785 483 Iluic

984 499 1082 526 civitati
1098 499 1194 527 fortem
1218 505 1244 528 et
1269 500 1504 537 inexpugnabilem
1531 509 1636 529 murum
1651 522 1659 536 ,
1688 501 1715 529 id
1742 506 1785 530 est

982 549 1106 573 sanctum
1120 553 1218 573 nomen
1242 555 1337 580 suum,
1352 547 1492 575 constituit
1505 556 1512 574 :
1525 554 1573 583 per
1592 547 1663 583 quod
1685 555 1783 576 nomen

983 600 1078 621 omnes
1100 593 1269 622 adversarios
1295 594 1409 629 pedibus
1428 594 1488 630 ejus
1516 594 1636 630 subjicit.
1656 594 1680 613 ίί
1702 595 1783 629 Ecce,

985 640 1033 668 Dei
1059 641 1159 676 gratia,
1182 649 1261 677 quam
1279 642 1407 678 pratclara
1427 646 1454 670 et
1476 642 1643 670 admirabilia
1665 641 1688 667 ii
1708 641 1785 669 nobis

985 692 1093 715 ostensa
1118 693 1182 715 sunt
1208 696 1256 723 per
1275 695 1360 716 annos
1380 687 1474 715 XLIX.
1497 688 1548 722 Qui
1563 687 1593 706 η
1607 687 1669 715 anni
1689 694 1705 716 e
1718 694 1785 715 con-

987 735 1068 762 trario
1092 735 1263 769 inﬁdelibus,
1279 740 1306 763 et
1330 735 1545 771 persecutionem
1568 736 1653 763 servis
1675 735 1722 762 Dei
1747 734 1785 762 l'a-

985 780 1128 812 cientibus,
1139 788 1262 817 magnam
1281 781 1467 809 demonstrant
1490 785 1712 816 superventuram
1736 788 1784 809 ca-

985 827 1142 854 lamitatem.
1170 826 1193 845 11
1221 827 1279 860 Qua
1316 831 1405 855 autem
1430 827 1533 855 ratione
1555 827 1702 855 videamus.
1736 826 1785 855 Hic

986 877 1027 891 ""11
1036 873 1106 901 enim
1116 873 1231 901 mundus
1242 873 1268 901 in
1278 881 1332 909 quo
1344 873 1408 908 justi
1423 878 1451 901 et
1462 873 1550 908 injusti
1560 878 1589 892 ιω
1602 873 1637 901 ab
1650 874 1725 902 initio
1732 881 1785 901 sae-

137 916 209 945 Darii
225 925 293 953 opus
308 922 321 935 ο
333 918 360 945 in
383 925 417 946 eo
433 926 486 946 non
502 924 516 943 Ρ
527 920 710 948 coniecerunt.
725 920 801 948 Tunc
821 920 937 956 proplte-
952 922 976 952 Β
989 920 1042 947 culi
1054 924 1258 953 conversantttr,
1273 927 1321 947 sex
1335 919 1430 947 diebus
1442 924 1484 947 est
1493 924 1709 953 consummatus;
1724 920 1786 955 qui-

139 968 196 991 Iaut
209 964 322 1000 Agamus
336 968 364 993 et
384 965 547 1000 Zacharias;
561 974 610 1002 per
626 974 694 1002 quos
717 967 874 995 exhortatus
896 970 937 994 est

138 1017 185 1038 cos
201 1009 348 1044 Dominus,
365 1015 392 1040 et
412 1012 552 1040 unanimes
573 1017 760 1046 accesserunt,
775 1017 804 1041 et
821 1012 847 1040 in
867 1019 935 1047 qua-

137 1056 260 1085 driennio
295 1058 433 1086 residttum
457 1065 526 1094 opus
553 1059 644 1094 templi
669 1062 935 1087 consummaverunt.

138 1102 216 1136 Quod
237 1103 325 1138 ipsum
348 1103 455 1139 quidem
476 1104 503 1132 in
518 1104 607 1140 primo
628 1104 697 1133 libro
711 1110 725 1130 ιι
738 1104 832 1133 Esdrte
850 1104 939 1132 mani-

138 1149 206 1178 feste
220 1150 432 1185 demonstratur,
447 1151 519 1187 quod
533 1156 611 1180 sexto
623 1159 695 1180 anno
712 1152 783 1180 Darii
809 1152 938 1187 templum

138 1196 211 1225 Deir
235 1198 271 1226 sit
300 1206 347 1233 per
376 1199 465 1227 omnia
485 1204 712 1227 consummatum.
739 1199 778 1228 Ad
805 1199 852 1227 XL
871 1198 939 1234 adji-

139 1244 241 1272 ciamus
256 1249 267 1262 ⁸
286 1244 357 1272 Darii
371 1244 417 1279 VI,
431 1250 459 1274 et
478 1245 545 1273 ﬁunt
564 1245 612 1273 XL
632 1251 659 1273 et
673 1245 718 1273 Vl.
740 1246 842 1280 Quibus
861 1245 939 1273 annis

139 1289 236 1325 adjecti
258 1294 322 1318 sunt
339 1295 393 1319 tres
411 1291 437 1319 in
458 1291 588 1327 mysterio
609 1291 740 1326 passionis
754 1296 779 1319 et
805 1298 940 1319 resurrec-

140 1336 221 1364 tionis
238 1335 354 1369 Christi,
374 1341 401 1365 et
416 1337 525 1372 impleta
541 1342 583 1364 est
601 1338 609 1355 ί
623 1336 792 1365 hebdomada
814 1336 938 1371 septima.

141 1381 174 1410 Et
199 1387 262 1410 tunc
277 1387 290 1400 ιι
302 1383 390 1418 platea
408 1388 435 1411 et
451 1383 581 1419 templutn
603 1388 631 1411 et
645 1391 736 1411 mttrus
751 1388 778 1411 et
800 1383 857 1418 ipsa
876 1382 941 1410 civi-

141 1432 197 1463 tas,
214 1429 420 1465 quadragesimo
441 1434 469 1458 et
489 1437 560 1457 nono
573 1437 643 1457 anno
656 1430 795 1466 suppleto,
811 1437 859 1465 per
880 1437 940 1457 om-

140 1475 184 1503 nia
208 1475 327 1512 perfecta
351 1482 379 1505 et
394 1481 406 1496 ν
421 1476 523 1504 munita
547 1476 791 1504 demonstrabatur.
815 1476 869 1504 Sed
890 1475 942 1504 hoc

141 1525 226 1549 totum
239 1529 307 1556 opus
323 1522 349 1550 in
363 1526 532 1551 sacramento
546 1522 676 1550 Ecclesiae
692 1522 890 1557 perﬁciebatur.

179 1569 298 1605 Denique
311 1569 450 1598 videamus
460 1569 523 1606 quid
537 1569 587 1605 ipsi
604 1568 687 1597 XLIX
701 1569 764 1596 anni
779 1569 940 1604 signiﬁcent.

988 966 1038 994 bus
1061 966 1200 1002 suppletis,
1217 966 1374 994 benedictus
1392 971 1434 994 est
1454 966 1513 994 dies
1534 966 1664 1001 septimus
1679 974 1686 999 ;
1700 971 1727 984 οο
1743 966 1787 994 ille

989 1012 1094 1040 scilicet
1120 1016 1331 1047 superventurus
1350 1012 1454 1040 sabbati
1472 1012 1575 1040 :eterni.
1595 1012 1624 1039 In
1641 1012 1682 1039 his
1697 1012 1788 1047 itaque

989 1057 1085 1086 diebus
1106 1058 1141 1085 ah
1170 1057 1266 1092 initio,
1296 1065 1349 1086 non
1378 1062 1480 1085 tantum
1503 1058 1611 1086 diabolo
1640 1063 1667 1086 ct
1684 1058 1787 1094 angelis

989 1109 1018 1130 I’P
1029 1105 1098 1140 ejus,
1113 1104 1159 1132 sed
1177 1109 1204 1132 ct
1216 1104 1341 1133 omnibus
1366 1104 1552 1140 peccatoribus
1563 1113 1578 1132 a
1593 1105 1646 1133 Deo
1657 1105 1725 1141 ignis
1746 1110 1789 1133 est

989 1155 1164 1186 pr:rparatus.
1182 1151 1209 1178 lu
1229 1150 1305 1186 cujus
1321 1150 1427 1178 ﬂamma
1457 1151 1497 1178 uri
1520 1151 1564 1178 ille
1582 1151 1690 1178 Finmus
1713 1151 1789 1179 dives

991 1198 1020 1222 ίιιι
1036 1196 1070 1224 ab
1081 1197 1139 1232 ipso
1158 1196 1206 1224 Dei
1222 1196 1292 1224 Filio
1305 1201 1347 1224 est
1365 1196 1575 1224 demonstratus.
1588 1196 1636 1224 llic
1650 1201 1691 1224 est
1702 1201 1728 1215 η
1744 1204 1790 1232 ge«

990 1242 1087 1271 henna:
1106 1242 1192 1278 ignis;
1207 1242 1233 1270 in
1249 1242 1327 1278 cujus
1351 1246 1377 1260 η
1397 1241 1574 1270 similitudine
1594 1243 1716 1270 caminus
1735 1241 1788 1270 im-

990 1289 1065 1324 perio
1080 1289 1150 1324 regis
1172 1289 1273 1323 septies
1296 1293 1399 1316 tantum
1420 1288 1545 1316 incensus
1571 1296 1618 1324 per
1642 1288 1688 1316 XL
1703 1293 1730 1316 et
1753 1287 1791 1315 IX

991 1335 1079 1362 cubita
1094 1335 1119 1353 ίί
1135 1335 1276 1369 excrevit,
1298 1340 1325 1362 et
1348 1334 1518 1363 adversarios
1537 1335 1666 1368 Ananiae,
1686 1334 1790 1362 Azarite

992 1385 1019 1408 et
1034 1380 1146 1408 Misaltel
1163 1381 1342 1416 consumpsit,
1377 1384 1406 1408 et
1427 1384 1458 1398 ἰιι
1484 1380 1557 1416 ipsos
1578 1386 1632 1409 tres
1658 1388 1754 1416 pueros
1775 1388 1791 1408 a

992 1426 1038 1454 Dei
1052 1426 1120 1455 Filio
1130 1432 1263 1463 protectos
1271 1426 1311 1463 (in
1324 1427 1452 1463 mysterio
1464 1432 1556 1455 nostro
1568 1428 1614 1462 qui
1628 1435 1721 1455 sumus
1735 1432 1792 1455 ter-

992 1473 1058 1501 tium
1073 1481 1158 1508 genus
1170 1478 1199 1491 τν
1220 1473 1387 1508 hominum),
1404 1480 1457 1500 non
1483 1473 1602 1506 vexavit,
1627 1477 1656 1490 η
1681 1473 1791 1507 supple-

993 1520 1027 1548 tis
1053 1520 1143 1555 itaque
1169 1519 1253 1547 XLIX
1279 1519 1369 1551 aunis,
1400 1522 1461 1553 post
1489 1523 1519 1543 Π
1544 1517 1616 1545 LXX
1651 1519 1790 1553 captivita-

994 1567 1037 1601 tis,
1051 1566 1112 1594 facti
1133 1570 1196 1593 sunt
1221 1564 1284 1592 anni
1299 1569 1325 1583 η
1339 1563 1434 1592 CXIX.
1455 1563 1506 1598 Qui
1527 1563 1611 1591 CXIX
1636 1563 1699 1591 anni
1713 1558 1793 1592 'cou-

140 1614 201 1644 Non
211 1617 270 1644 sine
283 1624 363 1645 causa
378 1617 450 1645 enim
476 1616 546 1644 Deus
573 1615 657 1643 voluit
674 1616 702 1643 in
726 1620 830 1650 septem
847 1620 859 1633 κ
876 1615 940 1643 heb-
954 1618 976 1649 ο
990 1613 1138 1649 junguntur
1152 1612 1206 1639 illis
1220 1612 1264 1647 qui
1285 1611 1319 1638 ab
1343 1610 1438 1638 Exodo
1468 1618 1554 1646 usque
1577 1610 1611 1638 ad
1636 1610 1793 1639 Jechoniam

141 1662 300 1691 domadibus
313 1668 365 1691 tam
378 1670 520 1699 magnum,
535 1662 561 1690 id
574 1666 616 1690 est
634 1667 649 1686 θ’
671 1662 856 1697 propheticum
874 1668 943 1696 opus

143 1713 156 1727 π
181 1710 372 1738 consummari.
394 1709 451 1738 Hoc
471 1713 560 1737 autent
576 1713 604 1728 ³⁸
615 1708 696 1737 modo
706 1708 735 1728 Μ’
757 1709 941 1745 propheticum

142 1755 226 1783 fuisse
250 1761 276 1775 σε
300 1756 457 1791 intelligitur
471 1764 478 1784 :
492 1763 554 1783 cum
579 1755 613 1784 de
628 1754 713 1782 XLIX
739 1755 826 1789 annis,
846 1756 873 1783 in
891 1762 942 1782 no-

144 1802 217 1830 mine
230 1802 293 1830 Jesu
310 1802 426 1835 Christi.
440 1803 533 1831 decem
550 1807 577 1831 et
594 1807 654 1831 octo
669 1801 697 1821 ι¹ι¹
709 1807 893 1838 segregantur,
915 1807 943 1830 et

143 1855 286 1878 remanent
312 1850 397 1878 XXXI
414 1850 532 1886 :quibus
551 1849 700 1886 suppletis,
718 1850 842 1878 Christus
865 1849 943 1877 Jesus

144 1902 254 1933 propter
268 1898 435 1926 credentium
447 1898 559 1926 salutem
576 1906 670 1933 passus
683 1902 725 1926 est
738 1903 765 1926 et
777 1897 943 1931 resurrexit,

144 1948 173 1974 et
187 1952 236 1982 per
251 1946 425 1982 semetipsum
438 1945 528 1974 omnia
546 1944 665 1981 perfecta
681 1944 815 1977 ostendit;
829 1949 857 1972 et
877 1948 946 1972 tem—

993 1658 1139 1694 computati
1153 1661 1217 1686 sunt
1227 1657 1290 1685 anni
1306 1655 1497 1690 DCCCCXCV,
1513 1661 1540 1684 et
1553 1656 1620 1684 ﬁttnt
1638 1656 1664 1684 in
1681 1665 1712 1685 se
1731 1657 1794 1685 atmi

995 1713 1079 1741 usque
1106 1704 1139 1732 ad
1162 1704 1326 1732 Hierusalem
1348 1703 1516 1736 restitutam,
1538 1703 1662 1739 suppleta
1680 1703 1795 1739 septittta

994 1751 1155 1787 septimana,
1170 1755 1214 1769 ειη·
1225 1751 1288 1778 anni
1302 1746 1427 1778 iCXlIIl.

1031 1798 1149 1833 Septima
1162 1796 1207 1816 ι’ωι
1221 1802 1311 1825 autem
1326 1796 1475 1832 septimana
1489 1795 1741 1831 suppleta,necesse
1755 1800 1797 1824 est

996 1852 1046 1873 nos
1061 1844 1095 1871 ad
1120 1849 1163 1863 οπο
1177 1843 1248 1871 LXII
1262 1840 1307 1861 ἀάά
1321 1841 1505 1870 ltebtlomades
1524 1847 1566 1862 οεε
1591 1842 1797 1877 converti:qua:

996 1893 1134 1920 continent
1165 1897 1251 1921 annos
1288 1887 1498 1916 CCCCXXXIV.
1530 1887 1632 1921 Quibus
1665 1887 1797 1923 suppletis

996 1938 1115 1976 oportuit
1128 1937 1264 1965 Christum
1278 1934 1426 1963 secundum
1439 1941 1548 1963 carnem
1573 1935 1658 1963 nasci.
1683 1935 1721 1963 De
1742 1942 1796 1970 quo

749 2022 938 2051 LECTIONES
958 2017 1166 2050 VARIANTES.

177 2097 192 2112 ⁸
208 2096 237 2122 Il.
254 2097 338 2128 igitur.

177 2129 192 2146 ι’
209 2130 238 2153 R.
251 2133 340 2161 supraJ

180 2160 193 2174 ε
211 2161 240 2184 lt.
254 2163 309 2185 post
320 2165 397 2185 annos
408 2157 472 2184 XXX
483 2162 510 2184 et
521 2157 551 2184 VI

180 2166 193 2174 ι
211 2166 240 2184 u.
254 2166 309 2191 post
320 2166 397 2185 annos
409 2166 472 2184 uit
483 2166 510 2184 et
524 2166 561 2184 vr.

180 2188 347 2226 d__R.__dieitur
359 2197 380 2226 Ξ
390 2190 499 2226 διζείωὶη,
519 2188 628 2226 secunda
645 2191 731 2226 autem
750 2187 947 2226 delta,tesseres

147 2221 231 2268 tergit:2
243 2222 332 2246 iterum
344 2221 449 2253 altamia,
463 2225 489 2247 et
498 2225 586 2253 quarta
598 2221 630 2246 mi
644 2223 740 2246 tessera
752 2223 831 2245 conta.

181 2252 192 2268 e
212 2252 238 2278 Ο.
252 2259 339 2284 clunes.

181 2281 192 2303 ί
210 2286 240 2310 R.
253 2285 298 2310 sic.

180 2315 195 2347 9
212 2317 241 2341 Η.
254 2315 482 2347 comprehenditur.

180 2345 196 2378 1}
213 2348 241 2378 It.
254 2345 349 2378 adjecto
360 2346 412 2372 illo.

185 2377 194 2397 ἰ
216 2377 369 2404 Meabesses.

181 2408 196 2460 ξ(
396 2411 426 2437 R.
438 2406 583 2435 Zmeridius.
595 2408 621 2434 G.
631 2407 782 2440 Hysmerius.

331 2472 428 2504 quare?

216 2504 246 2535 11.
260 2508 384 2535 posuerat.

256 2542 323 2560 eum.

181 2470 192 2490 1

180 2502 200 2517 m

181 2534 196 2548 υ

182 2565 195 2579 ο

186 2597 201 2617 Ρ

214 2534 242 2559 C.
256 2534 323 2560 eum.

213 2567 242 2592 Β.
255 2566 323 2592 deest
333 2567 367 2592 in.

217 2599 246 2623 Η.
259 2597 363 2623 fecerat.

212 2630 242 2655 Il.
255 2629 369 2655 Hesdras.

213 2662 242 2697 Ε.
255 2666 301 2697 per
312 2660 443 2697 omniasit.

213 2693 243 2717 Π.
257 2691 324 2717 deest
334 2691 412 2717 Dat-ti.

216 2723 243 2748 C.
261 2722 437 2748 hebdomades.

216 2754 244 2778 ε.
256 2754 361 2786 plateas.

214 2786 245 2842 ἓξ
257 2789 430 2841 Εὲοῶθὲιαῗᾶᾱιε.

215 2849 245 2874 Il.
261 2848 407 2879 perlectum.

201 2940 216 2961 δ
234 2943 263 2968 R.
274 2941 423 2973 perfectum.

181 2629 196 2649 (Ι

182 2659 194 2674 ι’

182 2691 194 2705 ι

184 2721 195 2738 ι

181 2753 197 2768 u

181 2784 197 2800 ν

183 2816 198 2831 ι

182 2847 198 2868 1

183 2879 195 2893 Ζ

186 2910 200 2925 ι

184 2939 200 2962 ι»

1033 2091 1060 2106 ⁸³⁸⁵
1079 2090 1109 2116 R.
1122 2089 1207 2120 igitur.

1032 2120 1062 2141 αδ
1079 2123 1110 2147 R.
1124 2122 1312 2150 congregantur.

1033 2154 1060 2168 δε
1078 2155 1107 2179 Π.
1120 2152 1151 2176 ob
1164 2152 1274 2182 imperio.

1032 2182 1058 2202 Η
1077 2186 1107 2210 Π.
1122 2183 1254 2213 plasmavit.

1032 2216 1060 2236 sl
1078 2217 1106 2241 ιι.
1119 2212 1185 2239 deest
1197 2214 1301 2245 platt-am
1314 2212 1447 2238 constituit.

1029 2245 1061 2266 Μ·
1077 2248 1107 2272 Il.
1121 2247 1187 2270 deest
1200 2248 1226 2269 et
1239 2245 1317 2277 plana.

1032 2277 1057 2297 ii
1076 2280 1107 2303 R.
1122 2280 1149 2303 et
1160 2283 1229 2302 ecce.

1032 2309 1039 2334 i
1048 2309 1055 2335 i
1078 2310 1105 2334 C.
1117 2307 1203 2334 inserit
1212 2307 1311 2333 nobilia.

1031 2341 1062 2360 ιιι
1081 2341 1108 2366 C.
1122 2341 1210 2365 animae
1222 2343 1286 2364 cont.

1031 2371 1068 2404 ll”
1078 2372 1105 2397 ε.
1117 2373 1174 2404 quia
1185 2374 1268 2396 autem
1278 2370 1409 2395 rationem.

1030 2403 1070 2417 ¹¹²¹¹²
1087 2406 1116 2430 R.
1126 2403 1231 2429 etenim.

1035 2435 1066 2450 ¹¹¹³
1083 2437 1112 2461 R.
1131 2434 1290 2459 habitatione.

1037 2466 1065 2481 °°
1086 2467 1113 2491 C.
1126 2466 1161 2491 illi
1172 2463 1227 2490 scil.
1240 2466 1270 2490 ιι.
1282 2463 1336 2489 ille.

1036 2499 1067 2519 PP
1084 2500 1114 2524 R.
1124 2498 1178 2521 erit.

1035 2530 1066 2550 tta
1084 2529 1111 2554 c.
1125 2530 1155 2553 ali
1168 2528 1245 2557 initio,
1260 2530 1282 2551 et
1292 2527 1358 2552 deest
1369 2525 1475 2552 Flnteus.

1037 2561 1065 2575 "
1085 2560 1113 2585 C.
1128 2559 1255 2584 Gcltcuna.

1038 2592 1065 2608 "
1085 2592 1112 2617 C.
1127 2590 1320 2616 similitudinem.

1039 2622 1064 2639 η
1084 2625 1113 2650 Π.
1128 2623 1249 2647 exercuit.

1035 2655 1066 2669 “'1
1085 2655 1112 2679 17.
1127 2654 1194 2685 ipsus
1208 2672 1225 2678 ..
1240 2659 1362 2684 puerus...
1375 2654 1511 2685 protectus,
1524 2655 1547 2677 et
1561 2651 1625 2678 deest
1637 2659 1658 2678 α.

1036 2685 1066 2702 *⁷
1085 2686 1112 2711 ο.
1126 2684 1191 2710 deest
1203 2684 1336 2709 hominum.

1037 2717 1067 2732 “
1086 2717 1114 2742 ο.
1128 2716 1243 2747 impletis.

1037 2748 1067 2769 YY
1087 2749 1115 2773 ΙΙ.
1128 2747 1303 2773 captivitatem.

1038 2779 1065 2794 ”
1084 2781 1114 2805 Η.
1128 2778 1210 2804 CXIV.

1039 2810 1086 2825 ⁸⁸⁸
1105 2811 1132 2835 ο.
1146 2810 1210 2835 deest
1222 2811 1287 2834 anni.

1039 2839 1086 2860 hbb
1105 2842 1131 2866 C.
1147 2842 1211 2865 deest
1224 2844 1315 2865 autem.

1043 2874 1086 2889 πθ
1107 2873 1134 2897 (Ζ.
1149 2871 1244 2896 LXXII.

1041 2903 1087 2924 Md
1105 2903 1247 2929 hebdomas.

1044 2937 1088 2952 9"
1106 2935 1134 2960 C.
1148 2935 1251 2960 reverti.
