2101 3136
294 170 348 200 963
391 179 401 184 ‘

1015 168 1059 198 DE
1079 164 1210 199 PASCIIA

1902 166 1953 197 964

296 234 309 249 ει
334 230 359 257 in
380 229 527 257 continenti
555 228 674 262 Simeon,
700 228 742 256 vir
771 229 869 264 justus,
898 231 1008 264 portans
1037 236 1099 256 cum
1114 231 1138 261 Α
1153 233 1167 252 γ
1191 231 1219 255 ut
1238 228 1265 255 in
1283 227 1328 255 illo
1352 226 1396 255 die
1421 232 1475 262 quo
1492 226 1578 254 factus
1596 229 1638 255 est
1654 223 1705 260 sol,
1722 226 1748 254 in
1765 226 1823 262 ipso
1833 224 1878 254 die
1889 234 1954 254 nas-

295 276 309 295 ιι
326 276 381 303 suis
393 276 525 308 manibus,
540 275 606 303 dixit
619 275 651 303 ad
666 275 773 304 Mariam
788 280 900 303 matrem
916 276 973 310 ejus
989 284 1011 302 τ(
1024 275 1094 304 Ecce

295 322 340 350 hie
353 323 455 358 positus
465 320 512 350 est
541 322 567 349 in
585 329 677 349 casum
699 327 726 350 et
755 322 980 350 resurrectionem
997 328 1008 341 ε
1024 322 1094 349 mul-

296 372 384 396 tarent
398 369 424 396 in
440 368 532 402 Israel,
554 373 582 396 et
598 369 624 396 in
651 369 757 404 signum
773 370 814 396 cui
831 367 844 387 ιι
866 369 1092 396 eontradicetur.)

295 414 353 442 Non
376 419 478 442 tantum
498 420 588 443 autem
601 414 721 447 Simeon,
736 415 784 443 sed
799 419 825 443 et
840 416 889 451 ipsi
907 420 918 434 θ
933 415 1096 443 CCCCXXX

296 465 322 489 et
336 460 369 488 IV
386 461 450 488 anni
462 480 470 493 ,
487 465 515 488 et
537 462 641 496 signum
657 461 745 489 crucis
757 483 764 494 ,
782 466 806 489 et
826 466 930 496 tempus
944 462 1093 496 passionis,

296 511 324 535 et
335 507 440 534 tertium
453 507 524 534 diem
543 507 751 535 resurrectionis
762 508 820 542 ejus
832 507 1093 535 demonstraverunt.

300 553 309 572 ί
327 556 386 587 Quo
412 558 501 582 autem
524 553 605 581 modo
631 554 777 582 videamus.
797 555 924 588 Superius
942 555 1013 582 enim
1026 555 1096 582 dixi;

297 607 358 627 mus
382 599 497 627 Abrahae
518 600 674 628 centenario
697 605 787 627 natum
815 600 897 627 tilium
921 600 947 627 in
969 601 1097 636 mysterio

296 646 414 679 Christi;
431 649 458 674 et
469 646 713 674 demonstravimus
729 647 864 674 neminem
877 647 901 673 in
918 646 999 674 Israel
1016 647 1097 674 bene-

297 691 442 719 dictionem
457 696 632 720 eonseeutum
643 712 651 724 ,
668 697 714 719 aut
732 699 804 719 nunc
818 692 898 719 modo
920 699 998 727 posse
1015 692 1097 719 bene-

297 738 444 766 dictionem
457 738 596 774 consequi,
619 738 670 765 nisi
690 738 717 765 iu
737 738 839 765 semine
864 738 947 773 ipsius
966 738 1097 771 Abrahm,

298 786 343 821 qui
368 789 437 813 ests
455 785 589 814 Christus.
617 785 651 812 Et
676 785 737 812 ideo
769 785 795 812 in
820 790 988 812 sacramento
1002 785 1098 812 Christi

299 831 312 850 ιτ
328 831 360 859 de
369 831 565 859 CCCCXXXIV
580 831 658 858 annis
672 832 759 866 primo
779 837 953 866 segregantur
975 836 1080 859 centum
1091 852 1098 863 ,

298 882 326 906 ct
354 877 523 906 remanenti
556 877 742 915 CCCXXXIV.
769 879 776 902 i
808 877 881 905 Anni
906 878 971 905 CCC
997 877 1100 905 scilicet

1146 279 1254 303 ceretur
1278 274 1412 307 Christus,
1428 273 1451 301 ν
1474 273 1511 300 kl.
1528 281 1585 308 apr.
1610 273 1676 301 feria
1706 272 1751 303 IV.
1779 273 1814 300 Et
1838 273 1900 300 ideo
1926 273 1955 301 de

1147 321 1205 357 ipso
1232 326 1243 340 ι
1275 321 1372 349 merito
1402 320 1434 348 ad
1457 319 1563 355 plebem
1589 318 1695 347 dicebat
1718 320 1863 347 Malaehias
1892 327 1955 354 pro-

1148 367 1251 403 pheta:
1269 376 1278 393 ‹
1293 367 1401 394 Orietur
1421 365 1498 394 vobis
1520 366 1559 393 sol
1585 365 1711 401 iustitiae,
1734 371 1761 393 et
1785 365 1890 393 curatio
1921 371 1957 393 est

1149 414 1176 440 in
1198 418 1227 432 κη
1252 413 1347 449 pennis
1371 414 1440 449 ejus.
1462 422 1471 439 ι
1490 412 1538 440 llic
1557 416 1599 440 est
1625 413 1667 441 sol
1695 412 1807 448 iustitia:
1830 412 1912 447 cujus
1933 413 1956 441 in

1149 457 1177 477 δι’
1192 460 1286 494 pennis
1300 459 1403 486 curatio
1416 458 1674 493 prmostendebatur.
1691 459 1729 487 De
1744 466 1796 494 quo
1810 464 1837 486 ct
1852 458 1957 494 Moyses

1149 504 1176 532 in
1188 505 1293 532 cantico
1308 510 1334 524 οε
1347 504 1549 540 recognoscitur
1563 503 1655 532 dieens
1667 513 1674 531 :
1687 514 1696 530 ι
1713 504 1746 532 Εῑ
1761 511 1842 540 super
1855 503 1884 522 ἀει
1902 504 1956 539 pul-

1150 552 1192 579 los
1207 559 1270 579 suos
1284 552 1436 587 concupivit
1452 556 1479 570 εο
1495 557 1522 579 et
1540 551 1697 587 expandens
1716 551 1773 579 alas
1790 559 1882 579 suas.»
1902 551 1957 586 Ipse

1150 603 1192 626 est
1208 599 1336 627 Dominus
1351 600 1376 626 in
1392 601 1468 634 cujus
1485 598 1510 618 Η
1526 598 1702 627 similitudine
1728 599 1773 627 hic
1788 599 1828 626 sol
1853 606 1957 626 annuus

1151 650 1199 680 per
1220 644 1356 672 CCCLXV
1379 650 1407 669 εὖ
1435 644 1493 673 dies
1515 649 1542 673 et
1564 650 1687 681 quartam
1715 650 1819 680 partem
1846 644 1877 663 Μ’
1906 645 1955 673 diei

1150 697 1329 719 consummat.
1344 691 1409 724 Quae
1425 689 1481 726 ipsa
1494 691 1602 727 quidem
1618 699 1680 727 pars
1691 697 1785 727 quarta
1801 691 1856 719 diei
1878 692 1955 720 habet

1152 742 1206 765 tres
1223 737 1313 765 horas.
1328 735 1395 765 Tres
1410 742 1500 765 autem
1516 738 1590 765 Itone
1604 737 1748 773 imaginem
1770 743 1879 773 portant
1898 739 1954 766 illos

1153 792 1213 812 rum
1230 785 1309 812 trium
1323 783 1426 811 dierum
1443 784 1486 819 qui
1499 784 1525 811 in
1540 784 1672 819 principio
1688 784 1778 812 succidi
1793 785 1853 812 sine
1864 785 1923 813 sole
1933 791 1955 813 et

1152 831 1213 858 luna
1244 831 1266 849 ii
1295 830 1412 859 fuerunt.
1445 830 1477 858 Et
1502 831 1573 864 ideo,
1595 831 1618 856 ii
1651 831 1788 867 quomodo
1809 835 1866 859 tres
1887 832 1955 859 hora:

1152 877 1178 904 in
1193 876 1222 895 η
1235 877 1413 912 quadriennio
1425 882 1520 912 quater
1542 878 1703 912 eompu‘tata:
1715 885 1797 904 unum
1810 878 1883 905 diem
1897 878 1956 906 duo-

300 924 476 952 ostendcrunt
499 923 510 942 ι
538 938 552 952 τ
588 924 677 951 crucis
708 923 832 958 signum,
857 928 885 952 et
913 927 1139 963 remanserunt];
1153 922 1240 951 decim
1266 924 1392 951 horarum
1425 922 1449 942 ιι
1471 923 1628 957 effecerunt,
1649 924 1688 952 sic
1702 929 1728 952 et
1743 924 1794 959 ipsi
1819 929 1876 952 tres
1889 925 1953 958 dies,

300 970 410 997 XXXIV
438 969 478 997 εἰ
507 970 540 997 de
568 969 666 1004 quibus
701 969 822 997 deductis
850 975 868 988 ιη
903 970 957 1003 Ill,
992 975 1102 1005 propter

301 1020 314 1033 υ
322 1015 391 1043 diem
402 1015 607 1043 resurrectionis
618 1015 686 1049 ejus,
700 1020 889 1043 remanserunt
901 1016 963 1043 anni
980 1021 991 1035 ο
1004 1016 1101 1044 XXXI.

301 1061 403 1096 Quibus
435 1062 586 1097 suppletis,
618 1062 737 1096 oportuit
764 1067 873 1097 propter
906 1067 1013 1097 peccata
1044 1071 1102 1090 crc-

301 1107 420 1135 dentium
432 1108 485 1143 pati
496 1108 644 1136 Christum.
657 1113 670 1132 r
683 1108 759 1142 Ipsos
781 1109 860 1144 igitur
874 1114 887 1133 τι
903 1108 1101 1136 CCCCXXXIV

300 1162 387 1182 annos
421 1155 579 1190 adjiciamus
621 1154 655 1182 ad
691 1161 824 1182 summam
854 1154 1032 1189 superiorem,
1075 1158 1102 1182 et

302 1202 469 1229 inveniamus
503 1209 590 1229 annos
619 1201 653 1228 ab
688 1200 781 1228 Exodo
817 1208 902 1235 usque
941 1200 972 1228 ad
1004 1200 1101 1228 nativi-

303 1252 382 1276 tatem
400 1254 410 1267 τ
427 1248 550 1281 Christi,
569 1252 580 1266 ⁸
608 1246 681 1275 mille
706 1246 845 1274 DXLVIII.
871 1246 956 1281 Cujus
979 1245 1102 1273 nativita-

302 1295 337 1322 tis
362 1298 469 1329 tempus
492 1300 656 1329 cognoscere
679 1292 883 1326 desiderantes,
914 1293 987 1327 ipsos
1017 1300 1102 1321 annos

301 1341 454 1368 MDXLVIII
469 1341 503 1368 ab
516 1340 620 1374 Exodo,
640 1341 647 1359 ι
664 1339 690 1367 id
703 1344 746 1367 est
760 1347 775 1366 a
795 1339 881 1375 primo
897 1338 998 1374 pinacis
1011 1346 1101 1372 versu,

301 1387 443 1423 diligenter
463 1392 477 1405 ιι
503 1387 721 1418 dinumeremus,
751 1391 778 1414 et
807 1386 841 1413 ad
860 1385 932 1413 diem
955 1385 1101 1414 nativitatis

302 1434 359 1469 ejus
386 1434 583 1469 perveniemus.
611 1433 662 1466 Qui
684 1433 743 1461 dies
772 1438 848 1460 sexta
868 1438 882 1452 ν
901 1433 1101 1460 scdecennitate

302 1481 328 1508 in
355 1481 432 1509 tertio
459 1481 565 1508 decimo
594 1487 674 1508 versu
697 1480 852 1513 invenitur,
871 1484 883 1498 κ
906 1480 928 1506 ν
958 1480 995 1507 kI.
1021 1480 1099 1516 april.

302 1527 368 1555 feria
385 1527 429 1555 IV.

337 1573 359 1601 0
384 1582 462 1610 quam
487 1574 616 1609 prmelara
637 1578 665 1602 et
684 1572 772 1601 divina
789 1572 895 1600 Domini
911 1573 1077 1608 providentia
1094 1578 1099 1601 !

1154 977 1203 1005 per
1209 974 1323 1005 quatuor
1332 974 1451 1005 tempora
1465 973 1555 998 ternos
1567 976 1674 998 menses
1690 971 1739 998 sibi
1755 975 1798 988 mm
1812 970 1956 998 defenden-

1155 1020 1206 1049 tes,
1218 1023 1317 1044 annum
1333 1022 1392 1052 post
1403 1017 1450 1044 XII
1466 1024 1571 1045 menses
1589 1017 1743 1052 suppletum
1754 1017 1956 1046 demonstrare-

1155 1068 1217 1091 runt
1230 1068 1271 1089 ηπ.
1288 1064 1320 1090 Et
1334 1064 1382 1094 sic.
1399 1071 1446 1098 per
1462 1063 1530 1091 hanc
1545 1063 1734 1091 multiformem
1752 1064 1907 1096 trinitatem,
1933 1068 1958 1092 ct

1155 1110 1213 1144 ipse
1228 1114 1257 1127 οο
1275 1110 1416 1137 duodecim
1446 1110 1519 1137 hom
1538 1108 1712 1145 Evangelium
1740 1119 1821 1138 unum
1843 1112 1869 1138 in
1893 1119 1957 1147 qua-

1154 1161 1213 1184 tuor
1232 1161 1321 1192 partes
1345 1157 1460 1184 divisum
1484 1158 1670 1192 ostenderunt,
1687 1163 1716 1183 nr
1735 1162 1762 1186 et
1778 1162 1833 1186 tres
1855 1167 1958 1187 menses

1154 1211 1201 1239 per
1210 1208 1462 1239 (piatuorlempora,
1476 1205 1502 1232 id
1515 1207 1555 1232 est
1570 1212 1618 1240 per
1632 1211 1749 1241 quatuor
1758 1212 1786 1231 ενι
1804 1206 1956 1242 Evangelia,

1154 1258 1169 1277 a
1183 1250 1292 1278 Christo
1302 1256 1311 1269 τ
1320 1257 1330 1270 τ
1340 1251 1442 1279 electos
1450 1250 1496 1280 XII
1509 1251 1653 1287 Apostolos
1665 1253 1742 1281 nobis
1752 1257 1780 1271 ³³
1790 1253 1959 1281 demonstra-

1155 1302 1262 1325 verunt.

1192 1343 1223 1370 Hi
1236 1349 1299 1370 sunt
1310 1344 1566 1380 Apostoli,quorum
1580 1345 1750 1373 sermonibus
1765 1344 1901 1379 :ctﬁlicati,
1914 1354 1958 1374 re-

1154 1390 1328 1425 cognovimus
1345 1392 1485 1419 Dominum
1508 1397 1629 1420 nostrum
1646 1401 1717 1420 anno
1733 1393 1759 1411 Ν
1777 1394 1961 1421 sextodccimo

1153 1437 1257 1472 imperii
1273 1437 1373 1465 Tiberii
1387 1437 1501 1467 Caesaris
1517 1447 1634 1475 passum;
1651 1448 1711 1468 cum
1724 1445 1791 1468 esset
1806 1441 1861 1475 ipse
1869 1445 1897 1458 ιιυ
1907 1448 1963 1468 an-

1154 1492 1249 1511 norum
1260 1490 1290 1503 νν
1307 1485 1403 1512 XXXI.
1417 1486 1455 1513 Ad
1471 1491 1499 1504 υ
1514 1486 1573 1513 XVI
1588 1494 1653 1522 ergo
1667 1492 1695 1510 η·
1710 1494 1806 1514 annum
1817 1493 1844 1514 ct
1858 1486 1961 1521 XXXI,

1154 1530 1314 1565 adjiciamus
1328 1531 1411 1560 XVIII
1427 1534 1453 1559 in
1469 1534 1577 1561 nomine
1592 1534 1675 1568 ipsius
1688 1534 1763 1568 Jcsu,
1779 1539 1807 1562 et
1820 1533 1850 1560 lit
1863 1541 1960 1561 nume—

1153 1584 1200 1604 rus
1211 1577 1298 1611 LXV;
1316 1583 1342 1596 ιι
1359 1579 1455 1614 quibus
1469 1579 1566 1607 desunt
1579 1580 1691 1608 trecenti
1706 1585 1735 1608 ut
1748 1580 1895 1616 impleatur
1911 1587 1960 1607 an-

924 1643 1114 1673 LECTIONES
1134 1645 1342 1676 VARIANTES.
1360 1657 1363 1662 ’

334 1700 347 1714 ί¹
366 1701 394 1726 C.
407 1702 647 1726 contencntissimus.

335 1730 349 1748 1'
367 1732 394 1756 C.
409 1734 518 1757 inanibus
530 1735 588 1757 suis.
689 1751 691 1753 .

333 1763 345 1777 ε
373 1764 412 1788 W.
424 1762 459 1788 sic
471 1764 585 1788 resri'ibo.
599 1764 625 1788 C.
638 1765 660 1788 ct
671 1761 700 1789 Π.
715 1765 874 1787 mortuorum.

363 1797 394 1820 II.
407 1796 589 1819 contradicitur.

365 1826 391 1850 C.
406 1826 562 1852 CCCCXXIV.

365 1858 392 1882 ϐ.
406 1858 458 1887 Quo
470 1862 551 1882 autent
564 1864 612 1889 quo
624 1857 704 1882 modo.

364 1891 392 1915 ιι-
407 1890 520 1923 suis}...

363 1923 393 1947 Β.
407 1920 589 1946 CCCCXXXVII
603 1919 669 1945 anni.

367 1955 382 1965 η
406 1951 570 1965 ρίγννγγνῐῐ

334 1954 342 1974 i
365 1955 392 1977 II.
406 1951 580 1977 CCCXXXVII.

334 1986 341 2009 1'
364 1985 393 2008 R.
406 1984 547 2007 'l‘rt-t‘cntis.
657 2013 661 2014 γ
759 2013 768 2014 7
827 2012 846 2014 _
903 2013 906 2014 ν
1059 2010 1063 2014 .

331 2016 345 2035 k
361 2017 393 2050 it.
406 2014 485 2039 crucis
496 2014 602 2044 signum,
613 2013 699 2038 omisso
716 2026 735 2038 τ.
751 2013 778 2037 C.
800 2026 809 2038 τ
826 2012 878 2038 Tau
889 2013 994 2043 signum,
1015 2012 1102 2037 mnisso

300 2052 391 2071 CI‘UCIS.

335 2078 343 2097 ι
365 2077 393 2101 ο.
406 2083 449 2101 ex.

330 2109 350 2123 ἠ
367 2110 396 2133 R.
410 2113 471 2133 tres.

331 2141 346 2155 ¹¹
364 2140 391 2164 C.
403 2140 470 2164 deest
481 2138 555 2163 diem.

331 2174 343 2186 υ
363 2171 390 2196 C.
404 2169 513 2195 XXXIII.

330 2205 344 2224 1’
362 2205 391 2228 II.
405 2202 443 2226 his
455 2202 520 2225 enim
534 2200 619 2228 igitur.

363 2235 390 2259 ο.
404 2231 566 2258 cccxxxw.

362 2264 566 2306 ἕλὶθἮίὲἷενιηι

360 2299 392 2353 Ili:
401 2293 594 2351 X313:-
602 2326 681 2356 primo
692 2324 785 2356 pinacis
797 2329 879 2349 versu.

332 1791 345 1811 d

333 1830 345 1843 (ε

334 1858 345 1878 ι

330 1922 345 1942 h

333 1954 342 1974 i

329 2236 344 2256 ‘1

332 2267 342 2281 r

330 2299 340 2312 ε

332 2327 341 2344 ι

329 2360 344 2374 u

360 2361 390 2385 Il.
405 2358 601 2382 Dinumeramus.

328 2392 343 2406 ν
362 2393 391 2416 It.
404 2389 586 2414 sedecenuttas.

331 2423 344 2436 ¹
363 2422 390 2446 C.
408 2421 473 2446 deest
483 2419 502 2443 V
516 2418 548 2443 kl.
562 2417 638 2449 April.
651 2417 713 2442 feria
726 2416 767 2449 IV.

329 2455 343 2473 Υ
360 2454 386 2478 C.
400 2452 466 2477 deest
478 2454 505 2474 ut
520 2450 545 2474 iu
561 2447 602 2472 illo
614 2448 656 2473 die
675 2455 724 2479 quo
736 2447 814 2479 factus
828 2451 874 2479 ,est
885 2447 919 2472 sol
931 2466 938 2479 ,
950 2449 975 2472 in
995 2450 1047 2479 ipso
1059 2449 1100 2475 die

298 2474 571 2511 nascereturﬁCht-istus,
583 2479 604 2504 V
616 2479 649 2504 k1.
662 2474 731 2511 apri].
750 2474 812 2504 feria
824 2476 872 2510 IV;
887 2479 913 2504 et
925 2474 982 2505 idco
992 2474 1025 2505 de
1036 2481 1099 2512 ipso.

1190 1701 1201 1715 ²
1215 1704 1245 1727 R.
1259 1702 1325 1728 deest
1336 1704 1435 1729 merito.

1187 1733 1217 1765 ΡΤ
1231 1732 1258 1758 C.
1272 1735 1363 1765 pinnis.

1186 1762 1216 1798 id)
1230 1765 1257 1798 ρ.
1272 1762 1351 1796 pinnis
1364 1766 1416 1796 ejus
1429 1768 1498 1798 cujus
1509 1768 1690 1794 ostendebatur.

1185 1796 1214 1827 cf
1228 1796 1256 1821 C.
1270 1800 1432 1827 cognoscitur.

1186 1825 1216 1862 ᾗῇ
1273 1825 1387 1859 ινίῆιιιιιιιιι
1405 1836 1474 1862 suum
1487 1830 1633 1862 concupivit.

1187 1859 1215 1890 ῗῗ
1228 1861 1258 1884 II.
1271 1861 1392 1890 ςινίιιιιίριις
1404 1861 1463 1885 alas.

1187 1888 1213 1907 Π
1229 1890 1256 1915 C.
1271 1888 1463 1917 siinilittulincm.

1187 1920 1216 1941 εκ
1230 1921 1256 1946 C.
1272 1923 1336 1946 (10651
1350 1923 1412 1948 dies.

1186 1951 1217 1970 hh
1232 1952 1259 1977 ϐ.
1272 1953 1334 1977 dies.

1188 1983 1211 2002 1i
1228 1984 1255 2008 C.
1270 1985 1345 2008 factus
1358 1990 1422 2009 sunt.

1188 2014 1212 2047 Ii
1230 2015 1257 2040 C.
1270 2016 1334 2041 deest
1347 2017 1476 2047 qtnnnodo.

1186 2044 1215 2064 kk
1228 2047 1255 2071 It.
1277 2044 1474 2072 miadriennium.

1188 2076 1255 2110 [ξς.
1268 2076 1393 2108 cﬂiciunt;
1407 2083 1434 2103 ut
1446 2083 1472 2104 et
1483 2079 1541 2110 ipsa!
1555 2079 1589 2104 III
1602 2080 1668 2105 horae
1679 2081 1756 2105 dicat.

1186 2108 1225 2143 TI“
1236 2109 1265 2143 _C.
1278 2112 1300 2143 et
1311 2112 1340 2135 Η.
1353 2108 1527 2135 defendentes.
1540 2111 1569 2135 G.
1584 2111 1768 2143 dependentes.

1187 2140 1216 2153 "“
1230 2140 1257 2165 C.
1270 2141 1497 2166 dinumeraverunt.

1187 2172 1216 2184 "°
1229 2173 1258 2197 Β.
1272 2172 1338 2197 deest
1349 2173 1485 2198 duodecim.

1186 2202 1217 2223 PP
1236 2203 1263 2228 C,
1275 2205 1362 2228 alterni
1372 2221 1378 2232 ,
1391 2204 1453 2235 forte
1465 2208 1490 2228 et
1503 2205 1577 2229 terni.

1185 2235 1215 2269 Ἡ
1228 2236 1258 2269 It.
1271 2233 1444 2269 evangelistas.
1457 2235 1551 2269 electos
1561 2242 1575 2261 a
1588 2235 1682 2262 Christo
1694 2233 1739 2262 XII
1752 2236 1888 2269 Apostolus.

1189 2266 1215 2280 τι·
1231 2266 1257 2290 C.
1272 2265 1366 2290 electus
1377 2266 1516 2297 Apostolus.

1186 2296 1213 2311 ⁸⁸
1227 2298 1257 2322 R.
1270 2296 1496 2322 manifestaveruut.

1187 2327 1212 2343 “
1229 2327 1322 2352 C.XV.

1186 2358 1215 2372 "“
1229 2361 1257 2383 It.
1271 2366 1343 2383 anno.

1183 2390 1214 2405 *ν
1228 2390 1255 2415 C.
1268 2389 1332 2414 ΧΧΧ
1345 2394 1370 2416 et
1382 2397 1439 2415 uno.

1185 2421 1213 2435 ’“‘
1229 2422 1255 2445 C.
1269 2420 1319 2445 XV.

1184 2452 1213 2472 Π
1228 2454 1256 2478 R.
1271 2452 1338 2478 deest
1350 2460 1437 2478 annum
1449 2458 1484 2479 et.

1186 2484 1211 2497 “
1226 2486 1255 2509 R.
1268 2484 1357 2515 quibus
1374 2484 1437 2510 CCC.

888 2541 1027 2572 HENIIICI
1047 2544 1230 2575 DODWELLI
1250 2547 1366 2576 NOTAE.

335 2608 373 2636 De
387 2615 435 2643 quo
449 2606 476 2633 in
494 2604 630 2643 continenti
654 2602 770 2630 Simeon.
795 2599 826 2629 C.
850 2602 1096 2643 contencntissimus.

298 2645 332 2674 U.
353 2638 592 2672 continentissimus.
606 2644 791 2676 νουνιχέσταης,
812 2644 860 2673 pro
874 2645 927 2676 quo
948 2638 1096 2676 interpres,

300 2652 332 2674 U.
353 2652 592 2672 commeuuutmus.
606 2652 667 2667 νουνι
685 2652 791 2672 ret-ang,
813 2652 860 2673 μιυ
874 2652 927 2672 qun
948 2652 1096 2672 ηικςινιυδ,

297 2683 320 2710 si
332 2681 400 2708 forte
412 2679 490 2707 fuerit
510 2678 652 2712 interpres,
667 2652 768 2710 (egerat
782 2673 956 2708 συνιχξσταὲοι.
969 2672 1098 2714 G_._limmo

297 2715 509 2745 euidentissimus,
527 2717 556 2740 ut
580 2709 653 2740 sorte
675 2709 722 2738 sua
748 2714 890 2738 contentus
913 2719 920 2736 :
942 2714 968 2736 et
989 2709 1097 2737 Simeon

296 2753 354 2788 ipse
364 2751 441 2784 dixit,
459 2749 575 2788 Domine,
589 2755 656 2775 nunc
670 2746 776 2774 dimittis
787 2750 887 2773 sertum
899 2750 970 2772 tuum
984 2745 1011 2772 in
1025 2753 1097 2780 pace,

295 2787 618 2825 quoniqmoculize‘tcu
651 2822 656 2825 _
718 2817 745 2825 Ν
853 2824 857 2825 ν
970 2816 974 2825 Ζ

333 2824 384 2858 Qui
393 2825 456 2850 dies.
472 2817 940 2858 WaNativitatemChristiLeonﬂa
963 2817 1097 2858 receptam

295 2851 456 2889 senwtentiam
470 2854 722 2892 conjicitinntartii
738 2854 809 2892 diem
822 2851 1007 2892 XXVlllznisi
1021 2854 1097 2892 torte,

295 2887 356 2929 qua:
372 2895 406 2921 dc
422 2887 559 2929 nativitate
579 2891 645 2929 dicit
666 2890 719 2916 sint
740 2889 774 2916 de
801 2889 977 2929 conceptione
1001 2887 1098 2929 intelli-

297 2923 398 2964 g'enda',
413 2936 473 2963 quae
494 2928 564 2955 circa
590 2925 643 2952 hoc
666 2930 772 2959 tempus
796 2924 941 2959 contigisse
961 2923 1095 2956 creditur,

1151 2613 1247 2640 nempe
1262 2610 1340 2633 mart.
1358 2605 1442 2633 XXV.

1189 2640 1256 2669 Pars
1268 2647 1359 2675 quarm
1373 2643 1422 2668 diei
1437 2642 1510 2669 habet
1524 2647 1575 2670 (res
1590 2644 1676 2671 hor/Ia.
1694 2644 1738 2672 W.
1753 2644 1841 2673 Immo
1852 2653 1906 2674 ses
1921 2649 1970 2675 Im-

1152 2684 1217 2704 ras:
1245 2685 1304 2704 nam
1333 2677 1376 2705 hic
1403 2680 1490 2711 agitur
1513 2679 1546 2706 de
1561 2680 1604 2707 die
1618 2680 1653 2707 “lt
1684 2680 1828 2713 horarmn‘,
1853 2684 1910 2710 nisi
1926 2685 1968 2712 vel

1151 2717 1237 2751 totum
1250 2717 1395 2751 νυχθνῑμεριν
1409 2714 1523 2751 divisum
1539 2714 1603 2742 velit
1614 2716 1638 2742 in
1658 2716 1691 2743 I2
1701 2716 1782 2743 horas
1793 2718 1969 2751 (nostrarum

1151 2747 1274 2783 duplas),
1307 2747 1424 2785 vcl'tres
1449 2750 1529 2777 horas
1564 2750 1685 2785 diurnas,
1712 2752 1775 2779 velit
1797 2747 1820 2779 ’τι
1850 2756 1966 2782 totidem

1153 2784 1292 2846 pogtnrnis
1308 2784 1482 2820 distinguere,
1502 2794 1613 2821 quarum
1637 2787 1679 2814 hic
1705 2788 1803 2815 auitam
1827 2791 1967 2819 rationem

1163 2827 1186 2846 ta
1208 2824 1261 2846 eat.

1163 2824 1261 2846 tabeat.

1151 2855 1492 2919 safer-(Iratumtempora.
1518 2857 1562 2886 IV.
1587 2858 1613 2886 id
1632 2863 1683 2892 est,
1700 2855 1815 2895 quatuor
1845 2861 1964 2896 vicibus,

1213 2899 1264 2919 uua
1278 2899 1317 2919 er.

1213 2899 1317 2927 quater.
