4202 6272
236 262 237 265 ~
254 236 369 335 ovs

1668 240 2144 313 DISSERTATIO.

3455 259 3573 325 974

331 357 571 445 Denique
587 359 628 443 ,λ
644 356 721 445 in
732 364 902 445 astate
928 357 1073 445 lunae
1100 359 1413 445 discrepant
1425 378 1445 445 _:
1482 358 1691 445 ‘quippe
1712 405 1728 430 ,
1763 379 1860 433 pro
1886 375 1934 435 Α
1963 366 2120 445 diem
2134 365 2254 445 (pro
2292 364 2759 445 Paschateistius
2804 362 2979 445 anni),
3005 365 3310 445 'designant
3331 387 3568 436 canones

256 447 400 488 anno
427 431 631 506 vulgari
657 431 784 498 245,
815 433 903 505 qui
940 433 1125 506 estin
1149 431 1357 489 canone
1399 431 1649 506 Cypriani
1682 431 1855 491 annus

255 503 539 568 Secundus,
582 512 639 561 et
683 506 733 576 in
775 503 982 560 canone
1026 504 1301 576 Hippolyti
1331 503 1622 560 vicesimus
1650 521 1854 576 secun.

259 577 358 630 tltts
377 617 391 641 ,
444 576 658 647 punitur
686 575 811 631 luna
840 575 1240 647 quartadecima
1259 619 1274 640 ,
1306 577 1600 632 secundum
1632 575 1853 646 Cypria-

256 663 409 720 num,
439 644 510 702 in
542 644 631 720 kl._
654 663 771 716 apr.
800 644 928 720 feria
955 648 1018 710 5;
1052 649 1144 703 sed
1172 648 1467 720 secundum
1491 644 1854 720 Hippolytum,

262 734 329 773 xv
360 717 438 772 kl.
465 733 580 787 apr.
614 717 741 772 ferta
774 719 826 781 7,
870 719 1107 787 adeoque
1134 719 1481 788 plenilunium
1507 735 1593 773 xiv
1630 717 1705 773 ιςιξ
1737 736 1855 788 apr.

262 790 396 844 feria
426 790 616 859 prima,
653 790 753 843 hoc
798 800 873 843 est
906 805 1040 844 mar.
1080 790 1260 845 l9die
1289 790 1588 854 Dominico,
1632 801 1685 844 ct
1735 790 1864 858 Hip-

258 862 425 931 polyti
482 860 684 915 Pascha
744 860 1048 931 (Domirieo
1104 878 1208 916 non
1278 876 1380 924 eo.
1426 863 1520 915 sed
1558 863 1859 931 sequente),

256 930 441 1004 die’26
478 932 676 997 tnartii,
702 947 796 987 seu
824 948 897 989 vit
926 930 1000 987 kl.
1026 948 1142 1004 apr.
1172 935 1289 998 Quo
1316 933 1431 1003 ipso
1461 933 1548 988 die
1577 930 1856 1004 celebran-

257 1001 383 1057 dum
411 1004 715 1076 itetttesset
742 1004 1036 1076 secundum
1060 1001 1384 1076 Cyprianum
1424 1004 1600 1076 ntﬁqui
1640 1001 1717 1076 est
1754 1004 1862 1073 pri-

256 1086 376 1129 mus
408 1073 715 1129 Dominicus
748 1084 869 1145 post
889 1090 959 1130 xn
994 1074 1067 1129 kl.
1097 1073 1214 1146 apr.
1245 1074 1375 1131 feria
1401 1076 1453 1131 5.
1489 1073 1861 1146 E‘umdetnque

262 1203 592 1220 ψ

1963 437 2529 521 l’asehalespionvsii
2572 437 3180 521 (quibusjam'ntimuF,
3226 446 3277 502 in
3316 460 3569 521 computo

1959 509 2196 582 Juliano)
2220 509 2283 562 ad
2313 517 2551 564 mentem
2574 509 2763 582 synodi

2037 527 2196 579 Hann)
2220 527 2283 562 nu
2313 527 2551 564 mentem
2574 527 2763 582 syttuut
2789 527 3041 569 mezente.

2037 581 2205 666 βιςξηιι
2246 591 2424 634 autem
2472 581 2818 666 (praeteritos
2863 583 3133 666 Hippolyti
3179 596 3235 666 et
3262 588 3562 666 Cypriani),

1961 651 2065 735 alii
2098 653 2221 705 item
2245 666 2504 735 _can0nes
2540 651 3423 735 ,δάι,εἱιῃὶιοιιιήΐόιίιὶτιιῃ,(ηθὲιὶρθ

1962 722 2474 804 Strdeceniiia,_aut
2522 721 3231 804 dttpliezitatqAOctaeterida
3259 771 3271 793 ,
3317 721 3570 804 adeoime

1966 802 2084 870 ppst
2112 808 2281 870 annos
2307 791 2409 847 H2
2430 836 2443 858 ,
2489 802 2580 847 aut
2600 791 2797 870 etiam.
2816 794 2886 870 56
2914 838 2929 862 ,
2973 791 3335 870 recurrentes)
3363 822 3375 870 ;
3419 791 3568 861 ιη’οΧ

1971 861 2470 937 Cyprianohnostro
2522 876 2729 937 constat
2779 864 2888 937 (qui
2919 861 3204 937 ejusmodi
3254 861 3416 929 nmini
3477 888 3570 930 aut

1962 936 2128 1062 ablui?
2179 933 2373 1007 rejicit)
2399 977 2415 1005 ,
2453 944 2511 992 et
2546 933 2796 993 Bucherii
2820 933 2830 936 “
2853 933 2991 995 notis
3028 940 3095 997 ad
3144 957 3404 1001 canonum
3445 947 3574 1017 Ilip-

1966 1022 2032 1062 oo
2057 1022 2088 1062 v
2117 1024 2153 1062 t.

1964 1022 2153 1079 pctytt.

593 1206 3504 1233 ___._______________________________________________

1335 1319 1951 1409 APPENDIX'
1986 1324 2455 1411 TERTIA.

1164 1580 1169 1583 -
1217 1499 2563 1653 DISSERTATIO

262 1746 408 1855 ne
466 1719 1003 1841 CYPRIANI
1048 1734 1618 1843 LIBRIS‘AD
1670 1746 2544 1843 DEMETRIANUM,
2601 1736 2747 1829 ET
2792 1753 2935 1831 DE
2989 1755 3579 1842 IDOLORUM

1614 1875 2229 1952 VANITATE.

1031 2030 1405 2099 AUCTORE
1467 2035 1543 2099 D.
1606 2033 1871 2099 NICOL.
1938 2033 2043 2097 LE
2102 2032 2457 2098 NOURRY.
2510 2033 2586 2096 Ο.
2633 2033 2698 2099 S.
2744 2036 2816 2098 B.

1648 2181 2218 2262 mg»...—
2866 2160 2877 2169 ’

789 2322 1017 2381 CAPUT
1055 2323 1337 2383 PRIMUM.

692 2438 768 2494 De
796 2439 921 2494 libro
947 2440 1017 2494 ad
1047 2438 1447 2496 Demetrianum.

814 2568 1108 2610 ABTICULUS
1137 2568 1345 2610 Ριιιιιυε.

778 2665 1018 2738 Analysis
1056 2667 1209 2733 liuius
1237 2665 1371 2721 libri.

351 2804 722 2862 Demctrianus
754 2803 918 2874 impio
954 2803 1207 2859 falsorum
1233 2804 1455 2859 deorum
1487 2802 1651 2859 cultui
1691 2802 1875 2870 addic-

280 2899 549 2961 tissimus.
582 2895 909 2970 Cyprianum
940 2895 1136 2967 sacpius
1180 2903 1538 2961 convenerat,
1575 2905 1631 2950 ut
1659 2911 1779 2951 eum
1816 2910 1881 2963 eo

280 3006 387 3045 non
435 2988 763 3056 inquirendae
797 3004 1051 3058 umquam
1080 2989 1315 3043 veritatis
1344 3029 1358 3055 ,
1403 2987 1497 3043 sed
1525 3002 1636 3043 suae
1679 2997 1880 3043 tantum

281 3082 554 3152 religionis
578 3080 809 3134 tutandae
836 3095 994 3135 causa
1024 3080 1321 3151 disputaret
1342 3077 1485 3151 (pag.
1514 3079 1661 3149 185).
1684 3078 1881 3151 Quam-

281 3176 465 3230 obrem
492 3172 791 3245 Cyprianus
818 3173 1126 3239 indocilem,
1152 3156 1440 3244 litigiosum
1469 3188 1531 3227 ac
1559 3173 1880 3243 pertinacis-

279 3269 478 3323 simum
559 3266 829 3323 heminem
872 3265 1305 3333 aspernabatur,
1362 3266 1617 3335 illmnque
1669 3264 1882 3320 silentio

279 3369 439 3430 atque
476 3359 727 3430 patientia
781 3359 955 3429 potius
978 3399 992 3423 ,
1030 3373 1190 3428 quam
1236 3357 1413 3413 verbis
1438 3397 1453 3421 ,
1505 3348 1676 3413 sicuti.
1711 3372 1879 3413 sacrae

281 3462 481 3509 nostm
510 3451 801 3522 Scripturze
841 3450 1063 3513 docent,
1106 3449 1485 3506 revincendum
1528 3464 1649 3505 esse
1686 3464 1876 3505 cense-

282 3546 395 3601 bat.
425 3543 533 3600 Sed
561 3558 682 3599 cum
718 3542 1000 3605 dirissimis
1027 3542 1154 3599 belli
1180 3585 1196 3609 ,
1235 3541 1413 3610 famis,
1447 3552 1500 3598 et
1530 3542 1695 3612 pestis
1728 3543 1875 3597 cala-

284 3636 560 3693 mitatibus
586 3643 711 3689 tunc
738 3634 971 3689 mundus
997 3644 1308 3699 vexaretur,
1348 3634 1570 3690 insanus
1601 3634 1689 3690 ille
1720 3634 1880 3689 homo

284 3729 473 3801 Inujori
514 3728 749 3784 clamore
781 3727 947 3797 C(Bpil.
979 3726 1290 3797 obstrepere
1311 3768 1326 3793 ,
1364 3727 1645 3798 palamque
1684 3725 1883 3781 vocife-

284 3824 388 3879 rari
424 3822 683 3892 plurimos
713 3835 897 3877 secum
938 3819 1058 3891 jure
1102 3820 1296 3875 merito
1335 3820 1589 3890 conqueri
1622 3818 1881 3875 Christia-

284 3930 384 3970 nos
410 3914 621 3970 illarum
652 3913 773 3969 ideo
811 3927 933 3969 esse
970 3926 1186 3968 causam
1214 3953 1229 3978 ,
1260 3912 1384 3983 quia
1410 3921 1724 3968 creterarum
1755 3929 1885 3984 gen-

286 4007 419 4062 tium
465 4006 595 4063 deos
625 4021 732 4062 non
762 4003 1178 4062 venerabantur.
1209 4003 1504 4076 Cyprianus
1552 4005 1730 4075 itique
1753 4046 1767 4069 ,
1815 4020 1882 4060 ne

284 4099 500 4157 silentio
542 4114 642 4155 suo
687 4098 740 4155 id
781 4097 936 4155 fateri
967 4096 1260 4161 videretur,
1303 4096 1369 4152 ad
1410 4096 1509 4153 has
1545 4097 1884 4168 quantumvis

284 4192 517 4250 insulsas
574 4200 630 4247 et
688 4188 1110 4246 contemnendas
1163 4188 1613 4257 criminationes,
1672 4188 1887 4261 publico

286 4284 489 4353 scripto
522 4280 844 4338 refellendas
872 4280 1085 4336 tandem
1113 4295 1395 4351 aggressus
1425 4288 1506 4334 est
1533 4277 1684 4352 (pag.
1722 4278 1883 4351 186).

208 4363 223 4367 ﬁ
366 4375 540 4431 Variis
595 4384 775 4429 autem
834 4373 1099 4429 rationum
1157 4373 1443 4428 momentis
1502 4388 1592 4427 eas
1652 4371 1887 4427 funditus

287 4469 499 4528 evertit.
534 4468 771 4524 Primum
800 4465 942 4523 enim
976 4465 1058 4520 ha:
1089 4467 1238 4535 ipsae,
1283 4464 1474 4535 inquit,
1510 4464 1755 4519 maxima:
1798 4477 1890 4519 ca-

288 4565 556 4621 lamitates
585 4560 939 4617 ostendebant
968 4557 1222 4615 mundum
1253 4571 1558 4622 senescere,
1591 4572 1653 4613 ac
1683 4556 1889 4613 viribus

290 4656 469 4713 delici.
495 4655 667 4711 Tanta
697 4652 960 4723 siquidem
988 4650 1215 4708 hiberno
1244 4661 1485 4721 tempore
1514 4665 1618 4705 non
1647 4657 1764 4705 erat
1789 4649 1888 4704 im-

290 4749 465 4805 brium
497 4749 648 4818 copia
675 4790 689 4813 ,
735 4763 839 4801 non
874 4755 1015 4802 tanta
1047 4746 1189 4800 veris
1216 4744 1534 4815 temperies,
1566 4759 1671 4800 non
1711 4752 1887 4798 tantus

1904 3592 1950 3656 C

1901 2340 1950 2403 Β
1978 2326 2234 2396 ipsosmet
2262 2327 2510 2398 gentiles,
2538 2328 2629 2399 qui
2660 2327 2853 2399 Deum,
2881 2330 3039 2402 plane
3067 2335 3385 2411 penitusque
3426 2340 3591 2402 dere-

1978 2419 2201 2484 lictum,
2233 2420 2464 2477 sceleSto
2505 2420 2762 2479 falsorum
2808 2425 3032 2483 deorum
3074 2428 3255 2497 cultu,
3304 2435 3465 2491 variis
3495 2452 3588 2492 su-

1979 2513 2421 2583 perstitionibus,
2467 2524 2520 2573 et
2554 2516 2850 2575 sceleribus
2889 2519 3185 2579 innumeris
3225 2523 3586 2586 offenderant.

1980 2604 2113 2661 Eam
2136 2606 2415 2663 enimvero
2439 2608 2509 2661 ob
2532 2623 2771 2677 causam,
2796 2619 2853 2668 et
2879 2621 2935 2668 ut
2961 2613 3029 2670 ad
3050 2615 3321 2674 saniorem
3351 2632 3589 2678 mentem

1980 2699 2244 2765 redirent,
2277 2700 2617 2770 mquissimus
2648 2703 2737 2759 ille
2768 2704 2908 2763 Deus
2940 2709 3181 2777 permisit
3219 2712 3477 2769 mundum
3508 2715 3592 2769 Iu-

1981 2792 2307 2847 nestissimis
2339 2791 2443 2849 illis
2463 2837 2476 2860 ,
2524 2810 2656 2863 quas
2685 2796 2825 2852 sacri
2856 2798 2972 2867 ejus
2999 2800 3162 2857 Vates
3187 2842 3201 2869 ,
3249 2820 3279 2859 a
3325 2806 3594 2877 Cypriane

1983 2881 2054 2939 ibi
2083 2882 2256 2949 citati,
2306 2883 2688 2953 prmdixerant,
2718 2887 2963 2944 cladibus
2988 2892 3200 2947 concuti
3231 2909 3294 2948 ac
3319 2910 3458 2966 pene
3495 2899 3594 2954 ob-

1983 2975 2085 3031 rui.
2114 2975 2314 3033 Verum
2348 2976 2463 3033 lucc
2490 2988 2607 3033 erat
2637 2979 2924 3050 impiorum
2962 2990 3017 3039 et
3053 2985 3440 3044 sceleratorum
3466 3006 3596 3061 gen-

1985 3068 2156 3124 tilium
2195 3070 2434 3136 etecitas,
2476 3078 2534 3125 ut
2574 3079 2649 3126 tot
2680 3074 2946 3144 tantisque
2986 3076 3157 3148 plagis
3184 3080 3406 3137 minime
3446 3098 3595 3139 coma

1984 3165 2155 3229 moti,
2189 3179 2352 3233 quam
2394 3166 2550 3220 novis
2585 3181 2799 3237 semper
2830 3169 3147 3246 criminibus
3189 3176 3552 3243 provocabant
3576 3219 3593 3246 ,

1983 3255 2117 3310 iram
2151 3256 2245 3312 Dei
2271 3272 2377 3311 non
2404 3270 2743 3315 vererentur.
2768 3260 2900 3329 Quis
2926 3276 3057 3333 ergo
3082 3279 3177 3320 eos
3207 3282 3312 3321 non
3338 3268 3596 3326 condem‘

1982 3357 2108 3415 net,
2138 3350 2227 3419 qui
2262 3350 2475 3404 tametsi
2505 3350 2740 3407 debitam
2776 3353 2876 3408 sibi
2910 3370 2939 3409 a
2975 3357 3150 3411 servis
3178 3356 3290 3414 suis
3318 3360 3598 3432 exigerent

1980 3441 2316 3509 servitutem,
2346 3456 2422 3497 ac
2442 3443 2607 3512 jussis
2645 3445 2757 3498 suis
2789 3460 2895 3500 non
2924 3446 3239 3505 ohedientes
3265 3449 3471 3523 ﬂagris,
3516 3454 3595 3509 fa-

1981 3549 2068 3590 me
2088 3576 2102 3601 ,
2145 3533 2267 3600 siti,
2303 3536 2542 3592 nuditate
2567 3578 2581 3604 ,
2613 3535 2754 3593 ferro
2775 3579 2790 3605 ,
2820 3554 3038 3597 carcere
3067 3543 3411 3613 mulctarent,
3445 3546 3596 3602 nole-

1984 3626 2111 3681 bant
2148 3635 2323 3683 tamen
2363 3627 2729 3699 Omnipotenti
2768 3632 2994 3687 Domino
3028 3649 3233 3691 morem
3273 3652 3483 3707 gerere,
3527 3652 3594 3693 ae

1984 3721 2190 3776 servire
2217 3720 2365 3792 (pag.
2398 3721 2546 3793 188).
2578 3723 2680 3777 Tot
2713 3724 2891 3794 itaque
2915 3740 2978 3779 ac
3008 3727 3189 3793 tantis,
3222 3729 3316 3783 sed
3348 3730 3432 3796 iis,
3461 3745 3597 3799 quas

1985 3823 2332 3878 meruerant,
2375 3814 2674 3870 minoribus
2714 3814 2883 3886 plagis
2924 3832 3031 3872 non
3059 3818 3373 3876 emendatos
3400 3861 3416 3887 ,
3460 3822 3597 3878 nihil

1984 3903 2128 3960 aliud
2160 3904 2429 3972 manebat,
2460 3921 2622 3976 quam
2656 3922 2842 3963 carcer
2867 3918 3137 3981 aeternus,
3179 3926 3242 3968 ac
3279 3923 3597 3985 perpetuum

1985 3997 2123 4068 ignis
2153 3996 2494 4069 supplicium.

2064 4088 2386 4145 Demetriani
2419 4105 2548 4147 vero
2572 4092 2955 4151 conscientiam
2982 4095 3056 4152 ibi
3072 4097 3311 4168 judicent
3334 4103 3590 4173 appellat,

1989 4185 2229 4255 petitque
2266 4185 2514 4256 quojure
2552 4187 2668 4258 ipse
2698 4176 2957 4257 avaritim,
2989 4184 3195 4256 livoris,
3241 4192 3497 4260 libidinis,
3532 4212 3597 4252 ac

1990 4275 2275 4347 cujuslibet
2325 4277 2565 4333 criminis
2611 4294 2768 4346 reus,
2822 4280 2990 4350 possit
3030 4281 3098 4336 de
3140 4282 3377 4338 vindicta
3408 4283 3597 4340 divina

1992 4369 2246 4440 Conqueri
2277 4368 2435 4443 (pag.
2471 4371 2628 4442 189).
2656 4375 2787 4438 Quae
2813 4374 2954 4428 enim
2982 4374 3121 4442 iusta
3152 4375 3313 4440 illius,
3338 4376 3597 4432 aliorum-

1991 4481 2096 4533 que
2122 4465 2403 4536 gentilium
2431 4464 2499 4520 de
2527 4465 2686 4521 bellis
2714 4473 2824 4520 tum
2853 4475 3065 4535 poterat
3090 4480 3212 4525 esse
3235 4469 3593 4540 querimonia,

1991 4573 2112 4614 cum
2145 4558 2287 4613 nulla
2320 4556 2460 4615 inter
2490 4568 2640 4629 togas
2669 4574 2769 4629 pax
2805 4547 3002 4615 esset?‘
3037 4560 3169 4630 Quae
3210 4562 3278 4617 de
3316 4564 3600 4623 sterilitate

1990 4658 2045 4704 et
2074 4648 2213 4705 fame
2241 4650 2575 4720 conquestio,
2603 4665 2762 4720 quam
2793 4650 3006 4705 illorum
3041 4654 3304 4723 rapacitas
3334 4656 3591 4727 majorem

1991 4742 2256 4800 faciebat?
2286 4744 2417 4810 Quae
2444 4742 2511 4798 dc
2541 4752 2693 4813 peste
2719 4743 2959 4813 querela,
2988 4760 3108 4799 cum
3139 4746 3250 4816 ipsa
3284 4747 3368 4803 lue
3396 4750 3598 4805 saevior

291 4853 477 4899 azstate
504 4843 668 4898 ardor
696 4841 838 4897 Solis
858 4883 873 4908 ,
910 4856 1008 4895 nec
1038 4848 1179 4894 tanta
1210 4847 1467 4893 autumno
1497 4837 1706 4908 frugum
1742 4836 1885 4892 fruc-
1910 4815 1963 4876 D
1990 4847 2134 4892 esset
2163 4836 2402 4904 ipsorum
2435 4835 2485 4890 in
2519 4836 2812 4915 morientes
2844 4846 2897 4892 et
2929 4848 3193 4903 mortuos,
3224 4849 3384 4911 atque
3413 4842 3478 4896 ad
3513 4859 3597 4898 ra-

293 4946 547 5006 tuumquc
576 4936 812 4990 ubertas.
848 4934 1242 4989 Decrescebant
1278 4943 1535 5003 praetcrea
1578 4932 1631 4988 in
1671 4932 1889 4988 visceri-

293 5028 391 5084 bus
424 5040 580 5083 terrae
615 5026 829 5083 mctalla
852 5067 866 5091 ,
901 5025 1316 5081 imminuebatur
1340 5026 1693 5097 agricolarum
1714 5068 1730 5093 ,
1762 5040 1890 5082 nau-

295 5127 491 5188 tarum,
523 5118 751 5173 militum
780 5132 1038 5173 numerus
1070 5134 1083 5170 :
1115 5116 1301 5173 deerat
1331 5117 1632 5173 innocentia
1667 5118 1718 5171 in
1748 5115 1887 5184 foro,

295 5214 434 5270 inter
456 5212 659 5267 amicos
687 5209 997 5277 concordia,
1029 5209 1217 5280 peritia
1241 5210 1292 5265 in
1324 5210 1547 5277 artibus,
1576 5210 1627 5264 in
1652 5210 1892 5266 moribus

295 5302 603 5372 disciplina.
653 5299 769 5356 Non
811 5316 940 5371 ergo
979 5301 1309 5358 senescentis
1339 5300 1522 5357 mundi
1563 5300 1893 5357 calamitates

296 5396 616 5451 Christianis
654 5394 823 5465 magis
870 5393 1222 5450 attribuéndac
1248 5403 1399 5449 erant
1421 5436 1437 5461 ,
1468 5410 1626 5465 quam
1653 5393 1793 5464 quod
1822 5410 1896 5450 te-

299 5498 407 5544 Iate
449 5485 729 5543 confectus
773 5486 935 5543 homo
978 5485 1269 5542 senectutis
1308 5486 1511 5544 morbis
1552 5496 1804 5558 urgeatur
1845 5497 1899 5543 et

299 5582 632 5654 opprimatur
656 5579 801 5653 (pag.
832 5580 979 5652 l87).

374 5674 599 5730 Planum
624 5674 819 5731 deinde
862 5686 1049 5732 auctor
1074 5684 1258 5733 noster
1284 5675 1408 5733 facit
1436 5675 1655 5733 minime
1683 5674 1899 5748 quidem

1993 4928 2185 4999 pienda
2232 4929 2446 4983 illorum
2492 4928 2630 4983 bona
2680 4929 3009 4985 crudelitas?
3050 4931 3240 4988 Nonne
3280 4934 3438 4989 etiam
3485 4943 3596 4990 tum

1994 5021 2217 5087 l‘alsarii,
2251 5021 2514 5089 veneﬁci,
2560 5023 2779 5089 sicarii,
2826 5032 2882 5077 et
2922 5024 3242 5094 iniquissimi
3266 5024 3473 5095 judices
3502 5028 3601 5081 ini-

1997 5132 2136 5185 pune
2166 5115 2586 5185 grassabantur?
2622 5117 2758 5171 Deus
2792 5133 2922 5188 ergo
2952 5118 3004 5172 in
3038 5127 3114 5173 tot
3142 5120 3405 5175 scelerum
3439 5120 3599 5177 ultio-

1998 5223 2121 5263 nem
2168 5207 2290 5278 jure
2343 5208 2691 5263 meritissimo
2738 5209 2951 5264 sinebat
2998 5211 3257 5266 mundum
3306 5212 3552 5268 maximis
3581 5254 3596 5279 ,

1998 5316 2132 5371 quas
2170 5311 2345 5354 tamen
2390 5299 2675 5371 prohibere
2706 5310 2955 5372 poterat,
2988 5303 3380 5360 calamitatibus
3419 5306 3602 5361 vexari

1999 5396 2156 5467 (pag.
2190 5396 2353 5468 l90).

2075 5488 2744 5558 {Equissiinamprteterea
2782 5487 2901 5557 ejus
2932 5487 3064 5544 iram
3104 5485 3478 5549 commovebat
3518 5493 3603 5548 in-

2006 5580 2264 5637 satiabilis
2302 5579 2642 5636 ethnicorum
2675 5581 2884 5649 rabies,
2918 5598 3019 5654 qua
3047 5583 3382 5643 Christianos
3415 5595 3607 5644 contra

2008 5674 2187 5727 omnia
2230 5673 2495 5744 aequitatis
2537 5672 2660 5743 jura
2686 5716 2700 5742 ,
2743 5685 2962 5747 propter
2990 5676 3163 5733 solum
3205 5693 3362 5734 suum
3409 5694 3610 5735 nomen

302 5765 642 5829 Christianas
671 5765 928 5825 harumce
953 5767 1314 5824 calamitatum
1347 5781 1466 5824 esse
1493 5775 1769 5834 auctores,
1808 5766 1903 5824 sed
2005 5765 2332 5836 quibuslibet
2365 5765 2723 5824 atrocissimis
2765 5769 3038 5841 suppliciis
3076 5770 3536 5829 excarniﬁcabant
3563 5776 3619 5827 et
