4202 6272
599 304 709 383 975

1858 315 1922 371 IN
1964 310 2179 405 DlVUM
2215 303 2616 372 CYPRIANUM

3792 272 3892 366 ait

600 438 965 496 trucidabant.
1000 434 1062 493 Si
1104 432 1394 491 Christiani
1441 430 1584 489 enim
1628 431 1840 487 illorum
1880 430 2012 487 deos
2054 431 2208 486 lmse—
2234 430 2288 492 Α
2314 431 2633 502 resipiscam
2655 469 2669 494 ,
2699 444 2760 485 ac
2789 428 2873 485 vel
2900 442 3023 485 sero
3050 422 3264 484 tandem
3292 434 3590 500 agnoscant
3615 423 3806 493 Deum,
3836 426 3883 480 in

601 543 727 590 rant
751 575 763 597 ,
794 547 891 588 cur
920 530 974 585 bi
1016 527 1257 597 injurias
1285 540 1412 586 suas
1449 524 1740 594 tranquille
1767 532 1821 579 et
1866 524 2081 594 impune
2112 538 2204 593 pa—

603 626 891 688 tiebantur,
935 630 1025 676 aut
1065 618 1439 690 relinquebant
1466 618 1535 673 ab
1565 615 1753 671 iisdem
1797 615 2025 671 ethnicis
2069 624 2203 669 tam-

602 732 760 786 quam
794 712 1182 783 potentioribus
1229 708 1660 781 propulsandus?
1702 707 1808 763 Sed
1853 708 1906 761 hi
1948 706 2021 761 dii
2069 705 2205 762 adeo

602 807 901 865 imbecilles
929 814 1105 868 erant.
1140 813 1198 859 ut
1227 803 1507 859 hominum
1537 800 1842 872 indigerent
1873 798 2057 864 tutela,
2090 807 2145 853 et
2173 813 2202 851 a

598 899 921 955 Christianis
958 896 1219 967 adjurali.
1268 896 1504 966 ipsorum
1545 892 1761 956 verbis,
1808 907 1912 946 non
1944 904 2101 946 secus
2141 903 2206 943 ac

600 993 818 1063 ﬂagris,
859 1000 913 1046 et
942 989 1255 1045 verberibus
1296 987 1421 1043 caesi
1445 1027 1460 1053 ,
1510 993 1832 1056 cogerentur
1860 983 1927 1037 ab
1968 981 2205 1038 obsessis

600 1087 752 1142 csire
777 1082 1094 1154 corporibus
1125 1081 1269 1154 (pag.
1305 1080 1453 1150 l9l).
1487 1078 1623 1148 Quin
1655 1077 1817 1134 etiam
1850 1075 2204 1146 adigebantur

602 1178 801 1248 palam,
831 1186 885 1230 ct
911 1176 966 1230 in
991 1174 1233 1229 omnium
1260 1173 1419 1228 etiam
1450 1170 1784 1226 ethnicorum
1815 1183 1930 1230 ore.
1956 1178 2009 1223 et
2034 1168 2205 1226 oculis

601 1287 726 1327 suas
755 1269 1051 1341 praestigias
1080 1266 1307 1338 prodere
1330 1308 1345 1333 ,
1368 1247 1451 1321 ‘ac
1475 1275 1757 1320 venturum
1785 1261 2043 1331 judicium
2075 1276 2207 1317 con-

603 1362 764 1419 fiteri.
797 1362 867 1417 At
893 1360 1019 1433 quid
1050 1359 1305 1415 insulsius
1333 1366 1388 1413 et
1416 1354 1701 1412 absurdius
1725 1396 1741 1421 ,
1777 1369 1935 1425 quam
1974 1353 2071 1408 hos
2108 1351 2208 1407 fal-

599 1472 691 1512 sos
718 1455 851 1512 deos
875 1454 1039 1525 impio
1075 1453 1224 1509 cultu
1253 1494 1268 1519 ,
1316 1466 1379 1507 ac
1409 1458 1679 1520 prostrato
1718 1462 1945 1517 corpore
1991 1444 2094 1500 coli
2139 1444 2207 1500 ab

600 1550 818 1607 homine
839 1591 853 1615 ,
895 1564 1054 1620 quem
1084 1555 1255 1603 status
1284 1545 1529 1601 sublimis
1551 1585 1566 1610 ,
1607 1552 1661 1599 et
1688 1552 1900 1598 erectus
1928 1541 1980 1595 in
2010 1539 2205 1596 caelum

595 1646 775 1700 vultus
800 1686 815 1711 ,
844 1642 1043 1699 Verum
1073 1649 1129 1697 et
1155 1640 1590 1709 Omnipoteutem
1620 1636 1791 1692 Deum
1828 1648 2122 1706 agnoscere
2152 1642 2207 1689 et

597 1737 865 1792 honorare
892 1733 1213 1789 admonebat
1244 1730 1404 1807 (pag.
1435 1729 1612 1801 192)?

2309 542 2444 596 quo,
2490 535 2546 579 ut
2574 525 2855 595 Propheta:
2887 532 2942 578 et
2974 523 3223 578 Christus
3251 522 3483 589 ducent,
3516 530 3599 576 est
3625 521 3748 574 vita.
3775 519 3888 576 Creo

2307 618 2543 674 dendum
2572 618 2769 690 quippe
2791 616 3031 682 Christo,
3061 616 3151 687 qui
3182 630 3473 685 numquam
3501 614 3655 676 fallit,
3678 613 3763 684 qui
3788 613 3890 668 hare

2308 714 2485 769 omnia
2528 710 2700 767 futura
2733 710 2981 779 prmdixit
3005 753 3019 777 ,
3066 711 3155 781 qui
3185 710 3332 764 dabit
3364 708 3486 764 vitae
3526 719 3741 763 acterna:
3767 721 3892 777 prac-

2309 807 2497 869 mimu,
2529 805 2618 877 qui
2649 802 2886 876 perfidos
2916 813 2967 859 et
3002 801 3312 858 incredulos
3343 808 3463 872 post
3490 812 3787 857 extremum
3811 800 3891 868 ju-

2307 899 2505 955 dicium
2538 898 2811 952 vivacibus
2834 896 2972 968 ignis
2992 897 3180 952 aeterni
3205 895 3438 950 ﬂammis
3458 895 3612 950 exuri
3638 893 3895 965 praecipiet

2307 988 2802 1063 (pag.l95).Tautis
2830 1003 2957 1044 vero
2984 987 3267 1043 tormentis
3291 987 3512 1043 cruciati
3533 986 3897 1059 spectabuntur

2308 1083 2458 1154 impii
2501 1083 2574 1137 illi
2607 1082 2855 1138 homines
2881 1125 2894 1148 ,
2930 1083 3018 1152 qui
3060 1066 3333 1137 horrendo
3362 1080 3577 1152 quidem
3600 1123 3616 1148 ,
3645 1079 3738 1135 sed
3764 1080 3898 1135 brevi

2308 1177 2661 1240 cruciatuum,
2693 1175 3017 1231 Christianis
3048 1174 3373 1231 intlictorum
3396 1217 3412 1244 ,
3446 1174 3757 1245 spectaculo
3780 1189 3895 1229 cru-

2309 1270 2457 1325 deles
2486 1269 2671 1324 oculos
2711 1278 2988 1340 paverunt.
3020 1268 3156 1324 Tmu
3205 1279 3388 1323 autem
3433 1267 3489 1322 lti
3533 1268 3674 1339 ipsi,
3724 1268 3798 1322 uti
3832 1267 3897 1324 ait

2308 1361 2576 1432 Propheta
2601 1403 2616 1428 ,
2651 1361 2991 1416 mirabuntur
3022 1362 3349 1433 insperatam
3388 1360 3600 1415 illorqu
3642 1360 3895 1427 salutem,

2308 1468 2508 1523 eosque
2534 1467 2803 1517 errormn,
2833 1452 3212 1524 scelerumque
3242 1451 3447 1507 tardius
3480 1450 3780 1523 preuitebit.

2379 1546 2671 1603 Christiani
2699 1562 2883 1618 porro.
2915 1548 3004 1619 qui
3040 1548 3241 1601 nullum
3271 1547 3474 1614 odisse,
3504 1557 3557 1603 et
3589 1549 3786 1603 bonum
3813 1563 3897 1619 pro

2311 1641 2451 1694 malo
2483 1638 2707 1695 reddere
2734 1639 3056 1702 didicerant,
3090 1639 3322 1695 ethnicis
3350 1655 3448 1711 pro
3472 1631 3618 1697 ‘odio
3649 1641 3897 1712 repende-

2308 1732 2439 1787 baut
2467 1732 2898 1787 benevolentiam
2926 1775 2941 1799 ,
2984 1750 3044 1787 ac
3088 1749 3183 1804 pro
3216 1735 3501 1789 tormentis
3541 1750 3606 1790 ac
3640 1735 3899 1806 suppliciis

673 1829 1076 1888 Demetriaoum
1108 1842 1238 1898 ergo
1278 1825 1519 1895 aliosque
1568 1822 1798 1893 gentiles
1831 1821 2107 1885 hortatur,
2150 1828 2208 1873 ut
2237 1828 2284 1889 Β
2313 1826 2685 1881 monstrabant
2740 1827 2930 1881 saturis
2980 1836 3199 1881 mter-na;
3254 1826 3377 1882 iter,
3430 1824 3635 1882 omnes
3687 1837 3855 1884 autem
3880 1870 3898 1899 ι

598 1940 660 1980 se
693 1923 757 1978 ad
789 1937 974 1977 verum
1008 1921 1177 1976 Dento
1208 1924 1532 1974 convertant
1556 1958 1570 1980 ,
1600 1914 1823 1971 credant
1854 1913 2106 1987 Christo,
2140 1928 2202 1969 ac

597 2018 846 2073 desinant
876 2015 993 2086 ejus
1034 2012 1232 2068 laedere
1255 2024 1464 2075 servos,
1498 2024 1632 2080 quos
1673 2008 1937 2077 patientes
1976 2005 2203 2061 iaciebat

600 2111 667 2166 de
689 2109 864 2165 futura
892 2108 1097 2164 ultione
1119 2106 1402 2161 securitas.
1431 2103 1575 2158 Deus
1596 2100 1794 2171 quippe
1821 2097 2200 2153 manilestissi-

602 2218 745 2257 mum
780 2201 998 2257 ultionis
1027 2214 1138 2254 sua:
1161 2239 1177 2265 ,
1209 2208 1265 2253 et
1302 2197 1513 2252 illorum
1546 2192 1875 2249 defensionis
1903 2191 2199 2247 documen-

598 2306 709 2350 tum
744 2294 900 2365 paulo
926 2301 1082 2347 antea
1110 2289 1373 2355 dederat,
1430 2307 1448 2339 ‹
1502 2286 1672 2341 ruinis
1698 2284 1941 2355 Regum,
1979 2283 2202 2353 jacturis

593 2401 780 2458 opum,
811 2383 1096 2453 diSpendio
1124 2381 1352 2437 militum
1374 2421 1388 2446 ,
1420 2377 1773 2434 diminutione
1801 2384 2125 2431 castrormn.
2175 2393 2193 2426 ι
2233 2378 2243 2385 ’

596 2484 940 2550 Quapropter
1003 2474 1130 2531 inde
1174 2483 1361 2530 auctor
1408 2480 1593 2528 noster
1642 2468 1916 2527 concludit
1962 2468 2203 2540 publicas

595 2573 928 2630 calamitates
947 2569 1229 2636 accidisse,
1252 2582 1361 2623 non
1384 2566 1437 2621 in
1458 2563 1912 2629 Christianorum,
1937 2560 2033 2617 sed
2072 2576 2202 2632 gen-

598 2667 769 2722 tilium
794 2679 1006 2737 pmnam
1033 2672 1089 2719 et
1113 2662 1395 2717 ultionem.

669 2759 853 2830 Neque
872 2756 1001 2813 sinit
1015 2755 1115 2811 sibi
1131 2753 1291 2826 objiei
1306 2752 1543 2824 iniquum
1564 2751 1679 2807 fore
1692 2750 1858 2806 Deum
1869 2791 1882 2814 ,
1896 2748 1985 2820 qui
2004 2748 2200 2818 patitur

594 2853 737 2920 illos,
760 2851 897 2906 sicut
920 2848 1166 2920 gentiles,
1209 2844 1370 2900 tantis
1389 2840 1842 2899 cladibusinvolvi
1865 2848 1919 2895 et
1946 2838 2198 2910 opprimi.

596 2944 708 2999 Soli
738 2941 1016 2997 enimvero
1060 2937 1289 3010 gentiles
1313 2949 1407 2991 eas
1434 2934 1764 3001 n‘tterebaut,
1814 2932 2036 2987 minime
2071 2944 2201 2986 vero

595 3031 919 3096 Christiani,
953 3030 1043 3103 qui
1071 3028 1141 3086 de
1171 3027 1362 3084 futuris
1389 3026 1546 3082 bonis
1594 3025 1854 3082 certiores
1913 3024 2078 3090 facti,
2135 3036 2198 3078 ac

592 3124 784 3195 spiritu
815 3123 985 3195 magis
1011 3136 1169 3192 quam
1196 3135 1360 3175 carne
1391 3119 1658 3183 viventes,
1692 3130 1885 3188 magna
1911 3115 2074 3170 animi
2106 3114 2200 3168 fir-

593 3217 780 3274 mitate
793 3214 1080 3270 vincebant
1095 3213 1338 3282 corporis
1367 3210 1729 3266 infirmitatem
1745 3209 1891 3284 (pag.
1921 3205 2191 3277 l95).No-
2220 3222 2265 3285 (ς

590 3318 781 3367 verant
805 3310 1025 3379 insuper
1050 3323 1109 3361 se
1137 3305 1383 3360 adversis
1407 3303 1625 3376 probari
1652 3313 1707 3357 et
1730 3301 2093 3365 corroborari,
2129 3315 2192 3355 ac

591 3402 837 3475 quamvis
857 3398 1160 3456 communis
1186 3398 1257 3452 sit
1282 3399 1523 3450 onmitnn
1551 3395 1605 3450 iu
1635 3394 1737 3449 hoc
1760 3394 1977 3456 numdo.
2004 3407 2191 3462 quem-

590 3493 880 3551 admodum
910 3491 962 3546 iu
994 3491 1180 3547 eadem
1210 3487 1742 3570 domolmaneutium
1773 3484 2042 3549 conditio,
2077 3483 2193 3539 fore

591 3600 770 3644 tamen
801 3597 857 3641 ut
876 3588 943 3642 ab
962 3584 1190 3640 ethnicis
1214 3591 1333 3653 post
1362 3582 1500 3635 hanc
1522 3581 1685 3635 vitam
1710 3579 1965 3651 sep-irati,
1988 3586 2190 3633 aeterna

585 3683 841 3739 felicitate
883 3681 1177 3752 potiantur.
1244 3675 1481 3730 Publicis
1525 3674 1686 3745 igitur
1734 3688 1838 3728 non
1882 3687 2189 3728 commove-

589 3776 788 3832 bantur
829 3771 1245 3828 calamitatibus.
1289 3766 1423 3823 Nam
1464 3766 1709 3837 deposita
1762 3765 2037 3819 nativitate
2078 3772 2191 3819 ter-

588 3884 717 3926 rena
738 3909 752 3931 ,
782 3875 838 3921 et
869 3864 1062 3936 Spiritu
1094 3862 1300 3927 renati,
1333 3877 1438 3915 non
1470 3859 1671 3915 mundo
1699 3860 1880 3929 utique
1908 3859 2188 3923 vivebant,

588 3958 686 4015 sed
713 3958 848 4022 Deo,
877 3970 1035 4025 quem
1067 3970 1162 4023 pro
1192 3951 1497 4007 auferendis
1527 3962 1620 4006 aut
1648 3949 2014 4020 temperandis
2044 3951 2192 4006 cala-

590 4048 911 4113 mitatibus,
947 4061 1043 4116 pro
1086 4043 1331 4099 hostibus
1368 4043 1646 4109 arcendis,
1698 4057 1796 4111 pro
1844 4043 2193 4113 impetrandis

589 4139 887 4205 imbribus,
928 4140 1094 4192 immo
1124 4137 1283 4190 etiam
1331 4151 1429 4205 pro
1467 4136 1819 4204 ipsorummet
1853 4133 2190 4189 ethnicormn

588 4250 723 4305 pace
767 4248 831 4287 ae
870 4230 1073 4296 salute,
1111 4248 1129 4281 ‹
1164 4228 1353 4283 diebus
1392 4243 1457 4284 ac
1500 4227 1751 4283 noctibus
1789 4227 1989 4299 jugiter
2032 4237 2193 4300 atque

588 4327 853 4384 instanter
886 4344 905 4377 ι
940 4323 1318 4395 precabantur.

660 4419 900 4478 Gentiles
930 4418 1111 4486 itaque
1140 4432 1248 4471 nou
1282 4424 1531 4486 poterant
1558 4414 1659 4470 sibi
1691 4415 1894 4472 idcirco
1922 4414 2147 4471 blandiri
2174 4460 2188 4484 ,

586 4515 733 4586 quod
781 4513 833 4567 in
884 4510 1110 4583 publicis
1158 4508 1552 4565 calamitatibus
1603 4509 1904 4563 communis
1932 4550 1947 4575 ,
1998 4509 2186 4563 saltem

2307 1918 2563 1989 quamdiu
2592 1916 2789 1989 aliquid
2818 1918 2884 1973 de
2914 1917 3017 1973 hoc
3047 1920 3246 1974 Sil‘CUlO
3270 1928 3542 1989 superest,
3572 1935 3691 1974 eam
3716 1936 3898 1977 conse-

2306 2011 2395 2081 qui
2432 2018 2676 2078 possuut,
2716 2008 2877 2064 modo
2917 2018 3166 2081 suscepta
3198 2025 3324 2066 vera
3354 2010 3617 2082 religione
3642 2055 3657 2076 ,
3687 2012 3790 2067 Deo
3814 2028 3901 2069 sa-

2307 2101 2595 2157 tisfaciant.
2639 2101 2867 2156 Maoeuti
2906 2102 3105 2157 etenim
3145 2103 3199 2157 in
3232 2103 3332 2158 hoc
3372 2103 3575 2158 mundo
3623 2104 3769 2160 nulla
3797 2122 3905 2177 pte-

2306 2194 2529 2249 nitcntia
2559 2209 2681 2249 sera
2712 2202 2796 2249 est
2818 2236 2832 2259 ,
2867 2192 2962 2249 sed
2994 2195 3145 2248 venia
3175 2195 3450 2250 conﬁtenti
3476 2194 3638 2251 datur
3665 2241 3681 2264 ,
3713 2207 3769 2253 et
3789 2213 3903 2254 crc-

2306 2288 2450 2343 denti
2480 2286 2830 2360 indulgentia,
2861 2303 3019 2359 quam
3043 2288 3292 2343 Christus
3321 2290 3605 2360 Sanguinis
3632 2291 3716 2346 sui
3745 2292 3905 2362 pretio

2306 2380 2565 2451 impertit.
2606 2380 2942 2451 Quapropter
2986 2390 3210 2435 cunctos
3253 2378 3555 2453 Cyprianus
3586 2398 3774 2439 rursus
3809 2400 3898 2440 ω.

2306 2473 2569 2540 hortatur,
2602 2482 2660 2527 ut
2686 2471 2837 2527 illum
2859 2513 2874 2537 ,
2904 2473 2947 2527 si
2977 2472 3090 2526 fieri
3119 2482 3298 2542 potest
3318 2514 3332 2540 ,
3361 2473 3553 2530 ducem
3581 2475 3651 2529 ita
3682 2492 3909 2547 sequan-

2310 2576 2415 2635 tur,
2451 2580 2509 2622 ut
2536 2576 2660 2638 post
2685 2570 2913 2623 mortem
2945 2574 3147 2623 aeterna
3175 2582 3299 2623 eum
3344 2567 3439 2626 illo
3471 2569 3720 2628 fruantur
3747 2572 3910 2630 felici-

2311 2668 2418 2715 tate
2449 2656 2596 2731 (pag.
2630 2657 2779 2731 196).

2862 2836 3157 2878 Λιιτιουιῠε
3202 2839 3259 2878 11.

2307 2959 2604 3015 Ostenditur
2651 2960 2967 3033 Cyprianum
2992 2960 3318 3032 Carthaginis
3346 2960 3654 3031 Episcopum
3687 2970 3734 3016 et
3760 2978 3911 3017 mare

2378 3064 2539 3126 tgrem
2577 3070 2883 3109 enaverant
2912 3054 3066 3123 hujus
3110 3053 3226 3109 libri
3290 3066 3587 3125 parentem;
3630 3057 3741 3127 quis
3786 3056 3917 3123 ille,

2375 3160 2421 3203 et
2449 3159 2620 3204 utrum
2647 3148 2843 3219 primus
2866 3149 2919 3202 in
2945 3147 3122 3219 Africa
3152 3158 3346 3220 martyr
3372 3150 3549 3219 fuerit.

2368 3308 2443 3362 De
2475 3304 2633 3375 hujus
2680 3306 3152 3363 commentationis
3201 3316 3416 3361 auctore
3460 3306 3609 3361 nulla
3654 3321 3922 3378 umquam

2297 3397 2414 3461 fuit.
2446 3414 2546 3454 nec
2567 3399 2677 3469 jam
2709 3414 2832 3455 esse
2860 3408 3037 3470 potest
3063 3399 3305 3469 quiestio.
3332 3397 3531 3453 Omnes
3558 3402 3769 3453 etenim
3805 3414 3926 3455 uno

2295 3506 2409 3557 ore,
2440 3492 2585 3546 illam
2613 3508 2643 3547 a
2673 3491 2904 3548 Thaseio
2928 3491 3151 3547 Czecilio
3172 3490 3457 3563 Cypriane,
3486 3487 3925 3562 Cartltaginensi

2294 3582 2584 3652 episcopo,
2629 3583 2883 3653 scriptam
2926 3582 3091 3639 fuisse
3136 3598 3351 3653 seraper
3376 3582 3607 3639 confessi
3652 3594 3823 3650 sunt,
3867 3593 3924 3640 et

2296 3673 2473 3728 adhuc
2510 3672 2768 3728 fatentur.
2798 3672 2942 3729 Nihil
2972 3674 3134 3746 igitur
3158 3690 3385 3732 necesse
3416 3685 3500 3730 est
3539 3691 3650 3730 rem
3676 3688 3920 3736 certam.

2295 3765 2621 3834 confessam,
2653 3775 2707 3822 et
2732 3767 3004 3833 omnibus,
3033 3768 3182 3823 nullo
3208 3780 3565 3840 repugnante,
3598 3768 3917 3840 probatam,

2296 3857 2569 3913 variorum
2600 3858 2888 3928 cujuslibet
2914 3860 3109 3927 aetatis,
3148 3870 3205 3915 et
3240 3860 3490 3916 codicum
3520 3869 3571 3915 et
3600 3868 3922 3927 auctorum,

2295 3951 2442 4005 omni
2472 3951 2575 4007 fide
2604 3951 2893 4022 majorum,
2920 3952 3245 4008 testimoniis
3270 3955 3467 4009 iterum
3497 3954 3735 4024 probari.
3768 3953 3928 4008 Duos

2298 4053 2478 4100 tamen
2501 4047 2723 4099 omnino
2748 4040 3161 4115 praitermittere
3184 4062 3294 4102 non
3322 4061 3633 4118 possumus,
3658 4061 3759 4101 sua
3786 4061 3925 4102 eru-

2295 4140 2497 4195 ditione
2527 4150 2581 4195 et
2620 4141 2939 4196 auctoritate
2979 4149 3299 4212 praestantes
3338 4142 3485 4195 viros
3525 4140 3873 4195 Lactantium
3903 4181 3922 4203 ,

2297 4243 2352 4288 et
2394 4232 2797 4304 Hieronymum,
2827 4249 3056 4305 quorum
3100 4233 3306 4304 primus
3333 4233 3493 4298 hanc,
3527 4248 3691 4304 quam
3725 4233 3926 4302 procul

2296 4324 2459 4381 dubio
2505 4325 2747 4396 legerat,
2798 4344 2818 4378 ι
2872 4326 2938 4380 ad
2985 4325 3383 4381 Demetrianum
3424 4344 3443 4377 ι
3481 4322 3923 4380 commentatio-

2298 4435 2419 4474 nem
2471 4420 2784 4475 nominalim
2834 4419 2964 4475 citat
3007 4418 3289 4492 (Lactant.
3333 4417 3424 4473 lib.
3464 4434 3497 4472 v
3541 4416 3677 4472 Inst.
3707 4433 3834 4488 cap.
3866 4415 3928 4482 ι.

2296 4528 2415 4585 pag.
2447 4512 2596 4581 471),
2626 4510 2892 4567 secundus
2919 4525 3050 4567 vero
3080 4511 3222 4565 illam
3261 4528 3279 4561 ι
3309 4508 3573 4566 adversus
3599 4508 3931 4565 Demetria-

597 4606 774 4677 quoad
811 4620 1009 4676 corpus
1032 4646 1046 4669 ,
1087 4613 1232 4658 esset
1268 4605 1506 4671 ipsorum
1536 4643 1548 4665 ,
1579 4612 1738 4671 atque
1764 4600 2189 4656 Christianorum
2216 4622 2269 4681 Ι)
2296 4620 2423 4659 num
2458 4624 2477 4657 ›
2522 4604 2720 4660 editam
2771 4603 2935 4661 fuisse
2976 4591 3293 4660 tesﬁficatur
3332 4601 3675 4675 (Hierongm.
3732 4600 3933 4672 Epist.

590 4699 850 4757 conditio.
883 4698 998 4753 Non
1025 4696 1166 4752 enim
1193 4705 1419 4767 propter
1445 4692 1810 4760 Christianos,
1848 4693 1941 4749 sed
1976 4702 2194 4765 propter

583 4792 898 4850 corumdem
942 4791 1184 4861 ipsorum
1226 4788 1506 4859 gentilium
1549 4787 1788 4854 scelera,
1838 4796 1892 4842 et
1918 4787 1970 4841 in
2000 4802 2187 4842 eorum

583 4887 876 4943 vindictam
904 4926 919 4949 ,
952 4882 1112 4939 siculi
1144 4897 1173 4936 a
1202 4883 1371 4936 sacris
1398 4880 1623 4936 Vatibus
1646 4881 1961 4951 praedictum
1995 4879 2185 4949 fuerat,

583 4977 816 5035 mundus
843 4975 1185 5047 premebatur
1229 4972 1376 5045 (pag.
1408 4970 1555 5043 194).

652 5071 920 5126 Praeterea
974 5065 1202 5136 improbi
1250 5064 1480 5134 gentiles
1538 5065 1927 5120 CI‘UtiClioriblIS
2010 5066 2185 5123 adhuc

580 5173 705 5236 post
731 5162 976 5234 proxime
1000 5160 1237 5214 futurum
1272 5157 1442 5211 nhinn
1467 5156 1652 5225 jndicii
1681 5158 1821 5213 diem
1853 5160 2027 5229 pceuis
2053 5176 2180 5215 cru-

578 5257 869 5314 ciahuntur
892 5296 906 5319 ,
948 5269 1069 5325 qua:
1107 5250 1357 5307 similiter
1392 5249 1461 5305 ab
1505 5251 1691 5306 iisdem
1735 5251 2018 5321 l’ropbetis
2048 5268 2183 5323 prte-

581 5351 839 5407 nuntiatae
882 5356 1027 5403 sunt.
1059 5344 1193 5401 Nam
1221 5346 1359 5399 sicut
1388 5344 1517 5399 olim
1545 5359 1609 5399 ex
1638 5342 1871 5415 JEgypto
1897 5345 2028 5399 salvi
2056 5361 2180 5401 eva-

576 5449 768 5500 serunt
794 5440 1051 5496 Israelita:
1075 5479 1090 5506 ,
1120 5437 1210 5508 qui
1251 5435 1537 5492 domorum
1569 5452 1785 5491 suarum
1819 5437 2020 5502 limina,
2055 5453 2180 5492 san-

577 5536 741 5608 guine
761 5533 886 5605 agni
909 5532 1279 5602 iosperseraot
1306 5546 1321 5584 :
1350 5530 1419 5585 ita
1451 5528 1487 5584 ii
1520 5530 1624 5584 soli
1651 5538 1882 5585 :eteruos
1906 5531 2176 5588 cruciatus

573 5626 939 5692 declinabunt,
995 5625 1087 5697 qui
1135 5625 1349 5696 signum
1393 5623 1667 5693 sanguinis
1712 5622 1910 5679 Christi
1957 5640 2068 5696 pra:
2112 5641 2191 5683 se.

573 5720 771 5777 ferent.

646 5812 902 5871 Ethnicos
931 5814 1110 5885 itaque
1138 5818 1328 5868 auctor
1358 5820 1544 5867 noster
1578 5811 1771 5869 iterum
1818 5813 2081 5883 hortatur,
2117 5824 2175 5873 ut

2298 4714 2523 4763 Lxxxur,
2582 4697 2651 4751 ad
2685 4694 2862 4769 Magii.
2897 4713 3016 4769 pag.
3052 4696 3187 4763 655;
3230 4695 3502 4751 Dissertat.
3567 4697 3623 4749 in
3663 4694 3937 4748 Lactant.

2294 4808 2411 4863 cap.
2439 4792 2498 4856 5,
2553 4800 2652 4847 art.
2679 4790 2758 4863 2).
2790 4788 3081 4862 Utriusque
3108 4800 3288 4845 autem
3316 4789 3479 4846 verba
3508 4789 3561 4844 in
3590 4788 3751 4844 tertia
3787 4804 3939 4843 nos-

2295 4894 2373 4939 tra
2428 4883 2497 4940 de
2543 4883 2804 4941 Lactantii
2851 4883 3118 4955 Operibus
3163 4882 3546 4939 dissertatione
3590 4882 3941 4938 retulimus.

2289 4975 2480 5032 Nonne
2510 4976 2671 5032 etiam
2703 4976 2790 5031 hie
2819 4968 2958 5032 unus
2992 4991 3060 5033 ex
3104 4975 3211 5031 illis
3251 4974 3568 5031 tractatibus
3602 4985 3708 5038 εει,
3738 4989 3946 5045 quem

2290 5070 2590 5142 Cyprianus
2631 5069 2893 5125 adversus
2935 5068 3182 5125 ethnicos
3228 5076 3627 5138 composuerat,
3668 5081 3949 5136 quorum

2290 5163 2511 5220 Pontius
2539 5166 2656 5236 ejus
2696 5163 2955 5218 diaconus
2996 5163 3133 5218 hanc
3163 5162 3412 5233 quidem.
3455 5159 3552 5215 sed
3587 5159 3951 5227 generalem

2286 5266 2494 5314 tantum
2524 5257 2853 5313 mentionem
2887 5256 3049 5311 fecit?
3090 5274 3110 5305 ‹
3160 5254 3264 5310 Per
3293 5268 3451 5324 quem
3490 5253 3895 5327 (Cyprianum
3924 5254 3951 5319 )

2282 5342 2513 5422 gentiles
2554 5348 2856 5419 blasphemi
2898 5347 3229 5419 repercussis
3256 5347 3320 5400 iis
3344 5386 3360 5411 ,
3402 5361 3525 5415 qua:
3552 5344 3710 5399 nobis
3759 5344 3957 5414 inge-

2281 5452 2407 5498 runt
2432 5484 2447 5509 ,
2495 5441 2840 5498 vincerentur
2874 5459 2893 5493 ι
2942 5438 3147 5509 (Pent.
3187 5439 3241 5493 in
3288 5436 3388 5491 Vit.
3418 5434 3577 5508 Cypr.
3631 5451 3774 5505 pag.
3813 5434 3860 5489 4
3891 5434 3951 5504 ).

2285 5535 2539 5603 Quamvis
2568 5536 2711 5592 enim
2741 5535 2883 5590 hunc
2910 5542 3195 5589 tractatum
3228 5531 3467 5594 nmuiue,
3502 5528 3791 5598 tituloquc
3828 5543 3959 5583 suo

2284 5645 2393 5684 non
2421 5628 2675 5699 appellet,
2710 5628 2793 5682 vix
2816 5642 2947 5682 sane
2977 5634 3186 5697 poterat
3215 5639 3362 5688 eum,
3391 5631 3451 5678 ut
3482 5637 3550 5678 ex
3574 5620 3687 5692 jam
3746 5620 3958 5677 dictis

2279 5730 2337 5777 et
2370 5720 2549 5777 adhuc
2586 5718 2834 5778 dicendis
2872 5718 3112 5791 patebit,
3163 5713 3484 5773 clarioribus
3526 5713 3715 5771 verbis
3782 5713 3989 5783 indi-,

2278 5829 2427 5874 care.
3414 5828 3420 5837 '
