  <div class='ocr_page' id='page_1' title='image "/cluster/home/n/w/nwhite01/storage/ocr_20150623/4/hvd.32044048207708/494.png"; bbox 0 0 4202 6272; ppageno 0'>
   <div class='ocr_carea' id='block_1_1' title="bbox 295 245 409 308">
    <p class='ocr_par' dir='ltr' id='par_1_1' title="bbox 295 245 409 308">
     <span class='ocr_line' id='line_1_1' title="bbox 295 245 409 308; baseline 0 -1"><span class='ocrx_word' id='word_1_1' title='bbox 295 245 409 308; x_wconf 68' lang='grc'><strong>977</strong></span> 
     </span>
    </p>
   </div>
   <div class='ocr_carea' id='block_1_2' title="bbox 1727 255 2199 316">
    <p class='ocr_par' dir='ltr' id='par_1_2' title="bbox 1727 255 2199 316">
     <span class='ocr_line' id='line_1_2' title="bbox 1727 255 2199 316; baseline 0.004 -5"><span class='ocrx_word' id='word_1_2' title='bbox 1727 255 2199 316; x_wconf 73' lang='lat' dir='ltr'><strong>DISSERTATIO.</strong></span> 
     </span>
    </p>
   </div>
   <div class='ocr_carea' id='block_1_3' title="bbox 3506 272 3610 327">
    <p class='ocr_par' dir='ltr' id='par_1_3' title="bbox 3506 272 3610 327">
     <span class='ocr_line' id='line_1_3' title="bbox 3506 272 3610 327; baseline 0.029 -3"><span class='ocrx_word' id='word_1_3' title='bbox 3506 272 3610 327; x_wconf 78' lang='lat'><strong>978</strong></span> 
     </span>
    </p>
   </div>
   <div class='ocr_carea' id='block_1_4' title="bbox 299 361 3608 452">
    <p class='ocr_par' dir='ltr' id='par_1_4' title="bbox 299 361 3608 452">
     <span class='ocr_line' id='line_1_4' title="bbox 299 361 3608 452; baseline 0.006 -30"><span class='ocrx_word' id='word_1_4' title='bbox 299 373 310 422; x_wconf 85' lang='lat' dir='ltr'><strong>t</strong></span> <span class='ocrx_word' id='word_1_5' title='bbox 376 365 589 422; x_wconf 83' lang='lat' dir='ltr'><strong>Nemini</strong></span> <span class='ocrx_word' id='word_1_6' title='bbox 635 381 796 437; x_wconf 89' lang='lat' dir='ltr'><strong>porro</strong></span> <span class='ocrx_word' id='word_1_7' title='bbox 837 369 1184 439; x_wconf 73' lang='lat' dir='ltr'><strong>quantumvis</strong></span> <span class='ocrx_word' id='word_1_8' title='bbox 1234 385 1422 441; x_wconf 90' lang='lat' dir='ltr'><strong>parum</strong></span> <span class='ocrx_word' id='word_1_9' title='bbox 1454 370 1668 428; x_wconf 88' lang='lat' dir='ltr'><strong>erudito</strong></span> <span class='ocrx_word' id='word_1_10' title='bbox 1706 373 1910 428; x_wconf 91' lang='lat' dir='ltr'><strong>incom-</strong></span> <span class='ocrx_word' id='word_1_11' title='bbox 1936 370 1982 430; x_wconf 76' lang='grc' dir='ltr'><strong>Α</strong></span> <span class='ocrx_word' id='word_1_12' title='bbox 2014 389 2117 444; x_wconf 88' lang='lat' dir='ltr'><strong>qua</strong></span> <span class='ocrx_word' id='word_1_13' title='bbox 2151 375 2325 431; x_wconf 83' lang='lat' dir='ltr'><strong>taliter</strong></span> <span class='ocrx_word' id='word_1_14' title='bbox 2359 376 2448 432; x_wconf 92' lang='lat' dir='ltr'><strong>ille</strong></span> <span class='ocrx_word' id='word_1_15' title='bbox 2479 377 2706 446; x_wconf 76' lang='lat' dir='ltr'><strong>vixerat,</strong></span> <span class='ocrx_word' id='word_1_16' title='bbox 2741 390 2794 436; x_wconf 88' lang='lat' dir='ltr'><strong>et</strong></span> <span class='ocrx_word' id='word_1_17' title='bbox 2827 379 2879 435; x_wconf 92' lang='lat' dir='ltr'><strong>in</strong></span> <span class='ocrx_word' id='word_1_18' title='bbox 2911 396 3012 452; x_wconf 89' lang='lat' dir='ltr'><strong>qua</strong></span> <span class='ocrx_word' id='word_1_19' title='bbox 3045 383 3190 452; x_wconf 90' lang='lat' dir='ltr'><strong>prior</strong></span> <span class='ocrx_word' id='word_1_20' title='bbox 3218 387 3420 442; x_wconf 79' lang='lat' dir='ltr'><strong>fecerat</strong></span> <span class='ocrx_word' id='word_1_21' title='bbox 3445 361 3608 441; x_wconf 73' lang='lat' dir='ltr'><strong>milita</strong></span> 
     </span>
    </p>
   </div>
   <div class='ocr_carea' id='block_1_5' title="bbox 306 461 1907 531">
    <p class='ocr_par' dir='ltr' id='par_1_5' title="bbox 306 461 1907 531">
     <span class='ocr_line' id='line_1_5' title="bbox 306 461 1907 531; baseline 0.004 -17"><span class='ocrx_word' id='word_1_22' title='bbox 306 467 518 529; x_wconf 88' lang='lat' dir='ltr'><strong>pertnnt</strong></span> <span class='ocrx_word' id='word_1_23' title='bbox 565 473 687 514; x_wconf 83' lang='lat' dir='ltr'><strong>cssc</strong></span> <span class='ocrx_word' id='word_1_24' title='bbox 730 468 980 528; x_wconf 82' lang='lat' dir='ltr'><strong>putamus</strong></span> <span class='ocrx_word' id='word_1_25' title='bbox 1030 461 1150 531; x_wconf 85' lang='lat' dir='ltr'><strong>quis</strong></span> <span class='ocrx_word' id='word_1_26' title='bbox 1203 462 1359 518; x_wconf 91' lang='lat' dir='ltr'><strong>fuerit</strong></span> <span class='ocrx_word' id='word_1_27' title='bbox 1401 465 1773 520; x_wconf 83' lang='lat' dir='ltr'><strong>sanctissimus</strong></span> <span class='ocrx_word' id='word_1_28' title='bbox 1817 466 1907 521; x_wconf 89' lang='lat' dir='ltr'><strong>ille</strong></span> 
     </span>
    </p>
   </div>
   <div class='ocr_carea' id='block_1_6' title="bbox 304 551 1907 622">
    <p class='ocr_par' dir='ltr' id='par_1_6' title="bbox 304 551 1907 622">
     <span class='ocr_line' id='line_1_6' title="bbox 304 551 1907 622; baseline 0.004 -16"><span class='ocrx_word' id='word_1_29' title='bbox 304 553 409 619; x_wconf 81' lang='lat' dir='ltr'><strong>vir,</strong></span> <span class='ocrx_word' id='word_1_30' title='bbox 447 552 538 622; x_wconf 87' lang='lat' dir='ltr'><strong>qui</strong></span> <span class='ocrx_word' id='word_1_31' title='bbox 583 551 880 609; x_wconf 83' lang='lat' dir='ltr'><strong>Ecclesiam</strong></span> <span class='ocrx_word' id='word_1_32' title='bbox 931 569 1039 608; x_wconf 92' lang='lat' dir='ltr'><strong>non</strong></span> <span class='ocrx_word' id='word_1_33' title='bbox 1080 555 1253 610; x_wconf 92' lang='lat' dir='ltr'><strong>solum</strong></span> <span class='ocrx_word' id='word_1_34' title='bbox 1294 556 1416 610; x_wconf 64' lang='lat' dir='ltr'><strong>vitae</strong></span> <span class='ocrx_word' id='word_1_35' title='bbox 1462 558 1813 614; x_wconf 87' lang='lat' dir='ltr'><strong>sanctimonia</strong></span> <span class='ocrx_word' id='word_1_36' title='bbox 1852 569 1907 614; x_wconf 90' lang='lat' dir='ltr'><strong>et</strong></span> 
     </span>
    </p>
   </div>
   <div class='ocr_carea' id='block_1_7' title="bbox 304 646 1908 722">
    <p class='ocr_par' dir='ltr' id='par_1_7' title="bbox 304 646 1908 722">
     <span class='ocr_line' id='line_1_7' title="bbox 304 646 1908 722; baseline 0.005 -21"><span class='ocrx_word' id='word_1_37' title='bbox 304 646 479 702; x_wconf 75' lang='lat' dir='ltr'><strong>effuso</strong></span> <span class='ocrx_word' id='word_1_38' title='bbox 509 646 796 716; x_wconf 87' lang='lat' dir='ltr'><strong>sanguine,</strong></span> <span class='ocrx_word' id='word_1_39' title='bbox 829 648 922 702; x_wconf 88' lang='lat' dir='ltr'><strong>sed</strong></span> <span class='ocrx_word' id='word_1_40' title='bbox 953 649 1067 702; x_wconf 90' lang='lat' dir='ltr'><strong>suis</strong></span> <span class='ocrx_word' id='word_1_41' title='bbox 1096 649 1255 704; x_wconf 89' lang='lat' dir='ltr'><strong>etiam</strong></span> <span class='ocrx_word' id='word_1_42' title='bbox 1286 651 1498 720; x_wconf 86' lang='lat' dir='ltr'><strong>scriptis</strong></span> <span class='ocrx_word' id='word_1_43' title='bbox 1527 653 1719 709; x_wconf 90' lang='lat' dir='ltr'><strong>mirum</strong></span> <span class='ocrx_word' id='word_1_44' title='bbox 1751 653 1908 722; x_wconf 82' lang='lat' dir='ltr'><strong>plane</strong></span> 
     </span>
    </p>
   </div>
   <div class='ocr_carea' id='block_1_8' title="bbox 303 738 1905 812">
    <p class='ocr_par' dir='ltr' id='par_1_8' title="bbox 303 738 1905 812">
     <span class='ocr_line' id='line_1_8' title="bbox 303 738 1905 812; baseline 0.003 -18"><span class='ocrx_word' id='word_1_45' title='bbox 303 740 357 794; x_wconf 91' lang='lat' dir='ltr'><strong>in</strong></span> <span class='ocrx_word' id='word_1_46' title='bbox 391 738 608 794; x_wconf 88' lang='lat' dir='ltr'><strong>modum</strong></span> <span class='ocrx_word' id='word_1_47' title='bbox 641 741 946 794; x_wconf 77' lang='lat' dir='ltr'><strong>illustravit.</strong></span> <span class='ocrx_word' id='word_1_48' title='bbox 980 740 1026 794; x_wconf 88' lang='lat' dir='ltr'><strong>Is</strong></span> <span class='ocrx_word' id='word_1_49' title='bbox 1056 750 1234 796; x_wconf 84' lang='lat' dir='ltr'><strong>autem</strong></span> <span class='ocrx_word' id='word_1_50' title='bbox 1266 743 1471 812; x_wconf 82' lang='lat' dir='ltr'><strong>origine</strong></span> <span class='ocrx_word' id='word_1_51' title='bbox 1502 745 1647 808; x_wconf 86' lang='lat' dir='ltr'><strong>Afer,</strong></span> <span class='ocrx_word' id='word_1_52' title='bbox 1682 754 1736 799; x_wconf 87' lang='lat' dir='ltr'><strong>et</strong></span> <span class='ocrx_word' id='word_1_53' title='bbox 1771 744 1905 799; x_wconf 86' lang='lat' dir='ltr'><strong>Car-</strong></span> 
     </span>
    </p>
   </div>
   <div class='ocr_carea' id='block_1_9' title="bbox 304 831 1904 901">
    <p class='ocr_par' dir='ltr' id='par_1_9' title="bbox 304 831 1904 901">
     <span class='ocr_line' id='line_1_9' title="bbox 304 831 1904 901; baseline 0.001 -14"><span class='ocrx_word' id='word_1_54' title='bbox 304 831 542 901; x_wconf 87' lang='lat' dir='ltr'><strong>thagine,</strong></span> <span class='ocrx_word' id='word_1_55' title='bbox 577 832 652 886; x_wconf 90' lang='lat' dir='ltr'><strong>uti</strong></span> <span class='ocrx_word' id='word_1_56' title='bbox 684 832 1030 886; x_wconf 81' lang='lat' dir='ltr'><strong>verisimilius</strong></span> <span class='ocrx_word' id='word_1_57' title='bbox 1060 832 1293 896; x_wconf 88' lang='lat' dir='ltr'><strong>videtur,</strong></span> <span class='ocrx_word' id='word_1_58' title='bbox 1328 844 1508 896; x_wconf 90' lang='lat' dir='ltr'><strong>natus,</strong></span> <span class='ocrx_word' id='word_1_59' title='bbox 1541 835 1736 900; x_wconf 81' lang='lat' dir='ltr'><strong>impias</strong></span> <span class='ocrx_word' id='word_1_60' title='bbox 1785 834 1904 890; x_wconf 88' lang='lat' dir='ltr'><strong>eth-</strong></span> 
     </span>
    </p>
   </div>
   <div class='ocr_carea' id='block_1_10' title="bbox 302 925 1942 996">
    <p class='ocr_par' dir='ltr' id='par_1_10' title="bbox 302 925 1942 996">
     <span class='ocr_line' id='line_1_10' title="bbox 302 925 1942 996; baseline 0.001 -14"><span class='ocrx_word' id='word_1_61' title='bbox 302 925 548 982; x_wconf 82' lang='lat' dir='ltr'><strong>uicorum</strong></span> <span class='ocrx_word' id='word_1_62' title='bbox 580 926 992 996; x_wconf 84' lang='lat' dir='ltr'><strong>superstitiones</strong></span> <span class='ocrx_word' id='word_1_63' title='bbox 1018 942 1139 981; x_wconf 92' lang='lat' dir='ltr'><strong>cum</strong></span> <span class='ocrx_word' id='word_1_64' title='bbox 1176 927 1316 982; x_wconf 88' lang='lat' dir='ltr'><strong>laete</strong></span> <span class='ocrx_word' id='word_1_65' title='bbox 1351 940 1590 985; x_wconf 77' lang='lat' dir='ltr'><strong>suxerat.</strong></span> <span class='ocrx_word' id='word_1_66' title='bbox 1633 929 1736 984; x_wconf 86' lang='lat' dir='ltr'><strong>Eas</strong></span> <span class='ocrx_word' id='word_1_67' title='bbox 1778 945 1906 984; x_wconf 89' lang='lat' dir='ltr'><strong>vero</strong></span> <span class='ocrx_word' id='word_1_68' title='bbox 1937 969 1942 974; x_wconf 85' lang='grc'><strong>-</strong></span> 
     </span>
    </p>
   </div>
   <div class='ocr_carea' id='block_1_11' title="bbox 300 1017 1908 1088">
    <p class='ocr_par' dir='ltr' id='par_1_11' title="bbox 300 1017 1908 1088">
     <span class='ocr_line' id='line_1_11' title="bbox 300 1017 1908 1088; baseline 0.001 -15"><span class='ocrx_word' id='word_1_69' title='bbox 300 1017 479 1073; x_wconf 85' lang='lat' dir='ltr'><strong>adhuc</strong></span> <span class='ocrx_word' id='word_1_70' title='bbox 521 1017 868 1088; x_wconf 77' lang='lat' dir='ltr'><strong>sequebatur,</strong></span> <span class='ocrx_word' id='word_1_71' title='bbox 912 1019 1126 1088; x_wconf 88' lang='lat' dir='ltr'><strong>quando</strong></span> <span class='ocrx_word' id='word_1_72' title='bbox 1172 1038 1191 1070; x_wconf 84' lang='grc'><strong>‹</strong></span> <span class='ocrx_word' id='word_1_73' title='bbox 1241 1019 1579 1075; x_wconf 77' lang='lat' dir='ltr'><strong>[tbetoricam</strong></span> <span class='ocrx_word' id='word_1_74' title='bbox 1606 1062 1622 1085; x_wconf 90' lang='lat'><strong>,</strong></span> <span class='ocrx_word' id='word_1_75' title='bbox 1667 1021 1804 1075; x_wconf 86' lang='lat' dir='ltr'><strong>sicut</strong></span> <span class='ocrx_word' id='word_1_76' title='bbox 1833 1020 1908 1076; x_wconf 92' lang='lat' dir='ltr'><strong>ait</strong></span> 
     </span>
    </p>
   </div>
   <div class='ocr_carea' id='block_1_12' title="bbox 297 1110 1902 1184">
    <p class='ocr_par' dir='ltr' id='par_1_12' title="bbox 297 1110 1902 1184">
     <span class='ocr_line' id='line_1_12' title="bbox 297 1110 1902 1184; baseline 0 -16"><span class='ocrx_word' id='word_1_77' title='bbox 297 1110 667 1183; x_wconf 78' lang='lat' dir='ltr'><strong>Hieronymus</strong></span> <span class='ocrx_word' id='word_1_78' title='bbox 707 1111 726 1182; x_wconf 96' lang='lat'><strong>(</strong></span> <span class='ocrx_word' id='word_1_79' title='bbox 753 1110 1100 1182; x_wconf 78' lang='lat' dir='ltr'><strong>Hieronymus</strong></span> <span class='ocrx_word' id='word_1_80' title='bbox 1123 1153 1137 1177; x_wconf 90' lang='lat'><strong>,</strong></span> <span class='ocrx_word' id='word_1_81' title='bbox 1189 1112 1422 1184; x_wconf 82' lang='lat' dir='ltr'><strong>Catalog.</strong></span> <span class='ocrx_word' id='word_1_82' title='bbox 1454 1113 1648 1184; x_wconf 85' lang='lat' dir='ltr'><strong>Script.</strong></span> <span class='ocrx_word' id='word_1_83' title='bbox 1681 1113 1902 1180; x_wconf 80' lang='lat' dir='ltr'><strong>Eccles.,</strong></span> 
     </span>
    </p>
   </div>
   <div class='ocr_carea' id='block_1_13' title="bbox 305 1201 1902 1274">
    <p class='ocr_par' dir='ltr' id='par_1_13' title="bbox 305 1201 1902 1274">
     <span class='ocr_line' id='line_1_13' title="bbox 305 1201 1902 1274; baseline 0.002 -17"><span class='ocrx_word' id='word_1_84' title='bbox 305 1202 333 1274; x_wconf 83' lang='lat'><strong>§</strong></span> <span class='ocrx_word' id='word_1_85' title='bbox 362 1203 453 1268; x_wconf 85' lang='lat'><strong>67,</strong></span> <span class='ocrx_word' id='word_1_86' title='bbox 485 1220 608 1274; x_wconf 78' lang='lat' dir='ltr'><strong>pag.</strong></span> <span class='ocrx_word' id='word_1_87' title='bbox 637 1201 785 1272; x_wconf 84' lang='grc'>119),</span> <span class='ocrx_word' id='word_1_88' title='bbox 819 1202 1055 1272; x_wconf 81' lang='lat' dir='ltr'><strong>gloriose</strong></span> <span class='ocrx_word' id='word_1_89' title='bbox 1081 1203 1281 1258; x_wconf 84' lang='lat' dir='ltr'><strong>docuit.</strong></span> <span class='ocrx_word' id='word_1_90' title='bbox 1324 1223 1342 1255; x_wconf 87' lang='grc'><strong>›</strong></span> <span class='ocrx_word' id='word_1_91' title='bbox 1374 1203 1479 1260; x_wconf 86' lang='lat' dir='ltr'><strong>Sed</strong></span> <span class='ocrx_word' id='word_1_92' title='bbox 1514 1215 1695 1274; x_wconf 89' lang='lat' dir='ltr'><strong>postea</strong></span> <span class='ocrx_word' id='word_1_93' title='bbox 1716 1203 1902 1260; x_wconf 83' lang='lat' dir='ltr'><strong>Chris-</strong></span> 
     </span>
    </p>
   </div>
   <div class='ocr_carea' id='block_1_14' title="bbox 301 1294 1905 1367">
    <p class='ocr_par' dir='ltr' id='par_1_14' title="bbox 301 1294 1905 1367">
     <span class='ocr_line' id='line_1_14' title="bbox 301 1294 1905 1367; baseline 0.004 -20"><span class='ocrx_word' id='word_1_94' title='bbox 301 1294 500 1348; x_wconf 88' lang='lat' dir='ltr'><strong>tiauam</strong></span> <span class='ocrx_word' id='word_1_95' title='bbox 544 1294 882 1364; x_wconf 80' lang='lat' dir='ltr'><strong>Religionem</strong></span> <span class='ocrx_word' id='word_1_96' title='bbox 924 1296 1262 1364; x_wconf 77' lang='lat' dir='ltr'><strong>amplexatus</strong></span> <span class='ocrx_word' id='word_1_97' title='bbox 1299 1305 1412 1362; x_wconf 91' lang='lat' dir='ltr'><strong>est,</strong></span> <span class='ocrx_word' id='word_1_98' title='bbox 1457 1297 1718 1352; x_wconf 79' lang='lat' dir='ltr'><strong>suadente</strong></span> <span class='ocrx_word' id='word_1_99' title='bbox 1757 1314 1905 1367; x_wconf 83' lang='lat' dir='ltr'><strong>pres-</strong></span> 
     </span>
    </p>
   </div>
   <div class='ocr_carea' id='block_1_15' title="bbox 300 1387 1900 1461">
    <p class='ocr_par' dir='ltr' id='par_1_15' title="bbox 300 1387 1900 1461">
     <span class='ocr_line' id='line_1_15' title="bbox 300 1387 1900 1461; baseline 0.003 -18"><span class='ocrx_word' id='word_1_100' title='bbox 300 1387 492 1460; x_wconf 90' lang='lat' dir='ltr'><strong>bytero</strong></span> <span class='ocrx_word' id='word_1_101' title='bbox 517 1387 736 1444; x_wconf 71' lang='lat' dir='ltr'><strong>Cmcilio</strong></span> <span class='ocrx_word' id='word_1_102' title='bbox 755 1431 770 1453; x_wconf 93' lang='lat'><strong>,</strong></span> <span class='ocrx_word' id='word_1_103' title='bbox 799 1389 955 1459; x_wconf 90' lang='lat' dir='ltr'><strong>cujus</strong></span> <span class='ocrx_word' id='word_1_104' title='bbox 985 1389 1186 1444; x_wconf 85' lang='lat' dir='ltr'><strong>idcirco</strong></span> <span class='ocrx_word' id='word_1_105' title='bbox 1223 1391 1428 1460; x_wconf 85' lang='lat' dir='ltr'><strong>accepit</strong></span> <span class='ocrx_word' id='word_1_106' title='bbox 1467 1403 1900 1461; x_wconf 81' lang='lat' dir='ltr'><strong>cognomentum.</strong></span> 
     </span>
    </p>
   </div>
   <div class='ocr_carea' id='block_1_16' title="bbox 303 1479 1904 1555">
    <p class='ocr_par' dir='ltr' id='par_1_16' title="bbox 303 1479 1904 1555">
     <span class='ocr_line' id='line_1_16' title="bbox 303 1479 1904 1555; baseline 0.002 -18"><span class='ocrx_word' id='word_1_107' title='bbox 303 1479 404 1537; x_wconf 87' lang='lat' dir='ltr'><strong>Ubi</strong></span> <span class='ocrx_word' id='word_1_108' title='bbox 435 1482 668 1553; x_wconf 91' lang='lat' dir='ltr'><strong>primum</strong></span> <span class='ocrx_word' id='word_1_109' title='bbox 700 1492 883 1550; x_wconf 80' lang='lat' dir='ltr'><strong>autem</strong></span> <span class='ocrx_word' id='word_1_110' title='bbox 917 1483 1063 1538; x_wconf 84' lang='lat' dir='ltr'><strong>illaut</strong></span> <span class='ocrx_word' id='word_1_111' title='bbox 1091 1485 1350 1554; x_wconf 81' lang='lat' dir='ltr'><strong>suscepit,</strong></span> <span class='ocrx_word' id='word_1_112' title='bbox 1382 1494 1530 1538; x_wconf 90' lang='lat' dir='ltr'><strong>tanto</strong></span> <span class='ocrx_word' id='word_1_113' title='bbox 1561 1485 1904 1555; x_wconf 79' lang='lat' dir='ltr'><strong>perfectionis</strong></span> 
     </span>
    </p>
   </div>
   <div class='ocr_carea' id='block_1_17' title="bbox 302 1573 1905 1645">
    <p class='ocr_par' dir='ltr' id='par_1_17' title="bbox 302 1573 1905 1645">
     <span class='ocr_line' id='line_1_17' title="bbox 302 1573 1905 1645; baseline 0.002 -16"><span class='ocrx_word' id='word_1_114' title='bbox 302 1573 419 1644; x_wconf 84' lang='lat' dir='ltr'><strong>ejus</strong></span> <span class='ocrx_word' id='word_1_115' title='bbox 457 1574 808 1645; x_wconf 76' lang='lat' dir='ltr'><strong>assequenda:</strong></span> <span class='ocrx_word' id='word_1_116' title='bbox 847 1575 1116 1630; x_wconf 79' lang='lat' dir='ltr'><strong>desiderio</strong></span> <span class='ocrx_word' id='word_1_117' title='bbox 1159 1577 1409 1632; x_wconf 90' lang='lat' dir='ltr'><strong>incensus</strong></span> <span class='ocrx_word' id='word_1_118' title='bbox 1449 1577 1586 1640; x_wconf 87' lang='lat' dir='ltr'><strong>fuit,</strong></span> <span class='ocrx_word' id='word_1_119' title='bbox 1638 1589 1691 1631; x_wconf 92' lang='lat' dir='ltr'><strong>ut</strong></span> <span class='ocrx_word' id='word_1_120' title='bbox 1729 1578 1905 1633; x_wconf 88' lang='lat' dir='ltr'><strong>adhuc</strong></span> 
     </span>
    </p>
   </div>
   <div class='ocr_carea' id='block_1_18' title="bbox 301 1665 1904 1734">
    <p class='ocr_par' dir='ltr' id='par_1_18' title="bbox 301 1665 1904 1734">
     <span class='ocr_line' id='line_1_18' title="bbox 301 1665 1904 1734; baseline 0.001 -14"><span class='ocrx_word' id='word_1_121' title='bbox 301 1665 720 1721; x_wconf 76' lang='lat' dir='ltr'><strong>catechummtns</strong></span> <span class='ocrx_word' id='word_1_122' title='bbox 768 1666 1070 1722; x_wconf 78' lang='lat' dir='ltr'><strong>decreverit</strong></span> <span class='ocrx_word' id='word_1_123' title='bbox 1119 1683 1336 1723; x_wconf 85' lang='lat' dir='ltr'><strong>servare</strong></span> <span class='ocrx_word' id='word_1_124' title='bbox 1383 1669 1806 1734; x_wconf 80' lang='lat' dir='ltr'><strong>continentiam,</strong></span> <span class='ocrx_word' id='word_1_125' title='bbox 1850 1678 1904 1724; x_wconf 91' lang='lat' dir='ltr'><strong>et</strong></span> 
     </span>
    </p>
   </div>
   <div class='ocr_carea' id='block_1_19' title="bbox 300 1757 1976 1832">
    <p class='ocr_par' dir='ltr' id='par_1_19' title="bbox 300 1757 1976 1832">
     <span class='ocr_line' id='line_1_19' title="bbox 300 1757 1976 1832; baseline 0.004 -21"><span class='ocrx_word' id='word_1_126' title='bbox 300 1757 625 1828; x_wconf 85' lang='lat' dir='ltr'><strong>pauperibus</strong></span> <span class='ocrx_word' id='word_1_127' title='bbox 665 1758 842 1812; x_wconf 85' lang='lat' dir='ltr'><strong>omnia</strong></span> <span class='ocrx_word' id='word_1_128' title='bbox 881 1760 1184 1829; x_wconf 88' lang='lat' dir='ltr'><strong>erogaverit</strong></span> <span class='ocrx_word' id='word_1_129' title='bbox 1215 1761 1352 1815; x_wconf 92' lang='lat' dir='ltr'><strong>bona</strong></span> <span class='ocrx_word' id='word_1_130' title='bbox 1383 1776 1500 1827; x_wconf 86' lang='lat' dir='ltr'><strong>sua,</strong></span> <span class='ocrx_word' id='word_1_131' title='bbox 1537 1762 1731 1832; x_wconf 84' lang='lat' dir='ltr'><strong>quibus</strong></span> <span class='ocrx_word' id='word_1_132' title='bbox 1765 1777 1897 1817; x_wconf 78' lang='lat' dir='ltr'><strong>exu-</strong></span> <span class='ocrx_word' id='word_1_133' title='bbox 1928 1768 1976 1828; x_wconf 86' lang='grc' dir='ltr'>Β</span> 
     </span>
    </p>
   </div>
   <div class='ocr_carea' id='block_1_20' title="bbox 303 1851 1900 1921">
    <p class='ocr_par' dir='ltr' id='par_1_20' title="bbox 303 1851 1900 1921">
     <span class='ocr_line' id='line_1_20' title="bbox 303 1851 1900 1921; baseline 0.004 -15"><span class='ocrx_word' id='word_1_134' title='bbox 303 1861 407 1918; x_wconf 90' lang='lat' dir='ltr'><strong>ttts,</strong></span> <span class='ocrx_word' id='word_1_135' title='bbox 442 1866 732 1921; x_wconf 85' lang='lat' dir='ltr'><strong>pauperem</strong></span> <span class='ocrx_word' id='word_1_136' title='bbox 757 1851 1030 1908; x_wconf 85' lang='lat' dir='ltr'><strong>Christum</strong></span> <span class='ocrx_word' id='word_1_137' title='bbox 1057 1853 1416 1909; x_wconf 86' lang='lat' dir='ltr'><strong>abundantius</strong></span> <span class='ocrx_word' id='word_1_138' title='bbox 1443 1856 1760 1910; x_wconf 81' lang='lat' dir='ltr'><strong>imitaretur.</strong></span> <span class='ocrx_word' id='word_1_139' title='bbox 1791 1855 1900 1912; x_wconf 87' lang='lat' dir='ltr'><strong>Nec</strong></span> 
     </span>
    </p>
   </div>
   <div class='ocr_carea' id='block_1_21' title="bbox 300 1943 1902 2014">
    <p class='ocr_par' dir='ltr' id='par_1_21' title="bbox 300 1943 1902 2014">
     <span class='ocr_line' id='line_1_21' title="bbox 300 1943 1902 2014; baseline 0.004 -17"><span class='ocrx_word' id='word_1_140' title='bbox 300 1943 472 1997; x_wconf 84' lang='lat' dir='ltr'><strong>multo</strong></span> <span class='ocrx_word' id='word_1_141' title='bbox 503 1953 621 2013; x_wconf 91' lang='lat' dir='ltr'><strong>post</strong></span> <span class='ocrx_word' id='word_1_142' title='bbox 661 1955 884 2014; x_wconf 69' lang='lat' dir='ltr'><strong>projitcr</strong></span> <span class='ocrx_word' id='word_1_143' title='bbox 914 1947 1140 2000; x_wconf 82' lang='lat' dir='ltr'><strong>eximias</strong></span> <span class='ocrx_word' id='word_1_144' title='bbox 1179 1961 1304 2001; x_wconf 86' lang='lat' dir='ltr'><strong>snas</strong></span> <span class='ocrx_word' id='word_1_145' title='bbox 1345 1948 1568 2002; x_wconf 78' lang='lat' dir='ltr'><strong>virtutes</strong></span> <span class='ocrx_word' id='word_1_146' title='bbox 1609 1947 1780 2003; x_wconf 86' lang='lat' dir='ltr'><strong>factus</strong></span> <span class='ocrx_word' id='word_1_147' title='bbox 1817 1961 1902 2004; x_wconf 87' lang='lat' dir='ltr'><strong>est.</strong></span> 
     </span>
    </p>
   </div>
   <div class='ocr_carea' id='block_1_22' title="bbox 300 2035 1902 2110">
    <p class='ocr_par' dir='ltr' id='par_1_22' title="bbox 300 2035 1902 2110">
     <span class='ocr_line' id='line_1_22' title="bbox 300 2035 1902 2110; baseline 0.003 -21"><span class='ocrx_word' id='word_1_148' title='bbox 300 2035 604 2106; x_wconf 87' lang='lat' dir='ltr'><strong>presbyter,</strong></span> <span class='ocrx_word' id='word_1_149' title='bbox 630 2051 693 2090; x_wconf 93' lang='lat' dir='ltr'><strong>ac</strong></span> <span class='ocrx_word' id='word_1_150' title='bbox 713 2036 908 2092; x_wconf 88' lang='lat' dir='ltr'><strong>deinde</strong></span> <span class='ocrx_word' id='word_1_151' title='bbox 931 2038 1216 2107; x_wconf 59' lang='lat' dir='ltr'><strong>cpiscopus</strong></span> <span class='ocrx_word' id='word_1_152' title='bbox 1233 2038 1690 2110; x_wconf 84' lang='lat' dir='ltr'><strong>Carthaginensis,</strong></span> <span class='ocrx_word' id='word_1_153' title='bbox 1713 2056 1902 2110; x_wconf 85' lang='lat' dir='ltr'><strong>quam-</strong></span> 
     </span>
    </p>
   </div>
   <div class='ocr_carea' id='block_1_23' title="bbox 301 2130 1901 2204">
    <p class='ocr_par' dir='ltr' id='par_1_23' title="bbox 301 2130 1901 2204">
     <span class='ocr_line' id='line_1_23' title="bbox 301 2130 1901 2204; baseline 0.006 -22"><span class='ocrx_word' id='word_1_154' title='bbox 301 2130 383 2185; x_wconf 87' lang='lat' dir='ltr'><strong>vis</strong></span> <span class='ocrx_word' id='word_1_155' title='bbox 413 2139 696 2201; x_wconf 90' lang='lat' dir='ltr'><strong>utrumque</strong></span> <span class='ocrx_word' id='word_1_156' title='bbox 726 2130 853 2186; x_wconf 91' lang='lat' dir='ltr'><strong>illud</strong></span> <span class='ocrx_word' id='word_1_157' title='bbox 885 2146 1053 2196; x_wconf 89' lang='lat' dir='ltr'><strong>onus,</strong></span> <span class='ocrx_word' id='word_1_158' title='bbox 1096 2131 1269 2202; x_wconf 86' lang='lat' dir='ltr'><strong>quoad</strong></span> <span class='ocrx_word' id='word_1_159' title='bbox 1307 2133 1421 2201; x_wconf 86' lang='lat' dir='ltr'><strong>ejus</strong></span> <span class='ocrx_word' id='word_1_160' title='bbox 1458 2132 1573 2188; x_wconf 84' lang='lat' dir='ltr'><strong>fieri</strong></span> <span class='ocrx_word' id='word_1_161' title='bbox 1602 2135 1800 2204; x_wconf 90' lang='lat' dir='ltr'><strong>potuit,</strong></span> <span class='ocrx_word' id='word_1_162' title='bbox 1834 2137 1901 2191; x_wconf 80' lang='lat' dir='ltr'><strong>ab</strong></span> 
     </span>
    </p>
   </div>
   <div class='ocr_carea' id='block_1_24' title="bbox 303 2221 1894 2295">
    <p class='ocr_par' dir='ltr' id='par_1_24' title="bbox 303 2221 1894 2295">
     <span class='ocr_line' id='line_1_24' title="bbox 303 2221 1894 2295; baseline 0.003 -19"><span class='ocrx_word' id='word_1_163' title='bbox 303 2236 362 2276; x_wconf 90' lang='lat' dir='ltr'><strong>se</strong></span> <span class='ocrx_word' id='word_1_164' title='bbox 393 2221 792 2292; x_wconf 87' lang='lat' dir='ltr'><strong>deprecaretur.</strong></span> <span class='ocrx_word' id='word_1_165' title='bbox 847 2223 1055 2290; x_wconf 82' lang='lat' dir='ltr'><strong>Quanta</strong></span> <span class='ocrx_word' id='word_1_166' title='bbox 1112 2238 1240 2279; x_wconf 85' lang='lat' dir='ltr'><strong>vero</strong></span> <span class='ocrx_word' id='word_1_167' title='bbox 1285 2225 1482 2292; x_wconf 84' lang='lat' dir='ltr'><strong>pietate</strong></span> <span class='ocrx_word' id='word_1_168' title='bbox 1513 2267 1528 2293; x_wconf 94' lang='lat'><strong>,</strong></span> <span class='ocrx_word' id='word_1_169' title='bbox 1573 2226 1852 2295; x_wconf 88' lang='lat' dir='ltr'><strong>prudentia</strong></span> <span class='ocrx_word' id='word_1_170' title='bbox 1881 2269 1894 2292; x_wconf 96' lang='lat'><strong>,</strong></span> 
     </span>
    </p>
   </div>
   <div class='ocr_carea' id='block_1_25' title="bbox 304 2307 1903 2387">
    <p class='ocr_par' dir='ltr' id='par_1_25' title="bbox 304 2307 1903 2387">
     <span class='ocr_line' id='line_1_25' title="bbox 304 2307 1903 2387; baseline 0.003 -18"><span class='ocrx_word' id='word_1_171' title='bbox 304 2316 596 2383; x_wconf 86' lang='lat' dir='ltr'><strong>charitate,</strong></span> <span class='ocrx_word' id='word_1_172' title='bbox 639 2307 991 2372; x_wconf 84' lang='lat' dir='ltr'><strong>sanctimonia</strong></span> <span class='ocrx_word' id='word_1_173' title='bbox 1013 2359 1027 2381; x_wconf 93' lang='lat'><strong>,</strong></span> <span class='ocrx_word' id='word_1_174' title='bbox 1059 2317 1286 2386; x_wconf 88' lang='lat' dir='ltr'><strong>aliisque</strong></span> <span class='ocrx_word' id='word_1_175' title='bbox 1313 2319 1706 2387; x_wconf 85' lang='lat' dir='ltr'><strong>episcopalibus</strong></span> <span class='ocrx_word' id='word_1_176' title='bbox 1735 2321 1903 2374; x_wconf 89' lang='lat' dir='ltr'><strong>virtu-</strong></span> 
     </span>
    </p>
   </div>
   <div class='ocr_carea' id='block_1_26' title="bbox 309 2407 1900 2480">
    <p class='ocr_par' dir='ltr' id='par_1_26' title="bbox 309 2407 1900 2480">
     <span class='ocr_line' id='line_1_26' title="bbox 309 2407 1900 2480; baseline 0.003 -18"><span class='ocrx_word' id='word_1_177' title='bbox 309 2407 451 2462; x_wconf 89' lang='lat' dir='ltr'><strong>tibus</strong></span> <span class='ocrx_word' id='word_1_178' title='bbox 479 2407 746 2470; x_wconf 84' lang='lat' dir='ltr'><strong>flornerit,</strong></span> <span class='ocrx_word' id='word_1_179' title='bbox 794 2425 952 2464; x_wconf 90' lang='lat' dir='ltr'><strong>nemo</strong></span> <span class='ocrx_word' id='word_1_180' title='bbox 990 2420 1138 2464; x_wconf 87' lang='lat' dir='ltr'><strong>certe</strong></span> <span class='ocrx_word' id='word_1_181' title='bbox 1169 2409 1420 2480; x_wconf 87' lang='lat' dir='ltr'><strong>ignorare</strong></span> <span class='ocrx_word' id='word_1_182' title='bbox 1461 2420 1672 2480; x_wconf 89' lang='lat' dir='ltr'><strong>potest,</strong></span> <span class='ocrx_word' id='word_1_183' title='bbox 1715 2411 1813 2467; x_wconf 93' lang='lat' dir='ltr'><strong>nisi</strong></span> <span class='ocrx_word' id='word_1_184' title='bbox 1847 2414 1900 2467; x_wconf 88' lang='lat' dir='ltr'><strong>itt</strong></span> 
     </span>
    </p>
   </div>
   <div class='ocr_carea' id='block_1_27' title="bbox 306 2499 1900 2572">
    <p class='ocr_par' dir='ltr' id='par_1_27' title="bbox 306 2499 1900 2572">
     <span class='ocr_line' id='line_1_27' title="bbox 306 2499 1900 2572; baseline 0.004 -18"><span class='ocrx_word' id='word_1_185' title='bbox 306 2499 679 2555; x_wconf 52' lang='lat' dir='ltr'><strong>Ecclesiastica</strong></span> <span class='ocrx_word' id='word_1_186' title='bbox 711 2501 939 2556; x_wconf 88' lang='lat' dir='ltr'><strong>llistoria</strong></span> <span class='ocrx_word' id='word_1_187' title='bbox 967 2504 1190 2556; x_wconf 88' lang='lat' dir='ltr'><strong>omnino</strong></span> <span class='ocrx_word' id='word_1_188' title='bbox 1212 2503 1547 2572; x_wconf 83' lang='lat' dir='ltr'><strong>peregrinus.</strong></span> <span class='ocrx_word' id='word_1_189' title='bbox 1577 2504 1715 2570; x_wconf 91' lang='lat' dir='ltr'><strong>Quin</strong></span> <span class='ocrx_word' id='word_1_190' title='bbox 1741 2506 1900 2560; x_wconf 89' lang='lat' dir='ltr'><strong>etiam</strong></span> 
     </span>
    </p>
   </div>
   <div class='ocr_carea' id='block_1_28' title="bbox 308 2593 1896 2664">
    <p class='ocr_par' dir='ltr' id='par_1_28' title="bbox 308 2593 1896 2664">
     <span class='ocr_line' id='line_1_28' title="bbox 308 2593 1896 2664; baseline 0.002 -17"><span class='ocrx_word' id='word_1_191' title='bbox 308 2593 582 2648; x_wconf 89' lang='lat' dir='ltr'><strong>mirandas</strong></span> <span class='ocrx_word' id='word_1_192' title='bbox 606 2593 763 2648; x_wconf 80' lang='lat' dir='ltr'><strong>hasce</strong></span> <span class='ocrx_word' id='word_1_193' title='bbox 786 2598 901 2663; x_wconf 81' lang='lat' dir='ltr'><strong>ejus</strong></span> <span class='ocrx_word' id='word_1_194' title='bbox 922 2595 1098 2649; x_wconf 52' lang='lat' dir='ltr'><strong>virtut.</strong></span> <span class='ocrx_word' id='word_1_195' title='bbox 1123 2611 1148 2648; x_wconf 92' lang='lat' dir='ltr'><strong>s</strong></span> <span class='ocrx_word' id='word_1_196' title='bbox 1168 2596 1378 2664; x_wconf 88' lang='lat' dir='ltr'><strong>spirant</strong></span> <span class='ocrx_word' id='word_1_197' title='bbox 1405 2614 1422 2646; x_wconf 78' lang='grc' dir='ltr'>ι</span> <span class='ocrx_word' id='word_1_198' title='bbox 1451 2595 1567 2649; x_wconf 85' lang='lat' dir='ltr'><strong>lucc</strong></span> <span class='ocrx_word' id='word_1_199' title='bbox 1595 2597 1843 2661; x_wconf 81' lang='lat' dir='ltr'><strong>clariora,</strong></span> <span class='ocrx_word' id='word_1_200' title='bbox 1878 2617 1896 2650; x_wconf 83' lang='grc'><strong><em>›</em></strong></span> 
     </span>
    </p>
   </div>
   <div class='ocr_carea' id='block_1_29' title="bbox 307 2687 1896 2762">
    <p class='ocr_par' dir='ltr' id='par_1_29' title="bbox 307 2687 1896 2762">
     <span class='ocr_line' id='line_1_29' title="bbox 307 2687 1896 2762; baseline 0.001 -20"><span class='ocrx_word' id='word_1_201' title='bbox 307 2689 385 2742; x_wconf 88' lang='lat' dir='ltr'><strong>uti</strong></span> <span class='ocrx_word' id='word_1_202' title='bbox 411 2688 646 2758; x_wconf 90' lang='lat' dir='ltr'><strong>loqttitur</strong></span> <span class='ocrx_word' id='word_1_203' title='bbox 674 2689 1030 2761; x_wconf 90' lang='lat' dir='ltr'><strong>Ilieronytnns</strong></span> <span class='ocrx_word' id='word_1_204' title='bbox 1061 2687 1254 2762; x_wconf 84' lang='lat' dir='ltr'><strong>(Idem,</strong></span> <span class='ocrx_word' id='word_1_205' title='bbox 1286 2689 1457 2760; x_wconf 86' lang='lat' dir='ltr'><strong>ibid.),</strong></span> <span class='ocrx_word' id='word_1_206' title='bbox 1481 2709 1499 2742; x_wconf 73' lang='grc' dir='ltr'>ι</span> <span class='ocrx_word' id='word_1_207' title='bbox 1529 2691 1646 2761; x_wconf 88' lang='lat' dir='ltr'><strong>ejus</strong></span> <span class='ocrx_word' id='word_1_208' title='bbox 1667 2690 1896 2760; x_wconf 64' lang='lat' dir='ltr'><strong>Opera.»</strong></span> 
     </span>
    </p>
   </div>
   <div class='ocr_carea' id='block_1_30' title="bbox 307 2781 1905 2854">
    <p class='ocr_par' dir='ltr' id='par_1_30' title="bbox 307 2781 1905 2854">
     <span class='ocr_line' id='line_1_30' title="bbox 307 2781 1905 2854; baseline 0.002 -17"><span class='ocrx_word' id='word_1_209' title='bbox 307 2781 438 2837; x_wconf 84' lang='lat' dir='ltr'><strong>Tam</strong></span> <span class='ocrx_word' id='word_1_210' title='bbox 469 2794 669 2839; x_wconf 76' lang='lat' dir='ltr'><strong>sancta:</strong></span> <span class='ocrx_word' id='word_1_211' title='bbox 701 2799 863 2854; x_wconf 86' lang='lat' dir='ltr'><strong>porro</strong></span> <span class='ocrx_word' id='word_1_212' title='bbox 893 2785 1014 2839; x_wconf 82' lang='lat' dir='ltr'><strong>vita:</strong></span> <span class='ocrx_word' id='word_1_213' title='bbox 1046 2784 1370 2839; x_wconf 88' lang='lat' dir='ltr'><strong>curriculum</strong></span> <span class='ocrx_word' id='word_1_214' title='bbox 1404 2785 1633 2840; x_wconf 83' lang='lat' dir='ltr'><strong>absolvit</strong></span> <span class='ocrx_word' id='word_1_215' title='bbox 1664 2785 1905 2840; x_wconf 81' lang='lat' dir='ltr'><strong>invictis-</strong></span> 
     </span>
    </p>
   </div>
   <div class='ocr_carea' id='block_1_31' title="bbox 309 2877 1902 2949">
    <p class='ocr_par' dir='ltr' id='par_1_31' title="bbox 309 2877 1902 2949">
     <span class='ocr_line' id='line_1_31' title="bbox 309 2877 1902 2949; baseline 0.003 -19"><span class='ocrx_word' id='word_1_216' title='bbox 309 2877 442 2930; x_wconf 91' lang='lat' dir='ltr'><strong>sima</strong></span> <span class='ocrx_word' id='word_1_217' title='bbox 465 2878 663 2933; x_wconf 85' lang='lat' dir='ltr'><strong>Christi</strong></span> <span class='ocrx_word' id='word_1_218' title='bbox 686 2879 1043 2942; x_wconf 78' lang='lat' dir='ltr'><strong>confessione,</strong></span> <span class='ocrx_word' id='word_1_219' title='bbox 1073 2887 1289 2948; x_wconf 87' lang='lat' dir='ltr'><strong>propter</strong></span> <span class='ocrx_word' id='word_1_220' title='bbox 1309 2893 1469 2948; x_wconf 81' lang='lat' dir='ltr'><strong>quant</strong></span> <span class='ocrx_word' id='word_1_221' title='bbox 1492 2878 1667 2948; x_wconf 88' lang='lat' dir='ltr'><strong>capite</strong></span> <span class='ocrx_word' id='word_1_222' title='bbox 1690 2878 1902 2949; x_wconf 79' lang='lat' dir='ltr'><strong>plcxus,</strong></span> 
     </span>
    </p>
   </div>
   <div class='ocr_carea' id='block_1_32' title="bbox 311 2971 1081 3042">
    <p class='ocr_par' dir='ltr' id='par_1_32' title="bbox 311 2971 1081 3042">
     <span class='ocr_line' id='line_1_32' title="bbox 311 2971 1081 3042; baseline 0.004 -20"><span class='ocrx_word' id='word_1_223' title='bbox 311 2971 509 3024; x_wconf 86' lang='lat' dir='ltr'><strong>meruit</strong></span> <span class='ocrx_word' id='word_1_224' title='bbox 531 2971 784 3042; x_wconf 84' lang='lat' dir='ltr'><strong>martyrio</strong></span> <span class='ocrx_word' id='word_1_225' title='bbox 812 2971 1081 3025; x_wconf 87' lang='lat' dir='ltr'><strong>coronari.</strong></span> 
     </span>
    </p>
   </div>
   <div class='ocr_carea' id='block_1_33' title="bbox 383 3064 1905 3134">
    <p class='ocr_par' dir='ltr' id='par_1_33' title="bbox 383 3064 1905 3134">
     <span class='ocr_line' id='line_1_33' title="bbox 383 3064 1905 3134; baseline 0.003 -16"><span class='ocrx_word' id='word_1_226' title='bbox 383 3064 454 3118; x_wconf 84' lang='lat' dir='ltr'><strong>At</strong></span> <span class='ocrx_word' id='word_1_227' title='bbox 489 3079 556 3120; x_wconf 88' lang='lat' dir='ltr'><strong>eo</strong></span> <span class='ocrx_word' id='word_1_228' title='bbox 594 3075 741 3120; x_wconf 81' lang='lat' dir='ltr'><strong>certe</strong></span> <span class='ocrx_word' id='word_1_229' title='bbox 783 3064 954 3134; x_wconf 88' lang='lat' dir='ltr'><strong>major</strong></span> <span class='ocrx_word' id='word_1_230' title='bbox 1003 3065 1100 3120; x_wconf 84' lang='lat' dir='ltr'><strong>fuit</strong></span> <span class='ocrx_word' id='word_1_231' title='bbox 1141 3065 1257 3132; x_wconf 90' lang='lat' dir='ltr'><strong>ejus</strong></span> <span class='ocrx_word' id='word_1_232' title='bbox 1303 3064 1604 3132; x_wconf 88' lang='lat' dir='ltr'><strong>triumphus</strong></span> <span class='ocrx_word' id='word_1_233' title='bbox 1634 3106 1648 3130; x_wconf 92' lang='lat'><strong>,</strong></span> <span class='ocrx_word' id='word_1_234' title='bbox 1699 3084 1717 3116; x_wconf 78' lang='grc' dir='ltr'>ι</span> <span class='ocrx_word' id='word_1_235' title='bbox 1763 3066 1905 3134; x_wconf 92' lang='lat' dir='ltr'><strong>quod</strong></span> 
     </span>
    </p>
   </div>
   <div class='ocr_carea' id='block_1_34' title="bbox 2012 466 3608 548">
    <p class='ocr_par' dir='ltr' id='par_1_34' title="bbox 2012 466 3608 548">
     <span class='ocr_line' id='line_1_34' title="bbox 2012 466 3608 548; baseline 0.009 -30"><span class='ocrx_word' id='word_1_236' title='bbox 2012 466 2298 536; x_wconf 84' lang='lat' dir='ltr'><strong>praeclara,</strong></span> <span class='ocrx_word' id='word_1_237' title='bbox 2357 468 2506 538; x_wconf 90' lang='lat' dir='ltr'><strong>prior</strong></span> <span class='ocrx_word' id='word_1_238' title='bbox 2551 469 2713 525; x_wconf 89' lang='lat' dir='ltr'><strong>etiam</strong></span> <span class='ocrx_word' id='word_1_239' title='bbox 2764 473 3048 528; x_wconf 85' lang='lat' dir='ltr'><strong>sacerdotii</strong></span> <span class='ocrx_word' id='word_1_240' title='bbox 3097 477 3332 532; x_wconf 73' lang='lat' dir='ltr'><strong>caelestis</strong></span> <span class='ocrx_word' id='word_1_241' title='bbox 3383 479 3608 548; x_wconf 86' lang='lat' dir='ltr'><strong>insignia</strong></span> 
     </span>
    </p>
   </div>
   <div class='ocr_carea' id='block_1_35' title="bbox 2009 557 3606 638">
    <p class='ocr_par' dir='ltr' id='par_1_35' title="bbox 2009 557 3606 638">
     <span class='ocr_line' id='line_1_35' title="bbox 2009 557 3606 638; baseline 0.01 -29"><span class='ocrx_word' id='word_1_242' title='bbox 2009 557 2244 625; x_wconf 88' lang='lat' dir='ltr'><strong>glorioso</strong></span> <span class='ocrx_word' id='word_1_243' title='bbox 2271 573 2466 615; x_wconf 89' lang='lat' dir='ltr'><strong>cruore</strong></span> <span class='ocrx_word' id='word_1_244' title='bbox 2495 560 2776 616; x_wconf 83' lang='lat' dir='ltr'><strong>decoraret</strong></span> <span class='ocrx_word' id='word_1_245' title='bbox 2803 561 3062 633; x_wconf 76' lang='lat' dir='ltr'><strong>(Pontius,</strong></span> <span class='ocrx_word' id='word_1_246' title='bbox 3094 584 3212 637; x_wconf 86' lang='lat' dir='ltr'><strong>pag.</strong></span> <span class='ocrx_word' id='word_1_247' title='bbox 3250 569 3366 638; x_wconf 75' lang='grc'><strong>10).</strong></span> <span class='ocrx_word' id='word_1_248' title='bbox 3417 589 3434 621; x_wconf 75' lang='lat' dir='ltr'><strong>t</strong></span> <span class='ocrx_word' id='word_1_249' title='bbox 3469 570 3606 624; x_wconf 64' lang='lat' dir='ltr'><strong>Sen.</strong></span> 
     </span>
    </p>
   </div>
   <div class='ocr_carea' id='block_1_36' title="bbox 2009 650 3607 732">
    <p class='ocr_par' dir='ltr' id='par_1_36' title="bbox 2009 650 3607 732">
     <span class='ocr_line' id='line_1_36' title="bbox 2009 650 3607 732; baseline 0.01 -31"><span class='ocrx_word' id='word_1_250' title='bbox 2009 661 2101 702; x_wconf 90' lang='lat' dir='ltr'><strong>sus</strong></span> <span class='ocrx_word' id='word_1_251' title='bbox 2128 650 2308 720; x_wconf 88' lang='lat' dir='ltr'><strong>itaque</strong></span> <span class='ocrx_word' id='word_1_252' title='bbox 2340 651 2512 706; x_wconf 90' lang='lat' dir='ltr'><strong>Pontii</strong></span> <span class='ocrx_word' id='word_1_253' title='bbox 2538 667 2659 708; x_wconf 90' lang='lat' dir='ltr'><strong>esse</strong></span> <span class='ocrx_word' id='word_1_254' title='bbox 2691 653 2922 720; x_wconf 88' lang='lat' dir='ltr'><strong>videtur,</strong></span> <span class='ocrx_word' id='word_1_255' title='bbox 2950 654 3276 728; x_wconf 85' lang='lat' dir='ltr'><strong>Cyprianum</strong></span> <span class='ocrx_word' id='word_1_256' title='bbox 3307 662 3468 716; x_wconf 90' lang='lat' dir='ltr'><strong>fuisse</strong></span> <span class='ocrx_word' id='word_1_257' title='bbox 3501 665 3607 732; x_wconf 57' lang='lat' dir='ltr'><strong>pri.</strong></span> 
     </span>
    </p>
   </div>
   <div class='ocr_carea' id='block_1_37' title="bbox 2011 740 3610 824">
    <p class='ocr_par' dir='ltr' id='par_1_37' title="bbox 2011 740 3610 824">
     <span class='ocr_line' id='line_1_37' title="bbox 2011 740 3610 824; baseline 0.011 -32"><span class='ocrx_word' id='word_1_258' title='bbox 2011 755 2155 793; x_wconf 92' lang='lat' dir='ltr'><strong>mum</strong></span> <span class='ocrx_word' id='word_1_259' title='bbox 2183 740 2522 812; x_wconf 79' lang='lat' dir='ltr'><strong>Carthaginis</strong></span> <span class='ocrx_word' id='word_1_260' title='bbox 2553 744 2605 798; x_wconf 94' lang='lat' dir='ltr'><strong>in</strong></span> <span class='ocrx_word' id='word_1_261' title='bbox 2636 744 2814 799; x_wconf 84' lang='lat' dir='ltr'><strong>Africa</strong></span> <span class='ocrx_word' id='word_1_262' title='bbox 2840 747 3152 817; x_wconf 90' lang='lat' dir='ltr'><strong>episcopum</strong></span> <span class='ocrx_word' id='word_1_263' title='bbox 3175 793 3188 815; x_wconf 92' lang='lat'><strong>,</strong></span> <span class='ocrx_word' id='word_1_264' title='bbox 3231 753 3316 821; x_wconf 93' lang='lat' dir='ltr'><strong>qui</strong></span> <span class='ocrx_word' id='word_1_265' title='bbox 3349 757 3610 824; x_wconf 80' lang='lat' dir='ltr'><strong>sanguine</strong></span> 
     </span>
    </p>
   </div>
   <div class='ocr_carea' id='block_1_38' title="bbox 2009 832 3611 914">
    <p class='ocr_par' dir='ltr' id='par_1_38' title="bbox 2009 832 3611 914">
     <span class='ocr_line' id='line_1_38' title="bbox 2009 832 3611 914; baseline 0.006 -29"><span class='ocrx_word' id='word_1_266' title='bbox 2009 832 2180 886; x_wconf 75' lang='lat' dir='ltr'><strong>effuso</strong></span> <span class='ocrx_word' id='word_1_267' title='bbox 2224 835 2462 906; x_wconf 89' lang='lat' dir='ltr'><strong>martyrii</strong></span> <span class='ocrx_word' id='word_1_268' title='bbox 2506 837 2735 904; x_wconf 89' lang='lat' dir='ltr'><strong>palmam</strong></span> <span class='ocrx_word' id='word_1_269' title='bbox 2772 836 2998 907; x_wconf 89' lang='lat' dir='ltr'><strong>adeptus</strong></span> <span class='ocrx_word' id='word_1_270' title='bbox 3034 851 3137 894; x_wconf 90' lang='lat' dir='ltr'><strong>est.</strong></span> <span class='ocrx_word' id='word_1_271' title='bbox 3178 841 3406 909; x_wconf 84' lang='lat' dir='ltr'><strong>Quidam</strong></span> <span class='ocrx_word' id='word_1_272' title='bbox 3450 860 3611 914; x_wconf 87' lang='lat' dir='ltr'><strong>porro</strong></span> 
     </span>
    </p>
   </div>
   <div class='ocr_carea' id='block_1_39' title="bbox 2012 927 3610 996">
    <p class='ocr_par' dir='ltr' id='par_1_39' title="bbox 2012 927 3610 996">
     <span class='ocr_line' id='line_1_39' title="bbox 2012 927 3610 996; baseline 0.006 -15"><span class='ocrx_word' id='word_1_273' title='bbox 2012 936 2197 996; x_wconf 86' lang='lat' dir='ltr'><strong>putant</strong></span> <span class='ocrx_word' id='word_1_274' title='bbox 2225 927 2308 981; x_wconf 85' lang='lat' dir='ltr'><strong>his</strong></span> <span class='ocrx_word' id='word_1_275' title='bbox 2337 929 2514 983; x_wconf 84' lang='lat' dir='ltr'><strong>verbis</strong></span> <span class='ocrx_word' id='word_1_276' title='bbox 2539 929 2710 984; x_wconf 90' lang='lat' dir='ltr'><strong>solam</strong></span> <span class='ocrx_word' id='word_1_277' title='bbox 2743 932 2916 985; x_wconf 88' lang='lat' dir='ltr'><strong>notari</strong></span> <span class='ocrx_word' id='word_1_278' title='bbox 2946 933 3234 987; x_wconf 79' lang='lat' dir='ltr'><strong>excitatam</strong></span> <span class='ocrx_word' id='word_1_279' title='bbox 3263 951 3291 989; x_wconf 89' lang='lat' dir='ltr'><strong>a</strong></span> <span class='ocrx_word' id='word_1_280' title='bbox 3322 936 3610 992; x_wconf 84' lang='lat' dir='ltr'><strong>Valeriano</strong></span> 
     </span>
    </p>
   </div>
   <div class='ocr_carea' id='block_1_40' title="bbox 2007 1018 3609 1097">
    <p class='ocr_par' dir='ltr' id='par_1_40' title="bbox 2007 1018 3609 1097">
     <span class='ocr_line' id='line_1_40' title="bbox 2007 1018 3609 1097; baseline 0.007 -24"><span class='ocrx_word' id='word_1_281' title='bbox 2007 1027 2064 1073; x_wconf 89' lang='lat' dir='ltr'><strong>et</strong></span> <span class='ocrx_word' id='word_1_282' title='bbox 2105 1018 2328 1076; x_wconf 91' lang='lat' dir='ltr'><strong>Galieno</strong></span> <span class='ocrx_word' id='word_1_283' title='bbox 2376 1022 2841 1090; x_wconf 86' lang='lat' dir='ltr'><strong>persecutionem,</strong></span> <span class='ocrx_word' id='word_1_284' title='bbox 2889 1039 2952 1078; x_wconf 90' lang='lat' dir='ltr'><strong>ac</strong></span> <span class='ocrx_word' id='word_1_285' title='bbox 2997 1023 3326 1096; x_wconf 89' lang='lat' dir='ltr'><strong>Cyprianum</strong></span> <span class='ocrx_word' id='word_1_286' title='bbox 3378 1029 3609 1097; x_wconf 91' lang='lat' dir='ltr'><strong>primum</strong></span> 
     </span>
    </p>
   </div>
   <div class='ocr_carea' id='block_1_41' title="bbox 2008 1113 3612 1190">
    <p class='ocr_par' dir='ltr' id='par_1_41' title="bbox 2008 1113 3612 1190">
     <span class='ocr_line' id='line_1_41' title="bbox 2008 1113 3612 1190; baseline 0.007 -25"><span class='ocrx_word' id='word_1_287' title='bbox 2008 1113 2246 1166; x_wconf 92' lang='lat' dir='ltr'><strong>omnium</strong></span> <span class='ocrx_word' id='word_1_288' title='bbox 2282 1114 2332 1166; x_wconf 91' lang='lat' dir='ltr'><strong>in</strong></span> <span class='ocrx_word' id='word_1_289' title='bbox 2362 1114 2542 1168; x_wconf 82' lang='lat' dir='ltr'><strong>Africa</strong></span> <span class='ocrx_word' id='word_1_290' title='bbox 2575 1113 2761 1179; x_wconf 86' lang='lat' dir='ltr'><strong>fuisse,</strong></span> <span class='ocrx_word' id='word_1_291' title='bbox 2795 1116 2885 1186; x_wconf 91' lang='lat' dir='ltr'><strong>qui</strong></span> <span class='ocrx_word' id='word_1_292' title='bbox 2917 1116 3020 1170; x_wconf 91' lang='lat' dir='ltr'><strong>sub</strong></span> <span class='ocrx_word' id='word_1_293' title='bbox 3052 1116 3134 1171; x_wconf 89' lang='lat' dir='ltr'><strong>bis</strong></span> <span class='ocrx_word' id='word_1_294' title='bbox 3168 1119 3518 1190; x_wconf 89' lang='lat' dir='ltr'><strong>principibus,</strong></span> <span class='ocrx_word' id='word_1_295' title='bbox 3553 1133 3612 1177; x_wconf 92' lang='lat' dir='ltr'><strong>ut</strong></span> 
     </span>
    </p>
   </div>
   <div class='ocr_carea' id='block_1_42' title="bbox 2006 1205 3608 1286">
    <p class='ocr_par' dir='ltr' id='par_1_42' title="bbox 2006 1205 3608 1286">
     <span class='ocr_line' id='line_1_42' title="bbox 2006 1205 3608 1286; baseline 0.007 -27"><span class='ocrx_word' id='word_1_296' title='bbox 2006 1205 2083 1259; x_wconf 88' lang='lat' dir='ltr'><strong>ait</strong></span> <span class='ocrx_word' id='word_1_297' title='bbox 2109 1205 2490 1278; x_wconf 85' lang='lat' dir='ltr'><strong>llierOnymus,</strong></span> <span class='ocrx_word' id='word_1_298' title='bbox 2561 1227 2580 1258; x_wconf 72' lang='grc' dir='ltr'>ι</span> <span class='ocrx_word' id='word_1_299' title='bbox 2619 1223 2806 1277; x_wconf 89' lang='lat' dir='ltr'><strong>passus</strong></span> <span class='ocrx_word' id='word_1_300' title='bbox 2857 1219 2940 1264; x_wconf 87' lang='lat' dir='ltr'><strong>est</strong></span> <span class='ocrx_word' id='word_1_301' title='bbox 2991 1209 3318 1282; x_wconf 80' lang='lat' dir='ltr'><strong>(Hieronym.</strong></span> <span class='ocrx_word' id='word_1_302' title='bbox 3377 1212 3608 1286; x_wconf 73' lang='lat' dir='ltr'><strong>Catalog.</strong></span> 
     </span>
    </p>
   </div>
   <div class='ocr_carea' id='block_1_43' title="bbox 2009 1298 3606 1380">
    <p class='ocr_par' dir='ltr' id='par_1_43' title="bbox 2009 1298 3606 1380">
     <span class='ocr_line' id='line_1_43' title="bbox 2009 1298 3606 1380; baseline 0.008 -27"><span class='ocrx_word' id='word_1_303' title='bbox 2009 1298 2202 1368; x_wconf 82' lang='lat' dir='ltr'><strong>Script.</strong></span> <span class='ocrx_word' id='word_1_304' title='bbox 2243 1299 2439 1356; x_wconf 72' lang='lat' dir='ltr'><strong>Eccles.</strong></span> <span class='ocrx_word' id='word_1_305' title='bbox 2475 1301 2502 1372; x_wconf 61' lang='grc' dir='ltr'>ᾗ</span> <span class='ocrx_word' id='word_1_306' title='bbox 2535 1302 2623 1365; x_wconf 84' lang='grc'>67,</span> <span class='ocrx_word' id='word_1_307' title='bbox 2658 1321 2780 1374; x_wconf 85' lang='lat' dir='ltr'><strong>pag.</strong></span> <span class='ocrx_word' id='word_1_308' title='bbox 2816 1303 2966 1377; x_wconf 84' lang='grc'>119).</span> <span class='ocrx_word' id='word_1_309' title='bbox 3019 1323 3036 1356; x_wconf 85' lang='grc'><strong>›</strong></span> <span class='ocrx_word' id='word_1_310' title='bbox 3079 1305 3261 1375; x_wconf 88' lang='lat' dir='ltr'><strong>Neque</strong></span> <span class='ocrx_word' id='word_1_311' title='bbox 3328 1307 3452 1364; x_wconf 89' lang='lat' dir='ltr'><strong>huic</strong></span> <span class='ocrx_word' id='word_1_312' title='bbox 3485 1312 3606 1380; x_wconf 81' lang='lat' dir='ltr'><strong>opi—</strong></span> 
     </span>
    </p>
   </div>
   <div class='ocr_carea' id='block_1_44' title="bbox 2007 1390 3604 1463">
    <p class='ocr_par' dir='ltr' id='par_1_44' title="bbox 2007 1390 3604 1463">
     <span class='ocr_line' id='line_1_44' title="bbox 2007 1390 3604 1463; baseline 0.009 -19"><span class='ocrx_word' id='word_1_313' title='bbox 2007 1390 2154 1444; x_wconf 91' lang='lat' dir='ltr'><strong>nioni</strong></span> <span class='ocrx_word' id='word_1_314' title='bbox 2185 1391 2412 1446; x_wconf 89' lang='lat' dir='ltr'><strong>multum</strong></span> <span class='ocrx_word' id='word_1_315' title='bbox 2441 1394 2888 1463; x_wconf 89' lang='lat' dir='ltr'><strong>repugnabimus,</strong></span> <span class='ocrx_word' id='word_1_316' title='bbox 2922 1397 2966 1451; x_wconf 91' lang='lat' dir='ltr'><strong>si</strong></span> <span class='ocrx_word' id='word_1_317' title='bbox 2998 1406 3082 1452; x_wconf 88' lang='lat' dir='ltr'><strong>sat</strong></span> <span class='ocrx_word' id='word_1_318' title='bbox 3110 1397 3298 1454; x_wconf 79' lang='lat' dir='ltr'><strong>validis</strong></span> <span class='ocrx_word' id='word_1_319' title='bbox 3337 1401 3604 1459; x_wconf 89' lang='lat' dir='ltr'><strong>rationum</strong></span> 
     </span>
    </p>
   </div>
   <div class='ocr_carea' id='block_1_45' title="bbox 2007 1485 2650 1542">
    <p class='ocr_par' dir='ltr' id='par_1_45' title="bbox 2007 1485 2650 1542">
     <span class='ocr_line' id='line_1_45' title="bbox 2007 1485 2650 1542; baseline 0.011 -6"><span class='ocrx_word' id='word_1_320' title='bbox 2007 1485 2298 1540; x_wconf 90' lang='lat' dir='ltr'><strong>momentis</strong></span> <span class='ocrx_word' id='word_1_321' title='bbox 2328 1486 2650 1542; x_wconf 88' lang='lat' dir='ltr'><strong>stabiliatur.</strong></span> 
     </span>
    </p>
   </div>
   <div class='ocr_carea' id='block_1_46' title="bbox 2626 1616 3025 1658">
    <p class='ocr_par' dir='ltr' id='par_1_46' title="bbox 2626 1616 3025 1658">
     <span class='ocr_line' id='line_1_46' title="bbox 2626 1616 3025 1658; baseline 0.008 -3"><span class='ocrx_word' id='word_1_322' title='bbox 2626 1616 2918 1657; x_wconf 76' lang='lat' dir='ltr'><strong>ARTICULUS</strong></span> <span class='ocrx_word' id='word_1_323' title='bbox 2948 1619 3025 1658; x_wconf 81' lang='grc'>111.</span> 
     </span>
    </p>
   </div>
   <div class='ocr_carea' id='block_1_47' title="bbox 2008 1708 3604 1781">
    <p class='ocr_par' dir='ltr' id='par_1_47' title="bbox 2008 1708 3604 1781">
     <span class='ocr_line' id='line_1_47' title="bbox 2008 1708 3604 1781; baseline 0.01 -19"><span class='ocrx_word' id='word_1_324' title='bbox 2008 1708 2086 1764; x_wconf 88' lang='lat' dir='ltr'><strong>De</strong></span> <span class='ocrx_word' id='word_1_325' title='bbox 2119 1710 2272 1781; x_wconf 77' lang='lat' dir='ltr'><strong>hujus</strong></span> <span class='ocrx_word' id='word_1_326' title='bbox 2295 1711 2412 1765; x_wconf 81' lang='lat' dir='ltr'><strong>libri</strong></span> <span class='ocrx_word' id='word_1_327' title='bbox 2441 1713 2588 1767; x_wconf 83' lang='lat' dir='ltr'><strong>titulo</strong></span> <span class='ocrx_word' id='word_1_328' title='bbox 2613 1754 2628 1780; x_wconf 92' lang='lat'><strong>,</strong></span> <span class='ocrx_word' id='word_1_329' title='bbox 2662 1724 2708 1767; x_wconf 84' lang='lat' dir='ltr'><strong>et</strong></span> <span class='ocrx_word' id='word_1_330' title='bbox 2734 1722 2900 1769; x_wconf 86' lang='lat' dir='ltr'><strong>utrum</strong></span> <span class='ocrx_word' id='word_1_331' title='bbox 2928 1726 3102 1771; x_wconf 80' lang='lat' dir='ltr'><strong>contra</strong></span> <span class='ocrx_word' id='word_1_332' title='bbox 3129 1721 3293 1774; x_wconf 82' lang='lat' dir='ltr'><strong>solum</strong></span> <span class='ocrx_word' id='word_1_333' title='bbox 3322 1719 3604 1778; x_wconf 75' lang='lat' dir='ltr'><strong>Demetriu-</strong></span> 
     </span>
    </p>
   </div>
   <div class='ocr_carea' id='block_1_48' title="bbox 2584 1807 3057 1874">
    <p class='ocr_par' dir='ltr' id='par_1_48' title="bbox 2584 1807 3057 1874">
     <span class='ocr_line' id='line_1_48' title="bbox 2584 1807 3057 1874; baseline 0.013 -17"><span class='ocrx_word' id='word_1_334' title='bbox 2584 1821 2707 1858; x_wconf 84' lang='lat' dir='ltr'><strong>num</strong></span> <span class='ocrx_word' id='word_1_335' title='bbox 2731 1807 2949 1874; x_wconf 79' lang='lat' dir='ltr'><strong>scriptus</strong></span> <span class='ocrx_word' id='word_1_336' title='bbox 2976 1809 3057 1863; x_wconf 80' lang='lat' dir='ltr'><strong>sit.</strong></span> 
     </span>
    </p>
   </div>
   <div class='ocr_carea' id='block_1_49' title="bbox 2076 1935 3604 2015">
    <p class='ocr_par' dir='ltr' id='par_1_49' title="bbox 2076 1935 3604 2015">
     <span class='ocr_line' id='line_1_49' title="bbox 2076 1935 3604 2015; baseline 0.01 -25"><span class='ocrx_word' id='word_1_337' title='bbox 2076 1937 2236 1990; x_wconf 87' lang='lat' dir='ltr'><strong>Liber</strong></span> <span class='ocrx_word' id='word_1_338' title='bbox 2252 1935 2338 1992; x_wconf 92' lang='lat' dir='ltr'><strong>hic</strong></span> <span class='ocrx_word' id='word_1_339' title='bbox 2364 1957 2383 1990; x_wconf 86' lang='grc'><em>‹</em></span> <span class='ocrx_word' id='word_1_340' title='bbox 2404 1937 2470 1992; x_wconf 90' lang='lat' dir='ltr'><strong>ad</strong></span> <span class='ocrx_word' id='word_1_341' title='bbox 2500 1937 2918 2008; x_wconf 86' lang='lat' dir='ltr'><strong>Demetrianum,</strong></span> <span class='ocrx_word' id='word_1_342' title='bbox 2949 1961 2968 1995; x_wconf 75' lang='grc' dir='ltr'><strong><em>ι</em></strong></span> <span class='ocrx_word' id='word_1_343' title='bbox 2991 1943 3066 1999; x_wconf 90' lang='lat' dir='ltr'><strong>ttti</strong></span> <span class='ocrx_word' id='word_1_344' title='bbox 3084 1944 3501 2015; x_wconf 85' lang='lat' dir='ltr'><strong>aitLactantius,</strong></span> <span class='ocrx_word' id='word_1_345' title='bbox 3521 1952 3604 2006; x_wconf 93' lang='lat' dir='ltr'><strong>vel</strong></span> 
     </span>
    </p>
   </div>
   <div class='ocr_carea' id='block_1_50' title="bbox 2009 2027 3602 2110">
    <p class='ocr_par' dir='ltr' id='par_1_50' title="bbox 2009 2027 3602 2110">
     <span class='ocr_line' id='line_1_50' title="bbox 2009 2027 3602 2110; baseline 0.013 -31"><span class='ocrx_word' id='word_1_346' title='bbox 2009 2045 2029 2079; x_wconf 76' lang='grc' dir='ltr'><strong><em>ι</em></strong></span> <span class='ocrx_word' id='word_1_347' title='bbox 2059 2027 2316 2084; x_wconf 89' lang='lat' dir='ltr'><strong>adversus</strong></span> <span class='ocrx_word' id='word_1_348' title='bbox 2342 2031 2760 2098; x_wconf 87' lang='lat' dir='ltr'><strong>Demetrianum,</strong></span> <span class='ocrx_word' id='word_1_349' title='bbox 2791 2054 2811 2084; x_wconf 71' lang='grc' dir='ltr'><strong><em>ι</em></strong></span> <span class='ocrx_word' id='word_1_350' title='bbox 2851 2035 2989 2090; x_wconf 89' lang='lat' dir='ltr'><strong>sicut</strong></span> <span class='ocrx_word' id='word_1_351' title='bbox 3030 2036 3386 2110; x_wconf 87' lang='lat' dir='ltr'><strong>Hieronymus</strong></span> <span class='ocrx_word' id='word_1_352' title='bbox 3426 2043 3558 2099; x_wconf 73' lang='lat' dir='ltr'><strong>dixit</strong></span> <span class='ocrx_word' id='word_1_353' title='bbox 3589 2087 3602 2108; x_wconf 93' lang='lat'><strong>,</strong></span> 
     </span>
    </p>
   </div>
   <div class='ocr_carea' id='block_1_51' title="bbox 2004 2119 3604 2204">
    <p class='ocr_par' dir='ltr' id='par_1_51' title="bbox 2004 2119 3604 2204">
     <span class='ocr_line' id='line_1_51' title="bbox 2004 2119 3604 2204; baseline 0.011 -32"><span class='ocrx_word' id='word_1_354' title='bbox 2004 2119 2235 2188; x_wconf 90' lang='lat' dir='ltr'><strong>scriptus</strong></span> <span class='ocrx_word' id='word_1_355' title='bbox 2272 2131 2352 2176; x_wconf 88' lang='lat' dir='ltr'><strong>est</strong></span> <span class='ocrx_word' id='word_1_356' title='bbox 2376 2119 2501 2193; x_wconf 85' lang='lat' dir='ltr'><strong>(Cit.</strong></span> <span class='ocrx_word' id='word_1_357' title='bbox 2528 2140 2703 2193; x_wconf 78' lang='lat' dir='ltr'><strong>super.</strong></span> <span class='ocrx_word' id='word_1_358' title='bbox 2735 2124 2884 2196; x_wconf 86' lang='lat' dir='ltr'><strong>loc.).</strong></span> <span class='ocrx_word' id='word_1_359' title='bbox 2912 2125 3144 2198; x_wconf 89' lang='lat' dir='ltr'><strong>Utraque</strong></span> <span class='ocrx_word' id='word_1_360' title='bbox 3171 2132 3604 2204; x_wconf 80' lang='lat' dir='ltr'><strong>eniminscriptio</strong></span> 
     </span>
    </p>
   </div>
   <div class='ocr_carea' id='block_1_52' title="bbox 2005 2212 3607 2295">
    <p class='ocr_par' dir='ltr' id='par_1_52' title="bbox 2005 2212 3607 2295">
     <span class='ocr_line' id='line_1_52' title="bbox 2005 2212 3607 2295; baseline 0.01 -29"><span class='ocrx_word' id='word_1_361' title='bbox 2005 2212 2059 2267; x_wconf 91' lang='lat' dir='ltr'><strong>in</strong></span> <span class='ocrx_word' id='word_1_362' title='bbox 2088 2214 2285 2269; x_wconf 90' lang='lat' dir='ltr'><strong>nostris</strong></span> <span class='ocrx_word' id='word_1_363' title='bbox 2306 2213 2522 2270; x_wconf 91' lang='lat' dir='ltr'><strong>iueditis</strong></span> <span class='ocrx_word' id='word_1_364' title='bbox 2541 2217 2816 2272; x_wconf 90' lang='lat' dir='ltr'><strong>codicibus</strong></span> <span class='ocrx_word' id='word_1_365' title='bbox 2837 2221 3050 2288; x_wconf 70' lang='lat' dir='ltr'><strong>praefixa</strong></span> <span class='ocrx_word' id='word_1_366' title='bbox 3068 2222 3279 2292; x_wconf 78' lang='lat' dir='ltr'><strong>legitur;</strong></span> <span class='ocrx_word' id='word_1_367' title='bbox 3303 2240 3366 2278; x_wconf 89' lang='lat' dir='ltr'><strong>ac</strong></span> <span class='ocrx_word' id='word_1_368' title='bbox 3380 2227 3607 2295; x_wconf 88' lang='lat' dir='ltr'><strong>prinntm</strong></span> 
     </span>
    </p>
   </div>
   <div class='ocr_carea' id='block_1_53' title="bbox 2005 2305 3614 2389">
    <p class='ocr_par' dir='ltr' id='par_1_53' title="bbox 2005 2305 3614 2389">
     <span class='ocr_line' id='line_1_53' title="bbox 2005 2305 3614 2389; baseline 0.01 -33"><span class='ocrx_word' id='word_1_369' title='bbox 2005 2305 2223 2372; x_wconf 86' lang='lat' dir='ltr'><strong>quidem</strong></span> <span class='ocrx_word' id='word_1_370' title='bbox 2255 2307 2306 2360; x_wconf 93' lang='lat' dir='ltr'><strong>in</strong></span> <span class='ocrx_word' id='word_1_371' title='bbox 2334 2309 2712 2378; x_wconf 88' lang='lat' dir='ltr'><strong>antiquissimo</strong></span> <span class='ocrx_word' id='word_1_372' title='bbox 2740 2309 2928 2366; x_wconf 91' lang='lat' dir='ltr'><strong>codice</strong></span> <span class='ocrx_word' id='word_1_373' title='bbox 2965 2311 3276 2369; x_wconf 90' lang='lat' dir='ltr'><strong>Colbertino</strong></span> <span class='ocrx_word' id='word_1_374' title='bbox 3322 2333 3336 2368; x_wconf 93' lang='lat'><strong>:</strong></span> <span class='ocrx_word' id='word_1_375' title='bbox 3373 2335 3390 2367; x_wconf 71' lang='grc' dir='ltr'><strong><em>ι</em></strong></span> <span class='ocrx_word' id='word_1_376' title='bbox 3425 2318 3614 2389; x_wconf 82' lang='lat' dir='ltr'><strong>incipit</strong></span> 
     </span>
    </p>
   </div>
   <div class='ocr_carea' id='block_1_54' title="bbox 2005 2396 3608 2470">
    <p class='ocr_par' dir='ltr' id='par_1_54' title="bbox 2005 2396 3608 2470">
     <span class='ocr_line' id='line_1_54' title="bbox 2005 2396 3608 2470; baseline 0.009 -20"><span class='ocrx_word' id='word_1_377' title='bbox 2005 2396 2244 2466; x_wconf 89' lang='lat' dir='ltr'><strong>ejusdem</strong></span> <span class='ocrx_word' id='word_1_378' title='bbox 2269 2397 2568 2470; x_wconf 89' lang='lat' dir='ltr'><strong>(Cypriani)</strong></span> <span class='ocrx_word' id='word_1_379' title='bbox 2596 2400 2661 2454; x_wconf 88' lang='lat' dir='ltr'><strong>ad</strong></span> <span class='ocrx_word' id='word_1_380' title='bbox 2693 2401 3111 2470; x_wconf 87' lang='lat' dir='ltr'><strong>Demetriannm;</strong></span> <span class='ocrx_word' id='word_1_381' title='bbox 3150 2424 3167 2456; x_wconf 87' lang='grc'><strong>›</strong></span> <span class='ocrx_word' id='word_1_382' title='bbox 3204 2406 3252 2458; x_wconf 92' lang='lat' dir='ltr'><strong>in</strong></span> <span class='ocrx_word' id='word_1_383' title='bbox 3285 2406 3560 2464; x_wconf 79' lang='lat' dir='ltr'><strong>&#39;l‘arnicnsi</strong></span> <span class='ocrx_word' id='word_1_384' title='bbox 3595 2429 3608 2464; x_wconf 86' lang='lat'><strong>:</strong></span> 
     </span>
    </p>
   </div>
   <div class='ocr_carea' id='block_1_55' title="bbox 2011 2491 3605 2568">
    <p class='ocr_par' dir='ltr' id='par_1_55' title="bbox 2011 2491 3605 2568">
     <span class='ocr_line' id='line_1_55' title="bbox 2011 2491 3605 2568; baseline 0.01 -26"><span class='ocrx_word' id='word_1_385' title='bbox 2011 2507 2032 2542; x_wconf 72' lang='grc' dir='ltr'>ι</span> <span class='ocrx_word' id='word_1_386' title='bbox 2069 2491 2259 2561; x_wconf 87' lang='lat' dir='ltr'><strong>Incipit</strong></span> <span class='ocrx_word' id='word_1_387' title='bbox 2284 2493 2417 2550; x_wconf 89' lang='lat' dir='ltr'><strong>liber</strong></span> <span class='ocrx_word' id='word_1_388' title='bbox 2435 2495 2633 2550; x_wconf 57' lang='lat' dir='ltr'><strong>Caecilii</strong></span> <span class='ocrx_word' id='word_1_389' title='bbox 2653 2496 2904 2568; x_wconf 87' lang='lat' dir='ltr'><strong>Cypriani</strong></span> <span class='ocrx_word' id='word_1_390' title='bbox 2927 2510 3114 2554; x_wconf 90' lang='lat' dir='ltr'><strong>contra</strong></span> <span class='ocrx_word' id='word_1_391' title='bbox 3145 2501 3558 2560; x_wconf 86' lang='lat' dir='ltr'><strong>ltctnetrianttm.</strong></span> <span class='ocrx_word' id='word_1_392' title='bbox 3587 2528 3605 2558; x_wconf 83' lang='grc' dir='ltr'><strong><em>ι</em></strong></span> 
     </span>
    </p>
   </div>
   <div class='ocr_carea' id='block_1_56' title="bbox 2008 2584 3608 2669">
    <p class='ocr_par' dir='ltr' id='par_1_56' title="bbox 2008 2584 3608 2669">
     <span class='ocr_line' id='line_1_56' title="bbox 2008 2584 3608 2669; baseline 0.009 -30"><span class='ocrx_word' id='word_1_393' title='bbox 2008 2584 2064 2639; x_wconf 81' lang='lat' dir='ltr'><strong>In</strong></span> <span class='ocrx_word' id='word_1_394' title='bbox 2091 2585 2322 2654; x_wconf 85' lang='lat' dir='ltr'><strong>antiquis</strong></span> <span class='ocrx_word' id='word_1_395' title='bbox 2351 2603 2481 2644; x_wconf 89' lang='lat' dir='ltr'><strong>vero</strong></span> <span class='ocrx_word' id='word_1_396' title='bbox 2507 2589 2833 2646; x_wconf 87' lang='lat' dir='ltr'><strong>editionibus</strong></span> <span class='ocrx_word' id='word_1_397' title='bbox 2868 2611 2880 2647; x_wconf 91' lang='lat'><strong>:</strong></span> <span class='ocrx_word' id='word_1_398' title='bbox 2911 2611 2930 2644; x_wconf 70' lang='grc' dir='ltr'>ί</span> <span class='ocrx_word' id='word_1_399' title='bbox 2968 2594 3082 2648; x_wconf 83' lang='lat' dir='ltr'><strong>Divi</strong></span> <span class='ocrx_word' id='word_1_400' title='bbox 3123 2595 3323 2651; x_wconf 69' lang='lat' dir='ltr'><strong>Caecilii</strong></span> <span class='ocrx_word' id='word_1_401' title='bbox 3353 2598 3608 2669; x_wconf 85' lang='lat' dir='ltr'><strong>Cypriani</strong></span> 
     </span>
    </p>
   </div>
   <div class='ocr_carea' id='block_1_57' title="bbox 2008 2676 3608 2752">
    <p class='ocr_par' dir='ltr' id='par_1_57' title="bbox 2008 2676 3608 2752">
     <span class='ocr_line' id='line_1_57' title="bbox 2008 2676 3608 2752; baseline 0.01 -20"><span class='ocrx_word' id='word_1_402' title='bbox 2008 2676 2246 2748; x_wconf 87' lang='lat' dir='ltr'><strong>episcopi</strong></span> <span class='ocrx_word' id='word_1_403' title='bbox 2301 2680 2738 2752; x_wconf 74' lang='lat' dir='ltr'><strong>Carthaginiensis</strong></span> <span class='ocrx_word' id='word_1_404' title='bbox 2789 2695 3045 2743; x_wconf 88' lang='lat' dir='ltr'><strong>tractatus</strong></span> <span class='ocrx_word' id='word_1_405' title='bbox 3097 2701 3273 2744; x_wconf 86' lang='lat' dir='ltr'><strong>contra</strong></span> <span class='ocrx_word' id='word_1_406' title='bbox 3323 2691 3608 2748; x_wconf 81' lang='lat' dir='ltr'><strong>Demetriu-</strong></span> 
     </span>
    </p>
   </div>
   <div class='ocr_carea' id='block_1_58' title="bbox 2009 2771 3614 2852">
    <p class='ocr_par' dir='ltr' id='par_1_58' title="bbox 2009 2771 3614 2852">
     <span class='ocr_line' id='line_1_58' title="bbox 2009 2771 3614 2852; baseline 0.012 -31"><span class='ocrx_word' id='word_1_407' title='bbox 2009 2785 2156 2836; x_wconf 84' lang='lat' dir='ltr'><strong>uum,</strong></span> <span class='ocrx_word' id='word_1_408' title='bbox 2199 2789 2216 2821; x_wconf 72' lang='grc' dir='ltr'><strong><em>ι</em></strong></span> <span class='ocrx_word' id='word_1_409' title='bbox 2251 2780 2305 2825; x_wconf 91' lang='lat' dir='ltr'><strong>et</strong></span> <span class='ocrx_word' id='word_1_410' title='bbox 2337 2771 2388 2826; x_wconf 91' lang='lat' dir='ltr'><strong>in</strong></span> <span class='ocrx_word' id='word_1_411' title='bbox 2415 2775 2628 2828; x_wconf 67' lang='lat' dir='ltr'><strong>caneris</strong></span> <span class='ocrx_word' id='word_1_412' title='bbox 2671 2775 2828 2846; x_wconf 90' lang='lat' dir='ltr'><strong>longe</strong></span> <span class='ocrx_word' id='word_1_413' title='bbox 2867 2780 3108 2848; x_wconf 85' lang='lat' dir='ltr'><strong>pluribus</strong></span> <span class='ocrx_word' id='word_1_414' title='bbox 3149 2782 3464 2852; x_wconf 83' lang='lat' dir='ltr'><strong>simpliciter</strong></span> <span class='ocrx_word' id='word_1_415' title='bbox 3491 2804 3509 2836; x_wconf 76' lang='grc' dir='ltr'>ι</span> <span class='ocrx_word' id='word_1_416' title='bbox 3547 2788 3614 2840; x_wconf 90' lang='lat' dir='ltr'><strong>ad</strong></span> 
     </span>
    </p>
   </div>
   <div class='ocr_carea' id='block_1_59' title="bbox 2009 2868 3614 2954">
    <p class='ocr_par' dir='ltr' id='par_1_59' title="bbox 2009 2868 3614 2954">
     <span class='ocr_line' id='line_1_59' title="bbox 2009 2868 3614 2954; baseline 0.01 -32"><span class='ocrx_word' id='word_1_417' title='bbox 2009 2868 2434 2940; x_wconf 88' lang='lat' dir='ltr'><strong>Demetrianum,</strong></span> <span class='ocrx_word' id='word_1_418' title='bbox 2473 2894 2492 2925; x_wconf 76' lang='grc' dir='ltr'><strong><em>ι</em></strong></span> <span class='ocrx_word' id='word_1_419' title='bbox 2537 2875 2606 2930; x_wconf 87' lang='lat' dir='ltr'><strong>At</strong></span> <span class='ocrx_word' id='word_1_420' title='bbox 2645 2892 2982 2947; x_wconf 87' lang='lat' dir='ltr'><strong>quocumque</strong></span> <span class='ocrx_word' id='word_1_421' title='bbox 3037 2882 3196 2936; x_wconf 89' lang='lat' dir='ltr'><strong>modo</strong></span> <span class='ocrx_word' id='word_1_422' title='bbox 3235 2883 3470 2954; x_wconf 91' lang='lat' dir='ltr'><strong>scriptus</strong></span> <span class='ocrx_word' id='word_1_423' title='bbox 3497 2883 3614 2938; x_wconf 83' lang='lat' dir='ltr'><strong>fuc-</strong></span> 
     </span>
    </p>
   </div>
   <div class='ocr_carea' id='block_1_60' title="bbox 2010 2962 3613 3034">
    <p class='ocr_par' dir='ltr' id='par_1_60' title="bbox 2010 2962 3613 3034">
     <span class='ocr_line' id='line_1_60' title="bbox 2010 2962 3613 3034; baseline 0.01 -19"><span class='ocrx_word' id='word_1_424' title='bbox 2010 2962 2079 3016; x_wconf 91' lang='lat' dir='ltr'><strong>rit</strong></span> <span class='ocrx_word' id='word_1_425' title='bbox 2116 2963 2204 3019; x_wconf 91' lang='lat' dir='ltr'><strong>hic</strong></span> <span class='ocrx_word' id='word_1_426' title='bbox 2249 2965 2436 3020; x_wconf 86' lang='lat' dir='ltr'><strong>titulus</strong></span> <span class='ocrx_word' id='word_1_427' title='bbox 2459 3009 2473 3034; x_wconf 93' lang='lat'><strong>,</strong></span> <span class='ocrx_word' id='word_1_428' title='bbox 2514 2978 2721 3024; x_wconf 90' lang='lat' dir='ltr'><strong>certum</strong></span> <span class='ocrx_word' id='word_1_429' title='bbox 2757 2981 2839 3026; x_wconf 89' lang='lat' dir='ltr'><strong>est</strong></span> <span class='ocrx_word' id='word_1_430' title='bbox 2877 2971 3015 3028; x_wconf 91' lang='lat' dir='ltr'><strong>hanc</strong></span> <span class='ocrx_word' id='word_1_431' title='bbox 3051 2974 3476 3031; x_wconf 77' lang='lat' dir='ltr'><strong>lucubrationem</strong></span> <span class='ocrx_word' id='word_1_432' title='bbox 3507 2991 3613 3031; x_wconf 89' lang='lat' dir='ltr'><strong>nou</strong></span> 
     </span>
    </p>
   </div>
   <div class='ocr_carea' id='block_1_61' title="bbox 2010 3056 3616 3139">
    <p class='ocr_par' dir='ltr' id='par_1_61' title="bbox 2010 3056 3616 3139">
     <span class='ocr_line' id='line_1_61' title="bbox 2010 3056 3616 3139; baseline 0.008 -30"><span class='ocrx_word' id='word_1_433' title='bbox 2010 3056 2292 3124; x_wconf 89' lang='lat' dir='ltr'><strong>epistolam</strong></span> <span class='ocrx_word' id='word_1_434' title='bbox 2323 3074 2462 3125; x_wconf 87' lang='lat' dir='ltr'><strong>esse,</strong></span> <span class='ocrx_word' id='word_1_435' title='bbox 2506 3060 2600 3116; x_wconf 83' lang='lat' dir='ltr'><strong>sed</strong></span> <span class='ocrx_word' id='word_1_436' title='bbox 2641 3071 2925 3119; x_wconf 89' lang='lat' dir='ltr'><strong>tractatum</strong></span> <span class='ocrx_word' id='word_1_437' title='bbox 2953 3108 2966 3131; x_wconf 94' lang='lat'><strong>,</strong></span> <span class='ocrx_word' id='word_1_438' title='bbox 3010 3081 3168 3134; x_wconf 91' lang='lat' dir='ltr'><strong>quem</strong></span> <span class='ocrx_word' id='word_1_439' title='bbox 3200 3068 3499 3139; x_wconf 87' lang='lat' dir='ltr'><strong>Cyprianus</strong></span> <span class='ocrx_word' id='word_1_440' title='bbox 3520 3084 3616 3137; x_wconf 90' lang='lat' dir='ltr'><strong>pu-</strong></span> 
     </span>
    </p>
   </div>
   <div class='ocr_carea' id='block_1_62' title="bbox 311 3149 3612 3230">
    <p class='ocr_par' dir='ltr' id='par_1_62' title="bbox 311 3149 3612 3230">
     <span class='ocr_line' id='line_1_62' title="bbox 311 3149 3612 3230; baseline 0.001 -17"><span class='ocrx_word' id='word_1_441' title='bbox 311 3160 478 3230; x_wconf 87' lang='lat' dir='ltr'><strong>prior,</strong></span> <span class='ocrx_word' id='word_1_442' title='bbox 513 3159 684 3230; x_wconf 90' lang='lat' dir='ltr'><strong>inquit</strong></span> <span class='ocrx_word' id='word_1_443' title='bbox 714 3160 954 3225; x_wconf 88' lang='lat' dir='ltr'><strong>Pontius,</strong></span> <span class='ocrx_word' id='word_1_444' title='bbox 982 3159 1035 3213; x_wconf 93' lang='lat' dir='ltr'><strong>in</strong></span> <span class='ocrx_word' id='word_1_445' title='bbox 1069 3159 1366 3227; x_wconf 90' lang='lat' dir='ltr'><strong>provincia,</strong></span> <span class='ocrx_word' id='word_1_446' title='bbox 1398 3178 1417 3210; x_wconf 75' lang='grc' dir='ltr'><strong><em>ι</em></strong></span> <span class='ocrx_word' id='word_1_447' title='bbox 1445 3158 1644 3213; x_wconf 68' lang='grc' dir='ltr'><strong>Δΐνὶοω</strong></span> <span class='ocrx_word' id='word_1_448' title='bbox 1665 3159 1904 3229; x_wconf 85' lang='lat' dir='ltr'><strong>martyrii</strong></span> <span class='ocrx_word' id='word_1_449' title='bbox 1933 3161 1978 3224; x_wconf 72' lang='grc' dir='ltr'><strong>ρ</strong></span> <span class='ocrx_word' id='word_1_450' title='bbox 2013 3149 2206 3206; x_wconf 90' lang='lat' dir='ltr'><strong>hlicam</strong></span> <span class='ocrx_word' id='word_1_451' title='bbox 2246 3151 2299 3206; x_wconf 91' lang='lat' dir='ltr'><strong>in</strong></span> <span class='ocrx_word' id='word_1_452' title='bbox 2347 3152 2519 3208; x_wconf 89' lang='lat' dir='ltr'><strong>lucem</strong></span> <span class='ocrx_word' id='word_1_453' title='bbox 2557 3155 2808 3212; x_wconf 81' lang='lat' dir='ltr'><strong>emittere</strong></span> <span class='ocrx_word' id='word_1_454' title='bbox 2853 3167 3072 3213; x_wconf 84' lang='lat' dir='ltr'><strong>coactus</strong></span> <span class='ocrx_word' id='word_1_455' title='bbox 3112 3171 3198 3216; x_wconf 86' lang='lat' dir='ltr'><strong>est</strong></span> <span class='ocrx_word' id='word_1_456' title='bbox 3223 3161 3480 3217; x_wconf 89' lang='lat' dir='ltr'><strong>adversus</strong></span> <span class='ocrx_word' id='word_1_457' title='bbox 3508 3161 3612 3215; x_wconf 82' lang='lat' dir='ltr'><strong>De-</strong></span> 
     </span>
    </p>
   </div>
   <div class='ocr_carea' id='block_1_63' title="bbox 317 3251 1909 3324">
    <p class='ocr_par' dir='ltr' id='par_1_63' title="bbox 317 3251 1909 3324">
     <span class='ocr_line' id='line_1_63' title="bbox 317 3251 1909 3324; baseline 0.001 -19"><span class='ocrx_word' id='word_1_458' title='bbox 317 3272 336 3305; x_wconf 83' lang='grc'>‹</span> <span class='ocrx_word' id='word_1_459' title='bbox 373 3253 633 3324; x_wconf 86' lang='lat' dir='ltr'><strong>primitias</strong></span> <span class='ocrx_word' id='word_1_460' title='bbox 662 3253 970 3316; x_wconf 83' lang='lat' dir='ltr'><strong>dedicavit;</strong></span> <span class='ocrx_word' id='word_1_461' title='bbox 1008 3273 1027 3304; x_wconf 74' lang='grc' dir='ltr'><strong><em>ι</em></strong></span> <span class='ocrx_word' id='word_1_462' title='bbox 1061 3261 1114 3308; x_wconf 90' lang='lat' dir='ltr'><strong>et</strong></span> <span class='ocrx_word' id='word_1_463' title='bbox 1153 3253 1310 3322; x_wconf 91' lang='lat' dir='ltr'><strong>paulo</strong></span> <span class='ocrx_word' id='word_1_464' title='bbox 1337 3261 1458 3322; x_wconf 87' lang='lat' dir='ltr'><strong>post</strong></span> <span class='ocrx_word' id='word_1_465' title='bbox 1488 3269 1500 3303; x_wconf 72' lang='grc' dir='ltr'><strong>ε</strong></span> <span class='ocrx_word' id='word_1_466' title='bbox 1539 3271 1558 3305; x_wconf 74' lang='grc' dir='ltr'>ι</span> <span class='ocrx_word' id='word_1_467' title='bbox 1592 3251 1909 3308; x_wconf 66' lang='grc' dir='ltr'><strong>εδοθνάυιειο</strong></span> 
     </span>
    </p>
   </div>
   <div class='ocr_carea' id='block_1_64' title="bbox 311 3343 1902 3414">
    <p class='ocr_par' dir='ltr' id='par_1_64' title="bbox 311 3343 1902 3414">
     <span class='ocr_line' id='line_1_64' title="bbox 311 3343 1902 3414; baseline -0.003 -13"><span class='ocrx_word' id='word_1_468' title='bbox 311 3347 392 3401; x_wconf 89' lang='lat' dir='ltr'><strong>les</strong></span> <span class='ocrx_word' id='word_1_469' title='bbox 440 3360 670 3401; x_wconf 88' lang='lat' dir='ltr'><strong>coronas</strong></span> <span class='ocrx_word' id='word_1_470' title='bbox 707 3345 759 3400; x_wconf 92' lang='lat' dir='ltr'><strong>in</strong></span> <span class='ocrx_word' id='word_1_471' title='bbox 802 3347 980 3400; x_wconf 88' lang='lat' dir='ltr'><strong>Africa</strong></span> <span class='ocrx_word' id='word_1_472' title='bbox 1013 3344 1217 3414; x_wconf 90' lang='lat' dir='ltr'><strong>primus</strong></span> <span class='ocrx_word' id='word_1_473' title='bbox 1247 3343 1436 3399; x_wconf 88' lang='lat' dir='ltr'><strong>imbuit</strong></span> <span class='ocrx_word' id='word_1_474' title='bbox 1483 3343 1673 3414; x_wconf 83' lang='lat' dir='ltr'><strong>(Pont.</strong></span> <span class='ocrx_word' id='word_1_475' title='bbox 1708 3345 1759 3398; x_wconf 86' lang='lat' dir='ltr'><strong>in</strong></span> <span class='ocrx_word' id='word_1_476' title='bbox 1800 3343 1902 3399; x_wconf 84' lang='lat' dir='ltr'><strong>Vit.</strong></span> 
     </span>
    </p>
   </div>
   <div class='ocr_carea' id='block_1_65' title="bbox 229 3437 1911 3510">
    <p class='ocr_par' dir='ltr' id='par_1_65' title="bbox 229 3437 1911 3510">
     <span class='ocr_line' id='line_1_65' title="bbox 229 3437 1911 3510; baseline -0.001 -17"><span class='ocrx_word' id='word_1_477' title='bbox 229 3463 238 3472; x_wconf 59' lang='grc' dir='ltr'><em>ί</em></span> <span class='ocrx_word' id='word_1_478' title='bbox 315 3439 380 3496; x_wconf 87' lang='lat' dir='ltr'><strong>S.</strong></span> <span class='ocrx_word' id='word_1_479' title='bbox 409 3438 568 3509; x_wconf 81' lang='lat' dir='ltr'><strong>Cypr.</strong></span> <span class='ocrx_word' id='word_1_480' title='bbox 602 3456 722 3509; x_wconf 82' lang='lat' dir='ltr'><strong>pag.</strong></span> <span class='ocrx_word' id='word_1_481' title='bbox 753 3438 910 3510; x_wconf 77' lang='grc'><strong>10).»</strong></span> <span class='ocrx_word' id='word_1_482' title='bbox 945 3437 1048 3494; x_wconf 89' lang='lat' dir='ltr'><strong>Sed</strong></span> <span class='ocrx_word' id='word_1_483' title='bbox 1099 3437 1222 3492; x_wconf 92' lang='lat' dir='ltr'><strong>huic</strong></span> <span class='ocrx_word' id='word_1_484' title='bbox 1260 3437 1500 3508; x_wconf 92' lang='lat' dir='ltr'><strong>opinioni</strong></span> <span class='ocrx_word' id='word_1_485' title='bbox 1533 3437 1804 3492; x_wconf 89' lang='lat' dir='ltr'><strong>adversari</strong></span> <span class='ocrx_word' id='word_1_486' title='bbox 1833 3438 1911 3492; x_wconf 90' lang='lat' dir='ltr'><strong>vi-</strong></span> 
     </span>
    </p>
   </div>
   <div class='ocr_carea' id='block_1_66' title="bbox 314 3529 1906 3601">
    <p class='ocr_par' dir='ltr' id='par_1_66' title="bbox 314 3529 1906 3601">
     <span class='ocr_line' id='line_1_66' title="bbox 314 3529 1906 3601; baseline 0 -17"><span class='ocrx_word' id='word_1_487' title='bbox 314 3529 474 3584; x_wconf 85' lang='lat' dir='ltr'><strong>detur</strong></span> <span class='ocrx_word' id='word_1_488' title='bbox 501 3530 728 3600; x_wconf 88' lang='lat' dir='ltr'><strong>ipsemet</strong></span> <span class='ocrx_word' id='word_1_489' title='bbox 765 3530 1096 3601; x_wconf 88' lang='lat' dir='ltr'><strong>Cyprianus,</strong></span> <span class='ocrx_word' id='word_1_490' title='bbox 1139 3529 1227 3600; x_wconf 86' lang='lat' dir='ltr'><strong>qui</strong></span> <span class='ocrx_word' id='word_1_491' title='bbox 1269 3529 1591 3600; x_wconf 79' lang='lat' dir='ltr'><strong>Papiniano,</strong></span> <span class='ocrx_word' id='word_1_492' title='bbox 1626 3544 1694 3586; x_wconf 92' lang='lat' dir='ltr'><strong>ne</strong></span> <span class='ocrx_word' id='word_1_493' title='bbox 1725 3544 1906 3585; x_wconf 89' lang='lat' dir='ltr'><strong>secum</strong></span> 
     </span>
    </p>
   </div>
   <div class='ocr_carea' id='block_1_67' title="bbox 313 3625 1907 3697">
    <p class='ocr_par' dir='ltr' id='par_1_67' title="bbox 313 3625 1907 3697">
     <span class='ocr_line' id='line_1_67' title="bbox 313 3625 1907 3697; baseline 0.001 -17"><span class='ocrx_word' id='word_1_494' title='bbox 313 3626 777 3690; x_wconf 89' lang='lat' dir='ltr'><strong>communicaret,</strong></span> <span class='ocrx_word' id='word_1_495' title='bbox 809 3625 1116 3695; x_wconf 87' lang='lat' dir='ltr'><strong>scrupulum</strong></span> <span class='ocrx_word' id='word_1_496' title='bbox 1155 3627 1484 3697; x_wconf 88' lang='lat' dir='ltr'><strong>quemdam,</strong></span> <span class='ocrx_word' id='word_1_497' title='bbox 1527 3627 1621 3681; x_wconf 90' lang='lat' dir='ltr'><strong>sed</strong></span> <span class='ocrx_word' id='word_1_498' title='bbox 1661 3625 1907 3681; x_wconf 90' lang='lat' dir='ltr'><strong>ridiculis</strong></span> 
     </span>
    </p>
   </div>
   <div class='ocr_carea' id='block_1_68' title="bbox 314 3716 1904 3788">
    <p class='ocr_par' dir='ltr' id='par_1_68' title="bbox 314 3716 1904 3788">
     <span class='ocr_line' id='line_1_68' title="bbox 314 3716 1904 3788; baseline 0 -16"><span class='ocrx_word' id='word_1_499' title='bbox 314 3716 594 3772; x_wconf 86' lang='lat' dir='ltr'><strong>dumtaxat</strong></span> <span class='ocrx_word' id='word_1_500' title='bbox 616 3717 901 3773; x_wconf 77' lang='lat' dir='ltr'><strong>calumniis</strong></span> <span class='ocrx_word' id='word_1_501' title='bbox 926 3718 1130 3783; x_wconf 75' lang='lat' dir='ltr'><strong>nixum,</strong></span> <span class='ocrx_word' id='word_1_502' title='bbox 1154 3718 1447 3788; x_wconf 85' lang='lat' dir='ltr'><strong>Opponenti</strong></span> <span class='ocrx_word' id='word_1_503' title='bbox 1470 3717 1548 3771; x_wconf 91' lang='lat' dir='ltr'><strong>sic</strong></span> <span class='ocrx_word' id='word_1_504' title='bbox 1575 3717 1868 3786; x_wconf 90' lang='lat' dir='ltr'><strong>respondet</strong></span> <span class='ocrx_word' id='word_1_505' title='bbox 1892 3735 1904 3772; x_wconf 92' lang='lat'><strong>:</strong></span> 
     </span>
    </p>
   </div>
   <div class='ocr_carea' id='block_1_69' title="bbox 322 3809 1910 3878">
    <p class='ocr_par' dir='ltr' id='par_1_69' title="bbox 322 3809 1910 3878">
     <span class='ocr_line' id='line_1_69' title="bbox 322 3809 1910 3878; baseline 0.001 -16"><span class='ocrx_word' id='word_1_506' title='bbox 322 3829 340 3862; x_wconf 74' lang='grc' dir='ltr'><strong><em>ι</em></strong></span> <span class='ocrx_word' id='word_1_507' title='bbox 375 3810 551 3876; x_wconf 85' lang='lat' dir='ltr'><strong>Quare</strong></span> <span class='ocrx_word' id='word_1_508' title='bbox 593 3811 644 3864; x_wconf 94' lang='lat' dir='ltr'><strong>in</strong></span> <span class='ocrx_word' id='word_1_509' title='bbox 687 3809 830 3864; x_wconf 87' lang='lat' dir='ltr'><strong>hunc</strong></span> <span class='ocrx_word' id='word_1_510' title='bbox 867 3809 1178 3878; x_wconf 88' lang='lat' dir='ltr'><strong>scrupulum</strong></span> <span class='ocrx_word' id='word_1_511' title='bbox 1221 3826 1324 3864; x_wconf 89' lang='lat' dir='ltr'><strong>non</strong></span> <span class='ocrx_word' id='word_1_512' title='bbox 1369 3809 1674 3865; x_wconf 91' lang='lat' dir='ltr'><strong>inciderunt</strong></span> <span class='ocrx_word' id='word_1_513' title='bbox 1711 3819 1788 3864; x_wconf 89' lang='lat' dir='ltr'><strong>tot</strong></span> <span class='ocrx_word' id='word_1_514' title='bbox 1819 3825 1910 3864; x_wconf 81' lang='lat' dir='ltr'><strong>co-</strong></span> 
     </span>
    </p>
   </div>
   <div class='ocr_carea' id='block_1_70' title="bbox 315 3902 1912 3975">
    <p class='ocr_par' dir='ltr' id='par_1_70' title="bbox 315 3902 1912 3975">
     <span class='ocr_line' id='line_1_70' title="bbox 315 3902 1912 3975; baseline 0 -17"><span class='ocrx_word' id='word_1_515' title='bbox 315 3903 553 3974; x_wconf 90' lang='lat' dir='ltr'><strong>episcopi</strong></span> <span class='ocrx_word' id='word_1_516' title='bbox 583 3903 805 3975; x_wconf 77' lang='lat' dir='ltr'><strong>collega:</strong></span> <span class='ocrx_word' id='word_1_517' title='bbox 835 3903 968 3966; x_wconf 90' lang='lat' dir='ltr'><strong>mei,</strong></span> <span class='ocrx_word' id='word_1_518' title='bbox 1000 3904 1089 3973; x_wconf 92' lang='lat' dir='ltr'><strong>qui</strong></span> <span class='ocrx_word' id='word_1_519' title='bbox 1124 3903 1201 3956; x_wconf 84' lang='lat' dir='ltr'><strong>vel</strong></span> <span class='ocrx_word' id='word_1_520' title='bbox 1233 3918 1352 3956; x_wconf 90' lang='lat' dir='ltr'><strong>cum</strong></span> <span class='ocrx_word' id='word_1_521' title='bbox 1392 3903 1460 3958; x_wconf 92' lang='lat' dir='ltr'><strong>de</strong></span> <span class='ocrx_word' id='word_1_522' title='bbox 1490 3902 1668 3958; x_wconf 90' lang='lat' dir='ltr'><strong>medio</strong></span> <span class='ocrx_word' id='word_1_523' title='bbox 1695 3902 1912 3958; x_wconf 85' lang='lat' dir='ltr'><strong>recede-</strong></span> 
     </span>
    </p>
   </div>
   <div class='ocr_carea' id='block_1_71' title="bbox 315 3993 1911 4066">
    <p class='ocr_par' dir='ltr' id='par_1_71' title="bbox 315 3993 1911 4066">
     <span class='ocr_line' id='line_1_71' title="bbox 315 3993 1911 4066; baseline -0.001 -16"><span class='ocrx_word' id='word_1_524' title='bbox 315 4004 436 4050; x_wconf 87' lang='lat' dir='ltr'><strong>rent</strong></span> <span class='ocrx_word' id='word_1_525' title='bbox 465 3995 748 4066; x_wconf 91' lang='lat' dir='ltr'><strong>proscripti</strong></span> <span class='ocrx_word' id='word_1_526' title='bbox 784 4004 926 4058; x_wconf 91' lang='lat' dir='ltr'><strong>sunt,</strong></span> <span class='ocrx_word' id='word_1_527' title='bbox 969 3995 1052 4049; x_wconf 86' lang='lat' dir='ltr'><strong>vel</strong></span> <span class='ocrx_word' id='word_1_528' title='bbox 1080 3993 1400 4064; x_wconf 86' lang='lat' dir='ltr'><strong>apprehensi</strong></span> <span class='ocrx_word' id='word_1_529' title='bbox 1439 3997 1490 4048; x_wconf 92' lang='lat' dir='ltr'><strong>in</strong></span> <span class='ocrx_word' id='word_1_530' title='bbox 1533 4010 1752 4050; x_wconf 88' lang='lat' dir='ltr'><strong>carcere</strong></span> <span class='ocrx_word' id='word_1_531' title='bbox 1778 4003 1830 4050; x_wconf 88' lang='lat' dir='ltr'><strong>et</strong></span> <span class='ocrx_word' id='word_1_532' title='bbox 1860 3995 1911 4049; x_wconf 93' lang='lat' dir='ltr'><strong>in</strong></span> 
     </span>
    </p>
   </div>
   <div class='ocr_carea' id='block_1_72' title="bbox 315 4087 1912 4158">
    <p class='ocr_par' dir='ltr' id='par_1_72' title="bbox 315 4087 1912 4158">
     <span class='ocr_line' id='line_1_72' title="bbox 315 4087 1912 4158; baseline -0.001 -14"><span class='ocrx_word' id='word_1_533' title='bbox 315 4089 523 4144; x_wconf 89' lang='lat' dir='ltr'><strong>catenis</strong></span> <span class='ocrx_word' id='word_1_534' title='bbox 553 4088 789 4154; x_wconf 88' lang='lat' dir='ltr'><strong>fuerunt,</strong></span> <span class='ocrx_word' id='word_1_535' title='bbox 821 4097 912 4143; x_wconf 91' lang='lat' dir='ltr'><strong>aut</strong></span> <span class='ocrx_word' id='word_1_536' title='bbox 940 4088 1027 4158; x_wconf 87' lang='lat' dir='ltr'><strong>qtti</strong></span> <span class='ocrx_word' id='word_1_537' title='bbox 1061 4087 1112 4141; x_wconf 94' lang='lat' dir='ltr'><strong>in</strong></span> <span class='ocrx_word' id='word_1_538' title='bbox 1144 4087 1392 4142; x_wconf 66' lang='lat' dir='ltr'><strong>exsilium</strong></span> <span class='ocrx_word' id='word_1_539' title='bbox 1425 4087 1683 4158; x_wconf 88' lang='lat' dir='ltr'><strong>relegati,</strong></span> <span class='ocrx_word' id='word_1_540' title='bbox 1716 4087 1912 4142; x_wconf 89' lang='lat' dir='ltr'><strong>illustri</strong></span> 
     </span>
    </p>
   </div>
   <div class='ocr_carea' id='block_1_73' title="bbox 321 4180 1913 4252">
    <p class='ocr_par' dir='ltr' id='par_1_73' title="bbox 321 4180 1913 4252">
     <span class='ocr_line' id='line_1_73' title="bbox 321 4180 1913 4252; baseline -0.001 -14"><span class='ocrx_word' id='word_1_541' title='bbox 321 4184 513 4239; x_wconf 84' lang='lat' dir='ltr'><strong>itinere</strong></span> <span class='ocrx_word' id='word_1_542' title='bbox 539 4182 604 4238; x_wconf 88' lang='lat' dir='ltr'><strong>ad</strong></span> <span class='ocrx_word' id='word_1_543' title='bbox 635 4183 916 4237; x_wconf 90' lang='lat' dir='ltr'><strong>Dominum</strong></span> <span class='ocrx_word' id='word_1_544' title='bbox 947 4181 1172 4252; x_wconf 86' lang='lat' dir='ltr'><strong>profecti</strong></span> <span class='ocrx_word' id='word_1_545' title='bbox 1200 4192 1346 4249; x_wconf 87' lang='lat' dir='ltr'><strong>sunt,</strong></span> <span class='ocrx_word' id='word_1_546' title='bbox 1376 4191 1464 4236; x_wconf 91' lang='lat' dir='ltr'><strong>aut</strong></span> <span class='ocrx_word' id='word_1_547' title='bbox 1490 4185 1576 4252; x_wconf 92' lang='lat' dir='ltr'><strong>qui</strong></span> <span class='ocrx_word' id='word_1_548' title='bbox 1612 4183 1663 4236; x_wconf 93' lang='lat' dir='ltr'><strong>in</strong></span> <span class='ocrx_word' id='word_1_549' title='bbox 1692 4180 1913 4252; x_wconf 81' lang='lat' dir='ltr'><strong>quibus-</strong></span> 
     </span>
    </p>
   </div>
   <div class='ocr_carea' id='block_1_74' title="bbox 321 4276 1916 4343">
    <p class='ocr_par' dir='ltr' id='par_1_74' title="bbox 321 4276 1916 4343">
     <span class='ocr_line' id='line_1_74' title="bbox 321 4276 1916 4343; baseline -0.001 -10"><span class='ocrx_word' id='word_1_550' title='bbox 321 4279 445 4333; x_wconf 92' lang='lat' dir='ltr'><strong>dam</strong></span> <span class='ocrx_word' id='word_1_551' title='bbox 475 4278 608 4332; x_wconf 91' lang='lat' dir='ltr'><strong>locis</strong></span> <span class='ocrx_word' id='word_1_552' title='bbox 637 4276 991 4333; x_wconf 89' lang='lat' dir='ltr'><strong>animadversi</strong></span> <span class='ocrx_word' id='word_1_553' title='bbox 1018 4319 1033 4343; x_wconf 93' lang='lat'><strong>,</strong></span> <span class='ocrx_word' id='word_1_554' title='bbox 1076 4277 1324 4333; x_wconf 65' lang='lat' dir='ltr'><strong>caelestes</strong></span> <span class='ocrx_word' id='word_1_555' title='bbox 1353 4291 1582 4333; x_wconf 88' lang='lat' dir='ltr'><strong>coronas</strong></span> <span class='ocrx_word' id='word_1_556' title='bbox 1609 4277 1676 4334; x_wconf 87' lang='lat' dir='ltr'><strong>de</strong></span> <span class='ocrx_word' id='word_1_557' title='bbox 1705 4277 1916 4332; x_wconf 90' lang='lat' dir='ltr'><strong>Domini</strong></span> 
     </span>
    </p>
   </div>
   <div class='ocr_carea' id='block_1_75' title="bbox 316 4369 1912 4440">
    <p class='ocr_par' dir='ltr' id='par_1_75' title="bbox 316 4369 1912 4440">
     <span class='ocr_line' id='line_1_75' title="bbox 316 4369 1912 4440; baseline -0.001 -14"><span class='ocrx_word' id='word_1_558' title='bbox 316 4369 704 4426; x_wconf 84' lang='lat' dir='ltr'><strong>clarificatione</strong></span> <span class='ocrx_word' id='word_1_559' title='bbox 745 4379 1092 4438; x_wconf 87' lang='lat' dir='ltr'><strong>sumpserunt</strong></span> <span class='ocrx_word' id='word_1_560' title='bbox 1163 4369 1458 4440; x_wconf 81' lang='lat' dir='ltr'><strong>(Cyprian.</strong></span> <span class='ocrx_word' id='word_1_561' title='bbox 1521 4369 1693 4440; x_wconf 78' lang='lat' dir='ltr'><strong>Epist.</strong></span> <span class='ocrx_word' id='word_1_562' title='bbox 1760 4385 1912 4437; x_wconf 78' lang='lat' dir='ltr'><strong>mm,</strong></span> 
     </span>
    </p>
   </div>
   <div class='ocr_carea' id='block_1_76' title="bbox 320 4460 1917 4533">
    <p class='ocr_par' dir='ltr' id='par_1_76' title="bbox 320 4460 1917 4533">
     <span class='ocr_line' id='line_1_76' title="bbox 320 4460 1917 4533; baseline -0.001 -15"><span class='ocrx_word' id='word_1_563' title='bbox 320 4466 390 4518; x_wconf 87' lang='lat' dir='ltr'><strong>ad</strong></span> <span class='ocrx_word' id='word_1_564' title='bbox 444 4462 636 4533; x_wconf 75' lang='lat' dir='ltr'><strong>l’apin.</strong></span> <span class='ocrx_word' id='word_1_565' title='bbox 689 4479 809 4533; x_wconf 89' lang='lat' dir='ltr'><strong>pag.</strong></span> <span class='ocrx_word' id='word_1_566' title='bbox 880 4462 980 4518; x_wconf 86' lang='grc'><strong>166</strong></span> <span class='ocrx_word' id='word_1_567' title='bbox 1042 4461 1267 4533; x_wconf 73' lang='lat' dir='ltr'><strong>seqq.)?</strong></span> <span class='ocrx_word' id='word_1_568' title='bbox 1304 4481 1322 4514; x_wconf 71' lang='grc' dir='ltr'><strong><em>ι</em></strong></span> <span class='ocrx_word' id='word_1_569' title='bbox 1387 4460 1575 4518; x_wconf 90' lang='lat' dir='ltr'><strong>Plures</strong></span> <span class='ocrx_word' id='word_1_570' title='bbox 1619 4470 1795 4517; x_wconf 86' lang='lat' dir='ltr'><strong>autem</strong></span> <span class='ocrx_word' id='word_1_571' title='bbox 1846 4461 1917 4516; x_wconf 90' lang='lat' dir='ltr'><strong>ibi</strong></span> 
     </span>
    </p>
   </div>
   <div class='ocr_carea' id='block_1_77' title="bbox 2011 3245 3614 3318">
    <p class='ocr_par' dir='ltr' id='par_1_77' title="bbox 2011 3245 3614 3318">
     <span class='ocr_line' id='line_1_77' title="bbox 2011 3245 3614 3318; baseline 0.006 -22"><span class='ocrx_word' id='word_1_572' title='bbox 2011 3247 2364 3309; x_wconf 84' lang='lat' dir='ltr'><strong>metriantnn,</strong></span> <span class='ocrx_word' id='word_1_573' title='bbox 2396 3245 2491 3315; x_wconf 90' lang='lat' dir='ltr'><strong>qui</strong></span> <span class='ocrx_word' id='word_1_574' title='bbox 2532 3246 2766 3302; x_wconf 88' lang='lat' dir='ltr'><strong>nefarios</strong></span> <span class='ocrx_word' id='word_1_575' title='bbox 2807 3250 3089 3318; x_wconf 77' lang='lat' dir='ltr'><strong>gentilium</strong></span> <span class='ocrx_word' id='word_1_576' title='bbox 3125 3265 3342 3308; x_wconf 83' lang='lat' dir='ltr'><strong>errores</strong></span> <span class='ocrx_word' id='word_1_577' title='bbox 3374 3251 3501 3306; x_wconf 88' lang='lat' dir='ltr'><strong>totis</strong></span> <span class='ocrx_word' id='word_1_578' title='bbox 3534 3252 3614 3306; x_wconf 91' lang='lat' dir='ltr'><strong>in-</strong></span> 
     </span>
    </p>
   </div>
   <div class='ocr_carea' id='block_1_78' title="bbox 2009 3337 2904 3406">
    <p class='ocr_par' dir='ltr' id='par_1_78' title="bbox 2009 3337 2904 3406">
     <span class='ocr_line' id='line_1_78' title="bbox 2009 3337 2904 3406; baseline 0.009 -15"><span class='ocrx_word' id='word_1_579' title='bbox 2009 3337 2154 3406; x_wconf 83' lang='lat' dir='ltr'><strong>genii</strong></span> <span class='ocrx_word' id='word_1_580' title='bbox 2181 3337 2387 3393; x_wconf 89' lang='lat' dir='ltr'><strong>viribus</strong></span> <span class='ocrx_word' id='word_1_581' title='bbox 2419 3343 2556 3396; x_wconf 90' lang='lat' dir='ltr'><strong>tueri</strong></span> <span class='ocrx_word' id='word_1_582' title='bbox 2587 3345 2904 3402; x_wconf 89' lang='lat' dir='ltr'><strong>conabatur.</strong></span> 
     </span>
    </p>
   </div>
   <div class='ocr_carea' id='block_1_79' title="bbox 2082 3429 3614 3510">
    <p class='ocr_par' dir='ltr' id='par_1_79' title="bbox 2082 3429 3614 3510">
     <span class='ocr_line' id='line_1_79' title="bbox 2082 3429 3614 3510; baseline 0.007 -27"><span class='ocrx_word' id='word_1_583' title='bbox 2082 3429 2338 3498; x_wconf 86' lang='lat' dir='ltr'><strong>Quamvis</strong></span> <span class='ocrx_word' id='word_1_584' title='bbox 2379 3443 2562 3490; x_wconf 89' lang='lat' dir='ltr'><strong>autem</strong></span> <span class='ocrx_word' id='word_1_585' title='bbox 2608 3436 2766 3506; x_wconf 92' lang='lat' dir='ltr'><strong>hujus</strong></span> <span class='ocrx_word' id='word_1_586' title='bbox 2809 3438 2929 3493; x_wconf 92' lang='lat' dir='ltr'><strong>libri</strong></span> <span class='ocrx_word' id='word_1_587' title='bbox 2971 3438 3249 3510; x_wconf 88' lang='lat' dir='ltr'><strong>inscriptio</strong></span> <span class='ocrx_word' id='word_1_588' title='bbox 3293 3439 3466 3495; x_wconf 88' lang='lat' dir='ltr'><strong>solum</strong></span> <span class='ocrx_word' id='word_1_589' title='bbox 3510 3439 3614 3493; x_wconf 80' lang='lat' dir='ltr'><strong>De-</strong></span> 
     </span>
    </p>
   </div>
   <div class='ocr_carea' id='block_1_80' title="bbox 2011 3528 3614 3598">
    <p class='ocr_par' dir='ltr' id='par_1_80' title="bbox 2011 3528 3614 3598">
     <span class='ocr_line' id='line_1_80' title="bbox 2011 3528 3614 3598; baseline 0.004 -20"><span class='ocrx_word' id='word_1_590' title='bbox 2011 3528 2260 3581; x_wconf 88' lang='lat' dir='ltr'><strong>metriani</strong></span> <span class='ocrx_word' id='word_1_591' title='bbox 2301 3544 2497 3583; x_wconf 89' lang='lat' dir='ltr'><strong>nomen</strong></span> <span class='ocrx_word' id='word_1_592' title='bbox 2540 3531 2827 3598; x_wconf 49' lang='lat' dir='ltr'><strong>praeferat:</strong></span> <span class='ocrx_word' id='word_1_593' title='bbox 2870 3542 3082 3588; x_wconf 88' lang='lat' dir='ltr'><strong>constat</strong></span> <span class='ocrx_word' id='word_1_594' title='bbox 3109 3542 3285 3588; x_wconf 89' lang='lat' dir='ltr'><strong>tamen</strong></span> <span class='ocrx_word' id='word_1_595' title='bbox 3317 3549 3425 3588; x_wconf 89' lang='lat' dir='ltr'><strong>non</strong></span> <span class='ocrx_word' id='word_1_596' title='bbox 3464 3532 3614 3587; x_wconf 89' lang='lat' dir='ltr'><strong>illum</strong></span> 
     </span>
    </p>
   </div>
   <div class='ocr_carea' id='block_1_81' title="bbox 2014 3617 3618 3684">
    <p class='ocr_par' dir='ltr' id='par_1_81' title="bbox 2014 3617 3618 3684">
     <span class='ocr_line' id='line_1_81' title="bbox 2014 3617 3618 3684; baseline 0.005 -14"><span class='ocrx_word' id='word_1_597' title='bbox 2014 3617 2385 3674; x_wconf 85' lang='lat' dir='ltr'><strong>tantummodo</strong></span> <span class='ocrx_word' id='word_1_598' title='bbox 2409 3661 2424 3684; x_wconf 91' lang='lat'><strong>,</strong></span> <span class='ocrx_word' id='word_1_599' title='bbox 2465 3621 2561 3676; x_wconf 92' lang='lat' dir='ltr'><strong>sed</strong></span> <span class='ocrx_word' id='word_1_600' title='bbox 2603 3637 2793 3678; x_wconf 86' lang='lat' dir='ltr'><strong>omnes</strong></span> <span class='ocrx_word' id='word_1_601' title='bbox 2829 3624 2989 3678; x_wconf 90' lang='lat' dir='ltr'><strong>etiam</strong></span> <span class='ocrx_word' id='word_1_602' title='bbox 3027 3625 3273 3678; x_wconf 92' lang='lat' dir='ltr'><strong>ethnicos</strong></span> <span class='ocrx_word' id='word_1_603' title='bbox 3315 3626 3368 3680; x_wconf 93' lang='lat' dir='ltr'><strong>in</strong></span> <span class='ocrx_word' id='word_1_604' title='bbox 3397 3639 3463 3679; x_wconf 92' lang='lat' dir='ltr'><strong>eo</strong></span> <span class='ocrx_word' id='word_1_605' title='bbox 3488 3638 3618 3678; x_wconf 91' lang='lat' dir='ltr'><strong>con-</strong></span> 
     </span>
    </p>
   </div>
   <div class='ocr_carea' id='block_1_82' title="bbox 2013 3708 3615 3782">
    <p class='ocr_par' dir='ltr' id='par_1_82' title="bbox 2013 3708 3615 3782">
     <span class='ocr_line' id='line_1_82' title="bbox 2013 3708 3615 3782; baseline 0.003 -19"><span class='ocrx_word' id='word_1_606' title='bbox 2013 3708 2194 3763; x_wconf 85' lang='lat' dir='ltr'><strong>futari.</strong></span> <span class='ocrx_word' id='word_1_607' title='bbox 2243 3710 2706 3778; x_wconf 89' lang='lat' dir='ltr'><strong>Quemadmodum</strong></span> <span class='ocrx_word' id='word_1_608' title='bbox 2755 3714 2898 3768; x_wconf 90' lang='lat' dir='ltr'><strong>enim</strong></span> <span class='ocrx_word' id='word_1_609' title='bbox 2954 3715 3104 3769; x_wconf 90' lang='lat' dir='ltr'><strong>illttnt</strong></span> <span class='ocrx_word' id='word_1_610' title='bbox 3149 3715 3496 3782; x_wconf 87' lang='lat' dir='ltr'><strong>nominatim,</strong></span> <span class='ocrx_word' id='word_1_611' title='bbox 3546 3716 3615 3768; x_wconf 89' lang='lat' dir='ltr'><strong>ita</strong></span> 
     </span>
    </p>
   </div>
   <div class='ocr_carea' id='block_1_83' title="bbox 2012 3808 3606 3881">
    <p class='ocr_par' dir='ltr' id='par_1_83' title="bbox 2012 3808 3606 3881">
     <span class='ocr_line' id='line_1_83' title="bbox 2012 3808 3606 3881; baseline 0.003 -20"><span class='ocrx_word' id='word_1_612' title='bbox 2012 3822 2144 3862; x_wconf 89' lang='lat' dir='ltr'><strong>sane</strong></span> <span class='ocrx_word' id='word_1_613' title='bbox 2173 3809 2269 3862; x_wconf 90' lang='lat' dir='ltr'><strong>bos</strong></span> <span class='ocrx_word' id='word_1_614' title='bbox 2293 3808 2600 3876; x_wconf 88' lang='lat' dir='ltr'><strong>compellat.</strong></span> <span class='ocrx_word' id='word_1_615' title='bbox 2627 3808 2682 3863; x_wconf 93' lang='lat' dir='ltr'><strong>In</strong></span> <span class='ocrx_word' id='word_1_616' title='bbox 2711 3819 2819 3864; x_wconf 90' lang='lat' dir='ltr'><strong>tota</strong></span> <span class='ocrx_word' id='word_1_617' title='bbox 2845 3811 3107 3878; x_wconf 88' lang='lat' dir='ltr'><strong>siquidem</strong></span> <span class='ocrx_word' id='word_1_618' title='bbox 3138 3811 3301 3881; x_wconf 90' lang='lat' dir='ltr'><strong>hujus</strong></span> <span class='ocrx_word' id='word_1_619' title='bbox 3327 3811 3448 3867; x_wconf 87' lang='lat' dir='ltr'><strong>libri</strong></span> <span class='ocrx_word' id='word_1_620' title='bbox 3479 3826 3606 3866; x_wconf 79' lang='lat' dir='ltr'><strong>con—</strong></span> 
     </span>
    </p>
   </div>
   <div class='ocr_carea' id='block_1_84' title="bbox 2015 3904 3614 3977">
    <p class='ocr_par' dir='ltr' id='par_1_84' title="bbox 2015 3904 3614 3977">
     <span class='ocr_line' id='line_1_84' title="bbox 2015 3904 3614 3977; baseline 0.001 -19"><span class='ocrx_word' id='word_1_621' title='bbox 2015 3904 2292 3966; x_wconf 90' lang='lat' dir='ltr'><strong>clusione,</strong></span> <span class='ocrx_word' id='word_1_622' title='bbox 2323 3918 2443 3972; x_wconf 67' lang='lat' dir='ltr'><strong>quae</strong></span> <span class='ocrx_word' id='word_1_623' title='bbox 2474 3914 2620 3959; x_wconf 90' lang='lat' dir='ltr'><strong>certe</strong></span> <span class='ocrx_word' id='word_1_624' title='bbox 2651 3919 2757 3958; x_wconf 90' lang='lat' dir='ltr'><strong>non</strong></span> <span class='ocrx_word' id='word_1_625' title='bbox 2794 3904 3013 3960; x_wconf 90' lang='lat' dir='ltr'><strong>minima</strong></span> <span class='ocrx_word' id='word_1_626' title='bbox 3046 3914 3147 3970; x_wconf 91' lang='lat' dir='ltr'><strong>est,</strong></span> <span class='ocrx_word' id='word_1_627' title='bbox 3188 3905 3456 3977; x_wconf 87' lang='lat' dir='ltr'><strong>quoslibet</strong></span> <span class='ocrx_word' id='word_1_628' title='bbox 3483 3921 3614 3976; x_wconf 88' lang='lat' dir='ltr'><strong>gen-</strong></span> 
     </span>
    </p>
   </div>
   <div class='ocr_carea' id='block_1_85' title="bbox 2016 3981 3679 4067">
    <p class='ocr_par' dir='ltr' id='par_1_85' title="bbox 2016 3981 3679 4067">
     <span class='ocr_line' id='line_1_85' title="bbox 2016 3981 3679 4067; baseline 0.003 -20"><span class='ocrx_word' id='word_1_629' title='bbox 2016 3993 2138 4048; x_wconf 87' lang='lat' dir='ltr'><strong>tiles</strong></span> <span class='ocrx_word' id='word_1_630' title='bbox 2180 3993 2470 4063; x_wconf 89' lang='lat' dir='ltr'><strong>alloquitur</strong></span> <span class='ocrx_word' id='word_1_631' title='bbox 2492 4035 2506 4057; x_wconf 95' lang='lat'><strong>,</strong></span> <span class='ocrx_word' id='word_1_632' title='bbox 2559 3993 2911 4066; x_wconf 91' lang='lat' dir='ltr'><strong>hortaturque</strong></span> <span class='ocrx_word' id='word_1_633' title='bbox 2957 4007 3013 4050; x_wconf 91' lang='lat' dir='ltr'><strong>ut</strong></span> <span class='ocrx_word' id='word_1_634' title='bbox 3045 3981 3362 4067; x_wconf 82' lang='lat' dir='ltr'><strong>resipiscam</strong></span> <span class='ocrx_word' id='word_1_635' title='bbox 3388 4037 3403 4062; x_wconf 90' lang='lat'><strong>,</strong></span> <span class='ocrx_word' id='word_1_636' title='bbox 3435 4011 3498 4052; x_wconf 89' lang='lat' dir='ltr'><strong>ac</strong></span> <span class='ocrx_word' id='word_1_637' title='bbox 3527 4012 3616 4052; x_wconf 84' lang='lat' dir='ltr'><strong>re-</strong></span> <span class='ocrx_word' id='word_1_638' title='bbox 3669 3989 3679 3999; x_wconf 74' lang='grc'><strong>’</strong></span> 
     </span>
    </p>
   </div>
   <div class='ocr_carea' id='block_1_86' title="bbox 2012 4085 3666 4166">
    <p class='ocr_par' dir='ltr' id='par_1_86' title="bbox 2012 4085 3666 4166">
     <span class='ocr_line' id='line_1_86' title="bbox 2012 4085 3666 4166; baseline 0.003 -25"><span class='ocrx_word' id='word_1_639' title='bbox 2012 4085 2158 4155; x_wconf 92' lang='lat' dir='ltr'><strong>jecto</strong></span> <span class='ocrx_word' id='word_1_640' title='bbox 2204 4086 2412 4141; x_wconf 88' lang='lat' dir='ltr'><strong>nefario</strong></span> <span class='ocrx_word' id='word_1_641' title='bbox 2441 4086 2666 4142; x_wconf 89' lang='lat' dir='ltr'><strong>deorum</strong></span> <span class='ocrx_word' id='word_1_642' title='bbox 2707 4087 2880 4154; x_wconf 89' lang='lat' dir='ltr'><strong>cultu,</strong></span> <span class='ocrx_word' id='word_1_643' title='bbox 2924 4087 3352 4146; x_wconf 87' lang='lat' dir='ltr'><strong>Christianorum</strong></span> <span class='ocrx_word' id='word_1_644' title='bbox 3383 4089 3620 4159; x_wconf 87' lang='lat' dir='ltr'><strong>amplcc-</strong></span> <span class='ocrx_word' id='word_1_645' title='bbox 3661 4163 3666 4166; x_wconf 93' lang='lat'><em>_</em></span> 
     </span>
    </p>
   </div>
   <div class='ocr_carea' id='block_1_87' title="bbox 2019 4180 3616 4254">
    <p class='ocr_par' dir='ltr' id='par_1_87' title="bbox 2019 4180 3616 4254">
     <span class='ocr_line' id='line_1_87' title="bbox 2019 4180 3616 4254; baseline 0.001 -20"><span class='ocrx_word' id='word_1_646' title='bbox 2019 4188 2199 4234; x_wconf 89' lang='lat' dir='ltr'><strong>tantur</strong></span> <span class='ocrx_word' id='word_1_647' title='bbox 2222 4180 2561 4250; x_wconf 79' lang='lat' dir='ltr'><strong>religionem.</strong></span> <span class='ocrx_word' id='word_1_648' title='bbox 2589 4181 2727 4250; x_wconf 90' lang='lat' dir='ltr'><strong>Quid</strong></span> <span class='ocrx_word' id='word_1_649' title='bbox 2759 4199 2908 4243; x_wconf 87' lang='lat' dir='ltr'><strong>vero.</strong></span> <span class='ocrx_word' id='word_1_650' title='bbox 2934 4183 3074 4253; x_wconf 89' lang='lat' dir='ltr'><strong>quod</strong></span> <span class='ocrx_word' id='word_1_651' title='bbox 3098 4184 3267 4254; x_wconf 88' lang='lat' dir='ltr'><strong>ipsius</strong></span> <span class='ocrx_word' id='word_1_652' title='bbox 3293 4184 3616 4238; x_wconf 90' lang='lat' dir='ltr'><strong>Demetriani</strong></span> 
     </span>
    </p>
   </div>
   <div class='ocr_carea' id='block_1_88' title="bbox 2019 4271 3620 4346">
    <p class='ocr_par' dir='ltr' id='par_1_88' title="bbox 2019 4271 3620 4346">
     <span class='ocr_line' id='line_1_88' title="bbox 2019 4271 3620 4346; baseline 0.002 -21"><span class='ocrx_word' id='word_1_653' title='bbox 2019 4271 2236 4326; x_wconf 89' lang='lat' dir='ltr'><strong>nomine</strong></span> <span class='ocrx_word' id='word_1_654' title='bbox 2267 4286 2372 4326; x_wconf 89' lang='lat' dir='ltr'><strong>non</strong></span> <span class='ocrx_word' id='word_1_655' title='bbox 2405 4273 2582 4328; x_wconf 91' lang='lat' dir='ltr'><strong>minus</strong></span> <span class='ocrx_word' id='word_1_656' title='bbox 2617 4289 2806 4330; x_wconf 90' lang='lat' dir='ltr'><strong>omnes</strong></span> <span class='ocrx_word' id='word_1_657' title='bbox 2840 4276 3118 4342; x_wconf 90' lang='lat' dir='ltr'><strong>ethnicos,</strong></span> <span class='ocrx_word' id='word_1_658' title='bbox 3156 4291 3316 4346; x_wconf 90' lang='lat' dir='ltr'><strong>quam</strong></span> <span class='ocrx_word' id='word_1_659' title='bbox 3357 4275 3506 4329; x_wconf 91' lang='lat' dir='ltr'><strong>illum</strong></span> <span class='ocrx_word' id='word_1_660' title='bbox 3540 4277 3620 4328; x_wconf 88' lang='lat' dir='ltr'><strong>in-</strong></span> 
     </span>
    </p>
   </div>
   <div class='ocr_carea' id='block_1_89' title="bbox 2019 4365 3618 4438">
    <p class='ocr_par' dir='ltr' id='par_1_89' title="bbox 2019 4365 3618 4438">
     <span class='ocr_line' id='line_1_89' title="bbox 2019 4365 3618 4438; baseline 0 -18"><span class='ocrx_word' id='word_1_661' title='bbox 2019 4379 2243 4437; x_wconf 86' lang='lat' dir='ltr'><strong>crepare</strong></span> <span class='ocrx_word' id='word_1_662' title='bbox 2275 4365 2420 4421; x_wconf 86' lang='lat' dir='ltr'><strong>hisce</strong></span> <span class='ocrx_word' id='word_1_663' title='bbox 2449 4366 2630 4422; x_wconf 89' lang='lat' dir='ltr'><strong>verbis</strong></span> <span class='ocrx_word' id='word_1_664' title='bbox 2655 4367 2870 4423; x_wconf 81' lang='lat' dir='ltr'><strong>videtur</strong></span> <span class='ocrx_word' id='word_1_665' title='bbox 2897 4385 2909 4421; x_wconf 93' lang='lat'>:</span> <span class='ocrx_word' id='word_1_666' title='bbox 2942 4387 2960 4419; x_wconf 84' lang='grc'><strong>‹</strong></span> <span class='ocrx_word' id='word_1_667' title='bbox 2995 4369 3104 4422; x_wconf 86' lang='lat' dir='ltr'><strong>Aut</strong></span> <span class='ocrx_word' id='word_1_668' title='bbox 3123 4368 3373 4438; x_wconf 88' lang='lat' dir='ltr'><strong>superbia</strong></span> <span class='ocrx_word' id='word_1_669' title='bbox 3401 4367 3618 4422; x_wconf 82' lang='lat' dir='ltr'><strong>inflatus</strong></span> 
     </span>
    </p>
   </div>
   <div class='ocr_carea' id='block_1_90' title="bbox 2022 4459 3617 4526">
    <p class='ocr_par' dir='ltr' id='par_1_90' title="bbox 2022 4459 3617 4526">
     <span class='ocr_line' id='line_1_90' title="bbox 2022 4459 3617 4526; baseline 0.001 -12"><span class='ocrx_word' id='word_1_670' title='bbox 2022 4475 2102 4525; x_wconf 89' lang='lat' dir='ltr'><strong>cs,</strong></span> <span class='ocrx_word' id='word_1_671' title='bbox 2133 4469 2226 4514; x_wconf 90' lang='lat' dir='ltr'><strong>aut</strong></span> <span class='ocrx_word' id='word_1_672' title='bbox 2252 4459 2542 4516; x_wconf 89' lang='lat' dir='ltr'><strong>vinolentia</strong></span> <span class='ocrx_word' id='word_1_673' title='bbox 2575 4462 2922 4526; x_wconf 88' lang='lat' dir='ltr'><strong>temulentus,</strong></span> <span class='ocrx_word' id='word_1_674' title='bbox 2951 4471 3044 4516; x_wconf 91' lang='lat' dir='ltr'><strong>aut</strong></span> <span class='ocrx_word' id='word_1_675' title='bbox 3071 4462 3239 4517; x_wconf 89' lang='lat' dir='ltr'><strong>livore</strong></span> <span class='ocrx_word' id='word_1_676' title='bbox 3265 4460 3494 4526; x_wconf 84' lang='lat' dir='ltr'><strong>invidus,</strong></span> <span class='ocrx_word' id='word_1_677' title='bbox 3525 4471 3617 4515; x_wconf 90' lang='lat' dir='ltr'><strong>aut</strong></span> 
     </span>
    </p>
   </div>
   <div class='ocr_carea' id='block_1_91' title="bbox 321 4553 3616 4629">
    <p class='ocr_par' dir='ltr' id='par_1_91' title="bbox 321 4553 3616 4629">
     <span class='ocr_line' id='line_1_91' title="bbox 321 4553 3616 4629; baseline -0 -18"><span class='ocrx_word' id='word_1_678' title='bbox 321 4562 710 4611; x_wconf 88' lang='lat' dir='ltr'><strong>commemorat</strong></span> <span class='ocrx_word' id='word_1_679' title='bbox 748 4553 1050 4626; x_wconf 88' lang='lat' dir='ltr'><strong>episcopos,</strong></span> <span class='ocrx_word' id='word_1_680' title='bbox 1094 4554 1330 4624; x_wconf 81' lang='lat' dir='ltr'><strong>collegas</strong></span> <span class='ocrx_word' id='word_1_681' title='bbox 1359 4569 1506 4620; x_wconf 90' lang='lat' dir='ltr'><strong>suos,</strong></span> <span class='ocrx_word' id='word_1_682' title='bbox 1535 4556 1624 4626; x_wconf 92' lang='lat' dir='ltr'><strong>qui</strong></span> <span class='ocrx_word' id='word_1_683' title='bbox 1654 4557 1709 4611; x_wconf 91' lang='lat' dir='ltr'><strong>in</strong></span> <span class='ocrx_word' id='word_1_684' title='bbox 1739 4555 1916 4612; x_wconf 84' lang='lat' dir='ltr'><strong>Africa</strong></span> <span class='ocrx_word' id='word_1_685' title='bbox 1940 4557 1994 4619; x_wconf 82' lang='lat'><strong>1)</strong></span> <span class='ocrx_word' id='word_1_686' title='bbox 2022 4554 2239 4609; x_wconf 86' lang='lat' dir='ltr'><strong>libidine</strong></span> <span class='ocrx_word' id='word_1_687' title='bbox 2281 4555 2535 4619; x_wconf 89' lang='lat' dir='ltr'><strong>incestus,</strong></span> <span class='ocrx_word' id='word_1_688' title='bbox 2579 4564 2670 4608; x_wconf 93' lang='lat' dir='ltr'><strong>ant</strong></span> <span class='ocrx_word' id='word_1_689' title='bbox 2710 4554 3029 4610; x_wconf 88' lang='lat' dir='ltr'><strong>crudelitate</strong></span> <span class='ocrx_word' id='word_1_690' title='bbox 3065 4555 3373 4611; x_wconf 89' lang='lat' dir='ltr'><strong>violentus?</strong></span> <span class='ocrx_word' id='word_1_691' title='bbox 3411 4576 3430 4609; x_wconf 72' lang='grc' dir='ltr'><strong>ι</strong></span> <span class='ocrx_word' id='word_1_692' title='bbox 3467 4555 3616 4629; x_wconf 83' lang='lat' dir='ltr'><strong>(Cy-</strong></span> 
     </span>
    </p>
   </div>
   <div class='ocr_carea' id='block_1_92' title="bbox 323 4647 1917 4722">
    <p class='ocr_par' dir='ltr' id='par_1_92' title="bbox 323 4647 1917 4722">
     <span class='ocr_line' id='line_1_92' title="bbox 323 4647 1917 4722; baseline 0.001 -18"><span class='ocrx_word' id='word_1_693' title='bbox 323 4651 508 4720; x_wconf 91' lang='lat' dir='ltr'><strong>procul</strong></span> <span class='ocrx_word' id='word_1_694' title='bbox 535 4649 700 4704; x_wconf 91' lang='lat' dir='ltr'><strong>dnbio</strong></span> <span class='ocrx_word' id='word_1_695' title='bbox 728 4651 988 4722; x_wconf 87' lang='lat' dir='ltr'><strong>martyrio</strong></span> <span class='ocrx_word' id='word_1_696' title='bbox 1014 4651 1178 4705; x_wconf 87' lang='lat' dir='ltr'><strong>vitam</strong></span> <span class='ocrx_word' id='word_1_697' title='bbox 1208 4649 1474 4704; x_wconf 81' lang='lat' dir='ltr'><strong>finierant.</strong></span> <span class='ocrx_word' id='word_1_698' title='bbox 1505 4647 1612 4706; x_wconf 91' lang='lat' dir='ltr'><strong>Cnr</strong></span> <span class='ocrx_word' id='word_1_699' title='bbox 1640 4665 1734 4705; x_wconf 89' lang='lat' dir='ltr'><strong>eos</strong></span> <span class='ocrx_word' id='word_1_700' title='bbox 1766 4666 1917 4706; x_wconf 90' lang='lat' dir='ltr'><strong>nam-</strong></span> 
     </span>
    </p>
   </div>
   <div class='ocr_carea' id='block_1_93' title="bbox 324 4743 1916 4815">
    <p class='ocr_par' dir='ltr' id='par_1_93' title="bbox 324 4743 1916 4815">
     <span class='ocr_line' id='line_1_93' title="bbox 324 4743 1916 4815; baseline 0.002 -18"><span class='ocrx_word' id='word_1_701' title='bbox 324 4759 432 4814; x_wconf 90' lang='lat' dir='ltr'><strong>que</strong></span> <span class='ocrx_word' id='word_1_702' title='bbox 475 4743 709 4811; x_wconf 82' lang='lat' dir='ltr'><strong>collegas</strong></span> <span class='ocrx_word' id='word_1_703' title='bbox 753 4757 882 4798; x_wconf 90' lang='lat' dir='ltr'><strong>suos</strong></span> <span class='ocrx_word' id='word_1_704' title='bbox 918 4753 1112 4809; x_wconf 90' lang='lat' dir='ltr'><strong>vocat,</strong></span> <span class='ocrx_word' id='word_1_705' title='bbox 1161 4743 1263 4798; x_wconf 89' lang='lat' dir='ltr'><strong>nisi</strong></span> <span class='ocrx_word' id='word_1_706' title='bbox 1293 4745 1417 4814; x_wconf 88' lang='lat' dir='ltr'><strong>quia</strong></span> <span class='ocrx_word' id='word_1_707' title='bbox 1455 4744 1815 4815; x_wconf 86' lang='lat' dir='ltr'><strong>episcopalem</strong></span> <span class='ocrx_word' id='word_1_708' title='bbox 1862 4745 1916 4800; x_wconf 91' lang='lat' dir='ltr'><strong>in</strong></span> 
     </span>
    </p>
   </div>
   <div class='ocr_carea' id='block_1_94' title="bbox 323 4835 1917 4907">
    <p class='ocr_par' dir='ltr' id='par_1_94' title="bbox 323 4835 1917 4907">
     <span class='ocr_line' id='line_1_94' title="bbox 323 4835 1917 4907; baseline -0.001 -15"><span class='ocrx_word' id='word_1_709' title='bbox 323 4851 420 4892; x_wconf 89' lang='lat' dir='ltr'><strong>sua</strong></span> <span class='ocrx_word' id='word_1_710' title='bbox 453 4837 723 4907; x_wconf 91' lang='lat' dir='ltr'><strong>provincia</strong></span> <span class='ocrx_word' id='word_1_711' title='bbox 765 4851 951 4891; x_wconf 83' lang='lat' dir='ltr'><strong>revera</strong></span> <span class='ocrx_word' id='word_1_712' title='bbox 996 4835 1339 4890; x_wconf 85' lang='lat' dir='ltr'><strong>obtinuerant</strong></span> <span class='ocrx_word' id='word_1_713' title='bbox 1383 4836 1732 4906; x_wconf 86' lang='lat' dir='ltr'><strong>dignitatem?</strong></span> <span class='ocrx_word' id='word_1_714' title='bbox 1770 4835 1917 4904; x_wconf 91' lang='lat' dir='ltr'><strong>Quo-</strong></span> 
     </span>
    </p>
   </div>
   <div class='ocr_carea' id='block_1_95' title="bbox 325 4929 1920 5001">
    <p class='ocr_par' dir='ltr' id='par_1_95' title="bbox 325 4929 1920 5001">
     <span class='ocr_line' id='line_1_95' title="bbox 325 4929 1920 5001; baseline -0.001 -13"><span class='ocrx_word' id='word_1_715' title='bbox 325 4934 465 4988; x_wconf 87' lang='lat' dir='ltr'><strong>circa</strong></span> <span class='ocrx_word' id='word_1_716' title='bbox 516 4931 798 5000; x_wconf 89' lang='lat' dir='ltr'><strong>perttiorcs</strong></span> <span class='ocrx_word' id='word_1_717' title='bbox 835 4931 1050 5001; x_wconf 90' lang='lat' dir='ltr'><strong>quidam</strong></span> <span class='ocrx_word' id='word_1_718' title='bbox 1091 4931 1261 4986; x_wconf 82' lang='lat' dir='ltr'><strong>critici</strong></span> <span class='ocrx_word' id='word_1_719' title='bbox 1304 4938 1360 4984; x_wconf 90' lang='lat' dir='ltr'><strong>ut</strong></span> <span class='ocrx_word' id='word_1_720' title='bbox 1398 4929 1545 4984; x_wconf 90' lang='lat' dir='ltr'><strong>illum</strong></span> <span class='ocrx_word' id='word_1_721' title='bbox 1586 4930 1815 4994; x_wconf 87' lang='lat' dir='ltr'><strong>Pontio,</strong></span> <span class='ocrx_word' id='word_1_722' title='bbox 1857 4946 1920 4986; x_wconf 86' lang='lat' dir='ltr'><strong>ac</strong></span> 
     </span>
    </p>
   </div>
   <div class='ocr_carea' id='block_1_96' title="bbox 325 5024 1918 5096">
    <p class='ocr_par' dir='ltr' id='par_1_96' title="bbox 325 5024 1918 5096">
     <span class='ocr_line' id='line_1_96' title="bbox 325 5024 1918 5096; baseline -0.001 -14"><span class='ocrx_word' id='word_1_723' title='bbox 325 5027 591 5096; x_wconf 75' lang='lat' dir='ltr'><strong>discipulo</strong></span> <span class='ocrx_word' id='word_1_724' title='bbox 631 5025 944 5096; x_wconf 89' lang='lat' dir='ltr'><strong>magistrum</strong></span> <span class='ocrx_word' id='word_1_725' title='bbox 983 5024 1356 5089; x_wconf 89' lang='lat' dir='ltr'><strong>reconcilient,</strong></span> <span class='ocrx_word' id='word_1_726' title='bbox 1394 5026 1553 5078; x_wconf 87' lang='lat' dir='ltr'><strong>citata</strong></span> <span class='ocrx_word' id='word_1_727' title='bbox 1587 5025 1744 5094; x_wconf 92' lang='lat' dir='ltr'><strong>hujus</strong></span> <span class='ocrx_word' id='word_1_728' title='bbox 1775 5025 1918 5080; x_wconf 89' lang='lat' dir='ltr'><strong>Pon-</strong></span> 
     </span>
    </p>
   </div>
   <div class='ocr_carea' id='block_1_97' title="bbox 326 5119 1926 5189">
    <p class='ocr_par' dir='ltr' id='par_1_97' title="bbox 326 5119 1926 5189">
     <span class='ocr_line' id='line_1_97' title="bbox 326 5119 1926 5189; baseline -0.001 -14"><span class='ocrx_word' id='word_1_729' title='bbox 326 5122 386 5176; x_wconf 93' lang='lat' dir='ltr'><strong>tii</strong></span> <span class='ocrx_word' id='word_1_730' title='bbox 421 5137 526 5175; x_wconf 90' lang='lat' dir='ltr'><strong>non</strong></span> <span class='ocrx_word' id='word_1_731' title='bbox 554 5121 622 5175; x_wconf 91' lang='lat' dir='ltr'><strong>de</strong></span> <span class='ocrx_word' id='word_1_732' title='bbox 653 5131 762 5175; x_wconf 87' lang='lat' dir='ltr'><strong>tota</strong></span> <span class='ocrx_word' id='word_1_733' title='bbox 794 5161 809 5185; x_wconf 93' lang='lat'><strong>,</strong></span> <span class='ocrx_word' id='word_1_734' title='bbox 857 5119 950 5174; x_wconf 92' lang='lat' dir='ltr'><strong>sed</strong></span> <span class='ocrx_word' id='word_1_735' title='bbox 988 5119 1180 5174; x_wconf 91' lang='lat' dir='ltr'><strong>minori</strong></span> <span class='ocrx_word' id='word_1_736' title='bbox 1211 5119 1390 5174; x_wconf 85' lang='lat' dir='ltr'><strong>Africa</strong></span> <span class='ocrx_word' id='word_1_737' title='bbox 1429 5119 1769 5189; x_wconf 89' lang='lat' dir='ltr'><strong>intelligenda</strong></span> <span class='ocrx_word' id='word_1_738' title='bbox 1802 5133 1926 5174; x_wconf 90' lang='lat' dir='ltr'><strong>esse</strong></span> 
     </span>
    </p>
   </div>
   <div class='ocr_carea' id='block_1_98' title="bbox 328 5211 1927 5280">
    <p class='ocr_par' dir='ltr' id='par_1_98' title="bbox 328 5211 1927 5280">
     <span class='ocr_line' id='line_1_98' title="bbox 328 5211 1927 5280; baseline -0.003 -12"><span class='ocrx_word' id='word_1_739' title='bbox 328 5214 675 5268; x_wconf 87' lang='lat' dir='ltr'><strong>arbitrantur.</strong></span> <span class='ocrx_word' id='word_1_740' title='bbox 706 5212 844 5280; x_wconf 91' lang='lat' dir='ltr'><strong>Quid</strong></span> <span class='ocrx_word' id='word_1_741' title='bbox 873 5227 1022 5275; x_wconf 91' lang='lat' dir='ltr'><strong>vero,</strong></span> <span class='ocrx_word' id='word_1_742' title='bbox 1054 5214 1096 5267; x_wconf 89' lang='lat' dir='ltr'><strong>si</strong></span> <span class='ocrx_word' id='word_1_743' title='bbox 1125 5213 1366 5266; x_wconf 86' lang='lat' dir='ltr'><strong>dicamus</strong></span> <span class='ocrx_word' id='word_1_744' title='bbox 1393 5211 1541 5265; x_wconf 91' lang='lat' dir='ltr'><strong>illum</strong></span> <span class='ocrx_word' id='word_1_745' title='bbox 1573 5227 1676 5264; x_wconf 91' lang='lat' dir='ltr'><strong>non</strong></span> <span class='ocrx_word' id='word_1_746' title='bbox 1705 5211 1927 5264; x_wconf 90' lang='lat' dir='ltr'><strong>omnino</strong></span> 
     </span>
    </p>
   </div>
   <div class='ocr_carea' id='block_1_99' title="bbox 328 5303 1926 5377">
    <p class='ocr_par' dir='ltr' id='par_1_99' title="bbox 328 5303 1926 5377">
     <span class='ocr_line' id='line_1_99' title="bbox 328 5303 1926 5377; baseline -0.004 -13"><span class='ocrx_word' id='word_1_747' title='bbox 328 5318 578 5364; x_wconf 84' lang='lat' dir='ltr'><strong>accurate</strong></span> <span class='ocrx_word' id='word_1_748' title='bbox 605 5308 774 5377; x_wconf 74' lang='lat' dir='ltr'><strong>loqui,</strong></span> <span class='ocrx_word' id='word_1_749' title='bbox 801 5322 863 5362; x_wconf 90' lang='lat' dir='ltr'><strong>ac</strong></span> <span class='ocrx_word' id='word_1_750' title='bbox 891 5307 1127 5377; x_wconf 84' lang='lat' dir='ltr'><strong>generali</strong></span> <span class='ocrx_word' id='word_1_751' title='bbox 1160 5306 1358 5361; x_wconf 65' lang='lat' dir='ltr'><strong>Africa:</strong></span> <span class='ocrx_word' id='word_1_752' title='bbox 1381 5305 1600 5360; x_wconf 90' lang='lat' dir='ltr'><strong>nomine</strong></span> <span class='ocrx_word' id='word_1_753' title='bbox 1628 5303 1758 5358; x_wconf 91' lang='lat' dir='ltr'><strong>nihil</strong></span> <span class='ocrx_word' id='word_1_754' title='bbox 1783 5303 1926 5358; x_wconf 90' lang='lat' dir='ltr'><strong>aliud</strong></span> 
     </span>
    </p>
   </div>
   <div class='ocr_carea' id='block_1_100' title="bbox 329 5397 1928 5472">
    <p class='ocr_par' dir='ltr' id='par_1_100' title="bbox 329 5397 1928 5472">
     <span class='ocr_line' id='line_1_100' title="bbox 329 5397 1928 5472; baseline -0.005 -15"><span class='ocrx_word' id='word_1_755' title='bbox 329 5402 616 5472; x_wconf 85' lang='lat' dir='ltr'><strong>designare</strong></span> <span class='ocrx_word' id='word_1_756' title='bbox 638 5444 652 5466; x_wconf 89' lang='lat'><strong>,</strong></span> <span class='ocrx_word' id='word_1_757' title='bbox 693 5417 852 5471; x_wconf 90' lang='lat' dir='ltr'><strong>quam</strong></span> <span class='ocrx_word' id='word_1_758' title='bbox 895 5401 1058 5455; x_wconf 91' lang='lat' dir='ltr'><strong>t0tius</strong></span> <span class='ocrx_word' id='word_1_759' title='bbox 1099 5400 1288 5454; x_wconf 71' lang='lat' dir='ltr'><strong>Africa:</strong></span> <span class='ocrx_word' id='word_1_760' title='bbox 1317 5407 1478 5467; x_wconf 91' lang='lat' dir='ltr'><strong>caput</strong></span> <span class='ocrx_word' id='word_1_761' title='bbox 1502 5397 1880 5467; x_wconf 88' lang='lat' dir='ltr'><strong>Carthaginem</strong></span> <span class='ocrx_word' id='word_1_762' title='bbox 1903 5398 1928 5449; x_wconf 70' lang='lat'><strong>‘1</strong></span> 
     </span>
    </p>
   </div>
   <div class='ocr_carea' id='block_1_101' title="bbox 329 5487 1927 5563">
    <p class='ocr_par' dir='ltr' id='par_1_101' title="bbox 329 5487 1927 5563">
     <span class='ocr_line' id='line_1_101' title="bbox 329 5487 1927 5563; baseline -0.004 -14"><span class='ocrx_word' id='word_1_763' title='bbox 329 5494 461 5549; x_wconf 86' lang='lat' dir='ltr'><strong>Nam</strong></span> <span class='ocrx_word' id='word_1_764' title='bbox 506 5493 824 5562; x_wconf 87' lang='lat' dir='ltr'><strong>paucissima</strong></span> <span class='ocrx_word' id='word_1_765' title='bbox 868 5503 989 5563; x_wconf 79' lang='lat' dir='ltr'><strong>post</strong></span> <span class='ocrx_word' id='word_1_766' title='bbox 1027 5492 1187 5546; x_wconf 90' lang='lat' dir='ltr'><strong>verba</strong></span> <span class='ocrx_word' id='word_1_767' title='bbox 1219 5491 1296 5544; x_wconf 81' lang='lat' dir='ltr'><strong>sic</strong></span> <span class='ocrx_word' id='word_1_768' title='bbox 1334 5491 1677 5559; x_wconf 82' lang='lat' dir='ltr'><strong>prosequitur</strong></span> <span class='ocrx_word' id='word_1_769' title='bbox 1719 5507 1732 5544; x_wconf 92' lang='lat'><strong>:</strong></span> <span class='ocrx_word' id='word_1_770' title='bbox 1779 5508 1797 5540; x_wconf 73' lang='grc' dir='ltr'>ι</span> <span class='ocrx_word' id='word_1_771' title='bbox 1847 5487 1927 5542; x_wconf 86' lang='lat' dir='ltr'><strong>Ex</strong></span> 
     </span>
    </p>
   </div>
   <div class='ocr_carea' id='block_1_102' title="bbox 330 5585 1926 5660">
    <p class='ocr_par' dir='ltr' id='par_1_102' title="bbox 330 5585 1926 5660">
     <span class='ocr_line' id='line_1_102' title="bbox 330 5585 1926 5660; baseline -0.005 -16"><span class='ocrx_word' id='word_1_772' title='bbox 330 5605 437 5660; x_wconf 93' lang='lat' dir='ltr'><strong>quo</strong></span> <span class='ocrx_word' id='word_1_773' title='bbox 481 5589 624 5643; x_wconf 90' lang='lat' dir='ltr'><strong>enim</strong></span> <span class='ocrx_word' id='word_1_774' title='bbox 674 5587 980 5658; x_wconf 88' lang='lat' dir='ltr'><strong>Carthagini</strong></span> <span class='ocrx_word' id='word_1_775' title='bbox 1027 5587 1370 5655; x_wconf 84' lang='lat' dir='ltr'><strong>episcopatus</strong></span> <span class='ocrx_word' id='word_1_776' title='bbox 1413 5585 1546 5638; x_wconf 90' lang='lat' dir='ltr'><strong>ordo</strong></span> <span class='ocrx_word' id='word_1_777' title='bbox 1594 5595 1926 5649; x_wconf 87' lang='lat' dir='ltr'><strong>muneratur,</strong></span> 
     </span>
    </p>
   </div>
   <div class='ocr_carea' id='block_1_103' title="bbox 333 5675 1929 5752">
    <p class='ocr_par' dir='ltr' id='par_1_103' title="bbox 333 5675 1929 5752">
     <span class='ocr_line' id='line_1_103' title="bbox 333 5675 1929 5752; baseline -0.003 -17"><span class='ocrx_word' id='word_1_778' title='bbox 333 5696 624 5752; x_wconf 90' lang='lat' dir='ltr'><strong>numquam</strong></span> <span class='ocrx_word' id='word_1_779' title='bbox 654 5681 848 5750; x_wconf 91' lang='lat' dir='ltr'><strong>aliquis</strong></span> <span class='ocrx_word' id='word_1_780' title='bbox 875 5695 940 5736; x_wconf 77' lang='lat' dir='ltr'><strong>ex</strong></span> <span class='ocrx_word' id='word_1_781' title='bbox 974 5678 1128 5735; x_wconf 90' lang='lat' dir='ltr'><strong>bonis</strong></span> <span class='ocrx_word' id='word_1_782' title='bbox 1156 5686 1212 5732; x_wconf 91' lang='lat' dir='ltr'><strong>et</strong></span> <span class='ocrx_word' id='word_1_783' title='bbox 1241 5676 1609 5731; x_wconf 85' lang='lat' dir='ltr'><strong>sacerdotibus</strong></span> <span class='ocrx_word' id='word_1_784' title='bbox 1630 5675 1693 5730; x_wconf 87' lang='lat' dir='ltr'><strong>ad</strong></span> <span class='ocrx_word' id='word_1_785' title='bbox 1726 5675 1929 5746; x_wconf 84' lang='lat' dir='ltr'><strong>passio-</strong></span> 
     </span>
    </p>
   </div>
   <div class='ocr_carea' id='block_1_104' title="bbox 336 5764 1930 5834">
    <p class='ocr_par' dir='ltr' id='par_1_104' title="bbox 336 5764 1930 5834">
     <span class='ocr_line' id='line_1_104' title="bbox 336 5764 1930 5834; baseline -0.004 -8"><span class='ocrx_word' id='word_1_786' title='bbox 336 5787 458 5826; x_wconf 82' lang='lat' dir='ltr'><strong>nem</strong></span> <span class='ocrx_word' id='word_1_787' title='bbox 497 5773 711 5826; x_wconf 81' lang='lat' dir='ltr'><strong>venisse</strong></span> <span class='ocrx_word' id='word_1_788' title='bbox 740 5782 1188 5826; x_wconf 57' lang='lat' dir='ltr'><strong>memoratur”...</strong></span> <span class='ocrx_word' id='word_1_789' title='bbox 1236 5775 1293 5820; x_wconf 87' lang='lat' dir='ltr'><strong>ttt</strong></span> <span class='ocrx_word' id='word_1_790' title='bbox 1333 5765 1385 5818; x_wconf 88' lang='lat' dir='ltr'><strong>in</strong></span> <span class='ocrx_word' id='word_1_791' title='bbox 1430 5767 1646 5820; x_wconf 78' lang='lat' dir='ltr'><strong>civitate</strong></span> <span class='ocrx_word' id='word_1_792' title='bbox 1689 5768 1834 5834; x_wconf 81' lang='lat' dir='ltr'><strong>ipsa,</strong></span> <span class='ocrx_word' id='word_1_793' title='bbox 1873 5764 1930 5821; x_wconf 82' lang='lat' dir='ltr'><strong>in</strong></span> 
     </span>
    </p>
   </div>
   <div class='ocr_carea' id='block_1_105' title="bbox 2017 4646 3610 4718">
    <p class='ocr_par' dir='ltr' id='par_1_105' title="bbox 2017 4646 3610 4718">
     <span class='ocr_line' id='line_1_105' title="bbox 2017 4646 3610 4718; baseline 0.003 -18"><span class='ocrx_word' id='word_1_794' title='bbox 2017 4647 2188 4718; x_wconf 75' lang='lat' dir='ltr'><strong>primi.</strong></span> <span class='ocrx_word' id='word_1_795' title='bbox 2234 4665 2354 4718; x_wconf 87' lang='lat' dir='ltr'><strong>pag.</strong></span> <span class='ocrx_word' id='word_1_796' title='bbox 2402 4647 2575 4717; x_wconf 87' lang='grc'>189.)</span> <span class='ocrx_word' id='word_1_797' title='bbox 2614 4646 2884 4718; x_wconf 89' lang='lat' dir='ltr'><strong>Numquid</strong></span> <span class='ocrx_word' id='word_1_798' title='bbox 2921 4651 3064 4704; x_wconf 92' lang='lat' dir='ltr'><strong>cnim</strong></span> <span class='ocrx_word' id='word_1_799' title='bbox 3107 4650 3481 4705; x_wconf 90' lang='lat' dir='ltr'><strong>Demetriamts</strong></span> <span class='ocrx_word' id='word_1_800' title='bbox 3509 4651 3610 4704; x_wconf 90' lang='lat' dir='ltr'><strong>bo-</strong></span> 
     </span>
    </p>
   </div>
   <div class='ocr_carea' id='block_1_106' title="bbox 2021 4741 3623 4814">
    <p class='ocr_par' dir='ltr' id='par_1_106' title="bbox 2021 4741 3623 4814">
     <span class='ocr_line' id='line_1_106' title="bbox 2021 4741 3623 4814; baseline -0.002 -18"><span class='ocrx_word' id='word_1_801' title='bbox 2021 4757 2139 4796; x_wconf 93' lang='lat' dir='ltr'><strong>rum</strong></span> <span class='ocrx_word' id='word_1_802' title='bbox 2168 4742 2406 4796; x_wconf 91' lang='lat' dir='ltr'><strong>omnium</strong></span> <span class='ocrx_word' id='word_1_803' title='bbox 2435 4741 2718 4796; x_wconf 90' lang='lat' dir='ltr'><strong>criminum</strong></span> <span class='ocrx_word' id='word_1_804' title='bbox 2751 4756 2878 4796; x_wconf 90' lang='lat' dir='ltr'><strong>reus</strong></span> <span class='ocrx_word' id='word_1_805' title='bbox 2907 4743 3066 4797; x_wconf 86' lang='lat' dir='ltr'><strong>erat?</strong></span> <span class='ocrx_word' id='word_1_806' title='bbox 3096 4744 3163 4797; x_wconf 80' lang='lat' dir='ltr'><strong>At</strong></span> <span class='ocrx_word' id='word_1_807' title='bbox 3187 4751 3336 4799; x_wconf 88' lang='lat' dir='ltr'><strong>certe</strong></span> <span class='ocrx_word' id='word_1_808' title='bbox 3365 4758 3485 4797; x_wconf 90' lang='lat' dir='ltr'><strong>cum</strong></span> <span class='ocrx_word' id='word_1_809' title='bbox 3515 4743 3623 4814; x_wconf 71' lang='lat' dir='ltr'><strong>Cy-</strong></span> 
     </span>
    </p>
   </div>
   <div class='ocr_carea' id='block_1_107' title="bbox 2022 4834 3623 4906">
    <p class='ocr_par' dir='ltr' id='par_1_107' title="bbox 2022 4834 3623 4906">
     <span class='ocr_line' id='line_1_107' title="bbox 2022 4834 3623 4906; baseline 0.003 -20"><span class='ocrx_word' id='word_1_810' title='bbox 2022 4837 2242 4904; x_wconf 86' lang='lat' dir='ltr'><strong>prianus</strong></span> <span class='ocrx_word' id='word_1_811' title='bbox 2265 4835 2603 4889; x_wconf 90' lang='lat' dir='ltr'><strong>continenter</strong></span> <span class='ocrx_word' id='word_1_812' title='bbox 2627 4834 2884 4905; x_wconf 85' lang='lat' dir='ltr'><strong>adjecerit</strong></span> <span class='ocrx_word' id='word_1_813' title='bbox 2917 4854 2928 4889; x_wconf 87' lang='lat'>:</span> <span class='ocrx_word' id='word_1_814' title='bbox 2966 4855 2984 4888; x_wconf 81' lang='grc'><strong>‹</strong></span> <span class='ocrx_word' id='word_1_815' title='bbox 3018 4836 3086 4890; x_wconf 85' lang='grc' dir='ltr'><strong>Ει</strong></span> <span class='ocrx_word' id='word_1_816' title='bbox 3109 4836 3320 4890; x_wconf 89' lang='lat' dir='ltr'><strong>miraris</strong></span> <span class='ocrx_word' id='word_1_817' title='bbox 3347 4837 3398 4891; x_wconf 91' lang='lat' dir='ltr'><strong>in</strong></span> <span class='ocrx_word' id='word_1_818' title='bbox 3431 4851 3623 4906; x_wconf 64' lang='lat' dir='ltr'><strong>poenas</strong></span> 
     </span>
    </p>
   </div>
   <div class='ocr_carea' id='block_1_108' title="bbox 2022 4925 3623 4997">
    <p class='ocr_par' dir='ltr' id='par_1_108' title="bbox 2022 4925 3623 4997">
     <span class='ocr_line' id='line_1_108' title="bbox 2022 4925 3623 4997; baseline -0.001 -16"><span class='ocrx_word' id='word_1_819' title='bbox 2022 4925 2236 4996; x_wconf 84' lang='lat' dir='ltr'><strong>generis</strong></span> <span class='ocrx_word' id='word_1_820' title='bbox 2265 4925 2483 4980; x_wconf 90' lang='lat' dir='ltr'><strong>humani</strong></span> <span class='ocrx_word' id='word_1_821' title='bbox 2516 4926 2649 4981; x_wconf 90' lang='lat' dir='ltr'><strong>iram</strong></span> <span class='ocrx_word' id='word_1_822' title='bbox 2681 4926 2773 4983; x_wconf 90' lang='lat' dir='ltr'><strong>Dei</strong></span> <span class='ocrx_word' id='word_1_823' title='bbox 2807 4941 3070 4994; x_wconf 88' lang='lat' dir='ltr'><strong>crescere,</strong></span> <span class='ocrx_word' id='word_1_824' title='bbox 3097 4943 3218 4982; x_wconf 93' lang='lat' dir='ltr'><strong>cum</strong></span> <span class='ocrx_word' id='word_1_825' title='bbox 3250 4939 3457 4984; x_wconf 88' lang='lat' dir='ltr'><strong>crescat</strong></span> <span class='ocrx_word' id='word_1_826' title='bbox 3484 4943 3623 4997; x_wconf 82' lang='lat' dir='ltr'><strong>quo-</strong></span> 
     </span>
    </p>
   </div>
   <div class='ocr_carea' id='block_1_109' title="bbox 2023 5018 3627 5094">
    <p class='ocr_par' dir='ltr' id='par_1_109' title="bbox 2023 5018 3627 5094">
     <span class='ocr_line' id='line_1_109' title="bbox 2023 5018 3627 5094; baseline -0.001 -20"><span class='ocrx_word' id='word_1_827' title='bbox 2023 5018 2174 5078; x_wconf 91' lang='lat' dir='ltr'><strong>tidie.</strong></span> <span class='ocrx_word' id='word_1_828' title='bbox 2205 5020 2344 5089; x_wconf 92' lang='lat' dir='ltr'><strong>quod</strong></span> <span class='ocrx_word' id='word_1_829' title='bbox 2383 5021 2629 5089; x_wconf 90' lang='lat' dir='ltr'><strong>puniatur</strong></span> <span class='ocrx_word' id='word_1_830' title='bbox 2653 5020 2877 5094; x_wconf 85' lang='lat' dir='ltr'><strong>(Ibid.),</strong></span> <span class='ocrx_word' id='word_1_831' title='bbox 2908 5040 2927 5074; x_wconf 73' lang='grc' dir='ltr'><strong><em>ι</em></strong></span> <span class='ocrx_word' id='word_1_832' title='bbox 2963 5037 3066 5076; x_wconf 92' lang='lat' dir='ltr'><strong>non</strong></span> <span class='ocrx_word' id='word_1_833' title='bbox 3095 5021 3325 5077; x_wconf 90' lang='lat' dir='ltr'><strong>obscure</strong></span> <span class='ocrx_word' id='word_1_834' title='bbox 3356 5021 3627 5092; x_wconf 82' lang='lat' dir='ltr'><strong>significat</strong></span> 
     </span>
    </p>
   </div>
   <div class='ocr_carea' id='block_1_110' title="bbox 2028 5113 3626 5186">
    <p class='ocr_par' dir='ltr' id='par_1_110' title="bbox 2028 5113 3626 5186">
     <span class='ocr_line' id='line_1_110' title="bbox 2028 5113 3626 5186; baseline 0.001 -18"><span class='ocrx_word' id='word_1_835' title='bbox 2028 5129 2134 5168; x_wconf 89' lang='lat' dir='ltr'><strong>non</strong></span> <span class='ocrx_word' id='word_1_836' title='bbox 2163 5113 2233 5168; x_wconf 88' lang='lat' dir='ltr'><strong>ob</strong></span> <span class='ocrx_word' id='word_1_837' title='bbox 2261 5113 2372 5168; x_wconf 87' lang='lat' dir='ltr'><strong>sola</strong></span> <span class='ocrx_word' id='word_1_838' title='bbox 2403 5114 2730 5170; x_wconf 89' lang='lat' dir='ltr'><strong>Demetriani</strong></span> <span class='ocrx_word' id='word_1_839' title='bbox 2751 5157 2766 5182; x_wconf 90' lang='lat'><strong>,</strong></span> <span class='ocrx_word' id='word_1_840' title='bbox 2800 5115 2894 5170; x_wconf 91' lang='lat' dir='ltr'><strong>sed</strong></span> <span class='ocrx_word' id='word_1_841' title='bbox 2926 5115 3167 5170; x_wconf 90' lang='lat' dir='ltr'><strong>omnium</strong></span> <span class='ocrx_word' id='word_1_842' title='bbox 3201 5115 3478 5186; x_wconf 87' lang='lat' dir='ltr'><strong>getttiiium</strong></span> <span class='ocrx_word' id='word_1_843' title='bbox 3506 5131 3626 5170; x_wconf 80' lang='lat' dir='ltr'><strong>sce—</strong></span> 
     </span>
    </p>
   </div>
   <div class='ocr_carea' id='block_1_111' title="bbox 2029 5205 3628 5278">
    <p class='ocr_par' dir='ltr' id='par_1_111' title="bbox 2029 5205 3628 5278">
     <span class='ocr_line' id='line_1_111' title="bbox 2029 5205 3628 5278; baseline 0.001 -18"><span class='ocrx_word' id='word_1_844' title='bbox 2029 5207 2138 5261; x_wconf 87' lang='lat' dir='ltr'><strong>lera</strong></span> <span class='ocrx_word' id='word_1_845' title='bbox 2168 5207 2300 5260; x_wconf 90' lang='lat' dir='ltr'><strong>iram</strong></span> <span class='ocrx_word' id='word_1_846' title='bbox 2329 5205 2420 5261; x_wconf 85' lang='lat' dir='ltr'><strong>Dei</strong></span> <span class='ocrx_word' id='word_1_847' title='bbox 2447 5208 2768 5262; x_wconf 89' lang='lat' dir='ltr'><strong>concitatam</strong></span> <span class='ocrx_word' id='word_1_848' title='bbox 2803 5205 2985 5271; x_wconf 89' lang='lat' dir='ltr'><strong>fuisse,</strong></span> <span class='ocrx_word' id='word_1_849' title='bbox 3017 5223 3080 5264; x_wconf 92' lang='lat' dir='ltr'><strong>ac</strong></span> <span class='ocrx_word' id='word_1_850' title='bbox 3109 5207 3371 5264; x_wconf 88' lang='lat' dir='ltr'><strong>mttndum</strong></span> <span class='ocrx_word' id='word_1_851' title='bbox 3400 5210 3628 5278; x_wconf 87' lang='lat' dir='ltr'><strong>publicis</strong></span> 
     </span>
    </p>
   </div>
   <div class='ocr_carea' id='block_1_112' title="bbox 2027 5299 3625 5370">
    <p class='ocr_par' dir='ltr' id='par_1_112' title="bbox 2027 5299 3625 5370">
     <span class='ocr_line' id='line_1_112' title="bbox 2027 5299 3625 5370; baseline 0.001 -16"><span class='ocrx_word' id='word_1_852' title='bbox 2027 5315 2354 5355; x_wconf 86' lang='lat' dir='ltr'><strong>concussum</strong></span> <span class='ocrx_word' id='word_1_853' title='bbox 2384 5299 2800 5356; x_wconf 90' lang='lat' dir='ltr'><strong>calamitatibus.</strong></span> <span class='ocrx_word' id='word_1_854' title='bbox 2827 5300 2939 5355; x_wconf 90' lang='lat' dir='ltr'><strong>lluc</strong></span> <span class='ocrx_word' id='word_1_855' title='bbox 2968 5301 3201 5367; x_wconf 90' lang='lat' dir='ltr'><strong>accedit,</strong></span> <span class='ocrx_word' id='word_1_856' title='bbox 3235 5308 3378 5370; x_wconf 84' lang='lat' dir='ltr'><strong>quod</strong></span> <span class='ocrx_word' id='word_1_857' title='bbox 3407 5302 3625 5356; x_wconf 61' lang='lat' dir='ltr'><strong>unixcro</strong></span> 
     </span>
    </p>
   </div>
   <div class='ocr_carea' id='block_1_113' title="bbox 2031 5377 3627 5464">
    <p class='ocr_par' dir='ltr' id='par_1_113' title="bbox 2031 5377 3627 5464">
     <span class='ocr_line' id='line_1_113' title="bbox 2031 5377 3627 5464; baseline -0.001 -16"><span class='ocrx_word' id='word_1_858' title='bbox 2031 5409 2121 5448; x_wconf 86' lang='lat' dir='ltr'><strong>sos</strong></span> <span class='ocrx_word' id='word_1_859' title='bbox 2147 5393 2380 5464; x_wconf 87' lang='lat' dir='ltr'><strong>gentiles</strong></span> <span class='ocrx_word' id='word_1_860' title='bbox 2420 5399 2499 5448; x_wconf 90' lang='lat' dir='ltr'><strong>sic</strong></span> <span class='ocrx_word' id='word_1_861' title='bbox 2539 5394 2698 5463; x_wconf 88' lang='lat' dir='ltr'><strong>paulo</strong></span> <span class='ocrx_word' id='word_1_862' title='bbox 2745 5403 2868 5462; x_wconf 86' lang='lat' dir='ltr'><strong>post</strong></span> <span class='ocrx_word' id='word_1_863' title='bbox 2894 5393 3141 5447; x_wconf 85' lang='lat' dir='ltr'><strong>adfatur:</strong></span> <span class='ocrx_word' id='word_1_864' title='bbox 3178 5413 3196 5446; x_wconf 70' lang='grc' dir='ltr'><strong>ε</strong></span> <span class='ocrx_word' id='word_1_865' title='bbox 3234 5394 3371 5450; x_wconf 85' lang='lat' dir='ltr'><strong>Ecce</strong></span> <span class='ocrx_word' id='word_1_866' title='bbox 3397 5377 3627 5464; x_wconf 86' lang='lat' dir='ltr'><strong>idipsum</strong></span> 
     </span>
    </p>
   </div>
   <div class='ocr_carea' id='block_1_114' title="bbox 2032 5485 3632 5556">
    <p class='ocr_par' dir='ltr' id='par_1_114' title="bbox 2032 5485 3632 5556">
     <span class='ocr_line' id='line_1_114' title="bbox 2032 5485 3632 5556; baseline 0.003 -20"><span class='ocrx_word' id='word_1_867' title='bbox 2032 5487 2190 5556; x_wconf 89' lang='lat' dir='ltr'><strong>quale</strong></span> <span class='ocrx_word' id='word_1_868' title='bbox 2231 5493 2343 5552; x_wconf 90' lang='lat' dir='ltr'><strong>est,</strong></span> <span class='ocrx_word' id='word_1_869' title='bbox 2376 5486 2514 5540; x_wconf 87' lang='lat' dir='ltr'><strong>unde</strong></span> <span class='ocrx_word' id='word_1_870' title='bbox 2554 5485 2833 5541; x_wconf 91' lang='lat' dir='ltr'><strong>nobiscum</strong></span> <span class='ocrx_word' id='word_1_871' title='bbox 2877 5487 3110 5542; x_wconf 83' lang='lat' dir='ltr'><strong>maxime</strong></span> <span class='ocrx_word' id='word_1_872' title='bbox 3138 5502 3320 5541; x_wconf 89' lang='lat' dir='ltr'><strong>sermo</strong></span> <span class='ocrx_word' id='word_1_873' title='bbox 3341 5503 3418 5542; x_wconf 72' lang='lat' dir='ltr'><strong>eet</strong></span> <span class='ocrx_word' id='word_1_874' title='bbox 3443 5530 3457 5551; x_wconf 87' lang='lat'><strong>,</strong></span> <span class='ocrx_word' id='word_1_875' title='bbox 3485 5487 3632 5555; x_wconf 81' lang='lat' dir='ltr'><strong>quod</strong></span> 
     </span>
    </p>
   </div>
   <div class='ocr_carea' id='block_1_115' title="bbox 2031 5577 3629 5648">
    <p class='ocr_par' dir='ltr' id='par_1_115' title="bbox 2031 5577 3629 5648">
     <span class='ocr_line' id='line_1_115' title="bbox 2031 5577 3629 5648; baseline 0 -16"><span class='ocrx_word' id='word_1_876' title='bbox 2031 5594 2130 5633; x_wconf 91' lang='lat' dir='ltr'><strong>nos</strong></span> <span class='ocrx_word' id='word_1_877' title='bbox 2152 5578 2443 5633; x_wconf 84' lang='lat' dir='ltr'><strong>infestastis</strong></span> <span class='ocrx_word' id='word_1_878' title='bbox 2472 5577 2736 5642; x_wconf 81' lang='lat' dir='ltr'><strong>innoxios,</strong></span> <span class='ocrx_word' id='word_1_879' title='bbox 2761 5579 2903 5648; x_wconf 89' lang='lat' dir='ltr'><strong>quod</strong></span> <span class='ocrx_word' id='word_1_880' title='bbox 2925 5578 2975 5632; x_wconf 92' lang='lat' dir='ltr'><strong>in</strong></span> <span class='ocrx_word' id='word_1_881' title='bbox 2997 5578 3376 5632; x_wconf 89' lang='lat' dir='ltr'><strong>contumeliam</strong></span> <span class='ocrx_word' id='word_1_882' title='bbox 3407 5578 3498 5632; x_wconf 88' lang='lat' dir='ltr'><strong>Dei</strong></span> <span class='ocrx_word' id='word_1_883' title='bbox 3530 5580 3629 5632; x_wconf 84' lang='lat' dir='ltr'><strong>im-</strong></span> 
     </span>
    </p>
   </div>
   <div class='ocr_carea' id='block_1_116' title="bbox 2032 5669 3638 5744">
    <p class='ocr_par' dir='ltr' id='par_1_116' title="bbox 2032 5669 3638 5744">
     <span class='ocr_line' id='line_1_116' title="bbox 2032 5669 3638 5744; baseline -0.002 -17"><span class='ocrx_word' id='word_1_884' title='bbox 2032 5670 2312 5744; x_wconf 85' lang='lat' dir='ltr'><strong>pugnatis,</strong></span> <span class='ocrx_word' id='word_1_885' title='bbox 2345 5681 2507 5741; x_wconf 87' lang='lat' dir='ltr'><strong>atque</strong></span> <span class='ocrx_word' id='word_1_886' title='bbox 2560 5670 2867 5741; x_wconf 83' lang='lat' dir='ltr'><strong>Opprimitis</strong></span> <span class='ocrx_word' id='word_1_887' title='bbox 2914 5669 3008 5726; x_wconf 87' lang='lat' dir='ltr'><strong>Dei</strong></span> <span class='ocrx_word' id='word_1_888' title='bbox 3051 5684 3261 5726; x_wconf 84' lang='lat' dir='ltr'><strong>servos.</strong></span> <span class='ocrx_word' id='word_1_889' title='bbox 3308 5669 3508 5726; x_wconf 79' lang='lat' dir='ltr'><strong>Parum</strong></span> <span class='ocrx_word' id='word_1_890' title='bbox 3550 5679 3638 5725; x_wconf 81' lang='lat' dir='ltr'><strong>cst</strong></span> 
     </span>
    </p>
   </div>
   <div class='ocr_carea' id='block_1_117' title="bbox 2031 5761 3657 5833">
    <p class='ocr_par' dir='ltr' id='par_1_117' title="bbox 2031 5761 3657 5833">
     <span class='ocr_line' id='line_1_117' title="bbox 2031 5761 3657 5833; baseline -0.001 -15"><span class='ocrx_word' id='word_1_891' title='bbox 2031 5765 2171 5830; x_wconf 86' lang='lat' dir='ltr'><strong>quod</strong></span> <span class='ocrx_word' id='word_1_892' title='bbox 2210 5765 2495 5821; x_wconf 82' lang='lat' dir='ltr'><strong>furentium</strong></span> <span class='ocrx_word' id='word_1_893' title='bbox 2541 5765 2802 5824; x_wconf 88' lang='lat' dir='ltr'><strong>varietate</strong></span> <span class='ocrx_word' id='word_1_894' title='bbox 2845 5763 3098 5821; x_wconf 85' lang='lat' dir='ltr'><strong>vitiorum</strong></span> <span class='ocrx_word' id='word_1_895' title='bbox 3126 5803 3140 5828; x_wconf 83' lang='lat'><strong>,</strong></span> <span class='ocrx_word' id='word_1_896' title='bbox 3169 5764 3314 5833; x_wconf 84' lang='lat' dir='ltr'><strong>quod</strong></span> <span class='ocrx_word' id='word_1_897' title='bbox 3358 5761 3657 5830; x_wconf 75' lang='lat' dir='ltr'><strong>iniquitate</strong></span> 
     </span>
    </p>
   </div>
  </div>
