4202 6272
483 440 490 447 ,
565 385 675 445 919

1827 389 1895 445 IN
1942 384 2155 445 etvun
2191 360 2589 446 cremandis

3744 460 3747 463 δ
3775 380 3889 449 980

573 506 823 564 feralium
850 503 1134 562 criminum
1159 545 1174 571 ,
1200 502 1341 576 quod
1367 508 1710 559 cruentarum
1738 504 2058 575 compendio
2080 518 2170 559 ra-
2197 508 2250 565 Α
2277 502 2442 558 fuisse
2465 500 2659 559 Africae
2690 502 3092 574 proconsulem,
3123 503 3276 576 cujus
3297 518 3507 561 summa
3539 512 3657 562 erat
3684 506 3739 562 in
3783 507 3889 565 hac

574 601 820 671 pinarum
844 597 950 651 vita
974 604 1153 653 vestra
1180 596 1495 662 ntaculatur,
1528 597 1671 668 quod
1706 597 2175 669 superstitionibus

575 692 728 748 falsis
749 688 939 761 religio
967 704 1090 743 vera
1121 688 1630 760 subvertitur,un
1661 690 1800 746 Deus
1828 694 2048 745 omnino
2076 706 2176 746 nec

577 787 856 854 qutcritur.
906 798 1005 837 nec
1044 783 1283 837 timetur.
1316 781 1503 837 Adhuc
1542 788 1765 853 insuper
1804 778 1893 837 Dei
1938 798 2125 839 servos
2156 827 2170 851 ,

574 874 841 943 majestati
872 887 935 928 ac
965 873 1169 927 nomini
1196 871 1316 942 ejus
1342 873 1568 938 dicatos,
1600 873 1810 943 injttslis
1841 877 2175 944 persecutio-

571 969 731 1025 nibus
776 968 988 1038 agitatis
1043 965 1222 1038 (Ibid.
1256 968 1377 1037 pay.
1412 965 1575 1038 l90).
1623 986 1641 1019 ι
1686 967 1741 1021 in
1783 968 1971 1023 codice
2011 969 2176 1040 llcgie

573 1062 749 1135 primo
772 1074 823 1117 et
850 1061 1155 1125 Tarniensi,
1188 1076 1205 1112 t
1263 1060 1534 1131 flagitatis.
1567 1076 1586 1113 ι
1622 1061 1695 1116 Ita
1723 1063 1884 1116 etiam
1912 1061 1963 1115 in
1992 1061 2177 1117 codice

576 1154 890 1210 Colbertine
916 1153 1252 1223 antiquiore,
1290 1153 1390 1207 nisi
1422 1153 1565 1223 quod
1596 1154 1833 1209 serunda
1862 1169 2046 1220 manu,
2080 1153 2176 1209 sed

569 1248 763 1303 eodeni
788 1246 1100 1301 charactere
1129 1246 1388 1314 scriptum
1422 1264 1440 1297 t
1471 1244 1772 1316 flagellatis.
1808 1265 1825 1297 ι
1853 1246 1983 1314 Qum
2014 1242 2176 1302 lectio

571 1343 624 1396 in
660 1339 845 1395 codice
872 1338 1043 1409 Regio
1078 1339 1237 1393 tertio
1270 1337 1572 1405 exhibetur,
1603 1348 1656 1393 et
1698 1339 1748 1393 in
1778 1340 2014 1395 secunde
2045 1360 2062 1391 ι
2100 1342 2176 1395 fa-

568 1435 769 1507 tigatis.
808 1453 827 1487 ι

643 1529 758 1583 Non
798 1542 928 1597 ergo
974 1526 1232 1582 adversus
1278 1527 1451 1581 solum
1494 1527 1898 1582 Demetriannm
1931 1526 2015 1583 hic
2044 1528 2177 1583 liber

569 1636 598 1675 a
628 1621 899 1693 Cypriane
921 1619 1097 1674 editus
1127 1627 1227 1679 est,
1255 1618 1348 1673 sed
1381 1628 1570 1673 contra
1600 1632 1789 1673 omnes
1815 1634 2027 1689 quoque
2056 1621 2176 1675 ctlt-

570 1714 742 1777 nicos,
787 1714 851 1767 et
881 1721 936 1765 ttt
977 1712 1028 1764 in
1069 1720 1382 1777 cunctorum
1426 1712 1632 1775 veniret
1671 1726 1880 1767 manus.
1924 1711 2173 1782 Longiori

572 1819 736 1875 porro
767 1818 1016 1859 sermone
1041 1803 1106 1857 ad
1147 1802 1197 1857 id
1227 1803 1730 1877 probandumlopus
1760 1820 1865 1857 non
1899 1816 2000 1869 est,
2031 1804 2173 1874 quod

2280 594 2550 667 provincia
2578 598 2888 653 auctoritas.
2918 597 3022 652 Alii
3071 613 3201 659 vero
3246 599 3473 655 minoris
3506 600 3713 655 ordinis
3733 598 3886 672 judi-

2278 703 2418 756 cem,
2442 702 2503 743 ac
2535 687 2777 745 fortassis
2814 689 3097 761 quemdam
3127 691 3405 760 ipsinsmet
3428 693 3771 759 proconsulis
3790 694 3887 749 ad-

2278 794 2544 835 sessorem
2577 780 2740 836 fuisse
2765 782 3090 837 existimant.
3124 766 3241 838 Non
3279 784 3569 840 verisimile
3614 786 3886 858 siquidem

2281 872 2363 927 his
2392 874 2603 930 videtur
2629 875 3046 942 Demctriannm,
3081 878 3122 932 si
3175 878 3337 932 totius
3369 878 3563 934 Africa:
3591 882 3886 950 proconsul

2281 965 2506 1033 fuisset,
2553 978 2696 1022 tanta
2736 968 3010 1033 facilitate,
3056 977 3272 1040 tamque
3326 968 3642 1041 frequenter
3684 971 3887 1029 adiisse

2279 1058 2628 1131 Cyprianum,
2672 1069 2730 1115 ut
2772 1061 3079 1116 rabularum
3133 1076 3283 1118 more
3332 1063 3515 1119 falsam
3568 1065 3890 1136 religionem

2280 1168 2431 1210 suam
2468 1174 2486 1207 ι
2512 1155 2761 1210 clamosis
2783 1174 2802 1207 ι
2836 1155 3110 1212 dumtaxat
3144 1176 3162 1209 ι
3185 1159 3405 1214 vocibus
3425 1178 3445 1211 ι
3484 1159 3648 1214 invito
3676 1159 3885 1216 homini

2281 1242 2608 1302 obtruderet.
2647 1247 2910 1304 Prmtcrea
2937 1264 3032 1304 cur
3056 1249 3379 1321 Cyprianus,
3407 1248 3495 1323 qui
3547 1251 3889 1308 Christiano-

2283 1356 2396 1393 rum
2426 1351 2801 1409 persecutores
2832 1342 3042 1396 censuit
3085 1357 3207 1397 csse
3245 1334 3611 1411 declinandes,
3646 1354 3755 1400 tam
3808 1346 3889 1401 fa-

2280 1434 2379 1488 cile
2407 1449 2465 1489 se
2495 1434 2855 1491 commisisset
2883 1433 3111 1491 furentis
3138 1438 3474 1507 proconsulis
3521 1438 3666 1506 fidei,
3700 1438 3888 1495 illum-

2279 1544 2383 1599 que
2424 1538 2530 1583 tam
2578 1530 2888 1602 frequenter
2931 1530 3149 1587 domum
3206 1548 3358 1589 suam
3404 1534 3737 1607 recepisset?
3777 1528 3891 1593 Cur

2282 1620 2453 1686 illum,
2504 1634 2663 1693 quem
2715 1622 2928 1677 cteteris
2961 1624 3153 1679 timere
3200 1626 3369 1696 magis
3431 1625 3687 1692 debebat,
3741 1637 3888 1685 tanto

2281 1706 2461 1766 habuit
2484 1712 2816 1782 destiicatui;
2844 1722 2900 1767 ut
2939 1714 2989 1768 in
3025 1723 3101 1771 tot
3138 1714 3441 1787 colloquiis,
3473 1716 3757 1773 domisna:
3784 1717 3885 1773 ha-

2280 1803 2424 1869 bitis,
2449 1805 2524 1860 illi
2552 1814 2701 1862 tanto
2729 1807 2927 1863 ardore
2954 1824 3060 1864 non
3090 1807 3156 1864 de
3185 1824 3243 1866 re
3264 1809 3480 1881 quidem
3512 1812 3759 1880 minima,
3788 1813 3885 1869 sed

566 1898 655 1952 ille
680 1892 764 1951 his
792 1888 1160 1951 disertissimis
1190 1909 1321 1949 sane
1350 1881 1526 1975 verbis
1556 1893 1794 1949 declarat
1825 1912 1837 1946 :
1876 1915 1894 1946 ι
1932 1895 2175 1966 Respon-
2203 1895 2251 1965 Β
2281 1894 2346 1949 de
2368 1895 2626 1967 religione
2678 1897 2991 1969 disputanti,
3024 1914 3124 1956 nec
3167 1916 3276 1957 uno
3324 1900 3541 1973 quidem
3595 1906 3763 1961 verbo
3793 1924 3878 1964 re-

567 1990 670 2044 deo
691 1998 744 2044 et
774 1990 888 2053 tibi,
916 1978 1278 2051 Demetriano,
1314 1987 1514 2057 pariter
1543 1994 1599 2041 et
1628 1988 1863 2054 caneris,
1898 2003 2033 2058 quos
2063 1987 2173 2043 for-

564 2084 704 2137 sitan
741 2076 1044 2136 con‘eitasti.
1098 2072 1115 2133 ι
1165 2080 1351 2151 Neque
1398 2067 1572 2135 tamen
1624 2082 1801 2136 minus
1843 2090 2046 2137 certum
2090 2092 2175 2139 est;

566 2174 641 2229 illi
671 2174 723 2228 in
765 2172 949 2244 primis
975 2164 1235 2228 directum
1264 2173 1461 2237 fuisse;
1490 2172 1926 2244 quandoquidem
1951 2175 2173 2246 Cypria-

568 2280 671 2321 nus
709 2266 1132 2335 itnpudentibtts,
1179 2264 1249 2322 de
1284 2264 1479 2337 quibus
1522 2267 1681 2336 paulo
1716 2277 1834 2339 post
1871 2268 2169 2339 agendum,

570 2361 689 2428 ejus
727 2352 1010 2415 calumniis
1059 2360 1256 2427 saepius
1314 2359 1598 2424 lacessitus
1625 2403 1638 2425 ,
1680 2359 1746 2413 ad
1789 2376 2005 2415 mamun
2047 2357 2174 2419 littic

570 2452 850 2522 scriptioni
881 2451 1270 2507 admovendum
1306 2451 1519 2507 tandem
1550 2453 1859 2524 compulsus
1890 2463 1992 2510 est.

2277 1989 2540 2059 spondere
2585 1991 2832 2063 dignatus
2867 1993 2975 2048 sit?
3004 1993 3193 2052 Nonne
3247 1979 3533 2067 proconsul
3574 2000 3774 2056 tantum
3808 1996 3885 2059 ob

2276 2091 2645 2154 contemptum
2663 2085 2740 2140 ira
2763 2094 2817 2141 et
2844 2086 3026 2165 innato
3050 2087 3230 2145 furore
3245 2088 3667 2159 excandescens,
3697 2090 3890 2165 pmnas

2276 2172 2482 2240 abillo,
2510 2183 2667 2245 prout
2711 2163 2949 2246 poterat,
2971 2180 3214 2249 protinus
3249 2182 3630 2253 repetivisset?
3653 2163 3769 2241 Cur
3803 2186 3890 2242 vir

2277 2262 2531 2329 furiosus,
2574 2276 2627 2321 et
2676 2275 2827 2323 actus
2865 2270 2917 2323 in
2960 2270 3184 2339 rabiem,
3233 2272 3555 2344 Cyprianum
3585 2291 3614 2329 a
3659 2282 3769 2347 duo
3809 2278 3889 2334 sic

2277 2357 2648 2425 spernebatur,
2678 2373 2782 2412 non
2814 2363 2991 2417 statim
3016 2363 3249 2434 cenjecit
3281 2365 3332 2418 in
3365 2364 3595 2433 vincula,
3623 2376 3717 2422 aut
3739 2364 3887 2426 inisit

2279 2448 2331 2503 in
2357 2449 2626 2516 exsiliunt,
2655 2462 2749 2507 aut
2796 2452 2971 2523 capite
3025 2454 3472 2527 datnnavithua
3529 2460 3750 2516 tandem
3795 2478 3885 2517 ra-

2170 2590 2189 2599 κ
2281 2542 2424 2597 tione
2454 2544 2533 2596 vir
2561 2544 2667 2610 ille,
2699 2554 2806 2600 tam
2847 2545 3055 2602 ardenti
3080 2557 3132 2603 et
3160 2564 3305 2605 αιοοο
3334 2551 3612 2621 religionis
3634 2571 3745 2610 suae
3773 2564 3889 2612 stu-

1209 2621 1502 2665 ARTICULUS
1534 2623 1611 2663 IV.

577 2768 700 2835 Quis
739 2766 892 2839 fuerit
933 2752 1306 2830 Demetrianus,
1348 2748 1415 2819 (id
1454 2754 1599 2835 quem
1650 2767 1730 2821 hic
1770 2766 1895 2820 liber
1953 2767 2174 2824 directus

678 2858 777 2932 fuit
802 2904 817 2930 ,
860 2879 925 2915 an
968 2859 1240 2932 proconsul
1278 2870 1364 2913 aut
1402 2861 1656 2931 inferioris
1685 2860 1878 2915 ordinis
1898 2860 2101 2932 judex?

639 3019 770 3084 Quis
790 3011 951 3072 fuerit
980 3016 1352 3072 Demetrianus
1377 3030 1481 3070 non
1513 3022 1693 3087 potest
1716 3015 1930 3071 aliunde
1957 3012 2171 3084 melius,

567 3122 729 3182 quam
756 3125 822 3166 ex
854 3102 956 3166 lioc
986 3110 1125 3180 ipso,
1155 3109 1224 3164 de
1246 3123 1353 3177 quo
1382 3109 1613 3179 agimus,
1645 3110 1783 3164 libro
1803 3106 2078 3179 cognosci.
2108 3108 2177 3166 At

567 3205 695 3260 inde
745 3205 1149 3261 evidentissima
1188 3203 1456 3274 colligitur
1492 3202 1642 3257 illum
1684 3201 1936 3273 gentilcm
1978 3202 2171 3267 fuisse,

2277 2635 2368 2691 die
2397 2650 2711 2703 succensus,
2744 2639 2844 2694 soli
2894 2642 3224 2711 pepercisset
3263 2642 3553 2715 Cypriane,
3598 2646 3689 2712 qui
3731 2662 3884 2704 sum-

2278 2748 2419 2788 mam
2447 2736 2585 2790 illius
2604 2736 2656 2790 in
2685 2734 3022 2792 Christianos
3049 2738 3424 2796 crudelitatem
3453 2741 3536 2797 his
3578 2744 3758 2799 verbis
3786 2761 3884 2800 cx-

2276 2825 2441 2894 plicat
2471 2843 2483 2878 :
2514 2845 2534 2878 t
2560 2826 2831 2897 lnnoxios,
2848 2826 3043 2899 iustos,
3080 2830 3189 2886 Deo
3218 2830 3449 2905 charos,
3477 2832 3635 2888 domo
3676 2835 3883 2904 prims,

2279 2919 2607 2990 patrimonio
2632 2921 2852 2989 spolias,
2885 2923 3088 2978 catenis
3112 2925 3313 2993 premis
3336 2968 3352 2991 ,
3378 2941 3594 2982 carcere
3620 2925 3879 2994 includis,

2277 3011 2485 3079 bestiis,
2510 3012 2718 3081 gladio,
2748 3013 2961 3085 ignibus
3006 3016 3184 3086 punis.
3230 3015 3339 3073 Nec
3379 3018 3566 3074 saltem
3590 3028 3886 3077 contentus

2278 3120 2336 3159 es
2357 3104 2605 3160 dolorum
2642 3116 2948 3163 nostrorum
2998 3109 3321 3179 compendio
3350 3121 3404 3167 et
3423 3112 3675 3182 simplici,
3706 3128 3771 3168 ac
3795 3128 3892 3169 ve-

2280 3198 2381 3252 loci
2411 3197 2670 3254 brevitate
2692 3194 3008 3269 pmnarum;
3053 3200 3312 3257 admoves
3345 3203 3612 3259 laniandis
3638 3205 3886 3273 corpori-

568 3298 657 3369 qni
696 3297 1020 3370 Cyprianum
1048 3341 1062 3364 ,
1121 3305 1230 3350 tum
1288 3294 1765 3366 Carthagincnsem
1819 3295 2128 3367 episcopum
2155 3339 2170 3365 ,
2200 3296 2246 3360 (ζ
2279 3286 2548 3362 bnslonga
2577 3303 2864 3360 tormenta,
2898 3294 3220 3364 multiplicas
3252 3296 3550 3351 lacerandis
3578 3297 3890 3353 visceribus

569 3406 714 3463 saepe
739 3392 935 3462 smpius
971 3399 1323 3447 convenerat.
1349 3388 1465 3443 Non
1505 3397 1611 3442 tam
1647 3387 1813 3443 facilis
1841 3401 2017 3443 autem
2051 3387 2175 3444 huic

572 3483 917 3537 Demetriano
943 3483 994 3536 in
1025 3482 1167 3536 illius
1193 3480 1411 3534 domum
1438 3480 1613 3534 aditus
1640 3481 1919 3548 patuisset,
1951 3482 2049 3535 nisi
2080 3480 2176 3536 ali-

571 3589 673 3644 qua
702 3572 941 3644 antiqua,
974 3586 1095 3628 cum
1123 3572 1413 3645 Cypriane,
1447 3571 1622 3626 adhuc
1648 3571 1881 3628 fortasse
1917 3574 2132 3628 ethnico
2157 3615 2172 3639 ,

567 3665 932 3721 familiaritate
982 3666 1167 3721 fuisset
1220 3668 1563 3735 conjunctus.
1613 3664 1810 3719 Verum
1852 3676 2048 3736 quanta
2091 3668 2176 3723 hic

571 3762 766 3828 pietate
796 3766 949 3813 gnum
983 3759 1294 3815 christianm
1323 3760 1571 3830 religieni
1603 3764 1798 3815 nomen
1832 3760 1997 3828 dedit,
2033 3762 2175 3817 tanta

569 3852 658 3905 ille
688 3852 960 3921 impietate
984 3860 1052 3906 ac
1079 3844 1394 3921 pertinacia,
1431 3853 1638 3908 nefasto
1667 3850 1922 3909 falsorum
1951 3855 2173 3912 deorum

570 3945 735 3997 cultui
765 3940 1100 4015 mancipains
1126 3954 1263 3999 erat.
1308 3945 1386 3999 Ad
1413 3943 1738 4017 Cyprianum
1767 3948 2042 4003 enimvero
2070 3965 2175 4004 sa:-

571 4038 692 4106 pins
732 4036 943 4105 quidem
968 4080 981 4101 ,
1023 4036 1117 4091 sed
1159 4052 1450 4106 numquam
1492 4039 1875 4111 investigandze
1913 4043 2175 4106 veritatis,

571 4142 661 4185 aut
687 4130 886 4201 aliquid
913 4130 1168 4186 discendi.
1186 4144 1344 4185 causa
1372 4142 1613 4200 venerat,
1644 4149 1829 4188 verum
1879 4154 1897 4186 ι
1939 4136 2118 4196 unico,
2151 4155 2169 4187 ι

577 4234 632 4278 ιιι
672 4224 744 4278 ait
780 4222 1104 4294 Cyprianus,
1182 4241 1201 4274 t
1247 4216 1423 4278 studio
1466 4223 1752 4297 (Cyprian.
1794 4243 1915 4296 pag.
1961 4225 2100 4298 185)
2152 4247 2169 4278 ι

574 4312 1008 4380 contradicendi,
1046 4317 1096 4371 id
1127 4327 1235 4382 eSt,
1270 4325 1327 4370 ut
1359 4312 1581 4387 im'pittm
1612 4318 1890 4372 dumtaxat
1922 4318 2174 4374 falsorum

576 4409 800 4463 deorum
842 4409 1064 4473 cultum,
1109 4418 1163 4462 et
1200 4408 1463 4463 absurdus
1502 4408 1780 4478 gentilium
1823 4425 2040 4463 suortun
2079 4418 2176 4463 su-

577 4494 923 4574 perstitiones
950 4503 1085 4557 mira
1118 4502 1275 4572 plane
1315 4501 1643 4573 impudentia
1685 4510 2063 4572 propugnaret.
2107 4503 2177 4557 At

573 4597 696 4666 quia
729 4614 748 4647 ι
780 4590 1035 4650 clamosis
1069 4612 1088 4645 ι
1127 4602 1329 4649 tantum
1358 4613 1379 4647 ι
1413 4595 1656 4657 vocibus,
1688 4614 1707 4647 ι
1736 4595 1989 4650 indomita
2023 4611 2176 4666 prer-

2282 3398 2568 3439 numerosa
2600 3386 2880 3455 supplicia,
2913 3400 3014 3441 nec
3048 3385 3226 3441 feritas
3254 3398 3411 3455 atque
3453 3388 3766 3443 immanitas
3800 3399 3894 3444 tua

2280 3476 2486 3532 usitatis
2510 3481 2685 3547 potest
2701 3492 2821 3533 esse
2836 3488 3087 3533 contenta
3106 3480 3411 3534 tormentis:
3431 3480 3696 3551 excogitat
3709 3496 3894 3537 novas

2281 3583 2466 3638 ptenas
2494 3569 2765 3638 ingeniosa
2795 3570 3086 3625 crudelitas
3128 3571 3390 3643 (Cyprian.
3417 3571 3665 3642 12.190)»
3682 3572 3893 3642 Ecquis

2279 3677 2409 3734 ergo
2453 3663 2551 3717 sibi
2585 3663 2919 3733 persuadebit
2952 3675 3113 3719 tanta:
3141 3665 3440 3734 potestatis,
3482 3677 3698 3735 quanta:
3730 3669 3889 3719 inlin-

2281 3755 2551 3810 mauitatis
2576 3757 2947 3826 proconsulem
2971 3760 3276 3826 pepercisse
3299 3758 3583 3829 Cypriane,
3617 3758 3882 3812 Christia-

2282 3862 2477 3902 norum
2514 3849 2786 3919 episcopo,
2827 3860 2881 3904 et
2924 3848 3369 3919 antesignano,in
3393 3864 3552 3919 quem
3572 3849 3794 3920 quotidie
3820 3870 3832 3897 ι
3858 3858 3882 3904 ι

2283 3938 2437 3995 facile
2463 3954 2653 3996 manus
2684 3942 2905 4010 injicere
2929 3942 3181 4012 poterat?
3207 3942 3399 3997 Nonne
3425 3940 3563 3996 illius
3598 3956 3725 3996 nece
3762 3951 3879 3994 tam

2280 4034 2402 4099 sibi,
2436 4048 2592 4104 quam
2615 4020 2823 4088 cmtoris
2862 4035 3110 4089 omnibus
3154 4033 3422 4101 ethnicis,
3466 4032 3886 4106 implacibililius

2281 4143 2464 4181 eorum
2492 4126 2732 4182 hostibus
2746 4126 3131 4183 satisfecisset?

2350 4220 2542 4287 Quidni
2575 4231 2751 4274 autem
2779 4220 3104 4291 Cypi‘iantun
3133 4221 3432 4277 occidendo
3479 4222 3789 4275 tentavisset
3822 4220 3889 4274 il-

2281 4313 2360 4366 los
2390 4313 2488 4368 sibi
2544 4312 2831 4378 demereri,
2864 4314 2950 4383 qui
3006 4314 3242 4382 quidem,
3286 4328 3392 4383 quo
3444 4315 3497 4368 in
3545 4312 3890 4368 Christianos

2278 4404 2501 4460 ardebat
2529 4404 2673 4471 odio,
2715 4406 2914 4459 nullum
2953 4419 3066 4460 'non
3100 4405 3347 4461 movebat
3393 4405 3647 4476 lapidem,
3680 4414 3736 4459 ut
3763 4422 3890 4458 om-

2280 4500 2425 4553 nium
2450 4498 2500 4552 in
2534 4497 2652 4553 illos
2694 4500 2826 4554 iram
2869 4509 3257 4560 commoveret,
3286 4512 3521 4570 suasque
3565 4497 3802 4553 traheret
3837 4499 3889 4553 in

2279 4592 2495 4662 partes?
2522 4591 2653 4645 Nam
2686 4591 2786 4646 hoc
2815 4591 3114 4664 Cyprianus
3138 4590 3211 4646 illi
3237 4592 3431 4663 palam,
3458 4591 3651 4664 hisque
3679 4607 3893 4664 expro-

575 4702 671 4743 sus
710 4686 1093 4753 obstinatione,
1134 4700 1198 4741 ac
1235 4686 1381 4741 nulla
1422 4686 1505 4741 vel
1546 4687 1752 4741 minimi
1794 4689 2051 4744 momenti
2094 4704 2169 4743 rat
2200 4692 2255 4752 D
2282 4684 2456 4740 biavit
2483 4684 2702 4740 verbis:
2740 4703 2759 4736 ι
2801 4684 3120 4753 iit-Spondeo
3147 4685 3261 4752 tibi,
3284 4686 3642 4752 Demetriano,
3678 4689 3895 4755 pariter

576 4781 721 4836 tione
742 4792 956 4836 errores
983 4793 1113 4836 suos
1144 4777 1437 4834 defendere
1464 4776 1754 4847 nitebatur,
1782 4781 1931 4836 illum
1952 4783 2176 4853 Cypria-

575 4889 678 4929 nus
698 4873 958 4930 advcrsus
986 4888 1172 4929 verum
1199 4872 1363 4927 Deum
1391 4886 1487 4928 ore
1507 4868 1771 4943 sacrilego
1793 4875 2171 4943 oblatrantem,

577 4975 634 5024 et
660 4967 841 5023 verbis
872 4966 1051 5038 impiis
1078 4965 1499 5037 obstrepentetn,
1545 4962 1811 5038 tamquam
1840 4969 2170 5039 imperitum,

575 5076 813 5126 caecum,
860 5059 1107 5125 surdum,
1149 5059 1384 5125 brutum,
1427 5056 1737 5128 indocilem,
1782 5061 2170 5132 impudentem,

578 5155 851 5220 insanum,
884 5152 1130 5222 impium,
1160 5148 1421 5206 furentem
1460 5146 1524 5207 ac
1557 5153 1801 5207 rabidum
1859 5162 2175 5224 aspernatus

575 5256 678 5300 est.
709 5244 814 5299 'l‘ot
840 5244 1040 5315 quippe
1067 5243 1395 5315 totidemque
1422 5242 1547 5300 aunt
1572 5245 1769 5316 elogia,
1800 5247 1994 5317 quibus
2024 5248 2173 5304 illum

572 5346 819 5395 exornat.

648 5430 782 5485 Tum
810 5444 941 5500 ergo
971 5428 1291 5501 Carthagine
1330 5429 1645 5486 furibundus
1689 5432 1778 5488 ille
1807 5431 1989 5499 homo,
2037 5434 2174 5489 sicut

569 5523 891 5596 Cyprianus,
920 5523 1171 5595 degebat,
1200 5538 1431 5596 eumque
1463 5525 1533 5579 ibi
1573 5525 1747 5597 aliqua
1774 5520 1971 5596 jndicis
2000 5526 2175 5597 digni-

568 5629 680 5673 tate
704 5629 921 5674 auctum
948 5617 1114 5674 fuisse
1145 5632 1334 5674 omnes
1358 5634 1426 5674 ex
1451 5618 1549 5674 hac
1576 5620 1689 5689 ipsa
1718 5622 2172 5676 commentatione

567 5708 762 5765 confici
819 5723 977 5780 posse
1029 5709 1169 5765 haud
1224 5710 1441 5780 quidem
1489 5711 1759 5768 immerito
1811 5710 2168 5771 arbitrantur.

558 5802 690 5868 Quae
714 5804 891 5859 autem
919 5805 1070 5858 sitm
1101 5801 1355 5874 dignitas,
1404 5818 1510 5859 non
1550 5806 1769 5861 minima
1816 5822 1947 5862 sane
1976 5816 2059 5862 est
2090 5808 2171 5863 in-

547 5900 633 5947 ter
659 5892 782 5950 illos
797 5893 1084 5951 dissensio.
1116 5894 1346 5954 Plurimi
1389 5896 1537 5954 enim
1575 5897 1783 5969 opinati
1835 5907 1963 5959 sunt
2008 5899 2164 5958 illum

2278 4789 2333 4835 et
2352 4780 2584 4847 oratoris,
2617 4792 2755 4850 quos
2782 4790 2836 4833 tu
2882 4779 3105 4834 forsitan
3131 4780 3437 4845 concitasti,
3466 4780 3757 4836 adversum
3794 4798 3904 4839 nos

2281 4874 2404 4929 odia
2439 4874 2542 4929 tuis
2585 4873 2867 4929 maledicis
2917 4875 3138 4929 vocibus
3189 4875 3522 4940 seminando,
3575 4875 3909 4946 complures

2279 4964 2474 5022 radicis
2545 4975 2707 5037 atque
2776 4967 3001 5038 originis
3096 4979 3198 5021 tum
3273 4968 3622 5039 pullulationc
3713 4968 3913 5027 fecisti

2279 5059 2443 5132 (Ibid.
2486 5077 2539 5128 ρ.
2567 5058 2752 5131 186).ι
2786 5060 3052 5131 Numquid
3080 5071 3136 5115 et
3161 5060 3322 5125 istud,
3348 5061 3448 5116 oro
3478 5070 3550 5127 te,
3580 5075 3903 5131 proconsu-

2282 5152 2347 5206 lis
2369 5149 2564 5208 Africai
2599 5149 2837 5207 officium
2859 5152 2960 5206 fuit
2984 5153 3144 5221 alios,
3166 5153 3210 5207 si
3240 5151 3354 5208 ﬁeri
3387 5161 3588 5222 posset,
3622 5153 3689 5208 ad
3723 5154 3917 5211 falso-

2280 5261 2395 5300 rum
2420 5243 2644 5299 deorum
2672 5244 2875 5299 cultum
2907 5243 3199 5311 adducere,
3223 5245 3460 5300 excitato
3480 5245 3919 5314 impudentibus

2277 5336 2561 5392 calumniis
2591 5336 2643 5391 in
2672 5334 3005 5392 Christianos
3059 5337 3224 5392 odio?
3272 5336 3461 5393 Nonne
3516 5337 3616 5393 hos
3655 5342 3922 5395 atrocis-

2277 5428 2429 5483 simis
2450 5429 2626 5498 potius
2669 5428 2948 5498 suppliciis
2999 5428 3301 5500 torquendo
3349 5439 3404 5483 et
3449 5427 3726 5495 necando,
3761 5433 3919 5489 illud

2276 5520 2484 5576 facilius
2530 5521 2937 5592 promptiusque
2982 5521 3242 5592 consequi
3309 5523 3558 5592 poterat?
3612 5522 3919 5595 Numquid

2279 5614 2491 5670 tandem
2540 5614 2843 5685 Cyprianus
2896 5614 3108 5686 publico
3161 5615 3212 5670 in
3262 5617 3465 5687 scripto
3514 5625 3623 5671 tam
3652 5616 3819 5675 duris
3850 5634 3928 5677 et

2270 5709 2480 5778 asperis
2504 5708 2686 5763 verbis
2708 5702 3084 5778 proconsulem
3116 5708 3560 5778 perstrinxisset?

2347 5799 2448 5855 Alii
2476 5808 2652 5854 tamen
2681 5808 2871 5871 urgent
2894 5801 3072 5858 citatis
3096 5802 3258 5872 paulo
3283 5811 3411 5859 ante
3461 5803 3609 5858 illius
3643 5805 3721 5860 ad
3756 5808 3933 5868 hunc
3950 5792 3991 5827 ⁸

2270 5892 2673 5955 Demetrium
2700 5892 2901 5964 verbis,
2931 5909 3041 5954 non
3062 5893 3305 5973 Iobscnre
3332 5894 3573 5972 indicari
3602 5896 3773 5957 illum
3800 5918 3913 5961 re-
