4202 6272
311 294 412 359 981

1731 292 2204 354 DISSERTATIO.
2257 299 2273 306 ’

3514 303 3623 361 982

308 396 434 471 vera
459 411 621 468 fuisse
643 410 837 469 Africae
853 412 1247 483 proconsulem.
1267 411 1397 481 Quis
1419 413 1560 469 enim
1581 412 1915 469 Christianos
1941 413 1995 474 Α
2019 409 2180 466 falsas
2199 409 2595 467 contemnimus
2620 411 2874 483 refutare,
2896 414 3177 473 videamur
3204 417 3410 475 crimen
3435 432 3627 492 agnos~

312 514 389 562 tot
413 506 677 577 tantisque
694 515 747 561 et
762 504 1045 560 ordinariis
1059 513 1112 561 et
1128 505 1572 562 eXtraordinariis
1591 506 1916 563 cruciatibus

310 608 563 671 torquere
590 598 958 654 etinterlicere
971 597 1161 669 potuit.
1176 597 1277 653 nisi
1296 598 1630 669 proconsulis
1656 599 1915 671 dignitate

308 689 499 746 fuisset
514 688 792 759 praeditus?
814 689 1013 746 Deinde
1036 705 1163 745 vero
1183 688 1482 760 Cyprianus
1508 691 1653 746 illum
1675 691 1912 762 judicent

307 797 427 838 esse
456 782 715 852 agnoscit,
750 795 911 853 quem
938 781 1079 837 hunc
1099 782 1385 853 compellat
1408 783 1459 837 in
1489 783 1742 840 modum:
1773 785 1911 855 «Qui

306 878 439 934 alios
460 876 997 949 judieas,aliquando
1023 885 1140 933 esto
1172 877 1241 931 tui
1266 876 1427 948 judex
1452 875 1616 952 (Ibid.
1650 878 1903 953 p.189)»

305 971 467 1043 Atqui
496 972 541 1027 si
585 970 754 1042 judex
801 972 918 1039 fuit,
951 970 1237 1042 proconsul
1269 971 1451 1042 procul
1472 970 1636 1027 dubio
1664 986 1784 1027 esse
1810 971 1907 1028 de-

304 1067 483 1124 bebat.
554 1066 689 1123 Nam
748 1074 933 1136 postea
979 1066 1129 1121 illum
1198 1065 1272 1120 ita
1337 1065 1515 1120 adhuc
1567 1065 1903 1137 alloquitur:

308 1178 328 1215 ι
361 1158 585 1217 Lmtlere
623 1173 810 1216 servos
849 1159 943 1215 Dei
986 1168 1036 1215 et
1066 1156 1265 1214 Christi
1292 1159 1754 1230 persecutionibus
1803 1159 1911 1215 tuis

299 1250 508 1321 desine,
563 1266 699 1323 quos
772 1251 933 1307 ltesos
987 1249 1123 1306 ultio
1191 1249 1374 1306 divina
1427 1248 1666 1307 defendit
1734 1249 1897 1323 (Ibid.

301 1345 524 1419 p.192).
565 1364 585 1400 ι
610 1344 945 1402 Christianos
980 1360 1109 1416 ergo
1135 1360 1343 1401 summa
1371 1344 1758 1401 inhumanitate
1779 1360 1902 1416 per-

230 1496 233 1497 .
297 1439 642 1512 sequebatur,
675 1446 729 1497 et
757 1440 809 1494 in
858 1446 1119 1510 potestate
1141 1438 1257 1509 ejus
1287 1439 1447 1494 situm
1498 1446 1615 1495 erat
1652 1438 1789 1493 hanc
1818 1452 1902 1494 se-

295 1531 426 1589 dare
452 1532 900 1603 persecutionem.
930 1530 1094 1602 Cujus
1128 1540 1306 1588 autem
1343 1539 1461 1588 erat
1500 1530 1616 1587 haec
1641 1540 1895 1603 potestas,

292 1624 397 1680 nisi
428 1622 799 1694 proconsulis?

370 1717 569 1774 Verum
592 1717 683 1773 alii
710 1715 947 1774 fatentur
975 1715 1061 1773 his
1101 1717 1279 1773 verbis
1299 1715 1488 1773 confici
1518 1731 1678 1789 posse
1711 1716 1900 1774 Deme-

2021 506 2145 561 cere
2168 502 2435 575 (Cypriau.
2470 522 2523 575 p.
2546 504 2703 575 186).
3355 558 3357 561 ,

2089 598 2273 670 Itaque
2327 599 2519 654 mirum
2564 599 2694 655 nulli
2742 615 2863 657 esse
2886 601 3045 657 debet
3069 601 3212 673 quod
3259 612 3365 659 tam
3389 603 3619 661 insulsas

2016 691 2439 759 criminationes,
2473 691 2541 747 ab
2561 690 2679 747 aliis
2709 703 2906 747 nostrae
2945 672 3221 764 religionis
3244 694 3620 753 defensoribus

2016 778 2242 856 smpitts,
2294 795 2351 841 ut
2399 784 2654 855 diximus,
2712 786 2991 857 repulsas,
3044 788 3138 844 ille
3186 804 3375 845 rursus
3424 789 3615 849 diluat.

2014 878 2227 934 Ethnici
2259 878 2523 949 siquidem
2547 889 2603 935 et
2643 877 2973 951 frequentius
2994 888 3048 935 et
3080 880 3334 937 audacius
3357 882 3441 937 his
3463 898 3618 940 acer-

2010 969 2101 1025 bis
2118 969 2329 1026 casibus
2358 970 2732 1037 abutebantur,
2763 978 2820 1025 et
2848 970 2969 1025 inde
2996 970 3174 1026 fucum
3205 971 3471 1042 imperitis
3495 973 3620 1029 dena

2009 1072 2128 1116 rum
2178 1060 2474 1117 cultoribus
2517 1076 2582 1117 eo
2628 1060 2836 1117 facilius
2881 1061 3163 1128 faciebant,
3225 1078 3333 1134 quo
3379 1065 3615 1135 majores

2017 1160 2194 1221 erant,
2223 1154 2504 1225 majusque
2534 1154 2629 1209 toti
2660 1154 2861 1210 mundo
2888 1154 3187 1211 inferebant
3228 1155 3615 1213 detrimentum

2012 1244 2305 1317 (Dissertat.
2348 1248 2405 1302 in
2444 1246 2634 1302 Arnob.
2678 1265 2793 1319 cap.
2822 1248 2857 1302 4
2880 1290 2895 1314 ,
2928 1258 3027 1303 art.
3059 1248 3087 1303 l
3118 1264 3284 1319 seqq.,'
3309 1249 3364 1303 in
3394 1249 3611 1306 Tertull.

2008 1356 2123 1409 cap.
2189 1342 2211 1395 1
2272 1344 2455 1413 seqq.).
2497 1348 2568 1396 At
2595 1358 2755 1413 quam
2802 1343 2957 1398 saevis
3001 1350 3058 1397 et
3111 1340 3413 1399 exitialibus
3458 1345 3615 1402 bellis

2014 1433 2317 1509 Romanum
2340 1436 2620 1506 imperium
2650 1444 2776 1491 tunc
2800 1436 3009 1503 arserit,
3043 1436 3167 1493 hinc
3195 1439 3424 1509 conjice,
3469 1444 3612 1511 quod

2008 1528 2201 1582 Decius
2228 1538 2346 1596 post
2377 1544 2528 1584 suam
2552 1544 2579 1583 a
2612 1528 2855 1601 Philippo
2883 1530 3205 1600 imperatore
3231 1530 3608 1594 defectionem.

2006 1630 2061 1676 et
2087 1620 2287 1677 bellum
2320 1621 2499 1690 civile,
2525 1622 2613 1676 vix
2648 1623 2865 1678 tertium
2895 1622 3104 1691 imperii
3133 1622 3214 1677 sui
3237 1637 3435 1678 annum
3468 1625 3611 1682 iucec

2007 1723 2180 1781 perat,
2233 1713 2447 1784 quando
2496 1728 2526 1768 a
2574 1713 2785 1779 Gothis,
2820 1723 2876 1768 ut
2926 1713 3054 1767 alibi
3103 1710 3360 1780 dicemus,
3409 1715 3613 1785 ingenti

295 1808 529 1865 trianum
577 1807 742 1864 fuisse
789 1807 1073 1879 quemdam
1118 1804 1458 1881 Carthaginis
1525 1809 1784 1881 judicem,
1833 1825 1897 1866 ac
1925 1818 1974 1879 Β
2004 1804 2191 1877 proelio
2241 1805 2434 1870 victus,
2491 1805 2854 1861 miserandum
2908 1805 2961 1859 in
3013 1804 3229 1860 modum
3278 1819 3401 1863 cum
3440 1810 3610 1865 tribus

286 1900 427 1959 forte
495 1902 835 1972 proconsulis
911 1915 1273 1968 assessorem,
1334 1901 1427 1957 sed
1504 1917 1615 1957 non
1688 1902 1893 1959 idcirco

295 1994 695 2066 proconsulem,
727 1993 1181 2066 quemadmodum
1208 1995 1574 2067 superioribus
1602 2011 1891 2068 argumen-

287 2085 356 2142 tis
381 2087 512 2141 satis
554 2085 838 2157 probatum
887 2100 1009 2143 esse
1052 2087 1359 2159 opinantur.
1408 2086 1541 2143 Nam
1594 2088 1646 2143 hi
1677 2090 1888 2144 tametsi

286 2178 555 2237 inferioris
582 2178 822 2237 subsellii
844 2178 1073 2253 judices,
1099 2197 1205 2237 non
1234 2181 1446 2248 minori,
1476 2197 1633 2253 quam
1660 2190 1891 2254 procan-

283 2277 431 2334 sules
486 2276 804 2334 crudelitate
848 2277 1101 2349 jubebant
1146 2266 1483 2333 Christianos
1531 2278 1773 2349 torqueri
1826 2293 1890 2334 ac

283 2370 486 2427 necari.
523 2368 592 2428 At
611 2370 855 2443 quamvis
894 2388 982 2428 res
1032 2372 1103 2427 ita
1150 2379 1572 2444 esset,-arguent
1621 2373 1734 2439 alii,
1787 2371 1889 2427 hos

286 2461 587 2534 Cyprianus
631 2478 739 2519 non
768 2464 943 2520 minus
963 2480 1121 2536 quam
1149 2463 1527 2535 proconsulem
1560 2464 1751 2520 timere
1789 2464 1885 2520 dc-

284 2554 467 2612 bebat.
494 2555 550 2612 In
578 2564 763 2613 eorum
791 2557 934 2613 enim
969 2565 1233 2628 potestate
1262 2556 1424 2612 situm
1456 2565 1570 2611 erat
1599 2571 1792 2612 manus
1832 2557 1884 2613 in

283 2648 432 2705 illum
462 2650 700 2721 injicere,
738 2659 989 2723 torquere
1037 2660 1093 2708 et
1124 2650 1414 2715 trucidare,
1460 2658 1551 2705 aut
1600 2650 1787 2706 saltem
1818 2651 1887 2707 ad

282 2734 513 2799 tribunal
570 2743 885 2815 pertrahere
929 2743 1287 2816 proconsulis.
1316 2742 1515 2800 Verum
1565 2743 1686 2814 quia
1728 2743 1887 2816 longe

166 2905 183 2915 ,
281 2839 455 2909 major
478 2840 595 2896 erat
623 2836 785 2911 hujus
809 2838 1039 2911 dignitas
1070 2848 1125 2895 et
1166 2830 1427 2909 potentia,
1453 2853 1641 2908 parum
1686 2837 1885 2909 proba-

280 2930 620 2989 bilc'videtur
649 2930 799 2987 illum
824 2948 853 2987 a
884 2930 1156 3005 Cypriano
1186 2940 1332 2986 tanta
1363 2929 1680 3002 indignitate
1699 2973 1713 2998 ,
1742 2938 1882 2986 tam-

281 3040 388 3096 que
411 3023 561 3080 duris
592 3023 771 3081 verbis
799 3026 1037 3096 potuisse
1058 3023 1255 3097 excipi.
1277 3024 1348 3080 At
1375 3022 1658 3095 cujuslibet
1681 3024 1884 3080 ordinis

276 3118 443 3190 judex
473 3118 649 3186 fuerit,
680 3127 887 3178 constat
912 3135 1041 3175 sane
1087 3116 1234 3173 illum
1281 3114 1545 3172 indomito
1577 3132 1800 3187 prorsus
1830 3117 1882 3172 in

1998 1895 2122 1951 ﬁliis
2163 1897 2275 1953 suis
2303 1898 2484 1964 Decio,
2514 1897 2762 1965 Etrusco,
2794 1906 2849 1953 et
2891 1897 3126 1967 Traiano
3156 1898 3472 1956 interfectus
3502 1911 3606 1957 est.

1997 1988 2182 2046 Gallus
2210 2004 2341 2046 vero
2365 2003 2649 2046 successor
2692 1990 2810 2060 ejus
2830 1988 3045 2046 decimo
3083 2000 3277 2046 octavo
3318 1993 3469 2063 regni
3525 1995 3609 2049 sui

1997 2098 2184 2138 mense
2213 2091 2399 2138 contra
2423 2081 2793 2147 Emilianum,
2820 2081 2988 2153 quiin
3013 2082 3298 2152 imperium
3316 2083 3606 2152 invaserat,

1997 2183 2353 2247 pugnaturus,
2386 2189 2416 2229 a
2469 2172 2729 2229 militibus
2781 2188 2906 2229 cum
2954 2173 3156 2245 collega
3201 2188 3301 2231 suo
3345 2176 3610 2233 occiditur

1995 2267 2239 2339 (Dissert.
2268 2269 2323 2321 in
2377 2266 2533 2326 Cecil.
2565 2266 2681 2322 libr.
2729 2267 2794 2322 de
2841 2265 3001 2321 Mart.
3053 2265 3318 2322 Pcrsecut.
3372 2284 3490 2338 cap.
3544 2270 3601 2335 7,

1992 2371 2091 2418 art.
2127 2360 2205 2433 1).
2233 2360 2345 2418 Nec
2371 2360 2465 2417 diu
2510 2360 2835 2417 Emilianus
2882 2360 3122 2417 criminis
3145 2362 3226 2417 sui
3254 2362 3457 2432 potitus
3484 2362 3599 2419 frit-

1991 2463 2099 2521 ctu,
2160 2463 2281 2525 post
2333 2462 2444 2510 tres
2490 2469 2705 2511 menses
2745 2454 2905 2510 simili
2961 2462 3134 2510 morte
3190 2454 3352 2510 vitam
3404 2454 3598 2512 finivit.

1989 2547 2149 2604 Plura
2176 2549 2245 2605 de
2274 2547 2360 2604 his
2389 2547 2544 2605 bellis
2566 2547 2835 2614 Zosimus,
2863 2546 3060 2616 aliique
3083 2546 3341 2602 Romanae
3360 2545 3603 2604 historiae

1988 2646 2278 2715 scriptores
2312 2643 2504 2698 litteris
2531 2640 2923 2697 mandaverunt
2960 2640 3180 2716 (Zosim.
3234 2638 3325 2694 lib.
3376 2655 3395 2695 ι
3451 2638 3594 2695 Hist.

1987 2754 2040 2807 p.
2094 2735 2201 2792 645
2242 2751 2407 2805 seqq;
2459 2734 2612 2791 Oros.
2667 2733 2755 2787 lib.
2812 2736 2887 2790 vri
2936 2734 3075 2789 Hist.
3124 2754 3240 2811 cap.
3290 2732 3364 2791 20
3415 2747 3593 2804 seqq.;

1990 2828 2208 2902 Eutrop.
2234 2826 2321 2883 lib.
2342 2842 2401 2882 lx
2430 2827 2579 2883 Brcv.
2606 2842 2726 2899 pag.
2759 2826 2909 2896 125).

2062 2922 2356 2992 Eutropius
2380 2936 2509 2977 vero
2534 2929 2718 2976 narrat
2761 2919 2894 2975 nihil
2922 2919 3270 2976 memorabile
3293 2919 3361 2976 ab
3388 2919 3470 2974 his
3496 2920 3599 2974 lm-

1989 3013 2327 3087 peratoribus
2360 3024 2592 3084 gestum,
2622 3025 2922 3082 eorumque
2952 3025 3176 3083 regnum
3233 3026 3342 3067 non
3381 3010 3598 3067 aliunde

1988 3091 2297 3165 hominibus
2325 3106 2600 3178 cognitum
2645 3104 2831 3171 fuisse,
2878 3116 3037 3174 quam
3088 3119 3107 3156 ο
3144 3103 3470 3173 pestilentia,
3512 3117 3600 3157 va-

280 3212 445 3270 falsos
494 3213 627 3270 deos
682 3228 808 3269 suos
838 3213 1031 3269 ardore
1079 3211 1148 3267 ita
1181 3211 1347 3267 fuisse
1378 3210 1798 3277 inflammatum;
1829 3218 1886 3266 ut

1994 3202 2188 3273 riisque
2212 3200 2434 3257 morbis.
2472 3219 2492 3253 ι
2530 3198 2685 3268 Quod
2729 3196 2946 3269 quidem
2968 3208 3021 3253 et
3072 3197 3140 3252 ab
3162 3195 3356 3253 Orosio
3391 3193 3595 3253 conﬁr-

280 3307 512 3363 clatnosa
549 3315 751 3363 tantum
775 3323 926 3377 voce,
955 3322 1057 3363 nec
1083 3304 1192 3361 ulla
1222 3318 1478 3374 umquam
1509 3297 1715 3359 minimi
1747 3319 1887 3376 pon-

279 3398 425 3455 deris
471 3401 678 3456 ratione
722 3400 905 3467 allata,
949 3408 1137 3455 contra
1185 3395 1521 3453 Christianos
1563 3397 1760 3468 saepius
1782 3397 1889 3452 dis-

278 3491 569 3562 putaverit,
622 3501 679 3547 ut
715 3508 807 3548 eos
837 3491 903 3546 ad
931 3491 1195 3547 nefarium
1219 3490 1478 3546 horumce
1518 3489 1740 3545 deorum
1767 3488 1885 3544 cul-

280 3592 395 3637 tum
444 3579 753 3651 adduceret,
797 3593 890 3639 aut
940 3583 992 3639 in
1025 3592 1313 3640 renuentes
1354 3582 1632 3654 gentilium
1667 3588 1889 3653 augeret

282 3677 542 3731 furorem.

870 3807 1167 3849 ARTICULUS
1191 3809 1246 3850 ν.

285 3904 477 3972 Quibus
505 3905 789 3961 rationibus
818 3904 1109 3977 Cyprianus
1159 3906 1231 3961 ad
1284 3909 1419 3962 hunc
1444 3908 1631 3963 librant
1656 3909 1882 3964 scriben-

565 3997 691 4052 dum
710 4008 756 4053 et
783 3998 1158 4070 divulgandum
1183 4000 1476 4071 compulsus
1506 4001 1592 4056 sit.

350 4130 589 4188 Tainetsi
620 4132 922 4205 Cyprianus
968 4134 1199 4206 primum
1256 4135 1553 4191 censuisset
1600 4135 1732 4191 nihil
1783 4136 1885 4191 De-

280 4226 568 4291 metriano,
602 4224 655 4279 in
699 4224 1057 4282 Christianam
1092 4226 1408 4299 religionem
1452 4228 1688 4297 latranti,
1725 4228 1883 4299 eique

280 4318 458 4390 impiis
505 4316 777 4376 dumtaxat
825 4321 1003 4376 verbis
1058 4320 1386 4393 obstrepenti
1448 4321 1881 4392 respondendum

278 4429 435 4477 esse;
468 4398 740 4469 silentium
790 4412 1141 4469 nihilominus
1186 4431 1342 4470 suum
1391 4430 1643 4485 rumpere
1696 4425 1880 4485 postea

278 4515 498 4563 coactus
546 4515 647 4562 est.
704 4505 853 4562 Tunc
899 4508 1040 4562 enim
1095 4507 1335 4562 exitialia
1382 4507 1519 4563 bella
1573 4508 1878 4577 Romanum

1991 3305 2192 3351 matum
2224 3296 2453 3366 legimus
2487 3292 2667 3364 (Oros.
2718 3292 2817 3346 los.
2849 3291 2935 3347 cit.
2963 3307 3082 3362 cap.
3109 3290 3226 3364 2l).
3260 3290 3338 3346 De
3366 3299 3596 3360 utraque

1990 3388 2077 3442 illa
2112 3388 2324 3459 publica
2351 3385 2660 3442 calamitate
2683 3383 2800 3439 haec
2830 3384 2988 3454 paulo
3017 3390 3145 3438 ante
3172 3383 3367 3437 citatus
3386 3397 3419 3437 a
3440 3381 3594 3437 nobis

1989 3483 2237 3539 Zosimus
2267 3479 2545 3537 memoria:
2575 3475 2807 3551 prodidit
2841 3494 2855 3533 :
2887 3480 2985 3532 οὒκ
3011 3481 3155 3539 ἧττον
3182 3478 3264 3543 δὲ,
3293 3482 3380 3532 τοῦ
3404 3496 3597 3531 σαντα·

1993 3580 2128 3649 κόθεν
2154 3582 2488 3650 ὶπιϐρῦσαντθς
2514 3574 2744 3642 πολέμων,
2773 3579 2857 3626 καὶ
2879 3576 2905 3625 ὁ
2930 3578 3092 3641 λοιμὸς
3120 3572 3287 3626 πόλεσι
3312 3590 3363 3625 τι
3390 3570 3474 3625 ια.)
3498 3576 3598 3624 κώ-

1990 3692 2107 3740 μιις
2160 3670 2499 3740 ἔπῳνὸμενος,
2531 3671 2576 3721 ει
2615 3691 2666 3720 τι
2715 3664 2985 3731 λελυμένον
3036 3667 3093 3725 ἦν
3135 3663 3401 3733 sapam»
3445 3668 3592 3731 τινος,

1990 3766 2268 3834 adponam,
2300 3762 2434 3812 οὔπω
2469 3760 2693 3829 πρότερον
2716 3760 2763 3810 ιν
2789 3758 2893 3816 τοῖς
2918 3759 3130 3824 φθάσαι
3156 3760 3336 3823 χρόνοις
3359 3758 3593 3814 τοο-αὐτην

1986 3853 2241 3924 ἀὺθρώπων
2267 3849 2510 3905 ἀςώλιιαν
2525 3853 2831 3920 ἐργασάμενος
2856 3844 3072 3919 (Zosim.
3103 3843 3203 3900 loc.
3232 3844 3318 3902 cit.
3348 3843 3548 3915 μω)
3574 3862 3587 3898 :

1994 3962 2013 3996 ι
2047 3942 2157 3999 Nec
2197 3942 2372 3996 minus
2419 3940 2583 4006 bello,
2615 3940 2757 4013 quod
2800 3938 3033 4010 undique
3059 3937 3400 3995 scaturiendo
3443 3938 3593 3995 velut

1987 4044 2305 4104 emerserat,
2334 4035 2451 4091 lues
2471 4035 2631 4091 etiam
2653 4034 2909 4107 pestilens
2948 4036 3001 4089 in
3038 4032 3250 4104 oppidis
3270 4043 3430 4105 atque
3458 4033 3591 4089 vicis

1987 4130 2270 4184 subsecuta
2299 4169 2315 4195 ,
2362 4127 2619 4200 quidquid
2665 4137 2783 4184 erat
2827 4127 3046 4184 humani
3073 4127 3288 4197 generis
3322 4127 3590 4198 reliquum

1985 4222 2306 4292 absumpsit,
2335 4230 2391 4278 et
2418 4236 2707 4293 numquam
2730 4232 2879 4279 certo
2898 4220 3266 4291 superioribus
3292 4235 3356 4276 ea
3375 4220 3592 4276 saaculis

1987 4320 2187 4369 tantam
2220 4312 2498 4368 hominum
2529 4323 2761 4385 stragem
2795 4313 3057 4369 ediderat.
3097 4331 3119 4365 ι

2057 4407 2225 4474 Quam
2252 4415 2431 4462 autem
2455 4407 2570 4462 haec
2595 4421 2719 4461 vera
2745 4407 2871 4471 sint,
2894 4420 2958 4461 ac
2979 4420 3139 4476 quam
3166 4404 3276 4462 late
3299 4413 3589 4478 propagata

1985 4499 2145 4556 fuerit
2168 4499 2378 4557 funesta
2430 4500 2518 4555 illa
2568 4500 2757 4570 pestis,
2784 4506 2951 4553 testes
3001 4497 3263 4554 habemus
3289 4498 3438 4554 omni
3462 4513 3592 4570 pro-

279 4598 559 4670 imperium
591 4599 991 4667 conctttiehant,
1026 4614 1089 4655 ac
1127 4601 1393 4655 dirissima
1432 4600 1623 4669 fames,
1666 4612 1721 4657 et
1755 4600 1878 4657 hor-
1901 4614 1956 4675 Ῑ)
1983 4591 2123 4648 fec“)
2153 4591 2257 4647 ﬁde
2310 4591 2560 4661 maiores.
2616 4589 2929 4661 DiOIlYSium
2965 4589 3411 4659 Alexandrinum,
3440 4591 3586 4647 Pon-

278 4692 444 4747 reutla
478 4692 642 4761 pestis
672 4692 855 4760 urbes,
887 4693 1055 4760 vicos,
1086 4707 1149 4747 ac
1174 4693 1410 4762 singulas
1437 4693 1627 4748 domos
1654 4693 1880 4749 misera-

280 4784 458 4840 biliter
478 4785 758 4841 vastabant
785 4796 840 4842 et
880 4786 1365 4857 depOpulabantur.
1401 4787 1527 4840 Data
1559 4796 1740 4841 autent
1781 4785 1880 4842 hac

279 4879 566 4935 occasione
595 4878 992 4946 Demetrlanns,
1028 4880 1213 4935 accitis
1232 4894 1344 4933 sua:
1371 4878 1658 4949 impietatis
1675 4887 1728 4935 et
1753 4894 1882 4935 cnn-

239 4971 527 5047 .tutnaciae
577 4972 757 5038 sociis,
801 4972 975 5043 palam
1024 4970 1363 5027 conclamare
1418 4972 1581 5041 coepit
1625 4972 1880 5041 plurimos

278 5065 533 5135 conqueri
584 5080 687 5119 non
717 5065 873 5120 aliam
921 5073 1187 5120 tantarum
1216 5065 1578 5120 calamitatum
1608 5080 1726 5119 esse
1755 5080 1882 5119 cau-

278 5171 416 5221 sam,
463 5157 561 5211 nisi
600 5154 1051 5225 Christianorum,
1104 5156 1266 5212 falsos
1304 5156 1433 5212 deos
1483 5158 1664 5213 colere
1694 5157 1883 5212 nolen-

280 5247 432 5312 titttt,
466 5248 815 5317 pertinaciam
842 5259 895 5307 et
924 5251 1271 5320 impietatem.
1298 5250 1634 5320 Quapmpter
1659 5250 1881 5323 Cypria—

279 5350 402 5402 nus,
446 5354 513 5395 ne
557 5341 788 5411 gentiles
841 5350 992 5397 m‘nre
1041 5345 1221 5411 solito,
1250 5343 1391 5414 quod
1432 5343 1548 5413 ipse
1579 5345 1777 5398 tamdiu
1810 5354 1882 5399 ta-

276 5440 483 5500 cuerat,
512 5434 874 5505 respondendi
907 5435 1225 5491 dimdentim
1255 5446 1308 5492 et
1332 5436 1660 5506 impotentitc
1687 5436 1887 5492 tribue-

212 5598 218 5602 ι
277 5528 421 5591 rent,
453 5525 519 5579 ad
548 5539 715 5581 vanas
738 5525 1025 5599 futilesquc
1048 5529 1259 5583 illotum
1301 5529 1596 5583 calumnias
1618 5528 1720 5583 hoc
1746 5528 1883 5583 libro

276 5618 618 5688 repellendas
659 5624 945 5692 aggressus
987 5628 1108 5689 est;
1142 5641 1160 5674 ‹
1221 5621 1442 5688 Tacere,
1496 5623 1685 5693 inquit,
1742 5622 1882 5677 ultra

276 5720 387 5768 non
414 5712 646 5781 oportet,
675 5730 742 5771 ne
763 5715 874 5787 jam
913 5732 1019 5771 non
1062 5715 1422 5781 verecundia,
1451 5719 1545 5773 sed
1574 5717 1882 5773 diffidentiae

272 5819 399 5867 esse
445 5803 687 5883 incipiat,
728 5809 873 5881 quod
920 5815 1277 5877 tacemus;et
1323 5807 1883 5872 dum'criminationes

1983 4688 2113 4743 tium
2135 4686 2386 4757 Cypriani
2428 4685 2594 4739 nostri
2620 4683 2927 4750 diaconum,
2950 4693 3006 4737 et
3049 4682 3339 4753 ipsummet
3359 4682 3580 4756 Cypria-

1983 4794 2133 4833 num.
2156 4777 2366 4832 Primus
2381 4776 2525 4832 enim
2556 4775 2610 4830 in
2638 4775 2878 4830 collectis
2901 4774 2970 4830 ab
2989 4775 3222 4832 Eusebio
3240 4775 3588 4847 epistolarum

1983 4870 2102 4941 ejus
2126 4869 2438 4938 fragmentis
2469 4868 2583 4923 haec
2629 4867 2697 4952 de
2728 4876 2896 4937 peste,
2924 4884 3045 4939 qua!
3094 4868 3321 4927 Galieno
3346 4872 3593 4941 proxime

1988 4973 2109 5035 post
2134 4963 2346 5020 Gallum
2391 4965 2711 5035 imperante,
2743 4965 2985 5037 contigit,
3033 4980 3284 5023 narrasse
3332 4968 3589 5039 perhibe-

1989 5064 2074 5111 tur
2125 5056 2336 5129 (Euseb.
2393 5059 2481 5114 lib.
2555 5075 2627 5116 vn
2677 5058 2876 5115 Hister.
2942 5060 3244 5117 Ecclesiast.
3312 5077 3428 5133 cap.
3491 5061 3586 5131 22,

1983 5176 2037 5227 p.
2069 5155 2173 5211 265
2213 5155 2399 5229 scqq.).
2448 5154 2609 5221 Lues,
2673 5156 2865 5226 inqttit,
2908 5157 3149 5212 omnium
3191 5157 3585 5214 formidolosis-

1982 5250 2139 5315 sima,
2199 5258 2252 5305 et
2298 5247 2783 5312 calamitosissima,
2833 5246 3076 5304 inaudito
3115 5248 3376 5305 hactenus
3422 5249 3586 5305 modo

1983 5344 2270 5414 plurimum
2310 5343 2363 5397 in
2396 5340 2620 5413 gentiles
2669 5349 2906 5410 grassata
2929 5348 3030 5397 est.
3054 5340 3244 5397 Omnia
3286 5343 3481 5413 quippe
3508 5343 3585 5397 la-

1984 5437 2367 5491 mentationum
2393 5434 2543 5505 plena
2567 5441 2740 5500 erant,
2768 5432 3021 5503 lugebant
3039 5435 3308 5502 cuncti,et
3337 5434 3407 5490 ob
3435 5450 3580 5490 utor-

1984 5537 2194 5584 tuorum
2250 5544 2313 5583 ac
2364 5527 2601 5598 quotidie
2653 5525 2995 5581 morientium
3062 5527 3335 5582 hominum
3404 5530 3584 5583 multi-

1983 5619 2218 5675 tudinem
2294 5629 2402 5673 tota
2466 5622 2594 5673 urbs
2659 5618 3111 5683 circumsonahat.
3192 5618 3347 5674 Nulla
3427 5621 3586 5693 plano

1981 5711 2174 5765 domus
2226 5720 2373 5778 erat,
2429 5711 2480 5765 in
2533 5725 2634 5780 qua
2707 5727 2869 5766 unum
2912 5710 2979 5766 ad
3028 5711 3206 5768 minus
3260 5710 3424 5769 funus
3477 5730 3583 5767 non

1981 5802 2162 5864 fuerit.
