4190 6266
660 284 768 340 98ἶ

1936 281 2000 339 l.\‘
2063 281 2271 339 ῑιιιύλι
2308 280 2708 339 CYPRUM?“

3884 285 3971 344 98%

684 450 695 463 .
735 404 961 459 Pontius
987 417 1113 457 vero
1133 402 1376 459 oculatns
1399 403 1550 458 testis
1584 403 1715 456 Izaur
1749 411 1973 474 pestem,
2008 416 2068 456 ac
2110 403 2262 456 terri-
2290 410 2339 466 Λ
2437 412 2670 471 suscepto
2726 402 2935 458 rimlicis
2987 401 3292 458 Christiane
3343 403 3603 475 rcligioms
3658 404 3844 476 ofﬁcio
3883 418 3969 463 non

664 494 805 551 biles
852 497 972 565 ejus
1022 494 1246 550 elfectus
1291 496 1342 549 iu
1411 495 1654 564 ejusdem
1713 495 1972 567 Cypriani
2020 495 2137 551 Vita
2190 497 2271 551 sic

665 587 962 645 describit:
998 606 1017 639 ι
1050 586 1239 658 Erupit
1265 597 1384 659 post
1413 588 1629 644 modum
1663 589 1925 653 luculira,
1955 598 2009 643 et
2036 586 2271 644 detesta-

665 680 793 738 bilis
818 679 1040 734 vastitas
1080 682 1264 747 nimia,
1315 682 1624 738 innumeros
1651 698 1749 753 per
1787 681 1931 737 diem
1984 683 2208 751 populos
2241 697 2273 737 a

668 788 763 832 sua
789 786 1059 845 quemque
1081 774 1211 830 sede
1238 774 1467 845 abrupto
1498 776 1698 845 impetu
1723 775 1959 845 rapiens,
1992 772 2275 830 continua-

667 879 767 931 ωε
788 888 880 941 per
901 871 1147 928 ordinem
1176 869 1368 924 domos
1398 868 1539 939 vulgi
1574 869 1857 923 trementis
1886 868 2104 924 invasit.
2138 866 2277 924 Ilur-

667 978 793 1021 rere
821 980 1032 1031 omnes,
1054 964 1261 1035 fugere,
1290 962 1461 1018 vitare
1489 962 1819 1031 contagium,
1847 976 2121 1032 exponere
2145 977 2276 1017 suos

668 1057 835 1129 impie
855 1058 1007 1128 quasi
1050 1072 1173 1112 cum
1217 1054 1311 1111 illo
1357 1065 1505 1127 peste
1531 1054 1811 1117 morituro,
1842 1054 2003 1108 etiam
2044 1063 2273 1110 mortem

665 1148 840 1219 ipsam
869 1149 1067 1220 aliquis
1087 1156 1267 1219 posset
1294 1145 1605 1202 excludere.
1637 1144 1895 1202 Jacebaut
1924 1146 2139 1202 interim
2165 1156 2276 1202 tota

665 1242 882 1297 civitate
908 1258 1013 1297 non
1040 1241 1150 1309 jam
1179 1256 1434 1311 corpora,
1470 1239 1565 1295 sed
1610 1240 1871 1297 cadavera
1918 1241 2273 1310 plurimorum

671 1334 852 1407 (Poni.
886 1336 938 1389 in
976 1335 1090 1390 Vim
1121 1335 1250 1406 (ἕω).
1287 1334 1436 1404 τ›.5).
1482 1352 1499 1386 ι

738 1429 857 1499 Ipse
879 1438 1056 1486 autem
1079 1426 1379 1501 Cyprianus
1416 1429 1467 1483 iu
1516 1443 1580 1483 eo
1611 1428 1766 1493 libro,
1800 1445 1959 1499 quem
1983 1429 2048 1485 ad
2076 1444 2270 1486 conso-

668 1522 861 1577 landus
890 1512 993 1577 bac
1019 1523 1070 1576 in
1095 1522 1402 1578 calamitate
1424 1519 1757 1575 Christianus
1785 1521 2022 1590 scripsit,
2054 1521 2278 1578 horren-

669 1612 795 1667 dam
830 1614 971 1667 illius
996 1614 1124 1680 vim,
1156 1624 1212 1670 et
1242 1608 1608 1675 intolerandus
1651 1613 2026 1685 :rgrotantium
2057 1612 2277 1670 dolores

668 1706 824 1762 hisce
871 1706 1116 1775 depinxit
1162 1711 1385 1766 verbis:
1424 1733 1445 1767 ι
1481 1714 1592 1768 lloc
1642 1710 1785 1783 quod
1842 1722 1985 1764 nunc
2034 1708 2279 1777 corporis

2450 498 2613 566 plene,
2648 496 2775 550 sicut
2816 497 3073 551 contendit
3103 494 3426 560 Lactantius,
3473 498 3814 568 satisfecerit.

2449 592 2684 661 chde
2734 591 2890 662 hujus
2921 592 3039 648 libri
3082 591 3353 648 scribendi
3380 592 3679 648 occasione
3725 603 3786 648 et
3813 608 3971 650 neces-

2377 686 2537 741 sitate
2593 700 2716 739 mox
2771 668 3026 747 diximus.
3088 682 3204 740 lucc
3253 683 3426 754 palam
3475 683 3745 739 omnibus
3798 682 3971 739 l'acium

2376 776 2647 849 quodnam
2677 776 2749 831 sit
2798 777 2939 831 illius
2984 786 3379 848 argumentum.
3429 773 3632 831 Contra
3697 774 3867 830 falsas
3909 779 3969 830 si-

2376 871 2592 943 quidem
2635 885 2697 925 ac
2743 870 2982 941 publicas
3016 869 3360 931 Demetriani.
3411 869 3773 941 aliorumque
3823 868 3971 925 ethni-

2377 980 2565 1020 corum
2593 965 2998 1021 criminationes
3025 964 3327 1037 Cyprianus
3375 963 3428 1018 in
3459 963 3554 1019 illo
3600 964 3971 1019 demonstrau-

2379 1056 2505 1112 duut
2562 1056 2797 1128 suscepit
2851 1071 3187 1127 nequaquam
3250 1055 3626 1120 Christianos,
3692 1071 3882 1111 verum
3931 1065 3971 1111 et

2381 1149 2596 1204 unicum
2654 1147 2819 1204 Deum
2875 1148 3139 1214 colentes,
3196 1148 3466 1218 vitamque
3519 1154 3761 1217 agentes
3819 1147 3967 1216 piam.

2379 1252 2603 1305 casmm,
2659 1249 2712 1295 et
2743 1240 3028 1296 criminum
3067 1249 3367 1310 expertem,
3416 1239 3512 1294 sed
3553 1241 3716 1309 ipsos
3767 1243 3972 1309 gentiles

2381 1333 2636 1387 falsorum
2686 1331 2908 1387 deorum
2937 1332 3196 1396 cultores,
3230 1347 3294 1387 ac
3332 1330 3713 1402 quorumlibet
3742 1333 3968 1402 gravissi-

2381 1440 2589 1480 morum
2620 1424 2905 1479 criminum
2936 1440 3081 1490 reos,
3115 1423 3449 1495 publicarum
3501 1425 3755 1480 cladium
3808 1442 3966 1480 revera

2378 1532 2499 1573 esse
2529 1532 2768 1571 causam.
2832 1514 3005 1572 Variis
3034 1523 3211 1580 autem
3243 1517 3293 1570 id
3346 1516 3534 1587 probat
3566 1518 3844 1573 ratioiiuiu
3874 1536 3965 1572 iuo-

2381 1610 2606 1674 meutis,
2655 1624 2718 1664 ac
2781 1608 3022 1679 pluribus
3068 1624 3351 1665 sacrorum
3412 1611 3606 1667 Vatum
3672 1623 3959 1667 nostrorum

2380 1703 2632 1768 oraculis,
2688 1703 2776 1773 qui
2825 1702 3007 1757 divino
3033 1701 3231 1774 Spiritu
3277 1703 3467 1769 afﬂati,
3500 1703 3625 1759 illas
3676 1721 3789 1760 non
3817 1706 3960 1762 soluat

670 1799 815 1854 vires
865 1799 1075 1854 solutus
1127 1801 1183 1855 in
1227 1802 1426 1859 fluxum
1479 1814 1669 1861 venter
1712 1790 2167 1869 eviscerat,quod
2221 1799 2273 1854 in
2306 1802 2353 1862 Β
2381 1797 2763 1867 praedixerant,
2814 1796 2907 1852 sed
2942 1797 3060 1852 fore
3106 1798 3270 1854 etiam
3310 1806 3367 1853 nt
3408 1798 3550 1854 Deus
3603 1798 3961 1872 Omnipotens.

667 1892 903 1949 faucium
940 1893 1160 1951 vulnera
1191 1910 1485 1966 conceptus
1502 1898 1811 1954 medullitus
1832 1894 1972 1965 ignis
1993 1904 2277 1962 exzvstuat,

670 1986 815 2056 quod
842 1989 1062 2046 assiduo
1092 1993 1296 2046 vomitu
1329 1993 1577 2048 intesuna
1603 1991 1939 2061 quatiuntur,
1971 1991 2116 2062 quod
2140 1990 2280 2045 oculi

672 2079 723 2132 vi
748 2081 1025 2150 sanguinis
1050 2083 1410 2152 inardescunt,
1436 2085 1576 2156 quod
1599 2083 1953 2155 quorunulam
1978 2082 2060 2139 vel
2089 2081 2276 2152 pedes,

671 2170 757 2225 vel
779 2171 973 2241 aliqua:
997 2176 1363 2233 membrorum
1392 2186 1575 2248 partes
1601 2175 1855 2245 contagio
1883 2177 2146 2234 morbida:
2179 2190 2278 2245 1³⁸³⁸

672 2262 901 2319 trcdinis
936 2277 1304 2338 amputantur,
1355 2270 1494 2340 quod
1549 2285 1647 2341 per
1686 2272 1926 2341 jacturas
1974 2280 2030 2328 et
2084 2270 2278 2324 damna

673 2371 964 2427 corporum
998 2373 1387 2433 prorumpente
1416 2365 1694 2435 languore,
1720 2366 1802 2423 vel
1853 2364 2165 2422 debilitatur
2193 2364 2279 2424 iu-

674 2461 884 2514 cessus.
913 2451 995 2507 vel
1051 2452 1266 2508 auditus
1315 2455 1633 2521 obstruitur,
1668 2457 1752 2512 vel
1781 2470 2016 2513 ctccatur
2053 2456 2278 2527 adspec-

677 2547 786 2604 tus,
811 2540 879 2597 ad
907 2541 1289 2601 documentum
1329 2547 1535 2616 prolicit
1562 2548 1685 2603 lidei
1712 2550 1890 2620 (Cypr.
1917 2549 2008 2605 lib.
2035 2550 2098 2605 de
2137 2548 2282 2604 Mor-

681 2632 815 2686 talit.
846 2649 902 2701 p.
933 2632 1082 2705 162).
1109 2655 1129 2689 ι
1166 2636 1282 2692 Non
1332 2640 1602 2698 immerito
1630 2642 1790 2712 igitur
1830 2643 1952 2711 jure
1992 2642 2280 2698 Eusrbiani

676 2721 917 2780 chronici
938 2738 1127 2785 auctor
1148 2727 1364 2801 (Chron.
1383 2730 1573 2789 Euseb.
1613 2733 1683 2788 ad
1704 2750 1897 2789 annum
1911 2733 2100 2790 Christi
2122 2732 2274 2806 253),

683 2813 1082 2884 etJornandes,
1114 2820 1180 2875 ad
1212 2819 1357 2878 hunc
1397 2823 1650 2897 Cypriani
1681 2827 1873 2884 librum
1907 2826 2189 2901 (Jornattd.
2217 2830 2282 2886 de

674 2902 806 2961 Reb.
838 2906 997 2964 Getic.
1032 2927 1146 2983 cap.
1203 2912 1318 2986 l9),
1345 2924 1507 2987 atque
1544 2919 1612 2974 ad
1650 2920 1868 2976 citatam
1893 2921 2133 2994 Dionysii
2154 2923 2281 2980 Ale-

673 2998 922 3055 xandrini
953 3005 1240 3073 epiStolam
1278 3024 1380 3066 nos
1427 3012 1665 3079 mittttnt,
1696 3022 1755 3067 ut
1792 3013 2085 3080 discamus,
2118 3032 2278 3085 quam

673 3089 811 3161 dira,
836 3103 891 3150 et
920 3094 1190 3156 horrenda
1219 3102 1386 3171 pestis
1410 3102 1501 3158 illa
1530 3103 1713 3179 fuerit.
1742 3105 1800 3159 In
1836 3104 1939 3160 hoc
1967 3116 2148 3161 autem
2175 3107 2278 3179 Cy-

2385 1900 2439 1946 et
2464 1889 2806 1960 mquissimus
2858 1889 3124 1946 scelerum
3154 1889 3366 1958 vindex,
3412 1891 3481 1947 de
3512 1892 3783 1963 improbis
3811 1907 3856 1947 ct
3885 1896 3960 1948 im-

2384 1984 2485 2055 piis
2532 1983 2634 2039 illis
2692 1982 2996 2039 hominibus
3044 1982 3254 2040 debitas
3307 1984 3597 2056 aliquando
3636 2002 3840 2059 ἰωςείις
3884 2004 3959 2041 su-

2385 2086 2574 2133 IllCl‘Ol.

2455 2174 2527 2227 At
2575 2170 2887 2235 Lactantius
2936 2170 3093 2227 sicuti
3154 2186 3252 2227 suo
3312 2172 3433 2228 loco
3495 2174 3952 2231 animadvertimus

2383 2262 2681 2339 (Disseruit.
2710 2265 2761 2320 in
2796 2263 3032 2320 Lactant.
3065 2282 3184 2338 cap.
3223 2268 3278 2332 5,
3327 2278 3430 2321 art.
3458 2267 3515 2334 2;
3545 2268 3791 2325 Lactant.
3822 2270 3898 2324 lib.
3928 2285 3952 2324 v

2380 2355 2499 2412 Div.
2530 2355 2705 2411 Instit.
2750 2372 2867 2424 cup.
2900 2358 2951 2423 1,
2985 2374 3105 2430 pag.
3155 2357 3265 2413 459
3318 2368 3366 2412 et
3397 2376 3513 2431 cap.
3548 2360 3605 2427 5,
3655 2378 3773 2435 pag.
3819 2360 3950 2429 HI),

2385 2464 2490 2505 non
2527 2449 2688 2505 modo
2733 2448 2924 2517 libere,
2958 2450 3056 2505 sed
3082 2453 3214 2507 satis
3262 2467 3457 2523 aspere
3497 2452 3949 2526 Cyprianum-pro-

2385 2551 2573 2612 pterea
2604 2542 2896 2611 redarguit,
2925 2542 3068 2615 quod
3100 2545 3515 2625 Demetrianum,
3549 2548 3635 2603 bis
3667 2558 3854 2603 tantum
3879 2561 3948 2602 re-

2364 2636 2531 2691 .fellat
2561 2647 2616 2692 et
2650 2647 2922 2707 uppugnet
2944 2638 3266 2694 testimoniis
3292 2653 3459 2694 sacra:
3482 2639 3786 2711 Scriptum,
3808 2655 3942 2710 quiut

2381 2733 2595 2805 gentilis
2635 2733 2726 2793 ille
2768 2736 2931 2790 homo
2972 2749 3227 2802 «vanam,
3281 2735 3479 2798 fictam,
3520 2737 3934 2792 commentiu'am-

2383 2840 2487 2896 que
2518 2824 2752 2895 putabat.
2792 2844 2811 2879 ι
2865 2826 3229 2892 Quamobrem
3266 2822 3404 2881 haud
3438 2827 3731 2885 dubitanter
3763 2825 3932 2880 asserit

2382 2922 2529 2977 illum
2558 2922 2610 2976 in
2643 2940 2662 2973 ι
2683 2937 2745 2978 ea
2770 2940 2816 2987 ι,
2846 2922 2983 2979 sicut
3013 2921 3265 2992 loquitur,
3295 2940 3314 2974 (
3352 2924 3596 2978 oratione
3627 2943 3645 2974 ι
3670 2936 3755 2977 uec
3771 2918 3926 2990 plane,

2383 3030 2483 3070 nec
2534 3014 2634 3070 rite
2676 3025 2986 3084 susceptum
3016 3012 3320 3084 explevisse
3344 3015 3642 3073 defensoris
3665 3011 3930 3069 christiana:

2366 3107 2653 3181 ‘religionis
2698 3123 2910 3163 munus.
2976 3105 3093 3162 Non
3123 3106 3279 3162 aliter
3308 3107 3470 3178 igitur
3525 3107 3670 3163 illmn
3720 3103 3923 3160 excnsni

674 3198 869 3265 priani,
902 3198 1092 3270 dequo
1112 3198 1468 3267 disputamus,
1504 3178 1642 3253 libro
1667 3200 1737 3254 de
1761 3200 1874 3262 illa.
1892 3210 1946 3256 et
1975 3199 2096 3255 aliis
2134 3178 2277 3255 cata;
2301 3193 2346 3255 C
2384 3178 2539 3267 posse
2584 3199 2851 3270 opinatur,
2895 3199 2996 3254 nisi
3024 3202 3144 3270 quia
3188 3218 3207 3252 ι
3230 3207 3412 3272 raptus
3434 3199 3631 3256 eximia
3678 3198 3926 3255 eruditione

672 3290 956 3344 mitatibns
1002 3300 1113 3345 nun
1165 3290 1417 3346 obortis:
1474 3310 1493 3343 ι
1531 3289 1829 3358 Crebrius,
1878 3292 2086 3362 inquit,
2138 3292 2277 3347 bella

676 3380 1015 3445 continuant,
1045 3380 1308 3435 sterilitas
1335 3389 1389 3435 et
1429 3382 1598 3435 fames
1637 3380 2061 3437 sollicitudinem
2087 3398 2280 3439 cumu-

676 3470 1180 3538 lant,sa‘.vientibus
1224 3472 1428 3528 morbis
1472 3473 1726 3529 valetudo
1774 3474 2054 3545 frangitur,
2082 3475 2277 3532 buma-

675 3579 805 3619 num
845 3580 1013 3634 genus
1050 3567 1151 3623 luis
1191 3566 1536 3640 populatione
1568 3577 1804 3624 vastatur
1826 3567 2071 3638 (Ibidem,
2095 3569 2183 3625 tib.
2208 3571 2278 3625 ad

670 3652 874 3711 Deum.
921 3675 975 3729 p.
1024 3658 1172 3733 187).
1210 3677 1229 3712 ι
1288 3658 1454 3716 Paulo
1496 3669 1677 3717 autem
1722 3660 1971 3731 superius
2019 3659 2271 3718 dixerat:

679 3775 700 3810 ι
737 3758 924 3814 Deficit
967 3762 1020 3816 in
1074 3760 1217 3833 agris
1242 3761 1663 3837 (manuscriptus
1709 3762 1886 3821 codex
1931 3763 2276 3822 Colbertinus

673 3852 967 3922 antiquior,
999 3857 1075 3926 (iu
1095 3858 1254 3930 aruis)
1282 3859 1540 3931 agricola,
1573 3860 1629 3915 in
1656 3858 1792 3915 mari
1821 3867 2007 3927 nauta,
2033 3860 2189 3917 miles
2219 3860 2272 3916 in

674 3945 868 3999 castris
896 3946 1059 4018 (Ibid.
1084 3968 1138 4019 ῃ.
1167 3950 1353 4020 186).ι

744 4033 880 4091 Cum
909 4038 1139 4094 mundus
1168 4042 1331 4112 igitur
1372 4043 1536 4098 tantis
1577 4044 1841 4110 cladibus,
1874 4053 2132 4116 tantaque
2178 4044 2275 4100 ho-

671 4127 879 4183 minam
897 4145 1036 4200 pene
1062 4132 1299 4188 omnium
1324 4141 1506 4204 strage
1526 4146 1849 4202 vastaretur,
1872 4136 2270 4205 Dcmetrianus,

669 4221 870 4293 aliique
900 4239 1035 4293 quos
1073 4225 1174 4281 sibi
1201 4225 1539 4299 adiunxerat,
1572 4228 1735 4284 altius
1769 4246 1836 4287 ac
1875 4231 2049 4301 plenis
2087 4231 2272 4289 buccis

667 4314 1073 4372 conclamarunt
1100 4318 1359 4383 mundum
1401 4334 1463 4375 ea
1506 4320 1767 4377 hactenus
1811 4323 2047 4380 inaudita
2094 4336 2269 4394 peste,

667 4410 897 4483 aliisque
926 4412 1082 4469 famis
1108 4423 1164 4469 et
1208 4414 1335 4472 belli
1378 4415 1776 4471 calamitatibus
1823 4417 1945 4472 ideo
1990 4418 2175 4489 affligi,
2207 4434 2273 4476 ac

666 4514 808 4571 pene
834 4511 1003 4557 totum
1030 4506 1300 4575 opprimi;
1330 4506 1454 4576 quia
1491 4506 1781 4564 Christiani
1833 4509 1998 4566 falsos
2054 4511 2268 4569 illorutn

2380 3292 2681 3348 divinarum
2730 3292 3079 3359 Litterarum,
3110 3300 3167 3346 ut
3201 3292 3267 3348 iis
3310 3292 3440 3348 solis
3487 3301 3759 3351 contentus
3788 3298 3917 3353 cs-‘ct,

2379 3386 2571 3457 quibus
2595 3386 2728 3442 fides
2768 3389 3001 3440 constat.
3030 3406 3048 3438 ι

2454 3474 2649 3537 Verum
2703 3478 2911 3533 tametsi
2966 3477 3334 3534 Demetrianus
3390 3477 3635 3534 nefandis
3686 3476 3914 3549 gentilium

2377 3570 2845 3639 superstitionibus
2875 3569 3269 3627 addit-tissimus
3290 3572 3468 3636 fuerit,
3492 3586 3755 3645 saeuoque
3775 3569 3918 3638 Scrip-

2379 3672 2515 3718 turze
2547 3675 2745 3718 nostra:
2777 3663 3023 3733 rejecerit
3066 3665 3472 3731 auctoritatem;
3528 3682 3632 3721 non
3659 3674 3836 3721 temere
3857 3671 3918 3716 ta-

2377 3770 2501 3811 men
2551 3756 2847 3828 Cyprianus
2887 3766 3070 3812 noster
3100 3772 3224 3812 vera
3254 3756 3374 3827 ejus
3417 3758 3714 3815 testimonia
3742 3756 3800 3811 ad
3827 3767 3921 3824 pro

2379 3848 2663 3917 pulsandas
2693 3849 2899 3919 iniquas
2942 3849 3084 3905 illius
3106 3850 3508 3908 criminationes
3536 3851 3756 3907 adhibet.
3781 3847 3913 3914 Qua:-

2375 3942 2498 3998 dam
2546 3940 2689 3999 enim
2730 3940 2887 4009 luijns
2918 3941 3037 3997 libri
3087 3943 3260 4011 initio,
3314 3959 3381 4000 ex
3429 3944 3830 4005 Proverbtorum,
3874 3946 3921 3992 et

2378 4031 2611 4089 Blattluei
2640 4031 2793 4088 libris
2819 4033 2950 4088 citat
2984 4043 3276 4105 praecepta,
3315 4037 3507 4107 quibus
3543 4037 3709 4091 insano
3735 4029 3911 4085 homini

2375 4139 2431 4189 et
2468 4130 2668 4187 insulse
2715 4129 2926 4187 latranti
2971 4130 3290 4201 responderi
3327 4132 3637 4203 prohibetur.
3680 4123 3911 4198 Atquitl.

2373 4239 2579 4297 quzeso,
2623 4223 2846 4295 impedit
2891 4222 3179 4294 quominus
3218 4223 3355 4292 lucc,
3404 4241 3522 4296 qua:
3568 4232 3715 4282 recta:
3743 4218 3915 4277 rationi

2375 4318 2535 4389 plane
2562 4328 2924 4375 consentanea
2970 4324 3116 4383 sunt,
3159 4327 3214 4372 et
3239 4317 3307 4372 ab
3353 4319 3603 4376 omnibus
3641 4331 3771 4374 sanie
3790 4328 3917 4369 men-

2374 4413 2441 4467 tis
2499 4411 2806 4469 ltominibus
2855 4409 3171 4474 observata,
3222 4420 3412 4465 contra
3464 4410 3743 4482 quemlibet
3782 4405 3917 4462 etiam

2375 4509 2857 4577 pertinacissimum
2924 4514 3179 4582 gentile!“
3239 4511 3464 4586 proferri
3506 4506 3767 4590 ~possint?
3822 4499 3919 4557 Alia

666 4592 803 4647 deos
845 4594 1025 4650 colere
1064 4596 1458 4655 detrectabant.
1513 4598 1836 4671 Cyprianus,
1867 4601 2067 4672 itaque,
2093 4614 2151 4658 ut
2204 4619 2266 4660 os
2291 4591 2343 4652 Ι)
2367 4600 2529 4656 etiam
2578 4602 2737 4674 longe
2766 4604 2919 4673 plura
2959 4608 3145 4664 retulit
3195 4606 3529 4665 testimonia.
3582 4602 3761 4676 quibus
3777 4592 3918 4670 publi-

668 4686 938 4757 impurum
992 4687 1359 4759 Demetriano,
1403 4695 1724 4762 ueterisque
1762 4691 1994 4749 ethnicis
2047 4695 2264 4752 tandem

662 4783 994 4850 occluderet.
1023 4795 1182 4858 atque
1206 4785 1273 4843 ad
1296 4789 1585 4854 saniorem,
1612 4790 1657 4845 si
1688 4789 1803 4847 fieri
1848 4801 2077 4862 poterat,
2108 4810 2262 4849 men-

664 4884 773 4932 tem
799 4889 1099 4947 revocaret,
1132 4882 1344 4937 illorum
1383 4884 1653 4955 querelas,
1681 4887 2025 4955 quantumvis
2069 4886 2265 4944 absur-

663 4968 783 5037 das,
812 4969 916 5027 hoc
942 4971 1175 5041 publico,
1212 4973 1282 5029 de
1310 4989 1419 5046 quo
1450 4976 1679 5046 agimus,
1709 4977 1865 5046 libro,
1890 4980 2262 5050 reprimendas

663 5065 1029 5122 necessarium
1057 5080 1179 5124 esse
1204 5068 1552 5125 existimavit.

1305 5243 1532 5303 CAPUT
1549 5244 1614 5302 11.

655 5394 737 5453 De
760 5397 916 5468 hujus
942 5397 1058 5453 libri
1083 5409 1402 5471 argumento,
1453 5408 1619 5469 amite,
1652 5401 1911 5460 codicibus
1934 5409 2255 5480 umnnscrip-

906 5495 991 5564 tis,
1034 5495 1359 5565 editionibus,
1407 5506 1455 5553 et
1482 5499 1818 5570 quorumdam
1846 5503 1998 5558 notis.

1193 5675 1488 5719 AB‘I'ICULUS
1504 5678 1711 5721 PRIIUS.

2368 4707 2449 4748 exe
2488 4692 2616 4761 illae,
2648 4693 2718 4751 de
2744 4696 2942 4765 quibus
2972 4699 3175 4757 ethnici
3216 4698 3704 4769 conquerebantur.
3741 4686 3918 4748 cladc5.

2365 4798 2395 4837 a
2440 4784 2609 4841 sacris
2652 4789 2854 4845 nostris
2899 4789 3142 4858 Vatibus,
3180 4786 3639 4865 quemadmodum
3684 4785 3908 4844 diximus.

2364 4878 2737 4946 prmuuntiatte
2775 4880 3004 4941 fuerant.
3057 4884 3167 4942 Sed
3218 4902 3343 4942 cum
3395 4885 3679 4956 perspicue
3704 4881 3918 4937 demons-

2365 4977 2470 5025 tret
2526 4969 2687 5028 hasce
2726 4975 3106 5046 prtedictioues
3177 4994 3333 5037 suum
3400 4978 3623 5033 sortitas
3652 4986 3764 5032 esse
3787 4965 3915 5024 θποο*

2364 5070 2500 5128 tum,
2555 5080 2733 5123 nonne
2784 5083 2853 5124 ex
2906 5068 2971 5124 iis
3017 5084 3124 5125 non
3182 5070 3454 5127 inﬁrmum
3508 5070 3747 5143 profecto
3790 5057 3916 5117 duxit

2360 5163 2547 5213 contra
2590 5158 2834 5217 ethnicos
2880 5162 3293 5233 argumentum?

2432 5249 2515 5306 Ad
2571 5250 2687 5308 haec
2728 5269 2878 5321 vero,
2938 5255 3312 5315 Demetrianus
3361 5258 3562 5331 sapius
3595 5254 3913 5333 Cyprianum.

2358 5341 2514 5399 sicuti
2544 5344 2661 5415 ipse
2689 5344 2907 5414 fatetur,
2953 5356 3010 5404 et
3037 5350 3144 5420 jam
3169 5351 3566 5417 annotavimus,
3596 5347 3911 5408 convenerat;

2356 5444 2431 5491 ut'
2453 5449 2577 5492 eum
2626 5452 2694 5495 eo
2721 5436 2923 5500 desua
2960 5457 3026 5498 ae
3060 5440 3353 5499 christiana
3406 5443 3671 5515 religione
3704 5440 3911 5507 dispolr

2357 5538 2461 5584 ret.
2498 5529 2757 5596 Quamvis
2784 5542 2963 5589 autem
2999 5534 3149 5591 illum
3180 5544 3240 5591 ut
3267 5545 3391 5605 pote
3417 5536 3796 5608 ineptissimum
3833 5536 3911 5580 τωο

2353 5630 2619 5691 gatorem,
2653 5638 2718 5679 ac
2753 5623 3093 5684 Christianos
3132 5629 3376 5685 omnium
3425 5628 3754 5700 publicarum
3794 5616 3911 5676 cala'

2353 5716 2602 5771 mitatum
2648 5725 2897 5775 auctores
2922 5733 3045 5776 esse
3086 5729 3193 5776 tam
3226 5722 3589 5792 pertinaciter,
3631 5730 3779 5792 quam
3800 5708 3910 5767 {alio

650 5770 728 5840 be
752 5789 908 5860 hujus
935 5791 1303 5850 lucubrationis
1330 5802 1648 5868 argumento,
1681 5802 1729 5856 et
1752 5809 1922 5857 utrum
1948 5800 2243 5873 Cyprianus
2346 5806 2714 5866 clamitantem
2748 5810 2997 5881 prudenti
3051 5770 3268 5871 silentib
3317 5770 3610 5885 spreverit}
3646 5770 3743 5871 bon
3775 5800 3910 5863 tacuit
