4190 6266
310 284 417 344 933

1728 287 2196 350 lilSSERTATlO.

3502 295 3610 353 986
3626 352 3633 363 ,

310 415 488 460 tamen
517 417 746 474 semper.
782 402 913 460 Nam
951 424 967 457 ι
992 403 1127 471 iure,
1160 406 1347 478 inquit,
1379 405 1729 463 considerans
1759 421 1901 477 smpe
1930 409 1983 470 Α
2009 407 2060 463 ἰιι
2095 408 2467 481 persuadendo
2507 407 2668 467 fuerit
2721 406 2981 482 (Lactant.
3023 410 3110 467 lib.
3153 428 3184 467 v
3232 408 3357 468 Inst.
3408 428 3522 485 cup.
3556 414 3603 479 l,

307 496 538 551 eunticui
572 494 845 569 (Cyprium
880 498 949 552 ad
978 497 1200 554 Dentetr.
1232 519 1285 572 ρ.
1323 502 1473 571 133).
1501 520 1518 552 ι
1562 500 1733 556 Audis
1791 500 1903 571 qni-

305 589 427 651 dcm
475 604 596 644 eum
629 588 896 645 dicentem
922 607 1074 662 ηερε,
1130 591 1225 646 sed
1258 607 1363 645 non
1403 606 1618 663 semper
1659 593 1899 646 conticui.

309 684 366 738 Si
395 699 525 752 ergo
555 681 631 736 illi
660 681 947 754 aliquando
976 683 1272 754 respondit,
1303 698 1480 739 nonne
1510 686 1619 739 tum
1650 683 1905 740 demons-

308 786 452 831 trare
501 776 672 846 potuit
713 785 910 847 quanta
966 777 1035 831 sit
1078 777 1293 833 Veteris
1345 778 1513 832 nostri
1567 777 1902 834 Testamenli

305 874 616 938 auctoritas,
647 871 787 942 quod
816 887 843 923 a
874 870 1094 938 Judaeis,
1143 871 1352 927 tametsi
1375 871 1753 928 infensissimis
1779 889 1903 929 nos-

307 965 405 1020 tris
455 964 717 1031 hnstibns,
755 964 1160 1021 accuratissime
1210 980 1425 1036 semper
1458 966 1783 1021 custoditum
1812 981 1901 1021 ac-

306 1058 583 1130 erpimns?

374 1170 481 1227 Sed
530 1184 646 1233 cur,
700 1170 931 1241 inquies,
980 1172 1109 1227 illud
1142 1174 1195 1227 in
1247 1172 1458 1243 publico
1497 1190 1602 1230 non
1656 1150 1902 1245 probavit

305 1264 524 1333 scripto,
574 1279 685 1334 quo
746 1280 851 1318 non
885 1266 1060 1320 solum
1115 1267 1553 1336 Demetrianum,
1614 1269 1708 1324 sed
1759 1270 1898 1326 alios

305 1358 467 1413 etiam
483 1357 713 1429 gentiles
743 1358 838 1413 «ad
866 1358 1118 1426 bonum,»
1149 1370 1208 1416 ut
1247 1362 1360 1433 ipse
1387 1363 1481 1430 ait,
1511 1382 1533 1415 ι
1553 1365 1781 1421 veritate
1807 1380 1900 1421 co-

308 1456 519 1519 gente”
549 1448 819 1507 adducere
848 1450 1091 1507 volebat?
1113 1452 1305 1511 Verum
1323 1454 1473 1526 quid,
1508 1466 1653 1519 tunc,
1676 1457 1902 1515 obsecro

308 1550 381 1608 te,
414 1540 515 1598 hac
558 1542 875 1613 probatione
926 1560 1061 1616 opus
1085 1556 1223 1612 erat,
1256 1548 1301 1603 si
1344 1548 1395 1603 id
1426 1550 1480 1604 in
1509 1552 1729 1621 privatis
1776 1568 1899 1609 cum

308 1634 660 1692 Demetriano
687 1638 992 1708 colloquiis,
1039 1650 1091 1695 et
1116 1640 1225 1697 alio
1254 1642 1306 1696 in
1349 1641 1509 1708 libro,
1538 1655 1695 1701 antea
1725 1645 1903 1719 divul~

306 1740 447 1801 gato,
489 1730 973 1788 demonstraverit?
1025 1734 1313 1813 Atquith
1368 1736 1605 1807 plurimi,
1658 1747 1718 1794 nt
1762 1740 1899 1796 infra

304 1827 567 1894 dicemus,
600 1828 652 1884 in
679 1827 816 1884 libro
835 1828 898 1884 de
928 1827 1200 1886 [dolorum
1239 1829 1496 1899 Vanitute,
1539 1832 1608 1889 ab
1636 1835 1756 1905 ipso
1783 1834 1894 1890 lac-

306 1930 416 1976 tum
448 1927 655 1990 putant.

375 2035 512 2104 Quid
553 2036 736 2103 etiam,
792 2036 936 2108 quod
983 2037 1076 2095 ille
1124 2039 1177 2093 in
1229 2039 1332 2095 isto
1376 2039 1443 2095 ad
1500 2039 1900 2098 Demetrianum

311 2129 450 2185 libro
481 2131 746 2200 praecipua
769 2130 1078 2187 christiana:
1106 2131 1384 2203 religionis
1413 2132 1480 2189 de
1505 2133 1666 2189 unico
1690 2143 1747 2190 et
1771 2150 1902 2190 vero

306 2221 435 2286 Deo,
463 2235 527 2277 ac
570 2220 785 2277 Christo
813 2222 1039 2279 Domino
1067 2221 1389 2281 documenta
1418 2225 1738 2297 quibusdam
1769 2242 1894 2297 pro-

308 2313 398 2369 bat
441 2316 739 2386 asseritque
795 2315 974 2386 petitis
1027 2331 1058 2370 a
1106 2317 1317 2374 ratione
1369 2320 1483 2374 sola
1532 2319 1899 2390 argumentis,

304 2408 500 2481 quibus
540 2424 644 2463 non
699 2408 912 2479 penitus
961 2407 1219 2465 obcaecati
1272 2411 1503 2479 gentiles
1535 2421 1787 2482 poterant
1826 2412 1902 2468 fa-

307 2501 503 2557 cillime
554 2500 836 2556 convinci?
866 2502 995 2557 Nam
1020 2512 1307 2576 utrumque
1333 2506 1490 2576 plane
1517 2506 1753 2562 ostendit
1772 2521 1901 2562 con-

307 2592 540 2649 fessione
590 2595 800 2665 publica
854 2596 1191 2663 daemonum,
1255 2613 1392 2668 quos
1444 2598 1735 2654 Christiani
1784 2598 1903 2653 solo

307 2687 545 2759 magistri
594 2689 675 2743 sui
722 2688 920 2744 Christi
972 2688 1190 2745 nomine
1236 2688 1527 2761 adjuratos,
1559 2706 1624 2745 ex
1663 2689 1902 2745 obsessis

307 2788 658 2859 ipsornmmet
707 2787 981 2855 gentilium
1033 2787 1348 2856 corporibus
1404 2785 1686 2856 ejiciebant
1723 2782 1897 2854 (Ibid.

307 2898 428 2954 pag.
481 2880 627 2950 192).
656 2879 797 2935 Nihil
837 2890 1038 2948 autem,
1065 2890 1122 2936 ut
1149 2880 1275 2936 alibi
1306 2896 1404 2936 nee
1432 2879 1600 2936 semel
1643 2879 1894 2946 vidimus,

309 2974 480 3045 potuit
525 2974 625 3030 hac
684 2975 996 3043 probatione
1042 2975 1275 3039 certius,
1326 2972 1633 3043 clariusque
1668 2973 1900 3045 proferri

309 3065 548 3139 (Dissert.
581 3067 633 3121 in
665 3065 853 3122 Minut.
903 3082 1017 3136 cap.
1045 3067 1101 3131 2,
1143 3078 1244 3122 art.
1274 3071 1329 3135 '5;
1358 3077 1404 3123 et
1438 3069 1491 3121 in
1515 3066 1751 3122 Lactant.
1779 3083 1898 3138 cap.

306 3159 362 3228 9,
389 3168 487 3216 art.
517 3160 554 3215 2
575 3176 591 3226 ;
615 3170 658 3214 et
690 3163 741 3215 in
774 3159 985 3216 Tertull.
1017 3178 1133 3233 cap.
1162 3161 1247 3227 ll),
1278 3172 1376 3217 art.
1405 3163 1482 3236 7).

382 3277 616 3350 Denique
675 3277 1094 3346 Demetrianum,
1144 3279 1234 3350 qui
1279 3277 1614 3334 Christianos
1659 3278 1901 3349 publica-

307 3385 423 3426 rum
458 3371 820 3426 calamitatum
877 3385 1093 3425 causam
1121 3385 1242 3427 esse
1267 3372 1555 3442 garriebat,
1590 3370 1713 3427 hinc
1740 3371 1901 3427 etiam

308 3462 535 3527 refellit;
573 3463 694 3533 quia
727 3464 807 3517 ha:
848 3463 900 3517 in
929 3462 1314 3518 sceleratorum
1371 3462 1649 3518 hominum
1684 3479 1901 3533 poenam

308 3555 641 3625 inllignntnr.
686 3556 841 3626 Atqui
877 3556 978 3611 hoc
1028 3556 1114 3613 ille
1144 3558 1194 3612 in
1228 3557 1364 3612 libro
1406 3558 1899 3614 manifestissimum

308 3647 522 3702 cuilibet
556 3645 677 3702 fecit
706 3656 831 3710 tam_
861 3659 1143 3719 corruptos
1172 3648 1337 3706 fuisse
1383 3651 1686 3721 gentilium,
1738 3665 1900 3722 quam

306 3749 506 3806 eaStos,
534 3749 857 3811 Sanctosqne
880 3738 1308 3796 Christianorum
1334 3758 1529 3799 mores.
1562 3743 1726 3800 [lecte
1745 3744 1902 3813 igitur

306 3833 431 3892 inde
473 3834 746 3891 concludit
784 3850 889 3889 non
941 3833 1124 3891 abhis
1152 3835 1366 3906 quidem
1404 3835 1724 3891 Christianis
1747 3878 1761 3899 ,
1804 3834 1900 3889 sed

306 3927 375 3983 ab
409 3928 651 3999 ipsismet
681 3930 970 3999 gentilibus
1001 3929 1095 3985 has
1138 3929 1190 3984 in
1231 3932 1489 3985 mundum
1525 3930 1786 3985 concitari
1813 3945 1902 3985 ca-

307 4020 591 4088 lamitates,
639 4024 831 4092 quibus
875 4022 1017 4080 Deus
1070 4022 1342 4092 improbos
1395 4022 1639 4080 homines
1666 4038 1763 4094 pro
1789 4038 1901 4079 me-

305 4112 411 4168 rito
445 4115 690 4185 castigat,
714 4114 979 4171 bonorum
1004 4131 1132 4169 vero
1159 4114 1348 4185 probat
1386 4116 1659 4171 virtutem.
1689 4115 1760 4171 At
1800 4116 1900 4171 tria

308 4203 424 4258 hmc
453 4207 625 4275 capita
682 4222 781 4262 nec
823 4208 969 4278 plura
1009 4208 1060 4263 in
1119 4207 1374 4262 ltoclibro
1407 4206 1614 4279 agenda
1645 4207 1745 4263 sibi
1775 4222 1902 4278 pro-

310 4305 579 4367 posuerat.
635 4297 897 4370 Suscepto
950 4302 1111 4371 igitur
1160 4301 1467 4355 christianre
1516 4300 1791 4371 religionis
1832 4299 1901 4354 ab

308 4389 532 4459 objectis
576 4405 603 4443 a
650 4390 992 4448 Demetriana
1023 4402 1078 4449 et
1122 4394 1239 4450 aliis
1276 4394 1568 4466 gentilibus
1615 4393 1901 4451 calumniis

307 4480 640 4537 vindicanda:
681 4483 862 4540 ofﬁcio
913 4496 1057 4542 recte
1112 4486 1325 4543 functus
1353 4497 1457 4545 est.
1495 4487 1569 4544 De
1600 4488 1699 4544 hac
1738 4504 1899 4560 porro

2006 520 2130 575 pag.
2180 503 2331 575 459).
2370 523 2390 557 ι

2078 596 2314 651 Plurima
2362 596 2465 651 alia
2515 596 2630 669 ejus
2677 597 2966 669 prteconia,
3011 613 3132 669 qua:
3181 599 3356 654 omnis
3404 601 3601 665 aetatis,

2006 705 2106 744 nec
2155 688 2333 745 dubia:
2385 688 2543 755 tidci,
2602 689 2893 761 scriptores
2950 691 3320 746 sacratissimo
3377 693 3601 764 martyri

2008 784 2324 851 tribuerunt,
2382 783 2470 841 hic
2524 785 2864 842 accumulare
2916 770 3225 841 facillimum
3278 795 3443 842 esset.
3499 786 3606 842 Sed

2005 877 2128 947 quia
2178 877 2451 950 plerisque
2511 878 2762 935 omnibus
2817 894 3041 951 operum
3089 879 3233 934 illius
3284 878 3609 936 editionilms

2007 972 2281 1043 praemissa
2320 981 2463 1041 sunt,
2503 985 2680 1030 actum
2726 975 2991 1046 agendum
3022 989 3143 1031 esse
3169 990 3276 1029 non
3328 964 3605 1031 duximiis.

2621 1146 2916 1187 Αιιτιευιυε
2943 1147 3002 1186 ιι.

2480 1265 2556 1323 De
2600 1267 2716 1323 libri
2759 1268 2915 1340 hujus
2962 1276 3129 1324 actate.

2076 1429 2353 1485 Neminem
2382 1428 2620 1501 profecto
2637 1444 2756 1484 esse
2780 1438 3047 1501 putamus,
3067 1429 3154 1501 qui
3192 1427 3295 1497 his,
3312 1444 3433 1502 qua:
3447 1429 3607 1501 paulo

2002 1532 2158 1579 antea
2204 1522 2272 1578 de
2302 1523 2566 1581 horrenda
2623 1523 2788 1593 pestis
2838 1524 2889 1578 in
2946 1521 3126 1578 Africa
3172 1523 3454 1580 vexatione
3504 1540 3588 1579 re-

2004 1616 2254 1682 tulimus,
2296 1616 2513 1685 anditis,
2547 1615 2689 1671 ultro
2742 1630 2850 1671 non
2890 1614 3122 1672 fateatur
3169 1615 3314 1673 hunc
3344 1615 3540 1672 librmn
3572 1634 3603 1673 a

2004 1710 2272 1782 Cypriane
2311 1709 2667 1781 compositum
2714 1708 2903 1775 fuisse,
2934 1724 3055 1764 cum
3092 1709 3178 1764 illa
3209 1706 3380 1764 dirius
3420 1710 3471 1764 in
3503 1708 3605 1763 lto-

1929 1813 1977 1872 Β
2006 1802 2179 1858 mines
2200 1812 2553 1873 grassaretur.
2604 1800 2673 1855 At
2701 1810 2888 1855 exorta
2936 1808 3019 1854 est
3048 1815 3191 1855 anno
3233 1798 3433 1858 Christi
3464 1800 3599 1870 250,

2007 1907 2070 1946 ac
2102 1892 2262 1948 Det-io
2294 1892 2403 1963 jam
2427 1893 2747 1963 imperante.
2775 1891 2878 1947 Per
2914 1890 3103 1948 decem
3130 1901 3309 1948 autem
3340 1903 3395 1948 ut
3425 1894 3602 1949 minus

2006 1999 2176 2039 annos
2213 1983 2301 2039 illa
2331 1984 2558 2040 durasse
2594 1994 2862 2050 narratur,
2910 1984 2981 2038 ita
3018 1993 3196 2040 tamen
3233 1993 3291 2039 ut
3334 1983 3603 2041 interdum

2008 2077 2278 2151 videretur
2336 2076 2579 2131 imminui
2641 2091 2705 2131 ac
2768 2074 3024 2132 relaxari.
3086 2074 3445 2144 Quamobrem
3498 2092 3603 2132 non

2013 2171 2140 2226 inde
2176 2180 2326 2226 certo
2381 2169 2560 2241 colligi
2617 2178 2794 2241 potest
2841 2186 2947 2242 quo
2978 2170 3314 2241 potissimum
3361 2179 3605 2241 tempore

2008 2268 2093 2322 hic
2143 2267 2279 2323 liber
2330 2267 2595 2337 publicam
2634 2269 2684 2321 in
2730 2266 2905 2321 lucem
2940 2264 3157 2333 exierit,
3202 2265 3306 2321 nisi
3346 2265 3602 2336 majorem

2006 2360 2150 2415 illius
2193 2360 2500 2416 violentiam
2537 2373 2657 2413 cum
2688 2358 2808 2413 aliis
2831 2356 2991 2413 rebus
3020 2356 3087 2412 ab
3114 2355 3304 2413 eodem
3332 2355 3601 2428 Cypriane

2003 2453 2173 2526 gestis
2225 2464 2279 2508 et
2321 2452 2678 2523 pronuntiatis
2724 2464 3133 2520 componamus.
3188 2448 3415 2504 Constat
3471 2463 3603 2503 vero

2007 2557 2117 2601 tmn
2163 2544 2229 2600 ab
2270 2544 2362 2601 illo
2408 2544 2735 2616 divulgatum
2780 2543 2963 2608 fuisse,
2998 2551 3277 2612 postquam
3311 2539 3603 2596 Demetria-

2006 2652 2133 2693 num
2182 2652 2326 2708 scepe
2363 2638 2561 2708 saepius
2611 2636 2755 2692 domi
2810 2650 2925 2690 suae
2974 2634 3287 2701 audivisset,
3338 2632 3407 2689 de
3438 2633 3605 2704 pestis

2005 2732 2231 2801 aliisque
2259 2731 2486 2802 publicis
2514 2730 2755 2785 cladibus
2786 2738 3227 2800 conquerentem.
3277 2727 3603 2797 Carthagine

2004 2838 2135 2893 ergo
2164 2822 2492 2889 morabatur,
2542 2822 2631 2877 ubi
2687 2822 3081 2877 Demetrianum
3113 2820 3166 2875 in
3194 2826 3358 2876 'Snam
3389 2819 3606 2874 admisit

2001 2916 2246 2981 'dotnum,
2300 2916 2587 2986 minusque
2616 2914 2831 2969 timebat
2875 2923 3225 2986 tyrannorum
3253 2915 3305 2968 in
3336 2911 3595 2969 Christia-

2007 3030 2104 3070 nos
2155 3013 2391 3069 furorem
2437 3022 2491 3068 et
2521 3012 2971 3083 persecutionem.
3018 3008 3152 3067 Cum
3193 3018 3370 3065 autem
3415 3009 3604 3065 Decius

2004 3108 2105 3162 sub
2136 3108 2294 3164 linem
2324 3107 2448 3162 anni
2478 3106 2608 3172 9.49,
2642 3098 2936 3177 imperator
2972 3105 3166 3173 factus,
3200 3119 3395 3160 novam
3428 3105 3481 3160 in
3509 3121 3604 3161 eos

1929 3206 1976 3272 ο
2008 3201 2406 3266 concitavisset,
2429 3188 2727 3273 Cyprianus
2752 3198 3076 3271 Carthagine
3104 3199 3348 3268 secessit,
3371 3200 3603 3272 illucque

2002 3308 2150 3348 anno
2188 3293 2553 3364 subsequente
2578 3294 2725 3350 circa
2748 3308 2990 3349 mensem
3024 3293 3260 3368 Aprilem
3292 3293 3465 3359 rediit,
3494 3310 3602 3365 quo

2005 3386 2193 3445 eadem
2253 3392 2554 3461 persecutio
2597 3387 2779 3443 sedata
2827 3403 2949 3444 esse
2990 3388 3321 3459 perhibetur.
3363 3388 3431 3443 Et
3474 3404 3602 3444 vero

2003 3497 2122 3552 qua:
2152 3481 2221 3537 ibi
2253 3481 2439 3537 habuit
2464 3481 2719 3549 concilia,
2770 3480 2912 3537 hunc
2938 3481 3173 3553 primum
3215 3481 3331 3553 ejus
3370 3481 3598 3538 reditmn

2004 3575 2136 3630 Satis
2175 3583 2359 3644 aperte
2407 3574 2655 3646 probant.
2706 3573 2782 3629 Ibi
2816 3589 2944 3630 vero
2987 3574 3246 3630 remansit
3291 3575 3357 3631 ad
3397 3591 3597 3631 auruum

2005 3680 2174 3736 usque
2198 3666 2329 3735 258,
2373 3681 2481 3738 quo
2511 3666 2671 3721 aliam
2717 3665 2911 3722 iterum
2956 3665 3597 3723 declinavitcommotam

2003 3773 2033 3812 a
2084 3757 2372 3813 Valeriano
2438 3759 2767 3829 imperatore
2820 3759 3286 3830 persecutionem,
3331 3775 3393 3816 ac
3444 3762 3599 3831 paulo

2004 3861 2126 3923 post
2168 3851 2360 3906 illustri
2402 3852 2658 3924 martyrio
2704 3852 2866 3907 vitam
2920 3852 3107 3908 ﬁnivit.
3150 3853 3368 3909 Librum
3412 3852 3589 3927 itaque

2008 3942 2149 3997 hunc
2177 3942 2393 4012 scripsit
2444 3942 2582 3999 intra
2633 3958 2832 3999 annum
2862 3942 2969 4000 9.52
2992 3952 3047 3999 et
3093 3942 3223 4000 258.
3269 3944 3385 4001 Jam
3417 3955 3596 4001 autem

2004 4038 2235 4094 vidimus
2266 4047 2486 4106 tantam,
2516 4048 2773 4111 regnante
2815 4038 2989 4105 Gallo,
3039 4038 3205 4095 fuisse
3233 4040 3400 4111 pestis
3446 4055 3593 4094 mor-

2003 4127 2303 4201 borumque
2327 4129 2456 4207 vim,
2486 4138 2545 4185 ut
2587 4130 2878 4201 scriptores
2901 4129 3255 4186 testiiicentur
3284 4130 3409 4187 inde
3437 4131 3596 4187 dum-

2004 4229 2176 4288 taxat,
2226 4220 2299 4276 uti
2353 4220 2618 4287 diximus,
2672 4231 2855 4279 notum
2909 4237 3031 4278 esse
3087 4222 3231 4278 illius
3291 4223 3595 4294 imperium.

2001 4304 2163 4388 Ᾱιιιιιὶ
2193 4315 2376 4373 Gallus
2404 4327 2523 4388 post
2565 4317 2709 4373 Decii
2740 4315 3083 4388 imperatoris
3124 4325 3348 4371 m0rlem
3380 4316 3447 4371 ab
3472 4317 3596 4372 anni

1999 4409 2102 4466 251
2159 4409 2265 4467 line
2302 4426 2470 4483 usque
2520 4410 2586 4466 ad
2639 4410 2747 4467 255
2798 4411 3050 4466 Romanis
3093 4409 3395 4481 imperavit.
3442 4408 3597 4464 Circa

2001 4519 2130 4576 ergo
2184 4504 2286 4559 hoc
2340 4514 2549 4575 tempus
2596 4503 2681 4559 hic
2715 4503 2780 4559 ad
2835 4502 3235 4558 Demetrianum
3268 4500 3403 4557 liber
3438 4515 3467 4554 a
3496 4498 3598 4571 Cy-

308 4573 589 4638 l.actantii,
646 4591 747 4648 qna
796 4593 900 4632 non
931 4577 1091 4635 modo
1124 4579 1470 4653 Cyprianum,
1508 4596 1689 4637 verum
1732 4584 1893 4639 etiam
1920 4606 1976 4669 D
2002 4573 2190 4670 ριαῖςιηο
2219 4573 2466 4669 scripuli;—
2491 4596 2627 4651 ιιι,υά
2662 4596 2931 4652 immerito
2978 4595 3208 4652 videtur,

307 4669 715 4738 'l‘ertullianmn,
760 4681 814 4727 et
840 4670 1118 4728 Mittutittm
1153 4671 1382 4731 Felicem
1412 4675 1622 4731 vexavit
1646 4691 1895 4745 censura,

309 4763 516 4833 plenius
557 4764 607 4819 in
640 4767 1007 4837 superioribus
1047 4766 1512 4825 dissertationibus
1543 4770 1741 4825 nostris
1782 4770 1897 4826 dis-

308 4856 609 4926 putavimus
633 4855 928 4931 (Disseruit.
976 4858 1029 4912 in
1069 4857 1287 4914 Tertull.
1333 4876 1447 4933 cap.
1506 4860 1561 4929 2,
1607 4870 1707 4916 art.
1738 4861 1817 4928 4;
1851 4871 1900 4917 et

306 4951 358 5005 in
413 4950 599 5005 Minut.
630 4968 747 5022 cap.
791 4952 849 5019 2,
881 4960 981 5006 art.
1012 4950 1091 5024 2).

378 5068 648 5124 Czeterum
679 5067 987 5124 Lactantius
1016 5067 1227 5125 meritis
1270 5068 1519 5127 laudibus
1544 5086 1651 5127 non
1684 5070 1899 5127 frauda-

310 5162 388 5217 vit
434 5161 780 5234 Cyprianum,
800 5163 953 5233 cujus
994 5163 1265 5236 ingenium
1287 5173 1342 5220 et
1362 5164 1726 5237 eloquentiam
1750 5165 1899 5221 hisce

306 5256 483 5312 verbis
530 5254 780 5326 praedicat
819 5254 1009 5313 «Unus
1063 5257 1362 5328 praecipuus
1393 5265 1447 5314 et
1491 5258 1669 5313 clarus
1695 5258 1901 5313 exstitit

306 5345 625 5421 Cyprianus,
648 5348 900 5421 quoniam
931 5358 987 5405 et
1010 5363 1259 5419 magnam
1285 5349 1386 5406 sibi
1414 5349 1640 5421 gloriam
1671 5365 1736 5405 ex
1768 5351 1900 5405 artis

305 5443 555 5500 oratoria:
604 5442 935 5513 professione
957 5444 1263 5514 qumsicrat,
1294 5452 1347 5498 et
1392 5442 1678 5499 admodum
1734 5443 1898 5498 inulta

304 5536 625 5607 conscripsit
655 5536 706 5590 in
736 5550 835 5591 suo
871 5552 1101 5607 genere;
1150 5546 1262 5591 erat
1307 5538 1450 5593 enin
1481 5536 1696 5608 ingenio
1734 5537 1901 5604 facili,

305 5630 547 5699 copioso,
594 5630 765 5698 suavi,
793 5637 848 5684 et
894 5644 1015 5699 quae
1034 5629 1302 5685 sermonis
1330 5630 1560 5685 maxima
1598 5641 1681 5685 est
1708 5630 1899 5696 virtus,

306 5734 527 5795 aperto;
559 5733 616 5779 ut
668 5723 977 5779 discernere
1020 5737 1253 5791 nequeas
1282 5733 1531 5778 utrumne
1578 5724 1819 5778 ornatior
1848 5723 1899 5776 in

308 5800 629 5885 eloquendo,
687 5831 754 5870 an
804 5812 1013 5869 facilior
1062 5812 1116 5871 in
1147 5813 1488 5883 explicando,
1533 5830 1600 5869 an
1634 5814 1901 5884 potentior

2074 4691 2338 4761 Quamdiu
2377 4706 2508 4747 vero
2554 4689 2736 4747 Gallus
2782 4690 3044 4760 regnavit,
3102 4690 3250 4745 illum
3283 4700 3593 4754 exaratum,

2001 4798 2089 4842 aut
2118 4794 2263 4843 certe
2291 4786 2681 4859 promulgatum
2714 4771 2831 4839 non.
2848 4783 3012 4840 fuisse
3043 4784 3166 4840 inde
3188 4770 3366 4856 colligi
3400 4794 3593 4855 potest,

2002 4879 2146 4950 quod
2183 4880 2298 4950 ipse
2355 4887 2545 4934 auctor
2581 4888 2764 4933 noster
2793 4886 3069 4933 asseverat
3113 4877 3303 4944 Deum,
3354 4878 3596 4949 tequissi-

2003 4992 2151 5032 mum
2200 4975 2466 5032 scelermn
2494 4975 2783 5043 vindicem,
2817 4990 3104 5046 numquam
3131 4974 3399 5033 dimisisse
3426 4977 3596 5045 impu-

2003 5074 2168 5128 nitam
2188 5079 2533 5143 tyrannorum
2552 5073 2603 5129 in
2619 5073 2956 5129 Christianos
2971 5070 3365 5127 crudelitatem.
3397 5087 3415 5120 ι
3437 5067 3593 5135 Nam,

2003 5174 2061 5218 ut
2111 5163 2419 5231 memorias,
2464 5163 2656 5236 inquit,
2684 5175 2956 5220 taceamus
2986 5163 3253 5232 antiquas,
3290 5172 3342 5217 et
3365 5162 3596 5215 ultiones

2004 5270 2101 5325 pro
2127 5255 2421 5311 cultoribus
2463 5256 2553 5313 Dei
2596 5272 2741 5327 saepe
2778 5256 3052 5327 repetitas,
3102 5253 3248 5310 nullo
3289 5253 3433 5309 vocis
3462 5269 3597 5324 prir-

2001 5349 2163 5405 conio
2213 5351 2575 5419 revolvamus,
2618 5350 2998 5407 documentum
3049 5348 3281 5406 recentis
3333 5348 3409 5403 rei
3467 5346 3598 5401 satis

2002 5450 2108 5505 est,
2141 5441 2283 5512 quod
2334 5442 2412 5498 sic
2459 5442 2729 5509 celeriter,
2779 5440 3031 5513 quodque
3060 5441 3114 5497 in
3148 5449 3294 5496 tanta
3324 5439 3599 5495 celeritate

2004 5533 2082 5588 sic
2133 5534 2407 5604 granditer
2454 5551 2624 5603 nuper
2661 5545 2842 5592 secuta
2870 5534 3112 5591 defensio
3156 5546 3239 5590 est
3294 5535 3462 5590 ruinis
3512 5548 3596 5589 re-

2003 5644 2152 5699 gum,
2178 5627 2403 5698 jacturis
2431 5644 2616 5700 opum,
2661 5626 2943 5703 dispendio
2971 5627 3220 5691 militum,
3245 5626 3599 5681 diminutione

2001 5733 2299 5779 castrorum
2326 5722 2598 5794 (Cyprian.
2630 5723 2699 5777 ad
2746 5720 2940 5778 Demet.
2972 5739 3093 5793 pug.
3138 5723 3284 5794 192).
3310 5740 3328 5774 ι
3368 5720 3595 5788 Quidam

2004 5822 2135 5870 vero
2163 5813 2470 5872 existimant
2501 5813 2585 5873 his
2612 5813 2789 5873 verbis
2839 5812 3060 5871 indicari
3105 5812 3375 5871 funestum
3426 5812 3596 5882 Decii,
