4190 6266
633 295 735 367 087

1875 305 1942 366 IN
1993 304 2206 367 DlVlm
2243 306 2641 392 CYPRIANUL!

3838 303 3934 371 988

633 425 969 496 ﬁliorumque
998 422 1131 494 ejus,
1160 422 1251 493 qui
1275 420 1340 479 ad
1372 422 1790 481 internecionem
1812 422 1995 495 deleti,
2024 423 2295 495 spolia-A
2322 423 2537 496 quidem
2583 423 2758 481 codex
2802 431 2927 481 ante
2974 421 3123 480 mille
3165 436 3337 480 annos
3385 420 3619 497 scriptus
3679 438 3810 482 esse
3851 441 3930 483 as-

631 522 805 590 tisque
849 533 1034 572 eorum
1074 517 1286 583 castris,
1338 526 1392 571 ct
1438 518 1605 588 ruptis
1648 516 1861 587 opibus,
1908 514 2230 571 miserabili-

630 622 713 667 ter
743 610 1315 681 interierunt..Ncque
1344 611 1393 665 id
1427 612 1641 682 quidem
1676 626 1949 683 negamus,
2004 609 2095 665 sed
2142 626 2231 665 ar-

629 704 890 759 bitramur
937 702 1135 771 aliquid
1190 703 1416 773 amplius
1466 702 1757 771 designari.
1805 701 2031 770 Quando
2083 703 2225 756 enim

631 799 930 871 Cyprianus
981 794 1097 852 haec
1153 796 1441 858 scribebat,
1488 797 1600 850 lues
1624 794 1726 850 non
1755 798 1950 851 saevius
1981 811 2229 864 umquam

639 896 878 964 grassata
909 890 1013 955 est,
1064 908 1163 965 nec
1204 891 1459 961 majorem
1508 890 1973 961 depopulationem
2007 889 2234 946 homini-

630 986 732 1042 bus
774 984 970 1037 intulit.
1003 970 1073 1040 At
1108 982 1256 1049 llitld,
1308 994 1565 1054 regnante
1592 982 1766 1051 Gallo,
1801 983 2042 1053 ejusdem
2079 970 2223 1037 Decii

631 1090 968 1139 successore,
1025 1075 1313 1145 contigisse
1372 1074 1726 1130 ostendimus.
1778 1072 1829 1128 Is
1878 1082 2056 1128 autem
2112 1080 2232 1144 post

630 1169 896 1224 decimum
944 1177 1189 1223 octavum
1232 1170 1377 1238 regni
1413 1168 1493 1222 sui
1527 1182 1789 1233 mensem,
1820 1179 1875 1223 et
1906 1154 2231 1223 Volusianus

631 1262 747 1332 ejus
797 1261 973 1326 illius,
1009 1275 1170 1331 quem
1219 1260 1488 1314 Cursarem
1540 1267 1836 1326 creaverat,
1870 1274 1900 1313 a
1954 1260 2067 1314 Suis
2096 1258 2235 1314 mili-

633 1355 775 1410 tibus
830 1353 1099 1410 interfecti
1148 1362 1292 1409 sunt.
1334 1352 1577 1410 Similem
1635 1368 1848 1425 quoque
1888 1352 2231 1419 Emiliantts,

633 1444 929 1520 imperator
968 1459 1090 1502 -tum
1123 1448 1477 1512 renuntiatus,
1506 1459 1623 1517 post
1654 1455 1765 1503 tres
1793 1462 2007 1503 menses
2032 1457 2231 1502 sortem

634 1542 838 1605 habuit.
890 1540 1204 1596 Valerianus
1254 1556 1412 1611 porro
1443 1543 1492 1595 in
1515 1540 1632 1610 ejus
1673 1540 1848 1595 locum
1875 1541 2090 1595 circiter
2125 1540 2234 1596 Att-

632 1648 844 1709 gustum
898 1650 1135 1691 mensem
1181 1635 1306 1689 anui
1334 1633 1442 1690 255
1475 1632 1753 1700 sull'ectus,
1785 1632 1995 1702 imperii
2023 1632 2103 1687 sui
2137 1632 2236 1686 ini-

634 1734 709 1788 tio
737 1729 1073 1788 Christianus
1121 1728 1378 1799 singulari
1418 1726 1650 1782 amicitia
1702 1736 1757 1781 et
1795 1725 2052 1782 charitate
2081 1741 2230 1781 com-

2332 517 2554 573 seritur.

2404 611 2650 684 Quinque
2679 610 2765 667 alii
2807 612 2875 668 ab
2902 613 3057 669 annis
3078 612 3396 684 octingentis
3427 614 3632 669 exarati
3664 612 3935 681 dicuntur,

2332 720 2562 774 quorum
2613 704 2814 772 primus
2861 714 2946 760 est
2993 703 3320 771 Pithteanus,
3350 703 3623 760 secundus
3677 700 3937 761 Colberti-

2334 811 2458 863 nus,
2498 796 2683 850 tertius
2714 798 2763 850 in
2790 807 2971 852 nostro
2998 796 3168 853 Sancti
3195 795 3375 853 Albini
3394 795 3810 866 Andegavensis
3838 815 3939 854 mo-

2336 889 2592 956 nasterio,
2627 899 2847 960 quartus
2868 889 2994 944 olim
3025 874 3316 945 iu‘ab’uatia
3355 891 3522 945 sancti
3552 889 3732 946 Mauri
3761 890 3937 948 Fossa-

2337 983 2523 1050 teusis,
2554 998 2692 1038 tmnc
2720 982 2770 1037 iu
2796 983 3084 1039 clarissimi
3109 983 3203 1038 γίιι
3232 982 3491 1052 Stephani
3522 983 3763 1052 Baluzii,
3799 989 3938 1055 quin-

2341 1083 2427 1128 tus
2475 1073 2525 1128 in
2588 1075 2757 1129 sancti
2798 1073 3009 1129 Martini
3061 1074 3396 1130 Turonensis
3445 1072 3805 1130 bibliothecis
3852 1068 3955 1130 ba?

2338 1164 2553 1219 bentur.

2408 1255 2544 1312 Tres
2571 1257 2659 1311 alii
2687 1272 2951 1311 anmrum
2980 1257 3085 1313 700
3107 1271 3188 1311 vel
3244 1255 3350 1313 600
3382 1265 3597 1312 :rtatem
3627 1256 3933 1327 prml'erunt,

2338 1357 2392 1406 et
2412 1349 2863 1421 primus-quidem
2891 1349 3110 1419 Regius,
3141 1348 3278 1404 alter
3302 1348 3647 1416 Baluzianus,
3685 1359 3745 1405 et
3768 1351 3938 1406 tertius

2336 1442 2667 1497 Tarniensis.
2699 1442 2813 1497 Duo
2851 1455 3112 1496 annorum
3154 1441 3261 1497 500
3287 1457 3302 1507 ;
3329 1441 3466 1495 alter
3498 1439 3729 1512 quidem
3782 1443 3936 1497 sancti

2342 1535 2487 1591 Petri
2514 1536 2563 1592 le
2591 1534 2866 1604 Moustier,
2894 1544 2949 1591 et
3000 1534 3140 1590 alter
3170 1534 3344 1592 beata:
3382 1534 3563 1589 Maria:
3607 1534 3682 1590 de
3720 1533 3935 1591 Lmtitia.

2344 1627 2593 1698 Quinque
2628 1634 2891 1683 aunordm
2932 1627 3042 1684 400
3092 1629 3295 1698 primus
3348 1626 3519 1683 sancti
3572 1626 3816 1699 Remigii
3846 1627 3937 1683 lle-

2341 1721 2564 1787 mensis,
2588 1719 2858 1777 secundus
2883 1719 3176 1788 Sorbonaz,
3211 1720 3401 1775 tertius
3447 1729 3503 1775 et
3541 1727 3777 1791 quartus
3827 1736 3935 1776 san-

634 1826 820 1898 plexus
870 1833 976 1891 est,
1032 1798 1227 1879 donec
1258 1824 1357 1878 sub
1409 1820 1566 1877 ﬁnem
1594 1818 1721 1877 anni
1744 1820 1871 1886 256,
1899 1816 1990 1876 aut
2016 1812 2234 1879 ineunte
2268 1823 2313 1883 Β
2340 1814 2411 1869 cli
2454 1812 2688 1868 Vicwris
2730 1813 3043 1868 Parisiensis
3069 1856 3084 1879 ,
3135 1812 3351 1883 quintus
3395 1798 3689 1868 clarissimi
3746 1813 3935 1869 Domini

633 1933 775 1972 anno
820 1908 1200 1989 subsequente,
1234 1931 1423 1971 novatn
1460 1910 1746 1969 concitaVLt
1794 1916 1844 1969 iu
1876 1910 2003 1970 illos
2044 1931 2229 1985 perse-

636 2012 931 2065 cutionem.
988 2010 1285 2081 Cyprianus
1333 2011 1509 2079 itaque
1563 2008 1691 2063 illud
1724 2017 1934 2079 tempus
1979 2008 2115 2064 adeo
2142 2023 2234 2078 op-

634 2114 923 2174 portunum
967 2092 1175 2170 nactus,
1226 2092 1416 2157 librum
1448 2082 1590 2157 liunc
1639 2100 1898 2157 adversus
1933 2100 2232 2157 Demetria-

636 2212 762 2250 num
796 2204 850 2249 et
897 2195 1029 2249 alios
1074 2194 1337 2271 gentiles,
1389 2204 1481 2249 aut
1533 2188 2053 2266 meuse'Septembri
2086 2194 2262 2265 ejusr

634 2288 755 2343 dem
792 2276 1065 2353 anni255,
1097 2298 1189 2342 aut
1212 2287 1370 2359 paulo
1403 2297 1523 2358 post
1543 2287 1850 2359 divulgassc
1892 2286 2236 2342 verisimilius

640 2381 811 2437 videri
841 2390 1036 2450 potest.
1067 2380 1199 2434 Tum
1232 2366 1497 2450 siquidem
1534 2380 1885 2451 potiorijure,
1915 2395 2075 2452 quam
2109 2368 2236 2436 ante

636 2476 774 2533 Galli
829 2486 881 2533 et
924 2460 1198 2532 Volusiani
1246 2486 1495 2544 mortem,
1549 2476 1731 2531 dicere
1770 2476 1817 2531 ei
1866 2475 2015 2530 licuit
2059 2475 2237 2531 illatas

635 2579 823 2624 contra
868 2569 959 2640 jus
997 2585 1158 2624 omne
1198 2568 1521 2624 Christianis
1564 2568 1788 2638 injurias
1817 2584 1846 2623 a
1891 2585 2145 2639 supremo
2185 2579 2241 2625 et

629 2661 931 2731 justissimo
985 2659 1094 2716 Dco
1138 2661 1299 2715 ruinis
1347 2678 1523 2731 regum
1578 2660 1877 2717 viudicatas
1948 2658 2131 2720 fuisse.
2183 2662 2238 2717 Si

635 2752 755 2824 quis
806 2762 987 2807 tamen
1037 2752 1214 2809 adhuc
1258 2754 1550 2810 contemlat
1602 2754 1715 2809 haec
1742 2754 1813 2812 de
1858 2748 2002 2811 Decii
2036 2763 2238 2813 tantum

638 2857 814 2904 morte
850 2848 1194 2920 intelligenda
1248 2864 1390 2917 esse,
1432 2864 1496 2904 ac
1527 2848 1876 2905 validioribus
1905 2850 2240 2918 argumentis

636 2940 688 2995 id
720 2941 1061 3014 probaverit,-
1088 2942 1343 3000 cedemus
1384 2942 1526 3000 illico
1569 2943 1787 3001 etillius
1814 2941 2053 3015 opinioni
2100 2943 2227 2999 sub.

637 3036 959 3093 scribemus.

1224 3168 1522 3211 ARTICULUS
1557 3169 1635 3209 111.

2341 1906 2540 1960 Bohier
2589 1905 2925 1961 Di\'1()l|CﬂSlS
2978 1913 3188 1962 senatut
3227 1904 3477 1959 Prmsidis
3508 1947 3524 1972 ,
3565 1904 3930 1969 sextusﬁalu-

2338 1998 2546 2053 zianns.
2573 1992 2819 2068 Quinque
2865 1997 3076 2053 tandem
3105 2012 3368 2052 annorum
3396 2007 3487 2051 aut
3520 1996 3652 2062 500,
3687 1997 3929 2053 δυάδος

2339 2089 2525 2146 etdno
2552 2090 2765 2159 quidem
2820 2089 2978 2160 Regis
3034 2100 3205 2145 nostr.
3255 2089 3732 2153 Christianissimi,
3765 2092 3933 2146 tertius

2340 2182 2510 2238 sancti
2546 2181 2781 2252 Dionysii
2813 2182 3115 2251 Remensis,
3150 2192 3370 2253 quartus
3392 2182 3927 2253 Gratianopolitanus,

2340 2276 2559 2345 quintus
2612 2274 2895 2331 clarissimi
2955 2274 3164 2329 Domini
3210 2274 3279 2330 de
3327 2274 3376 2330 la
3426 2274 3701 2347 Moignon,
3734 2284 3929 2336 senatus

2340 2366 2661 2423 Parisiensis
2688 2366 2942 2422 Praesidis
2969 2366 3194 2427 infulati.

2931 2562 3231 2607 Αιιτιευιυε
3268 2566 3343 2606 ιγ.

2806 2706 2884 2765 De
2911 2710 3066 2781 hujus
3090 2678 3212 2764 libri
3230 2708 3554 2797 editionibus.

2415 2851 2587 2919 Quam
2615 2865 2804 2921 magna
2834 2849 2933 2905 fuit
2973 2849 3223 2922 Cypriani
3255 2849 3326 2903 ob
3351 2848 3476 2903 vitae
3515 2846 3827 2903 sanctitatem
3850 2858 3910 2899 ac

2345 2943 2643 3001 doctrinam
2689 2942 2847 2999 fama:
2894 2943 3182 2998 celebritas
3254 2951 3361 2997 tam
3412 2940 3755 3014 multiplicata:
3796 2947 3913 2993 sunt

2343 3035 2751 3107 Operumeius
2791 3035 3077 3091 editiones.
3116 3034 3365 3090 Pluribus
3395 3043 3575 3090 autem
3627 3048 3686 3089 ea
3726 3030 3917 3086 videtur

2343 3130 2637 3200 antiquior,
2666 3144 2783 3195 qum
2807 3129 2923 3193 sine
2946 3127 3056 3184 ullo
3075 3127 3157 3183 vel
3187 3126 3382 3193 aetatis,
3405 3127 3492 3183 vel
3520 3127 3643 3194 loci,
3672 3125 3752 3182 vel
3780 3134 3914 3196 typo-

2268 3227 2313 3289 C
2344 3225 2533 3298 graphi
2564 3225 2800 3292 nomine,
2830 3233 3011 3295 atque,
3046 3223 3121 3278 uti
3149 3223 3365 3293 quidam
3398 3230 3604 3290 putant,
3627 3222 3790 3277 statim
3811 3208 3909 3288 post

887 3286 967 3344 De
996 3287 1148 3359 hujus
1191 3288 1308 3344 libri
1337 3288 1703 3358 unumst-rimis
1745 3286 2026 3343 codicibus.

720 3400 906 3457 Plures
930 3419 993 3458 ex
1025 3402 1186 3473 Regia
1217 3413 1269 3457 et
1290 3403 1594 3458 Colbertina
1614 3392 1931 3456 biblimln-ca
1964 3400 2244 3456 habuimus

641 3495 798 3566 bnjus
828 3495 948 3551 libri
992 3498 1384 3567 manuscriptos
1428 3497 1665 3563 codices,
1729 3497 1874 3550 vario
1907 3502 2148 3563 tempore
2186 3508 2269 3556 ets

640 3605 669 3643 a
723 3588 884 3644 variis
940 3588 1172 3645 librariis
1228 3599 1495 3649 exaratos.
1532 3605 1667 3662 quos
1720 3586 1861 3645 ltuuc
1889 3589 2136 3645 eumdem
2174 3590 2235 3643 li-

643 3683 797 3738 brmn
839 3684 1223 3749 examinanda,
1284 3701 1405 3739 cum
1464 3683 1626 3740 editis
1669 3684 2016 3739 contulimus.
2077 3683 2243 3740 Nobis

589 3830 595 3842 ,
640 3785 817 3831 autem
870 3779 1092 3847 primos,
1122 3777 1346 3848 jubente
1378 3777 1741 3834 illustrissitno
1767 3778 1962 3834 abbate
2012 3776 2244 3834 Tcllerio

642 3869 708 3923 de
737 3868 993 3934 Louvois,
1023 3871 1387 3942 suppeditavit
1415 3870 1552 3927 alter
1580 3872 1818 3942 ejusdetn
1840 3871 2025 3943 Regia:
2053 3870 2244 3926 biblio—

643 3962 811 4016 thecm
850 3972 1058 4027 custos,
1093 3964 1370 4021 Jobannes
1417 3965 1628 4033 Boiviu,
1683 3984 1788 4022 nou
1822 3967 1994 4021 solmn
2044 3981 2241 4038 graeca,

642 4051 734 4104 sed
768 4050 928 4106 latina
952 4052 1111 4133 etiam
1140 4056 1443 4111 eruditione
1480 4056 1891 4113 celeberrimus.
1942 4058 2092 4111 Alios
2118 4073 2243 4113 vero

643 4145 921 4200 uobiscum
947 4150 1358 4204 communicavit
1385 4152 1463 4205 vir
1495 4152 1579 4205 «cl.
1620 4153 1678 4205 D.
1707 4150 1930 4208 Carolus
1963 4152 2245 4211 Ducbesnc

642 4237 800 4292 sol.tu
830 4254 930 4295 nec
986 4242 1116 4296 satis
1169 4258 1419 4314 umquam
1476 4238 1741 4300 laudando
1773 4240 2115 4302 illustrissiin
2144 4249 2242 4303 ab—

644 4330 778 4386 batis
820 4330 1056 4389 Colberti
1104 4333 1302 4391 favore.
1350 4334 1523 4393 Unum
1569 4349 1825 4408 praeterea
1865 4342 2016 4396 nobis
2043 4343 2243 4398 submi-

644 4426 888 4482 nistravit
940 4429 1195 4485 Dominus
1226 4430 1293 4486 de
1338 4429 1534 4501 Targai
1577 4428 1767 4489 doctor
1793 4434 2157 4503 Sorbonicus,
2192 4430 2244 4492 et

642 4517 805 4572 alium
838 4531 1022 4575 nostra
1050 4520 1531 4593 Saugermanensis
1555 4527 1865 4582 monasterii
1896 4526 2239 4582 bibliotheca.

2346 3317 2619 3373 iuventam
2668 3314 3104 3388 typographicam
3153 3325 3323 3371 artem
3372 3329 3574 3370 excusa
3621 3323 3721 3370 est.
3756 3312 3913 3368 Altera

2346 3409 2518 3480 Spira:
2576 3409 2846 3479 divulgata
2892 3408 2991 3463 fuit
3030 3423 3171 3463 anno
3198 3407 3358 3471 M71,
3387 3406 3483 3462 sed
3513 3406 3722 3462 mendis
3744 3406 3910 3475 passim

2348 3501 2563 3569 fuadata,
2601 3511 2708 3556 tum
2732 3501 2925 3561 dehinc
2951 3500 3051 3555 alia
3075 3515 3218 3555 anno
3245 3499 3383 3556 1485
3404 3488 3665 3566 Υεῖιθιίἱε,
3694 3513 3758 3553 ex
3780 3496 3914 3552 Luca:

2352 3592 2537 3648 Veneti
2580 3592 2923 3664 typographia
2976 3591 3225 3664 prodivtz.
3271 3591 3514 3648 Posthacc
3559 3590 3767 3647 Parisiis
3794 3602 3913 3643 atuto

2350 3686 2511 3752 1519.,
2536 3686 2638 3741 alia
2667 3685 2986 3756 quibusdam
3026 3700 3121 3740 seu
3152 3685 3313 3753 veris,
3344 3698 3439 3739 seu
3468 3685 3665 3755 Spuriis
3687 3680 3910 3755 Cypriani

2348 3778 2612 3850 Operibns
2644 3788 2822 3843 aucta,
2864 3779 3146 3833 Rembnldi
3174 3777 3497 3851 typograplii
3539 3787 3595 3835 et
3618 3779 3824 3833 aliorum
3852 3776 3913 3825 la-

2348 3872 2479 3928 bore
2525 3875 2840 3929 concinnata
2888 3881 2989 3928 est.
3041 3873 3164 3928 Haec
3220 3882 3394 3927 autem
3433 3874 3696 3944 recognita
3744 3870 3831 3924 fuit
3856 3868 3914 3920 ab

2350 3964 2595 4034 Erasmo,
2620 3966 2708 4035 qui
2754 3965 2801 4020 ei
2848 3966 3105 4034 pra-misit
3151 3965 3537 4035 prmfatiunem,
3571 3979 3631 4019 ac
3659 3961 3911 4017 nonnullas

2347 4057 2744 4125 annotationes,
2777 4073 2895 4127 qua:
2935 4073 2998 4112 ex
3034 4056 3286 4128 Frobeuii
3336 4057 3545 4112 ofﬁcina
3589 4054 3729 4109 annis
3756 4049 3898 4109 1520,

2348 4150 2507 4217 1525,
2538 4149 2697 4216 1528,
2733 4152 2781 4204 in
2820 4150 3010 4220 vulgus
3036 4151 3302 4204 exiemnt.

2420 4245 2558 4300 Tum
2622 4244 2817 4300 dehinc
2857 4244 3042 4301 eadem
3096 4244 3349 4317 Cypriani
3395 4244 3564 4315 Opera
3600 4257 3729 4297 anno
3783 4239 3906 4295 15H

2345 4337 2486 4408 apud
2541 4337 2861 4408 Hervagium
2890 4379 2902 4400 ,
2936 4347 2992 4392 et
3041 4339 3231 4392 eodem
3268 4353 3411 4391 anno
3455 4336 3753 4407 Antnerpite
3790 4329 3913 4402 apud

2345 4430 2644 4487 Jobannetn
2674 4431 2933 4484 Crinitum
2960 4471 2976 4496 ,
3025 4445 3087 4484 ac
3133 4430 3352 4485 Parisiis
3397 4429 3539 4501 apud
3574 4427 3915 4499 Langeliernm

2346 4538 2542 4578 excusa
2587 4531 2730 4578 sunt.
2778 4521 3027 4577 Posthmc
3076 4521 3307 4578 .Basilca:
3354 4523 3495 4578 edita
3552 4522 3759 4576 fuerunt
3795 4529 3918 4571 anno

714 4610 817 4665 Alii
857 4611 1032 4667 adhuc
1089 4613 1301 4684 plurimi
1358 4617 1408 4670 in
1455 4614 1575 4671 aliis
1608 4625 1821 4672 exstant
1871 4616 2241 4681 bibliothecis,
2268 4620 2323 4681 D
2351 4617 2491 4673 15H
2520 4617 2571 4670 in
2597 4615 2950 4698 Qnenteliana
3005 4615 3467 4677 ol'liciualleurici
3495 4616 3648 4671 Gavii
3674 4613 3919 4694 studio,ct

640 4714 707 4756 ex
752 4703 944 4772 quibus
984 4721 1146 4760 unum
1172 4722 1331 4777 supra
1366 4708 1550 4779 viginti
1625 4704 1934 4781 Stephanus
1964 4709 2245 4777 Baluzius,

641 4802 696 4849 et
735 4795 951 4866 scriptis
981 4808 1035 4852 et
1080 4801 1388 4858 eruditian
1447 4801 1697 4858 omnibus
1723 4796 2054 4870 notissimus,
2089 4804 2247 4859 undi-

640 4902 746 4959 que
772 4889 1023 4946 collectos
1051 4893 1114 4946 ad
1172 4896 1620 4961 concinnandam,
1670 4890 1984 4966 jamdudum
2025 4895 2247 4968 suscepJ

644 4990 749 5035 tam
781 4983 1020 5037 omnium
1051 4984 1302 5057 Cypriani
1335 4988 1567 5059 Operum
1616 4989 1907 5045 editionem
1949 4990 2244 5058 recensuit,

643 5088 695 5130 et
726 5092 914 5134 eorum
946 5081 1247 5151 catalogum
1297 5082 1572 5140 nobiseum
1627 5087 2025 5141 communicare
2053 5087 2241 5157 digna-

643 5177 728 5223 tus
756 5180 858 5226 est.
905 5173 960 5228 In
992 5174 1094 5229 illis
1136 5188 1312 5232 autem
1347 5188 1399 5233 et
1426 5180 1545 5235 aliis
1579 5180 1922 5250 designandis
1951 5196 2244 5250 sequemur

640 5263 886 5319 ordinum
946 5268 1140 5337 aetatis,
1190 5274 1289 5342 qua
1349 5271 1542 5343 singuli
1592 5273 1793 5345 quique
1846 5273 2027 5346 scripti
2079 5274 2243 5347 fuisse

642 5356 985 5423 peritioribus
1041 5373 1090 5417 et
1136 5362 1234 5433 ipsi
1286 5362 1498 5420 Baluzio
1538 5362 1808 5423 videntur.

716 5444 922 5507 Primus
974 5466 1150 5510 autem
1206 5458 1443 5514 omnium
1478 5446 1835 5516 nominandus
1881 5471 1963 5515 est
2012 5452 2239 5531 Segnio-

644 5538 847 5607 rianus,
902 5547 989 5614 qui
1048 5548 1174 5604 olitn
1228 5548 1329 5605 l'uit
1357 5532 1699 5609 bibliothecm
1739 5551 2082 5608 illustrissimi
2116 5550 2238 5609 Gal-

641 5628 833 5687 liarum
862 5634 1179 5694 Cancellarii
1209 5640 1493 5712 Seguierii,
1529 5661 1672 5701 nunc
1721 5660 1851 5699 vero
1892 5642 2241 5698 illustrisshni

641 5720 711 5774 du
763 5722 1025 5785 Cautbout
1054 5732 1119 5789 de
1145 5733 1371 5804 Coislin,
1405 5736 1658 5793 Melensis
1699 5738 1945 5794 ecclesize
1972 5735 2237 5813 episcopi,

645 5816 886 5877 Francia:
932 5829 1085 5882 Duris
1129 5841 1182 5885 et
1232 5832 1403 5901 Paris,
1457 5849 1520 5889 ac
1571 5833 1784 5904 Imperii
1827 5833 2112 5903 principis,
2147 5831 2237 5903 qui

2351 4708 2489 4781 apud
2509 4708 2617 4780 jam
2643 4708 2914 4763 laudatum
2941 4707 3261 4766 Frobenium
3293 4722 3436 4764 anno
3463 4709 3627 4777 1549,
3658 4715 3922 4773 rursusque

2349 4803 2488 4874 apud
2520 4803 2837 4874 Hervaginm
2860 4819 3002 4858 anno
3021 4804 3178 4861 1550.

2421 4898 2491 4954 At
2516 4903 2657 4953 sicut
2699 4905 2993 4953 memorata
3049 4898 3463 4969 Autuerpiensis
3491 4898 3657 4953 editio
3684 4897 3737 4952 in
3760 4903 3924 4950 octavo

2352 4992 2425 5046 uti
2454 4991 2597 5061 loqui
2630 4999 2833 5056 amant,
2861 4990 3126 5060 publicata
3150 5000 3250 5054 est,
3283 4993 3350 5044 ita
3376 4998 3427 5045 el
3451 4989 3819 5061 Lugdunensis
3839 5001 3922 5037 au-

2351 5081 2436 5136 nis
2475 5082 2635 5147 1557,
2697 5074 2840 5138 1549
2885 5089 2939 5137 et
2991 5082 3149 5149 1556,
3185 5076 3670 5138 Venetiaua‘anno
3706 5077 3851 5135 1547.
3880 5080 3926 5127 et

2347 5173 2681 5228 Frobeniana
2712 5174 2871 5230 1603.
2919 5172 3021 5228 Sed
3076 5173 3171 5240 bas
3227 5185 3282 5228 et
3329 5175 3636 5245 superiores
3676 5172 3921 5229 editiones

2276 5266 2298 5289 ‘
2346 5282 2442 5321 nec
2466 5269 2743 5335 perfectas,
2767 5281 2865 5321 nec
2912 5276 3180 5322 accuratas
3222 5280 3341 5321 esse
3369 5266 3608 5336 plerique
3637 5266 3921 5335 opinantur.

2416 5359 2606 5415 Postea
2638 5375 2762 5415 vero
2805 5374 2883 5415 eae
2916 5361 2973 5413 D.
3008 5360 3258 5432 Cypriani
3293 5359 3694 5423 lucubrationes
3729 5357 3790 5413 ad
3820 5370 3916 5409 tua-

2354 5454 2660 5523 nuscriptos
2688 5451 2903 5507 codices
2929 5467 3059 5507 cura
3109 5467 3169 5508 ac
3216 5452 3401 5508 labore
3421 5450 3696 5507 Guillclmi
3722 5441 3921 5506 Morcllii

2348 5547 2619 5615 nauigatur
2671 5545 3005 5615 elegahtique
3049 5543 3360 5601 charactere
3408 5561 3593 5612 cusze,
3652 5546 3706 5601 in
3763 5538 3912 5614 publi-

2347 5653 2463 5694 cam
2497 5638 2666 5691 lnrem
2713 5635 2894 5691 Rom‘o
2942 5652 3082 5693 anno
3120 5636 3277 5702 1563,
3334 5638 3546 5695 emissa:
3594 5640 3921 5703 sunt;atqud

2350 5730 2692 5800 subsequeuti
2744 5729 2958 5784 Parisiis
2998 5745 3220 5796 recusas,
3255 5730 3348 5785 sed
3371 5743 3543 5786 auctie
3589 5741 3643 5784 rt
3683 5722 3919 5785 emcnda-

2355 5825 2539 5885 liores.
2573 5820 2773 5884 Eodem
2802 5831 2980 5880 autem
3006 5837 3145 5882 anno
3198 5821 3360 5896 1564,
3390 5823 3492 5881 soli
3530 5818 3806 5881 Tractatus
3830 5813 3923 5887 Cy-
