4202 6272
589 365 689 427 θῦι

1830 373 1895 429 1s
1940 373 2145 431 unum
2185 370 2583 432 cvrnrauuu
2598 378 2615 448 ί

3793 374 3894 436 99!

588 500 710 549 rum
737 488 1031 545 editionum
1061 486 1342 546 lectiones.
1367 489 1475 547 Cur
1500 499 1680 546 autem
1713 491 1793 546 hac
1819 490 2035 546 omissa:
2054 492 2181 559 sint,
2213 496 2263 555 Α
2290 506 2409 562 qua:
2457 492 2589 546 tium
2637 491 2689 546 iu
2728 490 2906 548 medio
2951 492 3187 561 ipsorum
3239 491 3459 563 (Emit.
3489 511 3607 565 cap.
3648 511 3728 563 ix,
3756 497 3832 567 4).
3868 514 3885 546 ι

591 583 931 652 exploratum
955 599 1061 638 non
1091 583 1369 641 habemus.
1394 584 1631 642 Secundi
1658 580 1784 641 vero
1811 586 2023 657 generis
2050 596 2190 643 notze

595 674 664 729 ad
688 674 1063 745 explicandum
1089 664 1533 732 etstabiliendum
1556 676 1805 750 Cypriani
1830 687 2030 733 textum
2061 693 2191 733 con-

594 766 816 823 ducnnt.
846 768 905 823 In
930 768 1010 824 his
1040 783 1199 839 porro
1245 769 1435 826 doctus
1480 771 1570 826 ille
1593 773 1671 826 rir
1699 771 1977 826 landandm
2006 772 2191 842 procul

591 859 759 916 dubio
783 860 1026 917 brevitati
1055 863 1341 918 consuluit.
1370 865 1662 936 Longiores
1683 865 1896 921 caeteris
1922 876 2047 919 sunt
2071 865 2191 924 dum

591 952 802 1024 priores
829 995 845 1020 ,
877 969 1104 1025 quarum
1145 955 1312 1011 altera
1341 957 1653 1027 opinionem
1706 958 1917 1012 illorum
1972 957 2189 1025 refellit,

588 1046 680 1118 qui
720 1046 1009 1116 opinantur
1037 1047 1431 1104 Demetrianum
1462 1048 1625 1104 fuisse
1667 1050 1867 1105 Abiens
1892 1066 2187 1119 proconsu~

586 1138 722 1196 lem.
744 1138 926 1195 Altera
950 1155 1078 1194 vero
1095 1140 1383 1210 respondet
1405 1139 1705 1205 Lactantio,
1724 1142 1811 1211 qui
1840 1140 2188 1213 Cyprianum,

590 1239 651 1288 ut
678 1245 837 1301 supra
860 1230 1114 1298 diximus,
1144 1231 1264 1287 ideo
1291 1232 1534 1303 corripit,
1559 1234 1682 1304 quia
1708 1248 1877 1289 sacrae
1898 1235 2191 1306 Scriptura:

589 1324 909 1382 auctoritate
932 1326 1183 1396 pugnavit
1198 1324 1456 1380 adversus
1473 1325 1746 1381 etlmicum
1776 1327 2067 1395 hominem,
2101 1329 2192 1400 qui

591 1417 740 1475 illam
771 1418 929 1488 plane
980 1417 1299 1489 penitusque
1339 1419 1634 1489 rejieiebat,
1688 1430 1743 1476 et
1781 1422 2188 1492 aspernabatur.

590 1512 941 1569 Dissimulare
994 1529 1155 1583 porro
1197 1528 1317 1572 non
1363 1528 1648 1584 possumus
1687 1515 1971 1570 nonnullas
2018 1518 2193 1571 minus

590 1607 806 1678 quidem
835 1606 1135 1678 probandus
1164 1622 1285 1663 esse
1305 1609 1562 1679 quasdam
1587 1609 1780 1664 eruditi
1823 1625 1952 1666 sane
1973 1611 2193 1667 cditoris

590 1698 1031 1763 observationes,
1082 1709 1241 1770 atque
1306 1702 1356 1755 in
1411 1702 1597 1771 primis
1645 1702 1989 1772 penultimam
2025 1744 2040 1767 ,
2089 1720 2191 1774 qua

591 1793 866 1849 contendit
910 1793 1142 1863 rejectos
1190 1809 1219 1848 a
1258 1792 1526 1865 Cypriane
1563 1797 1897 1865 purgatorios
1928 1796 2096 1867 ignes,
2126 1796 2193 1853 de

2296 582 2352 637 In
2401 582 2637 637 secundo
2678 592 2856 639 autem
2910 583 3168 640 adversus
3196 583 3413 640 Iuda-os
3440 585 3579 642 libro
3610 608 3623 642 :
3660 606 3679 639 t
3704 586 3891 644 Transi

2292 690 2390 746 per
2427 674 2656 732 mediam
2705 676 3076 744 Hierusalem,
3121 688 3175 733 et
3223 678 3433 734 notabis
3473 680 3688 750 signum
3737 696 3894 753 super

2292 767 2498 823 frontes
2532 768 2792 829 virorum,
2820 770 2908 840 qui
2943 769 3292 840 iugemnntet
3334 780 3565 828 mcerent
3603 772 3675 829 ob
3706 771 3897 845 iniqui-

2293 869 2432 916 tates
2461 878 2579 929 qna:
2608 861 2740 918 linnt
2771 864 2823 917 in
2848 863 3029 919 medio
3060 863 3320 933 ipsorum.
3352 882 3371 916 ι
3408 865 3540 921 Item
3570 866 3682 922 illic
3707 865 3894 923 Vadite

2293 962 2346 1008 et
2374 953 2582 1021 ca-ditc,
2610 962 2665 1008 et
2692 954 2857 1009 nolite
2879 970 3101 1026 parcere
3128 955 3301 1012 oculis
3328 958 3639 1014 vestris.....
3669 956 3893 1013 Omnem

2292 1056 2471 1103 autem
2497 1063 2659 1118 super
2683 1062 2840 1118 quem
2869 1050 3080 1117 signum
3110 1048 3368 1119 scriptum
3399 1057 3502 1114 est,
3536 1066 3604 1106 ne
3647 1051 3891 1122 tetigeri-

2294 1139 2361 1194 tis
2406 1139 2601 1214 (Idem,
2630 1140 2719 1195 lib.
2750 1157 2786 1196 tt
2831 1142 2949 1198 adv.
3000 1140 3176 1198 ludar.
3214 1142 3243 1215 §
3282 1142 3373 1211 22,
3407 1157 3528 1213 pag.
3566 1141 3686 1216 47).
3727 1164 3747 1198 ι
3785 1145 3894 1200 Iloc

2294 1244 2470 1287 autem
2517 1232 2755 1289 secundo
2805 1233 2924 1289 loco
2974 1234 3220 1304 sequitur
3277 1250 3553 1290 sacrorum
3601 1235 3893 1291 Bibliorum

2286 1325 2568 1393 ordinem,
2621 1342 2778 1395 quem
2833 1328 3008 1383 cernis
3049 1328 3212 1397 priori
3268 1328 3560 1382 inversum.
3595 1328 3704 1385 Sed
3737 1346 3895 1386 nemo

2297 1433 2547 1490 umquam
2581 1420 2792 1490 negabit
2825 1420 2876 1475 id
2908 1420 3107 1476 licitum
3159 1413 3628 1494 fuisseCypriano,
3678 1427 3770 1495 qui
3803 1443 3892 1479 ro-

2294 1513 2391 1568 luit
2419 1514 2518 1570 hac
2550 1516 2757 1571 ratione
2787 1517 2981 1572 seriem
3022 1518 3288 1573 sermonis
3342 1520 3422 1574 sui
3469 1520 3666 1589 aptiori
3716 1531 3893 1575 trans-

2295 1606 2460 1662 itione
2513 1616 2858 1664 connectere.
2911 1608 3192 1666 Nonnullis
3220 1609 3397 1681 itaque
3445 1611 3638 1666 mirmn
3672 1610 3897 1668 fortasse

2295 1698 2467 1769 magis
2506 1697 2772 1754 videbitur
2808 1715 2907 1755 cur
2934 1699 2987 1756 in
3037 1700 3139 1756 hoc
3169 1704 3469 1772 posteriore
3504 1703 3625 1758 loco
3671 1704 3894 1759 dixerit.

2301 1807 2320 1841 t
2358 1789 2489 1846 Item
2510 1790 2636 1859 illic,
2669 1792 2719 1846 in
2746 1792 3117 1863 prioreautem
3143 1792 3479 1849 :Manifestat
3501 1795 3609 1850 alio
3634 1796 3689 1850 in
3716 1797 3891 1853 loco.»

591 1886 784 1958 quibus
815 1886 947 1942 nihil
997 1901 1214 1958 prorsus
1243 1888 1296 1942 in
1351 1896 1531 1943 mente
1586 1888 1831 1945 habebat.
1856 1887 1962 1945 Sed
2012 1889 2078 1946 de
2108 1890 2190 1948 his

2300 1879 2427 1936 Nam
2460 1881 2575 1937 bzec
2599 1883 2653 1937 itt
2676 1883 2865 1938 eodem
2893 1884 3090 1955 scripta
3114 1892 3259 1940 sunt.
3287 1884 3552 1955 Numquid
3574 1901 3706 1958 ergo
3729 1888 3784 1942 in
3803 1905 3899 1942 au-

592 1979 732 2037 infra
757 1995 855 2037 suo
884 1980 1002 2036 loco
1029 1979 1316 2063 agendum.

1184 2138 1414 2196 CAPUT
1456 2141 1541 2196 Ill.

794 2268 950 2311 NOVE
990 2269 1042 2310 IN
1080 2270 1218 2312 HUNC
1259 2272 1450 2312 ιιιςιιωι
1489 2272 1940 2314 ουεειινΑτιοΝεε.

1108 2429 1402 2471 Αιιτιουιυε
1440 2429 1647 2471 ιιιωιυε.

594 2523 676 2583 De
719 2542 881 2584 sacra:
926 2527 1214 2601 Scriptum
1276 2530 1614 2598 auctoritate,
1679 2539 1725 2586 et
1781 2530 2083 2602 quibusdam
2126 2532 2192 2587 il-

610 2632 625 2649 '
1239 2622 1342 2677 lius
1367 2622 1512 2679 locis.
2168 2641 2174 2646 '

665 2729 895 2787 Lubenti
945 2740 1093 2788 certe
1147 2732 1328 2789 animo
1372 2733 1661 2791 fatebimur
1685 2750 1870 2791 verum
1898 2736 2026 2791 illud
2048 2752 2190 2803 esse,

594 2824 739 2894 quod
787 2825 1094 2883 Lactamius
1141 2831 1370 2885 asseruit
1398 2831 1722 2903 Cyprianum
1754 2831 1947 2886 eximia
1985 2822 2191 2901 raptum

594 2915 762 2973 fuisse
811 2918 1117 2975 divinarum
1181 2920 1510 2979 Litterarum
1556 2924 1860 2979 eruditione
1926 2924 2186 2998 (Lactant.

595 3008 689 3064 lib.
720 3024 755 3064 v
799 3010 932 3067 Inst.
984 3030 1102 3082 cap.
1133 3014 1185 3078 4,
1221 3032 1341 3087 pag.
1371 3016 1522 3089 471).
1564 3016 1845 3086 Quomodo
1883 3023 2026 3072 enim
2073 3017 2193 3071 illa-

595 3115 715 3156 rum
744 3100 986 3159 doctrina
1020 3106 1135 3174 rapi
1164 3120 1270 3162 non
1304 3108 1584 3175 potuisset,
1607 3108 1801 3178 quibus
1845 3108 2008 3164 divini
2033 3110 2195 3180 magi-

595 3192 737 3247 sterii
770 3203 817 3248 et
863 3196 1080 3251 nominis
1132 3197 1315 3254 tribuit
1366 3201 1736 3257 auctoritatem
1796 3201 2067 3273 (Cyprian.
2101 3203 2189 3257 lib.

2292 1975 2456 2030 ctoris
2486 1976 2655 2030 nostri
2688 1985 2835 2031 textu
2865 1976 3227 2032 describenda
3255 1986 3577 2032 erraverunt
3602 1979 3898 2036 oscitantes

2293 2066 2519 2133 librarii,
2551 2071 2640 2140 qui
2692 2070 2801 2137 illo,
2833 2080 2888 2127 et
2928 2086 3033 2126 non
3063 2072 3167 2127 alio
3196 2073 3248 2126 iu
3286 2072 3400 2127 loco
3445 2073 3683 2129 scribere
3727 2074 3899 2129 debe-

2293 2158 2629 2217 bant?Num
2673 2178 2801 2219 rero
2845 2163 2913 2219 ad
2955 2166 3119 2222 alium
3172 2166 3428 2237 aliquem,
3481 2166 3626 2238 quod
3659 2169 3743 2223 vix
3774 2183 3899 2225 cre-

2294 2253 2491 2317 dimus,
2525 2254 2701 2311 locum
2731 2259 3007 2328 respexit?
3392 2308 3396 2311 _

2366 2346 2633 2403 Caeterum
2665 2348 2757 2416 ibi,
2789 2350 2930 2406 sicut
2954 2350 3079 2406 alibi
3105 2349 3278 2422 (Idem
3302 2349 3371 2405 ad
3392 2350 3621 2408 Demetr.
3664 2354 3895 2426 pugili}

2293 2441 2537 2511 sequitur
2552 2441 2900 2513 Septuaginta
2929 2444 3701 2514 duoruminterpretationem,
3729 2457 3892 2518 atque

2294 2530 2387 2587 ubi
2409 2533 2574 2588 etiam
2603 2532 2717 2588 hzec
2744 2534 2924 2590 retulit
2944 2534 3104 2591 verba
3130 2553 3144 2589 :
3175 2555 3194 2587 ι
3223 2535 3461 2603 Qumrile
3482 2536 3736 2605 Deum,ct
3755 2539 3899 2593 \‘it‘cl

2293 2623 2473 2678 anima
2501 2633 2675 2678 vestra
2708 2624 2879 2696 (Psal.
2907 2641 3091 2697 μανίη,
3117 2626 3233 2695 ’55);
3267 2645 3285 2678 ι
3317 2643 3434 2696 qua:
3463 2626 3680 2697 quidem
3704 2644 3893 2685 none:

2294 2716 2554 2786 propheta
2587 2718 2772 2783 Amos,
2805 2719 2857 2773 in
2885 2718 3174 2775 Oxonicnsi
3206 2719 3443 2775 editione
3471 2723 3657 2788 citato,
3699 2722 3797 2778 sed
3822 2740 3894 2781 ex

2294 2806 2511 2871 Psaltno
2535 2824 2677 2874 LXIX,
2703 2810 2854 2881 juxta
2880 2810 3125 2883 eamdem
3151 2812 3438 2869 Seniorum
3483 2815 3898 2887 interpretatio.

2298 2916 2417 2957 nem
2446 2902 2729 2974 desumpta
2754 2914 2898 2960 sunt.
3338 2963 3351 2970 ,

2369 2992 2619 3064 Majorcm
2672 2996 2901 3053 fortasse
2950 2998 3357 3055 admirationem
3397 3002 3652 3074 aliquibus
3698 3018 3897 3059 move-

2299 3086 2430 3141 bunt
2454 3089 2617 3142 citata
2647 3088 2820 3146 abillo
2842 3090 3101 3147 adversus
3123 3093 3400 3149 cthnicum
3451 3095 3724 3152 hominem
3749 3113 3907 3167 qua:-

2297 3177 2419 3233 dam
2446 3178 2581 3235 Novi
2610 3179 2937 3238 Tesmmenti
2963 3185 3123 3240 verba
3154 3184 3282 3241 :sed
3313 3185 3428 3267 hare
3454 3188 3806 3258 paucissima,
3850 3199 3910 3245 et

596 3282 666 3339 ad
693 3283 919 3343 Deme".
952 3305 1073 3361 mg.
1121 3290 1246 3365 ‘35)
1273 3291 1297 3345 Ἰ
1325 3292 1382 3347 ιη
1412 3294 1644 3365 antiquis
1673 3304 1852 3351 autem
1876 3296 2199 3359 edmwibus
2223 3282 2269 3346 ε
2304 3272 2582 3343 ipsiusmet
2607 3273 2805 3329 Christi
2832 3286 2977 3331 sunt.
3012 3277 3152 3332 Duas
3173 3287 3353 3335 autem
3383 3295 3481 3335 cur
3510 3296 3572 3336 ea
3617 3284 3909 3352 protulerit

599 3390 664 3431 ac
703 3377 943 3445 pluribus
995 3382 1371 3451 manuscriptis
1409 3385 1806 3453 exemplaribus
1848 3388 2043 3443 absunt
2082 3389 2200 3444 haec

600 3467 708 3523 duo
739 3471 899 3527 verba
954 3484 1001 3526 et
1048 3476 1269 3529 nominis
1303 3474 1465 3547 (Ibid.
1519 3494 1640 3548 pag.
1686 3480 1790 3535 187
1828 3493 1875 3535 et
1906 3481 2071 3550 l88):
2104 3483 2196 3538 sed

584 3561 850 3634 leguntur
880 3564 930 3619 in
978 3565 1211 3636 quinque
1241 3568 1383 3635 aliis,
1417 3585 1514 3626 nec
1566 3570 1637 3627 ibi
1677 3572 1854 3627 addita
1886 3582 2089 3630 temere
2118 3577 2200 3629 vi.

601 3651 817 3710 dentur.
851 3655 1170 3727 Snpremam
1197 3668 1375 3715 autem
1420 3676 1693 3717 sacrarunt
1725 3674 2027 3719 nostrarum
2055 3664 2201 3723 Scri-

602 3755 874 3816 pturarum
903 3751 1273 3806 auctoritatem
1301 3751 1422 3809 ideo
1452 3764 1556 3809 tam
1587 3767 1961 3813 asseveranter
2004 3758 2199 3828 pracdi-

598 3849 684 3895 cat
724 3839 887 3913 (Ibid.
915 3860 1034 3913 pag.
1062 3845 1184 3908 187,
1222 3845 1346 3915 188,
1380 3847 1502 3913 190,
1530 3847 1797 3917 192,193,
1837 3850 1938 3907 194
1967 3861 2014 3906 et
2046 3851 2197 3922 195);

599 3934 720 4003 quia
767 3950 1083 4005 persuasum
1126 3940 1347 3996 οιιιιιίηο
1383 3942 1565 3997 habuit
1604 3943 1893 4014 ipsummet
1923 3946 2111 4011 Deum,
2139 3961 2202 4002 ac

599 4024 860 4096 Spiritum
889 4039 1131 4087 sanctum
1164 4035 1216 4087 in
1245 4034 1348 4088 illis
1392 4034 1619 4104 locutos,
1651 4052 1851 4106 easque
1876 4043 2203 4111 compositas

603 4117 770 4174 fuisse
795 4134 824 4174 a
854 4120 1138 4192 Prophetis
1166 4135 1220 4179 ct
1262 4128 1632 4196 scriptoribus,
1653 4130 1741 4200 qui
1764 4129 1953 4185 eodem
2001 4133 2200 4202 Spiritu

602 4222 790 4268 sancto
836 4214 977 4285 pleni
1031 4229 1203 4272 erant.
1233 4219 1498 4275 Constans
1516 4237 1653 4276 vero
1703 4237 1919 4293 semper
1964 4223 2059 4280 fuit
2088 4225 2204 4281 haec

600 4302 856 4377 Cypriani
899 4309 1188 4371 sententia,
1220 4325 1380 4380 quam
1439 4311 1488 4366 in
1523 4312 1623 4367 hac
1667 4317 2122 4373 commentatione
2151 4327 2206 4374 et

602 4398 872 4470 plerisque
882 4402 1131 4457 omnibus
1146 4403 1358 4475 scriptis
1379 4405 1511 4470 suis,
1526 4422 1588 4461 ac
1604 4407 1936 4476 potissimum
1962 4410 2014 4465 in
2037 4410 2205 4468 tribus

602 4490 860 4549 adversus
884 4493 1101 4551 Iudaeos
1141 4496 1313 4558 libris.
1347 4508 1615 4569 tamquam
1646 4511 1844 4557 certam
1889 4513 1944 4556 et
1986 4504 2207 4561 minime

603 4584 820 4641 dubiant
864 4587 1016 4657 ponit
1044 4596 1098 4644 et
1126 4591 1390 4660 sequitur.
1431 4590 1575 4647 Nihil
1606 4592 1934 4663 itaqueapus
1965 4603 2048 4650 est
2071 4594 2203 4651 illud

603 4693 634 4734 a
663 4678 818 4734 nobis
842 4677 1014 4735 fusius
1045 4681 1277 4750 probari.
1808 4746 1809 4749 η

678 4774 746 4829 At
773 4788 954 4845 opera:
977 4775 1197 4831 forsitan
1228 4777 1451 4848 alicujus
1485 4779 1713 4848 pretium
1744 4780 1847 4836 erit
1891 4779 2207 4844 observasse

605 4865 850 4934 quaedam
879 4866 1175 4924 Ezechielis
1201 4868 1363 4924 verba
1403 4870 1509 4924 alio
1539 4870 1698 4926 modo
1722 4872 1778 4927 in
1808 4872 1910 4927 hoc
1955 4873 2107 4928 citari
2140 4873 2205 4929 ad

612 4956 1033 5022 Demetrianum,
1062 4975 1221 5031 quam
1271 4960 1323 5015 in
1369 4961 1608 5018 secundo
1660 4963 1800 5018 illius
1823 4964 2081 5020 adversus
2108 4966 2207 5022 Ju-

520 5052 525 5057 ’
609 5048 938 5107 dreoslibro.
970 5050 1106 5107 Nam
1144 5067 1209 5107 ea
1260 5051 1434 5108 cidem
1488 5056 1831 5113 Demetriano
1886 5056 2047 5130 (Ibid.
2087 5076 2208 5131 pag.

610 5140 762 5216 194),
789 5143 1014 5214 aliisque
1041 5143 1325 5214 gentilibus
1352 5145 1428 5200 sic
1454 5145 1640 5214 objicit
1672 5164 1684 5201 :
1725 5166 1743 5199 ι
1781 5147 1992 5216 Vadite,
2021 5159 2074 5205 et
2100 5164 2208 5206 cae-

610 5235 743 5302 dite,
776 5245 833 5292 et
870 5236 1037 5292 nolite
1068 5252 1289 5307 parcere
1319 5237 1491 5295 oculis
1532 5242 1745 5297 vestris.
1771 5242 1945 5300 Nolite
1966 5243 2214 5301 misereri

612 5329 863 5395 senioris,
894 5328 1261 5398 autjuvenis,
1317 5341 1412 5385 aut
1468 5332 1727 5404 virginis;
1757 5344 1812 5390 et
1865 5336 2115 5404 parvulos
2158 5346 2214 5394 et

613 5420 869 5478 mulieres
908 5420 1208 5489 interficite,
1243 5433 1300 5478 ut
1350 5424 1747 5493 perdeleantur.
1777 5426 2002 5484 Omnem
2033 5439 2212 5486 autem

612 5528 774 5586 super
803 5529 961 5587 quem
984 5515 1195 5587 signant
1218 5516 1475 5589 scriptum
1504 5527 1607 5585 est,
1636 5534 1704 5574 ne
1732 5521 2034 5591 tetigeritis.
2058 5521 2214 5590 Quod

612 5615 793 5662 autent
822 5607 893 5663 sit
924 5607 1041 5664 hoc.
1060 5610 1291 5680 signum,
1324 5619 1380 5665 et
1397 5626 1502 5683 qua
1529 5612 1581 5667 in
1610 5622 1760 5683 parte
1801 5615 2044 5685 corporis
2066 5616 2213 5683 posi-

618 5715 730 5755 tum
773 5700 842 5755 sit
872 5700 1176 5756 manifestat
1200 5702 1306 5757 alio
1336 5703 1388 5758 in
1436 5703 1555 5760 loco
1598 5705 1740 5761 Deus
1763 5706 1951 5763 dicens
1983 5707 2216 5765 :Transi

616 5806 715 5859 per
736 5789 964 5846 mediam
990 5791 1347 5857 Hierusalem,
1364 5801 1416 5848 et
1431 5796 1641 5852 notabis
1658 5798 1868 5869 signum
1892 5814 2054 5869 super
2068 5798 2217 5857 fron-

626 5888 706 5932 tes
730 5881 990 5945 rirorum,
1023 5882 1112 5949 qui
1145 5883 1422 5951 ingemunt
1449 5894 1504 5942 et
1534 5897 1767 5944 mtrrcnt
1793 5890 1862 5945 ob
1885 5889 2210 5961 iniquitates,

2303 3366 2457 3421 nobis
2491 3366 2663 3422 reddit
2702 3369 2955 3425 rationes.
3000 3367 3181 3426 Primo
3228 3371 3458 3443 quidem,
3496 3374 3619 3444 quia
3650 3372 3912 3430 Christus

2303 3462 2575 3516 neminem
2605 3477 2856 3533 umquam
2887 3462 3097 3520 fefellit.
3127 3464 3387 3527 Secundo,
3415 3466 3537 3535 quia
3566 3466 3726 3536 plura
3761 3485 3919 3538 plar-

2302 3555 2439 3610 dixit
2464 3556 2918 3625 quemadmodum
2957 3574 3146 3633 revera
3195 3570 3503 3616 evenerunt.
3531 3560 3910 3628 Quamobrem

2302 3648 2815 3716 ctlinicos,adhtbita
2844 3649 2942 3706 hac
2965 3652 3232 3718 cautione,
3251 3652 3331 3707 sic
3351 3653 3672 3723 alloquitur:
3707 3674 3726 3705 ι
3773 3652 3912 3709 Cre-

2304 3741 2413 3795 dite
2439 3742 2539 3808 illi,
2572 3742 2663 3814 qui
2685 3744 2904 3800 omnino
2925 3761 3031 3800 non
3056 3745 3227 3810 fallit;
3271 3747 3479 3803 credite
3518 3747 3617 3814 illi,
3657 3749 3743 3818 qui
3781 3752 3907 3802 ba'c

2303 3835 2482 3889 omnia
2505 3834 2680 3889 futura
2714 3836 2960 3907 praedixit
3010 3837 3188 3910 (Cypr.
3243 3838 3370 3894 ibid.
3399 3856 3520 3911 pag.
3544 3838 3675 3904 I95).
3709 3858 3726 3888 ι
3757 3839 3900 3893 Iure

2303 3937 2482 3980 autem
2514 3929 2705 3996 potiori
2726 3929 3028 3984 testimonia
3047 3930 3252 3985 Veteris
3274 3929 3599 3986 Testamenti
3616 3941 3769 4000 urget
3794 3931 3907 3986 atl-

2304 4033 2496 4074 versus
2525 4016 2667 4084 illos,
2694 4021 2782 4091 qui
2813 4022 3023 4079 nescire
3051 4033 3298 4094 poterant
3326 4041 3392 4081 ea
3433 4024 3767 4081 Christianos
3810 4040 3911 4080 ac-

2304 4115 2511 4184 cepisse
2540 4114 2608 4169 ab
2630 4113 3007 4173 infensissimis
3032 4118 3143 4173 suis
3184 4118 3431 4173 hostibus
3468 4117 3695 4183 Judmis,
3726 4134 3759 4174 a
3787 4125 3911 4189 qui-

2305 4205 2405 4261 bus
2434 4206 2562 4262 illud
2587 4208 2846 4278 integrum
2868 4222 2922 4265 et
2941 4225 3129 4267 sanum
3155 4220 3425 4267 servatum
3459 4212 3633 4268 fuerat
3680 4210 3917 4285 (Disser-

2307 4310 2398 4354 lat.
2438 4316 2609 4369 super.
2637 4318 2750 4371 cap.
2776 4302 2831 4369 5,
2860 4313 2961 4359 art.
2985 4303 3020 4360 5
3068 4302 3253 4378 seqq).

2930 4413 3223 4454 ARTICULUS
3249 4414 3307 4455 Il.

2312 4481 2578 4549 Quomodo
2596 4485 2882 4558 Cyprianus
2902 4487 3067 4542 Deum
3087 4490 3327 4545 exsistere
3344 4490 3657 4546 demonstret
3681 4508 3752 4547 ea:
3781 4504 3931 4550 recte

2383 4580 2592 4633 humani
2612 4582 2842 4643 corporis
2863 4591 3080 4648 statura,
3125 4600 3189 4639 ex
3217 4585 3338 4639 solis
3386 4594 3434 4639 et
3479 4586 3706 4641 aliarum
3744 4606 3935 4644 rerum

2231 4679 2287 4742 ι)
2384 4675 2658 4741 creatione,
2685 4686 2834 4747 atque
2855 4693 2923 4732 ea)
2945 4678 3151 4747 publica
3175 4678 3472 4733 datmonum
3492 4721 3507 4743 ,
3544 4696 3574 4731 a
3602 4680 3939 4737 Christianis

2383 4783 2445 4821 cm
2460 4766 2675 4822 obsessis
2697 4769 2999 4838 corporibus
3026 4772 3302 4838 ejectorum
3328 4773 3665 4844 confessione.

2382 4860 2715 4932 Quamquam
2742 4860 3040 4933 Cyprianus
3067 4863 3116 4917 in
3152 4863 3252 4918 hoc
3277 4863 3343 4919 ad
3397 4864 3815 4921 Demetriannm
3866 4869 3951 4923 li-

2312 4949 2409 5005 bro
2438 4967 2533 5021 pro
2558 4960 2728 5018 certo,
2757 4962 2811 5008 et
2834 4952 2944 5023 jam
2972 4970 3002 5007 a
3021 4968 3083 5009 se
3103 4954 3228 5009 alibi
3255 4955 3514 5024 probato,
3542 4968 3731 5012 sumat
3759 4976 3947 5016 unum

2312 5042 2587 5100 dumtaxat
2614 5061 2736 5102 esse
2764 5046 2935 5102 Deum
2966 5047 3325 5118 :quibusdam
3356 5060 3559 5118 tamen,
3583 5067 3689 5107 nec
3713 5055 3957 5112 minimi

2313 5137 2528 5208 quidem
2560 5139 2839 5205 momenti,
2868 5142 3201 5210 argumentis
3232 5141 3362 5197 illud
3390 5153 3495 5197 tam
3529 5144 3708 5209 clare,
3763 5164 3957 5218 tinam

2317 5230 2550 5287 breviter
2574 5231 2927 5288 demonstrat.
2969 5234 3206 5290 Primum
3233 5245 3413 5293 autem
3444 5235 3573 5292 illud
3615 5249 3710 5294 est
3745 5281 3763 5306 ,
3822 5258 3965 5312 quo

2318 5325 2369 5380 itt
2395 5326 2669 5381 ethnicum
2697 5326 2966 5383 hominem
2986 5327 3063 5383 sic
3094 5337 3329 5399 pugnat:
3366 5346 3386 5380 ι
3426 5329 3656 5385 Rectum
3697 5344 3754 5389 te
3782 5335 3967 5393 Deus

2316 5418 2563 5475 fecit.....
2600 5419 2691 5474 tibi
2714 5419 2963 5475 sublimis
2992 5428 3185 5485 status,
3235 5431 3292 5477 et
3334 5421 3401 5477 ad
3449 5421 3618 5480 ctelos
3648 5434 3829 5496 atque
3874 5429 3972 5484 ad

2317 5512 2485 5569 Deum
2518 5529 2720 5567 sursum
2753 5512 3027 5585 (meliores
3049 5512 3264 5569 codices
3286 5512 3454 5586 suum)
3500 5515 3687 5572 vultus
3708 5533 3977 5576 erectus

2316 5613 2420 5661 est.
2466 5604 2597 5660 Illuc
2630 5606 2855 5671 intuere,
2908 5605 3033 5660 illuc
3076 5606 3263 5660 oculos
3290 5615 3409 5662 tuos
3437 5607 3605 5679 erige,
3642 5620 3703 5666 et
3753 5612 3817 5666 in
3848 5630 3983 5672 su.

2319 5696 2500 5767 pernis
2551 5696 2716 5751 Deum
2738 5713 3180 5766 quzere.....eum
3202 5708 3345 5753 statu
3395 5701 3505 5753 oris
3557 5710 3613 5755 et
3673 5712 3983 5775 corporis

2316 5792 2557 5843 animum
2591 5799 2738 5843 tuum
2763 5798 2961 5844 statue.
2995 5789 3415 5861 Utcognoscere
3446 5791 3620 5847 Deum
3656 5802 3989 5865 pos.~is,1e

2318 5892 2446 5941 ante
2481 5897 2767 5954 cognosce.
2828 5882 3122 5957 (Cypritm.
3164 5882 3233 5938 ad
3282 5882 3508 5942 Demetr.
3540 5904 3668 5957 pag.
3720 5889 3909 5963 I92).
3964 5916 3987 5947 ι

3998 2768 4011 2797 f
