4190 6266
271 316 388 385 995

1697 309 2167 374 DISSERTATIO.
2183 316 2194 327 ’

3398 324 3401 325 ν
3481 303 3586 362 994

279 438 450 493 Deum
475 436 655 508 itaque
681 446 869 492 revera
896 429 1165 491 exsistere
1192 474 1209 501 ,
1232 447 1296 488 ac
1319 444 1441 492 esse
1467 429 1683 486 unicum
1707 470 1722 495 ,
1768 426 1893 484 inde
1919 428 1971 489 A
1997 425 2445 494 Christianorum,
2473 437 2567 480 eos
2606 422 2998 496 'adjnrantium,
3057 421 3236 479 verbis
3263 414 3369 478 nan
3428 435 3589 477 secus

279 529 587 587 luculenter
617 528 851 589 ronﬂeit.
885 526 1029 599 quod
1050 526 1210 581 homo
1238 525 1283 579 si
1327 538 1387 579 se
1419 523 1617 593 ipsum,
1682 530 1736 577 et
1775 520 1890 573 ani-

277 643 430 683 tuum
463 641 618 700 suum
645 631 960 694 cognoscat,
985 622 1030 676 si
1075 619 1142 675 ad
1168 627 1366 675 statum
1396 633 1550 671 suum
1599 615 1884 670 sublimem

278 718 544 784 attendat,
571 718 614 772 si
634 717 839 772 vultum
850 714 915 771 ad
933 714 1102 771 caelos
1126 721 1366 769 erectum
1389 702 1532 767 serio
1555 708 1883 776 consideret,

279 824 394 870 ttnn
426 822 648 884 cogetur
676 809 824 866 fateri
844 824 903 865 se
931 824 961 863 a
996 808 1104 863 Deo
1133 805 1410 889 conditum
1441 846 1455 870 ,
1507 821 1571 860 ac
1617 806 1786 860 C(Blus
1835 811 1891 857 et

278 907 464 963 omnia
494 913 676 961 creata
705 903 884 959 abillo
913 901 1098 958 fuisse.
1125 899 1234 956 Nos
1260 915 1389 956 vero
1428 898 1569 954 hanc
1596 911 1888 968 argumen-

280 999 544 1056 tationem
575 999 627 1053 in
671 1005 854 1052 nostra
890 995 959 1051 de
1000 994 1264 1051 Lactantii
1312 992 1460 1048 libris
1505 990 1889 1047 dissertatione

280 1091 622 1151 excussimus
653 1098 707 1145 et
731 1087 1157 1159 explanavimus.
1183 1085 1323 1154 Quin
1368 1085 1526 1141 etiam
1558 1083 1640 1140 sol
1668 1084 1781 1154 ipse
1801 1097 1890 1139 so~

279 1188 369 1244 lus
394 1184 645 1241 omnibus
672 1181 1078 1239 evidentissime
1106 1177 1357 1251 patefacit
1375 1174 1732 1233 clarissimum
1755 1173 1890 1245 (Dis-

280 1288 461 1335 sertat.
490 1277 542 1331 in
560 1276 798 1330 Lactant.
837 1273 1152 1343 cap.7,art.
1204 1271 1259 1339 5,
1312 1278 1358 1325 et
1387 1286 1507 1341 cap.
1535 1270 1628 1336 11,
1658 1277 1757 1324 art.
1806 1266 1886 1337 2).

284 1382 343 1429 ιιι
369 1372 442 1427 ait
470 1370 608 1425 idem
638 1369 970 1432 Lactantius,
999 1374 1055 1421 et
1075 1380 1176 1422 nos
1200 1364 1328 1420 alibi
1357 1362 1771 1430 annotavimus,
1804 1361 1890 1416 lu-

284 1479 409 1521 men
427 1478 582 1519 suum
611 1475 733 1519 esse
760 1462 810 1517 in
833 1466 1206 1531 argumentum
1236 1457 1455 1525 divinat,
1485 1468 1538 1513 et
1570 1458 1746 1513 unicae
1771 1471 1889 1512 ma~

279 1558 495 1629 jestatis
522 1556 682 1629 (Ibid.
717 1572 834 1627 cap.
870 1554 958 1619 12,
991 1563 1091 1608 art.
1119 1553 1193 1625 l),
1222 1552 1273 1607 id
1300 1560 1402 1618 est,
1434 1550 1694 1607 exsistere
1722 1550 1888 1604 Deum

284 1667 473 1709 verum
515 1660 569 1708 et
595 1649 833 1713 unicum,
858 1664 888 1704 a
916 1663 1023 1719 quo
1050 1657 1263 1702 creatus
1289 1654 1392 1701 est.
1439 1643 1584 1701 Solis
1614 1650 1794 1698 autem
1836 1651 1891 1699 et

286 1744 413 1803 ereti
444 1743 750 1814 exemplum
774 1755 884 1812 pne
913 1739 1127 1796 caeteris
1160 1738 1412 1794 omnibus
1449 1735 1712 1793 creatur-is
1741 1742 1889 1790 uter-

1991 529 2155 591 atque
2182 519 2515 591 spiritalibus
2552 517 2765 589 ﬂagris,
2800 515 3115 574 verberibus
3148 559 3163 584 ,
3213 532 3275 571 ac
3308 514 3589 570 tormentis

1991 612 2117 668 Caesi
2168 621 2223 669 et
2261 611 2648 668 excarniﬁcati.
2682 611 3021 682 Quapropter
3064 609 3153 664 ille
3204 609 3269 663 ad
3326 609 3589 664 Donatum

1990 705 2260 761 scribebat
2288 705 2462 761 datam
2492 704 2817 760 Christianis
2844 703 3170 770 facultatem,
3203 718 3307 773 qua
3338 711 3593 773 poterant

1997 795 2098 853 hos
2128 797 2434 854 immundos
2463 808 2519 853 et
2564 798 2825 852 erraticos
2848 796 3088 867 spiritus,
3124 815 3142 848 ι
3184 796 3252 851 ad
3300 797 3595 853 confessio-

1993 906 2116 945 nem
2158 888 2317 945 minis
2336 889 2735 959 increpantibus
2776 903 2992 958 cogere,
3042 896 3100 943 ut
3147 886 3403 944 recedant
3443 888 3594 947 duris
3642 924 3649 929 ρ

1995 981 2308 1038 verberibus
2332 996 2544 1053 urgere;
2578 979 2968 1047 conﬂictantes,
2993 979 3279 1051 eiulantes,
3310 987 3591 1051 gementes

2002 1075 2336 1132 incremento
2363 1089 2537 1146 paena:
2558 1068 2899 1145 propagantis
2930 1071 3247 1140 extendere,
3276 1071 3461 1143 ﬂagris
3483 1088 3591 1128 ctua

1990 1167 2140 1234 dere,
2198 1168 2319 1239 igne
2350 1177 2580 1224 torrere.
2611 1167 2721 1221 Res
2744 1166 2853 1221 illic
2872 1165 3070 1236 agitur,
3103 1180 3205 1221 nec
3228 1165 3438 1221 videtur
3458 1208 3473 1233 ,
3502 1181 3596 1222 oc-

1990 1259 2130 1314 culta
2158 1260 2331 1330 plaga,
2361 1268 2416 1316 et
2440 1274 2593 1330 poena
2628 1257 2932 1313 manifesta.
2964 1254 3147 1329 (ευριπ
3181 1256 3269 1312 lib.
3301 1256 3371 1312 ad
3400 1255 3592 1315 Donat.

1994 1370 2116 1426 pag.
2149 1352 2233 1426 4).
2274 1374 2295 1407 ›
2343 1354 2550 1409 Rursus
2568 1364 2750 1409 autem
2770 1352 2875 1408 alio
2900 1353 2951 1408 in
2975 1352 3148 1407 libro:
3187 1369 3206 1403 ι
3250 1349 3449 1408 Videas
3477 1351 3597 1408 illos

1993 1453 2177 1501 nostra
2200 1460 2336 1502 voce
2380 1455 2433 1503 et
2483 1446 2798 1517 operatione
2825 1443 3122 1516 maiestatis
3150 1443 3378 1500 occultre
3408 1443 3594 1515 ﬂagris

1992 1539 2151 1607 caedi,
2184 1541 2307 1613 igne
2344 1541 2557 1607 torreri,
2578 1540 2910 1596 incremento
2934 1554 3108 1609 paenae
3133 1538 3478 1611 propagantis
3504 1555 3599 1595 cx~

1994 1634 2161 1699 tendi,
2192 1634 2411 1705 ejulare,
2435 1648 2672 1704 gemere,
2697 1644 2751 1689 et
2769 1632 3045 1703 deprecari
3070 1630 3239 1704 (Idem
3265 1631 3354 1686 lib.
3382 1631 3445 1686 de
3472 1629 3600 1687 Idon

1992 1728 2093 1781 lor.
2120 1724 2291 1780 Vanit.
2315 1741 2443 1797 pag.
2472 1722 2586 1796 14).
2621 1743 2640 1776 ι
2670 1724 2936 1792 Quocirca
2960 1723 3182 1779 cuilibet
3204 1723 3400 1779 Gentili
3428 1723 3602 1780 fiden-

286 1853 395 1909 que
415 1837 626 1907 εθιεείι,
647 1834 772 1905 quia
821 1831 1033 1888 ουηοιίε
1064 1830 1372 1887 hominibus
1403 1843 1712 1901 supremam
1758 1826 1887 1882 0m.
1922 1829 1972 1890 Β
2004 1827 2085 1873 ter
2103 1817 2353 1873 dicebat:
2388 1835 2409 1909 ι
2446 1814 2668 1909 Videbis
2720 1830 2822 1909 nos
2860 1815 3037 1885 rogari
3063 1814 3130 1870 ab
3160 1816 3238 1870 eis
3263 1830 3399 1909 quos
3435 1824 3488 1871 tu
3508 1832 3600 1909 ro-

288 1928 584 2000 nipoteutis
618 1926 738 1991 Dei,
767 1932 825 1982 et
852 1923 1023 1996 ipsius
1046 1922 1199 1990 solis,
1226 1931 1279 1978 et
1307 1920 1433 1978 coeli
1459 1919 1665 1976 ereatio
1708 1920 1896 1990 majes-

289 2028 453 2077 tatcm
475 2030 529 2075 et
555 2018 850 2091 potentiam
879 2019 1237 2074 demonstrat.
1316 2086 1333 2091 _

364 2136 529 2192 flecte
543 2149 670 2206 ergo
681 2133 978 2207 Cyprianus
995 2132 1118 2189 inde
1129 2131 1397 2188 concludit
1410 2130 1761 2203 relinquenda
1775 2144 1895 2188 esse

291 2226 454 2293 idola,
487 2226 600 2281 sive
630 2226 798 2282 falsos
823 2224 1104 2297 gentilium
1129 2223 1262 2280 deos
1294 2239 1432 2294 quos
1454 2238 1608 2281 error
1628 2223 1895 2279 humanus

290 2320 595 2387 invenerat,
622 2329 676 2375 et
698 2318 1093 2390 agnoscendum
1123 2332 1187 2373 ac
1225 2316 1508 2374 colendum
1539 2317 1687 2372 illum
1706 2331 1892 2373 verum

290 2422 345 2469 et
376 2414 590 2469 unicum
621 2413 813 2480 Deum,
838 2413 929 2483 qui
959 2427 1118 2482 opem
1144 2411 1895 2482 ejusimplorantibussubve-

293 2510 413 2566 nire
440 2518 545 2564 tam
580 2508 733 2564 facile
774 2517 1149 2578 potest,quam
1177 2507 1371 2563 frustra
1397 2508 1517 2563 falsi
1550 2506 1622 2562 dii
1647 2505 1896 2577 precibus

295 2601 573 2659 hominum
602 2602 948 2657 invocantur.

368 2718 573 2774 Deinde
594 2733 724 2774 vero
753 2718 917 2773 Deum
936 2717 1196 2773 exsistere
1229 2715 1420 2788 probat
1468 2716 1577 2770 alio
1610 2715 1895 2770 invictissi-

296 2829 386 2870 nto
415 2829 546 2870 sane
575 2822 912 2885 argumento,
938 2811 1080 2883 quod
1102 2812 1250 2866 ducit
1278 2827 1342 2866 ex
1367 2810 1573 2882 publica
1604 2810 1895 2866 confessio-

296 2922 365 2960 ne
391 2904 721 2972 dminonutn,
753 2919 890 2975 quos
912 2903 1113 2959 ethnici
1153 2904 1287 2958 deos
1317 2919 1437 2957 esse
1468 2902 1889 2958 arbitrabantttr.

291 2999 426 3056 Nam
451 3001 482 3054 ii
503 3015 533 3054 a
556 2999 880 3054 Christianis
905 2997 1158 3068 adiurati,
1190 3013 1295 3050 non
1318 2996 1488 3051 Solum
1514 2997 1750 3065 ipsorum
1776 3012 1894 3052 ver-

292 3094 397 3159 bis,
431 3103 700 3166 tamquam
722 3092 1092 3162 spiritualibus
1118 3090 1302 3162 ﬂagris
1344 3101 1398 3147 et
1455 3093 1737 3147 tormentis
1767 3133 1781 3157 ,
1823 3107 1891 3148 ex

1999 1926 2114 1980 gas;
2149 1909 2324 1964 timeri
2346 1908 2414 1964 ab
2436 1908 2502 1964 iis
2524 1923 2661 1979 quos
2687 1917 2741 1962 tu
2767 1908 2943 1974 times,
2981 1922 3119 1979 qttos
3150 1915 3205 1962 tu
3235 1906 3452 1963 adoras.
3499 1908 3600 1964 Vi-

1997 2003 2149 2060 debis
2165 2002 2266 2059 sub
2288 2016 2447 2058 manu
2478 2009 2659 2058 nostra
2687 2012 2836 2057 stare
2861 2001 3092 2068 vinctos,
3122 2009 3178 2057 et
3212 2009 3444 2057 tremere
3468 2017 3599 2074 cap-

2000 2097 2139 2152 tivos
2188 2110 2324 2167 quos
2365 2105 2422 2151 tu
2451 2095 2686 2166 suspicis
2715 2136 2730 2161 ,
2774 2103 2831 2151 et
2887 2094 3166 2152 veneraris
3218 2104 3276 2152 ut
3324 2093 3595 2154 dominos.

1999 2185 2173 2260 (Idem
2197 2187 2266 2241 ad
2292 2185 2516 2243 Demetr.
2539 2203 2661 2261 pag.
2697 2186 2844 2261 191).
2884 2205 2903 2240 ι

2075 2278 2211 2335 Tum
2244 2280 2424 2350 itaque
2452 2280 2729 2337 drcmones
2756 2296 2863 2335 non
2892 2279 3063 2336 solum
3088 2295 3117 2336 a
3143 2279 3463 2341 Christianis
3491 2294 3601 2342 tor-

2008 2373 2306 2443 quebantur
2334 2382 2388 2428 et
2416 2372 2786 2442 ejiciebantur,
2820 2373 2911 2428 sed
2941 2388 3006 2429 ex
3036 2372 3274 2429 obsessis
3300 2378 3459 2432 etiam
3504 2378 3601 2434 lto.

1999 2466 2200 2521 minum
2228 2466 2545 2537 corporibus
2573 2465 2968 2537 quantumlibet
2994 2466 3145 2522 inviti
3168 2478 3449 2538 exeuntes,
3478 2470 3601 2525 adi-

1996 2558 2262 2629 gebantur
2316 2558 2493 2628 palam
2525 2558 2801 2619 declarare
2841 2565 3035 2636 quibus
3092 2567 3376 2640 pra-stigiis
3428 2566 3602 2624 homi-

2002 2666 2101 2706 nes
2127 2650 2394 2722 fallerent,
2422 2669 2482 2710 se
2533 2670 2815 2711 veronon
2866 2660 2987 2714 esse
3032 2657 3186 2728 deos,
3247 2661 3340 2716 sed
3381 2662 3599 2716 unicum

2002 2743 2280 2799 dumtaxat
2307 2760 2429 2801 esse
2475 2744 2901 2823 Christianorum
2926 2751 3112 2807 Dennt.
3172 2754 3240 2807 At
3271 2754 3401 2811 nihil
3453 2763 3602 2811 certe
3658 2752 3661 2756 ’

1998 2836 2099 2892 hac
2132 2836 2338 2907 publica
2372 2838 2581 2894 illorum
2618 2839 2955 2896 confessione
2983 2851 3101 2896 erat
3139 2845 3349 2911 verius,
3403 2847 3603 2902 certius

1995 2936 2051 2983 et
2093 2927 2448 2985 manifestius.
2507 2929 2850 2987 Meritissinto
2904 2933 3062 3004 igitur
3122 2935 3247 3001 jure
3302 2937 3603 3010 Cyprianus

2000 3021 2139 3077 hanc
2166 3022 2427 3078 adversus
2455 3023 2701 3080 ethnicos
2729 3024 2875 3081 elicit
2905 3026 3308 3084 conclusionem
3340 3049 3352 3084 :
3385 3050 3404 3083 ι
3439 3031 3603 3090 Certo

1996 3112 2081 3169 vel
2105 3114 2184 3169 sic
2215 3113 2471 3170 confundi
2491 3116 2543 3169 in
2574 3115 2690 3170 istis
2718 3116 2993 3173 erroribus
3018 3103 3122 3173 tuis
3150 3121 3602 3192 poteris,quand0

294 3189 638 3285 οὺδθξεοτιξίη
661 3187 1013 3285 θῙῘοίῨ-δίξηιυτ
1032 3186 1372 3285 θονροξίυυετ
1408 3186 1502 3241 θεά
1533 3186 1708 3257 Palam
1740 3202 1888 3285 Δ(1¹¹⁰·
1917 3223 1963 3285 C
1998 3209 2354 3278 conspexeris
2382 3208 2513 3265 deos
2541 3219 2661 3264 tuos
2688 3210 2814 3281 quid
2842 3210 2951 3265 sint
2981 3186 3602 3283 interrogatitnte-nostra

292 3296 396 3352 que
419 3280 574 3336 fateri
596 3280 1061 3350 compellebantnr
1079 3293 1139 3335 se
1178 3278 1307 3334 deos
1338 3294 1441 3333 non
1481 3294 1625 3346 esse,
1671 3280 1891 3350 suiSque

295 3372 578 3446 prtestigiis
603 3388 667 3428 ac
695 3372 923 3428 fallaciis
954 3370 1179 3427 illudere
1218 3371 1529 3427 hominibus
1560 3414 1574 3440 ,
1628 3387 1691 3428 ac
1723 3389 1889 3429 unum

292 3467 591 3533 dumtaxat,
615 3482 772 3537 quem
793 3465 950 3521 iidem
965 3463 1255 3520 Christiani
1276 3465 1671 3529 eolebant,esse
1690 3464 1883 3521 Deum.

293 3560 737 3615 Anitnadvertere
771 3568 948 3612 autem
974 3557 1126 3628 juvat
1172 3566 1369 3627 quanta
1395 3554 1715 3611 confidentia
1750 3554 1890 3612 hanc

294 3652 552 3707 adversus
573 3651 819 3706 ethnicos
837 3660 1022 3721 urgeat
1042 3651 1579 3722 argumentationem.
1595 3650 1890 3706 Demetria-

236 3802 245 3817 ,
295 3760 420 3801 num
444 3744 608 3810 enim,
640 3752 973 3815 ca-terosque
999 3758 1187 3798 omnes
1216 3743 1459 3798 ClillliCHS
1490 3742 1574 3797 his
1600 3740 1891 3814 compellat

292 3840 473 3897 verbis
504 3856 519 3908 ;
558 3857 576 3892 ι
609 3839 653 3894 0
675 3839 718 3894 si
750 3837 937 3894 audire
988 3836 1139 3893 velles
1170 3837 1336 3909 (Mss.
1371 3836 1542 3892 nostri
1568 3838 1781 3893 codices
1800 3853 1889 3892 ve-

294 3933 378 4002 lis)
410 3939 466 3988 et
491 3931 693 3999 videre,
722 3930 937 4001 quando
962 3947 989 3983 a
1017 3930 1173 3985 nobis
1194 3930 1529 3999 adjnrantur,
1557 3940 1611 3984 et
1637 3940 1890 4000 torquen-

295 4032 379 4080 tur
406 4024 736 4093 spiritalibus
760 4022 962 4095 ﬂagris,
995 4032 1050 4078 et
1076 4022 1360 4078 verborum
1384 4023 1667 4078 tormentis
1700 4023 1769 4077 de
1789 4022 1890 4077 ob-

291 4118 458 4174 sessis
485 4119 805 4189 corporibus
834 4117 1142 4189 ejiciuntur,
1186 4114 1401 4187 quando
1432 4115 1694 4186 ejnlantes
1718 4125 1773 4171 et
1793 4130 1887 4187 ge-

294 4223 524 4277 mentes,
546 4229 678 4271 voce
715 4214 970 4278 humana,
994 4223 1044 4269 et
1079 4221 1345 4283 potestate
1369 4210 1550 4266 divina
1579 4210 1784 4283 ﬂagella
1838 4220 1892 4267 et

293 4307 516 4362 verbera
547 4308 864 4374 sentientes,
895 4315 1180 4365 venturum
1226 4305 1491 4376 judicium
1537 4305 1887 4362 confitentur.

295 4397 558 4472 (Cyprium
589 4399 658 4453 ad
673 4398 896 4454 Demetr.
922 4416 1040 4472 pag.
1069 4395 1219 4468 191.)
1250 4418 1267 4450 ι
1295 4397 1463 4454 Instat
1486 4396 1662 4453 adhuc
1687 4397 1887 4465 acrius,

292 4502 344 4545 et
376 4490 494 4546 illos
520 4489 586 4545 ad
617 4490 1043 4563 experimentum
1076 4499 1236 4545 tantt‘e
1265 4488 1546 4561 potestatis
1574 4531 1589 4557 ,
1633 4505 1696 4545 ac
1746 4489 1892 4547 illius

2006 3300 2185 3355 statim
2214 3300 2464 3371 prodere,
2489 3311 2543 3358 et
2571 3303 2929 3372 praesentibus
2958 3302 3083 3359 liert
3109 3304 3280 3374 vobis,
3305 3308 3602 3380 przestigias

1996 3389 2116 3446 illas
2141 3401 2196 3447 et
2248 3391 2483 3447 fallacias
2532 3407 2660 3448 suas
2688 3408 2793 3448 non
2857 3408 3015 3463 posse
3067 3395 3262 3452 celare.
3312 3396 3524 3471 (Ibid.)
3576 3419 3596 3455 ι

1993 3482 2103 3538 Aut
2155 3483 2291 3539 sicut
2343 3484 2394 3539 in
2425 3485 2532 3540 alio
2577 3485 2714 3542 libro
2740 3485 2949 3544 dixerat
3000 3506 3067 3543 τι
3103 3489 3258 3547 Unde
3304 3494 3522 3549 veniant
3547 3503 3604 3551 et

1996 3576 2209 3646 quando
2255 3577 2555 3646 discedant,
2603 3580 2732 3651 ipsis
2784 3583 2944 3637 etiam
2972 3624 2987 3649 ,
3020 3585 3110 3655 qui
3164 3600 3223 3641 se
3251 3586 3454 3654 colunt,
3503 3604 3600 3644 au-

1992 3666 2262 3724 dientibus
2291 3671 2556 3727 confiteri.
2613 3669 2787 3745 (Idem
2815 3673 2905 3728 lib.
2950 3676 3013 3729 de
3038 3674 3239 3732 Idolor.
3296 3677 3424 3733 Van.
3475 3698 3596 3752 pag.

1994 3757 2106 3831 14).
2146 3778 2165 3812 ι
2196 3759 2255 3814 ιιι
2296 3760 2416 3815 aliis
2473 3776 2635 3831 porro
2661 3763 3129 3823 dissertationibus
3181 3770 3379 3825 nostris
3434 3780 3598 3828 totam

1995 3852 2137 3906 hanc
2187 3855 2705 3923 argumentationem
2772 3858 3214 3929 enucleavimns,
3275 3863 3601 3936 planumque

1994 3942 2213 3999 cuilibet
2236 3943 2462 4001 fecimus
2494 3948 2625 4002 tanti
2679 3948 2823 4004 illam
2847 3965 2968 4006 esse
2994 3952 3203 4010 roboris
3236 3971 3250 4021 ;
3285 3966 3341 4011 nt
3363 3956 3487 4013 inde
3514 3958 3599 4014 in-

2002 4036 2295 4094 victissitne
2322 4037 2727 4097 demonstretur
2769 4052 2878 4097 tam
2936 4042 3100 4101 falsos
3148 4052 3269 4104 esse
3320 4050 3600 4121 gentilium

2011 4129 2164 4195 deos,
2192 4146 2350 4202 quam
2381 4133 2595 4190 unicum
2619 4148 2740 4191 esse
2788 4135 2979 4205 Deum,
3028 4148 3189 4212 atque
3238 4141 3441 4198 idcirco
3492 4154 3598 4201 tam

2002 4222 2188 4279 falsam
2217 4238 2342 4281 esse
2368 4227 2680 4285 eorumdem
2717 4230 2993 4299 gentilium
3023 4248 3182 4303 quam
3206 4250 3387 4291 veram
3409 4235 3599 4291 Chris-

2009 4316 2274 4372 tianorum
2315 4318 2627 4390 religionem
2685 4319 2984 4395 (Dissertat.
3016 4323 3071 4377 in
3119 4323 3309 4380 llIinut.
3341 4343 3459 4397 cap.
3505 4327 3597 4394 ΞΟ,

1996 4416 2097 4461 art.
2125 4407 2182 4473 ἵ),
2216 4418 2260 4462 et
2288 4409 2341 4463 in
2371 4407 2601 4465 Lactant.
2627 4428 2742 4482 cap.
2777 4412 2867 4479 10,
2906 4413 3080 4478 ανι.2,
3110 4424 3155 4468 et
3182 4415 3235 4469 in
3258 4413 3455 4473 Tcrtul.
3478 4434 3595 4489 cap.

1960 4558 1963 4561 _
2000 4498 2089 4562 10,
2117 4511 2219 4554 art.
2243 4499 2278 4555 6
2303 4509 2350 4555 et
2377 4500 2456 4573 7).

292 4584 522 4656 publica:
542 4582 847 4675 daemonum
875 4580 1229 4638 confessionis
1258 4580 1559 4637 faciendum
1588 4581 1668 4637 sic
1691 4597 1888 4651 provo-
1916 4621 1971 4680 Ι)
2071 4592 2341 4650 Mamilius
2367 4610 2528 4666 porro
2550 4596 2601 4651 in
2624 4596 2736 4652 suis
2760 4595 2827 4653 ad
2857 4595 3000 4655 hunc
3025 4598 3218 4657 librum
3257 4602 3596 4661 ουερι-νειιίο-

292 4686 409 4730 cat:
443 4693 461 4727 ι
492 4674 622 4731 Veni
650 4682 705 4731 et
730 4662 993 4745 cognosce
1022 4688 1145 4728 vera
1175 4688 1295 4728 esse
1324 4688 1444 4743 qua:
1469 4672 1699 4729 diximus
1722 4671 1893 4746 (Idem

295 4768 382 4823 lib.
412 4768 475 4823 de
505 4765 893 4822 Idolor.Vanit.
920 4766 1038 4836 pdg.
1065 4765 1175 4837 M).
1211 4784 1230 4818 ι
1265 4764 1447 4837 Neque
1470 4765 1519 4819 id
1542 4766 1708 4821 semel
1734 4766 1890 4834 dixit,

294 4860 391 4916 sed
422 4858 629 4915 duobus
650 4860 769 4914 aliis
791 4858 987 4930 repetit
1015 4860 1066 4912 in
1094 4857 1245 4912 libris
1268 4857 1380 4930 (lib.
1411 4860 1479 4911 ad
1527 4856 1718 4914 Donat.
1766 4875 1888 4930 pag.

293 4950 374 5024 4).
401 4951 519 5008 Jam
569 4967 698 5008 vero
733 4951 1145 5008 observavimus
1169 4949 1465 5021 (Dissertat.
1513 4969 1628 5023 sup.
1651 4969 1766 5024 cap.
1806 4954 1890 5019 l0,

293 5056 395 5099 art.
424 5044 458 5099 6
493 5055 540 5099 et
569 5044 660 5115 79)
706 5043 925 5100 eosdem
960 5043 1190 5115 gentiles
1233 5058 1338 5098 non
1370 5044 1549 5098 minus
1576 5043 1832 5099 audacter
1859 5060 1887 5098 a

296 5136 626 5193 Tertulliano
650 5136 953 5207 provocari,
982 5151 1082 5191 nec
1104 5134 1233 5190 illud
1260 5136 1327 5190 ab
1360 5137 1469 5190 ullo
1504 5152 1755 5207 umquam
1783 5135 1885 5193 bo-

293 5230 457 5295 mine,
481 5229 524 5284 si
547 5229 661 5285 sani
693 5229 885 5299 capitis
907 5229 999 5295 sit,
1025 5227 1271 5283 revocari
1306 5241 1463 5299 posse
1494 5229 1543 5283 in
1573 5228 1814 5283 dubium.

361 5348 526 5405 Certo
557 5348 720 5417 igitur
740 5348 940 5403 certius
963 5354 1049 5403 est
1075 5356 1188 5401 tum
1218 5346 1491 5401 dwmones
1510 5362 1538 5400 a
1569 5345 1890 5402 Christianis

291 5440 546 5512 expulsos
573 5439 740 5494 fuisse
766 5454 832 5495 ex
862 5439 1208 5493 obsessorum
1259 5438 1598 5509 corporibus.
1646 5439 1714 5492 At
1746 5438 1789 5493 si
1836 5436 1888 5492 id

292 5538 484 5590 mirum
513 5532 606 5598 sit,
630 5531 931 5587 mirabilius
960 5531 1198 5601 profecto
1246 5547 1345 5600 qua
1380 5532 1586 5586 ratione
1628 5530 1887 5602 fugaban-

293 5636 397 5682 tur.
420 5624 538 5680 Non
568 5640 706 5689 voce,
729 5622 969 5694 quidem,
998 5622 1252 5699 humana,
1283 5621 1380 5678 sed
1438 5622 1611 5677 divina
1643 5632 1893 5692 potestate

291 5720 622 5792 Cogebantur
642 5733 707 5773 ex
736 5717 1074 5786 corporibus,
1097 5715 1339 5787 quolibet
1365 5726 1606 5788 tempore
1627 5716 1885 5785 obsessis,

215 5854 236 5869 .
291 5812 463 5881 exire,
488 5810 761 5887 ejulaates,
791 5808 869 5864 ait
898 5815 1086 5865 auctor
1122 5815 1329 5877 noster,
1393 5816 1440 5863 et
1477 5819 1728 5881 gementes
1758 5852 1773 5879 ,
1824 5820 1890 5864 ac

2003 4684 2162 4741 nibus
2187 4686 2568 4744 animadvertit
2592 4688 2920 4761 Cyprianum
2951 4689 3024 4745 ibi
3065 4706 3369 4750 sermonem
3403 4697 3597 4754 fecisse

1995 4776 2063 4834 de
2095 4778 2393 4838 Exoreistis
2430 4782 2771 4855 Christianis,
2800 4789 2890 4857 qui
2918 4787 3183 4846 daemonia
3230 4808 3296 4848 ex
3349 4794 3597 4853 obsesso-

1996 4887 2111 4927 rum
2142 4874 2456 4945 corporibus
2480 4877 2785 4947 ejiciebant.
2818 4881 2888 4935 At
2925 4889 3071 4938 certe
3100 4884 3143 4939 si
3172 4883 3497 4957 Cyprianum
3529 4888 3597 4945 de

1995 4963 2062 5019 iis
2085 4975 2312 5034 tantum,
2339 4968 2428 5038 qui
2458 4968 2860 5028 Exoreistarum
2889 4972 3078 5031 ordine
3098 4974 3482 5045 iuitiatieratit,
3513 4981 3593 5035 lo-

1993 5065 2173 5110 cutum
2201 5071 2321 5114 esse
2344 5059 2639 5128 existimat,
2673 5062 2835 5134 plane
2862 5063 3077 5122 fallitur.
3112 5067 3245 5122 Nam
3289 5068 3596 5143 Cyprianus

1993 5148 2045 5202 in
2067 5149 2178 5218 jam
2209 5149 2374 5207 citato
2402 5152 2540 5209 libro
2585 5154 2651 5211 ad
2684 5155 2950 5214 Donatum
2980 5159 3182 5216 diserte
3209 5166 3394 5218 asserit
3418 5166 3592 5222 cuivis

1991 5240 2300 5299 Christiano
2316 5258 2627 5303 concessam
2653 5248 2818 5305 fuisse
2841 5249 3105 5309 dat-monia
3136 5253 3381 5324 ejiciendi
3416 5267 3597 5327 potes-

1994 5343 2179 5390 tatem.
2219 5335 2329 5392 Nos
2364 5354 2578 5411 quoque
2605 5339 2659 5396 in
2687 5345 2951 5413 superiori
2980 5356 3161 5403 nostra
3214 5349 3595 5413 dissertatione

1993 5428 2333 5487 ostendimus
2358 5441 2468 5487 tum
2490 5448 2518 5486 a
2545 5434 3217 5509 quibuslibetChristianis,
3239 5446 3594 5514 quemadmo-

1993 5517 2118 5573 dum
2144 5520 2210 5576 ab
2234 5520 2555 5594 Exorcistis,
2582 5525 2782 5597 ejectos
2803 5527 3116 5603 fugatosque
3145 5533 3415 5593 dte-mones
3443 5537 3592 5611 (Dis-

1991 5621 2168 5666 sertat.
2193 5613 2247 5668 in
2273 5613 2468 5670 Tertul.
2496 5618 2598 5674 loc.
2632 5617 2769 5690 cit).

2561 5726 2862 5770 Αιιτιουιιτε
2907 5730 2983 5771 ill.

1989 5814 2310 5878 Credendum
2340 5820 2576 5891 Christo,
2609 5828 2695 5903 qui
2729 5830 2996 5905 sanguinis
3034 5834 3117 5890 sui
3139 5837 3300 5908 pretio
3339 5838 3592 5910 hominem
