4202 6272
679 334 788 401 998

1944 328 2012 397 IN
2059 332 2273 396 DIVUM
2299 324 2699 401 CYPRIANUM

3866 336 3969 399 996

750 474 895 515 sacro
925 459 1238 533 Baptistttale
1266 466 1549 533 regenerat,
1593 460 1655 516 de
1687 457 1883 531 duplici
1921 459 2098 515 mortis
2130 458 2269 514 illius
2296 459 2349 520 Δ
2372 448 2824 531 quemadmodum
2876 457 3054 517 nullus
3098 470 3168 518 ex
3219 454 3460 533 Egypto
3510 454 3697 517 Salvus
3743 464 3799 514 et
3831 457 3963 515 inco-

749 557 925 626 signo;
953 556 1015 610 de
1043 555 1357 625 paenitentia,
1387 571 1450 610 ac
1482 571 1583 627 quo
1603 571 1757 611 sensu
1797 553 2005 623 nemini,
2036 552 2167 607 lianc
2195 552 2274 606 vi-

748 660 851 703 tam
876 649 1069 721 agenti,
1093 665 1205 705 sera
1230 665 1336 705 esse
1367 649 1589 704 dicatur.

744 832 885 909 satis
916 831 1121 888 homini
1176 848 1280 887 non
1329 841 1413 888 est
1462 832 1628 889 Deum
1682 845 2024 902 cognoscere,
2077 831 2171 887 sed
2199 828 2275 886 illi

671 922 834 979 etiam
864 923 1024 980 debet
1056 923 1301 990 credere,
1336 939 1397 979 ac
1425 924 1660 987 Christo,
1707 924 1796 994 qui
1855 923 1923 978 ab
1952 923 2069 993 ipso
2118 923 2275 978 Patre

671 1031 770 1072 Sun
798 1026 1002 1072 aeterno
1029 1016 1248 1081 missus,
1302 1034 1322 1067 ι
1356 1015 1583 1071 redemit
1609 1015 1919 1070 credentem
1949 1016 2120 1084 pretio
2148 1030 2275 1069 san-

669 1110 846 1179 guinis
870 1108 973 1174 sui,
1007 1107 1407 1189 reconciliando
1434 1106 1709 1162 hominem
1746 1107 1853 1161 Deo
1883 1107 2047 1172 l’nlri,
2104 1106 2272 1161 vivifi-

668 1202 842 1257 Cando
886 1201 1167 1257 mortalem
1210 1200 1623 1272 regeneratione
1652 1199 1856 1255 caelesti
1887 1197 2157 1272 (Cyprian.
2203 1198 2272 1253 ad

668 1293 923 1365 Demetr.)
960 1314 978 1347 ι
1007 1294 1076 1351 At
1104 1308 1350 1365 quaenam
1391 1302 1474 1348 est
1502 1292 1589 1347 illa
1628 1293 1865 1348 cwlestis
1893 1292 2229 1363 regeneratio
2251 1332 2267 1359 ,

667 1388 767 1442 nisi
794 1386 929 1443 sacri
962 1370 1303 1456 Baptismatis
1330 1392 1749 1450 sacramentum,
1779 1399 1908 1455 quo,
1945 1391 2001 1438 ut
2022 1384 2094 1437 ait
2121 1382 2268 1454 Apo-

664 1482 837 1536 stulus
885 1479 1181 1549 consepulti
1207 1491 1395 1534 sumus
1417 1492 1537 1533 cum
1556 1477 1772 1534 Christo
1805 1495 1822 1528 ι
1848 1477 1899 1531 in
1930 1485 2180 1541 mortem,
2214 1485 2271 1531 nt

663 1572 936 1642 quomodo
975 1571 1211 1627 surrexit
1254 1584 1286 1625 ιι
1339 1570 1566 1625 mortuis
1594 1584 1689 1640 per
1713 1568 1942 1640 gloriam
1971 1567 2166 1634 l'atris,
2196 1568 2267 1623 ita

662 1674 717 1719 ct
743 1679 841 1719 nos
871 1663 921 1718 in
951 1662 1189 1718 novitate
1215 1661 1338 1716 vita:
1364 1660 1751 1717 ambulemus?
1779 1658 1866 1732 (S.
1908 1657 2063 1714 Pani.
2094 1658 2263 1728 Epist.

661 1759 732 1811 ad
752 1757 976 1814 Roman.
1004 1774 1118 1829 cap.
1149 1773 1224 1820 γι,
1255 1754 1348 1827 4.)
1377 1753 1760 1822 sQuamobrem
1783 1753 2084 1825 Cyprianus
2112 1752 2269 1823 paulo

2378 558 2538 612 lumis
2561 557 2752 620 evasit.
2781 556 2883 612 nisi
2911 555 3034 629 agni
3062 555 3219 627 signo
3240 564 3294 615 et
3320 553 3585 628 sanguine
3608 561 3842 609 notatus.

2447 649 2616 704 Nemo
2640 658 2816 705 tamen
2862 648 2917 715 in
2942 648 3180 703 animum
3226 645 3439 703 inducat
3483 638 3809 718 Cyprianum
3835 645 3967 701 esis-

2378 740 2653 797 timavisse
2710 740 3006 812 quemlibet
3037 755 3104 796 eo
3158 738 3276 795 solo
3340 740 3516 807 crucis
3568 739 3764 808 signo‘,
3821 736 3967 793 fronti

2374 850 2489 891 sure
2534 834 2754 907 praeﬁxo
2783 876 2799 901 ,
2840 834 3047 891 salvum
3098 833 3237 891 ﬁeri.
3286 831 3363 889 Ad
3421 840 3679 888 mternam
3721 832 3862 887 enim
3902 829 3969 886 ie-

2378 929 2632 985 licitalem
2679 926 3095 997 comparandam
3137 925 3279 982 bona
3338 924 3557 996 insuper
3597 908 3759 996 opera
3803 922 3970 995 requi-

2374 1038 2583 1081 runtur.
2616 1022 2800 1094 Neque
2839 1021 2946 1077 alio
3002 1035 3165 1079 sensu
3216 1019 3393 1087 dixit:
3434 1017 3703 1085 tCrcdite
3731 1016 3847 1083 illi,
3889 1016 3969 1087 qui

2374 1119 2718 1176 credentibus
2765 1117 3049 1187 prarmiunt
3100 1115 3223 1175 vita:
3297 1122 3518 1179 aeterna:
3583 1110 3734 1169 dabit
3789 1109 3968 1182 (Ibid.

2375 1229 2495 1285 pag.
2519 1210 2669 1281 195).
2706 1229 2728 1264 ι
2754 1208 2887 1264 Nam
2915 1208 3007 1265 ille
3035 1208 3089 1264 in
3119 1206 3233 1265 suis
3253 1205 3475 1277 passim,
3516 1218 3579 1260 ac
3607 1202 3781 1277 plenis
3818 1202 3968 1257 etiam

2372 1304 2609 1375 scriptis,
2634 1302 2709 1358 uti
2737 1302 2791 1357 in
2827 1300 2965 1357 libro
2986 1300 3051 1365 de
3079 1297 3248 1371 Opere
3282 1307 3329 1365 et
3353 1295 3728 1367 Eleemosgnis,
3756 1302 3814 1350 et
3840 1293 3970 1349 libro

2376 1397 2535 1453 tertio
2555 1396 2800 1451 adversus
2827 1392 3043 1450 Judwos
3072 1392 3229 1464 mane
3259 1390 3499 1448 ostendit
3525 1400 3722 1463 praeter
3743 1388 3903 1445 fidem
3922 1395 3973 1441 ct

2373 1490 2554 1547 crucis
2582 1488 2781 1545 Christi
2836 1486 3049 1558 signum
3095 1484 3407 1542 necessaria
3456 1498 3578 1539 esse
3617 1481 3761 1537 bona
3793 1494 3968 1550 opera,

2372 1598 2599 1654 quorum
2627 1581 2822 1639 merito
2866 1579 3135 1652 possimus
3172 1578 3559 1655 sempiternam
3585 1573 3967 1632 beatitudinem

2372 1677 2649 1749 Consequi.

2445 1769 2602 1824 Plura
2629 1777 2806 1824 autem
2856 1775 3106 1825 recenset
3143 1774 3198 1823 et
3224 1764 3479 1835 pratdicat
3516 1763 3655 1821 bona
3709 1761 3963 1819 Christia-

660 1860 815 1907 antca
842 1851 1133 1921 scripserat
1163 1868 1175 1902 :
1208 1867 1227 1901 ι
1261 1848 1363 1916 Qui
1407 1847 1650 1919 exposita
1681 1844 1961 1900 nativitate
1992 1853 2206 1900 terrena
2240 1885 2255 1910 ,
2288 1853 2339 1919 Β
2369 1878 2563 1920 "0mm
2608 1877 2794 1933 opem,
2824 1861 2893 1918 de
2919 1861 3116 1931 quibus
3142 1868 3326 1931 posma
3358 1858 3647 1930 agendum.
3688 1857 3763 1912 Αι
3813 1871 3963 1911 nemo

664 1946 855 2017 spiritu
874 1945 1127 2012 recreati,
1144 1960 1207 2000 ac
1225 1944 1394 2000 renati
1422 1956 1632 2010 sumus,
1651 1955 1760 1996 non
1781 1940 1891 2011 jam
1920 1939 2141 2004 mundo,
2164 1937 2261 1995 sed

663 2042 773 2097 fleo
810 2042 1034 2096 vivimus
1076 2038 1262 2113 (Cypr.
1313 2021 1607 2109 ibid..png.
1642 2036 1796 2108 193.)
1834 2054 1854 2089 ›
1890 2036 2031 2091 Dixit
2076 2043 2258 2090 autem

658 2134 908 2206 exposita,
940 2132 993 2189 id
1023 2141 1107 2189 est
1138 2131 1378 2204 deposita
1408 2140 1463 2188 et
1485 2131 1692 2204 abiecta
1714 2130 1992 2185 nativitate
2020 2137 2255 2193 terrena;

659 2243 767 2296 quo
789 2241 951 2284 sensu
990 2224 1351 2283 Tertullianus
1371 2234 1427 2281 et
1443 2225 1771 2289 Lactantius,
1801 2221 2255 2295 quemadmodum

666 2321 719 2376 in
747 2321 1113 2393 superioribus
1133 2319 1601 2377 dissertationibus
1656 2319 2060 2375 observavimus
2092 2357 2107 2381 ,
2157 2316 2259 2371 hoc

604 2472 616 2482 ,
657 2414 824 2470 verbo
852 2422 1093 2470 utuntur.
1120 2411 1231 2469 Nec
1257 2412 1423 2469 semel
1453 2411 1667 2483 quidem
1692 2410 1821 2466 illud
1862 2419 2049 2466 auctor
2074 2419 2257 2466 noster

656 2506 897 2585 adhibet,
930 2507 1023 2562 sed
1068 2506 1192 2562 alibi
1229 2521 1464 2577 quoque,
1522 2513 1576 2560 et
1621 2504 1675 2559 in
1726 2518 1825 2559 suo
1880 2501 2144 2572 imprimis
2186 2499 2253 2555 ad

655 2603 927 2657 Donatum
958 2608 1185 2657 tractatu
1201 2625 1239 2668 ,~
1263 2599 1351 2655 ubi
1375 2596 1719 2654 admirabiles
1748 2594 2002 2667 Baptismi
2030 2592 2254 2649 eﬂectus

653 2698 779 2751 totis
807 2696 1129 2767 eloquentiae
1173 2709 1287 2751 sua:
1317 2693 1519 2750 viribus
1572 2689 1867 2757 describit,
1899 2703 1964 2745 ac
2000 2687 2254 2761 pradicat

650 2788 821 2862 (Idem
849 2788 918 2843 ad
945 2786 1139 2843 Donat.
1172 2804 1290 2858 pag.
1324 2787 1401 2856 ὃ).

724 2885 793 2939 At
819 2883 957 2936 sicut
980 2890 1125 2937 recte
1157 2880 1312 2935 docet
1340 2876 1686 2950 Baptismatis
1722 2875 1947 2947 gratiam
1978 2888 2098 2929 esse
2127 2887 2251 2928 san-

649 2976 827 3047 guinis
851 2972 1050 3030 Christi
1084 2975 1314 3044 pretium
1338 3015 1352 3040 ,
1387 2972 1457 3026 ita
1504 2970 1665 3025 etiam
1704 2977 1977 3025 asseverat
2003 2969 2067 3021 ad
2099 2982 2250 3021 eum-

649 3070 769 3124 dem
817 3068 932 3139 ejns
976 3067 1312 3138 sanguinem,
1345 3072 1399 3118 et
1419 3064 1592 3118 crucis
1624 3069 1948 3117 tormentum
1981 3060 2248 3130 pertinere

651 3164 884 3233 signum.
915 3177 1021 3232 quo
1059 3159 1300 3231 quisquis
1326 3159 1634 3213 invenietur
1660 3154 1961 3221 insignitus,
1991 3153 2173 3207 salvus
2193 3161 2247 3206 ct

2365 1970 2496 2012 sane
2533 1954 2752 2026 negabit
2785 1969 2949 2010 unum
2995 1968 3064 2010 ex
3097 1952 3162 2009 iis
3195 1965 3316 2009 esse
3347 1993 3363 2017 ,
3412 1965 3517 2022 quo
3566 1949 3839 2005 hominem
3867 1989 3885 2015 ,
3915 1956 3964 2001 et

2366 2049 2513 2119 impii
2564 2046 2820 2103 falsorum
2868 2046 3092 2102 deorum
3124 2044 3320 2110 cultus,
3353 2052 3408 2100 et
3449 2042 3797 2114 pristinorum
3827 2039 3959 2095 deli-

2362 2154 2571 2199 Ctorum
2616 2142 2864 2215 panitet.
2894 2139 3109 2198 Etenim
3139 2140 3183 2194 si
3212 2153 3336 2193 vera
3367 2145 3421 2193 et
3462 2137 3675 2192 sincera
3701 2136 3775 2190 sit
3796 2134 3961 2206 peni-

2362 2239 2524 2297 lentia
2555 2255 2567 2292 :
2600 2255 2619 2290 ι
2646 2236 2838 2305 Venia,
2872 2237 3065 2307 inquit,
3109 2230 3389 2289 confitenti
3410 2230 3587 2296 datur,
3617 2239 3673 2285 et
3720 2228 3958 2284 credenti

2359 2328 2688 2400 indulgentia
2736 2328 2987 2393 salutaris
3041 2325 3111 2382 de
3148 2325 3325 2384 divina
3386 2324 3583 2399 pietate
3646 2320 3957 2378 conceditur

2359 2420 2524 2494 (Ibid.
2553 2439 2673 2493 pag.
2698 2419 2828 2493 196)
2867 2440 2886 2474 t
2932 2419 3115 2493 Neque
3141 2419 3278 2473 ullus
3302 2415 3670 2472 dillicullalcm
3700 2413 3848 2469 illius
3868 2413 3956 2468 ob-

2360 2512 2591 2569 linenda:
2634 2527 2894 2569 excusare
2941 2511 3055 2566 ullo
3078 2509 3240 2565 modo
3270 2517 3464 2580 potest.
3494 2506 3629 2562 Nam
3682 2514 3849 2576 patet,
3883 2504 3953 2560 ait

2357 2605 2467 2673 ille,
2502 2623 2521 2657 ι
2560 2604 2625 2659 ad
2678 2604 3060 2676 indulgentiam
3111 2603 3202 2658 Dei
3246 2602 3441 2669 aditus,
3482 2611 3538 2657 et
3567 2602 3947 2672 quaerentibus,

2357 2706 2517 2768 atque
2590 2696 3007 2767 intelligentibus
3070 2696 3347 2750 veritatem
3414 2694 3585 2751 facilis
3634 2714 3654 2747 ι
3706 2707 3951 2749 accessus

2355 2799 2437 2845 est
2491 2787 2722 2863 (Ibid.)
2763 2790 2901 2859 Quin
2963 2790 3123 2845 etiam
3170 2788 3373 2843 nullum
3426 2790 3539 2842 vult
3582 2798 3673 2841 aut
3718 2787 3946 2850 infirma,

2353 2892 2444 2937 aut
2497 2883 2816 2954 provectiori
2846 2864 3013 2938 aetate.
3058 2881 3344 2946 retardari,
3385 2880 3672 2947 quominus
3696 2888 3810 2933 acta
3830 2894 3949 2948 pa:-

2366 2974 2532 3028 tentia
2589 2976 2815 3030 salutem
2869 2975 3388 3045 adipiscatur;qnia
3444 2992 3463 3026 ‹
3521 2975 3571 3028 in
3618 2973 3720 3027 isto
3767 2970 3946 3026 adhuc

2353 3065 2573 3133 mundo,
2604 3067 2797 3137 inquit,
2847 3067 2987 3121 nulla
3018 3082 3137 3121 sera
3195 3076 3279 3121 est
3329 3064 3523 3139 (Ibid)
3556 3085 3575 3118 ι
3607 3064 3828 3120 Tantum
3871 3064 3954 3118 si-

2351 3161 2568 3231 quidem
2595 3170 2675 3216 est
2702 3161 2979 3231 sanguinis
3007 3157 3204 3214 Christi
3262 3158 3515 3229 pretium,
3546 3166 3604 3212 ut
3638 3177 3656 3209 ι
3695 3158 3793 3213 sub
3808 3158 3951 3227 ipso,

647 3254 933 3309 incolun‘nis
980 3250 1344 3307 reservabitur
1383 3247 1547 3318 (lbid-
1591 3265 1712 3319 pug-
1761 3244 1907 3312 1M).
1949 3243 2099 3312 Quod
2131 3245 2244 3312 ιιιιί-
2272 3244 2320 3309 C
2352 3250 2426 3309 ιιι
2462 3253 2638 3310 adhuc
2660 3254 2769 3318 ille,
2794 3253 2921 3309 licet
2960 3253 3128 3319 exitu,
3163 3261 3218 3308 et
3244 3252 3364 3307 vitae
3397 3252 3709 3322 temporalis
3732 3265 3951 3314 occasu,

644 3345 765 3399 dem
796 3343 984 3414 probat
1003 3358 1163 3412 supra
1194 3344 1356 3395 citato
1396 3337 1695 3395 Ezechielis
1726 3334 2057 3403 testimonio,
2085 3344 2138 3388 et
2160 3333 2244 3389 his

643 3437 860 3505 insuper
892 3435 1088 3507 Moysis
1140 3433 1193 3488 in
1240 3431 1427 3487 Exodo
1456 3430 1678 3485 verbis:
1714 3428 1779 3483 Et
1806 3429 1900 3483 erit
1952 3427 2161 3498 sanguis
2189 3426 2243 3480 in

640 3532 786 3600 signo
812 3527 948 3581 vobis
973 3542 1124 3597 super
1169 3527 1365 3590 domos,
1397 3523 1451 3576 in
1477 3508 1763 3594 quibusvos
1790 3519 1929 3574 eritis
1952 3530 2034 3583 ;et
2067 3517 2243 3571 videbo

640 3618 960 3692 sanguinem,
993 3626 1040 3672 et
1061 3626 1321 3688 protegant
1342 3630 1450 3682 vos,
1478 3623 1526 3668 et
1574 3630 1675 3668 non
1700 3612 1794 3667 erit
1826 3611 1977 3682 plaga
2017 3609 2243 3663 diminu-

640 3715 792 3769 tionis
816 3729 931 3767 cum
959 3711 1236 3783 percutiant
1269 3717 1457 3763 terram
1485 3704 1705 3778 .Eggpti
1766 3702 1962 3774 (Exod.
1991 3720 2105 3775 cap.
2140 3717 2235 3766 xtl,

639 3809 750 3879 15).
776 3806 1055 3877 Quodnam
1085 3813 1263 3860 autem
1293 3802 1364 3858 sit
1394 3801 1523 3857 illud
1553 3801 1785 3871 signum,
1818 3798 1932 3868 ipse
1978 3798 2133 3852 nobis
2160 3795 2241 3851 in-

637 3902 779 3957 dicat
814 3903 868 3956 in
898 3899 1158 3975 vicesimo
1205 3895 1448 3954 secundo
1477 3892 1695 3949 secundi
1736 3891 1994 3947 adversus
2023 3888 2239 3946 Judaeos

616 3993 757 4048 -lihri
798 3991 994 4061 capite,
1029 3991 1116 4046 ubi
1168 3978 1456 4060 utrumque
1482 3986 1613 4042 illud
1647 3984 1943 4041 Ezechielis
1961 3993 2016 4039 et
2040 3983 2238 4053 Moysis

637 4077 999 4140 testimonium
1044 4083 1227 4137 retulit
1284 4081 1469 4155 (Cypr.
1531 4079 1620 4135 lib.
1657 4096 1693 4133 ιι
1730 4079 1848 4132 adv.
1889 4078 2062 4132 Iudae.
2118 4093 2233 4146 cap.

574 4194 577 4199 λ
632 4175 722 4239 22,
755 4192 873 4246 pag.
904 4171 1017 4246 46).
1058 4172 1227 4244 llujus
1248 4174 1443 4242 quippe
1463 4171 1654 4241 capitis
1679 4171 1868 4225 titulus
1897 4178 2017 4226 est:
2054 4167 2235 4236 «Quod

636 4268 686 4323 in
718 4269 818 4323 hoc
848 4266 1001 4338 signo
1028 4265 1204 4322 crucis
1234 4261 1377 4319 salus
1426 4263 1496 4318 sit
1537 4261 1805 4326 omnibus,
1839 4262 1927 4332 qui
1961 4261 2013 4316 in
2045 4260 2235 4315 fronti-

631 4360 731 4415 bns
758 4367 1029 4414 notentur.
1066 4376 1086 4411 ι
1118 4355 1228 4412 Nos
1277 4370 1405 4411 vero
1432 4353 1561 4413 alibi
1580 4362 1702 4424 post
1748 4352 2103 4424 Augustinum
2133 4367 2234 4405 an-

630 4452 936 4506 notavimns
987 4450 1126 4505 hanc
1176 4448 1413 4519 aliasque
1462 4446 1694 4518 capitum
1738 4445 2136 4516 inscriptiones,
2166 4443 2235 4498 ab

628 4545 857 4616 ipsemet
876 4543 1148 4617 Cypriano
1178 4556 1299 4597 esse
1321 4538 1611 4612 profectas.
1642 4538 1846 4593 Eodem
1881 4552 2042 4608 porro
2068 4538 2229 4594 modo

627 4641 786 4693 citata
813 4634 987 4693 Exodi
1010 4635 1194 4700 verba,
1226 4632 1279 4688 in
1312 4631 1415 4687 hoe
1440 4631 1581 4687 libro
1609 4631 1806 4700 scripta
1856 4638 2013 4695 sunt,
2069 4639 2228 4701 atque
2251 4644 2306 4709 Ι)

626 4731 681 4787 in
713 4728 912 4785 nostris
942 4736 1198 4783 tractatus
1226 4725 1293 4780 ad
1323 4724 1724 4780 Demetrianum
1755 4721 2052 4777 codicibus.
2082 4724 2152 4776 At
2174 4722 2225 4777 in

623 4825 768 4880 illius
808 4822 1133 4879 cditionibus
1184 4835 1286 4892 pro
1328 4817 1396 4875 In
1441 4820 1621 4891 quibus
1670 4818 1834 4886 eritis,
1872 4816 2228 4888 legimus:ln

626 4918 810 4991 quibus
837 4934 922 4973 vos
943 4917 1105 4972 eritis.

697 5014 861 5070 Addit
881 5014 972 5070 ille
992 5028 1187 5083 agnum
1214 5011 1530 5069 Paschalem
1563 5009 1724 5066 luisse
1756 5010 1914 5081 hujus
1943 5010 2081 5083 signi
2109 5027 2227 5066 nm-

624 5109 776 5165 bram
804 5120 859 5165 et
885 5108 1195 5178 imaginem,
1224 5106 1377 5177 cujus
1420 5106 1616 5161 veritas
1643 5107 1694 5161 in
1725 5103 1940 5161 Christo
1964 5107 2226 5162 moriente

621 5201 842 5274 impleta
885 5210 987 5258 est.
1014 5199 1295 5256 Rationem
1324 5214 1453 5255 vero
1479 5198 1618 5255 hanc
1650 5198 1829 5255 statim
1850 5198 2063 5255 reddit:
2103 5218 2123 5251 ι
2161 5200 2229 5255 Ει

620 5294 735 5350 illic
762 5308 1013 5366 percussa
1040 5292 1299 5367 Egypto,
1329 5291 1584 5348 Judaicus
1613 5292 1841 5363 populus
1866 5292 2094 5349 evadere
2117 5308 2223 5349 non

624 5387 730 5442 nisi
751 5388 904 5459 signo
924 5396 979 5444 et
1020 5386 1281 5458 sanguine
1323 5384 1445 5458 agni
1476 5382 1670 5457 potuit,
1709 5383 1780 5440 ita
1802 5395 1856 5441 et
1882 5370 2003 5440 cum
2028 5385 2222 5440 vastari

621 5481 850 5553 emperit
880 5480 1108 5537 mundus
1138 5488 1194 5537 et
1236 5480 1463 5552 percuti,
1487 5478 1732 5551 quisquis
1779 5478 1833 5532 in
1885 5478 2143 5548 sanguine
2169 5486 2243 5553 ει*

620 5576 776 5649 signo
796 5573 997 5631 Christi
1046 5575 1293 5631 inventus
1330 5572 1523 5640 fuerit,
1567 5571 1717 5628 solus
1757 5569 1970 5626 evadet.
2022 5568 2221 5643 (Idem

614 5671 683 5727 ad
709 5670 932 5727 Demetr.
964 5688 1085 5743 pag.
1122 5669 1270 5741 194).
1298 5687 1317 5721 ι
1352 5667 1463 5724 Hac
1505 5675 1681 5722 autem
1741 5664 2140 5736 comparatione
2166 5673 2221 5721 et

618 5764 1087 5834 argumentatione
1110 5776 1297 5817 rursus
1323 5760 1506 5831 prohat
1528 5759 1802 5815 neminem
1825 5757 1875 5813 in
1904 5757 2011 5814 fine
2034 5759 2217 5815 mundi

616 5854 935 5910 salvandum
966 5896 981 5919 ,
1013 5856 1116 5913 nisi
1168 5855 1379 5924 signum
1428 5853 1606 5910 erucis
1640 5852 1843 5909 Christi
1893 5853 2211 5926 pratulerit,

2349 3346 2501 3401 venia
2528 3345 2803 3401 conﬁtenti
2826 3346 3003 3414 detur,
3040 3357 3095 3401 et
3127 3345 3368 3401 credenti
3396 3343 3722 3413 indulgentia
3752 3358 3964 3399 concc-

2352 3436 2543 3506 datur;
2585 3457 2603 3491 ι
2634 3447 2687 3494 et
2716 3438 2809 3505 ita,
2847 3456 2865 3489 ι
2900 3437 2967 3493 ad
3007 3437 3451 3492 immortalitatem
3482 3434 3581 3489 sub
3610 3435 3727 3503 ipsa
3764 3444 3964 3489 morte

2349 3532 2623 3586 transitur.
2672 3550 2691 3583 ι
2742 3529 2939 3586 Verum
2987 3529 3058 3584 ibi
3099 3529 3295 3585 doctus
3333 3525 3668 3593 Oxoniensis,
3724 3525 3967 3581 tametsi

2350 3623 2593 3679 ecclesia:
2609 3621 2920 3693 Anglicanre
2949 3622 3255 3694 episcopus,
3296 3621 3429 3676 scite
3452 3619 3707 3675 observat
3726 3620 3849 3675 haec
3890 3619 3963 3673 ad

2348 3715 2622 3772 etlmicum
2654 3714 2947 3782 hominem,
2973 3729 3073 3769 nec
3102 3714 3268 3769 sacris
3297 3712 3544 3783 baptismi
3585 3711 3740 3767 undis
3766 3711 3967 3766 adhuc

2349 3816 2619 3876 renatum,
2646 3806 2783 3861 facta
2823 3821 2941 3862 esse
2971 3805 3173 3870 verba;
3207 3804 3646 3876 quandoquidem
3686 3802 3959 3872 improbis

2342 3910 2397 3956 et
2427 3916 2550 3957 sero
2572 3898 3008 3970 resipiscentibus
3043 3897 3363 3953 Christianis
3390 3913 3497 3952 non
3532 3904 3701 3968 potest
3723 3904 3839 3948 tam
3872 3892 3965 3948 I'a-

2343 3993 2464 4048 cilis
2514 3993 2667 4048 venia
2695 3990 2952 4062 promitti.
2991 3990 3060 4046 Et
3086 4000 3232 4046 certe
3272 3989 3324 4045 id
3366 3990 3565 4061 saepius
3614 3987 3809 4060 probat
3849 3986 3975 4058 Cy-

2343 4085 2584 4156 prianus,
2615 4098 2678 4138 ac
2705 4083 2972 4155 praecipue
3004 4091 3115 4138 toto
3143 4098 3243 4138 suo
3287 4083 3350 4139 de
3376 4081 3565 4154 Lapsis
3595 4090 3867 4149 tractatu,
3903 4094 3981 4135 ex

2341 4194 2446 4249 quo
2479 4179 2592 4233 haec
2639 4176 3045 4249 transcripsisse
3088 4191 3232 4232 nunc
3263 4176 3537 4232 sufﬁciat:
3571 4193 3592 4227 ι
3623 4174 3811 4242 Quam
3846 4190 3981 4229 ma-

2340 4284 2444 4340 gna
2495 4269 2842 4340 deliquimus,
2868 4279 2973 4324 tam
3016 4269 3291 4341 granditer
3318 4268 3638 4325 deﬂeamus.
3672 4267 3829 4324 Alto
3858 4267 3995 4323 vul-

2340 4366 2456 4422 neri
2485 4364 2713 4435 diligens
2743 4372 2797 4419 et
2828 4365 2982 4435 longa
3039 4364 3304 4419 medicina
3358 4378 3463 4419 non
3505 4363 3646 4419 desit
3697 4380 3715 4417 :
3787 4364 3998 4435 pecni-

2340 4457 2507 4512 tentia
2577 4457 2804 4513 crimine
2860 4457 3037 4511 minor
3099 4473 3203 4513 non
3268 4448 3537 4528 sit(Lib.’
3589 4455 3651 4509 de
3752 4454 4009 4527 Lapsis,

2339 4568 2457 4622 pag.
2493 4550 2640 4624 157).
2684 4571 2703 4603 ι

2932 4704 3226 4747 Διιτιαυιυδ
3254 4705 3325 4747 ιγ.

2332 4804 2514 4863 Utrum
2544 4805 2831 4878 Cyprianus
2868 4804 3009 4876 ignes
3054 4805 3378 4877 purgatorios
3422 4804 3696 4875 negaverit
3742 4847 3764 4873 ,
3832 4823 4025 4878 quam

2408 4902 2595 4956 diserte
2624 4908 2817 4954 asserat
2837 4902 3182 4969 cateruas-{ore
3204 4914 3380 4970 poenas
3405 4896 3859 4966 damnatorum,
3882 4918 4032 4972 quo-

2401 5012 2513 5051 rum
2557 4994 2718 5050 breuis
2748 4994 3010 5048 oculorum
3052 4997 3249 5066 fructus
3289 5001 3544 5063 perpetua,
3578 4993 3841 5052 uisione
3894 5014 4035 5068 pen.

2401 5090 2615 5155 sabitur,
2646 5105 2707 5141 ac
2736 5089 3057 5160 quamvariis
3087 5097 3136 5143 et
3157 5086 3428 5142 horrendis
3454 5085 3833 5147 cruciatibus
3852 5092 4046 5154 Chri-

2401 5183 2552 5238 stiani
2583 5181 2646 5236 ab
2677 5182 2754 5235 Itis
2778 5180 3131 5249 excarniﬁcati
3156 5181 3366 5252 fuerint.

2404 5296 2527 5351 Post
2555 5295 2692 5351 hanc
2732 5296 2890 5350 vitam
2923 5294 3118 5361 nullus,
3164 5294 3357 5366 inquit,
3385 5293 3763 5367 Cyprianus,
3828 5305 4053 5375 pugni-

2329 5388 2508 5443 lentiae
2532 5397 2585 5442 et
2616 5386 2997 5443 satisfacdonis
3027 5386 3174 5442 locus
3217 5396 3330 5455 est,
3381 5386 3477 5443 sed
3506 5405 3524 5441 ι
3571 5387 3699 5446 hic
3760 5396 3916 5453 vita
3954 5406 4063 5453 aut

2321 5479 2586 5535 amittitur
2641 5488 2734 5534 aut
2797 5488 3030 5534 tenetur.
3079 5477 3369 5550 (Cyprian.
3418 5478 3485 5533 ad
3523 5476 3843 5541 Bennett.
3912 5506 4065 5562 pag.

2324 5572 2473 5645 197).
2507 5593 2528 5627 ι
2564 5574 2633 5628 At
2656 5588 2760 5643 quo
2791 5572 2960 5643 magis
3006 5571 3169 5639 clara,
3203 5583 3255 5628 et
3286 5581 3431 5629 certa
3458 5584 3585 5629 sunt
3612 5573 3801 5637 [nec
3841 5594 4071 5655 poste.

2322 5667 2463 5721 riora
2492 5667 2678 5733 verba,
2721 5680 2786 5721 eo
2833 5665 3011 5721 minus
3052 5664 3345 5736 probabilis
3388 5665 3546 5722 nobis
3569 5670 3895 5731 videtur
3937 5680 4074 5735 [me

2321 5756 2640 5815 Oxouiensis
2670 5757 2908 5827 episcopi
2952 5755 3345 5814 animadversio
3375 5775 3389 5811 :
3429 5776 3448 5809 ι
3488 5757 3563 5815 De
3594 5758 4081 5841 Purgamﬁis

2321 5852 2553 5926 ignibus,
2586 5852 2660 5908 ait
2685 5852 2795 5919 ille,
2823 5866 2929 5909 non
2957 5861 3040 5909 est
3061 5854 3205 5926 quod
3232 5854 3355 5929 quis
3380 5854 3482 5913 sibi
3512 5844 3990 5939 blandiatur,
4026 5882 4090 5933 es
