4190 6266
256 294 364 360 997

1674 250 2148 355 otssettrt'rto.

3453 293 3560 353 998

259 414 383 467 vita:
416 409 806 482 postliminium
836 407 1099 482 speretab
1121 406 1340 475 inferis?
1361 424 1392 459 ~l
1427 404 1693 477 Numquid
1717 408 1860 462 enim
1888 407 1942 468 Α
1970 405 2419 476 quemadmodum
2468 407 2555 464 ille
2603 404 2781 464 adhuc
2819 407 2895 464 ait
2928 425 2941 465 :
2978 426 2998 461 ι
3033 407 3355 466 Insatiabilis
3382 411 3561 465 carni-

258 503 563 580 Cyprianus
586 502 657 559 ibi
681 501 1018 575 purgatorios
1036 500 1248 575 negavit
1276 501 1448 573 ignes,
1478 515 1706 572 quorum
1728 499 1852 554 nul-

260 599 368 655 lam
406 597 481 654 ibi
509 594 637 653 fecit
679 597 1050 654 mentionem?
1088 594 1353 667 Numquid
1397 594 1521 650 illos
1556 593 1629 655 ibi
1666 604 1855 650 notare

260 688 566 746 necessario
592 688 811 744 debuit?
837 688 1056 745 Minime
1078 687 1337 759 gentium.
1370 684 1507 741 Nam
1529 683 1730 742 fatente
1758 700 1857 741 eo-

258 784 383 844 dem
413 782 706 839 Oxoniensi
735 782 1011 854 episcopo.
1040 781 1113 837 ibi
1141 780 1232 837 ille
1258 787 1444 835 contra
1474 779 1701 851 gentiles
1741 779 1855 836 dis-

259 887 430 951 putat,
459 876 548 950 qui
578 875 794 948 quidem
823 877 869 932 si
895 877 949 932 in
977 876 1141 947 impio
1169 874 1427 930 falsorum
1457 874 1684 930 deorum
1711 873 1857 929 cultu

257 972 326 1026 ad
379 977 609 1027 mortem
650 983 820 1040 usque
869 966 1359 1040 perseveraverint,
1397 965 1616 1021 aeternis
1652 965 1863 1020 crueia-

251 1063 459 1133 buntur
503 1060 699 1118 inl‘erni
727 1060 903 1132 pcenis
931 1069 987 1115 et
1026 1060 1229 1131 gnibus
1258 1075 1274 1113 :
1305 1057 1353 1115 si
1380 1074 1510 1114 vero
1547 1068 1721 1113 morte
1759 1056 1861 1113 im—

259 1156 520 1220 minente,
566 1153 811 1221 credant,
856 1160 1260 1218 convertantur,
1302 1168 1323 1203 t
1371 1160 1427 1206 et
1451 1149 1861 1222 regeneratione

259 1246 491 1313 cmlesti,
521 1263 543 1300 ι
576 1246 692 1302 sive
720 1245 986 1316 baptismo
1034 1242 1354 1315 regenerati,
1395 1257 1461 1298 ex
1501 1242 1600 1297 hac
1628 1243 1733 1297 vita
1761 1226 1864 1298 dis-

260 1340 477 1406 cedant,
508 1339 720 1395 beatam
748 1336 1209 1392 immortaittatem
1235 1335 1414 1390 statim
1441 1343 1855 1405 consequentur.

260 1420 393 1502 Quis
436 1441 614 1489 autem
661 1445 765 1487 non
792 1418 940 1485 videt
968 1428 1103 1484 nihil
1145 1426 1270 1483 inde
1308 1438 1495 1483 contra
1523 1426 1862 1511 purgatorios
1946 1468 1954 1478 .

263 1527 417 1598 ignes
439 1540 598 1597 posse
624 1523 915 1581 concludi?

336 1620 620 1690 Postquam
650 1628 830 1673 autem
860 1626 1048 1673 auctor
1075 1625 1258 1673 noster
1301 1616 1459 1687 plane
1500 1614 1867 1687 pronuntiavit

264 1709 383 1767 fore
432 1720 489 1766 ut
527 1709 823 1766 inﬁdelium
861 1716 918 1764 et
945 1708 1313 1781 improborum
1352 1704 1865 1763 hominnm'animte

1958 498 2133 554 ﬁcinae
2161 499 2358 567 rabies,
2389 508 2442 555 et
2471 500 2859 569 inexplicabilis
2879 501 3049 568 libido,
3077 502 3295 557 smvitizc
3329 501 3553 577 (Ibid):

1957 592 2264 662 excogitare
2308 608 2554 662 umquam
2612 594 2799 663 potuit.
2847 593 2951 649 Sed
3002 593 3069 648 de
3117 595 3181 649 iis
3221 594 3273 650 in
3320 597 3565 666 superio-

1958 686 2107 741 ribus
2153 686 2353 742 nostris
2369 687 2845 743 dissertationibus
2870 697 3047 742 actttm
3089 687 3301 743 abunde
3344 702 3374 742 a
3409 687 3568 745 nobis

1958 775 2077 846 fuit,
2110 786 2165 833 et
2193 778 2245 833 in
2276 778 2518 851 sequenti
2545 779 2719 835 adhuc
2763 789 2950 851 agetur
3000 777 3312 850 (Dissertat.
3352 780 3403 833 in
3438 778 3566 833 Lac-

1960 879 2082 924 tant.
2116 887 2232 941 cap.
2263 872 2351 937 10,
2381 881 2479 926 art.
2510 872 2564 938 2,
2612 882 2660 928 et
2710 874 2763 928 in
2800 872 3021 928 Tertull.
3052 889 3169 945 cap.
3211 872 3300 940 16,
3324 883 3425 927 art.
3462 874 3485 928 1
3519 881 3566 927 et

1959 964 2013 1019 in
2040 963 2163 1021 Luc.
2196 963 2370 1023 Caecil.
2399 983 2515 1040 cap.
2544 967 2599 1035 8,
2629 985 2745 1039 cap.
2773 968 2887 1048 12).

2565 1118 2859 1160 Αιιτιαυιυε
2901 1122 2953 1160 ν.

1965 1213 2170 1283 Quanta
2213 1216 2483 1288 iniquitate
2523 1219 2712 1275 ethnici
2747 1222 3194 1279 condemnaverint
3224 1222 3564 1291 Christianos,

2036 1325 2126 1364 nec
2151 1309 2403 1379 defensos,
2450 1328 2542 1365 nec
2570 1312 2809 1381 auditos;
2835 1331 2987 1386 quam
3017 1316 3267 1373 mirabilis
3296 1316 3454 1387 fuerit
3479 1335 3566 1373 co-

2038 1418 2173 1471 rum,
2206 1419 2423 1472 quorum
2462 1420 2704 1461 numerus
2739 1423 2939 1480 semper
2962 1410 3264 1480 augebatur,
3295 1411 3565 1482 patientia,

2038 1504 2085 1547 et
2114 1511 2239 1566 quos
2271 1494 2409 1551 Deus
2438 1498 2575 1553 ultus
2604 1507 2679 1563 est
2706 1500 2875 1556 ruinis
2896 1500 3113 1573 Regum,
3133 1503 3360 1574 jactari;
3387 1521 3565 1575 opum,

2039 1587 2307 1659 dispendio
2334 1590 2576 1659 militum,
2607 1608 2667 1645 ac
2696 1592 3037 1655 diminutione
3051 1604 3359 1661 castrorum.

2040 1704 2252 1773 Quanto
2274 1707 2443 1777 major
2471 1707 2812 1763 ethnicorum
2847 1709 2898 1763 in
2935 1709 3382 1767 exearniﬁcandis
3402 1721 3458 1769 et
3488 1713 3569 1770 iu-

264 1820 388 1859 cum
433 1802 748 1874 corporibus
797 1808 1150 1873 torqueantur
1189 1802 1410 1857 aeternis
1448 1800 1750 1864 doloribus,
1802 1813 1865 1852 ac
1892 1803 1943 1866 Β
1974 1797 2286 1853 terimendis
2314 1798 2635 1855 Christianis
2665 1800 2980 1869 crudelitas,
3002 1811 3151 1859 tanto
3175 1804 3348 1874 major
3374 1816 3491 1862 erat
3514 1808 3568 1862 in

186 1976 189 1981 ὗ
251 1895 563 1968 suppliciis,
605 1893 946 1950 continenter
963 1892 1164 1965 adjecit
1202 1908 1219 1947 :
1271 1910 1292 1945 ι
1337 1891 1680 1964 Spectabitur
1706 1889 1868 1944 illica

268 1989 422 2044 nobis
451 2002 688 2058 semper,
722 1987 811 2058 qui
837 1985 923 2041 hic
952 1999 1050 2042 nos
1080 1985 1342 2056 spectavit
1376 1983 1445 2038 ad
1472 1993 1703 2053 tempus,
1735 1989 1790 2035 et
1816 1981 1867 2035 in

272 2079 736 2151 persecutionibus
793 2078 949 2133 tactis
1010 2077 1288 2135 oculorum
1345 2075 1645 2132 crudelium
1693 2072 1909 2140 brevis_

270 2174 475 2230 fructus
496 2164 749 2244 perpetua
769 2172 975 2228 visione
994 2170 1306 2244 pensabitur
1331 2168 1493 2241 (Ibid.
1527 2185 1651 2239 pag.
1681 2167 1830 2240 195).
1846 2187 1865 2219 ι

271 2271 344 2326 At
369 2274 582 2324 rursum
624 2266 875 2322 observat
917 2264 1202 2335 episcopus
1228 2261 1553 2318 Oxoniensis
1579 2259 1665 2318 Itis
1696 2258 1875 2315 verbis

274 2360 531 2432 exagitari
561 2358 786 2416 evanida
829 2368 886 2414 et
925 2373 1066 2413 saeva
1113 2357 1448 2413 theatrorum
1494 2354 1707 2427 gaudia,
1754 2369 1876 2427 qua:

274 2454 552 2526 gentilium
581 2461 638 2509 et
666 2451 975 2507 christiana:
1015 2448 1284 2520 'eligionis
1312 2456 1716 2518 persecuturum
1747 2460 1877 2517 pas-

278 2549 470 2605 cebant
497 2549 701 2604 oculos.
734 2547 840 2604 Sed
871 2546 1018 2602 docti
1050 2544 1148 2599 viri
1194 2544 1348 2599 venia
1392 2542 1549 2598 nobis
1588 2542 1768 2598 dicere
1809 2541 1877 2596 li-

280 2653 398 2699 ceat
427 2642 747 2714 Cyprianum
800 2641 871 2695 ibi
918 2653 1027 2694 non
1076 2637 1242 2709 loqui,
1276 2637 1443 2692 immo
1488 2651 1588 2691 nec
1616 2637 1878 2706 cogitasse

281 2736 496 2808 quidem
524 2734 591 2790 de
616 2733 841 2806 publicis
871 2732 1201 2787 theatrorum
1231 2728 1461 2801 gaudiis,
1490 2728 1586 2784 sed
1602 2727 1669 2783 de
1692 2726 1881 2783 crude-

282 2827 488 2882 lissimo
517 2825 824 2897 spectaculo
854 2822 1156 2896 gentilium,
1186 2822 1277 2894 qui
1305 2820 1639 2877 Christianos
1668 2819 1879 2875 dirissi-

283 2919 386 2974 mis
407 2917 732 2974 cruciatibus
755 2916 1126 2975 excarniﬁcari
1148 2925 1202 2971 et
1231 2913 1412 2969 necari
1437 2911 1745 2969 avidissime
1761 2926 1882 2983 spe-

284 3012 517 3068 etahant.
542 3011 745 3069 Sensus
772 3011 949 3082 itaque
977 3000 1118 3065 illius
1148 3017 1231 3065 est
1258 3006 1554 3064 crudelium
1579 3006 1879 3072 Oculorum,

291 3104 483 3176 quibus
504 3102 835 3158 Christianos
865 3103 915 3157 in
945 3088 1411 3173 persecutionibus
1436 3099 1651 3154 immani
1672 3097 1883 3153 feritate

1970 1888 2038 1944 iis
2064 1888 2491 1947 eondemnandis
2533 1891 2812 1961 injustitia.
2842 1891 2979 1947 Nam
3011 1888 3198 1949 contra
3230 1897 3572 1969 praescriptas

1972 1980 2254 2048 naturalis,
2281 1980 2447 2037 divini
2479 1990 2534 2038 et
2595 1980 2811 2040 humani
2838 1985 2979 2055 juris
3007 1986 3158 2057 leges
3198 2003 3294 2045 eos
3336 2004 3436 2045 nec
3476 1989 3572 2045 dc-

1974 2073 2177 2141 fensos,
2227 2090 2330 2131 nec
2370 2074 2587 2133 auditos
2619 2078 2977 2147 torquebant,
3010 2081 3479 2152 condemnabant,
3508 2101 3573 2140 ac

1974 2169 2305 2249 quibuslibet
2354 2172 2620 2228 necabant
2679 2172 2938 2231 hactenus
2988 2175 3242 2233 inauditis
3292 2194 3573 2249 pcmnarum

1972 2261 2282 2331 generibus.
2324 2261 2683 2331 Quamobrem
2712 2267 3009 2340 Cyprianus
3050 2269 3416 2341 iniquissimos
3453 2274 3573 2329 illos

1977 2351 2228 2409 homines
2260 2354 2363 2410 hoc
2392 2368 2714 2431 argutttento
2744 2358 2991 2430 proﬁigat
3018 2370 3073 2416 et
3096 2362 3359 2418 revincit:
3390 2362 3577 2420 «Chri-

1978 2447 2208 2501 stianum
2241 2463 2362 2504 esse
2386 2460 2479 2505 aut
2505 2458 2591 2507 est
2609 2451 2834 2520 crimen,
2864 2463 2954 2508 aut
2997 2469 3102 2511 non
3156 2465 3239 2512 est
3302 2455 3574 2531 (Cyprian.

1980 2538 2047 2591 ad
2092 2536 2317 2593 Dentetr.
2345 2556 2465 2612 pag.
2498 2540 2645 2615 191).
2672 2563 2693 2597 ι
2724 2543 2778 2600 Si
2811 2544 3015 2602 crimen
3050 2562 3153 2604 non
3182 2558 3283 2615 est,
3318 2551 3578 2606 innocens

1981 2637 2129 2685 certe
2158 2630 2362 2686 absolvi
2392 2632 2594 2691 debuit.
2626 2635 2680 2690 Si
2705 2652 2833 2695 vero
2859 2639 3063 2696 crimen
3094 2649 3197 2709 est,
3224 2643 3315 2714 qui
3344 2658 3404 2699 se
3427 2644 3580 2700 Chri-

1982 2720 2211 2777 stianum
2238 2738 2358 2780 esse
2381 2726 2734 2797 inﬁciabatnr,
2767 2730 2810 2789 is
2831 2741 3155 2791 cancrorum
3180 2751 3401 2793 reorum
3426 2754 3578 2794 more

1982 2817 2282 2884 quaestione
2310 2821 2543 2890 torqueri
2562 2822 2812 2891 debebat,
2842 2824 3016 2882 donec
3032 2830 3234 2884 crimen
3265 2815 3420 2885 suum
3446 2828 3583 2886 fate-

1984 2915 2152 2962 retur.
2181 2907 2314 2965 Natu
2344 2910 2466 2966 ideo
2489 2912 2695 2984 legibus
2710 2917 2998 2972 constituta
3020 2930 3103 2975 eSt
3120 2920 3187 2974 de
3204 2920 3310 2975 reis
3329 2924 3578 2992 qnzestio,

1986 3011 2043 3056 ut
2069 3005 2314 3074 corporis
2340 3005 2526 3062 dolore
2553 3010 2886 3078 exprimatur
2919 3028 2987 3066 an
3030 3029 3217 3069 verum
3253 3015 3323 3069 sit
3348 3017 3584 3072 accusati

1985 3096 2214 3152 crimen.
2249 3096 2444 3153 Verum
2474 3098 2711 3170 ethnici,
2751 3104 2948 3172 Spretis
2979 3104 3131 3161 hisce
3160 3107 3481 3178 {equissimis
3508 3108 3584 3164 le-

285 3199 551 3255 cruciatos
588 3208 643 3254 et
690 3199 899 3253 occisos
929 3197 1129 3253 ethnici
1176 3212 1281 3251 non
1320 3210 1516 3267 magno
1542 3194 1659 3249 sine
1688 3191 1882 3264 gaudio
1908 3196 1954 3262 C
1987 3185 2167 3257 gibus,
2199 3188 2564 3251 Christianum
2593 3208 2653 3250 se
2692 3210 2813 3251 esse
2852 3205 3045 3264 sponte
3091 3208 3145 3254 et
3174 3201 3373 3269 saepius
3417 3200 3584 3256 conﬁ-

284 3300 685 3364 speetaverunt,
713 3289 895 3346 brevis
938 3288 1151 3344 fructus
1177 3306 1195 3340 ι
1235 3300 1496 3360 perpetua
1516 3285 1723 3343 visione
1751 3300 1884 3355 pen-

284 3384 511 3450 sabitur,
550 3402 571 3436 ›
602 3384 717 3439 sive
746 3379 1178 3438 considerabitur
1217 3390 1273 3436 et
1309 3378 1662 3435 mstimabitur
1694 3396 1707 3432 :
1744 3395 1764 3429 ι
1797 3392 1884 3433 se-

287 3475 519 3531 cundum
548 3474 842 3548 Scriptura:
868 3483 1091 3539 sancta,
1133 3491 1154 3526 ι
1191 3471 1349 3529 sicuti
1397 3470 1487 3526 ille
1531 3469 1729 3525 ibidem
1763 3469 1839 3524 ait
1868 3487 1883 3524 :

295 3590 314 3623 ι
346 3570 505 3626 ﬁdem
554 3568 781 3625 dicentis
823 3586 838 3624 :
879 3566 1095 3623 Vermis
1115 3581 1301 3622 eorum
1350 3581 1454 3620 tton
1504 3564 1783 3629 morietur,
1832 3572 1888 3620 et

289 3663 428 3735 ignis
455 3677 642 3719 eorum
686 3675 794 3717 non
822 3660 1213 3728 exstinguetur,
1250 3667 1303 3739 et
1333 3663 1492 3717 erunt
1530 3656 1598 3713 ad
1624 3655 1883 3712 visionem

291 3757 555 3814 universa:
577 3755 723 3811 carni
754 3753 906 3828 (Isai.
938 3769 1055 3825 cap.
1081 3767 1228 3821 1.th,
1256 3746 1373 3826 24).
1412 3770 1431 3809 t
1756 3754 1757 3757 “

361 3850 618 3919 Quamvis
645 3856 825 3904 autem
853 3846 1053 3904 dixerit
1085 3846 1306 3903 brevem
1344 3862 1466 3905 esse
1497 3845 1724 3901 fructum
1751 3859 1883 3916 gen-

290 3943 484 4010 tilium,
516 3942 608 4015 qui
648 3941 900 3998 crudeles
944 3941 1134 3996 ocnlos
1160 3939 1429 3994 horrendo
1462 3938 1887 3995 Christianorum

295 4036 675 4093 trucidatorum
708 4032 1020 4105 spectaculo
1049 4030 1428 4096 oblectabant;
1461 4029 1515 4085 hi
1546 4040 1723 4095 tamen
1755 4029 1887 4099 ipsi-

292 4140 401 4188 met
424 4129 715 4188 Christiani
758 4138 865 4184 tam
900 4126 1095 4198 longis,
1128 4139 1289 4196 quam
1316 4122 1602 4179 horrendis
1631 4110 1894 4178 cruciati-

293 4225 395 4282 bus
419 4223 719 4295 saepissime
764 4220 1247 4279 interﬁciebantur.
1277 4217 1437 4274 Varia
1466 4226 1645 4275 autem
1677 4215 1889 4273 illorum

294 4330 491 4388 genera
516 4313 817 4386 Cyprianus
847 4313 925 4369 sic
946 4312 1189 4384 depinxit
1218 4329 1231 4365 :
1268 4329 1286 4364 ‹
1327 4309 1587 4366 lnnoxios
1613 4309 1772 4366 domo
1794 4309 1891 4380 pri-

296 4425 411 4473 vas,
442 4408 766 4481 patrimonio
804 4407 1024 4479 spolias,
1055 4405 1256 4464 catenis
1296 4406 1535 4478 premis,\
1562 4419 1782 4471 carcere
1812 4404 1895 4459 in-

297 4502 492 4570 cludis,
514 4500 722 4567 bestiis,
751 4499 951 4571 gladio,
982 4499 1192 4571 ignibus
1219 4500 1397 4570 punis.
1418 4498 1528 4555 Nec
1550 4490 1742 4554 saltem
1764 4512 1895 4554 eon—

1991 3290 2215 3349 tentem,
2251 3286 2302 3339 in
2327 3285 2443 3356 ipso
2471 3286 2610 3355 foro,
2641 3297 2697 3344 ct
2722 3289 3065 3347 audientibus
3094 3293 3493 3363 magistratibus
3524 3309 3586 3350 ac

1987 3379 2305 3449 prtesidibus
2334 3380 2678 3452 clamantem,
2698 3399 2762 3440 ac
2787 3384 2954 3441 falsos
2980 3386 3257 3457 gentilium
3278 3386 3411 3444 deos
3433 3404 3587 3445 ever-

1990 3477 2228 3538 tentem,
2277 3473 2577 3544 quaestione
2622 3476 2995 3534 crudelissima
3037 3494 3230 3551 cogere
3260 3480 3585 3547 nitebantur,

1991 3572 2046 3618 ut
2068 3579 2127 3620 se
2149 3564 2538 3637 Christianum,
2570 3568 2623 3627 id
2666 3581 2768 3639 est,
2793 3572 2934 3641 quod
2965 3574 3241 3643 putabant,
3265 3574 3467 3630 crimen
3496 3590 3591 3630 ne-

1993 3668 2166 3729 garet.
2199 3659 2503 3733 Cyprianus
2543 3663 2723 3734 itaque
2761 3666 3006 3722 etlmieos
3037 3666 3123 3721 his
3152 3668 3444 3723 insectatur
3469 3683 3589 3723 ver-

1990 3751 2075 3807 bis
2106 3769 2121 3806 :
2154 3771 2172 3804 ι
2209 3750 2343 3817 Cum
2369 3763 2560 3825 Sponte
2602 3758 2881 3823 conﬁtear,
2921 3766 2976 3813 et
3015 3758 3265 3826 clamem,
3296 3769 3351 3816 et
3385 3760 3590 3817 crebris

1990 3860 2055 3900 ac
2093 3846 2335 3916 repetitis
2362 3845 2655 3905 identidem
2694 3850 2919 3906 vocibus
2944 3851 3307 3908 Christianum
3355 3868 3440 3908 me
3468 3869 3592 3910 esse

1993 3945 2290 4007 contestor,
2316 3940 2446 4010 quid
2476 3949 2737 3998 tormenta
2763 3943 3021 4000 admoves
3042 3946 3316 4001 conﬁtenti
3338 3947 3431 4002 ἲ...
3458 3947 3592 4003 Dum

1996 4043 2083 4083 me
2105 4027 2468 4087 Christianum
2498 4033 2695 4090 celebri
2725 4035 2863 4102 loco,
2890 4048 2941 4092 et
2966 4037 3163 4109 populo
3185 4028 3588 4108 circumstante,

1996 4124 2319 4194 pronuntio,
2372 4134 2427 4181 et
2476 4142 2570 4184 vos
2612 4138 2667 4185 et
2709 4129 2841 4186 deos
2867 4138 3081 4187 vestros
3128 4132 3272 4187 clara
3304 4142 3360 4189 et
3386 4132 3595 4200 publica

1996 4217 2383 4288 praedicatione
2416 4220 2714 4290 confundo,
2744 4224 2869 4296 quid
2901 4233 2955 4281 te
2981 4224 3049 4280 ad
3082 4226 3445 4282 inﬁrmitatem
3473 4240 3596 4280 cor—

1995 4312 2143 4383 poris
2172 4312 2373 4368 vertis?
2416 4314 2551 4383 Quid
2595 4331 2719 4374 cum
2748 4317 2925 4373 carnis
2970 4317 3335 4373 imbecillitate
3374 4328 3597 4372 conten-

2003 4403 2345 4480 dis?(lbid.)
2384 4426 2403 4460 ι
2435 4408 2566 4476 Quis
2609 4418 2786 4464 autem
2826 4408 3143 4465 dilﬁtebitur
3171 4409 3301 4464 nihil
3342 4409 3595 4480 iniquius,

1998 4508 2049 4553 et
2069 4498 2214 4553 omni
2248 4500 2503 4566 humano,
2560 4500 2702 4557 civili
2734 4508 2785 4556 et
2830 4499 3015 4556 divino
3040 4500 3150 4571 juri
3191 4499 3359 4571 magis
3384 4509 3601 4555 contra-

301 4605 477 4652 tentus
505 4610 565 4651 es
591 4592 840 4663 dolorum
870 4601 1173 4647 nostrarum
1204 4590 1540 4663 compendio,
1568 4600 1624 4665 et
1642 4589 1891 4660 simplici,
1919 4592 1973 4654 D
2000 4591 2136 4646 rium
2166 4590 2282 4648 ﬁeri
2312 4607 2565 4663 umquam
2608 4607 2790 4663 posse,
2821 4608 2982 4663 quam
3010 4591 3281 4647 hominem
3311 4592 3600 4648 dirissitnis

298 4703 362 4744 ac
391 4687 560 4743 veloci
583 4686 844 4742 brevitate
868 4698 1169 4755 poenarum,
1202 4683 1457 4739 admoves
1485 4680 1749 4738 laniandis
1775 4697 1897 4737 cor-

300 4785 522 4857 poribus
556 4784 709 4853 longa
735 4791 1022 4845 tormenta,
1055 4780 1376 4851 multiplicas
1398 4778 1696 4845 lacerandis
1724 4777 1899 4834 visce-

301 4880 451 4935 ribus
478 4890 763 4933 numerosa
790 4874 1077 4947 supplicia,
1110 4887 1210 4929 nec
1243 4872 1427 4929 feritas
1450 4881 1611 4942 atque
1643 4870 1897 4926 immani-

304 4982 384 5028 tas
407 4980 494 5027 tua
530 4970 740 5026 usitatis
766 4977 944 5040 potest
971 4974 1220 5023 contenta
1250 4980 1371 5022 esse
1394 4963 1695 5030 tormentis,
1730 4979 1897 5020 exco-

302 5065 434 5135 gitat
472 5078 639 5120 novas
692 5076 881 5133 punias
948 5060 1221 5131 ingeniosa
1264 5057 1562 5114 crudelitas
1624 5055 1896 5129 (Cyprian.

304 5155 445 5211 Ibid.
474 5175 527 5227 p.
559 5153 707 5227 190).
745 5174 764 5208 ι»
790 5153 974 5210 Palam
998 5152 1178 5223 itaque
1205 5150 1331 5205 facit
1358 5150 1762 5221 suppliciorum,
1784 5149 1903 5220 qui-

303 5250 406 5307 bus
432 5249 756 5305 sanctissimi
788 5254 1055 5319 martyres
1082 5245 1250 5301 nostri
1282 5244 1687 5315 torquebantur,
1705 5244 1903 5314 duplex

294 5344 472 5400 inisse
496 5358 689 5415 genus.
718 5341 839 5399 Alia
868 5342 1148 5396 enimvero
1164 5338 1627 5406 erantordinaria,
1656 5338 1905 5395 videlicet

309 5436 582 5504 exsilium,
613 5436 861 5507 spoliatio
900 5434 1194 5500 bonorum;
1219 5443 1441 5500 catenae,
1477 5432 1669 5504 quibus
1700 5433 1902 5502 premi;

307 5544 512 5594 carcer,
541 5544 647 5599 quo
675 5526 875 5583 includi
902 5544 916 5592 ;
951 5526 1157 5591 liestize,
1187 5541 1214 5580 a
1248 5525 1441 5596 quibus
1482 5524 1758 5590 devorari;
1787 5525 1897 5595 gla-

308 5620 451 5683 dius.
481 5635 589 5693 quo
608 5620 766 5692 plecti
789 5619 995 5690 capite;
1021 5619 1192 5688 ignes,
1222 5617 1415 5690 quibus
1446 5618 1604 5687 exuri
1632 5617 1899 5674 solebant.

312 5712 431 5768 Alia
477 5726 606 5767 vero
650 5710 1109 5774 extraordinaria,
1145 5709 1398 5764 nimirum
1428 5709 1690 5779 longiora,
1723 5709 1907 5765 multi-

315 5805 533 5881 plicata,
565 5813 619 5862 et
662 5794 724 5860 ea
765 5803 967 5873 omnia,
1020 5814 1139 5870 quae
1189 5801 1463 5874 ingeniosa
1500 5801 1820 5873 crudelitas,
1853 5810 1910 5859 et

1998 4683 2279 4745 tormentis
2307 4684 2664 4756 compellere,
2694 4694 2752 4740 ut
2798 4686 3035 4753 crimen,
3089 4685 3242 4754 cujus
3288 4697 3596 4752 accusatur,

1998 4775 2159 4832 etiam
2188 4777 2452 4833 mendacio
2481 4778 2710 4849 fallente,
2735 4776 2984 4847 deneget,
3014 4789 3069 4835 et
3097 4778 3169 4833 ita
3192 4787 3474 4848 negantem
3505 4767 3602 4831 ab-Q

2000 4870 2250 4927 solvere?
2276 4869 2470 4927 Totam
2500 4885 2662 4941 porro
2692 4870 2833 4927 banc
2877 4866 3399 4942 argumenuttionem
3428 4884 3597 4940 expo-

2008 4964 2217 5020 suimus
2263 4974 2318 5019 et
2369 4964 2795 5022 examinavimus
2858 4966 2910 5020 in
2977 4967 3350 5037 superioribus
3403 4965 3603 5020 nostris

2015 5054 2486 5125 dissertationibus
2516 5055 2585 5111 de
2629 5056 2842 5113 Minucii
2873 5055 3089 5123 Felicis,
3118 5066 3173 5113 et
3193 5056 3505 5112 Tertulliani
3540 5054 3603 5109 li-

2005 5147 2140 5216 bris,
2169 5164 2234 5205 ex
2256 5148 2449 5220 quibus
2470 5147 2772 5221 Cyprianus
2792 5165 2909 5206 eam
2933 5149 3200 5207 delibasse
3216 5149 3356 5205 haud
3382 5164 3605 5221 prorsus

2007 5238 2277 5295 immerito
2304 5240 2515 5297 videtur
2545 5240 2837 5315 (Dissertat.
2862 5243 2915 5297 in
2942 5241 3139 5298 Minue.
3165 5259 3280 5315 cap.
3333 5242 3389 5311 8,
3421 5253 3521 5297 art.
3544 5242 3602 5310 2,

2007 5332 2126 5387 etin
2155 5331 2459 5388 Tertullian.
2491 5350 2608 5405 cap.
2642 5336 2729 5402 l7,
2757 5345 2857 5390 art.
2884 5336 2965 5407 Ξ).

2083 5425 2190 5481 Sed
2220 5436 2374 5498 urget
2402 5427 2580 5485 adhuc
2607 5429 2719 5494 ille,
2750 5444 2816 5487 ac
2859 5441 3005 5488 recte
3049 5433 3208 5491 docet
3236 5432 3603 5503 Christianum

2009 5518 2077 5574 ad
2103 5518 2448 5589 rejiciendam
2491 5530 2581 5579 aut
2614 5522 2912 5592 negandam
2959 5524 3275 5597 religionem
3314 5543 3464 5584 suam
3508 5543 3608 5585 nec

2013 5613 2083 5680 vi,
2112 5628 2211 5669 nec
2242 5614 2524 5669 tormentis
2551 5616 2870 5685 cogendum,
2900 5617 2994 5673 sed
3022 5619 3342 5675 vincendum
3376 5621 3605 5689 ratione,

2011 5722 2076 5763 ac
2104 5706 2294 5765 validis
2320 5710 2651 5778 argumentis
2684 5708 2860 5766 (idene
2880 5709 3001 5783 ejus
3026 5712 3429 5768 destruendam.
3463 5714 3608 5780 Qua-

2012 5810 2233 5875 prOptcr
2260 5799 2534 5860 etlmicum
2580 5802 2855 5863 hominem
2905 5804 2985 5862 sic
3028 5806 3319 5878 compellat
3356 5823 3371 5863 :
3419 5824 3439 5861 ί
3472 5807 3608 5869 Cum
