4190 6266
666 313 773 372 999

1943 319 2009 375 IN
2051 315 2263 377 DIVUM
2301 314 2703 378 CYI’RIANUM

3869 326 4006 383 ηε..

666 428 834 483 animi
876 427 1056 499 vigore
1081 429 1432 500 congredere,
1468 430 1721 487 virtutem
1769 434 1965 488 mentis
2008 434 2255 507 infringe,
2288 439 2336 497 Α
2366 448 2419 492 et
2447 437 2653 492 [ενι-ηερί
2686 435 2891 492 cladem
2919 423 2975 494 et
2999 449 3249 494 mortem.
3270 439 3440 508 Quam
3466 443 3697 499 evidens
3722 458 3927 501 autem
3952 460 4001 504 et

668 521 830 577 fidem
862 520 1102 585 destrue,
1151 522 1542 592 disceptatione
1571 525 1615 579 si
1659 533 1812 595 poles
1839 568 1854 593 ,
1887 527 2074 594 vince,
2106 528 2263 584 vince

670 616 900 671 ratione.
933 612 1209 689 (Cypridis.
1241 615 1391 687 ibid.)
1427 635 1446 670 ι
1481 617 1681 672 Eadem
1714 619 1871 674 siculi
1905 620 2259 690 ostendimus,

669 716 755 761 est
786 705 1104 762 Tertulliani
1133 722 1195 762 ac
1225 707 1492 763 Lactantii
1522 710 1939 781 argumentatio,
1978 727 2138 783 quam
2160 712 2263 768 iste

665 795 808 853 hunc
832 799 1091 867 exprimit
1118 800 1170 855 in
1198 800 1416 856 modum
1450 816 1465 856 :
1498 820 1517 853 ι
1550 800 1759 875 Religio
1785 804 1902 874 cogi
1927 818 2032 859 non
2061 813 2261 876 potest.

669 889 862 949 Verbis
891 894 1070 963 petitis
1093 935 1111 961 ,
1157 910 1318 963 quam
1352 894 1665 952 verberibus
1698 913 1784 953 res
1823 898 2027 966 agenda
2056 909 2160 966 est,
2207 909 2265 955 ut

666 986 736 1041 sit
769 988 1036 1042 voluntas.
1078 1006 1097 1040 ι
1130 989 1202 1043 lle
1247 989 1327 1043 liis
1363 1003 1541 1045 autem
1580 990 1752 1059 plura,
1784 1007 1845 1047 ac
1878 994 1976 1047 nisi
1999 992 2258 1061 fallimur,

664 1080 796 1134 satis
823 1078 1163 1137 abundanter
1191 1081 1241 1135 in
1281 1076 1648 1152 superioribus
1675 1085 2143 1140 dissertationibus
2168 1102 2265 1141 no-

661 1170 788 1226 stris
843 1169 1232 1239 diSputavimus
1281 1171 1541 1242 (Lactant.
1574 1174 1662 1228 lib.
1694 1192 1722 1227 ν
1746 1172 1975 1230 Institut.
2006 1192 2121 1246 cap.
2171 1177 2260 1245 19,

661 1278 784 1333 pag.
817 1261 943 1318 518.
975 1262 1247 1317 Dissertat.
1311 1265 1363 1318 in
1411 1263 1648 1320 Lactant.
1684 1284 1799 1338 cap.
1836 1269 1929 1333 10,
1980 1278 2077 1322 art.
2134 1270 2189 1338 5,
2218 1280 2265 1325 et

667 1354 721 1408 in
750 1351 968 1410 Tertull.
998 1356 1233 1427 cap..19,
1271 1367 1372 1410 art.
1406 1355 1482 1425 1).

734 1448 992 1517 Quamvis
1048 1458 1226 1504 autem
1274 1449 1569 1505 Christiani
1618 1463 1907 1507 cernerent
1951 1468 2011 1509 se
2052 1468 2261 1509 summa

666 1542 903 1597 omnium
923 1540 1205 1613 iniquitate
1231 1558 1294 1599 ac
1324 1554 1543 1615 prepter
1578 1561 1735 1602 suum
1766 1547 1941 1603 solum
1977 1564 2171 1606 nomen
2195 1551 2264 1605 ab

668 1633 896 1690 ethnicis
939 1632 1287 1691 condemnari
1331 1644 1387 1692 et
1419 1636 1703 1704 trucidari;
1749 1638 2038 1695 horribiles
2084 1648 2263 1717 tamen

661 1727 950 1794 cruciatus,
985 1728 1103 1784 sine
1130 1729 1235 1784 ulla
1282 1729 1335 1783 in
1378 1741 1752 1800 persecutores
1778 1732 1906 1787 suas
1933 1733 2261 1789 malevolen-

665 1909 847 1966 tudine
877 1911 1238 1983 perferebant.
1271 1913 1383 1970 Sibi
1411 1916 1556 1970 enim
1581 1930 1613 1971 a
1645 1914 1755 1971 Deo
1786 1927 2115 1989 praeceptum
2143 1934 2265 1976 esse

674 2016 956 2074 noverant,
1008 2023 1078 2064 ne
1121 2006 1248 2064 odio
1276 2007 1542 2065 haberent
1586 2009 1754 2066 ullum
1806 2028 2056 2084 umquam
2093 2013 2260 2071 homi-

668 2112 816 2168 nem,
845 2115 910 2157 ac
935 2100 1083 2174 ipsos
1126 2102 1289 2159 etiam
1337 2103 1585 2160 inimicos
1635 2120 1764 2161 suos
1818 2107 2108 2178 diligerent
2137 2107 2264 2181 (Cy-

664 2190 835 2261 priau.
886 2194 956 2247 ad
1011 2191 1239 2250 Demetr.
1290 2212 1415 2268 pag.
1481 2194 1631 2271 197).
1680 2199 2018 2271 Quapropter
2066 2202 2264 2258 nullam

664 2283 963 2343 reddebant
996 2302 1094 2359 pro
1140 2288 1333 2357 injuria
1364 2290 1559 2358 vicem,
1591 2290 1688 2348 sed
1731 2307 1828 2364 pro
1855 2293 1997 2350 odiis
2028 2295 2266 2353 benevo-

668 2379 911 2451 lentiam,
942 2398 1007 2439 ac
1053 2399 1149 2455 pro
1195 2383 1412 2442 inﬂictis
1452 2386 1555 2443 sibi
1586 2388 1864 2459 suppliciis
1890 2391 2267 2448 monstrabant

665 2474 856 2532 salutis
884 2476 987 2533 iter
1016 2475 1179 2546 (Ibid.
1237 2496 1361 2553 pag.
1420 2478 1571 2553 172).
1619 2480 1789 2538 Nemo
1816 2483 1992 2554 itaque
2022 2500 2052 2539 a
2083 2496 2264 2558 tyran-

665 2567 747 2623 nis
792 2568 1164 2640 apprehensus
1207 2572 1589 2641 reluctabatur,
1623 2574 1790 2632 immo
1830 2579 2261 2648 excarnificatus,

663 2657 1012 2730 gloriabatur,
1053 2671 1107 2718 et
1132 2663 1333 2735 gratias
1355 2665 1568 2736 agebat.
1599 2666 1729 2736 Quae
1763 2669 1979 2741 quidem
2011 2672 2062 2726 in
2104 2688 2262 2744 supc-

665 2751 798 2807 riori
840 2764 1025 2811 nostra
1052 2755 1434 2817 dissertatione
1484 2761 1747 2833 explicata
1797 2774 1923 2819 sunt
1960 2764 2258 2838 (Dissertat.

662 2844 717 2900 in
750 2842 965 2902 Tertull.
997 2864 1116 2919 cap.
1152 2849 1246 2917 21,
1274 2862 1373 2907 art.
1406 2850 1482 2925 1).

734 2936 923 3010 Neque
945 2948 1123 2998 tamen
1166 2943 1299 3000 illml
1341 2943 1637 3002 infirmitati
1664 2958 1756 3004 attt
1792 2949 2124 3021 impotentiae
2165 2953 2262 3009 ad-

661 3032 1007 3089 scribendum
1042 3053 1056 3091 :
1089 3033 1318 3105 Nimius,
1350 3039 1584 3111 quippe,
1633 3050 1691 3095 ut
1730 3042 1807 3096 ait
1849 3041 2169 3115 Cyprianus,
2216 3058 2262 3102 et

661 3127 897 3197 copiosus
924 3138 1041 3184 erat
1089 3130 1302 3186 illorum
1352 3148 1595 3189 numerus
1637 3132 1906 3208 (Cyprian.
1957 3139 2056 3194 loc.
2120 3138 2257 3212 cit.).

2364 531 2572 603 insigne
2602 531 2763 587 fuerit
2785 531 2914 587 illud
2937 532 3133 589 divinm
3163 533 3401 604 ultionis,
3434 548 3491 592 nt
3527 539 3779 611 loquitur
3809 551 4000 597 auare

2365 634 2566 692 noster,
2600 624 3003 692 documentum,
3040 629 3388 683 ostendemus
3415 630 3467 685 in
3500 632 3999 703 subsequi-mids-

2365 720 2658 775 sertatione
2675 719 2724 774 in
2752 718 2947 775 librum
2972 719 3119 775 Lucii
3145 717 3423 777 Caciliidc
3438 723 3703 781 Mortibus
3729 724 3999 782 Per-seca-

2366 823 2574 879 tornm;
2605 829 2711 884 quo
2740 813 2953 883 quidem
2984 811 3213 884 aliisque
3236 814 3476 884 pluribus
3497 818 3781 888 exemplis
3818 820 3997 888 palat-

2365 903 2615 958 omnibus
2645 902 2768 958 fecit
2796 904 2984 973 quales
3029 904 3367 976 quantasque
3395 906 3589 964 Decius
3626 909 3861 979 aliique
3907 913 4003 968 im-

2366 823 2574 879 tornm;
2605 829 2711 884 quo
2740 813 2953 883 quidem
2984 811 3213 884 aliisque
3236 814 3476 884 pluribus
3497 818 3781 888 exemplis
3818 820 3997 888 palat-

2364 903 2615 958 omnibus
2645 902 2768 958 fecit
2796 904 2984 973 quales
3029 904 3367 976 quantasque
3395 906 3589 964 Decius
3626 909 3861 982 aliique
3907 913 4003 968 im-

2365 995 2661 1049 manissimi
2709 994 3137 1052 Christianorum
3169 999 3378 1070 tyranni
3412 1015 3600 1070 pmuas
3652 1002 3777 1058 Deo
3826 1004 4000 1061 dede-
4134 982 4135 1035 ‘

2364 1089 2492 1143 rint.
2524 1088 2579 1142 In
2612 1088 2727 1143 aliis
2778 1104 2990 1161 quoque
3028 1091 3497 1149 dissertationibus
3540 1097 3759 1151 nostris
3816 1101 3999 1154 mani-

2365 1178 2501 1236 fc5te
2531 1180 2883 1251 expendimus
2909 1196 3065 1252 quam
3095 1183 3327 1239 validum
3355 1197 3411 1241 et
3437 1186 3701 1242 invictum
3728 1205 3800 1244 es
3832 1190 3909 1245 iis
3935 1194 3999 1248 ad

2364 1272 2736 1329 vindicandam
2790 1275 3097 1332 christiana:
3147 1277 3425 1349 religionis
3472 1280 3767 1338 veritatem
3837 1300 4001 1357 argu-

2365 1373 2601 1420 mentum
2647 1366 2875 1422 dueatur
2931 1364 3189 1439 (Dissert.
3234 1371 3289 1425 in
3320 1369 3449 1427 an.
3505 1369 3689 1429 Circi].
3746 1392 3886 1447 (ap.
3943 1379 3991 1444 7,

2366 1468 2465 1512 art.
2502 1455 2577 1529 l).

2990 1597 3219 1656 carur
3249 1572 3339 1655 1v.

2336 1790 2353 1800 ί
2368 1709 2742 1781 Expemluutur
2762 1712 3009 1785 Cypriani
3028 1729 3349 1786 argumenta,
3378 1719 3558 1786 quibus
3579 1719 3988 1777 Demetrium;

666 1819 761 1888 tia,
792 1819 889 1875 sed
916 1828 1063 1875 tanta
1097 1819 1337 1892 profecto
1364 1821 1645 1892 patientia,
1673 1833 1871 1895 quanta
1903 1824 2068 1881 animi
2108 1825 2262 1881 forti-
2293 1837 2339 1898 Β

2441 1808 2670 1877 aliosque
2693 1809 2902 1878 gentiles
2925 1810 3143 1880 refellit,
3170 1811 3257 1876 qui
3295 1808 3616 1869 Christianos
3651 1815 3986 1886 publica".

2440 1900 2578 1967 belli,
2600 1901 2772 1971 rantis,
2801 1910 2850 1955 et
2879 1902 3034 1973 pestis
3061 1903 3408 1959 calamitatum
3430 1920 3642 1960 causam
3665 1923 3787 1962 esse
3812 1907 3988 1962 ariusi-

2440 1994 2714 2048 nabantur.

2902 2155 3197 2197 ARTICULUS
3227 2156 3439 2198 PBIIUS.

2370 2250 2604 2305 Primum
2626 2249 2876 2323 Cypriani
2894 2266 3252 2326 argumentum
3276 2273 3342 2312 ea:
3365 2257 3543 2312 mundi
3571 2260 3722 2314 senio
3744 2260 3979 2332 desum.

2927 2355 3036 2402 tum
3055 2348 3399 2405 examinatum

2439 2478 2685 2536 Vidimus
2735 2481 2786 2536 in
2838 2481 3209 2554 superioribus
3258 2485 3457 2542 nostris
3497 2486 3983 2546 dissertationibus

2366 2591 2525 2647 quam
2552 2592 2695 2647 saepe
2717 2586 2773 2633 et
2798 2577 3134 2648 impudenter
3170 2578 3371 2637 ethnici
3393 2579 3689 2651 objecerint
3716 2582 3982 2640 (.liristia-

2368 2683 2467 2724 nos
2499 2668 2831 2740 publicarum
2862 2672 3105 2728 omnium
3156 2673 3553 2739 calamitatum,
3586 2677 3791 2747 quibus
3826 2695 3983 2734 mun-

2365 2759 2466 2815 dus
2494 2760 2810 2828 vexabatur,
2842 2760 2965 2818 ideo
2991 2777 3113 2819 esse
3151 2778 3406 2829 causam;
3443 2765 3567 2835 quia
3600 2766 3821 2823 illorum
3848 2768 3983 2825 deos

2367 2868 2472 2908 non
2527 2853 2926 2910 venerabantur
2968 2852 3270 2928 (Dissertat.
3300 2858 3355 2912 in
3394 2858 3586 2914 Arnob.
3633 2877 3759 2930 cap.
3790 2862 3848 2928 ϐ,
3876 2874 3981 2917 art.

2366 2948 2420 3014 1,
2466 2964 2604 3020 seqq.
2641 2949 2694 3003 in
2728 2946 2951 3004 Tertull.
2992 2967 3113 3021 cap.
3154 2950 3249 3014 25.
3291 2962 3393 3007 art.
3446 2953 3500 3018 1,
3552 2953 3747 3027 seqq).
3790 2956 3983 3024 Quam-

2365 3043 2445 3097 vis
2499 3052 2677 3099 aulem
2726 3045 2887 3101 tmies
2946 3045 3146 3102 insulsa
3217 3047 3306 3105 illa
3364 3049 3702 3115 criminatio,
3767 3051 3837 3103 ah
3904 3068 3982 3106 re-

2367 3134 2583 3206 ligionis
2628 3146 2827 3191 nostrae
2867 3137 3241 3195 defensoribus
3292 3139 3531 3196 funditus
3557 3157 3749 3197 eversa
3795 3144 3977 3207 fuerit,

664 3217 731 3274 Et
777 3228 927 3276 certe
956 3221 1193 3278 vidimus
1238 3235 1439 3295 quanta
1480 3234 1625 3282 esset
1653 3226 1966 3285 Tertulliani
2019 3241 2264 3303 tempore
2289 3235 2334 3298 C
2367 3227 2576 3298 quoties
2604 3229 2671 3284 ειΙ)
2702 3229 2890 3286 iisdem
2916 3232 3144 3287 ellllliCiS
3170 3234 3432 3302 Tcpt‘lila;
3462 3234 3859 3291 DCIIIclﬁanum
3894 3247 3981 3289 L1-

662 3311 880 3368 illorum
924 3314 1214 3371 multitudo
1236 3357 1252 3384 ,
1283 3317 1525 3387 quicum
1567 3310 2262 3393 quotidie'multiplicaren-

665 3411 771 3469 tur,
806 3404 964 3477 longe
993 3407 1198 3478 plures,
1239 3408 1366 3464 dum
1392 3421 1584 3466 auctor
1609 3412 1726 3470 haec
1751 3415 2043 3479 scribebat,
2074 3419 2263 3487 procul

662 3494 825 3551 dubio
864 3512 986 3554 esse
1027 3498 1296 3558 debebant
1348 3501 1646 3573 (Dissertat.
1674 3506 1728 3561 in
1756 3506 1970 3563 Tertull.
2019 3508 2119 3567 loc.
2146 3514 2263 3584 cit.)

659 3587 778 3645 Non
806 3587 858 3645 id
889 3589 1069 3663 itaque
1086 3592 1420 3664 probandum
1445 3610 1568 3654 esse
1592 3598 1822 3667 censuit,
1851 3600 1994 3671 quod
2014 3602 2265 3664 omnibus

661 3682 1002 3741 notissimum
1029 3697 1178 3757 erat,
1210 3698 1266 3744 et
1293 3690 1525 3760 gentiles
1564 3692 1949 3761 molestissime
1993 3694 2259 3755 ferebant.

658 3774 766 3833 Sua
787 3775 948 3849 igitur
973 3778 1315 3836 multitudine
1344 3781 1634 3840 Christiani
1657 3783 1814 3842 facile
1843 3797 2090 3859 poterant
2127 3805 2262 3862 gen-

660 3867 832 3924 tilium
883 3870 1067 3927 ulcisci
1117 3872 1515 3945 crudelitatem,
1566 3877 2019 3948 quemadmodum
2047 3897 2079 3937 a
2111 3883 2265 3940 nobis

658 3959 837 4016 adhuc
882 3962 934 4016 in
976 3966 1241 4034 superiori
1285 3966 1666 4028 dissertatione
1704 3973 2128 4032 demonstratqu
2159 3986 2261 4035 est.

658 4049 825 4123 (Ibid.
847 4069 964 4125 cap.
993 4054 1088 4123 22,
1116 4066 1217 4112 art.
1242 4057 1322 4129 1).

731 4144 1001 4203 Praeterea
1043 4159 1193 4207 certo
1221 4153 1463 4210 sciebant
1504 4156 1827 4215 horrendam
1857 4164 2137 4233 gentilium
2167 4167 2266 4222 im-

658 4239 973 4298 manitatem
1020 4257 1145 4319 non,
1168 4244 1484 4317 impunitam
1511 4248 1579 4305 ab
1604 4252 1913 4320 aequissimo
1940 4255 2122 4325 judice
2151 4258 2265 4316 Deo

655 4333 853 4391 dimitti
883 4352 897 4389 :
935 4353 955 4389 ι
989 4336 1284 4407 Pallentes,
1321 4359 1341 4394 ι
1369 4340 1574 4400 idcirco
1601 4359 1717 4414 eos,
1745 4346 1918 4418 inquit
1942 4348 2263 4422 Cyprianus,

662 4446 681 4480 ε
717 4426 1021 4517 faciebatde
1048 4442 1294 4490 secutura
1315 4435 1519 4494 ultione
1534 4441 1796 4496 securitas
1819 4440 1971 4515 (Cyp.
1998 4445 2126 4499 ibid.
2141 4463 2264 4517 pag.

657 4516 810 4592 I92).
824 4521 922 4576 sAt
940 4522 1102 4591 unde,
1123 4523 1327 4596 inquiet
1340 4526 1825 4601 aliquis,seeuritas
1847 4535 2017 4591 tanta?
2027 4516 2264 4595 Primum

2368 3334 2491 3374 men
2515 3320 2756 3391 aliosque
2787 3337 2899 3385 non,
2926 3321 3112 3393 puduit
3137 3338 3256 3379 eam
3288 3324 3670 3399 redintegrare,
3699 3342 3821 3381 cum
3859 3325 3975 3398 Cy-

2367 3412 2539 3482 priani
2567 3413 2734 3469 nostri
2755 3422 2998 3485 tempore
3025 3419 3258 3471 mundus
3283 3418 3508 3488 triplici,
3539 3419 3683 3486 belli,
3710 3419 3869 3474 famis
3916 3431 3979 3476 et

2367 3504 2653 3562 horrenda:
2685 3512 2853 3578 pestis
2878 3507 3031 3564 clade
3059 3509 3425 3580 premebatur.
3452 3510 3757 3584 Cyprianus
3793 3513 3978 3584 itaque

2365 3594 2432 3651 ad
2458 3611 2554 3652 eos
2584 3613 2773 3654 rursus
2787 3599 3111 3657 refellendos
3135 3601 3299 3666 hunc,
3328 3602 3826 3666 utianuotavimus.
3857 3620 3979 3660 con-

2365 3688 2605 3746 scribere
2634 3688 2827 3745 librum
2858 3700 3076 3748 coactus
3110 3704 3214 3749 est.
3244 3693 3380 3763 Quia
3421 3709 3555 3750 vero
3584 3709 3774 3750 eorum
3807 3696 3979 3766 impu—

2365 3784 2625 3855 dentiam,
2649 3789 2780 3843 satis
2806 3802 3076 3861 superque
3101 3789 3171 3846 ab
3200 3788 3321 3845 aliis
3352 3788 3648 3860 repulsam,
3680 3791 3833 3846 novis
3863 3792 3978 3861 qni-

2366 3877 2591 3935 busdam
2636 3879 2904 3937 rationum
2966 3884 3255 3939 momentis
3314 3884 3664 3954 comprimit,
3720 3900 3785 3940 ea
3835 3899 3975 3938 nunc

2365 3971 2526 4028 solito
2550 3987 2703 4029 more
2748 3983 2933 4030 nostro
2962 3974 3317 4032 examinanda
3355 3985 3500 4032 sunt.
3528 3976 3765 4031 Primum
3811 3977 3978 4048 igitur

2366 4066 2700 4125 demonstrat
2720 4066 2839 4137 has,
2870 4068 3112 4141 aliasque
3141 4069 3384 4141 publicas
3405 4069 3593 4133 clades,
3616 4078 3706 4121 aut
3723 4084 3970 4138 genera-

2368 4159 2487 4226 tim,
2515 4168 2607 4214 aut
2628 4159 2901 4231 sigillatim
2930 4170 3220 4232 spectatas,
3249 4162 3472 4218 minime
3493 4158 3703 4232 quidem
3732 4174 3764 4213 a
3791 4157 3973 4215 Chri-

2366 4238 2576 4321 stianis,
2604 4252 2701 4310 sed
2727 4269 3130 4325 nonnumquam
3158 4253 3335 4309 causis
3358 4252 3704 4319 naturalibus,
3730 4260 3790 4306 et
3806 4252 3973 4324 longe

2366 4347 2567 4419 sapius
2594 4349 2842 4404 maximis
2870 4348 3229 4419 ipsurummet
3248 4350 3530 4421 gentilium
3562 4346 3884 4414 sceleribus,
3911 4364 3976 4404 ac

2367 4453 2580 4511 semper
2605 4440 2658 4495 in
2707 4440 3093 4497 sceleratorum
3140 4440 3417 4497 heminam
3463 4456 3677 4514 pinnam
3725 4439 3972 4496 eseitari.

2367 4531 2713 4591 Naturalibus
2744 4542 2926 4590 autem
2971 4535 3153 4591 causis
3190 4548 3285 4592 eas
3308 4534 3635 4606 generaliter
3661 4533 3974 4591 tribuendas

653 4610 1033 4686 quidem,quia
1048 4617 1390 4689 omnipotens
1408 4620 1765 4693 ipseDeus,id
1783 4625 2023 4683 futurum
2038 4644 2159 4687 esse
2179 4630 2339 4696 di-D
2366 4639 2488 4680 csse
2529 4624 2709 4697 colligi
2754 4640 2915 4698 posse
2961 4635 3112 4695 putat
3160 4640 3229 4682 ex
3272 4627 3425 4683 senio
3468 4625 3678 4695 mundi,
3705 4643 3868 4696 quem
3905 4625 3974 4682 ad

654 4705 815 4761 sertis
829 4705 1268 4780 solemnibusque
1285 4713 1461 4769 verbis
1477 4717 1815 4788 promiserat.
1833 4719 2035 4779 Deinde
2048 4738 2178 4781 vero
2190 4724 2227 4779 il
2238 4755 2257 4767 -

652 4794 764 4852 lum
781 4812 965 4854 revera
997 4802 1274 4871 promissis
1297 4806 1512 4864 stetisse
1539 4808 1665 4867 hinc
1676 4823 1863 4869 auctor
1885 4823 2070 4872 noster
2091 4816 2261 4873 conli-

653 4886 763 4954 cit;
783 4889 925 4960 quod
944 4910 963 4945 ι
986 4908 1298 4966 numquam,
1324 4897 1517 4970 inquit,
1535 4900 1820 4974 impiorum
1837 4904 2043 4963 scelere
2072 4907 2124 4963 in
2157 4923 2258 4965 no-

653 4988 825 5037 strum
871 4998 1066 5041 nomen
1117 4989 1449 5061 ersurgitur,
1501 5001 1559 5048 ut
1611 5009 1719 5050 non
1770 4998 1950 5053 statim
2001 4997 2259 5058 divinitus

652 5071 887 5130 vindicta
915 5077 1451 5153 comitetur..(lbid.)
1489 5102 1510 5136 ι
1544 5084 1653 5142 Nec
1682 5086 1731 5143 id
1767 5089 1995 5160 probatu
2035 5090 2258 5151 difﬁcile

651 5162 754 5220 sibi
791 5180 913 5223 esse
935 5170 1184 5238 asseruit,
1222 5172 1366 5243 quod
1405 5189 1473 5230 ex
1513 5191 1693 5233 rerum
1726 5182 2114 5249 prteteritarum
2147 5183 2261 5241 his-

654 5259 809 5318 toriis
831 5262 1083 5321 omnibus
1108 5276 1226 5323 erat
1254 5279 1612 5341 compertum.
1636 5271 1777 5330 Satis
1807 5274 1989 5347 itaque
2017 5278 2117 5333 sibi
2139 5279 2255 5335 suf-

652 5352 818 5414 ﬁcere
845 5358 1176 5417 existimavit
1215 5364 1452 5421 recentis
1486 5368 1763 5425 memorize
1794 5371 2035 5441 proferre
2074 5388 2260 5430 exem-

652 5448 825 5520 plum,
855 5467 963 5523 quo
992 5452 1133 5511 Deus
1153 5457 1503 5530 gravissimas
1526 5459 1594 5517 de
1620 5461 2050 5521 Christianorum
2076 5482 2261 5538 perse-

651 5543 927 5601 cutoribus
968 5547 1219 5617 repetivit
1248 5566 1455 5622 pmnas,
1490 5571 1510 5607 ι
1539 5555 1710 5610 ruinis
1764 5572 1983 5630 regum,
2036 5559 2262 5630 jacturis

650 5648 835 5706 opum,
873 5636 1161 5711 dispendio
1188 5641 1443 5714 militum,
1474 5646 1833 5706 diminutione
1872 5641 2197 5711 castrorum.
2235 5672 2255 5707 ι

649 5722 768 5783 Jam
794 5743 925 5785 vero
948 5731 1183 5789 vidimus
1210 5734 1296 5791 bis
1323 5736 1441 5807 ejus
1466 5741 1648 5796 verbis
1681 5742 1927 5799 denotari
1956 5744 2260 5804 funestissi-

651 5830 794 5874 mam
823 5820 969 5878 Decii
1003 5824 1344 5894 imperatoris
1374 5839 1429 5885 et
1454 5833 1682 5889 filiorum
1707 5835 1823 5905 ejus
1849 5838 2016 5906 Decii,
2043 5841 2260 5914 'l‘rajani

2362 4730 2611 4773 occasum
2636 4725 2691 4773 et
2718 4718 2994 4774 interitum
3044 4734 3267 4788 vergere
3304 4718 3669 4775 arbitrabatur
3695 4718 3971 4793 (Cyprian.

2361 4810 2432 4864 ad
2474 4809 2699 4882 Demetr.
2728 4828 2850 4885 pag.
2879 4810 3027 4882 186).
3059 4812 3300 4882 Quatuor
3342 4814 3512 4883 enim,
3540 4812 3843 4884 inquiebat,
3890 4812 3973 4867 in.

2361 4920 2533 4961 versa:
2566 4914 2720 4962 erant
2755 4910 2880 4961 anni
2924 4916 3286 4978 tempestates.
3336 4907 3510 4963 Minor
3548 4906 3820 4979 siquidem
3859 4915 3975 4962 erat

2363 4996 2558 5069 hyeme
2582 4997 2734 5069 copia
2761 4996 3045 5064 imbrium;
3080 5007 3291 5066 :estate,
3318 4999 3448 5054 solis
3463 4987 3775 5071 ﬂagrantia;
3808 5013 3974 5054 verno

2363 5100 2630 5162 tempore,
2662 5091 2786 5165 ccelj
2817 5091 3136 5162 temperies;
3171 5104 3227 5149 et
3250 5104 3531 5162 autumno,
3566 5094 3842 5149 fructuum
3867 5092 3972 5150 fte-

2360 5172 2629 5241 cunditas.
2661 5184 2927 5242 Praeterea
2954 5202 3167 5252 aurutn,
3190 5195 3495 5258 argentum,
3520 5185 3733 5256 aliaque
3753 5185 3973 5241 metth

2358 5278 2411 5332 in
2441 5278 2737 5335 visceribus
2780 5288 2939 5336 terrm
2974 5279 3400 5349 decrescebant,
3444 5289 3500 5335 et
3521 5279 3721 5350 ubique
3749 5278 3975 5335 deficie-

2358 5372 2488 5429 bant
2511 5374 2782 5446 agricolae,
2819 5384 3024 5437 natura:
3049 5375 3338 5432 etmilites.
3362 5374 3506 5445 Quin
3526 5374 3687 5430 etiam
3728 5391 3748 5426 ι
3778 5387 3969 5440 canos.

2363 5467 2438 5522 ait
2463 5467 2570 5532 ille,
2602 5467 2845 5524 videmus
2869 5468 2924 5524 in
2956 5468 3156 5540 pueris,
3187 5467 3367 5539 capilli
3391 5467 3649 5523 deficiunt
3673 5476 3970 5535 antennas:

2362 5569 2627 5628 crescant,
2661 5577 2761 5618 nec
2784 5570 2919 5617 aetas
2941 5561 2995 5617 in
3034 5570 3314 5619 senectute
3338 5561 3556 5629 desinit,
3588 5558 3684 5616 sed
3713 5559 3904 5629 incipit
3934 5574 3969 5612 ει

2363 5666 2667 5714 senectute.
2718 5656 2882 5728 (Ibid.
2914 5675 3033 5730 pag.
3069 5655 3222 5731 187.)
3259 5675 3279 5710 ι
3312 5655 3556 5728 Denique
3585 5654 3825 5710 maxima
3849 5662 3971 5709 erat

2363 5764 2574 5805 morum
2600 5748 2936 5822 depravatio.
2966 5752 3138 5823 Atque
3168 5765 3235 5807 ex
3277 5748 3364 5806 his
3393 5748 3641 5805 omnibus
3688 5745 3973 5804 concludit

2344 5844 2620 5902 ‘lllllltdlllll
2646 5861 2950 5914 senescere,
2985 5862 3083 5907 nec
3110 5846 3303 5902 mirum
3330 5860 3451 5903 esse
3480 5846 3521 5899 si
3557 5844 3605 5899 in
3630 5842 3769 5914 ejus,
3803 5845 3970 5903 veluti
