4190 6266
220 260 353 317 1001

1628 256 2103 320 DISSER'I‘ATIO.

3380 274 3401 329 1
3414 273 3522 333 002

217 372 271 427 in
302 370 527 426 aliorum
558 368 869 438 viventium,
900 378 1172 429 senectute
1189 371 1368 426 omnia
1401 371 1735 443 degenerent
1758 385 1813 431 ct
1836 378 1890 438 Α
1917 368 2357 443 monstravimus,
2401 379 2564 436 luisse
2591 390 2856 450 creatum,
2900 384 2998 440 sed
3035 399 3066 440 a
3103 399 3232 443 vero
3255 395 3308 443 et
3339 392 3519 445 omni-

216 462 489 520 deficiant.

291 556 490 613 Verum
515 558 669 614 sicuti
700 558 875 615 nullus
910 558 1187 615 dubitandi
1230 560 1378 617 locus
1406 570 1512 626 est,
1541 561 1666 632 quin
1700 561 1818 618 hare

220 648 400 706 omnia
429 665 553 706 vera
586 651 711 719 sint,
740 667 860 722 qua:
887 650 1186 723 Cyprianus
1215 662 1320 708 tam
1360 652 1625 709 allirmate
1663 670 1816 710 asse-

220 753 372 800 verat
401 761 415 797 :
448 743 519 799 ita
548 745 872 801 sanctissimi
902 745 1147 817 Martyris
1174 761 1322 817 pace,
1354 745 1435 801 l'as
1465 745 1644 803 dicere
1664 748 1819 804 nobis

221 835 293 892 sit
307 838 421 891 hanc
441 850 542 891 non
560 835 838 902 accidisse,
856 837 977 908 quia
995 836 1338 909 tnnndns,qui
1355 853 1452 909 per
1475 847 1553 894 tot
1570 846 1689 910 post
1704 840 1820 909 ejus

223 936 450 983 mortem
479 926 675 982 smeula
703 928 906 999 integer
932 929 1313 999 perseveravit,
1349 927 1460 999 jam
1489 937 1598 983 Illill
1627 944 1818 985 senue—

222 1029 327 1090 rat,
365 1029 420 1077 et
449 1018 540 1075 lini
565 1036 664 1075 suo
694 1028 811 1075 erat
840 1021 1132 1091 proximus.
1163 1020 1366 1077 Deinde
1393 1036 1520 1077 vero
1544 1037 1731 1077 aurum
1766 1030 1823 1077 et

222 1120 500 1183 argentum
531 1112 914 1169 dccrescehant
949 1114 1224 1170 exhaustis
1266 1114 1321 1169 in
1351 1113 1666 1186 quibusdam
1701 1125 1821 1169 tan-

226 1216 335 1261 tum
367 1205 523 1273 locis,
555 1222 660 1264 non
685 1214 864 1262 autem
889 1207 1086 1278 ubique
1112 1216 1375 1263 terrarum
1405 1207 1617 1263 illorutn
1648 1207 1817 1262 venis.

224 1296 641 1370 Frcqncntinrcs
661 1313 790 1353 vero
810 1296 1085 1354 hominum
1109 1308 1311 1355 mortes
1339 1299 1610 1370 contigere
1632 1307 1824 1370 potue-

225 1402 351 1448 runt
389 1408 456 1448 ex
488 1393 630 1450 aeris
671 1394 986 1465 intemperie
1015 1403 1068 1451 et
1096 1393 1458 1465 corruptione,
1493 1393 1635 1450 unde
1662 1394 1823 1450 etiam

225 1496 340 1541 orta
373 1496 490 1542 erat
523 1487 609 1541 illa
642 1486 911 1543 horrenda
944 1486 1130 1557 pestis,
1160 1503 1279 1558 qua:
1319 1488 1496 1543 omnia
1529 1488 1823 1560 depopula-

212 1576 403 1633 batur.
434 1577 917 1634 Pestilentissimus
944 1594 1156 1650 quoque
1187 1594 1281 1635 aer
1301 1577 1519 1636 ellicere
1548 1579 1742 1651 potuit,
1768 1588 1828 1635 ut

226 1671 386 1741 plane
408 1670 691 1726 immatura
714 1681 856 1726 esset
878 1670 932 1726 in
959 1672 1139 1742 pueris
1169 1670 1415 1735 canities.
1446 1683 1502 1727 et
1522 1673 1685 1736 vires,
1707 1687 1826 1742 qna:

1920 469 2123 538 potenti
2157 468 2288 533 Deo,
2331 470 2486 541 cujus
2516 480 2647 528 nutu
2676 484 2732 528 et
2755 474 2979 531 arbitrio
3016 477 3193 531 omnia
3237 488 3515 550 reguntur,

1918 570 1974 616 et
1988 563 2072 616 cui
2092 563 2334 618 homines
2354 572 2407 619 et
2430 573 2689 622 creatura:
2710 581 2900 623 omnes
2918 583 3103 637 parere
3121 585 3185 625 ac
3197 573 3399 628 servire
3421 574 3521 629 de-

1919 651 2045 708 bent
2072 652 2338 725 (Cyprian.
2367 655 2437 709 ad
2461 654 2680 711 Demetr.
2715 674 2832 730 pag.
2859 659 3003 732 187).
3035 662 3194 733 Atqui
3246 663 3333 718 ille
3386 680 3521 733 prm-

1872 777 1881 783 -
1921 746 2064 817 cepit
2099 762 2389 818 nmnquam
2439 748 2602 805 falsos
2635 752 2782 817 deos,
2832 752 2926 808 sed
2983 767 3044 809 se
3087 754 3258 825 ipsum
3289 756 3463 810 solum
3492 773 3524 813 a

1873 859 1885 872 -
1922 839 2128 893 cunctis
2155 838 2463 895 hominibus
2487 841 2589 897 coli
2633 851 2689 897 et
2730 842 2962 899 adorari.
3001 843 3133 899 Nam
3164 864 3185 898 ι
3218 862 3369 913 voce,
3399 867 3418 901 ι
3451 848 3528 905 ait

1921 929 2244 1000 Cyprianus,
2269 951 2288 983 ι
2310 931 2487 988 divina
2521 952 2540 986 ι
2569 932 2807 1003 jnsserat
2835 952 2849 990 :
2880 933 3310 994 Dominumtuum
3338 940 3535 997 adora-

1924 1023 2019 1086 bis,
2059 1032 2105 1077 et
2158 1023 2239 1077 illi
2275 1025 2373 1078 soli
2414 1024 2597 1081 servies
2650 1024 2885 1099 (Denter.
2932 1045 3046 1100 cap.
3103 1047 3178 1098 vt,
3240 1030 3351 1104 15).
3409 1034 3528 1089 Alio

1922 1123 2100 1170 autem
2139 1115 2191 1170 in
2218 1114 2355 1171 libro
2391 1116 2507 1173 haec
2537 1118 2755 1176 totidem
2783 1120 2945 1177 verba
2978 1122 3183 1189 retulit,
3213 1133 3268 1179 et
3303 1126 3354 1179 in
3386 1125 3529 1181 Deu-

1928 1208 2226 1262 teronomio
2284 1210 2480 1280 scripta
2532 1226 2651 1268 esse
2707 1213 3251 1287 testatur(Cyprian.
3304 1217 3527 1275 Exhort.

1925 1297 2148 1371 Martyr.
2176 1318 2295 1372 pag.
2331 1302 2457 1369 171,
2503 1313 2558 1358 et
2589 1303 2706 1359 libr.
2756 1321 2814 1360 ιιι
2857 1307 2977 1362 adu.
3020 1305 3220 1375 ludas,
3260 1306 3288 1380 §
3323 1324 3378 1373 ιι,
3409 1326 3530 1380 pag.

1928 1387 2045 1462 65).
2075 1390 2132 1445 ln
2157 1406 2329 1462 graeca
2354 1404 2532 1449 autem
2558 1393 2840 1451 Seniorum
2869 1397 3329 1468 interpretatione,
3358 1406 3536 1472 Κύριον

1925 1491 2007 1539 τὸν
2048 1486 2151 1536 Orba
2187 1508 2272 1539 σου
2309 1490 2583 1559 φαεηθτξσῃ,
2626 1490 2713 1543 καὶ
2742 1491 2870 1559 abre
2908 1497 3030 1560 μόνῳ
3056 1497 3340 1562 ὶειτριΰσεις.
3383 1494 3450 1546 Al
3479 1494 3535 1548 ill

1928 1573 2162 1630 blatthtei
2192 1586 2247 1633 et
2266 1576 2741 1651 LucmEvangelio
2759 1580 3003 1647 habetur,
3021 1600 3374 1654 «ponus-116's“,
3405 1585 3535 1639 ado-

1929 1668 2088 1735 rabis,
2140 1687 2235 1741 pro
2262 1678 2505 1743 φρεηθτεσῃ
2538 1691 2550 1725 :
2583 1672 2795 1728 timebis.
2835 1673 2973 1729 Alibi
2996 1689 3127 1730 vero
3167 1676 3307 1751 Dens
3346 1677 3532 1747 prohi-

225 1764 280 1821 in
321 1765 399 1820 eis
428 1766 608 1836 augeri
640 1764 930 1832 debebant,
964 1776 1231 1837 tamquam
1272 1767 1324 1821 in
1355 1766 1575 1823 senibus
1616 1766 1826 1840 minue-
1854 1771 1902 1832 B
1931 1760 2044 1816 buil
2072 1776 2139 1814 ne
2187 1760 2294 1816 ﬁcti
2340 1763 2407 1817 ab
2451 1761 2759 1817 hominibus
2798 1763 2870 1818 dii
2908 1763 2976 1818 ab
3015 1764 3126 1819 ullo
3167 1781 3416 1837 umquam
3446 1783 3538 1823 eo-

227 1866 433 1913 rentur.
480 1856 679 1912 Verum
732 1858 941 1914 tametsi
993 1858 1108 1915 haec
1150 1860 1327 1915 omnia
1375 1876 1440 1916 ex
1494 1858 1824 1916 naturalibus

225 1951 401 2006 causis
423 1961 538 2005 orta
565 1966 687 2006 esse
716 1950 1116 2008 evidentissima
1148 1953 1485 2023 probaretur,
1515 1969 1621 2008 non
1643 1954 1824 2009 minus

227 2051 404 2098 tamen
447 2052 652 2100 certum
698 2054 780 2099 cst
813 2054 984 2100 tantas
1012 2045 1194 2102 clades
1231 2047 1283 2101 in
1328 2046 1716 2117 improborum,
1751 2046 1823 2101 uti

227 2154 351 2195 mox
377 2139 699 2207 videbimus,
730 2139 1005 2196 hominum
1036 2138 1300 2198 accidisse
1327 2142 1639 2199 vindictam.

298 2232 415 2289 Non
464 2233 749 2305 singularis
797 2249 955 2305 porro
1006 2232 1103 2289 fuit
1149 2234 1403 2307 Cypriani
1458 2235 1527 2292 de
1582 2236 1829 2308 proximo

232 2325 415 2381 mundi
446 2326 552 2382 line
578 2327 870 2393 sententia,
905 2327 999 2382 sed
1029 2328 1129 2397 ipsi
1158 2344 1279 2384 cum
1307 2329 1426 2385 aliis
1449 2329 1675 2385 diversa:
1700 2338 1830 2387 arta—

230 2421 295 2475 tis
325 2418 575 2476 Patribns
618 2420 936 2475 communis.
981 2421 1292 2477 Lactantius
1333 2423 1609 2479 enimvero
1642 2435 1698 2481 et
1738 2424 1829 2480 alii

235 2512 476 2584 plurimi,
523 2522 580 2567 ut
608 2528 706 2568 suo
748 2512 867 2568 loco
907 2513 1333 2578 observavimus,
1382 2530 1695 2585 persuasum
1738 2515 1833 2571 ha-

230 2606 459 2662 buerunt
500 2605 616 2661 l'ore
656 2614 719 2661 ut
745 2615 885 2663 totus
930 2606 1161 2662 mundus
1199 2608 1418 2678 expleto
1455 2608 1524 2663 ab
1565 2609 1683 2679 ejus
1711 2618 1831 2665 ortu

230 2710 330 2752 sex
372 2696 596 2752 millium
625 2712 888 2753 annorum
930 2713 1155 2754 numero
1183 2698 1570 2756 destrueretur.
1601 2700 1703 2755 Alii
1738 2717 1835 2756 au-

233 2798 363 2853 tem,
395 2790 552 2846 sicuti
578 2789 962 2859 Tertullianus,
993 2791 1249 2863 putabant
1269 2793 1515 2850 eamdem
1547 2793 1661 2849 fore
1692 2794 1836 2850 illius

232 2890 395 2953 atque
436 2881 663 2937 Romani
704 2882 920 2954 Imperii
950 2884 1182 2940 ruinam.
1214 2885 1316 2940 Alii
1350 2886 1585 2951 tandem,
1619 2896 1677 2941 ut
1702 2888 1834 2942 Am-

233 2973 448 3030 brosius
469 2983 524 3031 et
545 2973 838 3046 Gregorius
863 2974 1105 3048 Magnus,
1137 2978 1588 3048 quemadmodum
1617 2977 1838 3052 Cypria-

235 3082 338 3124 nus
386 3076 591 3137 noster,
635 3069 999 3141 prmdieabant
1041 3072 1201 3127 toties
1239 3072 1422 3128 tnundi
1469 3073 1628 3128 linem
1659 3072 1835 3127 immi-

1930 1855 2127 1910 lantur.
2172 1856 2297 1911 llaec
2341 1850 2519 1912 autem
2572 1856 2684 1926 ipsa
2728 1866 2855 1911 sunt
2881 1856 2998 1925 ejus
3023 1858 3183 1914 citata
3213 1859 3538 1932 aCypriano

1930 1949 2087 2004 verba
2132 1965 2146 2001 :
2196 1947 2315 2004 Non
2361 1932 2647 2003 ernnt'tibi
2691 1949 2764 2003 dii
2792 1949 2949 2005 alieni
2987 1950 3174 2022 absque
3200 1969 3278 2006 me
3308 1950 3530 2027 (Exod.,

1927 2057 2043 2111 cap.
2086 2040 2178 2106 20,
2225 2042 2303 2112 5).
2356 2040 2555 2097 Eadem
2596 2042 2647 2096 in
2687 2042 2792 2097 alio
2826 2042 2964 2097 libro
3011 2045 3207 2114 repetit
3261 2043 3533 2118 (Cyprian.

1931 2132 2149 2188 Exhort.
2183 2131 2341 2188 Mart.
2383 2132 2557 2204 ibid.),
2580 2149 2699 2205 qua:
2719 2132 2968 2190 Seniores
2994 2151 3165 2207 grmcc
3189 2137 3266 2193 sic
3293 2138 3544 2196 reddide-

1930 2236 2054 2281 runt
2082 2245 2096 2281 :
2129 2230 2230 2282 Οὔκ
2258 2233 2442 2284 ἕσανταί
2468 2253 2542 2282 σοι
2567 2230 2664 2281 Qui
2692 2235 2844 2298 ἕτεροι
2876 2236 2997 2283 xliv
3024 2235 3161 2298 ἐμοῦ.
3192 2229 3379 2285 Latine
3407 2247 3539 2287 vero

1932 2316 1985 2371 in
2015 2315 2242 2388 Vulgata
2275 2333 2290 2373 :
2325 2316 2450 2372 Non
2472 2316 2677 2372 habebis
2701 2319 2821 2374 deos
2850 2319 3043 2374 alienos
3065 2337 3236 2374 coram
3262 2337 3361 2376 me.
3394 2322 3541 2376 Latt—

1932 2408 2090 2465 datus
2113 2425 2329 2481 quoque
2356 2410 2425 2466 ab
2450 2410 2643 2467 eodem
2666 2422 2885 2468 auctore
2916 2426 3100 2470 nostro
3125 2414 3420 2471 Hieremias
3441 2415 3536 2472 Ju-

1933 2501 2066 2557 daeis
2093 2504 2411 2574 ceterisque
2430 2503 2683 2559 omnibus
2709 2506 3120 2562 annuntiaverat
3144 2508 3341 2566 missos
3363 2526 3390 2564 a
3427 2512 3538 2568 Deo

1934 2594 2247 2664 Prophetas,
2292 2597 2381 2666 qui
2422 2596 2542 2652 illos
2568 2598 3094 2657 commonefacerent
3121 2601 3252 2657 iram
3293 2602 3410 2670 ejus
3437 2605 3541 2661 boc

1937 2687 2101 2758 impio
2129 2689 2427 2744 alienorum
2469 2689 2691 2746 deorum
2722 2693 2866 2748 cultu
2899 2696 3200 2764 provocari.
3231 2695 3426 2763 Nolite,
3459 2698 3540 2752 in-

1938 2779 2177 2850 quiehat,
2204 2780 2309 2836 diis
2335 2780 2526 2837 alienis
2551 2784 2777 2850 servire,
2805 2787 3034 2858 illosque
3057 2788 3284 2846 adorare
3313 2807 3324 2841 :
3353 2787 3437 2844 Ne
3462 2790 3546 2844 in-

1937 2876 2100 2931 ciletis
2138 2891 2218 2929 me
2247 2876 2303 2929 in
2346 2876 2582 2944 operibus
2628 2893 2869 2932 manuum
2914 2890 3194 2933 vestrarum
3238 2881 3307 2933 ad
3346 2881 3551 2951 dispar-

1938 2968 2132 3025 dendos
2178 2984 2265 3025 vos
2316 2967 2568 3041 (Hierem.
2603 2987 2748 3036 xxvr,
2805 2971 2883 3043 6).
2928 2971 3174 3029 Totidem
3223 2985 3403 3029 autem
3433 2974 3550 3030 lucc

1939 3063 2101 3119 verba
2160 3063 2268 3119 alio
2332 3066 2385 3119 in
2439 3063 2579 3120 libro
2643 3065 2824 3121 retulit
2864 3064 3132 3139 (Cyprian.
3187 3069 3304 3124 adu.
3369 3067 3544 3125 Judte.

237 3174 387 3227 nere,
421 3161 634 3231 quoties
660 3161 889 3232 publicis
921 3163 1095 3230 lamis,
1135 3166 1321 3233 pestis,
1362 3174 1419 3220 et
1444 3164 1563 3219 aliis
1588 3174 1828 3221 extraor-

1944 3154 2033 3210 lib.
2079 3170 2119 3223 l,
2155 3154 2183 3228 δ
2215 3153 2271 3222 2,
2331 3172 2452 3228 pag.
2504 3156 2607 3223 21;
2649 3156 2799 3211 Idem
2832 3158 2903 3212 ad
2935 3156 3160 3215 Demetr.
3209 3178 3329 3232 pag.
3402 3160 3551 3235 l89);

237 3251 463 3308 dinariis
493 3254 887 3311 calamitatibus
916 3256 1209 3312 vexabatur
1256 3256 1496 3329 (Dissert.
1521 3259 1572 3313 in
1596 3257 1834 3314 Lactant.

237 3359 354 3415 cap.
394 3343 489 3410 29.
544 3355 645 3401 art.
692 3347 759 3412 l;
804 3355 860 3403 et
905 3347 959 3401 in
1006 3345 1219 3402 Tertull.
1259 3363 1389 3419 .cap.
1443 3350 1531 3415 15,
1564 3360 1664 3406 art.
1715 3351 1739 3406 1
1784 3359 1840 3407 et

238 3451 355 3506 cap.
381 3435 476 3503 21,
504 3447 605 3492 art.
634 3439 695 3505 l;
721 3438 954 3495 Ambros.
1012 3439 1127 3495 libr.
1166 3456 1236 3508 x;
1292 3439 1531 3511 Exposit.
1578 3443 1632 3497 in
1682 3441 1839 3511 Luc.,

239 3527 268 3599 ᾗ
318 3528 408 3594 10,
467 3544 587 3601 pag.
639 3529 810 3598 1506;
881 3529 1093 3605 Cregor.
1139 3532 1338 3590 Homil.
1378 3534 1449 3592 35
1487 3535 1542 3591 in
1591 3535 1841 3610 Ecangel.

161 3682 175 3691 _
242 3641 364 3697 pag.
396 3622 579 3696 1612).
616 3626 683 3680 At
709 3640 778 3681 ne
804 3626 857 3680 in
879 3627 1137 3693 animum,
1167 3642 1371 3698 quaeso,
1401 3639 1548 3685 tuum
1585 3629 1744 3687 facile
1764 3631 1848 3686 in-

242 3716 409 3773 ducas
432 3716 481 3771 id
504 3716 694 3773 abillis
718 3716 985 3782 omnibus,
1010 3727 1279 3791 tamquam
1300 3731 1531 3788 certum,
1550 3736 1613 3777 ac
1628 3721 1849 3778 minime

244 3806 463 3864 dubium
488 3809 841 3878 pronuntiari,
868 3808 1010 3880 quod
1031 3810 1131 3866 soli
1157 3809 1271 3868 Deo
1290 3811 1560 3881 cognitum
1586 3826 1707 3869 esse
1726 3828 1848 3869 cer-

246 3901 471 3957 tioribus
499 3900 709 3958 Christi
748 3902 927 3958 verbis
967 3902 1287 3959 didicerant.
1333 3905 1403 3959 At
1438 3905 1559 3969 quia
1599 3904 1852 3960 videbant

140 4000 145 4003 '
246 3996 491 4069 quaedam
548 3996 812 4054 accidisse
857 3996 1212 4068 praenuntiata
1266 3997 1334 4051 ab
1390 3996 1581 4052 eodem
1635 3996 1852 4052 Christo

248 4091 433 4148 mundi
458 4090 687 4147 labentis
712 4091 887 4163 signa,
914 4090 984 4149 de
1014 4090 1097 4146 his
1122 4088 1421 4146 monendos
1446 4104 1565 4146 esse
1590 4089 1850 4145 Christia-

249 4198 349 4240 nos
404 4183 873 4250 existimaverunt,
925 4192 983 4239 ut
1039 4181 1108 4240 de
1158 4181 1524 4239 subsecuturis
1568 4181 1724 4253 plane
1766 4183 1851 4236 in-

251 4276 412 4339 certi,
448 4276 770 4332 sanctiorem
801 4277 964 4331 vitam
996 4275 1281 4342 ducerent,
1310 4288 1410 4330 nec
1446 4274 1549 4330 sibi
1576 4274 1854 4345 promitte-

250 4376 374 4423 rent
392 4366 706 4437 longiorem.
725 4367 800 4422 Ex
819 4368 1047 4439 publicis
1067 4382 1227 4439 porro
1246 4366 1652 4431 calamitatibus,
1668 4381 1855 4437 quem-

252 4456 544 4514 admodum
576 4472 643 4514 cx
679 4473 887 4514 morum
932 4460 1274 4529 corruptione
1316 4459 1492 4514 nullus
1532 4467 1682 4514 certo
1725 4473 1856 4513 con-

1941 3261 2115 3319 grmce
2139 3264 2270 3305 vero
2288 3249 2633 3322 Septuaginta
2663 3269 2676 3308 ε
2702 3243 2847 3315 ὅπως
2868 3268 2939 3323 μὴ
2963 3262 3282 3328 uapor/ign?!
3304 3279 3364 3326 με
3390 3265 3435 3314 ἰν
3457 3272 3556 3321 τοῖς

1944 3356 2097 3420 ἔργοις
2115 3365 2206 3405 τῶν
2226 3365 2395 3420 χειρῶν
2424 3354 2571 3417 ὑμῶν.
2605 3355 2688 3405 τοῦ
2708 3366 2924 3406 κακῶςσιι
2950 3356 3091 3418 ὑμᾶς.
3126 3350 3182 3405 1η
3210 3350 3432 3421 Vulgata
3460 3367 3557 3407 all-

1947 3449 2053 3496 tem
2083 3439 2310 3509 legimus
2345 3457 2359 3494 :
2393 3438 2573 3508 Neque
2598 3456 2677 3495 me
2707 3440 2777 3495 ad
2814 3441 3139 3496 iracundiam
3179 3445 3465 3513 provocetis
3502 3444 3560 3498 in

1949 3530 2187 3602 operibus
2212 3548 2454 3586 manuum
2481 3540 2780 3601 uestrarum,
2818 3544 2875 3587 ut
2910 3550 3010 3588 non
3039 3534 3272 3606 afﬂigant
3299 3551 3407 3590 vos.
3448 3534 3556 3592 Sed

1952 3639 2020 3681 eo
2046 3625 2263 3695 gravius
2286 3635 2403 3681 erat
2429 3625 2706 3696 gentilium
2736 3626 2934 3687 scelus,
2966 3625 3106 3692 quod
3131 3641 3236 3681 non
3264 3628 3435 3683 solum
3461 3628 3559 3682 lal-

1955 3731 2046 3772 sos
2065 3717 2197 3772 deos
2234 3715 2497 3781 colerent,
2534 3731 2598 3772 ac
2624 3731 2808 3771 verum
2850 3725 2904 3771 et
2930 3718 3146 3771 unicum
3178 3717 3345 3773 Deum
3372 3733 3560 3788 asper-

1956 3819 2235 3871 narentur,
2260 3808 2355 3865 sed
2377 3806 2714 3863 Christianos
2735 3809 2895 3864 etiam
2924 3808 3069 3864 illum
3091 3809 3349 3874 colentes,
3368 3819 3557 3867 contra

1957 3901 2157 3965 omnia,
2194 3900 2268 3955 uti
2297 3899 2549 3967 vidimus,
2597 3898 2829 3954 humana
2859 3908 2915 3955 et
2951 3899 3128 3955 divina
3163 3901 3307 3971 jura,
3337 3918 3435 3958 nec
3465 3920 3561 3958 au-

1958 3992 2099 4049 ditos
2138 4006 2415 4063 umquam,
2466 4008 2568 4049 nec
2606 3991 2859 4049 defensos
2888 3992 3327 4060 condemnarent,
3355 4011 3419 4051 ac
3445 3997 3564 4068 qui.

1960 4083 2191 4141 huslibet
2230 4094 2487 4141 necarent
2527 4086 2825 4156 suppliciis.
2855 4086 2985 4143 lure
3015 4087 3176 4159 igitur
3202 4089 3393 4144 merito
3424 4090 3563 4147 Deus

1963 4186 2107 4232 tanta
2135 4176 2349 4233 illorum
2383 4177 2661 4248 iniquitate
2683 4188 2739 4235 et
2766 4179 3037 4250 impietate
3066 4175 3323 4244 offensus.
3358 4180 3473 4236 bare
3507 4191 3565 4238 et

1961 4272 2062 4327 alia
2085 4271 2235 4341 plura
2263 4273 2500 4342 ipsorum
2525 4272 2749 4330 crimina
2779 4268 3002 4343 publicis
3027 4273 3420 4329 calamitatibus
3446 4275 3564 4329 vino

1963 4363 2180 4420 dicavit.

2036 4459 2234 4516 Verum
2259 4458 2537 4516 enimvero
2581 4465 2779 4529 praeter
2821 4467 3105 4529 utramque
3148 4459 3290 4514 illam
3341 4459 3563 4516 idolola-

252 4552 421 4610 licere
460 4568 712 4624 umquam
754 4553 927 4625 potuit
954 4554 1253 4623 proximum
1298 4568 1420 4610 esse
1459 4551 1641 4608 mundi
1673 4552 1855 4607 linem.
1882 4551 1937 4611 D
1967 4553 2104 4619 tria',
2129 4567 2193 4608 ac
2221 4568 2443 4608 summm
2465 4552 2740 4622 iniustitire
2766 4552 3102 4608 atrocitatem
3133 4575 3145 4609 :
3177 4571 3195 4605 ι
3229 4552 3562 4619 lnnocentia,

255 4644 328 4700 At
357 4659 518 4701 nemo
543 4660 778 4716 quoque,
816 4645 889 4700 uti
929 4653 1197 4715 putamus,
1236 4661 1431 4716 negare
1464 4645 1854 4727 potest'rectis-

259 4736 398 4793 sime
420 4752 452 4792 ιι
471 4737 740 4809 Cypriane
769 4746 957 4794 nostro
987 4737 1234 4793 concludi
1261 4738 1500 4808 publicas
1526 4737 1858 4793 calamitates

258 4839 558 4887 commotas
593 4830 761 4887 fuisse
804 4830 1136 4902 gravissimis
1173 4830 1448 4901 gentilium
1480 4829 1711 4900 ﬂagitiis,
1743 4843 1860 4883 scc-

260 4922 487 4992 leribus,
530 4924 1005 4997 superstitionibus
1034 4925 1233 4995 impiis,
1263 4940 1328 4981 ac
1352 4925 1622 4980 communi
1651 4939 1860 4978 mormn

1959 4645 2031 4699 ait
2059 4653 2249 4700 auctor
2272 4652 2475 4707 noster,
2504 4642 2838 4698 deiereratin
2864 4642 2999 4705 loro,
3021 4642 3224 4712 justitia
3255 4645 3306 4699 in
3338 4645 3564 4715 judicio,

1961 4738 2013 4792 in
2041 4737 2285 4792 amicitiis
2297 4735 2604 4800 concordia,
2625 4735 2677 4789 in
2701 4734 2939 4790 moribus
2956 4734 3235 4805 disciplina
3259 4735 3419 4809 (Ibid.
3438 4754 3563 4810 pag.

1964 4826 2112 4895 186).
2150 4847 2169 4879 ι
2205 4827 2382 4897 Longe
2413 4839 2540 4881 vero
2566 4825 2737 4881 fusius
2762 4826 2879 4881 lucc
2915 4828 3254 4899 prosequitur
3282 4828 3333 4883 in
3365 4843 3463 4883 suo
3496 4829 3566 4883 ad

1966 4917 2224 4974 Donatum
2241 4918 2396 4983 libro,
2413 4916 2501 4974 ubi
2518 4918 2752 4973 rationes
2763 4917 3044 4973 redditeur
3062 4919 3368 4990 ipse,misso
3383 4920 3541 4977 nefan
3556 4951 3570 4965 -

261 5017 585 5088 corruptela.
659 5018 938 5087 Quomodo
1005 5026 1185 5074 autem
1248 5017 1539 5073 secundum
1596 5016 1723 5071 hinc
1775 5014 1867 5070 ille
1968 5011 2053 5066 dis
2088 5010 2424 5066 ethnicorum
2467 5009 2935 5080 superstitionibus
2964 5012 3175 5078 nuntio,
3220 5010 3566 5068 christianam

266 5118 423 5168 cruat
456 5119 856 5183 argumentum,
878 5110 1014 5182 jam,
1045 5111 1089 5165 si
1119 5109 1311 5182 placet,
1341 5108 1724 5181 expendamus.

872 5216 1162 5259 Αιιτιουιιιε
1207 5217 1262 5256 11.

272 5291 441 5364 Quam
483 5296 768 5353 luculenter
804 5294 1093 5368 Cyprianus
1130 5293 1433 5348 demonstret
1461 5293 1688 5363 publicas
1725 5289 1869 5344 cala-

341 5392 540 5447 mitates
582 5407 686 5447 non
725 5391 841 5445 ideo
887 5388 1168 5453 accidisse,
1211 5387 1331 5458 quia
1370 5385 1647 5441 Christiani
1701 5399 1873 5438 verum

344 5485 515 5541 Deum
540 5482 933 5549 venerabantur,
962 5481 1050 5536 sed
1075 5479 1198 5553 quia
1232 5478 1417 5534 ethnici
1444 5477 1604 5547 falsos
1642 5475 1874 5530 colebant

349 5578 502 5646 deos,
529 5587 577 5633 et
605 5579 828 5632 aliorum
857 5574 1274 5647 grauissimorum
1309 5570 1581 5625 criminum
1613 5569 1686 5624 rei
1714 5574 1875 5633 erant,

347 5669 436 5725 ubi
464 5670 528 5725 de
554 5684 811 5726 seruorum
838 5666 1019 5739 poenis.

353 5765 578 5825 Constat
625 5780 759 5824 sane
794 5762 1054 5820 mundum
1100 5776 1207 5816 non
1236 5775 1265 5814 a
1297 5743 1355 5814 se
1390 5759 1527 5827 ipso,
1555 5765 1615 5812 ut
1642 5755 1767 5813 alibi
1792 5754 1886 5813 de-

725 5859 1016 5923 PATIOL.
1062 5854 1167 5917 ιν.
1216 5851 1277 5914 S.
1324 5850 1628 5913 Cyrnum.

1976 5102 2288 5173 religionem
2317 5101 2651 5172 amplexatus
2680 5100 2837 5157 fuerit
2870 5118 2883 5154 :
2932 5120 2951 5154 ι
2984 5100 3191 5167 lncisae,
3237 5103 3427 5174 inquit,
3465 5104 3573 5159 sint

1976 5195 2102 5250 licet
2127 5194 2274 5265 leges
2303 5192 2585 5250 duodecim
2618 5193 2831 5260 tabulis,
2865 5202 2921 5248 et
2965 5194 3172 5264 publice
3201 5210 3311 5251 tere
3349 5196 3571 5265 praeﬁxo

1973 5288 2095 5358 jura
2126 5285 2437 5356 praescripta
2461 5286 2589 5351 sint,
2618 5286 2756 5341 inter
2778 5285 2926 5355 leges
2951 5285 3095 5357 ipsas
3119 5285 3463 5359 delinquitur,
3493 5289 3572 5344 iu-

1978 5390 2061 5436 ter
2087 5379 2206 5451 jura
2228 5389 2498 5450 peccatur.
2529 5377 2837 5433 lnnocentia
2860 5391 2962 5433 nec
2986 5378 3113 5442 illic,
3137 5378 3226 5433 ubi
3246 5378 3573 5446 defenditur,

1979 5479 2304 5528 reservatur.
2345 5469 2511 5525 Saevit
2555 5469 2779 5525 invicem
2821 5468 3240 5525 discordantium
3279 5471 3476 5551 rabies.
3522 5480 3577 5528 et

1984 5566 2124 5622 inter
2169 5573 2338 5636 togas,
2391 5576 2520 5633 pace
2567 5568 2742 5632 rupta,
2785 5560 2956 5616 lorum
3000 5560 3181 5616 litibus
3228 5562 3398 5632 mugit
3440 5563 3581 5619 insav

1985 5673 2231 5715 num.....
2273 5654 2527 5726 Flagrant
2571 5652 2766 5723 ubique
2807 5651 3023 5721 delicta,
3064 5662 3119 5709 et
3159 5653 3358 5725 passim
3402 5655 3581 5709 multi-

1989 5751 2144 5809 formi
2172 5764 2369 5822 genere
2404 5745 2683 5819 peccandi,
2721 5760 2818 5818 per
2846 5745 3115 5816 improbas
3142 5754 3351 5803 mentes
3380 5760 3580 5806 nocens

2974 5836 3054 5905 32
