4190 6266
635 285 776 342 1005

1915 271 1982 327 ΙΝ
2023 271 2083 327 D.
2122 266 2436 326 CYPBIANI
2475 267 2701 325 OPERA

3839 266 3972 324 ιωι

633 405 784 459 virus
804 406 1193 472 operatur......
1214 396 1349 452 Esse
1365 394 1473 465 jam
1497 394 1636 466 inter
1653 397 1909 448 nocentes
1930 389 2228 451 innoxium,
2259 388 2310 446 Λ
2336 387 2516 457 exigit.
2567 386 2940 440 Relnctantem
2992 383 3168 454 itaque
3209 395 3311 439 nec
3349 379 3709 438 obedientem
3741 382 3976 450 Quando

636 497 841 553 crimen
884 502 986 548 est.
1037 489 1201 544 Malos
1249 488 1491 559 quisquis
1533 503 1638 543 non
1687 487 1942 548 imitatur,
1989 483 2228 538 oli‘endit.

638 591 971 642 (lonsensere
997 583 1118 653 jura
1151 582 1405 651 peccatis,
1429 590 1483 636 et
1507 580 1668 650 capit
1691 579 1892 634 licitum
1919 592 2063 640 esse,
2091 574 2234 646 quod

633 679 908 749 publicum
925 683 1005 730 est
1022 672 1290 746 (Cyprian.
1315 673 1382 726 ad
1396 671 1586 727 Donat.
1607 689 1725 743 pag.
1761 673 1790 725 7
1819 681 1864 725 et
1889 670 2049 741 seqq.)
2082 689 2099 721 ι
2120 669 2237 722 (Σαξ-

637 783 751 827 tera
789 786 938 832 vero,
983 785 1101 840 qua:
1130 768 1217 822 hic
1242 768 1600 822 transcribere
1630 767 1838 836 longius
1877 765 2031 830 foret,
2067 764 2138 818 ibi
2172 764 2238 818 le-

637 880 765 937 gere
793 863 1012 934 poteris.
1035 861 1202 928 Quam
1234 871 1412 916 autem
1441 861 1552 915 hac
1577 876 1697 916 vera
1717 861 1841 923 sint,
1871 859 1914 914 si
1941 859 2058 930 quis
2083 857 2240 913 dubi—

637 967 754 1014 tare
777 956 964 1028 possit,
993 969 1061 1010 ex
1085 955 1151 1008 iis
1179 954 1376 1008 certior
1402 953 1574 1007 adhuc
1603 952 1713 1019 fiet,
1743 967 1861 1022 qua:
1888 952 1940 1005 in
1962 949 2242 1021 superiori-

637 1049 740 1104 bus
767 1047 964 1102 nostris
987 1045 1450 1101 dissertationibus
1472 1044 1537 1100 de
1560 1044 1979 1114 corruptissiinis
2006 1043 2241 1098 ethnicoa

638 1156 760 1196 rum
782 1139 1024 1194 moribus
1040 1138 1236 1208 saepius
1261 1137 1564 1203 observata,
1592 1152 1656 1192 ac
1687 1136 1842 1208 paulo
1869 1146 1988 1207 post
2015 1134 2240 1191 dicenda

639 1241 784 1288 sunt.

716 1323 942 1379 Ethnici
974 1323 1172 1392 itaque,
1201 1336 1322 1378 cum
1355 1331 1431 1378 tot
1461 1321 1727 1391 tantisque
1765 1319 2082 1376 criminibus
2110 1319 2247 1375 divi-

642 1433 740 1474 nas
766 1425 820 1472 et
851 1414 1112 1472 humanas
1154 1416 1302 1486 leges
1343 1417 1476 1470 mira
1509 1417 1668 1486 plane
1693 1414 1916 1470 audacia
1947 1425 2001 1470 et
2029 1415 2246 1468 temeri-

643 1517 752 1566 tate
797 1517 1122 1574 everterent,
1170 1509 1428 1578 conqueri
1472 1524 1603 1564 sane
1646 1524 1752 1563 non
1797 1517 2060 1578 poterant,
2103 1509 2246 1578 quod

641 1601 785 1658 Deus
815 1603 960 1673 ipsos
985 1600 1211 1672 publicis
1239 1601 1482 1657 cladibus
1509 1602 1867 1672 castigaverit.
1900 1601 2005 1657 Sed
2036 1615 2130 1656 eos
2168 1602 2249 1654 in-

640 1713 802 1768 super
829 1695 1127 1768 Cyprianus
1153 1695 1308 1750 obvia
1339 1695 1590 1750 omnibus
1621 1695 1819 1749 domini
1853 1704 1906 1750 et
1933 1695 2070 1748 servi
2100 1709 2248 1749 C02“-

2337 480 2578 549 corripit,
2626 481 2671 534 is
2712 480 2824 549 ipse
2863 493 3052 533 servus
3084 493 3360 547 poenarum
3393 491 3617 532 suarum
3659 488 3844 530 causa
3875 485 3969 528 est.

2337 574 2548 640 Quanto
2576 575 2732 643 igitur
2753 573 2920 643 magis
2948 573 3192 628 scelerati
3219 571 3464 626 homines
3497 571 3871 641 publicarum
3901 588 3973 623 ra-

2339 667 2634 721 lamitatum
2683 681 2857 730 causa,
2883 674 3028 730 sunt,
3060 665 3147 734 qui
3194 665 3380 720 relicto
3419 679 3549 719 vero
3590 664 3737 727 Deo,
3792 678 3972 717 rerum

2341 758 2578 811 omnium
2607 757 2826 812 domino
2845 765 2900 812 et
2925 757 3287 822 moderatore,
3310 771 3372 810 ac
3397 757 3593 827 spretis
3628 765 3691 810 et
3727 755 3972 810 labefac-

2343 850 2467 904 tatis
2514 851 2762 905 omnibus
2805 851 2921 920 ejus
2965 851 3190 920 legibus,
3225 849 3386 905 falsos
3416 849 3545 904 deos
3574 849 3806 912 colunt,
3845 859 3902 902 et
3932 849 3972 901 ia

2344 943 2490 997 omni
2535 943 2796 997 scelerum
2835 957 3031 1012 genere
3052 942 3389 996 volutantur!
3414 940 3482 996 At
3510 940 3563 994 hi
3589 957 3709 994 non
3747 941 3974 1009 quidem

2343 1036 2654 1103 Christiani,
2672 1034 2766 1091 sed
2790 1035 3030 1091 Gentiles
3049 1045 3224 1099 erant,
3253 1051 3478 1106 quorum
3503 1035 3718 1090 idcirco
3745 1035 3978 1104 iniquis-

2345 1130 2480 1184 sima
2509 1137 2624 1183 erat
2652 1127 2719 1182 de
2759 1128 2988 1198 publicis
3022 1127 3261 1183 cladibus
3297 1127 3636 1197 conquestio.
3682 1127 3977 1196 Quaprop-

2349 1231 2429 1276 ter
2479 1229 2624 1276 recte
2665 1219 2966 1290 Cyprianus
3012 1220 3129 1274 illos
3180 1220 3258 1274 sic
3300 1228 3453 1289 urget
3495 1236 3511 1273 :
3551 1238 3570 1269 ‹
3623 1218 3745 1273 Nec
3777 1217 3976 1272 ditatis

2349 1315 2485 1370 mala
2518 1313 2785 1378 accidere,
2817 1313 2939 1384 quia
2971 1312 3043 1367 dii
3068 1313 3231 1368 vestri
3268 1327 3296 1366 a
3325 1312 3476 1366 nobis
3515 1327 3624 1366 non
3660 1312 3974 1365 coluntur:

2350 1409 2443 1464 sed
2493 1408 2674 1462 sciatis
2724 1407 2817 1479 (ita
2867 1406 2920 1460 in
2970 1406 3341 1476 antiquissimo
3385 1404 3570 1461 codice
3615 1405 3974 1473 Colbertino)

2354 1501 2491 1556 hanc
2519 1502 2651 1555 iram
2691 1500 2783 1555 Dei
2812 1514 2932 1555 esse
2959 1513 3264 1562 censuram,
3298 1508 3353 1550 ut
3390 1497 3484 1566 qui
3522 1495 3822 1552 beneﬁciis
3877 1513 3971 1548 iam

2354 1592 2683 1663 intelligitur,
2700 1591 2783 1646 vel
2802 1591 2966 1661 plagis
2983 1589 3336 1660 intelligatur»
3356 1587 3626 1661 (Cyprian.
3645 1588 3723 1640 ad
3739 1585 3970 1640 Demea.

2357 1705 2474 1758 pag.
2511 1685 2659 1758 194).
2692 1686 2796 1742 Sed
2830 1685 2944 1740 lucc
2973 1684 3140 1754 magis
3177 1683 3353 1738 adhuc
3389 1682 3535 1737 clara
3573 1692 3629 1738 et
3674 1683 3967 1752 perSpieaa

642 1789 922 1859 paratione
952 1788 1106 1857 plane
1133 1787 1376 1841 revincit.
1405 1786 1460 1840 Si
1491 1787 1582 1840 tibi
1617 1787 1687 1839 sit
1713 1801 1899 1840 servus
1935 1797 2244 1850 contumax,
2278 1780 2326 1840 B
2357 1783 2484 1836 lient
2504 1798 2570 1836 ex
2601 1782 2683 1844 iis,
2708 1794 2825 1850 qum
2849 1779 2936 1834 ille
2958 1778 3026 1834 de
3044 1778 3266 1849 singulis
3290 1775 3528 1832 cladibus
3551 1775 3715 1843 dixit,
3748 1785 3804 1832 et
3834 1793 3966 1830 nuo:

643 1894 949 1956 protervus,
973 1882 1226 1948 inﬁdelis,
1255 1890 1310 1937 et
1329 1883 1419 1948 qui
1441 1881 1607 1950 jussis
1633 1881 1736 1935 tuis
1758 1897 1862 1936 non
1888 1881 2245 1951 obtemperet,

646 1991 826 2034 nonne
855 1977 1002 2032 illum
1043 1975 1341 2046 «ﬂagellas,
1384 1994 1401 2026 ι
1449 1975 1522 2029 ait
1542 1975 1861 2046 Cyprianus,
1915 1994 1933 2027 ι
1969 1977 2245 2043 verberas,

649 2068 814 2133 fame,
841 2066 1222 2134 siti,nuditate,
1253 2067 1392 2121 ferro
1422 2065 1727 2136 frequenter
1744 2077 2026 2123 etcarcere
2055 2067 2247 2138 alﬂigis

645 2169 700 2215 et
722 2159 928 2215 crucias
954 2156 1116 2231 (Ibid.
1139 2158 1207 2212 ad
1229 2157 1456 2212 Demetr.
1486 2175 1604 2229 pag.
1630 2157 1798 2230 188)?
1831 2177 1850 2209 ι
1875 2159 1946 2214 At
1972 2160 2245 2230 numquid,

645 2253 848 2324 inquiet
864 2252 1079 2323 aliquis,
1098 2251 1174 2306 Ias
1187 2251 1417 2305 dominis
1436 2249 1536 2304 fuit
1550 2262 1653 2304 tam
1676 2251 2058 2320 multiplicibus
2079 2253 2248 2320 poenis

641 2361 829 2402 servos
845 2361 972 2400 suos
991 2343 1278 2414 castigare?
1306 2343 1477 2397 Etiam
1502 2343 1789 2412 inquimus,
1805 2352 1857 2397 et
1874 2342 1992 2398 aliis
2010 2344 2249 2414 pluribus

643 2455 776 2510 quas
809 2439 1028 2495 Plautus
1058 2437 1143 2493 his
1180 2437 1427 2492 versibus
1457 2437 1722 2506 expressit
1752 2453 1765 2489 :

643 2530 875 2579 Perﬁdae
899 2529 1090 2590 laudes,
1114 2530 1397 2591 gratiasque
1421 2528 1662 2591 habemus
1683 2528 1865 2577 merito
1883 2541 2102 2591 magnas,

645 2591 762 2641 Cum
789 2594 967 2654 nostris
988 2590 1506 2654 sycophantiigdolis,
1531 2591 1842 2654 astutiisque,

640 2653 957 2715 Scapularum
981 2650 1290 2710 conﬁdentia,
1318 2650 1498 2702 virtute
1522 2650 1760 2701 ulmorum
1796 2650 1883 2716 (al.
1909 2655 2248 2713 humerorum)

2139 2717 2249 2765 l‘reti

647 2777 741 2842 Qui
763 2776 1024 2826 adversum
1047 2774 1284 2834 stimulos,
1305 2775 1521 2834 laminas,
1541 2791 1832 2842 crucesque,
1859 2717 2244 2842 cor‘upedesiljiibet,l

643 2840 855 2904 ﬁer-vos,
881 2846 1096 2898 catenas,
1122 2850 1368 2904 carceres,
1395 2839 1654 2898 numellas,
1681 2837 1894 2904 pedicas,
1927 2837 2064 2889 buias

646 2901 1030 2963 Indoctoresque
1055 2901 1339 2960 acerrimos,
1361 2913 1639 2963 gnarosque
1663 2901 1815 2951 nostri
1838 2905 1965 2964 tergi
1986 2941 1997 2958 .

647 2966 740 3025 Qui
763 2977 896 3027 saepe
915 2971 1029 3012 ante
1056 2964 1105 3011 in
1127 2971 1320 3012 nostras
1341 2966 1562 3026 scapulas
1585 2966 1842 3015 cicatrices
1865 2965 2167 3015 indiderunt.

648 3069 754 3124 Sed
783 3070 916 3123 alius
951 3069 1213 3140 quispiam
1239 3084 1268 3122 a
1298 3069 1449 3124 nobis
1478 3070 1769 3141 postulabit
1794 3087 1891 3126 cur
1919 3071 1990 3126 ibi
2027 3073 2250 3144 Cypria-

2354 1871 2684 1945 explananda
2715 1880 2859 1926 sunt.

2944 2018 3234 2060 Αιιτιςυιυε
3272 2019 3349 2058 111.

2357 2124 2622 2193 Quomodo
2651 2123 2939 2194 Cyprianus
2979 2123 3263 2192 probaverit
3293 2121 3586 2188 neutiquam
3616 2119 3962 2186 Christianos,

2623 2217 2710 2270 sed
2749 2215 2971 2269 Gentiles
2998 2215 3242 2269 bellorum
3262 2215 3420 2285 fuisse
3443 2229 3676 2268 causam.

2425 2332 2608 2401 Magna
2635 2329 2848 2402 quidem
2875 2339 2989 2383 erat
3012 2327 3346 2384 ethnicorum
3372 2328 3440 2383 de
3463 2327 3614 2383 bellis
3643 2329 3965 2399 expostula-

2356 2425 2448 2488 tio,
2479 2427 2596 2479 sive
2628 2434 2685 2478 ut
2713 2423 2962 2494 Cypriani
2992 2421 3170 2477 verbis
3209 2431 3420 2476 utamur
3447 2439 3461 2475 :
3496 2420 3711 2475 Hostem
3741 2424 3968 2492 quereris

2354 2535 2623 2589 exsurgere
2650 2516 2916 2588 (Cyprum.
2956 2517 3022 2569 ad
3053 2516 3275 2571 Demetr.
3305 2533 3424 2588 pag.
3458 2515 3605 2586 I89),
3635 2518 3726 2586 qui
3753 2515 3956 2570 Ruina-

2356 2626 2483 2666 num
2516 2611 2794 2679 imperium
2827 2609 3086 2674 vastabat,
3135 2615 3190 2663 et
3227 2607 3673 2678 depopulabatur.
3706 2610 3775 2661 At
3814 2619 3967 2663 certe

2356 2701 2408 2756 id
2449 2701 2670 2756 minimc
2710 2699 2925 2770 quidem
2967 2699 3307 2754 trilmendutn
3342 2709 3455 2754 erat
3483 2699 3820 2765 Christianis,
3869 2698 3969 2754 sed

2357 2795 2439 2848 bis
2477 2793 2717 2864 ipsismet
2755 2792 3039 2862 gentilibus
3082 2809 3094 2844 :
3129 2792 3321 2858 Quibus
3359 2792 3504 2862 quasi
3533 2792 3620 2845 etsi
3660 2791 3840 2855 hostis,
3891 2793 3973 2845 ait

2355 2889 2530 2943 adhuc
2574 2899 2758 2943 auctor
2787 2898 2988 2954 noster,
3027 2888 3176 2951 desit,
3217 2902 3325 2940 esse
3352 2902 3456 2956 pax
3483 2886 3601 2940 inter
3636 2885 3774 2954 ipsas
3805 2895 3971 2954 (agas

2355 2982 2513 3052 possit
2544 2979 2750 3051 (Ibid.).
2803 2981 3066 3050 Togarum
3097 2989 3273 3034 autem
3308 2979 3526 3034 nomine
3547 2989 3730 3033 omnes
3754 2975 3967 3034 Roma-

2357 3089 2454 3128 nos
2484 3073 2845 3144 magistratus;
2880 3072 3135 3141 praesides
3173 3081 3225 3126 et
3249 3072 3459 3141 jndices
3486 3080 3689 3142 togatos
3713 3087 3966 3141 compre-

651 3178 752 3216 nus
779 3161 1045 3215 addiderit
1076 3165 1232 3230 ferro.
1267 3159 1552 3231 Numquid,
1595 3163 1814 3230 inquiet,
1838 3164 2040 3218 domini
2068 3180 2255 3221 servos
2280 3169 2326 3232 C
2360 3167 2568 3222 hendit.
2617 3167 2733 3222 iam
2781 3167 2923 3222 enim
2969 3164 3200 3220 vidimus
3238 3174 3439 3235 quanta
3480 3165 3620 3219 inter
3657 3179 3749 3220 eos
3780 3173 3963 3219 essent

643 3268 773 3308 suos
801 3251 1048 3306 occidere
1080 3253 1295 3320 impune
1324 3253 1602 3322 poterant?
1651 3255 2079 3326 Respondemus,
2119 3260 2256 3313 anti-

647 3345 910 3414 quissimo
959 3343 1082 3412 jure
1123 3343 1368 3396 Romano
1414 3345 1644 3399 dominis
1696 3362 1887 3403 revera
1936 3365 2252 3408 concessam

652 3434 820 3488 fuisse
853 3433 904 3486 in
932 3447 1119 3487 servos
1158 3433 1280 3487 vitae
1310 3443 1364 3487 et
1405 3436 1551 3490 necis
1593 3446 1934 3505 potestatem.
1965 3440 2154 3498 Postea
2187 3437 2281 3500 ta?

649 3542 777 3582 nien
805 3525 1072 3580 Adrianus
1107 3525 1418 3595 imperator,
1451 3537 1586 3584 teSte
1621 3529 1924 3600 Spartiano,
1951 3523 2055 3588 non
2082 3523 2254 3594 solum

647 3619 819 3674 vetuit
866 3634 934 3672 ne
985 3617 1123 3672 servi
1169 3635 1198 3673 a
1247 3618 1479 3674 dominis
1522 3622 1915 3688 occiderentur,
1962 3627 2058 3682 sed
2096 3629 2258 3698 jussit

649 3713 810 3766 etiam
838 3726 866 3764 a
893 3709 1162 3780 judicibus
1193 3710 1439 3768 dominos
1466 3714 1835 3783 condemnari,
1868 3719 1957 3788 qui
1989 3719 2042 3774 in
2071 3736 2257 3776 servos

650 3819 779 3858 suos
819 3804 1063 3858 acerbius
1107 3804 1551 3863 animadvertisse
1596 3810 2044 3868 convincerentur
2067 3813 2257 3886 (Spar-

649 3900 817 3953 tianus
849 3899 900 3951 in
940 3899 1053 3954 Vita
1083 3903 1328 3968 Adriani,
1363 3913 1476 3972 post
1526 3907 1660 3960 nied.
1697 3906 1823 3963 Cod.
1885 3909 2134 3968 Theodos.
2163 3913 2253 3969 lib.

649 4005 726 4052 1x,
755 3990 832 4042 tit.
866 3991 952 4055 11,
987 3992 1048 4045 de
1088 3991 1307 4054 Emend.
1337 4013 1467 4050 serv.
1502 3997 1626 4069 Leg.
1662 4002 1689 4057 I
1719 4012 1765 4055 et
1795 4002 1850 4069 2,
1885 4022 2002 4076 pag.
2038 4005 2150 4078 79).
2197 4006 2255 4062 In

653 4079 805 4133 libris
831 4095 958 4135 vero
984 4081 1381 4142 Institutionum
1413 4088 1471 4142 Iit
1495 4091 1697 4146 mentio
1722 4093 1859 4149 data:
1886 4097 1954 4150 ab
1982 4098 2254 4155 Antonino

651 4171 805 4242 legis,
839 4187 942 4242 qua
978 4191 996 4223 ι
1035 4173 1126 4242 qui
1158 4175 1275 4230 sine
1317 4192 1477 4233 causa
1522 4195 1734 4237 servum
1774 4200 1927 4241 suum
1973 4191 2249 4258 occiderit,

653 4281 761 4320 non
809 4267 985 4320 minus
1029 4267 1204 4336 puniri
1243 4267 1482 4338 jubetur,
1519 4288 1677 4342 quam
1705 4276 1748 4330 si
1779 4278 2012 4336 alienum
2039 4299 2252 4339 servum

652 4356 934 4413 occiderit.
982 4356 1087 4413 Sed
1133 4368 1187 4414 et
1226 4360 1398 4430 major
1435 4366 1697 4433 asperitas
1733 4367 2070 4428 dominorum
2114 4377 2260 4446 ejus-

653 4449 777 4504 dem
821 4450 1077 4520 principis
1117 4452 1498 4508 constitutione
1522 4467 1802 4514 coercetur
1825 4478 1843 4512 ι
1880 4461 2132 4530 (Instilut.
2165 4468 2254 4523 lib.

2360 3260 2598 3326 dissidia,
2623 3271 2676 3314 et
2701 3256 3086 3321 dissensiones,
3119 3266 3314 3325 quanta
3338 3258 3579 3320 avaritia,-
3608 3265 3662 3312 et
3691 3255 3960 3325 injustitia:

2359 3353 2602 3415 crimina,
2650 3349 2841 3420 quibus
2873 3348 3116 3404 homines
3141 3347 3412 3404 crudelius
3448 3363 3611 3418 quam
3643 3347 3775 3402 bello
3809 3361 3960 3416 scopo

2359 3445 2558 3514 smpius
2588 3443 2935 3498 vexabantur.

2437 3535 2550 3589 llnc
2574 3534 2800 3599 accedit,
2834 3533 2978 3604 quod
3013 3551 3026 3586 :
3062 3552 3079 3584 ι
3117 3533 3226 3588 Etsi
3256 3541 3496 3587 extrema
3533 3551 3553 3584 ι
3588 3530 3963 3605 (antiquissimi

2289 3678 2305 3694 ,
2361 3630 2527 3685 ItOSII'i
2559 3629 2755 3698 aliique
2789 3628 3158 3696 manuscripti,
3198 3635 3252 3681 et
3293 3626 3418 3680 editi
3457 3626 3698 3691 codices,
3740 3631 3963 3694 acterna)

2368 3739 2387 3774 ι
2425 3723 2492 3775 de
2531 3721 2772 3775 barbaris
2810 3735 2960 3775 arma
2998 3730 3053 3774 et
3095 3719 3324 3788 pericula
3347 3718 3794 3788 comprimantur,
3827 3735 3848 3770 ι
3881 3717 3961 3771 in-

2365 3825 2512 3870 terna
2565 3823 2742 3870 tamen
2786 3823 2840 3869 et
2884 3814 3176 3868 domestica
3214 3811 3348 3868 bella
3380 3815 3615 3867 atrocius
3642 3814 3966 3885 gerebantur

2369 3928 2386 3958 I
2427 3906 2710 3960 calumniis
2738 3915 2792 3960 et
2819 3906 3048 3975 injuriis,
3093 3923 3111 3958 ι
3145 3904 3336 3974 quibus
3367 3903 3420 3958 in
3456 3905 3680 3959 aliorum
3709 3905 3852 3958 bona
3878 3907 3963 3957 in-

2363 4002 2648 4057 vadebant.
2701 4001 2887 4056 Nonne
2936 4003 3080 4056 enim
3130 4001 3306 4054 minus
3357 3999 3655 4069 reipublicae
3694 3997 3963 4052 damnum

2363 4095 2522 4153 bellis
2567 4095 2917 4158 inferebatur,
2948 4109 3108 4164 quam
3138 4107 3260 4148 cum
3292 4111 3311 4145 ι
3344 4109 3374 4145 a
3401 4099 3628 4154 nocente,
3678 4106 3698 4139 ›
3742 4088 3820 4142 uti
3861 4089 3960 4144 ille

2361 4191 2455 4252 ait,
2493 4209 2511 4240 ‹
2545 4189 2747 4244 crimen
2792 4188 3106 4252 admittitur,
3149 4201 3249 4241 nec
3291 4189 3558 4248 innocens,
3589 4181 3681 4254 qui
3713 4181 3961 4237 vindicet

2365 4281 2656 4348 invenitur,
2681 4281 2748 4336 de
2775 4287 3088 4336 accusatore
3109 4278 3196 4332 vel
3218 4277 3400 4348 judice
3421 4285 3592 4332 metus
3618 4274 3828 4329 nullos!
3857 4270 3962 4327 Im-

2363 4377 2660 4445 ptmitatem
2689 4380 3093 4444 consequuntur
3120 4371 3281 4435 mali;
3323 4370 3452 4426 dum
3496 4368 3719 4424 modesti
3761 4373 3958 4435 tacent,

2366 4468 2554 4521 timent
2579 4465 2798 4528 conscii,
2831 4471 3064 4518 veneunt
3087 4461 3376 4531 judicaturi
3402 4459 3564 4531 (Ibid.
3609 4469 3725 4530 pag.
3759 4457 3900 4527 l90).
3935 4477 3955 4509 ι

651 4555 691 4604 1,
725 4541 811 4633 ιὶι.Δ
831 4539 896 4606 8;
925 4542 988 4596 de
1013 4543 1090 4595 his
1109 4544 1195 4612 qui
1222 4543 1344 4614 sui).
1376 4545 1599 4602 Demuni
1630 4549 2013 4633 Constantinus
2037 4558 2258 4630 Magnus
2282 4563 2338 4624 Β
2362 4558 2468 4614 Sed
2489 4558 2554 4612 de
2585 4557 2666 4611 his
2688 4557 2905 4611 uberius
2925 4557 2990 4609 ad
3023 4558 3281 4610 Donatum
3302 4553 3417 4609 hare
3446 4553 3664 4622 scripsit
3685 4553 3738 4606 in
3761 4551 3918 4605 verba
3947 4571 3961 4607 :

654 4634 760 4688 hoc
784 4631 1126 4688 dominorum
1147 4636 1234 4704 jus
1263 4636 1314 4690 in
1346 4652 1533 4694 servos
1559 4639 1755 4712 duplici
1786 4645 1900 4715 lege
1931 4631 2087 4716 plane
2117 4653 2257 4720 peni-

656 4734 848 4796 Iusque
879 4726 1117 4791 abstulit,
1151 4743 1213 4782 ac
1241 4740 1500 4798 praeterea
1562 4735 1831 4804 prohibuit
1861 4755 1928 4794 ne
1956 4741 2122 4798 dirius
2149 4763 2256 4800 um-

654 4833 813 4886 quam
857 4818 906 4872 in
946 4833 1040 4873 eos
1070 4820 1339 4877 saevirent.
1373 4823 1429 4878 In
1469 4826 1634 4882 citato
1661 4839 1836 4886 autem
1865 4833 2051 4891 codice
2083 4837 2257 4894 Theo—

657 4909 879 4965 dosiano
906 4911 1070 4967 babes
1093 4922 1374 4985 utramque
1402 4917 1546 4974 illam
1569 4921 1761 4992 legem.
1790 4924 2053 4984 Caeterum
2075 4947 2257 5000 quant-

657 5003 742 5058 vis
769 4999 1018 5075 Cypriani
1047 5005 1220 5060 adhuc
1251 5017 1490 5076 tempore
1523 5011 1725 5071 domini
1756 5020 2052 5086 potuissent
2071 4999 2256 5082 servos

651 5113 781 5154 suos
812 5099 1112 5156 interlicere
1134 5140 1148 5164 ,
1184 5101 1336 5164 nobis
1369 5112 1545 5170 tamen
1576 5106 1712 5164 haud
1743 5127 1885 5182 aegre
1921 5119 2258 5184 ρει-ευωιθω-

656 5200 742 5247 tur
774 5191 989 5254 nomine
1027 5194 1165 5264 ferro
1212 5209 1316 5248 non
1365 5197 1500 5264 hanc
1541 5201 1722 5271 utique
1762 5213 2079 5272 potestatem
2123 5212 2256 5268 desi-

654 5281 826 5353 gnari,
860 5281 953 5336 sed
982 5283 1158 5353 potius
1183 5285 1425 5354 quxdam
1454 5289 1802 5354 instrumenta
1847 5298 2038 5367 ferrea,
2067 5318 2255 5372 quem-

651 5373 939 5430 admodum
969 5388 1289 5438 memoratas
1314 5396 1344 5438 a
1376 5381 1563 5444 Plauto
1590 5384 1834 5454 laminas,
1874 5407 1968 5448 seu
2020 5399 2254 5454 canden-

656 5481 737 5524 tes
760 5469 883 5524 aeris
909 5477 962 5526 et
993 5468 1120 5526 ferri
1146 5472 1386 5540 tabellas,
1407 5478 1598 5547 quibus
1612 5482 1750 5537 servi
1773 5489 2234 5547 excruciabantur.

720 5562 988 5618 Caeterum
1006 5566 1213 5622 tametsi
1231 5567 1576 5640 dominusjns
1589 5575 1708 5630 vitae
1723 5585 1778 5631 et
1803 5581 1950 5635 necis
1969 5583 2020 5635 in
2033 5596 2248 5641 servum

649 5671 806 5712 suum
835 5672 939 5712 non
970 5657 1182 5725 haheat,
1222 5659 1290 5714 ab
1330 5661 1419 5714 illo
1464 5665 1831 5734 nihilominus,
1875 5673 1963 5741 qui
2006 5676 2246 5744 ejusdem

650 5760 770 5804 cum
821 5748 936 5820 ipso
975 5757 1178 5812 natura:
1231 5761 1352 5818 est,
1407 5752 1639 5812 debitam
1685 5764 1997 5820 servitutem
2054 5771 2246 5826 merito

2366 4671 2385 4704 ε
2421 4650 2672 4721 Flagrant
2697 4650 2892 4719 tibique
2914 4649 3270 4703 delicta.......
3305 4647 3400 4701 llic
3433 4653 3809 4701 testamentum
3837 4644 3962 4698 Sub—

2354 4747 2490 4815 jicit,
2523 4747 2608 4800 ille
2627 4745 2815 4798 falsum
2844 4743 3054 4811 capitali
3076 4742 3256 4796 fraude
3271 4741 3580 4796 conscribit.
3599 4737 3694 4794 Hic
3719 4743 3965 4794 arcentur

2365 4837 2762 4892 ha‘reditatibus
2783 4835 2959 4892 liberi.
2995 4835 3098 4888 illic
3122 4834 3275 4887 bonis
3295 4834 3565 4888 donantur
3581 4831 3762 4886 alieni.
3782 4831 3959 4888 Mimi-

2361 4948 2456 4986 eus
2482 4934 2785 5000 insimulat,
2811 4936 3164 4990 calumniator
3193 4938 3462 5005 impugnat
3485 4976 3499 5000 ,
3532 4933 3684 4988 testis
3711 4931 3957 4998 infamat;

2364 5027 2648 5097 utrobique
2675 5037 2950 5097 grassatur
2978 5028 3030 5082 in
3070 5025 3409 5083 mendacitim
3441 5025 3728 5082 criminufii
3767 5023 3960 5093 prosu-

2363 5129 2490 5174 tuta:
2517 5124 2659 5177 vocis
2687 5124 2888 5177 venalis
2918 5123 3157 5182 audacia,
3189 5137 3310 5177 cum
3341 5122 3556 5176 interim
3584 5119 3840 5173 nocentes
3865 5129 3960 5172 nec

2361 5230 2483 5267 cum
2513 5216 2883 5270 innocentibus
2907 5212 3149 5286 pereunt.
3167 5234 3186 5268 ι
3222 5214 3392 5286 (Idem
3419 5216 3487 5269 ad
3512 5215 3700 5268 Donat.
3731 5231 3850 5284 pag.
3877 5213 3954 5282 7.)

2433 5307 2567 5372 Quia
2605 5323 2732 5378 ergo
2759 5317 2936 5363 tantus
2961 5317 3078 5364 erat
3109 5309 3284 5378 legum
3314 5315 3673 5378 contemptus,
3706 5307 3956 5377 tantaque

2359 5403 2799 5473 gravissimorum
2829 5406 2988 5459 etiam
3018 5405 3300 5459 criminum
3332 5404 3658 5474 impunitas:
3698 5417 3719 5455 ι
3744 5400 3949 5467 Nullus,

2358 5497 2434 5550 ait
2466 5496 2569 5554 ille.
2600 5496 2941 5567 delinquendi
2967 5509 3158 5561 metus,
3179 5519 3198 5552 ι
3233 5498 3359 5570 (hoc
3384 5498 3604 5553 verbum
3637 5496 3686 5551 In
3722 5497 3954 5566 pluribus

2360 5589 2737 5658 inainiseriptis
2781 5592 3182 5661 exemplaribus
3236 5591 3594 5662 desideratur)
3625 5603 3646 5643 ι
3674 5590 3764 5648 rei
3791 5589 3955 5662 pudor

2355 5689 2476 5743 est;
2517 5689 2571 5734 et
2609 5682 2687 5735 sic
2731 5695 3001 5752 peccatur,
3055 5683 3209 5754 quasi
3262 5683 3430 5754 magis
3460 5695 3557 5752 per
3603 5679 3714 5754 ips:
3745 5693 3954 5752 peccata

2356 5772 2629 5844 placentur
2654 5771 2826 5844 (Idem
2875 5775 3236 5848 adtlJDemetr”
3267 5787 3389 5851 pag.
3421 5776 3572 5850 £89).
3604 5787 3625 5829 r‘
3650 5775 3792 5844 Quid
3833 5791 3955 5850 ergo
