4190 6266
289 310 432 372 1005

1694 301 2165 373 DlSSERTATlO.

3452 323 3589 386 1006

289 431 484 484 mirum
517 426 561 483 si
587 433 664 483 tot
694 433 906 500 tamque
932 426 1080 499 impii
1124 433 1179 484 et
1221 427 1468 500 ﬂagitiosi
1497 427 1741 486 homines
1768 427 1884 483 ubi-
1909 425 1966 488 Α
1989 437 2193 494 rtemiis
2217 438 2332 498 haec
2356 441 2703 514 pronuntiat:
2760 459 2780 495 ι
2826 441 3056 514 Captans
3096 457 3363 501 annonam
3410 447 3584 503 male-

284 539 393 593 que
420 523 615 592 reperti
643 522 872 579 fuerint?
913 523 1051 592 Quid
1081 525 1293 590 mirum,
1325 525 1369 578 si
1421 525 1759 581 mortiferum
1788 526 1888 581 'ca-

285 623 382 683 put
412 613 749 683 impudenter
775 615 1062 670 extulerint
1095 615 1345 680 «falsarii,
1364 625 1418 671 et
1439 615 1727 672 veneﬁci?»
1750 617 1887 684 Quid

284 709 504 773 mirum,
528 708 572 762 si
597 708 692 763 visi
711 721 855 773 sunt,
886 729 903 761 ι
933 710 983 764 ἱη
1013 710 1186 765 media
1217 711 1432 766 civitate
1455 712 1657 776 sicarii,
1687 722 1792 767 tam
1818 713 1884 767 ad

281 800 616 872 peccandum
677 802 1000 871 praecipites,
1061 817 1220 872 quam
1261 803 1476 872 impune
1505 804 1824 873 peccantes?
1861 823 1878 856 ι

282 892 447 964 (Ibid.
478 890 756 964 pag.l90.)
783 893 849 947 At
886 893 951 948 de
981 891 1064 948 his
1085 893 1552 950 facinorosissimis
1579 896 1884 952 hominibus

281 983 336 1036 in
387 983 650 1052 superiori
711 983 1088 1040 dissertatione
1144 994 1318 1040 actum
1377 995 1458 1041 est
1502 986 1882 1057 (Dissertat.in

282 1073 513 1128 Tertull.‘
546 1091 664 1144 cap.
698 1075 789 1143 24,
823 1087 922 1129 art.
944 1077 1025 1145 τί).
1056 1076 1185 1144 Quis
1215 1087 1389 1131 autem
1419 1077 1629 1133 dubitat
1658 1078 1771 1133 haec
1801 1080 1879 1134 in-

277 1166 476 1222 testina
509 1166 647 1221 bella
691 1167 846 1237 longe
871 1169 1051 1238 pejora
1081 1168 1242 1222 fuisse
1267 1169 1529 1233 externis,
1563 1186 1686 1239 qua:
1715 1170 1766 1224 in
1795 1187 1880 1226 ex-

277 1251 464 1314 tremis
496 1258 709 1330 lmperii
737 1259 960 1314 Romani
989 1259 1182 1315 finibus
1204 1262 1571 1332 gerebantur?
1597 1263 1700 1319 Sed
1727 1264 1873 1333 vide,

274 1365 482 1423 quaeso,
509 1359 686 1406 utrum
717 1351 801 1406 his
836 1351 1033 1418 verbis,
1065 1361 1290 1407 externa
1321 1351 1388 1407 de
1432 1353 1677 1408 barbaris
1701 1369 1872 1424 arma,

274 1443 345 1497 ad
371 1459 430 1498 ea
462 1442 798 1512 potissimum
820 1443 1210 1512 collineaverit,
1241 1444 1434 1516 quibus
1456 1445 1648 1501 Decius
1675 1446 1873 1517 aliique

273 1535 656 1607 Imperatores,
689 1539 798 1606 qui,
849 1545 908 1591 ut
935 1553 1092 1608 supra
1141 1537 1391 1606 vidimus,
1447 1554 1568 1595 cum
1622 1539 1674 1594 in
1715 1538 1872 1594 Chri-

273 1631 480 1686 stianos
537 1632 715 1686 acrius
778 1633 1063 1698 szevirent,
1117 1633 1182 1687 ad
1236 1634 1656 1690 internecionem
1705 1635 1870 1703 caesi,

272 1734 447 1782 morte
489 1740 582 1780 sua
632 1725 896 1781 dederunt
944 1727 1275 1783 crudelitatis
1327 1745 1440 1784 suae
1477 1745 1688 1800 poenas.

1993 530 2167 587 dictus
2187 533 2408 604 inplebc
2421 547 2496 591 est
2514 535 2688 611 (Greg.
2716 535 2840 591 ibid.
2867 535 3024 609 Cypr.
3052 537 3138 591 lib.
3170 538 3222 592 5.
3253 539 3370 592 adv.
3394 537 3568 594 ludar.

1994 620 2021 694 §
2051 621 2139 690 61,
2165 641 2285 695 pag.
2319 625 2434 700 82);
2468 646 2486 679 ›
2516 635 2606 682 aut
2634 627 2773 683 sicut
2819 628 2872 683 in
2923 628 3145 699 Vulgata
3176 629 3435 698 legimus:
3476 630 3576 695 Qui

1989 715 2251 772 abscondit
2300 723 2631 790 frumentum,
2688 720 3008 774 maledicitur
3035 720 3087 774 in
3119 721 3340 793 pupulis.
3387 720 3572 792 Neque

1987 805 2181 863 divinis
2223 815 2444 877 tantum,
2501 812 2594 867 sed
2637 811 2885 866 humanis
2914 810 3118 881 legibus
3149 810 3265 866 haec
3290 811 3582 866 crudelitas

1985 897 2291 956 damnatur.
2319 901 2537 958 Testem
2587 903 2865 958 enimvero
2896 903 3116 957 Paulum
3136 902 3581 972 jurisconsultum

1985 989 2264 1058 habemus,
2318 995 2404 1064 qui
2434 996 2689 1066 scriptum
2723 997 2973 1067 reliquit:
3005 1013 3025 1047 ‹
3061 997 3344 1051 Annonam
3389 1005 3582 1052 attem-

1983 1099 2173 1154 perare
2225 1096 2278 1141 et
2332 1103 2524 1144 vexare
2573 1089 2663 1143 vel
2711 1090 2943 1144 maxime
3000 1087 3313 1142 Darda‘narii
3364 1088 3577 1156 solent,

1981 1191 2206 1246 quorum
2247 1179 2486 1235 avaritiae
2541 1179 2753 1234 obviam
2808 1179 2936 1233 itum
2991 1187 3075 1234 est
3120 1185 3227 1233 tam
3278 1179 3578 1247 mandatis,

1981 1285 2138 1340 quam
2165 1272 2654 1326 constitutionibus.
2683 1290 2700 1323 ι
2733 1270 2952 1344 (Digest.
2989 1271 3078 1325 lib.
3131 1286 3218 1334 1.x,
3247 1270 3380 1326 titul.
3415 1271 3478 1327 11
3507 1271 3570 1326 de

1981 1361 2316 1417 Extraordin.
2353 1362 2509 1418 Crim.
2543 1363 2641 1433 leg.
2673 1360 2751 1435 6.)

2055 1455 2250 1510 Verum
2289 1455 2408 1510 duri
2453 1461 2506 1509 et
2549 1451 2704 1510 ferrei
2734 1453 2810 1509 illi
2839 1453 3069 1525 gentiles
3096 1453 3195 1509 bas
3223 1454 3560 1526 tequissimas

1978 1543 2124 1617 leges
2170 1544 2670 1616 pessumdederunt,
2700 1559 2762 1600 ac
2801 1543 2954 1600 ﬂocci
2980 1553 3236 1615 praeterea
3265 1545 3570 1604 habuerunt

1977 1639 2228 1693 salutaria
2259 1638 2348 1692 Dei
2378 1639 2579 1694 monita
2613 1679 2627 1704 ,
2682 1634 2875 1707 quibus
2929 1636 3067 1692 sacri
3122 1637 3238 1707 ejus
3293 1639 3570 1708 prophetae

1975 1727 2205 1784 futuram
2238 1769 2253 1796 ,
2269 1739 2489 1798 propter
2517 1742 2702 1783 eorum
2724 1726 2942 1789 delicta,
2966 1725 3162 1782 famem
3186 1728 3564 1798 praedixerant.

344 1824 416 1877 At
466 1822 581 1876 haec
640 1821 814 1888 bella,
877 1821 1048 1892 inquit
1092 1821 1425 1895 Cyprianus,
1482 1840 1581 1879 nec
1647 1823 1866 1881 fortuito
1895 1809 1946 1882 B
1974 1821 2108 1890 Quid
2150 1819 2292 1876 enim
2345 1821 2502 1876 citata
2533 1833 2561 1872 a
2591 1819 2861 1890 Cypriane
2909 1817 3179 1892 (Cyprian.
3226 1819 3296 1874 ad
3338 1819 3569 1877 Demetr.

269 1916 450 1984 aliquo
477 1929 604 1969 casu
630 1956 645 1981 ,
693 1929 792 1970 nec
840 1915 892 1970 in
938 1911 1364 1973 Christianorum
1386 1961 1399 1984 ,
1458 1917 1550 1974 sed
1577 1918 1867 1976 Gentilium

269 2009 359 2078 qui
395 2008 562 2063 Deum
618 2009 988 2077 irritaverant,
1038 2010 1291 2065 ultionem
1342 2019 1492 2082 gesta
1534 2020 1677 2067 sunt.
1735 2011 1868 2066 Nam

275 2119 294 2154 ι
333 2101 535 2157 clarum
584 2111 698 2170 est,
739 2103 813 2158 ait
866 2103 987 2168 ille,
1039 2113 1093 2160 et
1158 2103 1540 2174 manifestum,
1585 2103 1708 2176 quia
1758 2120 1867 2160 non

268 2209 368 2263 per
411 2210 546 2262 nos,
591 2195 685 2250 sed
737 2211 835 2267 pro
873 2197 1029 2252 nobis
1068 2217 1087 2250 ›
1143 2198 1240 2268 (ita
1290 2197 1620 2267 antiquiores
1649 2207 1703 2253 et
1750 2214 1866 2254 me-

267 2285 417 2342 lioris
458 2296 602 2341 nota:
656 2287 895 2359 codices)
966 2288 1261 2344 «accidunt
1324 2298 1514 2344 cuncta
1564 2289 1685 2357 ista,
1740 2305 1864 2360 quae

265 2377 334 2432 de
373 2377 466 2433 Dei
520 2377 883 2449 indignatione
935 2379 1267 2435 descendunt
1309 2379 1597 2454 (Cyprian.
1647 2381 1715 2434 ad
1755 2379 1866 2436 De—

267 2478 414 2523 metr.
467 2487 585 2541 pag.
642 2469 789 2543 192).
824 2490 843 2522 ι
876 2471 968 2526 Hae
1017 2472 1174 2542 igitur
1216 2473 1477 2530 bellorum
1523 2473 1704 2528 clades
1756 2489 1863 2528 non

265 2564 606 2633 contigerunt
685 2583 702 2614 ‹
742 2578 839 2633 per
891 2579 1015 2631 nos,
1061 2585 1079 2618 ι
1154 2566 1206 2622 id
1269 2576 1387 2634 est,
1441 2567 1609 2622 nostri
1667 2580 1861 2634 causa,

265 2666 322 2711 ct
369 2657 490 2728 quia
557 2655 720 2712 falsos
768 2655 900 2711 deos
945 2670 1051 2710 non
1104 2659 1365 2712 colimus:
1421 2659 1516 2714 sed
1568 2676 1586 2710 ε
1618 2672 1716 2728 pro
1768 2671 1865 2712 no-

268 2748 386 2816 bis,
427 2768 446 2802 ›
501 2748 933 2819 quandoquidem
985 2749 1124 2804 Deus
1163 2750 1247 2804 his
1302 2749 1453 2806 bellis
1506 2749 1865 2804 ulciscebatur

263 2847 473 2894 nostras
498 2839 721 2910 injurias
743 2880 760 2907 ,
805 2854 868 2894 ac
899 2849 1269 2910 persecutores
1307 2850 1523 2896 nostros
1559 2840 1854 2911 puniendo,

262 2939 499 3002 optatam
541 2929 802 2987 reddebat
842 2930 1099 2987 Ecclesiis
1148 2932 1348 2988 nostris
1402 2947 1608 3003 pacem.

865 3079 1156 3120 Αιιτιουιυε
1184 3080 1255 3120 ιν.

1975 1933 2028 1985 p.
2059 1910 2184 1987 187)
2233 1911 2332 1968 hac
2383 1909 2565 1983 Aggaci
2603 1910 3012 1981 pra-monitione
3054 1911 3292 1966 clarius?
3324 1911 3400 1967 Eo
3428 1915 3565 1984 quod

1974 2009 2152 2063 domus
2182 2023 2292 2061 mea
2347 2005 2540 2061 deserta
2570 2015 2677 2072 est,
2721 2020 2808 2060 vos
2835 2012 3003 2060 autem
3042 2005 3324 2074 sectamini,
3372 2010 3563 2065 διώκετε

1972 2100 2237 2178 (Vulgata,
2262 2100 2532 2174 festinatis)
2549 2099 2891 2170 unusquisque
2910 2098 2962 2153 in
2979 2098 3186 2154 domum
3215 2117 3380 2166 suam,
3403 2117 3573 2172 prop-

1969 2201 2104 2248 terea
2135 2189 2398 2248 abstinebit
2435 2193 2616 2246 castum
2646 2203 2678 2244 α
2701 2207 2836 2258 rore,
2891 2201 2938 2245 et
2981 2201 3114 2245 terra
3162 2192 3422 2263 protrahet
3452 2209 3570 2263 pro-

1969 2288 2249 2342 creationes
2272 2304 2413 2351 suas,
2455 2293 2502 2340 et
2558 2283 2800 2339 inducam
2854 2283 3086 2356 gladium
3136 2301 3290 2354 super
3329 2296 3565 2354 terram,

1967 2383 2054 2436 καὶ
2080 2387 2238 2447 («iter
2255 2387 2496 2453 ῥομφαίαν
2522 2380 2602 2433 ἐπὶ
2623 2387 2710 2434 eis
2733 2392 2839 2449 γῆν.
2869 2375 3094 2448 Vulgata
3120 2393 3133 2431 :
3157 2376 3225 2430 Et
3259 2379 3432 2432 vocavi
3457 2379 3559 2432 sic-

1968 2474 2170 2526 citatem
2198 2489 2353 2543 super
2400 2481 2609 2536 terram,
2659 2480 2704 2523 et
2752 2481 2904 2538 super
2946 2472 3275 2540 frumentum,
3323 2478 3370 2523 et
3414 2485 3568 2539 super

1967 2566 2161 2629 vinum,
2217 2573 2266 2618 et
2315 2579 2469 2634 super
2501 2563 2693 2627 oleum,
2739 2571 2789 2615 et
2844 2577 2999 2631 super
3028 2559 3277 2623 Itonrines,
3321 2571 3368 2614 et
3416 2577 3572 2631 super

1959 2659 2214 2730 jumenta,
2247 2665 2294 2711 et
2323 2673 2478 2726 super
2504 2671 2676 2710 omnes
2708 2653 2904 2710 labores
2931 2669 3176 2709 manuum
3211 2671 3385 2710 eorum
3408 2655 3562 2729 (Agg.

1967 2765 2082 2818 cap.
2122 2749 2136 2802 ξ
2185 2748 2219 2816 y
2246 2786 2258 2800 .
2291 2746 2324 2802 9
2365 2757 2412 2802 et
2441 2744 2550 2818 10).
2588 2746 2918 2801 Prtedixerat
2939 2746 3098 2818 igitur
3133 2748 3366 2802 futuram
3413 2755 3574 2803 terra:

1966 2839 2322 2903 sterilitatem,
2358 2837 2645 2909 propterea
2675 2837 2817 2907 quod
2848 2836 3098 2892 homines
3129 2837 3371 2892 relicturi
3415 2847 3574 2893 erant

1964 2929 2182 2986 domum
2213 2927 2328 2996 Dei,
2381 2924 2438 2984 id
2476 2933 2578 2994 est,
2625 2928 2743 2998 ejus
2792 2929 3018 2993 cultum,
3068 2943 3165 2983 seu
3205 2929 3456 2995 domum,
3511 2930 3568 2983 in

1963 3035 2066 3091 qua
2089 3017 2196 3075 coli
2221 3017 2448 3087 solebat,
2481 3027 2538 3073 ut
2581 3016 2796 3074 abirent
2848 3017 3219 3089 unusquisque
3265 3015 3320 3072 in
3345 3018 3564 3074 domum

1962 3133 2114 3172 suam
2145 3158 2158 3184 ,
2201 3117 2254 3172 in
2306 3132 2408 3187 qua
2454 3113 2594 3171 idola
2654 3112 2927 3186 falsosque
2977 3114 3110 3169 deos
3153 3121 3563 3170 venerarentur.

266 3178 380 3244 Qu“
409 3177 632 3281 ,ναίίωῗῗ
693 3177 980 3281 δυρνξξῖηηῗ
1040 3179 1271 3281 ⁰⁸¹⁴ἶ⁷¹άίξ⁵
1326 3195 1427 3234 ⁷²⁰²²
1496 3179 1812 3236 Christian”
1834 3221 1848 3249 ν
1879 3207 1924 3271 C
1958 3177 2214 3280 Quamvis
2241 3177 2418 3266 aut-em
2449 3207 2768 3281 Cyprianus,
2795 3177 3145 3279 septuaginta
3187 3210 3432 3264 seniores
3472 3225 3561 3265 se—

329 3272 419 3326 sed
456 3274 669 3344 gentiles
716 3273 1002 3328 sterilitatis
1027 3283 1074 3329 et
1121 3274 1272 3345 [amis
1302 3291 1407 3330 esse
1436 3290 1664 3329 causam.

327 3386 644 3442 Clamabant
679 3387 856 3444 adhuc
881 3388 1080 3444 ethnici
1140 3404 1198 3444 se
1251 3388 1424 3456 fame,
1466 3405 1712 3461 agrorum
1743 3400 1852 3444 ste-

262 3477 494 3545 rilitate,
539 3487 592 3535 et
647 3480 856 3551 frugum
913 3480 1088 3550 inopia
1120 3481 1240 3535 ideo
1267 3481 1478 3536 enecari
1548 3481 1668 3551 quia
1698 3478 1850 3534 Chri-

255 3570 413 3624 stiani
441 3570 652 3626 illorum
689 3573 819 3627 deos
871 3588 974 3628 non
1008 3573 1402 3628 venerabantur
1459 3571 1728 3645 (Cyprian.
1759 3572 1846 3626 ad.

255 3660 481 3717 Demetr.
511 3681 629 3736 pag.
681 3663 829 3735 189).
880 3665 984 3720 Sed
1015 3666 1210 3720 insulsa
1255 3666 1409 3733 plane
1453 3676 1568 3720 erat
1620 3663 1732 3718 haec
1759 3678 1846 3718 se-

253 3754 425 3810 cunda
469 3756 680 3810 illorum
733 3757 1087 3828 querimonia.
1123 3757 1292 3812 Verus
1340 3758 1536 3813 ctenim
1588 3757 1726 3812 Deus
1749 3773 1844 3811 νο-

253 3844 349 3901 luit
395 3848 495 3904 hac
541 3849 752 3920 publica
803 3850 1106 3905 calamitate
1162 3850 1419 3905 mundum
1486 3849 1687 3920 afﬂigi,
1738 3864 1843 3904 non

251 3943 464 4012 quidem
511 3955 728 4015 propter
750 3944 1114 4012 Christianos,
1143 3943 1232 4015 qui
1282 3945 1428 3998 illum
1461 3944 1546 4014 pie
1572 3941 1840 4009 colebant,

249 4033 471 4104 ejusque
507 4036 766 4106 parebant
809 4037 1113 4108 prteceptis,
1165 4036 1257 4090 sed
1324 4041 1542 4105 propter
1586 4035 1843 4104 ipsosmet

251 4126 522 4195 Gentiles,
575 4130 664 4200 qui
713 4130 862 4184 illum
929 4144 1118 4185 verum
1170 4128 1339 4182 Deum
1390 4144 1511 4183 esse
1553 4127 1834 4198 negabant,

248 4234 310 4274 ac
351 4221 684 4290 gravissimis
730 4237 945 4292 semper
998 4220 1263 4276 lacdebant
1304 4220 1615 4274 sceleribus.
1671 4220 1838 4275 Tanta

247 4312 508 4381 siquidem
544 4313 696 4384 plaga
761 4313 860 4369 etsi
912 4328 1067 4384 aequo
1099 4311 1189 4369 Dei
1216 4311 1419 4383 judicio
1462 4309 1690 4366 mundus
1717 4328 1837 4382 pcr-

246 4411 550 4468 cuteretur,
598 4421 703 4458 non
742 4405 865 4461 inde
919 4415 1094 4460 tamen
1136 4405 1338 4461 ethnici
1387 4402 1508 4459 laeti
1569 4412 1694 4458 sunt
1720 4419 1833 4458 me-

242 4496 424 4552 liores.
479 4497 634 4551 Avari
691 4495 886 4567 quippe
936 4498 1180 4553 homines
1226 4508 1283 4551 ut
1337 4497 1600 4551 frumenta
1656 4497 1833 4552 carius

1961 3313 2150 3369 cutus,
2205 3300 2403 3357 dixerit
2466 3300 2743 3372 gladium,
2805 3315 2871 3355 eo
2935 3298 3284 3355 nihilominus
3346 3303 3564 3356 nomine

1958 3395 2288 3467 signiﬁcatur
2348 3391 2488 3448 haud
2547 3391 2709 3449 dubie
2760 3393 2974 3448 siccitas
3029 3401 3084 3448 et
3123 3392 3404 3460 sterilitas,
3455 3409 3558 3464 qua

1955 3504 2102 3544 mors
2132 3487 2443 3543 hominibus
2474 3484 2824 3541 inferebatur.

2024 3579 2363 3649 Quapropter
2402 3573 2542 3632 hanc
2579 3575 2859 3646 subjunxit
2915 3573 3192 3646 propheta:
3233 3576 3398 3632 Amos
3451 3592 3549 3632 va-

1953 3673 2353 3741 ticinationem:
2393 3670 2459 3724 Et
2486 3671 2687 3738 pluunt,
2714 3669 3065 3740 Septuaginta
3112 3673 3392 3742 κάιὶρρξεω,
3429 3669 3557 3725 Vul-

1949 3773 2090 3836 gula,
2145 3765 2298 3820 sicuti
2350 3763 2512 3835 paulo
2557 3772 2714 3831 post:
2767 3759 2835 3814 Et
2887 3759 2998 3831 plui
3049 3777 3204 3831 super
3240 3779 3394 3816 unam
3427 3764 3556 3816 civi-

1950 3867 2122 3925 tatem,
2151 3865 2197 3910 et
2223 3863 2375 3925 super
2426 3855 2587 3908 aliam
2614 3869 2717 3906 non
2763 3853 2960 3923 pluam.
3007 3891 3021 3904 .
3057 3889 3081 3904 -.
3130 3895 3143 3908 .
3189 3894 3202 3906 .
3247 3863 3297 3908 et
3340 3871 3557 3925 congre-

1947 3949 2200 4020 gabuntur
2213 3950 2328 4002 dua:
2348 3956 2393 4001 et
2413 3955 2512 4000 tres
2535 3945 2834 3998 civitatesin
2856 3959 3011 3999 unum
3033 3945 3287 4000 civitatem
3313 3946 3552 4016 potanda:

1945 4061 2091 4114 aqua:
2106 4060 2279 4110 causa,
2304 4051 2349 4096 et
2371 4058 2471 4095 non
2492 4039 2833 4094 satiabuntur.
2863 4037 2933 4091 Et
2973 4055 3074 4092 non
3107 4041 3453 4094 convertimini
3481 4043 3551 4095 ad

1945 4138 2066 4190 dicit
2092 4133 2694 4208 Dominus(Cygrian.ad
2714 4131 2939 4186 Demetr.
2962 4149 3081 4203 pag.
3101 4131 3405 4188 l87..-lmos.
3425 4150 3541 4203 cap.

1941 4246 2013 4285 IV.
2060 4230 2094 4300 ᾖ
2121 4269 2132 4282 .
2169 4229 2232 4283 17
2263 4239 2308 4283 et
2340 4227 2527 4298 καφ).
2564 4225 2795 4281 Tantum
2829 4233 3006 4280 autem
3053 4223 3227 4294 abest,
3259 4236 3316 4280 ut
3347 4235 3456 4280 tum
3485 4241 3548 4281 se

1938 4321 2300 4378 converterint
2364 4319 2431 4374 ad
2505 4319 2646 4374 hunc
2696 4333 2880 4372 verum
2953 4323 3009 4369 et
3061 4317 3273 4371 unicum
3335 4316 3538 4384 Deum;

1939 4415 2068 4488 quin
2127 4414 2304 4484 potius
2345 4427 2467 4468 eum
2527 4410 2742 4482 gravius
2798 4407 3121 4462 oll‘enderint
3175 4421 3284 4460 non
3333 4415 3538 4461 tantum

1938 4505 2097 4561 famis
2121 4516 2175 4560 et
2209 4502 2528 4568 sterilitatis,
2586 4499 2680 4555 sed
2712 4498 2877 4569 pestis
2903 4511 3120 4566 quoque
3158 4496 3402 4552 acerbius
3432 4503 3538 4552 εω-

243 4589 555 4657 vcnderent,
609 4590 928 4646 claudebant
982 4591 1204 4657 horrea.
1259 4604 1627 4662 pauperesque
1688 4587 1828 4645 fame
1854 4594 1906 4654 D
1935 4598 2130 4654 vientis
2159 4607 2421 4668 tempore,
2450 4594 2524 4650 uti
2561 4591 2674 4663 jam
2705 4586 3180 4645 demonstrandum
3211 4595 3316 4644 est.

241 4685 446 4739 absumi
509 4685 810 4754 malebant,
859 4700 1016 4756 quam
1050 4700 1235 4740 eorum
1290 4685 1467 4756 inOpia
1519 4698 1651 4754 opes
1705 4699 1830 4737 suas

240 4789 345 4828 non
393 4775 596 4846 augeri.
651 4776 905 4848 Majorem
951 4777 1128 4847 itaque
1175 4785 1224 4830 et
1258 4777 1426 4830 multo
1463 4773 1825 4829 crudeliorem

240 4864 434 4922 famem
483 4868 707 4922 faciebat
746 4885 932 4924 eorum
972 4866 1238 4940 rapacitas
1290 4876 1344 4922 et
1380 4865 1620 4933 avaritia,
1669 4881 1826 4936 quam

241 4969 398 5017 terrae
463 4964 735 5020 sterilitas.
781 4964 986 5036 Ecquid
1051 4980 1300 5036 namque,
1350 4973 1410 5019 ut
1456 4971 1600 5019 recte
1656 4963 1830 5033 arguit

227 5055 528 5128 Gregorius
570 5058 939 5116 Nazianzenus
963 5105 976 5127 ,
1032 5079 1050 5110 ι
1080 5060 1291 5130 gravius
1348 5068 1506 5129 atque
1539 5057 1785 5113 acerbius
1811 5101 1824 5123 ,

241 5163 396 5217 quam
445 5149 772 5218 crudelitas,
831 5152 1201 5222 cupiditasque
1231 5149 1566 5221 inexplebilis
1615 5164 1825 5213 eorum,

236 5239 321 5308 qui
369 5238 693 5296 frumentum
726 5243 960 5297 habent?
1004 5243 1290 5298 obserVant
1333 5241 1476 5297 enim
1526 5249 1824 5309 temporum

235 5329 576 5388 difﬁcultates
599 5375 614 5400 ,
645 5345 697 5389 et
721 5335 914 5391 famem
935 5335 1292 5404 negotiantur,
1314 5343 1473 5404 atque
1501 5349 1565 5389 ex
1598 5333 1821 5387 aliorum

233 5425 622 5481 calamitatibus
645 5444 874 5485 messem
901 5429 1156 5484 faciunt.»
1188 5427 1364 5500 (Greg.
1399 5427 1536 5482 Naz.
1557 5437 1669 5481 orat
1709 5427 1779 5481 20
1804 5468 1818 5494 ,

233 5535 348 5589 pag.
406 5519 560 5593 558.)
604 5521 964 5590 Quamobrem
1019 5521 1358 5577 immansueti
1403 5531 1457 5576 et
1514 5519 1610 5576 feri
1644 5519 1818 5574 Ιιοιιιίε

231 5626 354 5676 nes,
387 5613 475 5682 qui
515 5630 729 5669 ornnem
776 5625 1035 5669 exuerant
1067 5614 1471 5677 humanitatem,
1517 5624 1572 5668 et
1613 5607 1722 5667 Deo
1766 5621 1823 5666 et

232 5706 434 5759 cmteris
486 5706 794 5762 hominibus
836 5707 1178 5762 detestabiles
1210 5716 1352 5761 sunt.
1403 5704 1534 5758 Nam
1565 5703 1818 5759 Salomon

230 5794 280 5856 in
303 5797 477 5854 citatis
520 5799 589 5854 ab
613 5800 805 5856 eodem
837 5801 1098 5872 Gregorio
1123 5808 1176 5855 ct
1219 5797 1486 5871 Cypriane
1515 5809 1702 5853 nostro
1731 5812 1822 5868 pa-

2536 4740 2826 4783 ARTIGULUS
2851 4739 2905 4779 ν.

1936 4846 2152 4901 Tantum
2203 4846 2375 4901 abesse
2429 4851 2482 4895 ut
2532 4840 2719 4904 ethnici
2756 4829 2946 4900 Deum,
3006 4851 3179 4890 eorum
3234 4831 3530 4892 criminibus

2005 4937 2255 5004 offensum
2282 4978 2295 5002 ,
2328 4933 2613 4988 curaverint
2668 4932 2821 5000 pestis
2851 4938 3073 4998 tempore
3118 4927 3355 4996 placare,
3403 4928 3528 4998 quin

2009 5030 2176 5098 potius
2216 5026 2362 5080 illum
2406 5023 2724 5096 gravioribus
2770 5021 2986 5091 ﬂagitiis
3013 5019 3342 5072 irritaucrint.

2008 5147 2357 5204 Observatum
2405 5161 2434 5198 a
2500 5143 2654 5198 nobis
2707 5142 2815 5213 jam
2855 5137 2954 5196 l‘hit
2989 5156 3146 5212 quam
3196 5141 3524 5195 horrendum

1930 5251 1984 5296 et
2036 5239 2327 5294 inauditum
2384 5237 2644 5291 hactenus
2699 5236 2750 5289 in
2808 5231 3023 5288 modum
3061 5233 3522 5288 calamitosissima

1929 5334 2114 5404 pestis,
2149 5331 2223 5385 uti
2267 5329 2598 5401 Cyprianus,
2647 5323 2915 5380 Eusebius
2939 5366 2952 5390 ,
3003 5332 3055 5378 et
3086 5323 3175 5378 alii
3199 5333 3520 5388 memorant,

1927 5424 2105 5481 omnia
2131 5423 2546 5492 depopularetur
2593 5417 2778 5491 (Supr.
2810 5433 2923 5483 cap.
2962 5417 3013 5482 1,
3040 5425 3137 5469 art.
3163 5412 3239 5487 5).
3267 5413 3370 5470 Sed
3395 5418 3522 5486 quid

1924 5529 2078 5588 putas
2109 5525 2235 5570 tunc
2277 5523 2451 5568 actum
2477 5511 2544 5566 ab
2568 5508 2824 5574 ethnicis,
2865 5509 2955 5578 qui
3000 5507 3334 5563 Christianos
3363 5509 3520 5578 hujus

1927 5611 2098 5665 tertiae
2148 5608 2314 5663 cladis
2361 5603 2719 5661 accusabant?
2765 5599 3033 5672 Numquid
3077 5601 3201 5656 inde
3241 5596 3363 5656 lacti
3393 5613 3518 5656 sunt

1926 5701 2221 5756 meliores?
2270 5699 2487 5754 Minime
2533 5695 2772 5766 quidem.
2827 5696 2990 5751 Deum
3021 5695 3320 5759 enimvero,
3354 5711 3513 5764 quem

1927 5804 2152 5868 prOpter
2195 5809 2287 5850 sua
2329 5791 2526 5864 ﬂagitia
2559 5789 2642 5863 ad
2670 5805 2764 5847 eos
2790 5788 2893 5844 hac
2931 5785 3173 5843 horribili
3216 5794 3516 5858 postc'cas-
