4190 6266
645 181 774 238 1007

1858 182 1925 238 IN
1965 181 2027 238 D.
2068 179 2386 239 CYPRIANI
2423 181 2653 239 OPERA

3805 183 3953 240 1008

638 293 884 365 tigandos
908 301 1214 365 coegerant,
1261 295 1411 350 novis
1457 307 1558 350 nec
1587 295 1717 350 satis
1749 310 2000 366 umquam
2036 296 2217 352 detes—
2247 300 2297 358 Α
2322 297 2598 369 conquesti
2626 302 2752 352 sunt
2775 309 2869 352 eos
2883 295 3077 352 frustra
3100 295 3185 352 his
3203 295 3372 368 plagis
3397 296 3529 353 caedi
3558 305 3612 355 et
3637 297 3949 366 verberari,

640 391 814 447 laudis
860 389 1141 445 irritabant
1185 389 1502 448 sceleribus.
1551 388 1682 446 Nam
1711 409 1731 442 ι
1773 405 1894 446 cum
1927 400 2078 462 peste
2115 393 2229 462 ipsa

638 492 693 536 et
723 483 829 545 lue,
879 482 955 535 ait
997 481 1318 554 Cyprianus,
1369 482 1456 536 vel
1485 481 1692 537 delecta
1747 493 1895 549 sunt,
1948 483 2031 537 vel
2076 495 2228 537 aucta

640 573 864 630 crimina
896 574 1254 644 singulorum,
1280 574 1405 629 dum
1437 591 1538 630 nec
1567 575 1792 631 infirmis
1821 577 2104 632 exhibetur
2132 579 2230 632 mi-

636 666 926 722 sericordia
953 706 969 732 ,
1025 676 1081 722 et
1123 666 1386 724 defunctis
1432 669 1652 723 avaritia
1691 669 1860 725 inhiat
1889 685 1953 726 ac
1972 670 2178 740 rapina.
2206 687 2225 722 ι

642 761 917 834 (Cyprian.
970 763 1039 816 ad
1064 761 1295 818 Demetr.
1338 780 1460 835 pag.
1511 762 1667 835 189.)
1709 763 1911 834 Duplex
1939 772 2118 819 autem
2141 779 2231 818 ar-

633 856 751 926 guit
783 869 954 926 genus
991 855 1278 920 scelerum,
1324 855 1377 910 in
1422 872 1541 926 qua:
1585 865 1693 910 tam
1751 854 2016 923 crudeles,
2071 870 2230 926 quam

633 948 778 1002 avari
821 945 1067 1003 homines
1091 949 1264 1017 palam
1296 947 1543 1004 ruebant.
1567 947 1804 1003 Primum
1829 949 1974 1004 enim
2019 963 2231 1004 summa

634 1049 782 1106 erat,
836 1051 891 1095 et
933 1040 1080 1095 dictu
1133 1040 1408 1096 horribilis
1473 1041 1692 1096 illorum
1740 1041 1792 1096 in
1835 1052 2112 1113 aegrotos,
2175 1041 2228 1096 in

639 1133 934 1188 morientes
959 1149 1021 1188 ac
1067 1142 1315 1189 mortuos
1352 1133 1737 1190 inhumanitas.
1787 1133 2001 1190 Nullum
2033 1137 2234 1205 quippe

644 1226 888 1283 ferebant
957 1237 1106 1297 peste
1178 1227 1546 1283 laborantibus
1596 1229 1874 1293 auxilium,
1941 1231 2236 1284 morientes

637 1319 796 1388 plane
847 1320 1166 1390 penitusque
1209 1319 1550 1386 dcserebant,
1597 1319 1869 1391 fugiebant
1916 1322 2235 1375 morientium

630 1411 904 1480 funera,et
931 1424 1158 1480 corpora
1195 1420 1557 1477 mertuorum,
1602 1425 1707 1466 non
1739 1425 1898 1466 secus
1927 1426 1990 1466 ac
2013 1426 2232 1476 canum,

633 1500 905 1571 insepulta
952 1501 1346 1572 relinquebant.
1386 1502 1494 1558 Sed
1537 1502 1653 1558 haec
1701 1503 1944 1568 Pontius,
1982 1503 2234 1576 Cypriani

636 1596 915 1659 diaconus,
946 1606 1001 1650 et
1021 1595 1263 1652 oculatus
1295 1596 1470 1663 testis,
1506 1606 1614 1652 tam
1647 1597 1870 1664 nativis,
1922 1614 2080 1669 quam
2129 1609 2236 1653 tra-

2331 390 2421 460 qui
2467 404 2564 444 nec
2592 388 2896 453 doluerunt,
2945 403 3045 445 nec
3107 389 3392 446 voluerunt
3455 392 3700 462 recipere
3773 391 3954 447 disci-

2334 480 2531 549 plinam
2589 477 2842 552 (Hiercm.
2892 496 3005 551 cap.
3044 496 3079 535 ιι
3154 476 3228 550 ᾗ.
3283 480 3400 551 ⁸50).
3461 481 3600 548 Quid
3651 483 3826 553 igitur,
3866 485 3950 539 ait

2333 569 2652 641 Cyprianus,
2689 573 2779 626 'ab
2838 571 2902 627 iis
2994 582 3173 627 actmn
3224 588 3328 628 non
3384 582 3547 641 esset,
3593 575 3637 628 si
3698 576 3947 644 percussi

2335 678 2442 717 non
2489 663 2714 719 fuissent
2734 664 2758 717 ‘i
2781 662 2972 720 Nonne
3003 664 3298 719 facinorum
3340 664 3655 734 impunitate
3682 666 3952 722 crevisset

2336 754 2594 824 peccandi
2627 753 2887 810 audacia?
2932 755 3000 810 Et
3045 755 3159 811 brec
3190 755 3406 827 quidem
3445 765 3570 812 sunt
3601 767 3950 827 argumenta.

2337 847 2529 918 quibus
2559 856 2746 903 auctor
2773 856 2962 903 noster
3017 848 3178 919 plane
3222 848 3562 904 demonstrat
3587 849 3824 919 gentiles
3851 865 3954 920 pu-

2335 939 2598 996 blicarum
2658 940 3019 996 calamitatum
3063 957 3185 998 esse
3235 957 3474 1008 causam,
3529 940 3753 999 minime
3821 959 3957 1000 vero

2336 1029 2688 1101 Christianos,
2722 1035 2796 1091 uti
2847 1035 3028 1092 adhuc
3080 1037 3414 1106 probandum
3450 1047 3553 1095 est.

2936 1191 3229 1234 ARTICULUS
3257 1193 3328 1233 Vl.

2341 1290 2543 1358 Quanta
2571 1291 2930 1346 misericordia:
2954 1308 3109 1364 opera
3157 1289 3435 1347 Christiani
3466 1293 3788 1348 attribuerim
3829 1296 3954 1365 qui-

2434 1382 2646 1438 buslibet
2675 1393 2811 1452 peste
2858 1383 3058 1454 infectis
3113 1384 3463 1450 morientibus,
3493 1401 3554 1439 ac
3579 1387 3819 1440 mortuis.

2412 1496 2657 1553 l’ublicas
2687 1497 3040 1565 calamitates,
3077 1495 3271 1567 quibus
3317 1497 3547 1553 mundus
3602 1510 3831 1570 propter
3872 1510 3957 1556 tot

2337 1604 2401 1645 ac
2443 1599 2606 1651 tanta,
2660 1599 2718 1644 ut
2759 1589 3015 1656 diximus,
3073 1589 3409 1646 ethnicorum
3475 1591 3700 1648 crimina
3738 1609 3953 1649 concu-

626 1689 764 1758 gicis
803 1688 1076 1744 coloribus
1104 1689 1344 1760 depingit
1381 1705 1394 1742 :
1438 1708 1456 1741 ι
1492 1689 1746 1756 Horrere,
1807 1691 1996 1761 inquit,
2046 1706 2233 1748 amnes
2263 1689 2311 1750 B
2341 1680 2592 1745 tiebatur,
2627 1684 2669 1736 si
2707 1681 2999 1737 Christiani
3043 1693 3288 1738 avertere
3335 1699 3442 1740 non
3488 1695 3804 1754 potuerunt,
3857 1702 3953 1743 eas

629 1781 838 1852 fugere,
870 1782 1038 1836 vitare
1064 1780 1369 1852 contagium
1391 1821 1408 1848 ,
1439 1795 1715 1852 exponere
1741 1798 1868 1836 suos
1896 1781 2228 1852 impie.......

631 1873 895 1930 iacebant
923 1873 1136 1928 interim
1177 1882 1287 1928 tota
1326 1873 1544 1928 civitate
1572 1888 1679 1928 non
1707 1872 1819 1944 jam
1855 1888 2104 1944 corpora,
2137 1875 2230 1932 sed

630 1963 891 2018 cadavera
939 1962 1322 2031 plurimorum;
1370 1971 1426 2018 et
1463 1962 1884 2019 misericordiam
1910 1965 1961 2019 in
1999 1981 2058 2020 se
2085 1975 2232 2022 tran-

623 2056 894 2114 seuntium
949 2057 1411 2127 contemplatione
1456 2058 1618 2111 sortis
1670 2067 1867 2113 mutua:
1891 2057 2225 2128 flagitabant.

628 2149 800 2206 Nemo
858 2149 1095 2220 respexit
1148 2148 1290 2203 aliud
1336 2157 1693 2220 praeterquam
1750 2148 1895 2205 lucra
1968 2150 2227 2206 crudelia.

626 2241 799 2297 Nemo
825 2241 1019 2297 similis
1065 2253 1293 2296 eventus
1322 2240 1699 2297 recordatione
1728 2242 2031 2313 trepidavit.
2060 2243 2231 2301 Nemo

619 2335 749 2390 fecit
803 2333 980 2398 alteri,
1030 2332 1172 2404 quod
1217 2332 1319 2389 sibi
1371 2332 1483 2389 fieri
1556 2333 1717 2388 voluit
1770 2332 1950 2407 (Pent.
2013 2337 2067 2389 in
2114 2334 2231 2391 Vita

622 2427 780 2499 Cypr.
834 2445 955 2497 pag.
1002 2428 1082 2497 5).
1121 2446 1140 2480 ι
1187 2428 1385 2484 Eadem
1433 2443 1646 2500 quoque
1675 2429 1742 2485 de
1790 2429 1974 2485 iisdem
2003 2430 2228 2486 Gentili-

621 2520 725 2575 bus
752 2521 965 2590 scripsit
998 2519 1284 2592 Dionysius
1314 2521 1707 2577 Alexandrinus
1735 2537 1749 2574 :
1809 2527 1982 2576 Νοσεῖν
2011 2526 2229 2592 ἀρχομέ-

623 2639 723 2677 vita;
749 2619 1044 2679 ἀπωθοῦντα,
1065 2619 1146 2669 καὶ
1161 2621 1420 2688 ἀπέφυγον
1435 2624 1540 2677 τοὺς
1555 2621 1827 2686 ςριλτᾶτους,
1859 2621 1951 2670 κάν
1975 2620 2083 2676 ταῖς
2106 2619 2229 2678 ὁδοῖς

619 2710 862 2777 δῤῥίττουν
894 2711 1179 2774 iit/aﬂuit“,
1202 2711 1281 2760 atati
1308 2718 1490 2777 ν-κρισῦς
1519 2713 1728 2776 aii-5pm:
1754 2711 2180 2774 ἀπεσκυϐαλίξσντο
2211 2723 2228 2740 ⁹

620 2807 708 2854 ris
732 2805 818 2854 τοῦ
861 2801 1065 2856 θανᾶτου
1109 2803 1340 2867 διάδοσιν,
1378 2803 1461 2853 καὶ
1507 2812 1748 2856 κοινωνίαν
1789 2806 2138 2871 ὰτρεπόμενω,
2174 2811 2230 2863 ἦν

623 2896 702 2948 οὒκ
730 2898 786 2956 ἥν
817 2895 976 2949 πολλά
1024 2902 1382 2964 μηχανωμένθις
1429 2898 1640 2950 haunt
1683 2897 1894 2965 ῥᾴδιονέ
1935 2910 1954 2944 1
1989 2893 2095 2948 EOS
2138 2894 2227 2962 qui

620 2997 888 3056 aegrotare
941 2987 1260 3056 inceperaut
1287 2988 1666 3052 exturbabant,
1709 2987 2058 3044 cliarissimos
2085 2987 2227 3043 refu-

2337 1773 2672 1826 conabantur
2703 1771 2804 1842 piis
2828 1773 3081 1843 operibus
3116 1773 3316 1840 levare,
3348 1784 3444 1830 aut
3476 1777 3544 1830 ab
3571 1777 3952 1847 omnipotente

2337 1866 2447 1922 Deo
2487 1866 2732 1922 obtinere
2787 1867 3003 1922 modum
3052 1867 3154 1922 illis
3183 1869 3404 1938 imponi.
3474 1867 3607 1923 Nam
3663 1870 3860 1926 diebus
3882 1888 3951 1929 ac

2337 1958 2582 2014 noctibus
2624 1958 2862 2030 «iugiter
2907 1969 3066 2030 atque
3125 1959 3421 2026 instanter,
3461 1979 3478 2013 ι
3511 1961 3583 2015 ait
3613 1961 3948 2034 Cyprianus,

2337 2049 2486 2105 illum
2519 2051 2893 2120 precabantur,
2924 2069 2942 2102 ι
2959 2067 3055 2122 pro
3079 2052 3348 2120 arcendis,
3374 2051 3642 2120 hostibus,
3668 2065 3722 2111 et
3750 2056 3948 2113 imbri-

2335 2142 2435 2197 bus
2502 2141 2875 2213 impetrandis,
2928 2145 3008 2198 vel
3059 2143 3387 2208 auferendis,
3445 2147 3530 2202 vel
3578 2151 3948 2219 temperandis

2335 2235 2599 2302 adversis,
2635 2245 2691 2292 et
2714 2251 2811 2307 pro
2839 2252 2968 2307 pace
3000 2253 3062 2292 ac
3089 2238 3263 2294 salute
3287 2249 3483 2305 vc5tra,
3507 2260 3525 2293 ι
3565 2241 3615 2296 id
3643 2254 3724 2296 est
3751 2242 3947 2300 Centi-

2336 2329 2461 2384 lium
2504 2328 2770 2403 (Cypriau.
2814 2331 2886 2383 ad
2917 2330 3140 2387 Demetr.
3170 2350 3293 2405 pag.
3330 2332 3584 2402 195).11.ιί
3635 2345 3820 2392 autem
3870 2339 3945 2394 ab

2338 2419 2631 2478 Osuiiiensi
2680 2422 2904 2478 editioni
2951 2421 3208 2495 praefecto
3245 2424 3566 2479 sulmotatur
3621 2426 3708 2483 bis
3763 2429 3943 2487 verbis

2335 2513 2660 2587 Cyprianum
2691 2517 2992 2587 respexisse
3017 2518 3082 2572 ad
3119 2518 3468 2575 memorabile
3506 2518 3941 2579 Christianorum

2336 2609 2560 2672 facinus,
2590 2611 2679 2681 qui
2709 2610 2810 2664 sub
2837 2611 3053 2666 Aurelio
3085 2611 3409 2681 imperatore
3433 2612 3684 2679 imbrem,
3737 2615 3809 2672 de
3833 2633 3944 2688 quo

2335 2718 2434 2758 nos
2501 2705 2551 2758 in
2616 2703 2882 2773 superiori
2934 2704 3314 2761 dissertatione
3370 2707 3595 2777 egimus,
3668 2712 3941 2768 exercitui

2332 2797 2550 2852 omnino
2580 2797 2942 2853 necessarium
2963 2798 3215 2853 divinitus
3246 2799 3677 2868 impetraverunt.
3722 2801 3940 2860 Verum

2332 2893 2454 2963 quia
2521 2892 2820 2965 Cyprianus
2868 2893 3001 2947 dixit
3047 2891 3386 2950 Christianos
3431 2894 3689 2965 «iugiter,
3760 2906 3942 2968 atque

2334 2985 2598 3040 inStanter
2631 3005 2650 3038 ι
2721 2985 2812 3041 Dei
2869 2985 3247 3056 imploravisse
3275 2988 3718 3054 misericordiam,
3751 3006 3941 3049 nonne

618 3078 853 3146 giebant,
899 3094 1100 3150 eosque
1145 3080 1320 3134 inviis
1361 3081 1662 3136 semineces
1689 3079 2074 3147 destituebant,
2128 3088 2222 3136 aut
2247 3077 2292 3141 C
2331 3075 2414 3132 bis
2461 3077 2638 3133 verbis
2685 3076 3028 3154 quotidianas
3067 3079 3244 3149 potius
3267 3078 3545 3135 denotavit
3571 3081 3784 3137 illorum
3814 3099 3939 3154 pre-

621 3177 866 3225 mortuos
911 3171 1206 3240 insepultos
1261 3171 1617 3240 projiciebant
1670 3183 1982 3228 aversantes
2036 3174 2224 3229 mortis

629 3261 1094 3330 participationem
1169 3277 1234 3318 ac
1260 3264 1608 3331 societatem;
1658 3281 1817 3337 quam
1875 3277 2049 3322 tamen
2101 3267 2220 3324 licet

620 3351 903 3422 multiplici
948 3353 1183 3408 adhibita
1227 3355 1475 3410 cautione
1525 3371 1588 3412 ae
1641 3357 1916 3430 diligentia
1946 3399 1960 3425 ,
2015 3360 2223 3416 evitare

618 3455 727 3497 non
769 3451 1012 3512 poterant
1051 3441 1268 3515 (Euseb.
1324 3444 1412 3498 lib.
1463 3462 1534 3502 vn
1574 3446 1776 3504 Hister.
1805 3447 2005 3505 Eccles.
2034 3467 2131 3521 cap
2153 3451 2225 3506 22

617 3549 740 3604 pag.
790 3531 944 3605 269).
984 3553 1005 3588 ι

687 3624 993 3682 Secundum
1039 3641 1166 3683 vero
1220 3626 1476 3685 horumce
1509 3631 1808 3699 hominum,
1850 3633 1994 3688 omni
2036 3633 2222 3692 huma-

622 3715 803 3772 nitatis
847 3731 1009 3773 sensu
1066 3718 1223 3790 plane
1294 3719 1694 3789 destitutorum,
1769 3722 1954 3795 ﬂagitii
2027 3741 2216 3796 genus,

621 3821 722 3863 nec
768 3808 946 3876 priore
986 3811 1184 3876 minus,
1233 3810 1362 3866 illud
1399 3813 1527 3880 fuit,
1585 3830 1692 3884 quo
1743 3817 2034 3872 morientes
2100 3816 2222 3874 ideo

620 3895 976 3964 dereliquisse
1014 3899 1352 3967 videbantur,
1384 3919 1404 3953 ι
1435 3919 1502 3958 ue
1527 3914 1772 3974 possent,
1802 3905 1927 3961 dum
1965 3919 2222 3966 curantur

620 3987 850 4042 evadere
887 3987 1158 4059 (Cyprian.
1189 3992 1258 4044 ad
1280 3991 1503 4048 Demetr.
1535 4012 1656 4068 pag.
1689 3996 1836 4068 189).
1866 4017 1886 4050 ι
1936 3998 2052 4054 Non
2076 4001 2218 4056 enim

627 4090 818 4132 eorum
851 4079 1108 4146 optabant
1154 4082 1458 4148 sanitatem,
1491 4084 1584 4138 sed
1608 4095 1832 4142 mortem
1861 4088 2217 4157 celerrimaui;

628 4176 685 4222 ιιι
751 4169 803 4224 iu
861 4185 1048 4226 eorum
1117 4172 1252 4227 bona
1308 4184 1362 4228 ct
1433 4175 1706 4233 facultates
1729 4179 1887 4234 citius
1933 4181 2215 4238 irruerent.

618 4257 790 4315 Nemo
830 4261 1063 4331 quippe,
1108 4271 1162 4318 ut
1209 4278 1337 4319 mox
1395 4265 1588 4321 citatus
1614 4285 1641 4320 a
1671 4270 1823 4324 nobis
1869 4271 2088 4327 Pontius
2140 4273 2221 4328 di-

619 4354 794 4418 cebat,
849 4353 994 4410 aliud
1051 4357 1308 4426 respexit,
1352 4374 1510 4428 quam
1541 4361 1682 4416 lucra
1720 4363 1976 4418 crudelia.
2037 4365 2220 4437 Neque

617 4442 670 4496 id
687 4453 833 4499 certe
850 4445 1276 4502 dissimulabant.
1309 4449 1518 4504 Etenim
1547 4470 1566 4502 ι
1593 4452 1885 4521 pra-dandi,
1903 4474 1921 4506 ι
1951 4457 2023 4510 ait
2045 4457 2217 4515 adhuc
2241 4467 2296 4527 D

617 4535 936 4606 Cyprianus,
975 4557 993 4589 ι
1028 4538 1383 4595 dissimulatio
1405 4543 1568 4608 nulla,
1599 4545 1742 4598 nulla
1765 4547 2051 4616 cunctatio,
2075 4550 2218 4606 nulla

617 4628 892 4685 formido»
956 4630 1119 4694 (Ibid.
1170 4652 1291 4705 pag.
1340 4635 1486 4704 190).
1553 4637 1656 4694 Sed
1709 4654 1802 4694 eos
1858 4641 2038 4698 videre
2103 4654 2220 4700 erat

617 4720 812 4790 passim
865 4721 1246 4790 discurrentes,
1285 4725 1660 4785 defunctorum
1721 4731 1858 4786 bona
1923 4735 2212 4802 rapientes,

615 4822 670 4867 et
715 4824 1058 4882 occupantes.
1119 4814 1195 4869 Ne
1258 4819 1377 4886 quis
1444 4835 1572 4875 vero
1619 4821 1775 4890 alius,
1834 4827 1944 4894 pari
1993 4829 2213 4884 avaritia

619 4903 798 4959 hiante
839 4905 1050 4959 illorum
1098 4908 1312 4977 rapinas
1371 4923 1738 4980 prznverteret,
1796 4928 1993 4986 priesto
2061 4931 2214 4976 erant

606 4997 829 5063 falsarii,
869 4997 958 5067 qui
1005 5000 1348 5056 morientium
1401 5015 1716 5060 lesliIIHCIIiil
1751 5007 1885 5064 falsa
1937 5027 2199 5083 suppone-

611 5089 760 5155 bant,
808 5104 977 5158 eaque
1009 5090 1273 5159 judicum,
1334 5099 1504 5165 pretio
1549 5113 1942 5172 corruptorum,
1973 5111 2208 5165 auctori-

611 5193 720 5237 tate
772 5193 1039 5252 tamquam
1104 5201 1226 5239 vera
1283 5190 1566 5246 confestim
1611 5199 2059 5266 approbabautur.

677 5274 902 5331 Tantum
957 5279 1114 5350 igitur
1167 5281 1320 5338 abest
1368 5294 1420 5338 ut
1487 5287 1869 5357 improbissimi
1921 5293 2202 5366 homines,

602 5373 678 5419 tot
725 5369 992 5439 tantisque
1049 5372 1292 5428 cladibus
1353 5380 1548 5444 vexati,
1600 5381 2004 5452 resipiscerent,
2072 5391 2202 5460 quin

604 5459 736 5514 iram
786 5462 879 5518 Dei
926 5479 1032 5519 non
1090 5467 1362 5538 timentes,
1410 5474 1747 5542 gravioribus
1792 5477 2005 5549 ﬂagitiis
2056 5459 2202 5539 illam

599 5552 654 5644 in
701 5567 761 5608 se
809 5567 1022 5626 semper
1066 5559 1254 5614 acrius
1303 5563 1644 5619 concitabant
1673 5566 1834 5636 (Ibid.
1891 5587 2011 5642 pag.
2045 5572 2195 5644 188).

601 5642 790 5701 Merito
860 5648 1036 5718 itaque
1085 5651 1231 5705 citati
1282 5653 1348 5706 ab
1397 5665 1616 5713 auctore
1670 5669 1854 5718 nostro
1916 5642 2222 5738 Prophette'

2329 3185 2438 3236 ces,
2479 3169 2674 3240 quibus
2698 3179 2752 3224 et
2794 3169 3039 3238 privatim
3061 3179 3117 3225 et
3147 3170 3361 3240 publice
3394 3172 3444 3227 in
3493 3173 3627 3238 suis,
3662 3175 3734 3228 uti
3755 3174 3934 3232 adhuc

2328 3262 2740 3328 annotavimus,
2789 3262 3081 3334 synaxibus
3132 3263 3300 3318 Deum
3349 3280 3451 3335 pro
3491 3265 3926 3338 imperatoribus,

2327 3365 2383 3411 et
2437 3357 2619 3411 saeculi
2642 3365 2783 3411 statu
2810 3355 3036 3412 orabant
3058 3355 3350 3430 (Disseruit.
3388 3359 3445 3413 in
3475 3357 3684 3415 Tertull.
3710 3377 3806 3431 cap
3830 3363 3932 3431 19,

2326 3455 2425 3498 art.
2453 3443 2490 3499 2
2517 3456 2560 3499 et
2588 3463 2706 3518 cap.
2747 3447 2839 3512 23,
2870 3458 2972 3503 art.
2995 3445 3053 3512 4,
3079 3445 3218 3502 Ibid.
3245 3463 3363 3518 cap.
3397 3449 3488 3514 15,
3519 3461 3622 3505 art.
3655 3451 3730 3523 1).

2398 3538 2606 3608 Quanta
2649 3550 2827 3596 autem
2865 3549 2981 3597 erat
3021 3541 3358 3598 ethnicorum
3407 3544 3460 3598 in
3530 3545 3745 3602 sodales
3785 3561 3932 3614 suos,

2327 3643 2479 3705 peste
2525 3635 2853 3701 laborantes,
2896 3643 2990 3691 aut
3029 3635 3349 3706 morientes,
3395 3647 3489 3693 aut
3543 3649 3805 3707 mortuos,
3855 3645 3933 3700 uti

2327 3741 2450 3781 mox
2493 3726 2822 3795 dicebamus,
2867 3727 3248 3797 inhumanitas,
3298 3739 3355 3787 et
3407 3745 3704 3788 avarorum
3753 3734 3930 3789 homi-

2326 3837 2453 3877 num
2486 3821 2776 3878 crudelitas
2803 3822 3150 3891 insatiabilis,
3211 3832 3354 3879 tanta
3383 3835 3501 3881 erat
3539 3825 3595 3880 in
3650 3840 3746 3882 eos
3773 3827 3932 3883 Chri-

2325 3915 2622 3969 stianorum
2671 3915 2860 3985 pietas,
2911 3915 3168 3982 charitas,
3233 3924 3289 3971 et
3327 3916 3741 3972 commiseratio.
3790 3917 3934 3973 Vita:

2323 4008 2465 4064 enim
2490 4022 2602 4063 sua:
2645 4011 2880 4087 periculo
2926 4025 3086 4066 omne
3134 4009 3294 4080 aegris
3326 4020 3380 4065 et
3407 4008 3625 4063 mortuis
3649 4010 3926 4066 auxilium

2327 4101 2581 4158 tulerunt.
2615 4101 2916 4173 Cyprianus
2944 4103 3221 4158 enimvero
3248 4108 3607 4171 congregat-im
3637 4099 3923 4169 protinus,

2326 4195 2399 4249 uti
2448 4193 2672 4250 Pontius
2718 4205 2918 4261 narrat,
2971 4195 3184 4266 plebem
3237 4193 3340 4249 sibi
3386 4191 3725 4248 commissam
3769 4200 3925 4248 tanta

2324 4287 2647 4358 eloquentia:
2693 4289 2743 4342 vi
2773 4287 2840 4343 ad
2867 4288 3171 4345 exhibenda
3202 4286 3586 4358 :rgrotantibus
3609 4285 3791 4340 omnia
3823 4285 3927 4342 mi-

2325 4381 2634 4437 sericordiae
2683 4398 2844 4452 opera
2888 4380 3205 4437 adhortatus
3251 4389 3368 4448 est,
3416 4390 3477 4436 ut
3524 4396 3644 4450 qua:
3688 4393 3720 4434 a
3761 4377 3923 4434 Chri—

2323 4475 2509 4529 stianis
2537 4475 2804 4544 persoluta
2837 4476 3065 4544 fuerunt,
3094 4473 3180 4531 vix
3209 4474 3687 4546 possintexplicari
3734 4472 3919 4544 (Poni.

2323 4567 2374 4620 iu
2413 4567 2513 4620 Vit.
2550 4566 2706 4638 Cypr.
2753 4585 2877 4638 pag.
2934 4567 2968 4622 5
3006 4578 3060 4624 et
3088 4568 3169 4640 ὃ).
3212 4567 3453 4638 Singulis
3495 4567 3770 4622 enimvero
3821 4581 3919 4637 pro

2321 4673 2416 4713 sua
2455 4659 2712 4729 qualitate
2739 4658 3021 4715 distributa
3039 4668 3166 4714 sunt
3189 4659 3510 4724 ministeria,
3540 4658 3733 4729 quibus
3761 4672 3916 4728 opem

2321 4764 2470 4804 suam
2489 4759 2637 4819 peste
2669 4750 2880 4805 infectis
2908 4749 3238 4806 conferrent.
3265 4749 3423 4805 Nulla
3449 4764 3579 4805 vero
3606 4749 3915 4819 interposita

2321 4855 2506 4906 mora,
2564 4839 2760 4896 divites
2790 4857 2852 4896 ea
2880 4841 3059 4897 omnia
3109 4856 3227 4912 qua:
3278 4841 3560 4912 egentibus
3613 4840 3911 4896 necessaria

2319 4944 2491 4998 erant,
2558 4934 2696 4988 mira
2749 4932 3072 4989 liberalitate
3119 4933 3506 5004 largiebantur.
3556 4931 3909 5000 Pauperiores

2313 5040 2491 5085 autem
2534 5029 2858 5095 mercedem,
2909 5028 3109 5085 divitiis
3167 5029 3417 5085 omnibus
3470 5028 3800 5095 chariorem,
3833 5032 3905 5085 la—

2313 5120 2444 5177 bore
2483 5136 2583 5176 suo
2629 5121 3127 5176 subministrabant.
3169 5119 3278 5176 Sed
3325 5122 3378 5176 in
3416 5121 3519 5176 hoc
3569 5122 3904 5192 incompara-

2313 5212 2476 5267 bilem
2513 5210 2717 5279 Tobiaa,
2745 5211 2899 5282 cujus
2953 5213 3109 5267 venia
3151 5212 3371 5268 Pontius
3399 5213 3531 5268 illud
3580 5213 3779 5269 dictum
3806 5232 3897 5269 vu-

2309 5306 2442 5372 luit,
2479 5306 2531 5360 in
2583 5305 2685 5362 hoc
2735 5307 3062 5376 superabant
3115 5307 3392 5377 pietatem,
3437 5307 3580 5378 quod
3607 5307 3760 5364 hisce
3801 5311 3902 5365 mi-

2309 5396 2618 5453 sericordia:
2662 5397 2853 5454 officiis
2905 5399 3238 5454 conabantur
3289 5415 3395 5454 non
3441 5408 3648 5454 tantum
3685 5399 3901 5456 domes-

2307 5492 2439 5543 ticos
2477 5487 2600 5544 fidei
2641 5488 2944 5555 sublevare,
2993 5489 3086 5544 sed
3137 5490 3238 5544 sibi
3291 5492 3455 5546 etiam
3515 5493 3898 5550 infensissimos

2303 5578 2532 5648 gentiles
2576 5593 2712 5649 quos
2755 5579 2916 5634 etiam
2974 5588 3217 5636 mortuos
3276 5597 3384 5639 non
3433 5598 3590 5641 secus
3636 5599 3699 5640 ac
3747 5583 3896 5639 Chri-

2304 5671 2510 5728 stianos
2570 5670 2895 5728 mandabant
2947 5671 3259 5744 sepultum.
