4202 6272
333 314 471 371 1009

1742 310 2208 369 DISSERTATIO.

3492 317 3633 377 1ὓ10

404 435 474 488 At
525 429 808 502 Dionysius
860 426 1252 483 Alexandrinus
1298 425 1414 482 haec
1464 426 1631 482 fusius
1674 427 1923 495 explicat.
1954 425 2009 486 A
2033 425 2154 482 bilis
2182 426 2371 493 virtus,
2404 428 2523 483 laeta
2558 430 2832 498 patientia,
2868 430 2998 487 ndes
3038 431 3213 497 ﬁrma,
3259 439 3315 487 et
3352 432 3630 502 promissa:

334 523 578 589 Plurimi,
612 521 800 592 inquit,
830 520 956 576 dum
998 521 1154 591 mgris
1182 519 1398 574 assidue
1440 518 1806 573 ministrantes
1838 533 1925 574 re-

332 617 622 673 stituerunt
651 629 833 668 eoruzu
870 612 1253 675 valetudinem,
1288 610 1385 681 ipsi
1416 618 1520 663 tant
1556 619 1736 664 sancta
1766 626 1924 680 quam

332 710 563 784 gloriosn
604 718 775 762 morte
806 705 1139 760 interierunt.
1176 704 1277 758 Alii
1308 716 1653 773 posteaquam
1685 714 1926 758 mortuo-

332 823 452 864 rum
477 806 665 861 oculos
686 813 738 859 et
775 819 868 858 ora
896 803 1232 869 clausissent,
1264 810 1540 871 postquam
1569 800 1781 855 illorum
1808 815 1927 855 cor-

333 914 465 973 pora
510 899 622 953 suis
652 897 889 951 humeris
922 894 1266 965 bajulassent,
1291 893 1564 961 lavisscnt,
1594 892 1928 964 composuis-

330 1003 473 1059 sent,
520 1006 584 1047 ac
627 989 786 1044 Solito
838 1004 987 1043 more
1038 986 1376 1042 ornavissent
1425 986 1772 1049 vestimentis,
1826 985 1926 1055 ipsi

333 1086 490 1159 paulo
522 1092 641 1155 post
670 1080 888 1148 mortui,
916 1079 1102 1135 eadem
1128 1079 1305 1135 ofﬁcia
1334 1079 1400 1133 ab
1429 1078 1547 1133 aliis
1577 1086 1922 1149 exceperunt.

333 1180 507 1249 Atque
550 1176 673 1239 hoc,
723 1183 777 1227 ut
823 1181 967 1227 recte
1011 1170 1223 1241 quidem
1276 1170 1562 1241 Dionysius
1603 1170 1694 1235 ait,
1739 1169 1927 1223 mortis

332 1285 500 1345 genus
526 1269 595 1325 ob
626 1269 874 1339 pietatem
908 1254 961 1321 et
1006 1264 1127 1319 fidei
1163 1264 1519 1318 constantiam
1567 1277 1671 1316 non
1704 1260 1928 1317 inferius

332 1363 589 1435 martyrio
658 1370 909 1415 censetur
966 1354 1178 1425 (Euseb.
1224 1356 1312 1409 lib.
1357 1370 1427 1409 vn
1475 1354 1674 1413 IIistor.
1726 1353 1926 1409 Eccles.

330 1472 447 1525 cap.
474 1451 567 1512 22.
598 1469 717 1523 pag.
754 1448 909 1521 269).
938 1448 1068 1515 Quis
1096 1458 1275 1503 autem
1309 1464 1413 1501 nou
1448 1447 1625 1502 videat
1649 1462 1807 1516 quam
1840 1445 1924 1501 di-

328 1563 484 1605 versa
507 1546 704 1601 fuerint
740 1559 806 1598 eo
842 1542 1160 1600 calamitose
1191 1543 1355 1611 pestis
1389 1550 1630 1611 tempore
1659 1540 1922 1597 Christia-

331 1656 523 1698 norum
562 1648 615 1694 ct
639 1636 909 1709 gentilium
939 1650 1124 1705 Opera,
1164 1644 1219 1691 et
1256 1636 1473 1706 quinam
1516 1651 1580 1691 ex
1622 1636 1729 1691 illis
1757 1637 1924 1692 Deum

330 1732 667 1799 ollenderint,
699 1741 790 1786 aut
820 1728 1093 1801 potuerint
1122 1729 1313 1783 iratum
1347 1729 1557 1799 placare
1576 1729 1600 1783 ?

910 1919 1209 1962 ARTICULUS
1247 1920 1337 1962 γιι.

329 2044 430 2099 Cur
460 2043 756 2107 Christiani,
798 2042 951 2113 plane
979 2042 1286 2107 innocentes,
1320 2041 1495 2096 iisdem
1523 2041 1739 2108 publicis
1777 2044 1921 2097 cola.

469 2136 756 2204 raritatibus,
786 2150 847 2188 ac
880 2134 1111 2189 scelerati
1132 2134 1347 2205 gentiles
1379 2132 1752 2205 aﬂligebantur.

362 2306 365 2307 ν
399 2263 651 2329 Miraudis
692 2273 846 2342 plane
882 2272 1128 2327 maxima:
1168 2271 1591 2326 Christianorum
1640 2270 1690 2325 in
1735 2286 1924 2326 onmes

330 2366 544 2440 pietatis
580 2364 835 2434 Operibus
885 2364 1105 2419 minime
1149 2364 1403 2417 commoti
1455 2363 1702 2433 gentiles,
1746 2364 1924 2418 aerius

330 2458 621 2524 instabant,
662 2457 939 2527 palamque
968 2455 1400 2511 vociferabantur
1429 2455 1669 2526 iniquum
1706 2457 1925 2512 omnino

330 2550 447 2605 fore
493 2549 679 2614 Deum,
722 2549 766 2603 si
813 2548 1037 2618 publicis
1080 2545 1475 2601 calamitatibus
1522 2546 1793 2617 improbos
1823 2563 1924 2617 pu-

329 2642 547 2709 niendo,
582 2642 643 2696 iis
685 2650 737 2696 et
768 2649 1035 2696 merentes
1063 2648 1117 2695 et
1149 2639 1494 2695 immerentes
1521 2639 1719 2711 pariter
1746 2650 1921 2707 vexet,

328 2744 489 2806 atque
555 2735 745 2789 obruat
792 2732 1062 2806 (Cyprian.
1109 2733 1176 2787 ad
1206 2732 1431 2787 Demetr.
1466 2751 1585 2804 pag.
1617 2732 1765 2803 192).
1816 2732 1923 2789 Sed

327 2828 465 2885 hanc
495 2828 1031 2898 argumentationem,
1075 2827 1272 2895 saepius
1315 2826 1383 2882 ab
1411 2825 1535 2892 illis,
1585 2836 1641 2879 ut
1670 2826 1919 2896 vidimus,

329 2921 628 2989 repetitam,
657 2917 958 2988 Cyprianus
988 2926 1170 2972 noster
1198 2919 1359 2972 variis
1385 2918 1648 2972 rationum
1678 2932 1923 2971 momen-

329 3012 396 3067 tis
423 3010 575 3065 diluit
615 3009 907 3081 (Dissertat.
956 3010 1007 3062 in
1054 3009 1267 3063 Tertull.
1318 3026 1435 3079 cap.
1467 3010 1559 3073 25,
1599 3020 1700 3063 art.
1734 3010 1757 3065 1
1788 3009 1921 3075 et5;

328 3104 487 3177 Cypr.
533 3104 655 3158 ibid.
702 3120 821 3173 pag.
866 3102 1016 3173 192).
1060 3103 1300 3158 Primum
1329 3104 1487 3158 enim
1531 3100 1725 3157 fatetur
1756 3101 1922 3156 Deum

2032 519 2132 573 sibi
2186 534 2215 574 a
2268 519 2378 575 Deo
2418 528 2635 575 internae
2674 520 2942 579 felicitatis
2986 534 3130 579 certa
3176 538 3301 594 spes
3336 534 3390 579 et
3432 538 3627 595 exspe-

2030 612 2214 667 ctatio.

2103 703 2306 759 Deinde
2334 718 2463 760 vero
2490 696 2593 760 non
2623 704 2743 760 ideo
2771 706 3003 762 mundus
3035 715 3111 761 tot
3139 707 3379 764 cladibus
3410 724 3627 778 preme-

2030 796 2205 865 batur,
2234 798 2356 868 quia
2392 798 2682 853 Christiani
2720 796 2884 853 falsos
2913 799 3044 854 deos
3076 815 3180 855 non
3208 802 3496 857 colebant:
3528 802 3624 859 sed

2031 889 2177 944 illum
2210 905 2369 945 verus
2401 891 2540 946 Deus
2576 892 2659 945 his
2690 892 2871 946 vexari
2900 892 3160 962 permisit,
3198 902 3255 947 ut
3288 912 3307 945 ‹
3340 896 3429 965 qui
3461 896 3628 950 bene~

2031 982 2184 1048 ﬁciis,
2222 1001 2240 1034 ι
2285 984 2362 1038 ait
2407 984 2723 1055 Cyprianus,
2757 1003 2774 1036 ‹
2814 999 2919 1039 non
2967 985 3299 1053 intelligitur,
3343 988 3421 1042 vel
3457 988 3626 1057 plagis

2029 1073 2354 1145 intelligatur
2379 1074 2538 1144 (Ibid.
2563 1093 2684 1145 pag.
2725 1073 2875 1146 195).
2911 1093 2929 1127 ι
2964 1075 3179 1130 Ethnici
3212 1077 3388 1147 itaque
3432 1077 3515 1133 bis
3535 1093 3625 1133 ca-

2030 1164 2355 1222 lamitatibus
2372 1167 2492 1222 ideo
2514 1168 2891 1238 puniebantur,
2914 1178 2969 1223 ut
2989 1184 3081 1224 eos
3104 1170 3385 1225 crimimun
3403 1186 3620 1227 suorum

2030 1264 2335 1335 paeniteret,
2363 1280 2424 1320 ac
2453 1267 2649 1335 rejecto
2671 1267 2884 1322 tandem
2915 1267 3100 1320 insano
3124 1264 3373 1323 falsorum
3398 1268 3622 1325 deorum

2030 1355 2197 1421 cultu,
2232 1355 2444 1410 unicum
2471 1368 2825 1426 agnoscerent
2854 1365 2909 1411 et
2937 1357 3175 1411 colerent
3202 1360 3627 1430 omnipotentem

2032 1446 2225 1512 Deum,
2248 1462 2312 1502 ac
2345 1463 2525 1502 veram
2555 1450 2865 1520 religionem
2898 1450 3352 1518 amplexarentur.

2103 1541 2182 1595 Ad
2208 1540 2323 1597 haze
2348 1557 2475 1597 vero
2500 1541 2790 1597 Christiani
2814 1552 3093 1608 noverant,
3124 1552 3173 1598 et
3200 1544 3540 1601 conﬁdebant
3567 1562 3628 1603 se

2030 1635 2220 1690 iisdem
2250 1636 2491 1690 adversis
2517 1636 2731 1705 probari
2778 1645 2831 1691 et
2873 1636 3231 1691 corroborari.
3268 1637 3625 1702 Quamobrem

2029 1729 2134 1784 alio
2160 1729 2457 1800 Cyprianus
2504 1730 2554 1782 iu
2584 1728 2721 1783 libro
2752 1746 2764 1782 :
2802 1746 2821 1780 ι
2861 1728 3030 1796 Quam
3067 1732 3451 1793 necessarium,
3482 1749 3501 1783 ι
3548 1733 3629 1786 in-

1953 1818 2001 1881 B
2029 1821 2262 1890 quiebat,
2295 1839 2313 1872 ι
2348 1822 2491 1891 quod
2536 1821 2699 1891 pestis
2738 1820 2825 1875 illa
2856 1830 2910 1876 et
2941 1821 3077 1886 lues,
3110 1838 3229 1892 qua:
3270 1822 3541 1878 horribilis
3571 1834 3627 1880 et

2028 1912 2213 1969 feralis
2242 1912 2477 1979 videtur,
2520 1913 2763 1983 explorat
2788 1914 3048 1982 justitiam
3077 1914 3527 1986 singulorum.....
3559 1934 3627 1972 an

2027 2006 2254 2060 infirmis
2282 2006 2521 2061 serviant
2558 2007 2695 2069 sani,
2737 2020 2803 2059 an
2835 2008 3116 2077 propinqui
3150 2017 3406 2078 cognatos
3436 2009 3522 2079 pie
3546 2009 3627 2063 di-

2026 2099 2210 2171 ligant,
2261 2115 2328 2153 an
2381 2100 2737 2154 misereantur
2774 2113 3054 2152 servorum
3108 2098 3472 2171 languentium
3518 2102 3625 2155 Do-

2028 2189 2179 2254 mini,
2208 2205 2275 2245 an
2304 2190 2658 2261 deprecantes
2693 2204 2867 2260 aegros
2892 2202 2998 2244 non
3027 2188 3283 2244 deserant
3313 2191 3526 2257 medici,
3557 2208 3625 2247 an

2027 2299 2250 2356 rapaces
2277 2284 2517 2340 avaritia:
2556 2282 2784 2338 furentis
2816 2282 3171 2338 insatiabilem
3209 2298 3424 2350 semper
3458 2283 3623 2337 ardo-

2026 2389 2139 2430 rem
2180 2374 2264 2429 vel
2298 2386 2440 2429 metu
2488 2375 2677 2428 mortis
2705 2374 3068 2444 exstinguant,
3113 2389 3179 2427 an
3220 2374 3484 2427 cervicem
3528 2374 3627 2429 ile-

2026 2477 2171 2523 ctant
2200 2468 2437 2537 superbi,
2480 2484 2546 2521 an
2576 2466 2849 2522 audaciam
2882 2466 3085 2521 leniant
3113 2465 3361 2535 improbi,
3391 2482 3460 2519 an
3493 2480 3620 2535 per-

2026 2564 2277 2619 euntibus
2302 2563 2480 2617 charis
2507 2563 2591 2618 vel
2631 2564 2707 2617 sic
2752 2562 2949 2634 aliquid
2976 2563 3172 2618 divites
3212 2562 3528 2630 largiantur,
3558 2577 3623 2619 ac

2026 2656 2246 2721 donent,
2273 2658 2389 2711 sine
2434 2656 2649 2711 haerede
2674 2658 2918 2712 morituri
2948 2656 3109 2729 (Ibid.
3132 2674 3250 2729 pag.
3284 2658 3422 2722 195;
3451 2657 3624 2727 Idem,

2027 2750 2117 2805 lib.
2150 2750 2213 2803 de
2243 2749 2499 2803 Mortalit.
2533 2766 2653 2819 pag.
2681 2747 2831 2818 162).
2864 2769 2883 2801 ι
2918 2749 3052 2804 Nam
3081 2751 3235 2804 sicuti
3263 2750 3499 2806 nauelcri
3533 2764 3632 2819 pe-

2025 2844 2147 2900 ritia
2195 2843 2530 2914 dignoscitur
2578 2842 2629 2895 iu
2670 2850 3007 2912 tempestate,
3064 2842 3220 2896 sicuti
3276 2841 3460 2895 militis
3505 2840 3629 2895 ani-

2027 2952 2147 2992 mus
2178 2937 2231 2991 in
2259 2936 2372 2990 acie
2404 2934 2682 3005 probatur,
2726 2934 2882 2989 sicuti
2930 2933 3159 2988 Ahraha:
3205 2931 3340 2987 ﬁdes
3365 2934 3629 3003 imperato

2030 3029 2120 3084 lilii
2149 3029 2228 3085 sui
2272 3028 2536 3083 sacrilicio
2565 3035 2763 3081 tentata
2802 3036 2915 3090 est;
2959 3026 3039 3081 sic
3070 3026 3152 3081 his
3197 3024 3424 3095 publicis
3460 3024 3628 3081 cladi-

2030 3122 2126 3176 bus
2149 3120 2474 3191 probabatur
2503 3120 2672 3173 virtus
2713 3130 2765 3173 et
2795 3116 3046 3189 patientia
3075 3115 3513 3181 christianorum,
3561 3131 3627 3175 ac

328 3212 507 3267 posse.
552 3197 992 3266 quotiescumque
1029 3196 1261 3263 libuerit.
1318 3210 1381 3250 ea
1436 3195 1574 3249 mala
1608 3194 1913 3265 prohibere.
1942 3201 1989 3265 C
2022 3214 2243 3285 probata
2272 3212 2631 3267 coronabatur
2651 3210 2861 3284 (me).
2887 3208 2994 3264 Cur
3022 3210 3192 3280 ergo?
3228 3227 3246 3261 ‹
3276 3210 3409 3278 Quia
3440 3209 3568 3275 nisi,
3597 3228 3619 3265 ι

325 3290 420 3346 sed
452 3290 685 3345 noluisse
714 3298 930 3360 propter
957 3288 1312 3353 ethnicorum,
1344 3296 1401 3341 ut
1434 3285 1788 3351 ostendimus,
1822 3286 1922 3340 im-

325 3384 643 3454 probitatem
671 3394 724 3438 et
761 3383 983 3445 scelera,
1018 3396 1157 3452 quin,
1187 3382 1324 3436 sicut
1371 3380 1443 3433 ait
1486 3377 1778 3449 Pr0pheta,
1816 3377 1918 3431 ho-

326 3476 499 3532 mines
545 3477 613 3531 ab
662 3478 777 3547 ipso
820 3485 1074 3546 separant
1119 3474 1219 3548 (Is.
1251 3491 1363 3530 th.
1392 3474 1471 3545 2).
1522 3473 1579 3529 Si
1633 3489 1763 3543 ergo
1812 3488 1919 3528 non

329 3570 696 3642 peccavissent
721 3568 945 3631 ethnici,
973 3578 1064 3622 aut
1102 3568 1147 3622 si
1193 3568 1458 3622 sinceram
1486 3567 1723 3637 egissent
1752 3566 1921 3621 scele-

325 3680 443 3722 rum
473 3679 691 3720 suorum
726 3664 1115 3732 paenitentiam,
1161 3672 1269 3717 tum
1315 3678 1345 3717 a
1377 3663 1485 3719 Deo
1515 3678 1620 3717 non
1666 3662 1918 3732 separati,

325 3758 527 3814 nullam
581 3756 819 3828 profecto
872 3756 1181 3811 habuissent
1228 3770 1444 3810 causam
1495 3754 1562 3809 de
1610 3754 1702 3809 illo
1743 3763 1796 3809 et
1851 3753 1921 3808 de

324 3848 638 3904 Christianis
668 3847 1061 3919 expostulandi.
1102 3844 1302 3901 Deinde
1331 3860 1458 3899 vero
1488 3846 1731 3915 quamvis
1759 3842 1918 3898 Chri-

324 3942 482 3997 stiani
512 3942 651 4011 piam
677 3940 899 3994 omnino
932 3948 1241 4007 castamque
1269 3938 1429 3995 vitam
1479 3935 1765 3999 ducerent,
1797 3934 1919 4003 quia

326 4043 502 4090 tamen
526 4033 777 4104 quamdiu
828 4032 877 4084 in
918 4033 1016 4083 hoc
1062 4027 1261 4082 mundo
1310 4036 1455 4092 sunt,
1505 4041 1599 4095 par
1627 4026 1839 4079 illorum
1867 4032 1923 4079 et

324 4124 623 4194 gentilium,
650 4120 1098 4193 quemadmodum
1134 4118 1406 4173 hominum
1448 4117 1500 4172 in
1538 4117 1725 4172 eadem
1761 4116 1921 4171 domo

325 4216 680 4281 manentium,
714 4214 871 4269 debet
898 4229 1017 4268 eSsc
1043 4211 1217 4283 quoad
1262 4225 1459 4281 corpus
1487 4209 1743 4274 conditio,
1791 4209 1922 4263 utri-

324 4326 431 4382 que
456 4309 656 4364 ideirco
693 4308 884 4363 iisdem
915 4307 1156 4362 adversis
1186 4316 1239 4360 et
1269 4303 1622 4360 incommodis
1654 4302 1815 4358 rebus
1844 4301 1922 4356 af-

323 4404 410 4459 ﬁci
460 4402 676 4457 debent.
730 4400 927 4455 Verum
972 4400 1129 4469 longe
1175 4398 1417 4468 dispares
1457 4394 1631 4466 quoad
1677 4395 1920 4465 spiritum

322 4503 496 4551 erant.
538 4493 763 4560 Quinam
810 4493 950 4545 enim
1003 4507 1067 4545 ex
1117 4489 1220 4543 illis
1260 4489 1363 4544 dici
1411 4496 1655 4558 poterant
1697 4487 1922 4557 publicis

2024 3305 2097 3358 ait
2133 3304 2244 3371 ille,
2270 3324 2287 3357 ι
2320 3304 2655 3372 praecesserit
2684 3318 2879 3374 pugna,
2900 3318 3001 3357 non
3037 3311 3210 3371 potest
3223 3316 3346 3357 esse
3368 3301 3628 3367 victoria;

2023 3411 2145 3450 cum
2202 3395 2361 3451 fuerit
2411 3396 2463 3450 in
2523 3411 2714 3465 pugne
2767 3395 3149 3464 congressione
3197 3394 3441 3454 victoria,
3498 3402 3628 3447 tunc

2022 3487 2179 3542 datur
2229 3487 2564 3543 vincentibus
2619 3496 2673 3541 et
2726 3502 2922 3542 corona
2976 3485 3160 3558 (Ibid.
3211 3502 3328 3555 pag.
3385 3484 3487 3539 160
3528 3487 3567 3551 ).
3601 3503 3621 3537 ι

2024 3579 2315 3648 Postquam
2370 3590 2547 3633 autem
2615 3578 2666 3632 id
2722 3577 3109 3648 quorumdam,
3165 3591 3229 3631 ac
3284 3576 3624 3645 potissimum

2025 3672 2171 3726 Pauli
2220 3670 2449 3740 apostoli
2481 3670 2763 3737 exemplis,
2796 3677 2959 3739 atque
3002 3669 3158 3737 hujus
3183 3682 3396 3736 quoque
3437 3675 3491 3719 et
3519 3666 3623 3719 Ec-

2024 3764 2299 3819 clesiastes
2340 3762 2518 3817 verbis
2565 3762 2925 3825 conﬁrmavit,
2970 3760 3092 3813 inde
3139 3758 3412 3813 concludit
3464 3757 3625 3828 longe

2024 3853 2293 3923 disparem
2324 3865 2445 3906 esse
2471 3849 2995 3914 Christianorum,ae
3021 3848 3296 3919 gentilium
3328 3856 3380 3901 et
3405 3846 3624 3901 Jnd.eo-

2024 3960 2143 4001 rum
2199 3945 2251 3999 in
2297 3942 2510 4014 publica
2562 3944 2727 4012 pestis
2756 3942 3079 4005 calamitate,
3123 3941 3344 4010 aliisque
3388 3938 3630 3995 adversis

2024 4034 2409 4091 conditionem.
2466 4032 2597 4088 Nam
2658 4032 2741 4087 his
2789 4030 2988 4087 Christi
3037 4030 3281 4086 hostibus
3334 4028 3624 4099 horrenda,

2027 4130 2097 4185 de
2123 4145 2225 4200 qua
2258 4131 2389 4184 satis
2420 4128 2647 4198 egimus,
2690 4126 2857 4196 pestis
2888 4135 3003 4179 erat
3032 4122 3341 4178 insanabilis
3384 4131 3437 4177 et
3476 4137 3623 4174 u‘.or-

2028 4221 2179 4275 tifera
2208 4220 2386 4292 plaga,
2416 4234 2519 4289 qua
2550 4216 2848 4273 morientes
2874 4216 3219 4285 rapiebantur
3240 4213 3305 4266 ad
3338 4215 3626 4280 sempiter-

2028 4329 2153 4371 num
2185 4312 2502 4383 supplicium
2527 4350 2543 4374 ,
2570 4308 2890 4364 Christianis
2920 4321 3047 4360 vero
3074 4304 3323 4359 Salutaris
3346 4316 3625 4371 excessus,

2025 4420 2132 4476 quo
2210 4403 2276 4458 ad
2329 4412 2593 4458 :eternum
2660 4397 2996 4469 refrigerium
3064 4394 3390 4450 vocabantur
3460 4390 3624 4463 (Ibid.

2028 4513 2149 4569 pag.
2180 4493 2323 4566 161).

323 4589 561 4644 cladibus
581 4588 743 4658 alﬁigi
775 4595 828 4642 et
856 4584 1199 4642 conturbari?
1229 4585 1417 4639 Nonne
1448 4583 1500 4638 hi
1527 4581 1627 4637 soli
1666 4584 1917 4653 gentiles,
1946 4588 2002 4649 Ῑ)
2106 4588 2373 4654 Quantum
2405 4598 2537 4653 ergo
2558 4581 2784 4653 gentiles
2805 4587 2860 4634 et
2887 4577 3056 4633 Judaei
3085 4575 3152 4632 de
3179 4583 3352 4647 peste,
3382 4574 3539 4643 fame,
3575 4582 3634 4631 et

324 4680 415 4750 qui
444 4680 764 4744 maerebant,
790 4678 1068 4741 dolebant,
1098 4686 1152 4732 et
1185 4688 1288 4732 tam
1316 4677 1551 4733 clamosa
1580 4690 1739 4747 quam
1778 4690 1915 4745 que-

325 4772 441 4826 rula
509 4786 639 4826 voce
695 4772 941 4825 miseram
1004 4778 1202 4824 sortem
1252 4785 1402 4824 suam
1453 4768 1922 4823 lamentabantur?

328 4862 530 4916 Contra
579 4863 776 4932 quippe
815 4861 1114 4925 christiani,
1149 4863 1318 4932 inquit
1344 4858 1643 4931 Cyprianus
1679 4878 1697 4911 r
1733 4859 1920 4930 spiritu

325 4954 496 5024 magis
526 4968 683 5022 quam
730 4968 893 5009 carne
931 4955 1190 5017 viventes,
1227 4972 1247 5006 ι
1296 4952 1580 5006 vincebant
1613 4970 1631 5003 σ
1666 4950 1923 5007 ﬁrmitate

323 5045 487 5099 animi
516 5043 878 5099 infirmitatem
928 5043 1171 5113 corporis
1200 5041 1378 5115 (Cypr.
1406 5042 1531 5096 ibid.
1563 5058 1684 5113 pag.
1718 5040 1866 5111 195).
1895 5058 1915 5093 ι

323 5138 686 5205 Quamobrem
740 5137 899 5192 nullis
944 5138 1184 5193 adversis
1229 5137 1408 5192 animo
1454 5137 1782 5191 consternati
1826 5142 1921 5191 aut

322 5229 476 5284 fracti
507 5244 795 5300 numquam
826 5228 893 5285 de
920 5230 983 5285 iis
1010 5229 1405 5295 dolebant,-vel
1433 5228 1806 5283 mussitahant.

395 5323 662 5378 Prmterea
709 5322 934 5393 gentiles
972 5323 1214 5377 miserias
1266 5336 1388 5376 suas
1444 5330 1499 5376 et
1539 5319 1917 5375 aerumnasde-

323 5416 541 5479 ﬁebant,
583 5416 705 5486 quia
754 5416 805 5469 in
844 5416 947 5471 hoc
988 5426 1191 5470 tantum
1239 5415 1436 5471 saecnlo
1476 5416 1613 5469 bene
1654 5414 1758 5467 illis
1800 5427 1919 5468 esse

322 5518 555 5578 poterat,
600 5508 837 5580 nihilque
888 5510 994 5564 illis
1043 5520 1222 5577 postea
1268 5517 1566 5578 supererat,
1611 5508 1710 5562 nisi
1740 5522 1916 5577 paena,

324 5611 379 5656 et
407 5601 562 5656 dolor
600 5601 761 5674 (Ibid.
798 5620 918 5673 pag.
962 5600 1107 5670 192).
1145 5604 1212 5656 At
1239 5600 1688 5666 Christianorum,
1720 5599 1920 5654 caduca

324 5691 485 5760 hujus
513 5693 634 5746 vite
665 5695 801 5748 bona
830 5694 1220 5763 Sperneutium,
1252 5706 1404 5745 mens
1425 5706 1454 5745 e
1484 5691 1759 5745 contrario
1785 5688 1922 5745 inter

324 5780 422 5835 has
450 5784 593 5853 ipsas
622 5782 849 5839 labentis
880 5772 1059 5839 saeculi
1090 5783 1275 5838 ruinas
1303 5790 1481 5838 erecta
1534 5790 1670 5849 erat,
1730 5781 1921 5838 immo-

2031 4679 2177 4735 bcllo
2206 4676 2694 4748 conquerebantur,
2718 4682 2773 4728 et
2796 4671 3071 4737 dolebant,
3105 4678 3308 4724 tantum
3335 4666 3631 4723 Christiani

2028 4773 2314 4843 tranquillo
2345 4772 2574 4838 lietoque
2614 4766 2793 4821 animo
2840 4764 2967 4819 illud
2999 4778 3183 4819 verum
3212 4776 3334 4818 esse
3372 4758 3634 4815 ostende-

2026 4866 2155 4919 bant
2194 4863 2367 4932 (Idem
2407 4860 2525 4912 adv.
2574 4857 2799 4911 Dentetr.
2846 4874 2964 4926 pag.
3016 4855 3141 4925 195)
3199 4853 3340 4924 quod
3380 4853 3634 4907 citatusa

2026 4955 2297 5026 Cypriano
2338 4951 2583 5005 llabaeuc
2614 4947 2872 5019 pr0pheta
2915 4947 3070 5015 longe
3114 4955 3268 5000 antea
3312 4944 3457 4997 hisce
3507 4957 3632 4996 ver-

2029 5048 2113 5102 bis
2140 5045 2463 5117 praedixerat
2490 5062 2501 5097 :
2538 5070 2557 5096 ι
2595 5041 2755 5097 Ficus
2782 5056 2888 5095 non
2918 5039 3107 5093 afferet
3146 5037 3402 5099 fructum,
3432 5044 3486 5088 et
3522 5047 3631 5088 non

2025 5150 2182 5200 erunt
2208 5138 2480 5195 nascentia
2509 5138 2562 5192 in
2597 5137 2795 5190 vineis:
2816 5134 2890 5189 Οὔ
2916 5146 3263 5203 καρποφορῆσαι
3279 5132 3361 5184 καὶ
3392 5133 3471 5182 οὒκ
3489 5134 3628 5179 εσται

2022 5250 2290 5308 γεννήματα
2330 5239 2376 5287 ἓν
2428 5234 2535 5291 ταῖς
2584 5234 2842 5295 ἀμπίλοις.
2909 5223 3196 5278 Mentietur
3259 5233 3397 5287 Opus
3466 5216 3633 5273 OliViB

2021 5338 2077 5383 et
2113 5325 2288 5393 campi
2328 5337 2434 5377 non
2477 5319 2807 5390 przestabunt
2873 5315 3075 5369 cibum.
3138 5311 3399 5367 lleﬁcient
3448 5324 3477 5363 a
3535 5322 3634 5377 pa-

2022 5417 2151 5472 bulo
2201 5390 2333 5469 Oves
2369 5400 2638 5478 τὲξὲλισιν
2688 5410 2788 5461 ἀπὸ
2848 5418 3066 5478 βρωσεως
3117 5406 3354 5475 πρόϐατα.
3401 5398 3469 5453 Et
3521 5390 3645 5451 non

2025 5515 2183 5563 erunt
2226 5507 2277 5560 in
2321 5502 2647 5574 praisepibus
2691 5499 2879 5555 boves.
2934 5498 3044 5566 Ego
3081 5494 3365 5549 autcm‘in
3408 5489 3637 5544 Domino

2023 5598 2285 5673 gaudebo,
2311 5606 2365 5652 ct
2411 5598 2462 5649 in
2494 5594 2602 5648 Dt‘O
2637 5591 2857 5646 salutari
2903 5604 3025 5643 meo
3058 5606 3070 5640 ε
3100 5594 3400 5655 Χαρήσομςιι
3448 5585 3526 5634 ἰπὶ

2024 5666 2125 5760 ὀιᾳ
2166 5695 2343 5759 euripi
2394 5711 2505 5755 μου.
2539 5704 2558 5739 ι
2619 5682 2845 5754 (Hebae.
2897 5695 2972 5746 ιν,
3021 5678 3110 5743 17,
3166 5676 3281 5745 ts.)
3381 5671 3491 5726 Nec
3562 5666 3633 5760 af

2024 5756 2169 5838 clum
2201 5756 2412 5851 quidem
2443 5780 2533 5834 aut
2562 5764 2760 5834 vanum
2780 5783 2895 5833 erat
2931 5772 3148 5827 illorum
3185 5768 3487 5840 gaudium;
3517 5756 3657 5827 quia
