4190 6266
585 337 722 407 1οη

1819 325 1887 382 ΙΝ
1936 324 2003 380 D.
2042 318 2366 391 ΩΥΡΒΙΔΝῌ
2415 317 2644 383 OPERA

3778 305 3941 367 {012

589 451 820 529 firmiter
855 445 1237 520 exspectabant
1278 426 1521 509 dandam
1545 440 1647 511 sibi
1700 454 1731 509 a
1779 437 1891 495 Deo
1928 444 2185 507 aeternam
2215 437 2269 507 Α
2297 432 2561 505 peregrini
2604 431 2967 529 Romanorum
2998 426 3369 529 minuti-Mers
3394 424 3670 529 Thracius
3689 423 3937 529 et

591 544 924 603 felicitatem.

667 638 861 693 Postea
890 650 1023 691 vero
1038 632 1340 707 Cyprianus
1368 631 1423 689 id
1445 630 1727 687 confirmat
1753 629 1912 699 longe
1940 625 2185 698 pluribus

589 732 789 801 verbis,
820 746 883 787 ex
912 728 1201 800 Sapientiae
1228 726 1366 784 libro
1394 725 1711 797 desumptis,
1743 738 1863 795 qua:
1892 721 2017 777 alibi
2046 722 2185 775 inte.

592 841 709 899 gra,
742 838 805 878 ac
831 831 1158 894 postremam
1190 828 1395 881 tantum
1426 832 1611 885 eorum
1644 826 1849 887 partem
1878 814 2007 883 alibi
2039 824 2187 869 retu-

591 915 655 968 lit
683 912 951 986 (Cyprian.
986 910 1055 964 ad
1104 908 1329 964 Demetr.
1359 924 1480 989 pag.
1524 907 1671 979 195).
1709 905 1964 961 Salomon
2006 913 2187 959 autem

595 1008 682 1063 cui
721 1006 810 1062 hic
836 1006 947 1076 ipse
988 1003 1124 1059 liber
1153 1002 1466 1079 nominatim
1509 1001 1575 1056 ab
1601 1015 1666 1065 eo
1699 998 1971 1062 tribuitur,
2004 996 2081 1052 ibi
2107 997 2189 1051 lu-

592 1100 840 1155 culenter
876 1104 1110 1162 enarrat,
1155 1110 1314 1167 quam
1358 1107 1543 1151 amare
1585 1090 1733 1161 impii
1776 1100 1835 1149 et
1878 1089 2043 1160 iniqui
2090 1086 2189 1141 ho-

594 1192 792 1257 mines,
816 1188 1035 1244 aeternis
1072 1184 1265 1241 inferni
1295 1184 1503 1257 ignibus
1534 1183 1852 1253 excruciati,
1886 1182 1998 1239 visa
2027 1180 2190 1247 Citri-

595 1284 893 1340 stianorum
933 1277 1288 1347 beatitudine,
1332 1276 1692 1331 miserrimam
1724 1286 1927 1329 sortem
1957 1288 2109 1327 suam
2138 1282 2193 1341 et

597 1384 855 1431 aeternam
921 1370 1317 1451 damnationem
1371 1366 1647 1435 deflebunt
1690 1366 1948 1441 (Sapient.
1992 1381 2048 1431 v,
2088 1365 2112 1429 l
2146 1372 2193 1418 et

597 1483 771 1538 θερέω
810 1462 1055 1535 Cypriun.
1101 1461 1187 1515 lib.
1234 1477 1288 1515 lli
1320 1457 1531 1514 Testim.
1564 1476 1686 1530 pag.
1737 1459 1838 1525 68;
1888 1456 1964 1511 De
2010 1454 2190 1511 ﬂabit.

609 1559 811 1630 Virgin.
851 1573 969 1630 pag.
999 1554 1093 1621 97,
1123 1563 1169 1609 et
1213 1553 1277 1606 de
1306 1551 1582 1606 Exhortat.
1626 1550 1851 1623 Martyr.
1884 1567 2004 1622 pag.
2040 1547 2190 1619 182).

672 1651 730 1708 ln
749 1649 1117 1721 superioribus
1146 1662 1309 1719 porro
1326 1645 1795 1701 dissertationibus
1826 1644 2026 1700 nostris
2057 1643 2194 1699 vidi-

598 1760 721 1801 mus
765 1745 905 1798 hanc
944 1742 1222 1814 gentilium
1272 1755 1338 1795 ex
1385 1738 1814 1795 Christianorum
1864 1739 2104 1793 adversis
2142 1746 2197 1797 et

2290 526 2448 595 ticus,
2480 534 2571 578 aut
2597 521 2879 578 adscititia:
2907 520 3049 587 deae,
3078 520 3235 575 sicuti
3263 517 3405 575 Juno
3424 517 3658 590 Argiva,
3686 515 3794 571 vel
3826 516 3929 572 Sa-

2291 618 2420 687 mia,
2449 616 2532 675 vel
2559 614 2742 685 Ptena,
2773 622 2865 670 aut
2900 613 3065 668 Diana
3103 612 3348 681 Taurica,
3394 620 3489 666 aut
3526 610 3711 666 Mater
3749 609 3929 665 deum

2291 712 2452 777 Idaea,
2482 716 2573 762 aut
2593 705 2774 762 Venus
2799 706 2962 761 Calva
2988 704 3248 769 Romanis
3278 704 3560 775 imperium
3595 699 3921 769 dederunt,

2290 800 2377 855 vel
2408 806 2851 873 propagaverunt.
2894 795 2996 865 Qui
3026 795 3169 851 enim
3206 811 3410 862 eorum,
3446 809 3476 849 a
3518 794 3730 865 quibus
3764 793 3929 849 cole-

2292 894 2517 957 bantur,
2582 907 2746 963 regna
2794 891 2929 947 tueri
2978 890 3279 954 valuerunt,
3324 887 3600 960 quomodo
3649 895 3931 959 poterant

2293 988 2519 1043 aliorum
2550 984 2773 1040 fundare
2811 993 2865 1039 et
2911 998 3105 1056 augere
3133 984 3438 1054 imperium,
3468 982 3675 1054 quibus
3704 979 3931 1053 cogniti

2296 1094 2582 1153 numquam
2617 1076 2867 1133 fuerant?
2896 1076 3010 1132 lluc
3037 1075 3264 1140 accedit,
3296 1075 3437 1147 quod
3464 1076 3589 1130 victi
3634 1085 3781 1131 sunt
3814 1073 3931 1130 Pe-

2296 1181 2469 1241 nates,
2515 1187 2650 1243 qnos
2700 1171 2902 1227 Encas
2936 1170 2992 1226 in
3043 1170 3247 1226 Italiam
3302 1185 3482 1225 secum
3532 1170 3923 1241 adsportavit.

2298 1264 2561 1323 Praeterea
2591 1271 2716 1318 ante
2741 1262 3016 1317 Romanos
3054 1259 3353 1316 ﬂoruerunt
3379 1262 3763 1335 Assyriorum,
3808 1260 3930 1317 He-

2296 1355 2511 1420 dorum,
2555 1353 2859 1422 Persarum,
2904 1352 3304 1427 Egyptiorum,
3345 1352 3663 1409 Grzecorum
3715 1370 3924 1425 regna.

2299 1447 2380 1502 Dii
2405 1462 2534 1518 ergo
2557 1446 2926 1502 Romanorum
2953 1461 3053 1502 nec
3081 1446 3188 1513 illa,
3223 1461 3324 1502 nec
3350 1446 3456 1504 alia
3481 1446 3841 1519 dispensant-

2368 1538 2473 1594 Sed
2503 1553 2619 1617 age,
2651 1547 2706 1594 et
2742 1538 2829 1594 dic
2873 1538 3046 1602 nobis.
3079 1554 3283 1608 qumso,
3316 1556 3475 1611 quam
3517 1540 3570 1595 in
3607 1541 3749 1599 deos
3783 1557 3923 1597 suos

2299 1630 2370 1686 ob
2399 1630 2648 1700 pietatem
2676 1629 2933 1685 Romanis
2962 1629 3193 1686 delatum
3224 1629 3321 1685 fuit
3360 1631 3671 1700 imperium,
3701 1631 3871 1704 quod
3896 1648 3927 1687 ι

2299 1725 2605 1796 parricidio,
2650 1734 2807 1801 raptu
2834 1725 3121 1796 virginum,
3150 1725 3376 1803 aliisque
3406 1725 3655 1783 nefandis
3681 1726 3925 1783 sceleri-

597 1837 974 1894 vexationibus
995 1835 1210 1892 ductam
1240 1832 1755 1903 argumentationem
1788 1848 1893 1886 non
1925 1842 2030 1887 tam
2065 1846 2194 1886 con-

2306 1817 2400 1873 bus
2446 1817 2663 1887 incepit.
2706 1806 2891 1888 Neque
2933 1816 3134 1872 dixeris
3181 1815 3308 1871 illud
3357 1826 3571 1873 auctum
3616 1819 3919 1889 auspiciis,

600 1940 684 1984 tra
715 1930 853 1996 illos,
879 1942 1039 2000 quam
1070 1935 1256 1981 contra
1292 1924 1383 1979 Dei
1417 1922 1806 1999 providentiam
1836 1938 2109 1997 pugnare;
2139 1938 2203 1979 ac

603 2017 875 2091 quomodo
900 2017 969 2072 ab
995 2015 1374 2071 eruditissimis
1396 2013 1705 2070 christiana:
1728 2014 2001 2091 religionis
2027 2014 2200 2069 vindi-

606 2112 760 2167 cibus
789 2110 1019 2166 diluatur
1045 2118 1102 2166 et
1127 2115 1419 2165 evertatur.

1231 2262 1457 2321 CAPUT
1496 2261 1563 2319 V.

766 2400 834 2439 DE
873 2398 1116 2440 CYPRIANI
1154 2394 1309 2436 LIBRO
1347 2395 1415 2437 DE
1454 2393 1723 2435 ιυοιοιωιί
1760 2389 2049 2443 νΑΝιοι-Ατε.

1135 2528 1430 2572 Αιιτιαυιυε
1467 2527 1678 2569 PRIIUI.

1110 2628 1348 2699 Analyu’s
1377 2628 1530 2696 hujus
1570 2626 1708 2680 libri.

606 2753 614 2765 '
683 2744 825 2801 Tres
863 2743 950 2800 hic
992 2741 1130 2797 liber
1158 2738 1412 2797 dividitur
1442 2738 1496 2792 in
1538 2748 1737 2809 partes,
1770 2752 1996 2811 quarum
2036 2737 2208 2811 prima

612 2839 914 2914 Cyprianus
962 2832 1199 2892 ostendit
1240 2834 1400 2889 falsos
1433 2833 1657 2888 omnino
1697 2846 1821 2888 esse
1865 2832 2204 2888 ethnicorum

613 2932 746 2988 deos
776 2928 955 3004 (Cypr.
1011 2925 1095 2984 lib.
1137 2926 1203 2980 de
1242 2924 1440 2980 ldolor.
1494 2922 1661 2979 Vanit.
1695 2941 1814 2996 pag.
1863 2925 1975 2994 il).
2017 2923 2210 2980 Mortui

613 3025 757 3080 enim
785 3037 936 3094 reges
961 3020 1029 3077 ab
1056 3020 1120 3076 iis
1158 3019 1261 3076 coli
1290 3028 1589 3090 cmperunt,
1635 3032 1698 3071 ac
1725 3015 1920 3072 deinde
1967 3017 2209 3086 expressi

615 3117 922 3175 simulacris
954 3116 1167 3171 illorum
1187 3113 1387 3180 vultus,
1425 3111 1624 3182 templa
1650 3109 1929 3176 :ediileata,
1962 3107 2208 3164 immola-

2306 1909 2563 1981 auguriis,
2595 1919 2649 1965 et
2690 1909 2812 1965 aliis
2838 1909 3143 1980 hujusmodi
3179 1911 3679 1985 superstitionibus,
3712 1913 3922 1982 quibus

2315 2012 2406 2057 aut
2431 2005 2607 2057 futura
2639 2001 2882 2071 quaedam
2917 2001 3430 2073 pra-nuntiabantur,
3459 2010 3550 2057 aut
3583 2003 3924 2058 credebatur

2307 2093 2508 2165 aliquid
2544 2102 2695 2150 extra
2726 2094 2945 2149 solitum
2983 2102 3188 2148 natura
3226 2092 3471 2154 ordinem
3513 2091 3656 2148 ﬁeri.
3693 2092 3921 2150 Etenim

2308 2204 2495 2245 eorum
2538 2188 2824 2245 falsitatem
2866 2188 3113 2259 exempla
3154 2187 3366 2258 Reguli,
3411 2188 3665 2254 Hancini,
3707 2199 3766 2245 et
3798 2189 3920 2245 Caii

2307 2281 2538 2337 Carsaris
2563 2281 2954 2338 demonstrant.
2984 2280 3122 2348 Quid
3169 2296 3319 2349 vero,
3362 2281 3506 2353 quod
3544 2281 3663 2338 haec
3714 2292 3774 2341 ct
3808 2285 3919 2340 alia

2309 2375 2472 2430 etiam
2498 2376 2696 2442 omnia,
2724 2390 2846 2449 quze
2875 2375 3102 2447 gentiles
3125 2376 3477 2447 mirabantur,
3506 2389 3614 2435 non
3641 2384 3765 2431 acta
3784 2385 3921 2432 sunt

2313 2470 2572 2527 falsorum
2601 2469 2824 2525 deorum
2847 2482 3065 2527 suorum
3091 2476 3376 2540 potestate,
3424 2467 3522 2523 sed
3549 2467 3836 2525 fraudibus
3864 2479 3922 2527 et

2313 2563 2597 2641 praestigiis
2623 2561 2951 2631 daemonum,
2976 2561 3067 2633 qui
3095 2562 3283 2633 poetis,
3322 2560 3549 2626 Socrati,
3584 2561 3775 2635 Magis,
3801 2562 3921 2621 Ho-

2304 2648 2475 2723 ‘stani,
2508 2665 2563 2711 et
2607 2654 2817 2715 Platoni
2860 2653 3059 2727 cogniti
3104 2654 3340 2720 fuerunt,
3387 2653 3634 2723 quamvis
3682 2663 3921 2725 uterque

2315 2749 2582 2817 Hostanes
2607 2756 2663 2803 et
2688 2746 2862 2815 Plato,
2891 2762 3058 2802 unum
3078 2745 3353 2801 dumtaxat
3378 2745 3543 2801 Deum
3566 2760 3690 2801 esse
3718 2746 3919 2803 docue-

2312 2842 2419 2898 rint
2455 2840 2601 2915 (pag.
2637 2840 2748 2912 14).
2798 2837 2930 2897 Nam
2988 2838 3040 2894 hi
3068 2843 3343 2895 daemones
3386 2848 3511 2894 sunt
3556 2838 3819 2895 insinceri
3860 2849 3919 2896 et

2311 2933 2502 3009 perditi
2533 2933 2774 3003 spiritus,
2808 2931 2920 3003 qui,
2943 2929 3311 3009 subdeorum
3359 2931 3549 2993 statuis
3591 2937 3649 2984 et
3686 2930 3913 3001 simula-

2320 3028 2427 3087 cris
2490 3026 2886 3097 delitescentes,
2936 3021 3173 3079 credulis
3213 3030 3268 3076 et
3321 3021 3553 3076 incautis
3600 3020 3914 3097 horninibus

2315 3118 2643 3192 persuadere
2668 3117 3002 3175 conabantur
3034 3115 3150 3171 hare
3178 3114 3245 3169 ab
3270 3114 3473 3177 eisdem
3506 3115 3610 3177 illis
3635 3114 3739 3169 diis
3770 3114 3906 3191 fieri,

613 3223 685 3267 tm
715 3213 924 3278 hostire,
967 3218 1022 3265 et
1059 3208 1178 3263 festi
1216 3206 1332 3261 dies
1376 3207 1430 3261 in
1473 3205 1711 3276 ipsorum
1755 3205 2014 3260 honorem
2061 3205 2205 3260 cele-
2315 3226 2382 3275 ne
2421 3210 2489 3266 ab
2524 3225 2711 3267 eorum
2745 3209 2890 3264 cultu
2931 3207 2998 3262 ad
3027 3222 3204 3263 veram
3249 3206 3655 3265 traducerentur
3688 3207 3902 3279 religio-

616 3302 779 3357 brati.
812 3302 889 3356 Eo
917 3306 1094 3354 autem
1124 3297 1286 3352 modo
1309 3297 1383 3352 dii
1418 3298 1541 3353 facti
1579 3306 1703 3351 sunt
1727 3313 1834 3352 non
1876 3297 2035 3352 modo
2060 3296 2209 3354 Meli-

616 3400 813 3457 certes,
837 3399 892 3445 et
919 3390 1245 3454 Leucothea,
1286 3387 1495 3454 Castor,
1524 3396 1578 3442 et
1607 3387 1816 3456 Pollux,
1842 3387 2205 3460 Esculapius,

616 3483 833 3554 Apollo,
866 3480 1162 3552 Neptduus,
1190 3496 1377 3536 verum
1407 3482 1566 3537 etiam
1592 3480 1818 3551 Jupiter,
1853 3480 2004 3551 cujus
2034 3483 2211 3551 sepul-

621 3575 809 3631 chrum
838 3575 889 3629 in
920 3568 1076 3629 Creta
1104 3572 1313 3640 visitur,
1350 3583 1402 3627 et
1430 3572 1712 3640 Saturnus,
1743 3573 1832 3643 qui
1864 3573 1988 3627 latio
2015 3589 2208 3637 nomen

615 3668 785 3735 dedit,
808 3667 896 3737 qui
920 3666 1122 3722 litteras
1150 3665 1476 3737 imprimere,
1508 3676 1561 3721 et
1588 3666 1800 3737 signare
1828 3681 2077 3721 nummos
2103 3668 2211 3736 pri-

612 3776 736 3818 mus
759 3762 808 3815 in
842 3759 989 3815 Italia
1019 3758 1218 3814 docuit.
1252 3757 1404 3814 lllum
1434 3767 1609 3814 autem
1632 3773 1662 3812 a
1689 3756 1819 3813 Jove
1848 3758 2083 3830 fugatum
2114 3775 2209 3814 ex-

612 3858 758 3925 cepit
794 3856 959 3917 Janus
998 3853 1225 3919 bifrons,
1265 3870 1296 3909 a
1343 3869 1448 3925 quo
1488 3852 1787 3923 laniculum
1832 3859 1887 3908 et
1927 3848 2210 3910 Januarius

611 3949 819 4002 mensis
838 3962 1130 4014 cognomen
1159 3961 1312 4000 suum
1340 3954 1633 4001 traxerunt.
1665 3946 1738 4001 At
1756 3946 1961 4015 planius
1982 3957 2130 4003 certe
2157 3959 2211 4003 et

609 4039 851 4109 apertius
880 4035 1043 4091 Mauri
1073 4052 1201 4095 suos
1227 4038 1508 4092 coluerunt
1529 4050 1700 4104 reges.
1726 4036 1939 4097 Ell‘raeni
1973 4053 2132 4108 porro
2157 4048 2211 4094 et

612 4128 779 4199 impia
822 4127 919 4181 hac
970 4127 1180 4181 licentia
1235 4125 1419 4195 religio
1456 4127 1728 4199 gentilium
1771 4112 2054 4199 prOpagata
2104 4141 2205 4188 cst.

613 4221 722 4277 Per
751 4219 1051 4290 provincias
1076 4210 1343 4289 siquidem
1364 4217 1556 4295 singuli
1588 4234 1691 4271 non
1724 4234 1883 4272 unum
1912 4229 1965 4273 et
2000 4236 2206 4288 verum,

610 4312 708 4368 sed
732 4312 911 4382 plures
941 4311 1091 4366 fictos
1121 4326 1150 4363 a
1182 4308 1474 4389 majoribus
1498 4310 1610 4365 Suis
1641 4308 1771 4369 deos
1795 4299 2035 4367 venerati
2060 4323 2203 4368 sunt.

615 4403 770 4472 Quod
806 4403 1019 4474 quidem
1055 4412 1245 4457 auctor
1270 4408 1454 4463 noster
1486 4399 1676 4473 probat
1713 4400 2002 4471 Alexandri
2031 4404 2206 4474 Magni

612 4494 862 4566 epistola,
901 4494 1181 4565 palamque
1221 4493 1346 4548 facit
1387 4492 1518 4548 nihil
1559 4494 1703 4549 dictu
1731 4509 1853 4550 esse
1897 4497 2203 4565 absurdius,

2316 3318 2460 3373 nem.
2479 3302 2678 3359 Omnes
2706 3300 2966 3373 siquidem
2996 3299 3208 3355 illorum
3235 3298 3460 3353 fallacize
3495 3308 3551 3354 et
3578 3297 3775 3351 fraudes
3806 3312 3893 3369 rc-

2318 3406 2471 3463 tectae
2500 3407 2646 3463 sunt,
2678 3393 2891 3464 tutando
2917 3390 3228 3460 Christiani,
3255 3390 3381 3446 illos
3408 3407 3503 3462 per
3530 3392 3685 3447 Deum
3708 3405 3900 3459 verum

2314 3487 2646 3561 adjurautes,
2669 3493 2962 3559 coegerunt
3002 3500 3109 3551 non
3138 3483 3315 3551 solum
3355 3470 3423 3538 de
3452 3482 3683 3541 obsessis
3709 3497 3905 3561 corpo-

2314 3560 2463 3649 ribus
2490 3579 2658 3641 exire,
2693 3575 2785 3633 sed
2821 3576 2992 3648 palam
3023 3591 3235 3647 quoque
3260 3575 3413 3631 fateri
3442 3576 3530 3647 qui
3562 3575 3660 3647 ipsi
3687 3560 3821 3649 sint,
3848 3576 3910 3629 il-

2315 3669 2533 3745 lumque
2561 3669 2797 3745 unicum,
2837 3678 2890 3729 et
2916 3683 3099 3723 verum
3129 3682 3250 3723 esse
3279 3668 3469 3743 Deum,
3497 3667 3651 3739 cujus
3692 3668 3908 3722 ttominc

2316 3762 2722 3832 adjurabantur.

2388 3853 2466 3910 Ad
2509 3851 2796 3919 secundam
2829 3850 2987 3922 hujus
3021 3850 3486 3909 commentationis
3517 3859 3721 3921 partem
3751 3846 3906 3906 dela-

2316 3960 2443 4021 psus
2472 3944 2594 3999 inde
2615 3944 2910 4015 Cyprianus
2934 3941 3366 3997 manifestissime
3388 3942 3570 4013 probat
3594 3930 3740 3993 illum
3775 3948 3892 3994 ισιηε

2317 4039 2592 4107 tummodo
2648 4051 2768 4090 esse
2815 4035 3002 4104 Deum,
3055 4050 3234 4090 rerum
3292 4036 3515 4090 omnium
3562 4042 3884 4088 creatorem.

2313 4129 2447 4184 Nam
2475 4143 2681 4189 summa
2711 4127 2994 4185 divinitatis
3027 4127 3337 4194 sublimitas,
3365 4125 3540 4194 inquit,
3572 4139 3668 4178 nec
3696 4123 3891 4196 dividi,

2314 4237 2419 4293 nec
2446 4231 2749 4277 consortem
2785 4223 2887 4299 pati
2916 4231 3107 4292 potest.
3139 4221 3275 4288 Quin
3300 4220 3459 4274 etiam
3488 4218 3681 4273 terreni
3711 4233 3895 4291 reges,

2313 4314 2453 4370 sicut
2478 4332 2497 4366 ι
2519 4313 2897 4368 Thebanorum
2926 4313 3272 4387 germanitas,
3298 4330 3316 4363 ι
3346 4309 3570 4365 Romani
3596 4310 3818 4385 gemini,
3846 4320 3896 4364 et

2312 4404 2501 4481 affines
2530 4404 2816 4477 Pompeius
2853 4414 2908 4460 et
2946 4402 3127 4460 Ciusar
3158 4402 3522 4483 nequiverunt
3548 4400 3769 4456 alterius
3812 4416 3897 4456 re~

2312 4499 2525 4571 gnantis
2554 4496 2696 4554 ferre
2731 4498 3064 4553 societatem.
3094 4494 3232 4563 Quid
3271 4510 3422 4561 vero,
3452 4493 3594 4579 quod
3628 4509 3713 4548 res
3751 4502 3899 4547 natu-

608 4601 771 4677 quam
801 4586 1104 4657 hujusmodi
1151 4585 1255 4641 diis
1288 4595 1378 4655 aut
1408 4586 1606 4654 datam,
1655 4595 1748 4641 aut
1792 4587 2022 4642 ablatam
2069 4589 2204 4659 alios
2230 4598 2281 4677 ῃ
2307 4590 2450 4649 rales
2484 4590 2529 4645 si
2557 4598 2880 4660 spectemus,
2912 4603 3091 4644 nonne
3118 4586 3361 4645 videmus
3386 4585 3602 4661 apibus,
3626 4582 3895 4657 gregibus,

610 4676 744 4733 deos
766 4676 1078 4747 procreandi
1101 4685 1418 4748 potestatem
1441 4675 1604 4746 (Ibid.
1628 4694 1747 4752 pag.
1783 4677 1891 4749 l2).

600 4782 608 4821 l
683 4769 867 4843 Neque
902 4770 1027 4825 sinit
1064 4769 1167 4825 sibi
1206 4769 1365 4841 objici
1394 4758 1665 4827 Romanos
1710 4786 1805 4827 sua
1842 4757 2052 4827 in'dcos
2080 4788 2208 4829 suos

608 4862 809 4935 pietate
856 4866 1117 4917 meruisse
1166 4862 1327 4917 totius
1357 4870 1515 4917 terra:
1549 4862 1693 4918 orbis
1733 4863 2039 4937 imperium.
2088 4863 2202 4918 Non

609 4952 756 5008 enim
787 4943 919 5007 illud
936 4967 1186 5023 umquam
1211 4960 1534 5022 acceperunt
1562 4968 1592 5007 a
1620 4951 1723 5009 diis
1751 4963 1842 5013 aut
1870 4953 2070 5010 deabus
2091 4957 2204 5011 suis

605 5044 866 5117 propriis,
895 5044 1292 5112 etvernaculis,
1339 5059 1511 5116 neque
1550 5044 1619 5103 ab
1673 5047 1791 5102 aliis
1821 5049 2118 5123 peregrinis
2151 5059 2206 5106 et

602 5136 821 5192 aliunde
847 5135 1086 5192 adscitis.
1118 5135 1235 5191 Non
1260 5151 1291 5191 a
1326 5137 1514 5207 primis
1539 5137 1778 5211 quidem,
1809 5142 1995 5211 quales
2023 5144 2203 5215 utique

602 5238 731 5286 sunt
767 5230 1049 5303 Romulus,
1078 5218 1258 5296 Picus,
1297 5230 1602 5309 Tiberinus,
1635 5231 1933 5300 Pilumnus,
1962 5234 2196 5304 Consus,

597 5321 832 5387 Viduus,
858 5322 1110 5390 Scansus,
1138 5322 1418 5388 Forculus,
1441 5320 1775 5379 Limentinus
1805 5343 1817 5379 :
1851 5341 2022 5395 neque
2038 5329 2198 5383 etiam

578 5428 637 5468 ~a
666 5413 868 5470 deabus
888 5413 1157 5483 Cloacina,
1184 5412 1409 5483 Pavore,
1440 5414 1667 5482 Pallore,
1704 5415 1898 5483 Febre,
1927 5418 2010 5472 vel
2035 5419 2197 5487 Acca,

603 5514 662 5561 et
686 5505 844 5562 Flora
876 5516 1099 5579 utraque
1148 5507 1452 5577 meretrice,
1489 5509 1574 5565 vel
1622 5508 1825 5566 Cardea
1880 5519 1935 5567 et
1960 5509 2194 5568 Orboua.

2310 4694 2365 4740 et
2384 4682 2645 4739 armentis
2670 4696 2790 4736 esse
2821 4696 2984 4735 unum
3013 4679 3227 4745 ducem,
3260 4677 3417 4731 sicuti
3448 4690 3586 4731 unus
3614 4687 3696 4729 est
3722 4673 3897 4729 mundi

2309 4786 2507 4843 reczor,
2555 4775 2645 4845 qui
2686 4789 2785 4828 nec
2815 4771 3007 4839 videri,
3052 4786 3151 4826 nec
3192 4767 3598 4840 comprehendi,
3648 4784 3747 4823 nec
3774 4767 3897 4824 satis

2310 4880 2560 4939 umquam
2594 4864 2845 4919 aestimari
2878 4862 3089 4935 potest?
3115 4860 3266 4918 Unus
3309 4871 3485 4915 autem
3528 4875 3649 4915 cum
3696 4860 3785 4913 ille
3810 4861 3894 4924 sit.

2310 4976 2414 5029 non
2437 4957 2679 5029 pluribus
2704 4956 3014 5011 nominibus
3034 4954 3352 5025 appellatur,
3383 4952 3478 5007 sed
3509 4962 3674 5008 totum
3702 4966 3893 5007 nomen

2307 5051 2424 5122 ejus
2467 5049 2606 5104 Deus
2649 5057 2749 5104 est.
2798 5047 2931 5114 Quia
2966 5060 3094 5105 vero
3138 5045 3337 5116 ubique
3372 5052 3456 5099 est
3502 5041 3745 5107 diffusus,
3793 5058 3892 5098 non

2306 5150 2485 5214 potest
2523 5142 2659 5196 intra
2700 5154 2859 5194 uuam
2912 5138 3189 5193 aediculam
3240 5136 3465 5205 includi,
3507 5135 3602 5191 sed
3644 5135 3891 5208 templum

2306 5235 2423 5306 ejus
2460 5243 2601 5290 totus
2628 5243 2713 5289 est
2748 5234 2997 5288 mundus.
3045 5231 3244 5304 Vulgus
3278 5231 3531 5301 denique,
3558 5231 3892 5302 quantumvis

2305 5331 2633 5401 imperitum,
2660 5342 2810 5400 smpe
2839 5321 3033 5399 saepius
3076 5324 3451 5395 exclamando,
3483 5322 3801 5380 naturaliter
3830 5323 3888 5379 il-

2302 5421 2413 5476 lum
2437 5421 2670 5488 invocat,
2701 5430 2757 5475 et
2781 5420 3041 5475 exsistere
3060 5417 3371 5475 confitetur.

2374 5511 2553 5567 Tertia
2578 5510 2794 5566 demum
2820 5509 2980 5581 hujus
3003 5509 3185 5581 operis
3218 5520 3367 5580 parte
3385 5507 3687 5581 Cyprianus
3719 5506 3883 5578 palam

566 5597 761 5654 ‘Tales
794 5599 1068 5656 enimvero
1093 5598 1226 5659 deos
1252 5612 1306 5671 et
1348 5601 1477 5661 deas
1511 5604 1811 5674 nominare,
1847 5604 2095 5664 refellere
2117 5616 2201 5664 est
2303 5604 2550 5660 omnibus
2602 5602 2728 5659 facit
2775 5618 2895 5673 quae
2941 5600 3174 5673 genuina
3228 5601 3299 5656 sit
3347 5600 3780 5656 Christianorum
3827 5601 3886 5655 de

607 5687 752 5758 (pag.
782 5690 896 5762 15).

2301 5695 2513 5765 Christo
2564 5692 2826 5749 doctrina.
2872 5692 3098 5748 Tamdiu
3157 5701 3359 5757 autem,
3416 5692 3611 5762 inquit,
3665 5690 3872 5763 Iudaeo-

669 5777 874 5843 Eadem
920 5762 1185 5861 profecto,
1223 5783 1392 5841 itan
1449 5785 1723 5867 validiori
1751 5785 1947 5856 adhuc,
1988 5789 2196 5849 ratione
2298 5762 2419 5847 rum
2454 5800 2678 5859 regnum
2703 5782 2902 5860 floruit,
2942 5785 3199 5859 quamdiu
3235 5785 3431 5844 divinis
3474 5784 3873 5860 praceptisob-
