4190 6266
263 343 416 404 1015

1663 348 2140 407 DISSERTATIO.

3431 362 3572 420 1014

263 466 724 528 temperaverunt.
757 458 825 514 At
855 471 1199 530 posteaquam
1250 462 1338 517 illa
1392 471 1734 532 spreverunt,
1763 461 1859 516 da—
1886 464 1939 532 Λ
2038 463 2190 519 Dictu
2259 477 2437 523 autem
2505 471 2664 540 longe
2737 470 3001 526 difficilius
3050 472 3263 528 videtur
3319 474 3569 545 quisnam

263 564 378 610 tam
424 553 524 608 sibi
570 568 598 606 a
630 553 740 608 Deo
773 554 1118 622 perdiderunt
1154 557 1405 626 gratiam,
1443 572 1506 612 ac
1531 556 1631 611 soli
1659 565 1714 610 et
1741 555 1866 612 caeli

264 656 550 712 extorres,
615 662 709 717 per
755 655 922 702 totum
986 649 1244 704 mundum
1298 649 1528 721 dispersi
1583 659 1859 720 vagantur.

267 740 414 794 Dens
438 740 616 808 itaque
645 739 825 805 alium,
865 742 1003 797 sicut
1044 743 1384 812 promiserat,
1437 743 1735 798 ﬁdeliorem
1767 757 1862 811 po-

265 831 454 901 pulum
493 832 594 886 sibi
621 833 842 904 allegit,
875 834 964 904 qui
1000 835 1254 890 amissam
1294 849 1322 887 a
1349 834 1552 890 Judmis
1592 836 1868 903 acciperet

264 925 494 994 gratiam
523 925 994 996 etindulgentiam.
1015 927 1223 982 Statuto
1247 929 1423 998 itaque
1452 939 1690 998 tempore
1710 943 1864 982 suum

265 1018 419 1072 misit
451 1018 666 1083 Filium,
701 1021 790 1089 qui
841 1035 1040 1085 sermo,
1071 1022 1262 1085 virtus,
1292 1021 1451 1086 ratio,
1497 1023 1778 1091 sapientia,
1813 1031 1867 1077 et

265 1110 438 1180 gloria
468 1119 570 1166 cst.
607 1111 654 1166 Is
679 1125 809 1168 vero
832 1112 884 1165 in
917 1111 1201 1182 virginem,
1229 1112 1430 1182 Spiritu
1461 1121 1645 1168 sancto
1668 1128 1867 1182 coepe-

268 1212 446 1269 rante,
483 1203 723 1272 illapsus,
758 1203 920 1258 homo
933 1202 1106 1260 factus
1131 1213 1216 1261 est
1239 1205 1350 1262 Deo
1371 1205 1588 1259 mixtus.
1612 1205 1867 1260 Christia-

267 1312 464 1352 norum
501 1296 680 1367 itaque
711 1297 912 1352 arbiter
942 1297 1056 1363 ille,
1083 1298 1356 1367 magiSIer,
1389 1297 1736 1361 illuminator,
1767 1298 1860 1352 doc

265 1396 384 1441 ctor
412 1395 466 1442 et
491 1386 758 1442 mediator
790 1395 892 1451 est,
925 1388 1017 1455 qui
1059 1403 1156 1442 nos
1190 1388 1257 1443 ad
1286 1388 1497 1443 Patrem
1531 1387 1792 1458 perducit.

340 1480 594 1536 Sciebant
621 1480 837 1551 quidem
864 1479 1036 1536 Judmi
1067 1481 1206 1536 hunc
1236 1495 1378 1547 esse,
1408 1497 1566 1551 quem
1596 1482 1736 1536 sacri
1775 1497 1868 1537 eo-

265 1591 386 1630 rum
425 1573 709 1644 PrOphette
754 1583 810 1630 et
856 1583 981 1630 tunc
1018 1583 1074 1629 et
1126 1575 1177 1628 in
1220 1575 1326 1630 line
1367 1575 1549 1630 mundi
1581 1585 1865 1630 venturum

264 1668 799 1736 praenuntiaverant:
841 1667 935 1722 sed
988 1666 1286 1722 sceleribus
1326 1667 1437 1722 suis
1477 1667 1732 1722 obcaecati
1772 1682 1868 1722 ne-

264 1771 398 1831 gant
425 1760 566 1820 hunc
592 1761 822 1831 primum
869 1760 985 1831 ejus
1011 1760 1326 1829 adventum,
1369 1770 1423 1816 et
1451 1760 1745 1816 secundum
1771 1776 1865 1816 ex-

1971 573 2130 612 verus
2161 569 2214 614 et
2236 561 2500 630 genuinus
2529 565 2599 617 sit
2629 563 2784 634 hujus
2816 565 2936 619 libri
2980 567 3184 628 titulus,
3217 577 3271 620 et
3298 569 3567 637 quodnam

1971 651 2108 706 illius
2149 651 2375 708 initium.
2407 655 2461 708 In
2505 658 2869 726 manuscripto
2899 658 3040 712 enim
3071 656 3381 713 Colbertino
3422 661 3568 714 anti-

1969 744 2154 812 quiore
2183 745 2316 800 libro
2347 745 2412 800 ab
2438 748 2593 801 annis
2634 747 2760 811 800,
2797 749 2871 801 uti
2903 750 3210 817 epinantur,
3255 750 3457 818 scripto
3488 751 3567 805 sic

1971 836 2237 892 habetur:
2275 859 2294 892 ‹
2331 839 2517 909 Incipit
2550 840 2692 909 quod
2742 839 2882 894 idola
2931 841 3006 895 dii
3053 856 3160 896 non
3209 843 3334 896 sint.
3376 861 3392 893 ι
3429 842 3564 897 Tum

1969 931 2223 986 continuo
2262 933 2394 987 liber
2425 934 2504 987 sic
2547 934 2870 988 inchoatur:
2908 954 2926 985 ι
2962 933 3112 1001 Quod
3160 935 3301 989 idola
3343 936 3412 989 dii
3459 951 3567 989 non

1971 1024 2094 1088 sint,
2129 1033 2184 1077 et
2212 1025 2352 1092 quod
2394 1039 2532 1078 unus
2560 1025 2698 1080 Deus
2742 1025 2832 1086 sit,
2879 1035 2935 1080 ct
2960 1025 3101 1096 quod
3133 1027 3184 1080 in
3224 1027 3569 1083 credentibus

1970 1112 2106 1166 datis
2135 1114 2272 1183 (lege
2301 1113 2498 1185 detaut)
2540 1116 2612 1172 sit
2645 1116 2775 1171 deos
2817 1131 2922 1170 non
2953 1132 3090 1182 esse,
3127 1131 3262 1186 quos
3287 1118 3417 1173 colit
3450 1120 3569 1173 vul-

1969 1219 2086 1274 gus,
2117 1204 2239 1260 hinc
2271 1215 2452 1260 notum
2483 1216 2585 1262 est.
2620 1207 2792 1277 Reges
2817 1207 2965 1274 olim,
2999 1220 3101 1264 etc.
3136 1228 3155 1262 ι
3185 1210 3384 1264 Eadem
3415 1211 3570 1279 plane

1972 1297 2023 1350 iu
2075 1300 2220 1366 regio
2263 1298 2448 1352 codice
2478 1298 2638 1366 5974,
2685 1308 2739 1353 et
2771 1299 2888 1353 aliis
2932 1300 3168 1368 pluribus
3219 1300 3564 1364 exhibentur,

1972 1389 2072 1443 nisi
2102 1388 2244 1458 quod
2276 1391 2329 1443 in
2356 1391 2510 1444 titulo
2535 1389 2774 1445 additum
2806 1400 2910 1458 est,
2941 1402 3120 1446 contra
3152 1391 3416 1462 Paganos,
3448 1408 3568 1462 qua:

1970 1493 2115 1538 certe
2143 1485 2250 1537 duo
2277 1483 2528 1554 Cypriani
2558 1484 2716 1539 verba
2748 1501 3034 1555 numquam
3057 1484 3289 1540 luerunt.

2048 1581 2099 1633 lu
2130 1589 2340 1636 vetusto
2379 1590 2556 1634 autem
2584 1581 2881 1650 exemplari
2924 1581 3093 1635 nostri
3138 1580 3472 1645 monasterii,
3515 1589 3570 1634 et

1970 1671 2097 1726 olim
2137 1673 2497 1736 Corbeiensis,
2527 1673 2670 1742 quod
2702 1672 2942 1740 ejusdem
2971 1671 3081 1727 fere
3108 1685 3267 1742 atque
3299 1672 3566 1727 Colberti-

1972 1781 2095 1818 num
2123 1765 2293 1818 (etatis
2317 1779 2439 1819 esse
2463 1763 2672 1829 dicitur,
2702 1764 2816 1818 luce
2844 1766 3068 1834 legimus
3097 1784 3109 1819 :
3150 1784 3167 1816 ‹
3207 1766 3435 1834 Epistula
3457 1766 3565 1821 Ce-

265 1865 535 1924 spectant.
575 1854 708 1922 Quia
737 1869 865 1910 vero
901 1853 1107 1908 infinita
1133 1854 1516 1924 prepemodum
1555 1854 1720 1909 edidit
1765 1854 1866 1908 mi-
1893 1855 1941 1916 B
1969 1857 2076 1911 cilii
2105 1856 2356 1928 Cypriani
2404 1857 2609 1926 incipit,
2655 1857 2796 1926 quod
2829 1858 2968 1912 idola
3017 1859 3092 1913 dii
3133 1875 3239 1914 non
3269 1861 3397 1914 sint.
3441 1879 3458 1911 ι
3498 1862 3566 1914 At

265 1945 470 2009 racula,
509 1945 660 1999 illum
702 1959 954 2016 maguum
984 1960 1105 2001 esse
1133 1945 1401 2000 dixerunt.
1447 1948 1515 2000 At
1563 1955 1711 2000 certe
1740 1960 1862 2000 cum

264 2037 408 2091 inter
449 2036 698 2091 homines
748 2037 861 2105 ipse
912 2037 1073 2091 homo
1101 2038 1250 2103 vixit,
1302 2052 1364 2092 ea
1402 2039 1582 2092 omnia
1625 2039 1864 2108 contige«

262 2137 410 2192 runt,
436 2144 555 2197 quze
585 2129 653 2181 ab
693 2128 881 2183 iisdem
917 2128 1190 2198 prephetis
1229 2129 1297 2184 de
1336 2130 1428 2183 illo
1465 2131 1719 2199 prtedicta
1747 2131 1863 2187 fue-

265 2229 410 2275 rant.
440 2219 550 2274 Sub
577 2220 700 2274 vitae
733 2230 912 2274 autem
954 2220 1071 2290 ejus
1113 2221 1294 2288 linem,
1325 2221 1636 2279 Judmorum
1693 2225 1862 2294 magi-

264 2313 363 2366 stri
387 2323 438 2366 et
462 2313 724 2382 primores
748 2313 926 2367 divina
961 2313 1078 2380 ejus
1103 2313 1348 2368 doctrina
1376 2314 1588 2378 irritati,
1616 2330 1644 2366 a
1669 2314 1861 2392 Pontio

265 2403 461 2469 Pilato,
495 2421 562 2458 ex
607 2415 757 2474 parte
794 2405 1030 2459 Romana
1068 2405 1277 2476 Syriam
1309 2414 1651 2475 procurante,
1682 2417 1861 2462 extor-

268 2505 456 2551 serunt
481 2506 536 2551 ut
563 2497 709 2552 cruci
737 2496 1066 2568 cingeretur.
1108 2498 1213 2553 Sed
1243 2500 1358 2567 ipse
1399 2500 1450 2554 iu
1506 2515 1568 2554 ea
1605 2502 1862 2568 moriens,

266 2601 363 2642 sua
393 2598 585 2658 sponte
610 2588 813 2644 dimisit
859 2590 1130 2659 spiritum,
1179 2606 1241 2646 ac
1270 2592 1424 2647 tertia
1456 2592 1657 2646 abhinc
1682 2593 1772 2648 die
1797 2595 1865 2650 ad

268 2681 430 2734 vitam
462 2694 730 2745 reversus,
769 2696 830 2738 se
851 2682 1126 2750 discipulis
1151 2683 1262 2738 suis
1287 2682 1574 2740 videndum
1614 2686 1861 2754 prmbuit.

267 2774 372 2830 Per
403 2775 754 2845 quadraginta
782 2790 908 2831 vero
943 2774 1060 2831 dies
1091 2775 1231 2840 illos,
1258 2791 1380 2830 cum
1407 2777 1600 2846 quibus
1624 2787 1866 2836 versatus

269 2876 372 2931 est,
405 2883 464 2922 ea
487 2867 686 2934 docuit,
713 2884 833 2940 quas
859 2868 997 2922 alios
1018 2868 1360 2937 postmodum
1389 2869 1664 2924 ducerent.
1699 2871 1862 2927 Deni-

269 2973 372 3026 que
400 2957 453 3011 in
482 2959 679 3014 castum
704 2958 947 3015 sublatus
975 2958 1093 3023 luit,
1123 2959 1265 3014 unde
1291 2959 1359 3014 ad
1385 2974 1573 3016 omnes
1595 2961 1862 3032 homines,

269 3048 550 3104 destructo
579 3050 800 3116 mundo,
843 3049 1167 3120 judicandos
1208 3051 1405 3106 veniet.
1449 3054 1705 3124 Discipuli
1737 3072 1866 3112 vero

270 3141 388 3210 ejus
416 3142 615 3210 ubique
644 3143 1134 3200 dissemiuaverunt
1162 3154 1437 3214 acceptam
1468 3147 1536 3200 ah
1557 3147 1649 3202 illo
1671 3147 1868 3204 doctri-

1970 1951 2066 2005 tria
2108 1952 2286 2020 priora
2331 1950 2492 2005 verba
2535 1966 2640 2004 non
2674 1951 2902 2018 primum
2945 1951 3185 2020 quidem,
3228 1952 3323 2006 sed
3375 1952 3562 2006 eadem

1971 2055 2145 2100 tamen
2179 2061 2337 2114 manu
2369 2053 2551 2114 postea
2596 2043 2802 2112 adjecta
2831 2055 2978 2098 sunt.
3009 2045 3170 2100 Liber
3199 2059 3349 2110 vero,
3385 2059 3482 2099 seu
3509 2055 3568 2100 ut

1968 2137 2038 2192 ibi
2080 2137 2291 2203 dicitur,
2336 2135 2596 2206 Epistola,
2640 2136 2718 2189 sic
2761 2134 3011 2190 orditur:
3048 2155 3065 2187 ι
3102 2137 3240 2190 Deos
3283 2151 3388 2190 non
3421 2151 3564 2202 esse,

1967 2245 2102 2300 quos
2125 2230 2253 2284 colit
2278 2230 2484 2299 vulgus,
2515 2230 2639 2284 hinc
2673 2237 2858 2282 notum
2883 2239 2983 2284 est.
3016 2229 3189 2299 Reges
3211 2229 3362 2294 olim,
3393 2237 3499 2284 etc.
3540 2249 3559 2282 ι

1965 2321 2150 2392 Neque
2181 2323 2262 2376 his
2288 2323 2514 2376 multum
2545 2321 2824 2376 dissimilia
2865 2320 2917 2375 in
2955 2321 3137 2375 codice
3166 2321 3448 2375 Taruiensi
3487 2321 3568 2376 sic

1966 2423 2182 2470 exarata
2215 2425 2340 2468 sunt
2371 2431 2385 2467 :
2423 2432 2442 2465 ‹
2477 2414 2714 2483 Epistola
2744 2413 2928 2468 tlecilii
2955 2412 3208 2483 Cypriani
3239 2412 3306 2467 de
3332 2427 3398 2468 eo
3422 2414 3565 2482 quod

1968 2506 2106 2561 idola
2128 2505 2201 2560 dii
2227 2523 2332 2561 non
2359 2507 2484 2561 sint.
2501 2526 2519 2560 ι
2545 2505 2680 2560 Tum
2699 2504 2926 2559 deinde:
2952 2523 2970 2555 ε
2987 2505 3121 2558 Deos
3147 2520 3253 2558 non
3275 2519 3413 2569 esse,
3431 2519 3565 2574 quos

1967 2599 2094 2653 colit
2120 2598 2328 2668 vulgus,
2361 2597 2482 2652 hinc
2522 2605 2704 2651 notum
2732 2605 2834 2650 est.
2870 2596 3044 2664 Reges
3071 2596 3221 2661 olim,
3254 2606 3360 2651 etc.
3396 2616 3415 2648 ι
3458 2595 3564 2650 Re-

1968 2694 2219 2749 centioris
2259 2710 2384 2748 vero
2423 2691 2716 2747 Coibertini
2757 2689 2959 2758 codicis
3001 2688 3133 2744 illud
3181 2698 3266 2745 est
3308 2692 3426 2746 sine
3473 2691 3560 2745 in-

1969 2789 2258 2858 scriptione
2305 2788 2582 2842 exordium
2615 2804 2630 2841 :
2663 2804 2681 2836 ί
2722 2785 2858 2840 Deos
2908 2800 3016 2839 non
3062 2799 3206 2850 esse,
3257 2799 3391 2853 quos
3435 2783 3566 2838 colit

1970 2881 2222 2944 mundus,
2254 2881 2377 2934 hinc
2408 2888 2611 2940 notum,
2636 2895 2655 2928 ι
2691 2885 2797 2931 etc.
2831 2873 2902 2932 Et
2928 2875 2980 2929 in
2999 2873 3104 2928 ﬁne
3137 2892 3150 2927 :
3189 2893 3207 2927 ί
3237 2874 3390 2940 Quod
3421 2873 3563 2930 idola

1969 2974 2043 3030 dii
2075 2990 2178 3027 non
2218 2973 2345 3036 sint,
2378 2969 2613 3038 explicit.
2655 2988 2672 3020 ι

2041 3066 2148 3121 Nos
2199 3078 2326 3119 vero
2369 3061 2698 3117 clarissimus
2737 3057 2985 3119 Baluzius
3035 3058 3294 3112 certiores
3339 3057 3462 3110 fecit
3508 3055 3563 3110 in

1972 3159 2221 3215 onmibus
2250 3157 2380 3221 lere,
2409 3168 2544 3223 quos
2572 3167 2735 3221 penes
2776 3165 2833 3204 se
2862 3149 3042 3215 habet,
3064 3157 3128 3228 [et
3153 3146 3365 3211 aliunde
3395 3147 3566 3202 colle-

271 3249 414 3300 "ﬂlll.
446 3251 603 3306 quam
649 3252 754 3290 ιιοη
782 3247 986 3292 “Ullum
1018 3250 1172 3302 νοω.
1217 3237 1312 3291 sed
1350 3238 1650 3305 lormemiS,
1682 3241 1860 3295 εΐυοί-
1889 3251 1933 3314 C
1966 3258 2060 3327 git,
2091 3252 2248 3320 hujus
2279 3248 2400 3302 libri
2429 3243 2703 3299 codicibus
2748 3239 3124 3309 manuscriptis
3175 3239 3326 3293 illum
3357 3240 3426 3292 ab
3457 3237 3560 3304 his,

269 3327 390 3394 bus,
418 3329 648 3399 aliisque
675 3345 954 3399 pmnarum
977 3331 1286 3399 generibus,
1312 3332 1444 3385 mira
1476 3333 1773 3386 constantia
1799 3333 1866 3390 ad

270 3431 501 3478 mortem
542 3437 709 3494 usque
755 3423 1048 3493 perpessis,
1082 3439 1264 3480 veram
1304 3439 1426 3480 esse
1459 3424 1866 3486 demonstrave-

272 3523 415 3568 runt.

871 3645 1166 3686 ARTICULUS
1204 3645 1261 3686 Il.

278 3759 349 3816 De
391 3761 542 3834 hujus
586 3761 704 3816 libri
746 3773 978 3829 auctore,
1014 3763 1180 3832 titulo,
1235 3765 1398 3833 initio,
1435 3767 1742 3836 integritate,
1780 3783 1865 3820 ar-

342 3865 616 3926 gumento;
673 3865 720 3909 et
760 3872 849 3909 cur
874 3855 1149 3926 aliquando
1178 3857 1410 3928 epistola:
1452 3859 1654 3912 uouiiue
1682 3861 1864 3912 inscri-

342 3945 509 4002 batur.

346 4078 462 4136 Uno
487 4095 674 4136 omnes
701 4097 817 4145 ore,
850 4095 1153 4151 magnoque
1182 4081 1348 4135 animi
1379 4097 1664 4148 consensu,
1696 4082 1865 4139 faten-

275 4179 378 4235 tur,
420 4179 474 4226 et
516 4187 730 4242 semper
755 4173 993 4228 confessi
1031 4182 1157 4226 sunt
1197 4172 1523 4244 Cyprianum
1557 4189 1674 4229 esse
1706 4173 1864 4243 hujus

277 4263 393 4316 libri
437 4274 730 4320 auctorem.
761 4267 961 4334 Ecquis
989 4281 1116 4321 vero
1144 4266 1211 4321 de
1241 4266 1342 4321 hoc
1369 4266 1617 4322 dubitare
1664 4277 1862 4337 petcst,

276 4356 414 4424 quod
447 4356 772 4426 Augustinus
810 4360 892 4412 his
925 4360 1099 4415 verbis
1130 4376 1236 4415 non
1284 4361 1512 4415 obscure
1562 4361 1864 4430 signiﬁcat?

282 4465 299 4498 ι
347 4446 562 4517 [tegulae
607 4448 930 4518 Apostolica:
965 4461 1200 4507 sectator
1240 4453 1526 4522 episcopus
1565 4451 1865 4523 Cyprianus

276 4539 341 4594 de
371 4555 476 4595 uno
516 4557 644 4596 vero
686 4543 794 4596 Deo
823 4542 1086 4600 adversus
1118 4545 1404 4600 multorum
1432 4546 1657 4600 deorum
1704 4545 1864 4601 falso-

1971 3348 2175 3414 absque
2203 3341 2306 3396 ulla
2339 3339 2440 3392 alia
2469 3336 2840 3405 inscriptione,
2871 3333 3104 3402 incipere
3131 3331 3332 3394 verbis,
3364 3346 3483 3399 qua:
3511 3331 3566 3385 in

1970 3436 2284 3494 Colbertino
2323 3429 2613 3499 exemplari
2643 3427 2841 3497 scripta
2887 3440 3010 3482 esse
3050 3439 3178 3480 mox
3225 3421 3569 3486 animadver-

1971 3533 2152 3587 timus.

2041 3621 2312 3692 Quosdam
2342 3620 2560 3687 insuper
2602 3614 2832 3671 vidimus
2878 3611 3090 3667 codices
3136 3609 3308 3666 media
3353 3617 3408 3665 et
3450 3623 3564 3664 am-

1969 3719 2109 3784 plius
2147 3725 2299 3785 parte
2340 3710 2629 3772 mutilatos,
2671 3720 2898 3777 quorum
2934 3705 3089 3759 initio
3116 3704 3278 3759 index
3320 3703 3562 3760 omnium

1969 3807 2222 3880 Cypriani
2248 3805 2531 3864 librorum,
2565 3799 2655 3868 qui
2692 3798 2744 3851 in
2785 3797 2865 3851 eis
2890 3795 3145 3864 descripti
3172 3801 3350 3860 erant,
3381 3793 3562 3863 prazii-

1967 3902 2128 3971 gitur.
2156 3898 2212 3951 In
2237 3897 2337 3950 hoc
2362 3903 2542 3948 autem
2567 3891 2743 3946 indice
2771 3889 2997 3959 simplex
3026 3888 3128 3944 iste
3150 3887 3434 3944 exhibetur
3459 3886 3564 3941 hu-

1966 3993 2117 4062 jusce
2145 3989 2264 4044 libri
2299 3988 2479 4041 titulus
2499 4004 2511 4039 :
2531 4004 2550 4036 (
2572 3983 2722 4050 Quod
2746 3981 2884 4037 idola
2912 3980 2984 4036 dii
3017 3995 3125 4034 non
3153 3989 3298 4034 sunt.
3323 3999 3343 4032 ι
3373 3978 3562 4034 Utrum

1970 4091 2148 4138 autem
2178 4079 2378 4136 librarii
2412 4077 2562 4132 illum
2591 4091 2656 4131 ex
2680 4075 2789 4144 jam
2820 4072 2994 4131 citatis
3026 4071 3334 4142 Hieronymi
3360 4071 3562 4137 verbis,

1971 4175 2056 4230 vel
2097 4172 2314 4229 aliunde
2353 4169 2806 4238 transcripserint,
2841 4179 3000 4220 nemo
3039 4163 3195 4218 facile
3243 4163 3455 4220 dixerit.
3495 4165 3566 4220 At

1971 4278 2174 4324 certum
2205 4266 2528 4336 planumque
2551 4271 2634 4318 est
2659 4259 3026 4330 imperfectam
3057 4271 3176 4312 esse
3203 4257 3339 4311 hanc
3367 4257 3564 4311 inscri-

1972 4367 2240 4436 ptionem;
2301 4362 2496 4431 quippe
2544 4373 2664 4428 quae
2731 4356 2957 4427 primam
3014 4353 3292 4407 dumtaxat
3340 4351 3563 4420 hujusce

1970 4454 2430 4511 commentationis
2450 4461 2657 4523 partem
2680 4452 3056 4516 reprazsentet.

2042 4549 2223 4618 Neque
2259 4546 2436 4601 minus
2461 4543 2668 4597 variant
2692 4537 2977 4594 editiones.
3009 4534 3142 4588 Nam
3186 4534 3238 4588 in
3287 4532 3411 4598 illis,
3442 4548 3564 4603 quae

278 4650 499 4704 rumque
531 4635 764 4689 cultores
801 4635 1102 4705 disputans,
1131 4638 1296 4691 multa
1323 4640 1523 4706 profert
1552 4639 1862 4692 testimonia
1889 4640 1942 4699 D
1968 4656 2110 4696 anno
2160 4638 2300 4696 1540
2344 4646 2398 4693 et
2449 4631 2694 4704 sequenti
2755 4643 2966 4684 excusze
3019 4636 3163 4693 sunt,
3212 4626 3560 4681 inscribitur:

279 4725 340 4778 de
363 4725 510 4778 libris
541 4741 752 4791 eorum,
785 4730 1229 4797 quosprteclaros
1250 4739 1496 4784 auctores
1520 4729 1737 4791 habent,
1764 4729 1866 4784 hoc

278 4828 376 4880 est,
430 4833 495 4871 ex
549 4817 637 4872 illa
677 4819 936 4884 veritate,
989 4836 1145 4888 quam
1199 4822 1249 4875 in
1293 4822 1572 4892 iniquitate
1617 4823 1866 4877 detinent

281 4907 550 4979 (August,
609 4912 697 4965 lib.
764 4923 944 4966 contra
1027 4909 1270 4966 Petilian.
1338 4913 1402 4966 de
1464 4915 1600 4968 unic.
1659 4914 1860 4984 Baptis.

279 5017 388 5071 cap.
423 5004 476 5068 4,
502 5004 602 5074 §6,
637 5022 758 5076 pag.
819 5005 942 5071 550,
973 4988 1094 5060 tom.
1139 5004 1235 5074 Ix).
1273 5024 1292 5058 ι
1330 5005 1650 5076 Expressius
1691 5017 1866 5062 tamen

280 5093 632 5167 Hieronymus
662 5099 727 5152 ad
763 5097 1007 5168 Magnum
1039 5097 1253 5166 scripsit
1284 5116 1299 5152 :
1339 5115 1356 5149 ι
1391 5099 1690 5168 Cyprianus
1720 5100 1864 5168 quod

280 5185 417 5240 idola
449 5187 520 5241 dii
568 5204 675 5244 non
727 5189 857 5256 sint,
903 5204 1006 5257 qua
1055 5188 1335 5253 brevitate,
1369 5205 1473 5257 qua
1523 5191 1866 5245 historiarum

280 5279 516 5334 omnium
573 5281 828 5344 scientia,
879 5295 1106 5350 quorum
1161 5281 1448 5335 verborum
1501 5291 1555 5335 et
1609 5297 1865 5337 sensuum

280 5371 565 5440 splendore
584 5373 900 5442 perstrinxit
940 5370 1185 5443 (Hieron.
1215 5371 1384 5442 Epist.
1404 5372 1494 5438 83,
1512 5391 1631 5443 ραι).
1659 5375 1819 5446 937)?
1843 5394 1860 5427 ι

283 5467 464 5521 Plures
490 5481 650 5536 porro
688 5467 825 5522 alios
869 5467 1095 5522 diversae
1142 5467 1316 5522 aetatis
1365 5469 1674 5538 scriptores,
1725 5470 1867 5525 idem

281 5558 519 5628 proiecto
558 5566 895 5624 attestantes,
942 5559 1109 5612 citare
1150 5568 1256 5611 tam
1303 5559 1458 5614 facile
1501 5561 1675 5627 nobis,
1707 5577 1865 5629 quam

282 5649 395 5704 aliis
432 5648 624 5704 inutile
670 5648 829 5704 foret.
875 5648 1019 5704 Nihil
1050 5647 1230 5717 itaque
1261 5664 1481 5706 necesse
1513 5660 1598 5706 est
1640 5652 1765 5706 illud
1799 5651 1870 5706 fu-

280 5744 385 5799 sius
433 5744 668 5812 probari,
715 5743 858 5814 quod
900 5759 929 5797 a
967 5743 1184 5798 nemine
1220 5743 1272 5796 in
1313 5747 1735 5803 controversiam
1766 5762 1865 5802 vo-

279 5836 458 5893 catur?

1975 4751 1994 4784 ι
2030 4723 2650 4798 Tractatusquartus,de
2679 4720 2946 4776 ldolorum
2969 4718 3254 4783 Vanitate;
3296 4735 3314 4768 ι
3349 4716 3560 4772 initium

1969 4843 2097 4882 vero
2125 4824 2246 4880 libri
2276 4844 2288 4878 :
2323 4842 2342 4875 ‹
2375 4821 2528 4889 Quod
2560 4818 2696 4875 idola
2735 4816 2807 4871 dii
2857 4831 2962 4870 non
2993 4814 3124 4879 sint,
3155 4822 3210 4868 et
3234 4812 3376 4882 quod
3423 4827 3562 4867 unus

1969 4918 2111 4972 Deus
2149 4915 2238 4980 sit,
2289 4923 2342 4967 et
2372 4911 2514 4980 quod
2554 4906 2894 4965 credentibus
2937 4904 3122 4960 datum
3165 4904 3236 4958 sit
3275 4902 3406 4958 deos
3453 4917 3564 4956 non

1969 5024 2110 5075 esse,
2167 5019 2301 5076 quos
2355 5003 2482 5059 colit
2534 5001 2746 5071 vulgus,
2808 4997 2932 5054 hinc
2990 5006 3174 5052 notum
3231 5003 3335 5050 est.
3388 4995 3563 5064 Reges

1970 5105 2118 5166 olim,
2141 5110 2246 5157 etc.
2286 5119 2304 5152 ι
2350 5099 2405 5154 In
2434 5098 2669 5153 editione
2700 5104 2879 5151 autem
2912 5111 2939 5148 a
2971 5092 3210 5148 Morellio
3235 5105 3376 5146 anno
3401 5089 3562 5157 £564,

1971 5196 2225 5250 adornata
2263 5193 2346 5247 hic
2374 5192 2562 5246 titulus
2585 5198 2668 5244 est
2695 5205 2709 5242 :
2747 5207 2764 5238 ι
2800 5186 2952 5255 Quod
2983 5185 3120 5241 idola
3146 5184 3219 5239 dii
3249 5198 3355 5239 non
3377 5184 3512 5239 sint:
3541 5201 3561 5235 ι

1973 5289 2091 5343 libri
2119 5302 2246 5342 vero
2286 5284 2562 5341 exordium
2595 5301 2607 5338 :
2648 5301 2665 5333 ι
2702 5280 2855 5348 Quod
2899 5279 3036 5334 idola
3078 5278 3150 5333 dii
3194 5293 3301 5333 non
3343 5279 3470 5344 sint,
3511 5286 3568 5332 et

1973 5380 2116 5451 quod
2144 5393 2282 5434 unus
2311 5378 2453 5433 Deus
2480 5376 2569 5439 sit,
2611 5383 2739 5440 etc.,
2772 5392 2791 5425 ι
2827 5381 2887 5426 ut
2917 5372 2968 5426 in
3001 5370 3264 5440 superiori
3305 5369 3564 5425 editione.

1975 5473 2040 5526 At
2073 5472 2123 5525 in
2151 5471 2270 5525 aliis
2291 5469 2447 5523 annis
2475 5467 2616 5522 1593
2641 5463 2875 5527 ct1606,
2902 5462 2988 5516 hic
3016 5462 3198 5516 titulus
3219 5471 3303 5517 est
3328 5479 3340 5515 :
3371 5480 3390 5513 ι
3415 5461 3568 5527 Quod

1975 5561 2114 5616 idola
2145 5561 2219 5614 dii
2263 5575 2367 5612 non
2413 5558 2522 5613 sint
2569 5567 2623 5610 et
2670 5553 2812 5624 quod
2852 5566 2988 5606 unus
3017 5552 3156 5607 Deus
3195 5553 3286 5617 sit,
3341 5551 3566 5620 etquod

1973 5652 2219 5707 Christus
2245 5650 2389 5705 salus
2415 5647 2759 5704 credentibus
2788 5644 2910 5698 data
2939 5643 3028 5710 sit,
3069 5643 3180 5699 sive
3204 5643 3273 5698 de
3299 5642 3566 5697 idolorum

1976 5745 2246 5807 vanitate;
2279 5762 2297 5796 ›
2353 5743 2556 5797 initium
2609 5752 2787 5797 autem
2831 5737 3004 5793 libri:
3039 5755 3058 5789 α
3089 5737 3228 5792 Deos
3271 5750 3376 5791 non
3425 5749 3564 5799 esse,

1972 5852 2106 5910 quos
2133 5837 2262 5896 colit
2288 5837 2496 5909 vulgus,
2525 5835 2649 5892 hinc
2673 5842 2859 5893 notum
2882 5838 2983 5888 est.
3007 5830 3185 5900 Reges
3213 5828 3368 5896 olim,
3391 5835 3497 5885 etc.
3532 5845 3551 5878 ›
