4190 6266
684 327 826 384 1015
1931 330 1995 386 IN
2040 330 2097 384 D.
2125 327 2339 386 .CYPRI

2297 328 2461 385 “AN!
2517 328 2748 385 ΟΡΕΒΛ
3153 327 3161 333 ’
3853 333 3952 391 1016

692 443 956 500 Eumdem
1000 451 1053 497 et
1095 441 1326 509 tilttlnm,
1361 454 1415 497 et
1458 442 1598 497 idem
1646 443 1763 498 libri
1794 444 2110 514 principium
2155 442 2284 496 reli-
2316 447 2366 508 Α
2391 443 2642 497 omnibus
2669 443 2987 511 perspicitur
3009 441 3278 513 quodnam
3305 443 3373 498 sit
3415 442 3556 499 illius
3588 455 3953 515 argumentum.

693 539 810 592 nuit
839 538 891 591 in
918 545 1164 590 accurata
1193 551 1222 590 a
1249 551 1307 590 sc
1331 536 1590 607 Rigaltius
1615 536 1868 592 editione.
1899 537 2120 592 Dcmmu
2147 535 2288 591 Oso-
2392 535 2522 602 Quis
2563 550 2790 605 namque
2836 535 2951 600 illo,
2993 536 3084 604 qui
3129 535 3478 590 brevissimus
3515 547 3603 592 est
3649 541 3952 595 currentibus

693 630 864 685 nieusi
895 630 1213 699 prscpositus
1245 631 1359 684 haec
1388 631 1564 684 ontnia
1616 631 1824 699 rejecit,
1874 631 2121 700 hnncqne
2153 647 2289 699 prze-
2394 628 2565 682 octtlis
2597 629 2856 698 pet-lecto,
2898 629 3082 682 statim
3127 644 3232 682 non
3276 629 3664 684 animadvertit
3711 631 3766 683 in
3806 631 3953 686 eode-

693 721 810 775 lixit
855 720 1062 774 titulttm
1125 738 1144 772 ι
1180 721 1253 775 De
1313 720 1575 776 idolorum
1628 722 1882 788 vanitate,
1919 741 1938 773 ι
1998 732 2052 777 et
2097 723 2287 776 librum
2394 721 2681 775 monstrari
2709 722 2871 776 falsos
2914 722 3190 789 gentilium
3238 723 3391 790 deos,
3436 725 3661 778 unicum
3717 725 3889 791 Deum,
3914 745 3956 783 ac

696 816 782 871 his
828 816 1008 871 verbis
1046 831 1203 870 orsus
1245 824 1329 869 est
1363 833 1376 870 :
1409 833 1426 867 t
1461 816 1596 871 Deos
1644 833 1748 870 non
1797 832 1937 881 esse,
1979 831 2113 886 quos
2161 818 2291 872 colit
2393 815 2661 870 Christum
2693 814 2807 883 (-jus
2843 815 3010 868 filium
3045 823 3285 870 nostrum
3315 829 3436 874 esse
3462 819 3792 888 magistrum
3829 829 3877 873 et
3901 835 3959 874 re»

699 908 911 979 vulgus,
958 908 1081 962 hinc
1130 918 1312 963 notum
1343 918 1446 962 est.
1493 909 1666 980 Reges
1709 908 1858 972 olim,
1894 919 1999 966 etc.
2037 929 2056 962 ι
2091 909 2163 964 Ea
2195 925 2290 964 au-
2394 907 2775 976 dempturum?

698 1011 806 1058 tem
837 1011 1038 1057 tantum
1072 1016 1130 1056 se
1157 1003 1443 1057 retinuisse
1481 1003 1818 1068 testificatur,
1845 1019 1966 1072 qua:
1998 1004 2097 1074 ipsi
2139 1002 2288 1056 vide-
2471 999 2705 1070 Denique
2745 1000 2852 1068 jam
2909 999 3136 1054 vidimus
3177 998 3280 1055 hoc
3331 1001 3658 1066 opusculum
3715 1003 3770 1057 itt
3824 1005 3960 1059 multis

696 1095 892 1150 bantur
913 1093 979 1148 ad
1002 1094 1122 1148 libri
1147 1094 1566 1166 designationem
1589 1096 1756 1166 magis
1780 1094 2146 1149 accommoda.
2182 1094 2291 1150 Ve-
2398 1095 2778 1164 manuscriptis
2804 1094 3201 1164 exemplaribus
3233 1093 3479 1163 Epistolis
3509 1096 3740 1151 nomine
3764 1098 3959 1154 inscriln.

697 1203 818 1241 rum
847 1186 966 1256 quis
999 1186 1214 1255 negabit
1241 1188 1381 1241 hunc
1415 1187 1532 1242 libri
1572 1188 1779 1241 titulum
1814 1203 1916 1241 non
1949 1202 2072 1242 esse
2103 1186 2290 1241 melio-
2395 1187 2500 1244 Sed
2551 1187 2601 1243 id
2637 1189 2835 1244 nemini
2879 1189 3072 1243 tuirum
3101 1188 3272 1244 videri
3316 1189 3512 1255 debet;
3555 1193 3961 1261 quandoquidem

697 1292 836 1343 rem,
875 1293 1034 1347 quam
1079 1279 1236 1332 istum
1269 1295 1281 1330 :
1322 1297 1340 1330 ι
1365 1278 1515 1346 Quod
1554 1278 1690 1331 idola
1722 1277 1794 1332 dii
1829 1293 1932 1332 non
1973 1287 2119 1341 sunt,
2152 1297 2171 1330 ι
2203 1279 2293 1348 qui
2398 1282 2653 1350 pleraque
2700 1279 2954 1352 Cypriani
3011 1281 3185 1351 Opera
3231 1282 3300 1336 ab
3360 1283 3600 1352 antiquis
3650 1285 3961 1352 scriptoribus

700 1365 1008 1437 Hieronymi
1041 1369 1356 1423 auctoritate
1397 1367 1700 1424 confirmari
1743 1378 1937 1439 potest.
1973 1370 2078 1425 Sed
2108 1369 2294 1440 prima:
2400 1370 2664 1440 Ερὶειοιω,
2701 1369 2990 1437 Τνιιειαηιε,
3017 1382 3070 1428 et
3090 1371 3232 1425 Libri
3254 1372 3960 1444 indiﬂ'erenterappellantur.

697 1468 923 1527 tantum,
955 1461 1028 1514 uti
1076 1461 1326 1527 diximus,
1377 1460 1536 1531 hujus
1579 1462 1698 1517 libri
1747 1463 1931 1533 partis,
1967 1478 2070 1516 non
2113 1475 2293 1519 autem
2399 1460 2581 1531 Neque
2621 1477 2756 1531 Opus
2791 1470 2874 1517 est
2903 1463 3030 1517 illttd
3067 1479 3096 1517 a
3140 1464 3296 1518 ttobis
3321 1463 3719 1529 demonstrari,
3754 1467 3883 1536 quod
3915 1471 3960 1522 ab

705 1559 872 1606 t0tum
920 1552 1058 1608 illius
1085 1566 1458 1624 argmnentum
1485 1554 1722 1610 exhibet.
2400 1555 2563 1621 aliis,
2620 1570 2682 1611 ac
2735 1558 3032 1624 praiscrtim
3077 1557 3145 1612 ab
3198 1557 3496 1612 Oxoniensi
3559 1558 3832 1628 Episcopo
3869 1565 3961 1616 satis

771 1643 934 1700 Certo
975 1647 1152 1714 itaque
1199 1645 1467 1700 affirmare
1516 1663 1622 1702 non
1667 1661 1956 1716 possumus
1999 1663 2120 1719 qua:
2170 1663 2297 1704 vera
2401 1647 2612 1703 abunde
2645 1649 2924 1718 probatunt
2955 1659 3057 1706 est.
3083 1650 3280 1706 Verum
3308 1651 3429 1720 quia
3461 1650 3583 1705 haec
3625 1655 3960 1708 commentatio

703 1741 774 1795 sit
809 1739 966 1810 hujus
1013 1740 1135 1794 libri
1184 1741 1480 1811 inscriptio,
1527 1755 1590 1795 ac
1619 1741 1762 1811 quod
1808 1741 1948 1795 illius
1993 1743 2293 1798 exordium.
2406 1740 2606 1794 nttllant
2637 1757 2749 1812 pra:
2777 1757 2836 1796 se
2883 1741 2986 1798 fert
3028 1743 3270 1812 cpistola:
3313 1744 3574 1813 Speciem,
3627 1745 3958 1816 slandtttttpo-

706 1835 963 1890 Erasmus
1016 1849 1144 1889 vero
1191 1837 1494 1903 suspicatus
1541 1845 1623 1888 est
1673 1834 1761 1888 illa
1811 1835 2032 1889 adaucta
2073 1836 2234 1890 fuisse
2270 1851 2300 1890 a
2331 1843 2378 1901 Β
2409 1833 2514 1886 tius
2543 1832 2756 1888 videtur
2785 1849 2972 1888 eorum
2995 1833 3224 1905 judicio,
3263 1837 3354 1906 qui
3399 1835 3546 1890 illam
3596 1839 3653 1892 in
3685 1847 3954 1894 tractatuum

702 1928 934 1999 quodam
974 1927 1135 1983 docto
1173 1927 1406 1994 homine,
1469 1942 1569 1982 nec
1609 1927 1753 1981 aliud
1797 1927 1953 1982 nobis
1992 1943 2296 2000 superesse,
2406 1938 2632 1979 numero
2663 1925 3025 1993 reponendam
3057 1935 3388 1982 censuerunt
3426 1925 3685 1999 (Prwfat.
3744 1931 3891 1984 Oxon.
3921 1933 3956 1985 in

705 2022 808 2076 nisi
861 2020 1214 2092 fragmentum
1264 2021 1423 2091 hujus
1474 2021 1881 2089 lucubrationis,
1939 2037 2060 2094 qua:
2129 2024 2303 2093 capite
2346 2025 2351 2030 ’
2405 2017 2595 2071 Annal.
2630 2015 2786 2088 Cypr.
2818 2034 2940 2090 pag.
2970 2016 3049 2091 1).

703 2123 950 2170 truncata
977 2128 1055 2170 est
1084 2115 1319 2186 (Et-asin.
1371 2115 1500 2170 Not.
1531 2117 1585 2170 in
1614 2117 1749 2170 Imm:
1774 2117 1869 2170 libr
1896 2113 1937 2187 ).
1967 2115 2100 2170 Nam
2126 2116 2298 2184 teSIis,

706 2209 898 2277 inquit,
927 2209 1079 2263 nobis
1107 2219 1186 2264 est
1216 2209 1523 2264 Lactantius
1555 2209 1782 2279 plurima
1813 2225 1840 2259 a
1869 2207 2139 2280 Cypriane
2168 2223 2301 2263 con-

706 2303 905 2372 scripta
952 2303 1115 2358 fuisse
1143 2303 1433 2357 volumina.
1473 2303 1543 2356 At
1572 2301 1885 2356 Lactantius
1913 2303 2129 2373 quidem
2171 2302 2306 2359 dixit

707 2397 876 2452 multa
905 2397 972 2451 ab
993 2397 1087 2451 illo
1117 2396 1256 2450 edita
1284 2395 1466 2458 fuisse,
1499 2395 1592 2449 sed
1625 2396 1836 2464 penitus
1869 2395 2032 2449 tacuit
2060 2411 2220 2467 quam
2249 2397 2303 2450 in

707 2503 823 2544 rem
855 2489 1050 2558 scripta
1075 2489 1203 2549 sint,
1229 2504 1290 2541 ac
1315 2497 1496 2559 postea
1525 2488 1682 2540 unius
1711 2487 2083 2541 tantummodo
2105 2487 2170 2541 ad
2204 2487 2305 2543 De-

709 2581 1030 2634 metrianum
1076 2579 1336 2634 orationis
1401 2578 1713 2632 nominatim
1766 2579 2007 2632 meminit
2047 2577 2304 2650 (Lactant.

711 2673 803 2726 lib.
832 2686 900 2735 v;
931 2671 1065 2726 Inst.
1119 2688 1236 2743 cap.
1281 2673 1331 2738 1,
1361 2689 1480 2742 pag.
1522 2671 1652 2735 459,
1695 2681 1742 2725 et
1772 2688 1885 2742 cap.
1917 2673 1970 2736 4,
2006 2690 2126 2743 pag.
2155 2671 2303 2742 471).

711 2764 930 2820 Poterat
966 2775 1144 2820 autem
1175 2765 1432 2819 Erasmus
1462 2764 1817 2835 Augustinum
1845 2767 2003 2820 etiam
2030 2775 2083 2820 et
2112 2765 2306 2821 Hiero-

711 2874 957 2930 nymum,
987 2875 1013 2910 τι
1047 2859 1202 2913 nobis
1230 2859 1388 2928 paulo
1416 2872 1541 2916 ante
1571 2859 1833 2925 laudatos,
1859 2860 2046 2927 citare,
2079 2875 2306 2930 quorum

713 2949 920 3018 primus
953 2958 1201 3004 testatum
1233 2948 1360 3026 fecit
1385 2951 1552 3005 multa
1601 2965 1631 3004 a
1673 2950 1960 3020 Cypriane,
1991 2951 2040 3004 in
2072 2964 2170 3004 suo
2213 2951 2308 3005 ad-

712 3057 906 3099 versus
946 3043 1191 3098 ethnicos
1244 3043 1382 3098 libro
1415 3042 1640 3112 proferri
1691 3042 1903 3095 illoruttt
1951 3041 2256 3096 testimonia
2291 3060 2303 3097 :
2415 3032 2647 3088 Primam
2676 3049 2806 3088 vero
2831 3033 2955 3090 inde
2983 3034 3202 3102 ducunt,
3238 3035 3377 3106 quod
3418 3037 3732 3092 eruditiores
3755 3037 3854 3100 viri,
3878 3036 3945 3106 qui

712 3136 980 3192 secundus
1007 3153 1136 3190 vero
1185 3137 1526 3191 historiarum
1555 3135 1793 3191 omnimn
1836 3135 2113 3190 scientiam
2161 3137 2211 3189 in
2243 3151 2310 3191 eo
2415 3127 2610 3195 rejt‘cla
2653 3127 2783 3182 falsa
2824 3128 3160 3184 ethnicorum
3191 3130 3470 3201 religione,
3512 3131 3826 3187 chrisdanam
3857 3145 3945 3182 am-

716 3229 957 3283 exbiberi
993 3228 1231 3299 (August.
1285 3229 1382 3282 lib:
1421 3240 1584 3282 contr.
1621 3226 1866 3280 Politian.
1917 3227 1981 3280 de
2019 3228 2154 3281 unic.
2203 3227 2308 3281 Ba-
2335 3226 2380 3288 C
2414 3209 2791 3288 piexaitaltltlr,
2821 3221 3067 3276 solebant
3097 3222 3309 3292 publico
3345 3225 3527 3296 aliquo
3553 3226 3735 3297 scripto
3757 3223 3940 3294 probare

716 3322 839 3389 ptis.
883 3337 999 3388 cup.
1029 3321 1085 3382 4,
1113 3319 1141 3390 §
1175 3319 1227 3382 6,
1260 3337 1379 3389 pug.
1407 3321 1531 3382 £150,
1557 3329 1680 3371 tam.
1706 3315 1808 3388 ut).
1843 3318 1948 3372 Sed
1981 3318 2067 3374 ltic
2091 3319 2226 3373 dixit
2257 3320 2309 3374 id
2413 3325 2574 3381 quam
2593 3312 2801 3367 sincera
2824 3324 2966 3369 esset
2984 3329 3171 3370 eorum
3198 3321 3504 3373 conversio.
3529 3318 3707 3374 Verum
3729 3314 3939 3383 numquid

715 3426 924 3464 summa
955 3412 1216 3465 brevitate
1246 3412 1463 3465 factum.
1490 3412 1554 3466 Et
1579 3420 1724 3465 certe
1753 3413 1804 3466 in
1829 3411 1930 3466 hoc
1959 3413 2094 3466 libro
2113 3412 2312 3467 citatur
2414 3417 2623 3468 οηιηρες
2655 3420 2761 3458 ηθη
2789 3404 2911 3460 dico
2938 3407 3249 3474 Christiani.
3279 3409 3372 3464 59d
3406 3411 3697 3468 ('itl'iSﬁanm
3717 3409 3940 3479 ιέιίεὶθῐιίε

715 3502 996 3557 dumtaxat
1039 3503 1257 3557 nomine
1287 3517 1386 3557 suo
1435 3502 1642 3573 insigne
1685 3503 1972 3558 Alexandri
2023 3503 2198 3573 Magni
2244 3504 2311 3558 ad
2414 3497 2725 3554 defensores
2772 3503 2953 3555 statim
3001 3517 3031 3555 a
3077 3505 3444 3558 conversionis
3489 3522 3602 3560 suae
3643 3506 3772 3560 initio
3809 3503 3942 3556 libros

672 3591 693 3608 ‘
722 3603 951 3649 matrem
1001 3608 1152 3646 suam
1197 3594 1467 3649 volumen.
1511 3595 1581 3648 At
1609 3595 1732 3662 quia
1761 3594 2059 3664 Cyprianus
2079 3594 2309 3665 plurima
2415 3591 2768 3660 scripserunt.
2796 3593 2990 3662 quibus
3021 3593 3145 3650 fidei
3173 3611 3284 3652 sure
3305 3598 3508 3654 certius
3529 3599 3707 3654 darent
3725 3598 3880 3668 pignus
3899 3607 3942 3649 et

716 3694 904 3741 contra
930 3685 1160 3756 gentiles
1180 3685 1250 3742 de
1275 3685 1484 3740 illorum
1507 3685 1610 3740 diis
1648 3685 1936 3754 congessit,
1961 3700 2081 3754 qua:
2105 3699 2134 3736 a
2173 3685 2311 3740 mul—
2416 3686 2844 3740 unmimentum?
2896 3687 3066 3742 Nemo
3104 3703 3234 3744 sane
3278 3690 3329 3744 id
3373 3690 3585 3746 dixerit.
3632 3688 3807 3745 Deinde
3842 3700 3942 3740 vero

717 3778 789 3833 tis
817 3779 1093 3833 memoria:
1117 3788 1173 3834 el
1215 3779 1428 3847 scriptis
1469 3778 1659 3833 tradita
1705 3777 1936 3843 fuerant,
1968 3776 2093 3832 hinc
2126 3777 2310 3846 procul
2415 3777 2714 3849 Cyprianus
2743 3790 3026 3851 antequam
3071 3783 3212 3837 hunc
3240 3783 3433 3838 librum
3479 3784 3736 3847 edidisset,
3763 3782 3869 3836 satis
3900 3790 3942 3832 et

714 3871 879 3926 dubio
910 3873 1237 3942 Augustinus
1278 3872 1412 3927 dixit
1439 3881 1493 3927 et
1525 3872 1641 3928 lucc
1684 3872 2019 3943 Scriptorum
2069 3872 2314 3928 etlmico—
2418 3874 2618 3942 scripto
2659 3881 2714 3927 et
2762 3874 2900 3927 facto
2949 3874 3267 3942 probaverat
3308 3875 3427 3930 fidei
3471 3891 3582 3930 sua:
3623 3875 3941 3945 integrilaletlt.

715 3978 834 4017 rum
869 3964 1190 4019 teStimoniis
1229 3967 1589 4035 comprobari.
2416 3963 2534 4020 Jam
2553 3963 2695 4018 enim
2711 3964 2775 4019 ad
2801 3965 3084 4031 Donatum,
3115 3968 3188 4019 uti
3211 3965 3463 4032 fatentur,
3482 3969 3741 4037 scripserat
3756 3963 3940 4022 librum.

793 4054 964 4107 Aliam
991 4055 1211 4125 insuper
1232 4055 1490 4111 Erasmus
1517 4058 1746 4113 mutilati
1775 4058 1933 4128 hujus
1959 4059 2079 4115 libri
2100 4060 2315 4131 conjec-
2417 4069 2524 4125 quo
2550 4063 2812 4126 SUSCGNIC
2846 4071 2876 4109 ει
2901 4072 2959 4112 se
2996 4057 3269 4127 religionis
3293 4058 3585 4113 christiana?
3608 4057 3832 4111 πιιίοηεῖη
3862 4066 3941 4119 Ρτὶ·

721 4153 894 4198 turam
928 4145 1051 4200 inde
1093 4148 1254 4216 capit,
1282 4147 1422 4216 quod
1469 4163 1532 4202 ex
1576 4149 1802 4218 abrupto
1847 4152 2086 4221 incipiat.
2131 4153 2316 4224 Neque
2419 4147 2523 4202 lam
2563 4146 2813 4203 reddidit.
2847 4145 3213 4204 Certissituutn
3257 4159 3502 4218 praeterea
3541 4147 3674 4202 dedit
3711 4144 3836 4200 illius
3870 4142 3942 4210 pi-

719 4252 819 4293 nos
847 4237 921 4290 illi
953 4240 1181 4308 aliisque
1211 4239 1654 4316 repugnabimus,
1683 4243 1772 4310 qui
1804 4244 2229 4306 arbitrabuntur.
2261 4255 2316 4301 et

2289 4255 2316 4301 ηι
2417 4253 2576 4310 gnus,
2631 4255 2752 4294 cum
2802 4241 2977 4296 adhuc
3036 4241 3454 4297 catechumenos
3499 4252 3635 4296 tanto
3683 4236 3944 4293 christiana

716 4332 1009 4388 ostendent
1032 4334 1081 4386 in
1109 4330 1296 4404 primis
1325 4341 1415 4387 aut
1442 4333 1560 4388 aliis
1592 4334 1751 4404 paulo
1779 4347 1899 4404 post
1922 4337 2172 4408 Cypriani
2205 4354 2313 4394 ste-

2289 4369 2313 4384 -
2421 4332 2764 4403 perfectionis
2799 4334 2989 4391 ardore
3029 4335 3388 4390 inflammatus
3419 4345 3536 4401 est;
3568 4346 3623 4391 ttt
3650 4331 3837 4406 praediis
3859 4329 3944 4382 suis

718 4425 897 4480 culum
937 4425 1221 4496 descriptis
1249 4424 1524 4481 codicibus
1571 4426 1769 4482 nullam
1818 4426 1982 4484 fuisse
2009 4428 2314 4499 inscriptio-
2418 4428 2670 4481 omnibus
2704 4426 2954 4492 venditis.
2983 4427 3262 4482 collectam
3302 4427 3426 4484 inde
3457 4429 3720 4498 pecuniam
3748 4417 3947 4494 pauperi

721 4533 868 4585 nem,
895 4528 950 4572 et
977 4517 1046 4572 ab
1072 4517 1154 4573 his
1175 4519 1458 4589 incmpisse
1483 4519 1663 4574 verbis
1687 4537 1699 4574 :
1737 4539 1755 4572 t
1781 4519 1957 4591 Reges
1978 4521 2128 4589 olim,
2157 4531 2263 4577 etc.
2287 4542 2306 4576 ι
2419 4520 2520 4576 bus
2545 4519 2896 4576 distribuerit.
2930 4520 3066 4589 Quid
3107 4536 3234 4592 ergo
3265 4535 3490 4577 necesse
3530 4520 3744 4592 amplius
3768 4521 3881 4577 erat,
3907 4518 3949 4562 ιιι

718 4607 827 4664 Sed
868 4609 935 4662 ab
969 4609 1053 4664 his
1082 4609 1236 4676 illud,
1265 4610 1407 4681 quod
1433 4609 1806 4668 difficillimum
1845 4621 1948 4680 est,
1980 4614 2310 4683 probandum
2337 4615 2391 4675 D
2417 4614 2560 4669 edito
2617 4613 2786 4668 altero
2840 4613 2977 4668 libro
3027 4615 3158 4668 satis
3205 4629 3472 4684 superque
3527 4615 3780 4686 probatam
3823 4606 3948 4661 fidem

716 4699 822 4754 erit
846 4700 929 4753 cui
959 4700 1308 4757 adscribenda
1338 4702 1409 4756 sit
1451 4701 1608 4772 hujus
1638 4703 1774 4758 tituli
1807 4707 2210 4775 prattermissio,
2243 4724 2310 4764 an
2415 4721 2565 4761 suam
2590 4706 2768 4761 denuo
2794 4707 3207 4776 comprobaret?

717 4790 935 4861 ipsimet
975 4793 1244 4864 Cypriano
1286 4810 1478 4866 magna
1529 4795 1871 4854 festinatione
1916 4801 2194 4866 scribenti,
2227 4803 2311 4858 vel
2487 4798 2736 4854 Secunda
2766 4799 3004 4866 illorum,
3039 4802 3129 4870 qui
3165 4801 3306 4857 hunc
3344 4801 3538 4857 libruut
3565 4818 3594 4857 a
3618 4799 3856 4874 Cypriano
3876 4806 3949 4847 nuo

717 4882 1058 4954 negligentiae
1102 4885 1419 4953 scribarum,
1479 4889 1568 4957 qui
1622 4903 1846 4946 vacuum
1902 4889 2041 4946 haud
2089 4891 2312 4948 insolito
2415 4892 2651 4962 perrime
2676 4891 2969 4948 christiano
2989 4892 3294 4950 confectum
3325 4893 3490 4951 fuisse
3519 4896 3830 4955 existimant,
3855 4899 3952 4940 mn-

717 4991 873 5032 more
910 4977 1239 5048 reliquerant
1281 4979 1535 5050 spatium,
1573 4981 1626 5036 in
1657 4997 1765 5052 quo
1805 4997 1928 5039 eum
1963 4984 2172 5041 titulum
2199 5001 2312 5041 ma-
2408 4984 2613 5055 jcctura
2667 4983 2796 5040 hinc
2827 4984 3059 5056 capitur,
3091 4987 3235 5056 quod
3271 4987 3360 5043 ille
3384 4987 3566 5044 verbis
3606 4986 3809 5042 minime
3826 4976 3950 5035 Chri-

711 5069 923 5141 joribus
980 5068 1204 5138 litteris,
1259 5086 1324 5126 ac
1379 5072 1545 5127 minio
1598 5075 1760 5131 etiam
1804 5086 2110 5133 exararent.
2167 5078 2310 5135 Satis
2413 5077 2602 5132 stianis
2647 5075 2750 5133 hoc
2795 5077 2847 5132 in
2894 5078 3031 5134 libro
3059 5094 3190 5135 usus
3227 5089 3328 5147 est,
3359 5079 3796 5150 quemadmodum
3831 5074 3950 5128 istis:

712 5177 880 5234 porro
904 5162 1193 5220 adnotasse
1231 5163 1462 5219 sufficiat
1491 5164 1660 5232 illum,
1708 5168 1798 5236 qui
1825 5168 1880 5222 itt
1911 5169 2072 5232 variis
2111 5168 2311 5225 codici-
2421 5187 2440 5221 i
2477 5169 2776 5240 Bcgna.....
2807 5179 2954 5226 sorte
2982 5171 3291 5239 variantur;
3323 5190 3342 5225 ι
3387 5181 3442 5228 et
3469 5185 3652 5243 posma
3684 5171 3748 5226 de
3783 5165 3950 5222 Christi

714 5255 818 5311 bus
845 5266 900 5311 et
931 5257 1169 5325 ineditis,
1199 5267 1254 5313 et
1281 5257 1441 5313 editis
1472 5267 1578 5314 tam
1608 5258 1824 5316 diverso
1851 5261 2012 5316 modo
2038 5263 2310 5334 legitur,a
2415 5261 2482 5316 ad
2534 5263 2698 5318 vitam
2756 5273 3028 5326 revocato,
3084 5281 3103 5317 α
3149 5263 3232 5320 Ad
3285 5272 3514 5334 superos
3565 5265 3740 5320 denuo
3787 5250 3951 5326 tegrfdi

715 5345 985 5419 Cypriano
1008 5347 1306 5419 profectum
1330 5365 1440 5406 non
1470 5349 1661 5406 videri.
1691 5351 1881 5407 Plures
1911 5362 2170 5423 praeterea
2198 5356 2310 5410 exi-
2416 5353 2684 5426 (Cyprian.
2743 5355 2807 5410 de
2846 5355 3048 5410 ldolor.
3097 5355 3270 5410 Vanit.
3318 5373 3438 5428 pag.
3477 5357 3546 5413 l5
3581 5367 3629 5412 et
3671 5355 3778 5426 16).
3809 5349 3950 5406 Plu“!s

716 5441 938 5495 stimant
967 5441 1212 5511 spurium
1239 5457 1305 5498 ac
1331 5444 1668 5514 suppositum
1695 5459 1817 5500 esse
1848 5447 1901 5501 in
1940 5447 2112 5517 prima
2149 5448 2309 5518 hujus
2411 5460 2659 5516 quoque,
2718 5446 2996 5518 inquiunt,
3062 5446 3362 5520 Cyprianus
3430 5450 3682 5519 profanas
3743 5437 3947 5499 historias

715 5531 841 5588 libri
874 5544 1026 5602 parte
1055 5534 1435 5606 fragmentum,
1468 5536 1535 5593 de
1556 5551 1662 5607 quo
1692 5546 1877 5609 postea
1919 5553 2159 5610 agemus.
2190 5540 2307 5597 Non
2415 5539 2707 5607 congessit,
2756 5555 2857 5596 nec
2896 5541 3086 5596 citavit
3125 5555 3296 5597 sacra:
3339 5541 3633 5612 Scriptura:
3677 5531 3947 5596 testimonia.

715 5628 938 5683 minima
988 5627 1149 5700 igitur
1195 5629 1473 5686 dubitandi
1510 5631 1650 5686 ratio
1685 5639 1770 5687 est
1814 5641 1992 5688 utrum
2039 5632 2126 5689 hic
2175 5634 2313 5692 liber
2414 5647 2534 5702 qua:
2564 5631 2684 5687 aliis
2712 5633 2763 5688 in
2807 5633 2957 5691 libris
2985 5633 3211 5703 affatim,
3238 5649 3301 5690 ac
3337 5648 3756 5706 nonnumquam,
3782 5627 3849 5685 uti
3881 5622 3951 5679 ad-

717 5718 878 5787 plane
907 5720 1248 5790 incorruptus
1273 5721 1340 5775 ad
1371 5736 1469 5776 nos
1497 5723 1823 5792 pervenerit.
2415 5723 2519 5780 huc
2558 5724 2728 5792 aiunt,
2775 5728 2971 5797 saepius
3009 5743 3170 5798 quam
3212 5743 3310 5798 par
3350 5737 3488 5792 erat,
3531 5727 3727 5785 retulit.
3760 5719 3952 5786 Denique

706 5833 728 5850 ν
780 5809 852 5864 At
878 5819 1081 5879 quanto
1132 5811 1187 5866 id
1234 5812 1516 5883 obscurius
1553 5823 1658 5882 est,
1697 5822 1850 5876 tanto
1893 5815 2202 5876 evidentius
2238 5818 2307 5875 ab
2414 5825 2559 5876 totus
2601 5817 2686 5874 hic
2728 5809 2864 5876 liber
2908 5819 2973 5876 iis
3017 5822 3346 5894 compositus
3396 5831 3501 5890 est,
3543 5838 3661 5894 qua:
3701 5835 3760 5879 ex
3782 5804 3952 5874 Minucii

2999 2174 3294 2216 ARTICULUS
3331 2176 3408 2217 ιιι.

2411 2270 2525 2340 Quo
2554 2282 2796 2342 tempore,
2827 2284 2872 2328 et
2907 2291 3058 2342 quant
3085 2277 3384 2347 festinanter
3421 2277 3503 2332 hic
3535 2278 3668 2333 liber
3691 2296 3722 2332 a
3746 2279 3958 2350 Cypriani

2996 2367 3216 2438 scriptus
3242 2370 3416 2438 fuerit.

2482 2477 2713 2535 Tametsi
2737 2480 2941 2534 nullum
2961 2479 3236 2550 tentporis,
3261 2496 3366 2552 quo
3388 2481 3474 2537 hic
3500 2482 3642 2538 liber
3659 2485 3864 2551 scriptus
3877 2493 3952 2545 εει,

2411 2568 2663 2625 indicium
2692 2572 2742 2625 in
2775 2587 2841 2627 eo
2868 2571 3332 2643 deprehendatur;
3363 2574 3581 2644 quidam
3613 2584 3780 2630 tamen
3815 2586 3958 2644 ptum

2409 2662 2560 2718 illum
2586 2680 2615 2716 a
2643 2667 2909 2736 Cypriauo
2936 2667 2988 2720 in
3031 2667 3202 2722 lucem
3239 2672 3493 2722 emissum
3522 2671 3704 2725 statim
3728 2681 3866 2741 atque
3886 2683 3953 2722 sa-

2410 2759 2518 2814 cris
2556 2760 2810 2828 Baptismi
2863 2759 3018 2814 undis
3058 2770 3406 2830 regeneratus
3445 2761 3566 2828 fuit,
3622 2771 3676 2818 et
3722 2773 3954 2830 antequam

2412 2849 2817 2920 presbyteratus
2867 2851 3057 2904 ordine
3104 2852 3422 2907 initiaretur.
3465 2852 3773 2924 Opinionem
3809 2862 3949 2907 autem

2413 2957 2564 2996 suam
2595 2943 2945 2997 connituntur
2965 2943 3283 3014 quibusdam
3311 2944 3637 3000 conﬁrmare
3659 2945 3947 3015 coniecturis.
