4190 6266
327 361 465 416 1017

1738 359 2204 417 DlSSERTATIO.

3486 361 3623 417 1018

323 474 521 535 Felicis
548 482 603 529 et
630 473 941 530 Tertulliani
984 473 1134 529 libris
1168 473 1235 528 de
1277 473 1440 527 verbo
1471 473 1791 544 quandoque
1821 491 1917 529 ex-
1947 476 2001 535 Λ
2025 475 2119 530 riis
2146 477 2368 541 exarati,
2411 477 2462 532 in
2489 475 2717 532 diversis
2739 475 3077 532 bibliorhecis
3097 476 3459 546 reperiuntur.
3481 476 3624 544 Qua-

323 567 542 638 scripsit
584 565 649 620 ad
695 566 937 621 verbum.
971 566 1028 620 In
1073 566 1190 620 aliis
1237 576 1420 619 autem
1445 565 1562 635 ejus
1590 565 1740 619 libris
1789 566 1920 621 nihil

325 674 546 732 prorsus
581 660 755 714 simile
782 659 1048 714 videmus.
1091 658 1355 714 Omnibus
1382 674 1543 729 porro
1576 657 1725 714 hisce
1758 661 1921 714 ratio-

324 771 454 811 num
492 755 776 810 momentis
822 763 1013 824 putant
1058 761 1208 809 recte
1255 752 1448 808 conﬁci
1494 753 1636 807 hunc
1671 753 1864 808 librum
1892 768 1921 808 a

321 847 593 920 Cypriane
623 847 956 918 divulgatum
987 847 1172 910 fuisse,
1207 863 1365 917 quam
1397 848 1626 918 primum
1670 847 1920 902 christia-

326 957 412 996 na:
443 941 680 1011 religioni
715 956 908 996 nomen
939 955 1095 996 suum
1125 938 1293 994 dedit.

396 1033 500 1090 Sed
545 1034 637 1104 qui
682 1035 752 1089 ita
799 1040 1240 1104 argumentantur
1285 1032 1496 1088 nescire
1538 1046 1648 1088 non
1693 1042 1920 1102 possunt

244 1112 251 1118 ’
322 1141 518 1180 nomen
573 1143 684 1180 cors
739 1126 792 1180 in
857 1125 1024 1180 sacris
1074 1135 1129 1180 et
1175 1125 1382 1180 Veteris
1431 1135 1486 1179 et
1553 1123 1685 1178 Novi
1734 1123 1922 1178 Testa-

322 1218 492 1274 menti
525 1216 816 1287 Scripturis
837 1216 1081 1290 (Numer.
1114 1233 1230 1287 cap.
1260 1233 1406 1279 xxvr,
1431 1217 1500 1271 35
1529 1226 1574 1270 et
1604 1215 1707 1280 36;
1732 1214 1916 1281 Iosue,

322 1327 440 1381 cap.
469 1323 588 1376 xvi,
623 1325 748 1373 xvtt,
794 1308 925 1377 etc.)
953 1308 1142 1365 eodem
1181 1319 1342 1379 atque
1378 1325 1407 1364 a
1449 1310 1720 1382 Cypriano
1757 1323 1920 1365 sensu

321 1403 634 1474 frequenter
655 1403 848 1473 accipi.
879 1403 1016 1472 Quid
1048 1404 1209 1460 etiam
1254 1404 1305 1458 in
1348 1404 1412 1458 iis
1441 1403 1508 1460 de
1550 1403 1763 1460 Christo
1795 1421 1918 1460 ver-

322 1496 426 1562 bis,
464 1514 484 1549 ‹
511 1495 591 1550 Ad
613 1510 842 1564 superos
872 1495 1099 1566 regredi,
1128 1516 1146 1550 ι
1167 1496 1343 1550 minus
1363 1495 1736 1564 christianum,
1759 1513 1918 1568 quam

320 1587 375 1642 in
406 1587 521 1643 istis
563 1587 846 1657 ipsiusmet
885 1587 1085 1643 Christi
1119 1605 1134 1641 :
1167 1606 1187 1640 ι
1221 1588 1329 1643 Vos
1363 1587 1432 1642 de
1471 1588 1724 1644 deorsum
1765 1589 1915 1656 estis,

322 1695 424 1749 ego
461 1679 528 1735 de
556 1681 804 1750 supernis
830 1695 970 1745 sum,
1002 1706 1021 1732 ι
1069 1680 1120 1735 id
1151 1689 1256 1747 est,
1287 1682 1552 1750 supernis,
1587 1697 1682 1737 seu
1709 1684 1920 1752 superis

319 1771 538 1827 sedibus
560 1770 710 1842 (Luc.
733 1788 850 1840 cap.
884 1788 935 1836 ις
967 1772 1139 1826 Actor.
1188 1787 1227 1837 ι,
1275 1771 1597 1837 etc.;Joan.
1645 1789 1760 1844 cap.
1801 1790 1914 1839 vnt,

2026 577 2146 621 tuor
2175 578 2352 622 autem
2382 568 2447 622 ad
2489 584 2704 624 manum
2737 569 3055 634 habuimus,
3083 569 3448 625 Colbcrtinmn
3487 571 3626 626 anti-

2025 658 2266 728 quiorem
2293 669 2417 716 ante
2445 676 2614 716 annos
2663 661 2768 717 800
2793 661 3120 732 descriptum
3146 704 3160 726 ,
3201 672 3254 717 et
3305 661 3446 730 paris
3486 663 3624 718 anti-

2025 751 2243 820 quitatis
2267 753 2665 814 Corbeiensem.
2701 770 2842 809 nunc
2870 770 2997 808 vero
3053 754 3574 824 Sangermaneusem
3603 796 3619 820 ,

2025 847 2238 899 tertium
2271 861 2398 900 vero
2428 846 2800 912 Taruiensem,
2831 863 2938 900 uno
2984 848 3182 902 saeculo
3238 847 3320 902 his
3359 847 3623 916 posterio-

2023 954 2158 1004 rem,
2191 950 2438 1010 quartmn
2464 939 2676 995 tandem
2707 941 3072 996 Colbertinnm
3105 940 3266 994 aliutn
3293 949 3418 994 ante
3447 955 3620 995 annos

2022 1031 2129 1088 500
2173 1035 2450 1102 scriptum.
2483 1034 2629 1089 Alios
2669 1049 2796 1090 vero
2829 1035 3005 1104 plures
3053 1034 3118 1089 ad
3171 1050 3362 1088 novam
3396 1050 3620 1104 operum

2021 1126 2274 1198 Cypriani
2292 1127 2580 1182 editionem
2601 1128 2964 1183 adornandam
2983 1127 3200 1195 eollegit
3217 1128 3625 1198 Balnzius,quo-

2023 1235 2141 1297 rum
2172 1219 2313 1273 hunc
2337 1221 2488 1273 nobis
2511 1220 2654 1274 dedit
2688 1220 2940 1276 indicem.
2967 1222 3208 1287 Quatuor
3233 1221 3437 1290 priores
3453 1235 3620 1275 anno-

2023 1328 2140 1366 rum
2164 1313 2289 1376 800,
2313 1313 2559 1367 nimirum
2580 1313 2911 1380 Pithmanus,
2930 1315 3098 1368 sancti
3117 1313 3346 1368 Cornelii
3365 1329 3624 1384 compen-

2022 1402 2246 1468 diensis,
2277 1407 2445 1459 sancti
2479 1405 2686 1459 Martini
2709 1405 3059 1471 Turonelisis,
3083 1407 3251 1461 sancti
3278 1406 3502 1474 Remigii
3529 1407 3624 1462 lle-

2021 1497 2242 1550 mensis.
2263 1495 2410 1552 Unus
2425 1513 2683 1551 annorum
2699 1497 3144 1563 700,:nonasterii
3163 1499 3332 1552 sancti
3349 1496 3622 1554 Michaelis

2023 1587 2076 1642 in
2126 1589 2367 1659 periculo
2406 1591 2588 1644 maris.
2620 1591 2736 1644 Duo
2766 1591 2870 1646 600
2915 1607 3202 1653 annorum,
3233 1591 3404 1646 sancti
3452 1590 3622 1647 Mauri

2025 1678 2360 1736 Fossatensis
2381 1693 2431 1736 et
2460 1682 2796 1738 Baluzianus.
2817 1684 2950 1738 Tres
2972 1699 3232 1738 annorum
3251 1684 3374 1746 500,
3395 1699 3620 1755 quorum

2023 1772 2224 1842 primus
2245 1775 2552 1828 monasterii
2575 1775 2746 1828 sancti
2770 1774 2914 1828 Petri
2936 1775 2986 1828 in
3010 1791 3146 1845 pago
3167 1774 3513 1838 Nivernensi,
3535 1789 3621 1830 sc-

337 1866 372 1933 Ῡ
398 1905 411 1918 .
440 1863 579 1937 23)?
609 1863 747 1918 Dixit
775 1879 936 1934 porro
967 1864 1267 1936 Cyprianus
1305 1863 1577 1919 Christum
1614 1879 1643 1918 a
1693 1866 1917 1921 mortuis
1947 1867 1993 1927 B
2021 1864 2226 1919 cundus
2242 1864 2536 1920 S.Victoris
2549 1866 3152 1933 Parisiensis,ettertius
3170 1866 3338 1922 beatae
3359 1867 3538 1922 Mariae
3553 1867 3621 1923 de

319 1958 609 2012 excitatum
645 1975 665 2009 ι
704 1957 914 2026 regredi
955 1957 1022 2012 ad
1048 1971 1294 2027 superos,
1326 1977 1346 2008 ι
1391 1971 1494 2012 non
1523 1956 1738 2027 quidem
1783 1957 1916 2014 deos

319 2049 414 2106 sed
454 2057 672 2116 terram,
711 2048 917 2115 inferis,
963 2050 1030 2104 ad
1077 2065 1213 2118 quos
1255 2059 1499 2105 mortuus
1534 2049 1912 2118 descenderat;

319 2143 672 2215 superiorem.
701 2142 784 2198 Ad
813 2142 1063 2198 historias
1090 2150 1269 2196 autem
1309 2142 1560 2212 profanas
1601 2143 1744 2213 quod
1795 2158 1918 2213 spe-

319 2243 445 2298 ctat,
479 2250 658 2292 nonne
683 2234 876 2290 iisdem
903 2243 994 2289 aut
1035 2233 1300 2288 similibus
1321 2233 1684 2289 Tertullianus
1726 2243 1783 2290 et
1812 2234 1912 2290 Mi-

318 2327 502 2385 nutius
533 2327 704 2394 Felix,
746 2341 927 2382 nonne
969 2326 1239 2382 Arnobius
1283 2335 1340 2382 et
1369 2325 1700 2392 Lactantius,
1735 2342 1916 2383 nonne

320 2420 410 2474 alii
433 2417 864 2474 ChriSIianorum
887 2417 1127 2473 vindices
1149 2427 1334 2472 contra
1348 2417 1592 2474 ethnicos
1607 2418 1917 2489 disputant?

320 2510 531 2566 Nemini
560 2524 720 2580 porro
745 2509 938 2564 mirutn
971 2509 1136 2564 videri
1165 2509 1345 2575 debet,
1373 2509 1513 2580 quod
1539 2511 1591 2564 in
1622 2510 1725 2566 hoc
1747 2511 1911 2578 libro,

321 2619 482 2675 quem
511 2603 828 2658 festinanter
863 2603 1098 2672 scripsit,
1128 2603 1278 2673 plura
1325 2602 1642 2658 delibaverit
1679 2619 1744 2659 ex
1785 2604 1916 2660 Ter-

321 2696 542 2751 tulliano
571 2705 624 2751 et
653 2695 875 2750 Minntio
905 2694 1108 2758 Felice.
1139 2695 1283 2764 quod
1325 2695 1470 2751 nulla
1510 2695 1800 2766 Scriptum
1830 2712 1916 2753 sa-

321 2803 429 2844 crze
452 2788 752 2843 testimonia
769 2803 1024 2860 expresse
1055 2786 1310 2858 proferat,
1338 2787 1481 2858 quod
1505 2787 1554 2842 in
1577 2802 1644 2842 eo
1674 2804 1778 2843 non
1809 2799 1915 2845 tam

319 2881 613 2952 eleganter,
648 2895 806 2950 quam
854 2881 909 2936 in
946 2880 1066 2935 aliis
1104 2880 1375 2950 loquatur,
1411 2895 1511 2936 nec
1539 2896 1635 2936 sua
1675 2881 1912 2949 tandem,

319 2976 462 3045 quod
494 2991 588 3045 per
611 2975 776 3029 otium
823 2976 921 3046 ipsi
971 2989 1078 3030 non
1121 2973 1335 3037 licebat,
1366 2975 1461 3030 sed
1487 2975 1715 3031 aliorum
1758 2990 1917 3047 argu-

320 3079 522 3137 menta,
554 3079 606 3124 et
636 3070 926 3142 aliquando
950 3069 1112 3126 verba
1144 3077 1415 3124 mutuatus
1443 3070 1531 3125 sit.

390 3163 597 3227 Quanta
619 3163 761 3216 enim
784 3163 1125 3217 festinatione
1148 3161 1293 3218 hunc
1319 3163 1509 3218 librum
1528 3164 1913 3234 composuerit,

2023 1957 2248 2013 Laetitia.
2285 1958 2530 2028 Quinque
2556 1960 2644 2014 alii
2675 1959 2890 2016 codices
2916 1975 3180 2015 annorum
3209 1960 3332 2016 400.
3371 1961 3612 2016 Baluzia-

2021 2065 2144 2116 nus,
2172 2050 2308 2106 alter
2331 2049 2682 2117 Bohieranus,
2707 2051 3058 2115 Sorbonicus,
3091 2053 3260 2107 sancti
3281 2051 3434 2122 Eligii
3465 2054 3621 2106 Atre-

2020 2143 2257 2198 batensis
2276 2151 2330 2198 et
2343 2143 2514 2198 sancti
2536 2143 2763 2199 Victoris
2776 2143 3113 2200 Parisiensis.
3141 2144 3378 2210 Quatuor
3404 2143 3620 2199 tandem

2020 2248 2281 2290 annorum
2324 2235 2436 2292 500
2467 2236 2549 2291 vel
2604 2235 2733 2301 250,
2787 2237 2956 2292 sancti
3008 2235 3247 2307 Dionysii
3300 2236 3618 2300 Remensis,

2020 2327 2190 2383 sancti
2219 2327 2454 2383 Cornelii
2479 2327 2947 2398 Compendiensis.
2980 2326 3530 2396 GratianOpolitanus,
3564 2336 3620 2382 ct

2021 2419 2232 2474 Domini
2264 2420 2330 2475 de
2381 2421 2428 2476 la
2457 2419 2704 2489 Moignon
2735 2419 2980 2489 praesidis
3027 2417 3234 2474 infolati
3273 2427 3494 2473 senatus
3521 2417 3618 2472 Pa-

2019 2510 2282 2566 risiensis.

2092 2604 2242 2672 Quod
2271 2613 2450 2660 autem
2473 2605 2537 2660 ad
2563 2605 2720 2675 lmjus
2742 2604 2862 2659 libri
2893 2603 3154 2659 editiones
3181 2603 3392 2668 attinet,
3415 2600 3618 2656 easdem

2021 2695 2126 2752 illa:
2152 2707 2275 2751 sunt
2304 2711 2365 2751 ac
2404 2697 2632 2752 aliorum
2665 2697 2820 2751 simul
2863 2711 3190 2752 excusorqu
3223 2737 3239 2762 ,
3295 2709 3429 2764 quas
3458 2707 3619 2764 supra

2023 2789 2411 2846 recensuimus.
2442 2789 2583 2843 Nihil
2633 2791 2810 2860 itaque
2853 2805 3076 2846 necesse
3101 2797 3267 2847 estut
3313 2789 3521 2858 longius
3550 2787 3618 2842 dc

2021 2883 2086 2938 iis
2113 2882 2406 2938 deducatur
2431 2882 2688 2937 orationis
2715 2883 2883 2936 tilum.

2091 2973 2257 3029 Notas
2285 2987 2412 3028 vero
2435 2982 2490 3030 et
2515 2972 2920 3027 observationes
2947 2973 3106 3028 iidem
3152 2974 3204 3028 in
3229 2973 3369 3026 hunc
3395 3011 3410 3034 ,
3441 2971 3530 3042 qui
3563 2971 3615 3024 in

2019 3065 2355 3134 superiorem
2433 3063 2625 3118 librum
2688 3073 3128 3134 composuerunt.
3185 3065 3436 3119 Erasmus
3489 3078 3616 3117 vero

2021 3172 2179 3211 unam
2222 3156 2274 3211 in
2299 3171 2421 3210 eum
2452 3156 2653 3220 edidit;
2701 3172 2821 3226 qua:
2849 3157 3004 3212 sicuti
3038 3158 3149 3228 jam
3204 3156 3456 3220 diximus,
3491 3156 3613 3210 titu—

321 3251 445 3308 liinc
482 3253 689 3322 conjice
727 3255 868 3324 quod
900 3270 960 3309 ea
993 3270 1112 3325 quae
1164 3255 1215 3308 in
1269 3255 1502 3310 secunda
1544 3256 1684 3310 illius
1730 3267 1910 3327 parte,
1939 3255 1985 3318 C
2018 3249 2124 3304 lmn
2147 3261 2201 3304 et
2231 3249 2440 3303 initium
2472 3249 2631 3319 hujus
2653 3250 2896 3321 opusculi
2951 3259 3178 3321 spectat.
3207 3249 3408 3305 Novem
3435 3258 3612 3304 autem

319 3347 529 3402 tametsi
555 3347 763 3402 duabus
786 3348 904 3402 aliis
932 3349 1200 3414 breviore,
1233 3348 1429 3420 scripta
1475 3361 1622 3418 sunt,
1651 3354 1702 3406 in
1731 3354 1918 3411 melio-

318 3455 432 3497 rem
463 3452 707 3511 poterant
736 3443 978 3498 ordinem
1013 3443 1170 3498 facile
1199 3443 1387 3515 redigi.
1431 3444 1694 3502 Praeterea
1717 3447 1806 3502 ubi
1850 3448 1918 3506 de

322 3534 548 3588 terrenis
568 3534 782 3589 disserit
805 3537 999 3604 regnis,
1034 3538 1103 3591 ibi
1126 3537 1436 3592 adverbium
1462 3549 1696 3595 ueterum
1720 3557 1918 3612 paucas

321 3627 463 3683 inter
491 3627 660 3682 lineas
689 3640 770 3682 ter
797 3631 1008 3697 repetit.
1063 3630 1241 3685 l'rimo
1268 3631 1411 3686 enim
1443 3651 1456 3686 :
1488 3651 1508 3684 ς
1536 3631 1801 3689 Caeterum
1831 3651 1918 3691 re-

319 3735 444 3790 gna,
478 3719 668 3788 inquit,
703 3729 986 3775 tenuerunt
1014 3722 1218 3793 Assyrii
1247 3722 1527 3794 (Cyprian.
1571 3740 1692 3797 pag.
1729 3727 1798 3782 14
1821 3727 1861 3798 ).
1891 3747 1910 3782 ι

319 3813 388 3868 Et
414 3823 532 3883 post
575 3813 708 3868 duas
738 3813 906 3869 lineas
935 3832 947 3868 :
987 3833 1005 3866 ι
1034 3814 1296 3870 Caeterum
1329 3817 1373 3870 si
1414 3817 1480 3870 ad
1515 3817 1760 3873 ordinem
1794 3819 1918 3874 red-

241 3912 254 3927 '
318 3918 430 3959 eas.
482 3923 502 3958 i
541 3903 780 3974 Denique
830 3904 992 3976 paulo
1045 3915 1203 3974 post:
1253 3924 1270 3957 ι
1302 3906 1565 3962 Οωιετιιηι
1597 3917 1651 3962 et
1681 3907 1916 3979 Regulus

318 3996 554 4066 auspicia
575 3997 804 4052 servavit
839 3996 1003 4068 (Ibid.
1038 4011 1157 4067 pag.
1190 3998 1304 4066 15).
1347 4015 1366 4049 ι

389 4089 520 4145 Cum
545 4105 674 4162 ergo
713 4091 857 4145 hunc
887 4091 1080 4145 librum
1121 4105 1310 4159 magna
1337 4090 1613 4146 celeritate
1648 4091 1916 4148 coniicere

318 4192 533 4238 coactus
560 4182 738 4249 fuerit,
769 4198 949 4238 nonne
999 4182 1050 4236 id
1089 4181 1288 4236 iudicio
1336 4197 1458 4237 esse
1501 4191 1679 4252 potest
1723 4183 1915 4238 abillo

321 4273 485 4330 fuisse
530 4277 756 4343 editum,
789 4278 1002 4345 quando
1044 4277 1432 4346 persecutionis
1463 4279 1724 4348 fugienda:
1753 4294 1912 4334 causa

319 4365 642 4439 Carthagine
669 4371 930 4425 secessit?
970 4371 1105 4425 Tum
1134 4371 1276 4426 enim
1327 4373 1607 4440 pastoralis
1641 4372 1803 4427 oflicii
1830 4375 1913 4428 sui

320 4476 442 4517 esse
461 4463 668 4517 censuit
701 4462 1030 4518 Christianos
1055 4467 1107 4519 in
1136 4465 1238 4519 fide
1267 4465 1640 4532 corroborare,
1667 4465 1914 4522 refellere

319 4554 566 4624 gentiles,
619 4569 682 4609 ac
712 4557 1022 4610 temerarios
1050 4559 1406 4627 comprimere
1450 4558 1680 4628 impetus
1723 4560 1908 4615 Deme-

2021 3362 2180 3417 supra
2209 3347 2545 3417 septuaginta
2584 3346 2852 3401 Pamelius
2877 3346 3130 3416 scripsit,
3160 3361 3223 3400 ac
3265 3345 3612 3414 quadraginta

2021 3454 2212 3495 novem
2256 3440 2442 3509 primis
2469 3454 2531 3494 ea
2573 3439 2856 3510 explanat,
2881 3455 3001 3509 qua:
3027 3439 3079 3494 in
3114 3439 3282 3509 prima
3307 3438 3463 3507 hujus
3494 3437 3612 3492 lihri

2021 3543 2172 3604 parte
2200 3531 2265 3588 ad
2297 3532 2639 3589 evertendam
2675 3532 2861 3586 falsam
2913 3530 3190 3602 gentilium
3242 3531 3550 3600 religionem
3584 3545 3613 3582 a

2018 3625 2288 3696 Cypriane
2309 3624 2675 3696 proferuntur.
2709 3623 2993 3679 Breviores
3015 3639 3141 3678 vero
3168 3632 3291 3677 sunt
3318 3624 3534 3691 reliqua:
3562 3623 3614 3676 in

2017 3709 2153 3772 duas
2193 3716 2388 3771 alteras
2416 3716 2656 3783 ejusdem
2709 3715 2828 3769 libri
2861 3726 3040 3784 partes
3064 3755 3078 3775 ,
3110 3715 3306 3783 quibus
3329 3715 3397 3768 ab
3424 3714 3612 3767 eodem

2017 3805 2286 3878 Cypriane
2330 3805 2626 3874 eitplicatur
2670 3820 2732 3859 ac
2783 3804 3048 3859 stabilitur
3073 3804 3502 3859 Christianorum
3547 3805 3613 3860 de

2022 3897 2130 3952 Deo
2161 3905 2215 3951 et
2241 3896 2457 3952 Christo
2479 3898 2707 3951 Domino
2739 3897 3023 3952 sententia.

2089 3987 2290 4044 Omnes
2338 4002 2498 4058 porro
2529 3989 2625 4042 has
2671 3989 3164 4045 animadversiones
3206 3989 3514 4064 Goulartius
3563 3989 3612 4044 in

2017 4079 2272 4136 adornata
2304 4097 2334 4135 a
2360 4097 2418 4136 se
2443 4081 2887 4153 Cyprianicorum
2933 4082 3166 4153 Opermn
3207 4082 3443 4137 editione
3488 4084 3612 4136 toti-

2017 4173 2138 4229 dem
2165 4174 2345 4229 \erhis
2371 4177 2551 4230 recudi
2579 4178 2804 4232 curavit.
2837 4177 2974 4232 Ntltil
3003 4186 3178 4232 autem
3209 4177 3275 4231 iis
3303 4177 3370 4232 de
3397 4193 3494 4231 suo
3519 4176 3612 4229 :ul-

2017 4267 2171 4333 didit,
2195 4268 2292 4322 nisi
2322 4269 2753 4340 antiquissimum
2777 4285 2896 4325 esse
2925 4269 3240 4324 idololatria:
3253 4270 3448 4332 scelus,
3469 4269 3610 4338 quod

2015 4375 2045 4414 a
2075 4359 2188 4416 Noe
2221 4362 2470 4430 posteris,
2502 4374 2620 4432 post
2646 4363 2902 4417 diluvium
2932 4378 2958 4413 a
3005 4361 3095 4416 Dei
3138 4361 3283 4415 cultu
3315 4361 3612 4414 recedenti-

2017 4451 2138 4516 bus.
2166 4463 2340 4508 ortum
2368 4468 2489 4510 esse
2526 4455 2818 4509 existimat.
2867 4451 2967 4508 Ubi
2999 4453 3140 4507 enim
3174 4453 3224 4506 in
3254 4452 3498 4514 Genesis,
3534 4453 3612 4505 in-

2015 4545 2148 4616 quit,
2178 4545 2315 4601 libro
2354 4546 2553 4602 Rachel
2586 4545 2725 4600 idola
2755 4545 2918 4613 patris
2947 4545 3026 4598 sui
3057 4543 3387 4613 subripuisse
3417 4543 3614 4598 dicitur

324 4648 502 4716 triani,
532 4651 620 4720 qui
652 4649 789 4704 sicut
816 4650 866 4703 in
913 4651 1172 4719 superiori
1205 4651 1377 4720 capite
1402 4651 1635 4706 diximus
1658 4693 1674 4719 ,
1715 4652 1911 4722 saepius

2020 4637 2222 4710 (Cenes.
2272 4654 2389 4709 cap.
2424 4637 2570 4704 xxxi,
2602 4653 2655 4692 v.
2689 4638 2754 4692 l9
2781 4646 2835 4691 et
2860 4637 2976 4707 54),
3005 4637 3072 4691 de
3102 4636 3167 4691 iis
3196 4647 3465 4706 tamquam
3498 4644 3607 4690 tuin

320 4739 387 4794 ad
419 4756 562 4806 eum,
619 4756 718 4795 nec
755 4741 911 4795 aliain
965 4741 1204 4811 profecto
1241 4743 1311 4797 ob
1349 4744 1608 4799 rationem
1660 4754 1909 4813 venerat,

321 4830 426 4885 nisi
457 4840 510 4886 ut
540 4832 794 4888 clamosis
815 4833 1035 4888 vocibus
1065 4833 1248 4888 falsam
1279 4836 1591 4905 religionem
1622 4851 1772 4891 suam
1798 4847 1913 4894 tue-

321 4931 488 4978 retur.
523 4923 720 4980 Verum
751 4925 818 4980 de
863 4925 944 4979 his
974 4926 1189 4991 nostris,
1238 4935 1292 4979 et
1318 4926 1542 4981 aliorum
1588 4929 1914 4998 conjecmris

319 5016 602 5085 peritiores
612 5017 948 5084 jttdicabuut.
972 5017 1110 5072 Nihil
1129 5018 1327 5089 quippe
1343 5019 1561 5074 omnino
1579 5021 1712 5075 certi
1727 5036 1917 5076 occur-

319 5107 406 5171 rit,
438 5123 546 5178 quo
578 5123 704 5164 vera
739 5109 894 5178 hujus
922 5111 1388 5166 commentatiouis
1417 5121 1548 5166 tetas
1588 5113 1910 5184 assignetur.

321 5201 388 5254 At
411 5201 610 5256 certius
635 5216 767 5258 sane
798 5202 866 5257 de
887 5202 974 5257 illa
998 5201 1258 5272 judicium
1286 5201 1410 5258 ferri
1435 5213 1634 5274 posset,
1658 5206 1700 5259 si
1725 5206 1918 5276 genui-

321 5305 444 5344 nam
476 5293 593 5360 ejus
622 5293 1068 5364 inscriptionem',
1101 5302 1155 5349 et
1197 5293 1406 5350 initium
1453 5295 1673 5351 minime
1698 5297 1916 5351 dubium

323 5383 663 5441 haberemus.

917 5516 1212 5557 ARTICULUS
1241 5516 1312 5557 IV.

325 5613 400 5670 De
423 5616 576 5688 hujus
612 5615 726 5671 libri
749 5618 1107 5687 mmmscriptis
1135 5627 1182 5670 et
1211 5617 1356 5669 editis
1377 5616 1632 5672 codicibus
1661 5633 1722 5671 ac
1748 5618 1916 5673 vario-

858 5726 971 5763 rum
997 5711 1048 5763 in
1071 5709 1216 5763 illum
1245 5711 1395 5764 uotis.

391 5844 578 5902 Plures
603 5843 760 5916 hujus
785 5846 1031 5918 epusculi
1056 5844 1294 5915 codices,
1321 5858 1350 5899 a
1378 5845 1537 5902 variae
1564 5848 1736 5902 aetatis
1759 5845 1920 5903 libra-

2016 4732 2244 4804 vulgatis
2293 4741 2349 4787 et
2399 4732 2775 4788 communibus
2814 4745 2996 4786 sermo
3023 4729 3190 4785 factus
3237 4739 3340 4784 est.
3371 4733 3436 4783 At
3465 4739 3610 4784 certe

2017 4825 2106 4880 alii
2135 4827 2290 4896 longe
2313 4825 2669 4895 antiquiorem
2697 4825 2859 4880 fuisse
2879 4823 3196 4879 idololatriae
3221 4824 3610 4893 originetnopi-

2017 4927 2232 4982 nantur,
2288 4916 2740 4986 quemadmodum
2791 4917 2917 4970 alibi
2983 4916 3315 4971 ostendimus
3361 4915 3531 4984 (Tom.
3595 4933 3611 4969 ι

2017 5009 2271 5078 Apparat.
2298 5025 2416 5078 pag.
2451 5009 2554 5064 720
2574 5049 2589 5072 ,
2616 5017 2664 5062 et
2690 5007 2839 5080 δρψ).

2089 5100 2508 5156 Observationes
2528 5099 2722 5155 dehinc
2739 5117 2768 5154 a
2793 5099 3022 5170 Rigaltio
3045 5098 3296 5169 profecta:
3325 5098 3390 5152 ad
3412 5107 3610 5176 textum

2022 5195 2183 5250 variis
2240 5204 2484 5250 veterum
2534 5193 2780 5249 codicum
2828 5192 3145 5248 lectionibus
3214 5190 3610 5246 emendandum

2021 5286 2345 5343 conducunt.
2378 5285 2662 5342 Nonnullis
2690 5301 2818 5342 vero
2847 5285 2964 5340 aliis
2986 5285 3143 5340 verba
3166 5283 3414 5354 Cypriani
3445 5284 3614 5352 expli-

2020 5394 2166 5443 care,
2195 5387 2288 5434 aut
2315 5378 2433 5432 aliis
2461 5386 2706 5434 veterum
2752 5377 3086 5446 Scriptorum
3134 5376 3450 5431 testimoniis
3477 5391 3610 5430 eno-

2022 5473 2152 5530 dare
2177 5481 2232 5528 et
2259 5471 2580 5527 confirmare
2608 5480 2832 5527 conatus
2855 5480 2956 5525 est.

2093 5564 2384 5620 Oxoniensi
2417 5579 2576 5632 porro
2605 5561 2824 5618 editioni
2865 5561 3150 5632 praefectus
3193 5571 3346 5616 notas
3389 5560 3612 5630 duplicis

2020 5661 2256 5732 generis,
2311 5659 2760 5730 quemadmodum
2802 5659 2852 5712 in
2884 5659 3216 5726 superiorem
3244 5666 3298 5711 et
3343 5657 3474 5711 alias
3513 5657 3614 5727 (2y-

2023 5752 2193 5821 priani
2240 5751 2638 5806 lucubrationes
2677 5749 2978 5804 adornavit.
3011 5748 3204 5803 Primis
3240 5757 3419 5802 autem
3466 5747 3615 5802 exhi-

2024 5842 2116 5901 bet
2137 5841 2382 5902 diversas
2406 5843 2749 5914 antiquorum
2769 5841 3120 5913 quorumdam
3142 5839 3386 5898 codicum
3418 5838 3612 5896 collec-
