4202 6272
555 346 697 410 11110

1805 348 1874 409 IN
1911 350 1977 409 D.
2000 346 2327 408 ΕΥΡΙΠΑηί
2369 347 2603 407 OPEBA

3718 340 3874 402 ΠΕΟ

557 480 642 527 tas
670 480 698 525 a
729 483 789 526 se
834 466 1113 534 lectiones,
1163 464 1244 523 rei
1296 466 1398 526 sibi
1427 468 1496 525 ab
1533 469 1653 525 aliis
1679 471 2057 525 transmissasu
2086 467 2156 525 At
2182 466 2233 531 Α
2259 468 2403 524 disse
2430 486 2445 524 :
2474 468 2800 524 successisse
2822 480 2954 522 vero
2983 465 3035 522 in
3066 479 3253 522 eorum
3281 465 3460 522 locum
3486 463 3828 523 Christianos
3851 507 3871 534 ,

557 566 809 622 secundis
840 565 968 619 satis
995 572 1143 619 certe
1174 564 1397 634 prolixis
1445 579 1506 619 ea
1541 565 1820 629 enucleat,
1854 564 2151 619 aliorumve

558 657 876 714 auctoritate
916 657 1270 726 comprobat,
1334 672 1452 728 qum
1511 655 1561 710 in
1613 658 1782 725 prima
1833 654 1990 724 hujus
2027 654 2150 709 libri

559 760 711 826 parte
733 761 919 808 contra
946 750 1157 807 tlctitios
1195 751 1473 821 gentilium
1503 751 1633 806 deos
1653 749 1925 806 dicuntur:
1961 749 2013 804 111
2035 747 2152 804 aliis

560 857 737 901 autem
769 845 924 917 longe
950 845 1163 901 brevior
1190 854 1294 901 est.

1204 1005 1431 1068 CAPUT
1458 1006 1547 1065 Vl.

804 1132 960 1181 11011111
985 1136 1040 1179 Il
1069 1134 1208 1179 1111110
1234 1132 1428 1181 1101101
1458 1134 1908 1179 οηςεινΑτιοηεδ.

1091 1274 1382 1314 narremus
1406 1260 1613 1315 raiuus.

562 1372 640 1430 Ds
666 1373 747 1442 iis,
777 1388 892 1443 qua
916 1372 1203 1445 Cyprianus
1224 1390 1286 1430 so:
1311 1372 1630 1428 Tertulliano
1656 1380 1702 1429 et
1730 1372 1962 1427 Minucia
1987 1371 2158 1431 Felice

632 1467 903 1536 (nupsit,
937 1482 998 1520 ac
1026 1466 1281 1534 quomodo
1308 1465 1506 1523 duobus
1526 1465 1644 1520 aliis
1670 1466 1724 1521 in
1748 1465 1888 1520 libris
1913 1482 1972 1520 ea
1998 1481 2159 1523 sacra

632 1557 919 1627 Scriptura:
975 1557 1273 1615 testimoniis
1328 1558 1632 1627 probaverit,
1687 1573 1801 1627 quis
1836 1559 1893 1613 in
1953 1558 2048 1613 isto
2096 1555 2159 1619 de

630 1646 848 1718 Iudicis,
875 1647 1200 1717 Christianis,
1224 1659 1272 1706 et
1302 1647 1505 1707 Christo
1535 1648 1753 1709 Domino
1771 1649 1986 1709 breviter
2010 1665 2160 1707 enar-

635 1754 734 1805 rat.

633 1855 766 1913 Tres
791 1865 916 1911 sunt
966 1856 1125 1927 hujus
1170 1857 1288 1912 lihri
1340 1866 1541 1927 partes,
1573 1868 1797 1927 quarum
1829 1856 2056 1926 primam
2102 1865 2157 1912 et
2186 1872 2233 1936 Β

562 1950 872 2016 secundum,
900 1951 1057 2006 sicuti
1098 1951 1353 2014 diximus,
1380 1950 1679 2022 Cyprianus
1704 1966 1770 2006 ex
1812 1949 2025 2005 Minucii
2054 1951 2156 2006 00-

562 2043 724 2110 tavio,
751 2038 959 2099 tertiam
986 2056 1052 2097 ex
1083 2043 1434 2113 Apologeticu
1455 2041 1789 2107 Tertulliani,
1816 2043 1864 2097 ei
1884 2042 2158 2111 utriusque

562 2132 751 2190 iisdem
780 2133 1085 2203 aliquando,
1118 2148 1182 2190 ac
1207 2134 1361 2203 hujus
1390 2135 1724 2205 potissimum
1756 2133 1934 2189 verbis
1964 2135 2159 2189 decer-

565 2225 671 2297 psit
724 2224 1053 2298 (Tertullian.
1111 2225 1379 2297 Apologet.
1422 2239 1540 2294 cap.
1577 2239 1689 2289 ut,
1723 2238 1840 2294 pag.
1864 2224 1979 2295 21).
2027 2225 2159 2291 Qua:

565 2327 743 2374 autem
770 2332 834 2375 es
862 2316 1094 2374 Minucio
1124 2318 1397 2385 delihavit,
1431 2317 1548 2373 haec
1589 2318 1843 2388 pleraque
1884 2317 2064 2371 omnia
2104 2318 2159 2373 in

567 2422 751 2467 nostra
779 2412 845 2468 de
872 2413 1013 2467 illius
1039 2407 1260 2467 Octavio
1289 2411 1664 2467 dissertatione
1686 2410 1841 2464 simul
1860 2409 2156 2465 retulimus.

566 2505 683 2559 Alia
714 2520 866 2571 vero,
914 2521 1035 2576 quae
1061 2522 1128 2560 ex
1167 2505 1499 2560 Tertulliauo
1529 2515 1862 2575 praeceptore
1914 2519 2013 2560 suo
2042 2513 2161 2558 ntu-

568 2606 745 2653 tuatus
765 2606 869 2665 est,
902 2613 964 2654 ea
992 2600 1042 2653 in
1072 2600 1337 2669 superiori
1367 2609 1548 2653 nostra
1595 2598 1975 2654 dissertatione
2027 2612 2159 2654 enu-

567 2689 735 2744 010010
760 2698 884 2744 sunt
910 2689 1205 2762 (Dissertat.
1254 2691 1308 2744 in
1338 2688 1536 2745 Minue.
1565 2706 1683 2763 cap.
1717 2705 1774 2757 lt,
1804 2700 1905 2745 art.
1940 2690 1992 2757 ϐ,
2024 2701 2070 2744 et
2105 2691 2159 2746 in

570 2778 785 2836 Tertull.
835 2769 951 2852 cap.
987 2797 1059 2849 Ix,
1091 2792 1189 2837 art.
1224 2781 1279 2836 8.
1305 2792 1352 2836 et
1379 2781 1566 2854 θείη).
1601 2782 1788 2853 Neque
1838 2793 2015 2837 tamen
2043 2796 2159 2838 om-

567 2875 654 2930 nia
680 2884 736 2930 et
755 2875 960 2945 singula
986 2891 1056 2931 ex
1111 2891 1214 2930 uno
1245 2876 1440 2945 potius,
1474 2890 1632 2946 quam
1686 2876 1795 2931 alio
1824 2876 2160 2946 decerpsisse

564 2968 720 3024 nobis
744 2967 971 3024 videtur.
998 2969 1168 3025 Nemo
1192 2970 1335 3025 enim
1366 2984 1465 3026 nec
1487 2978 1659 3038 certo,
1688 2984 1790 3026 nec
1816 2969 1974 3026 facile
2014 2971 2158 3025 sitir-

566 3075 713 3116 ntare
740 3070 915 3132 potest
943 3072 1120 3117 utrum
1148 3076 1243 3129 ea,
1271 3076 1391 3133 qua:
1429 3063 1522 3118 ille
1551 3064 1603 3117 in
1638 3064 1804 3131 prima
1842 3063 2000 3131 hujus
2039 3063 2159 3118 libri

566 3160 717 3221 parte
745 3151 813 3207 de
842 3146 1178 3208 daemonibus
1213 3152 1452 3218 tradidit,
1482 3169 1550 3208 ex
1574 3152 1806 3207 Minucio
1836 3152 2034 3217 Felice,
2065 3164 2161 3222 po-

2255 559 2362 616 tide
2388 560 2668 614 Dominum
2718 569 3124 631 protnerentes,
3151 568 3207 614 et
3243 559 3311 615 de
3337 561 3588 616 omnibus
3613 561 3877 631 gentibus

2253 666 2317 707 ac
2334 651 2403 706 de
2428 661 2540 707 tuto
2568 652 2698 707 urbe
2725 652 3020 706 venientes.
3053 649 3187 707 Item
3215 652 3431 707 libellus
3455 653 3595 707 alius
3618 654 3872 711 continet

2254 742 2451 799 Citristi
2476 752 2900 811 sacramentum,
2934 743 3078 814 quod
3111 744 3252 799 idem
3293 745 3520 811 venerit,
3549 746 3638 815 qui
3665 761 3879 804 secun-

2255 835 2382 890 dum
2411 835 2717 904 Scriptores
2741 837 3092 890 attnutttiatus
3122 843 3227 901 est,
3255 846 3309 891 et
3330 838 3563 906 gesserit
3588 851 3652 893 ac
3677 837 3877 907 perfe-

2256 927 2393 982 cerit
2431 932 2676 981 universa
2706 968 2719 989 ,
2753 927 2948 996 quibus
2999 926 3225 996 intelligi
3274 935 3330 982 et
3380 929 3632 997 cognosci
3684 938 3878 999 pOtest

2256 1017 2398 1088 quod
2427 1018 2539 1087 ipse
2563 1018 2650 1084 sit,
2683 1017 2773 1086 qui
2826 1016 3114 1086 prwdicttts
3159 1028 3243 1072 est
3281 1014 3454 1089 (Idem
3496 1018 3617 1073 ade.
3663 1018 3827 1074 Juda:
3851 1060 3871 1085 ,

2258 1124 2468 1180 promit.
2526 1124 2643 1179 pag.
2682 1107 2790 1179 t8).
2834 1127 2852 1161 t
2893 1109 3108 1163 Duobus
3134 1109 3315 1180 itaque
3346 1110 3425 1165 his
3459 1109 3611 1165 libris
3662 1109 3879 1182 llas-lyr

2258 1202 2629 1259 sanctissimus
2654 1202 2716 1257 iis
2738 1203 3017 1269 satisfecit,
3049 1203 3140 1273 qui
3172 1203 3482 1258 desiderare
3508 1211 3785 1273 poterant,
3807 1218 3881 1259 ea

2260 1295 2587 1351 testimoniis
2627 1312 2794 1350 sacra:
2832 1296 3124 1367 Scriptura:
3176 1297 3413 1365 probari,
3441 1313 3561 1368 qua:
3590 1298 3647 1353 in
3668 1299 3778 1353 hoc
3802 1297 3881 1354 de

2261 1388 2328 1445 iis
2358 1388 2607 1444 uirtutibus
2632 1389 2861 1445 breviori
2891 1390 3227 1458 expositione
3251 1389 3487 1445 tradidit.

2871 1540 3168 1581 ARTICULUS
3198 1542 3256 1582 11.

2272 1639 2440 1713 Quam
2471 1642 2755 1703 luculenter
2777 1642 3070 1714 Cyprianus
3095 1652 3287 1698 asserat
3314 1642 3654 1701 orthodoxam
3681 1645 3749 1699 de
3787 1662 3884 1707 su-

2334 1750 2507 1805 prema
2551 1734 2741 1790 Christi
2787 1735 3072 1803 divinitate,
3126 1744 3173 1790 et
3209 1736 3542 1797 sanctissith
3592 1734 3881 1793 Trinitatis

2335 1832 2572 1902 mysterio
2601 1832 2979 1887 documentum.

2333 1942 2448 1998 Non
2498 1943 2616 1998 sine
2646 1944 3026 2000 observatione
3057 1946 3230 2015 aliqua
3265 1945 3677 2013 ptuistertnittere
3707 1946 3876 2002 nobis

2260 2034 2385 2091 licet
2403 2049 2563 2105 quam
2591 2034 2875 2089 manifeste
2903 2036 3207 2106 Cyprianus
3233 2050 3541 2105 supremam
3568 2035 3689 2091 Filii
3734 2037 3835 2093 Dei
3859 2079 3877 2103 ,

2257 2129 2458 2185 Christi
2508 2131 2756 2197 Domini,
2814 2130 3149 2186 divinitatem
3192 2142 3441 2199 asserat,
3488 2143 3543 2187 et
3591 2132 3878 2202 ιιι-10111001.

2259 2224 2548 2295 Postquam
2602 2226 2744 2280 enim
2804 2227 2964 2279 vat-iis
3005 2225 3271 2280 rationum
3302 2228 3609 2291 momentis,
3651 2242 3776 2297 quas
3815 2229 3880 2283 in

2258 2318 2630 2389 superioribus
2662 2320 2862 2374 nostris
2904 2320 3339 2374 disertationibus
3380 2320 3685 2375 examinata
3714 2331 3872 2388 sunt,

2259 2411 2661 2469 evidentissitue
2701 2408 2957 2466 adversus
2979 2410 3225 2467 ethnicos
3254 2410 3498 2479 probarit
3544 2412 3760 2466 unicum
3808 2424 3870 2468 et

2260 2504 2686 2574 omMpotentem
2736 2519 2858 2559 esse
2906 2503 3095 2569 Deum,
3130 2503 3246 2558 haec
3292 2503 3362 2558 de
3389 2503 3604 2557 Christo
3634 2519 3879 2573 pronun-

2263 2599 2395 2653 tiat:
2436 2614 2454 2647 1
2493 2597 2590 2651 1110
2620 2597 2760 2652 Deus
2783 2606 2987 2662 uoster,
3015 2598 3103 2653 hic
3129 2596 3377 2651 Christus
3401 2608 3504 2653 est.
3538 2616 3556 2649 1
3594 2596 3873 2671 (σειρῆσι.

2261 2692 2327 2746 de
2354 2690 2557 2745 ldotor.
2598 2689 2824 2744 Vauitat.
2858 2705 2977 2761 pag.
3009 2688 3130 2761 15.)
3163 2691 3297 2745 Cum
3326 2705 3458 2761 ergo
3484 2692 3630 2760 prius
3680 2701 3876 2748 contra

2261 2785 2540 2841 universos
2565 2784 2792 2853 gentiles
2820 2783 3276 2838 demonstraverit
3302 2796 3467 2838 unum
3499 2784 3874 2840 tantummodo

2261 2892 2382 2934 esse
2415 2877 2601 2941 Deum,
2637 2891 2781 2931 nunc
2835 2890 2966 2931 vero
2992 2875 3376 2932 dissertissime
3412 2887 3675 2933 assereret
3700 2877 3868 2933 Chri-

2261 2981 2401 3026 stum
2430 2971 2592 3025 etiam
2616 2969 2780 3024 Deum
2809 2984 2949 3034 esse,
2974 2969 3098 3024 hinc
3120 2970 3426 3025 necessario
3452 2970 3684 3041 sequitur
3706 2971 3864 3026 illum

2261 3074 2315 3117 et
2342 3062 2481 3117 alios
2531 3077 2722 3116 omnes
2770 3076 2872 3116 suo
2925 3071 3169 3132 tempore
3201 3062 3538 3118 Christianus
3576 3065 3874 3121 credidisse

2262 3154 2510 3211 eamdem
2531 3170 2652 3209 esse
2681 3154 2879 3208 Chriin
2908 3165 3071 3225 atque
3107 3157 3297 3211 aeterni
3323 3157 3497 3214 Patris
3518 3158 3639 3226 ejus
3672 3159 3874 3214 divini-

564 3244 670 3297 tius
694 3256 853 3311 quam
880 3257 950 3298 ex
974 3243 1305 3298 Tt‘t'lttiliatto
1332 3243 1518 3299 hausta
1543 3243 1757 3297 fuerint.
1776 3243 1975 3314 Siquis
1998 3254 2157 3313 porro
2184 3264 2229 3326 ρ
2264 3253 2447 3305 tatem.
2480 3246 2533 3302 Si
2557 3246 2639 3301 his
2665 3260 2898 3316 namque
2925 3246 3105 3301 verbis
3132 3247 3436 3318 signiﬁcare
3466 3248 3722 3303 voluisset
3747 3249 3873 3305 illos

561 3335 827 3389 curiosius
856 3334 1105 3405 indagare
1135 3336 1365 3391 voluerit
1382 3336 1593 3389 ubinam
1620 3336 1671 3390 in
1695 3336 2157 3393 dissertationibus

563 3426 762 3480 nostris
783 3422 1016 3482 delibata
1062 3440 1128 3480 ex
1169 3437 1397 3495 utroque
1425 3426 1678 3497 Cypriani
1731 3428 1848 3481 loca
1887 3427 2156 3497 explicare

563 3517 974 3583 euntettdamus,
1029 3520 1141 3573 hinc
1168 3519 1220 3572 111
1247 3520 1481 3586 capitum
1520 3520 1843 3583 sumtnariis,
1875 3528 1966 3573 aut
1992 3534 2157 3588 gene-

564 3610 660 3665 rali
686 3610 846 3667 totius
871 3610 993 3667 libri
1026 3612 1197 3666 nostri
1230 3609 1429 3677 iudice,
1471 3610 1751 3680 designata
1796 3611 1935 3679 haud
1962 3612 2155 3666 111111οί-

561 3703 687 3759 liter
724 3704 977 3775 reperiet.
1026 3702 1168 3760 Nihil
1218 3704 1400 3773 itaque
1425 3718 1560 3773 opus
1594 3712 1678 3758 est
1707 3702 1823 3763 11ωο
1850 3702 2154 3774 singulatim

562 3810 867 3864 recensere,
913 3811 1035 3868 quas
1066 3797 1343 3868 plerisque
1369 3796 1562 3865 taedio,
1595 3808 1696 3852 nec
1737 3795 1919 3851 multis
1960 3810 2157 3867 magno

562 3893 676 3947 usui
705 3908 825 3948 esse
853 3900 1091 3963 possunt.

631 3984 762 4052 Quia
794 3984 955 4038 etiam
985 3985 1072 4038 illa
1120 3982 1234 4038 fere
1262 3986 1462 4049 omnia,
1500 3999 1621 4053 quis
1661 3984 1713 4037 in
1768 3983 1868 4038 hac
1902 3981 2155 4054 Cypriani

561 4073 1016 4130 commentatione
1045 4072 1283 4131 dit‘tlcilia
1313 4074 1393 4128 vel
1421 4074 1731 4130 obscuriora
1761 4085 2071 4142 occurrunt,
2101 4075 2154 4130 in

564 4168 753 4222 iisdem
798 4167 996 4221 nostris
1040 4167 1510 4222 dissertationibus
1533 4167 1793 4233 enodare,
1842 4167 2152 4237 illustrare,

563 4273 627 4312 ac
660 4257 1002 4328 complanari:
1031 4258 1207 4313 conati
1247 4272 1470 4324 sumus,
1515 4258 1716 4312 inutilis
1744 4260 1943 4329 pariter
1977 4276 2156 4330 operas

564 4348 699 4409 [tiret
748 4362 961 4407 nostras
993 4368 1134 4408 nunc
1176 4352 1349 4421 repeti
1402 4360 1456 4407 et
1493 4351 1674 4409 recudi
1717 4354 2155 4410 observationes.

566 4444 925 4512 Quamobrem
978 4459 1039 4499 en
1099 4453 1301 4499 tantum
1361 4444 1727 4514 attingemus,
1782 4459 1901 4513 quas
1950 4445 2156 4500 auctori

566 4546 753 4592 nostro
777 4538 1060 4606 peculiaria
1090 4548 1234 4603 sunt,
1269 4552 1371 4594 nec
1402 4539 1518 4593 sine
1554 4538 2020 4594 animadversione
2061 4539 2157 4594 1111-

564 4642 666 4698 qua
697 4631 969 4697 prteieriro
997 4628 1274 4684 debemus.

639 4721 876 4776 Primum
910 4723 1088 4793 itaque
1108 4723 1474 4778 adnotandum
1498 4734 1684 4791 estea,
1716 4740 1834 4794 quat
1863 4723 2162 4795 Cyprianus

568 4814 622 4868 111
647 4814 798 4869 tertia
849 4814 1007 4885 hujus
1038 4815 1156 4869 libri
1184 4826 1333 4886 parte
1359 4816 1425 4869 de
1451 4814 1675 4879 ludatis,
1713 4815 1783 4870 ob
1816 4830 1912 4870 sua
1957 4816 2161 4870 scelera

568 4922 598 4962 a
643 4908 750 4963 Deo
777 4909 1058 4974 abdicatis,
1088 4908 1155 4963 de
1196 4906 1433 4963 sullectis
1461 4909 1509 4962 iu
1545 4923 1733 4963 eorum
1772 4907 1946 4964 locum
1976 4904 2163 4962 Chris-

512 5014 522 5023 '
572 4999 752 5064 lienis,
784 4999 852 5053 de
877 4999 1089 5052 Christo
1115 5000 1221 5053 Deo
1252 5009 1306 5053 et
1324 4999 1558 5064 homine,
1585 5001 1902 5071 tttortalique
1920 5000 2038 5069 ejus
2062 5000 2165 5054 rita

570 5090 809 5156 tradidit,
839 5090 956 5145 huc
985 5092 1228 5160 pluribus
1257 5106 1426 5146 sacrae
1458 5093 1750 5162 Scriptura!
1773 5092 2093 5148 testimoniis
2112 5091 2164 5146 itt

571 5183 781 5239 duobus
827 5184 969 5241 illius
1012 5185 1076 5240 ad
1113 5184 1394 5251 Quirinum
1437 5185 1696 5241 adversus
1744 5186 1960 5241 Jutlreos
2016 5185 2164 5240 libris

569 5276 868 5333 luculenter
888 5277 1243 5337 demonstrari
1272 5277 1449 5351 (Cypr.
1485 5280 1572 5334 lib.
1602 5280 1665 5334 de
1695 5279 1895 5334 ldolor.
1935 5278 2161 5334 Vanitnt.

574 5387 694 5441 pag.
724 5372 795 5427 15
821 5382 866 5426 et
892 5374 1081 5443 seqq.).
1111 5373 1177 5428 Et
1199 5383 1346 5428 certe
1374 5375 1423 5428 itt
1450 5373 1658 5429 illorum
1693 5374 1957 5444 prooemio
1979 5375 2054 5427 sic
2080 5374 2167 5429 ille

575 5466 826 5537 proeliatur
853 5485 866 5520 :
904 5486 922 5519 1
956 5467 1280 5538 Complexus
1302 5482 1419 5523 sum
1444 5469 1655 5524 libellos
1674 5469 1829 5531 duos,
1856 5472 1967 5537 pari
1992 5481 2168 5537 aqua-

566 5560 718 5616 litate
766 5561 1094 5629 moderatos,
1146 5576 1307 5619 unum
1338 5576 1443 5633 quo
1471 5564 1758 5620 ostendere
1797 5563 1932 5619 enisi
1982 5576 2169 5617 0111111εο

570 5651 788 5708 10111000
832 5655 1127 5710 secundum
1173 5671 1259 5723 ea,
1291 5673 1409 5727 quae
1434 5657 1645 5713 {uetant
1669 5668 1792 5714 ante
1819 5656 2093 5729 prardicta,
2135 5669 2164 5708 a

572 5743 682 5796 Deo
704 5748 1007 5809 recessisse.
1035 5756 1090 5803 et
1117 5746 1499 5820 indulgentiam
1534 5750 1762 5818 Domini,
1786 5764 1907 5819 qua:
1925 5748 2024 5804 sibi
2053 5748 2163 5818 jam

575 5834 778 5900 pridem
807 5839 946 5903 data,
977 5852 1031 5896 et
1060 5845 1111 5897 iu
1146 5852 1417 5913 posterum
1442 5844 1706 5912 promissa
1755 5845 1944 5912 luerat,
1978 5842 2158 5914 perdi-

2259 3339 2397 3394 dnos
2420 3353 2540 3394 esse
2569 3340 2724 3400 Deos,
2756 3342 2852 3397 aut
2880 3339 3043 3393 alium
3069 3339 3178 3393 alio
3204 3340 3573 3410 potentiorem,
3600 3340 3865 3409 jugulum

2260 3430 2574 3501 praebuisset
2594 3428 2917 3485 adversariis
2933 3431 3046 3486 suis
3064 3431 3365 3501 gentilibus,
3387 3432 3476 3501 qui
3495 3431 3677 3501 plures
3694 3432 3864 3498 deos,

2258 3532 2313 3583 et
2338 3522 2531 3579 Jovem
2547 3523 2666 3578 aliis
2688 3524 3041 3593 potentiorem
3063 3539 3184 3579 esse
3204 3524 3569 3581 venditabant.
3587 3522 3875 3582 Christum

2258 3615 2438 3686 itaque
2464 3628 2647 3671 verum
2674 3624 2727 3671 et
2755 3630 2916 3670 unum
2946 3632 3068 3672 eum
3100 3616 3257 3671 l'atre
3280 3632 3379 3672 suo
3418 3618 3586 3672 Deum
3614 3633 3741 3674 esse
3776 3634 3874 3674 as-

2260 3717 2573 3767 serat-auter
2600 3707 2849 3765 afﬁrmat.
2896 3708 3258 3776 Quamobrem
3291 3709 3396 3763 ulla
3418 3710 3623 3780 absque
3654 3710 3871 3765 haesita-

2260 3801 2408 3858 tione
2445 3800 2641 3855 ibidem
2683 3801 2880 3869 adjecit
2909 3819 2922 3855 :
2960 3820 2978 3853 1
3004 3802 3099 3857 1110
3125 3804 3400 3858 0011111110
3433 3804 3552 3871 Dei,
3584 3804 3667 3858 1110
3690 3806 3831 3859 ratio
3854 3847 3871 3871 ,

2260 3893 2350 3948 hic
2388 3893 2648 3963 sapientia
2684 3902 2739 3947 et
2785 3893 2987 3963 gloria;
3023 3914 3042 3946 1
3077 3902 3132 3948 et
3171 3896 3331 3963 paulo
3366 3905 3513 3959 ante,
3544 3914 3564 3946 1
3596 3895 3788 3950 Sermo
3817 3908 3875 3951 et

2259 3985 2429 4040 Filius
2461 3985 2552 4041 Dei
2581 3984 2773 4057 (lbid.)
2804 4006 2822 4038 1
2861 3987 3017 4056 Atqui
3047 3987 3233 4052 virtus,
3272 3989 3428 4050 ratio.
3460 3987 3668 4052 Sermo,
3697 3998 3751 4042 et
3776 3987 3870 4042 Fi-

2260 4078 2363 4135 lius
2392 4078 2506 4143 Dei,
2536 4077 2778 4148 ejusdem
2818 4094 2880 4134 ac
2926 4082 3039 4150 ipse
3078 4090 3317 4134 aeternus
3368 4080 3512 4135 illius
3569 4080 3742 4145 Pater,
3782 4090 3872 4134 est

2260 4176 2491 4235 naturae,
2516 4171 2851 4230 substantias.
2882 4179 2937 4225 et
2963 4172 3302 4235 aeternitatis,
3334 4170 3778 4239 quemadmodum
3810 4173 3870 4227 in

2258 4263 2526 4333 superiori
2552 4263 2933 4317 dissertatione
2960 4261 3451 4317 domoustravitnus
3478 4260 3774 4332 (Dissertat.
3814 4263 3871 4318 in

2263 4353 2477 4409 Tertull.
2507 4370 2624 4421 cap.
2654 4368 2768 4414 vttt,
2795 4362 2895 4406 art.
2932 4354 2959 4408 1
2989 4362 3036 4408 et
3059 4352 3250 4424 ταφῳ).

2338 4444 2602 4503 Fris-terea
2634 4445 2771 4499 haud
2795 4443 3099 4498 dubitanter
3121 4446 3430 4513 pronuntiat
3448 4444 3725 4499 Christum
3748 4444 3873 4500 ideo

2260 4550 2290 4591 a
2314 4546 2487 4597 morte
2508 4535 2572 4595 ad
2604 4536 2761 4589 vitam
2792 4544 3099 4590 revocatum
3124 4577 3138 4600 ,
3178 4554 3198 4586 1
3238 4545 3293 4591 ttt
3322 4537 3429 4590 vim
3452 4535 3645 4590 divina:
3669 4535 3873 4604 majes-

2184 4652 2238 4718 D
2265 4628 2390 4687 tatis
2414 4625 2725 4685 ostenderet
2755 4625 3023 4699 (Cypriau.
3046 4626 3170 4718 ibid.
3207 4642 3328 4696 pag.
3359 4626 3474 4695 16).
3503 4646 3523 4680 1

2339 4722 2636 4789 Quamnam
2684 4728 2864 4775 autem
2918 4717 3206 4774 ostendere
3236 4727 3446 4789 poterat
3493 4718 3869 4785 divinitatem,

2267 4815 2370 4873 nisi
2400 4813 2538 4871 hanc
2561 4812 2730 4881 ipsam
2757 4827 2916 4882 quam
2962 4820 3118 4867 antea
3145 4854 3158 4876 ,
3188 4821 3244 4869 et
3271 4827 3486 4882 semper
3512 4812 3742 4867 habuit?
3768 4813 3874 4879 Ita:

2267 4920 2372 4978 que
2401 4921 2524 4965 cum
2547 4919 2654 4960 non
2681 4905 2875 4970 aliena,
2900 4904 2993 4958 sed
3027 4905 3239 4973 proltria
3267 4920 3363 4960 sua
3392 4907 3587 4961 virtute
3612 4904 3675 4963 ad
3703 4905 3869 4960 vitam

2268 5016 2546 5072 regressus
2573 5009 2675 5064 est,
2708 5009 2821 5055 tum
2846 4998 3082 5054 ostendit
3124 5013 3185 5053 se
3230 5012 3445 5068 seraper
3471 4998 3723 5052 habuisse
3761 5000 3871 5053 vita

2268 5093 2463 5151 divina:
2490 5094 2809 5164 majestatis,
2839 5092 2942 5147 hoc
2992 5100 3098 5158 est,
3132 5092 3377 5148 eamdem
3425 5106 3546 5147 cum
3571 5090 3729 5148 Patre
3774 5107 3871 5148 suo

2269 5188 2622 5244 dirinila‘cm.

2344 5283 2526 5354 Neque
2544 5282 2652 5337 hoc
2682 5289 2885 5337 tantum
2940 5279 2993 5335 in
3026 5278 3187 5344 libro,
3213 5277 3307 5332 sed
3355 5277 3409 5332 itt
3446 5292 3540 5333 sua
3592 5277 3753 5333 etiam
3805 5277 3868 5333 ad

2269 5374 2546 5431 Camillum
2586 5374 2811 5441 epistola
2866 5371 3037 5427 semel
3083 5380 3137 5424 et
3190 5370 3379 5424 iterum
3424 5370 3493 5424 ab
3530 5384 3598 5427 eo
3636 5369 3866 5438 dicitur,

2278 5486 2296 5518 1
2324 5467 2482 5523 Jesus
2503 5467 2745 5521 Christus
2771 5464 3088 5519 dominnset
3104 5463 3243 5517 Deus
3273 5471 3455 5516 noster
3476 5462 3672 5533 (Idem,
3702 5461 3862 5527 Epist.

2273 5561 2361 5625 115,
2393 5561 2463 5613 ad
2486 5559 2682 5621 Circil.,
2721 5574 2839 5628 pag.
2877 5557 2981 5612 MS
3009 5566 3056 5609 et
3090 5552 3240 5625 155).
3280 5573 3299 5605 1
3334 5553 3472 5609 Alibi
3504 5569 3657 5621 vero,
3691 5554 3778 5607 ubi
3807 5553 3867 5608 ds

2271 5655 2508 5710 secundo
2540 5652 2679 5707 illius
2707 5651 2758 5704 in
2792 5652 2897 5704 line
2922 5649 3103 5704 mundi
3127 5647 3362 5703 adventu
3391 5646 3625 5711 disserit,
3672 5645 3741 5701 ibi
3772 5646 3869 5701 do-

2269 5757 2356 5804 0οι
2380 5760 2501 5802 eum
2552 5743 2892 5813 praenuntiam
2939 5740 3024 5794 his
3055 5736 3460 5810 Psalmographi
3493 5738 3704 5792 verbis:
3736 5737 3872 5793 Deus

2268 5836 2541 5908 manifeste
2566 5834 2753 5903 veniet,
2784 5832 2920 5889 Deus
2944 5840 3115 5889 noster
3138 5839 3183 5888 et
3206 5846 3310 5889 non
3340 5828 3522 5900 silebit,
3565 5839 3728 5899 atque
3756 5828 3868 5887 istis
