4190 6266
281 355 421 424 Mil

1640 424 1647 435 ,
1673 359 2153 425 DlSSEBTATlO.

3435 358 3579 423 1022

276 485 441 541 etiam
469 481 619 549 Isaia:
650 500 664 538 :
692 480 942 545 Dominus
955 480 1099 543 Deus
1127 481 1368 557 uirtutum
1388 482 1638 563 prodibit.
1663 484 1883 541 Postea—
1906 486 1961 558 Α
1986 494 2110 545 sunt
2136 499 2257 542 esse
2287 499 2390 543 una
2430 494 2485 543 et
2522 483 2754 544 adunata
2796 485 3029 547 Trinitas
3063 529 3078 557 ,
3132 488 3232 545 nisi
3264 487 3449 546 eadem
3505 492 3576 549 sit

273 590 437 648 quam
468 585 647 641 autem
678 575 729 630 id
754 576 1027 647 probavit,
1062 575 1201 643 hanc
1247 574 1410 633 infert
1431 575 1835 633 conclusionem
1863 595 1876 632 :

280 688 300 722 ι
329 669 427 725 llic
454 678 536 735 est
563 668 704 725 Deus
723 679 937 739 noster,
962 668 1014 729 id
1041 678 1123 728 est
1146 712 1161 737 ,
1195 684 1298 724 non
1333 671 1592 737 omnium,
1621 670 1715 726 sed
1745 670 1876 727 tide-

273 760 409 821 lium
437 770 492 823 et
517 760 849 823 credentium
878 762 1037 830 Deus,
1068 761 1159 833 qui
1188 777 1309 816 cum
1341 762 1393 817 in
1442 763 1678 818 secundo
1708 764 1880 818 maui-

266 846 447 915 ‘festus
468 852 701 917 adventu
730 853 957 923 venerit,
976 868 1080 923 non
1097 851 1299 913 silebit.
1316 851 1516 926 t(ldem
1539 854 1602 908 de
1619 855 1748 909 bona
1771 854 1879 909 Pa-

277 944 451 1008 tienl.,
481 960 605 1015 pag.
625 942 754 1000 220.
777 942 924 999 Psal.
947 960 1161 1009 -xux,v.
1186 945 1237 999 ’5.
1268 942 1393 999 Isai.
1427 960 1542 1017 cap.
1564 945 1654 1013 42,
1685 962 1735 1003 v.
1764 946 1871 1013 l5).

271 1035 348 1091 At
369 1051 495 1105 quo,
529 1038 724 1092 amabo
749 1047 819 1105 te,
867 1046 1024 1108 pacto
1065 1047 1169 1092 tam
1213 1053 1359 1109 saepe
1384 1048 1437 1093 et
1469 1039 1626 1093 toties
1661 1039 1796 1095 dixit
1823 1048 1878 1096 et

272 1127 530 1199 repetivit
558 1126 825 1185 Christum
847 1142 967 1183 esse
994 1128 1184 1201 Deum,
1234 1128 1336 1187 nisi
1368 1144 1467 1201 pro
1488 1141 1636 1187 certo
1664 1134 1876 1201 penitus

272 1223 525 1283 habuerit
568 1223 703 1280 hanc
747 1239 867 1281 esse
913 1232 967 1280 et
992 1240 1206 1291 eorum,
1238 1225 1304 1279 ad
1334 1241 1471 1297 quos
1499 1218 1790 1297 scribebat,
1820 1234 1877 1284 et

271 1327 612 1391 cteterorum,
632 1318 868 1399 exceptis
896 1318 1184 1386 haereticis,
1203 1317 1630 1381 Christianorum
1656 1328 1874 1379 senten-

274 1409 444 1471 tiam?

349 1498 728 1562 Verumtamen
773 1517 877 1558 non
928 1501 998 1561 ibi
1039 1502 1127 1559 ille
1156 1504 1337 1573 stetit,
1379 1506 1624 1577 ultraque
1651 1520 1876 1579 progre-

272 1593 452 1665 ditur,
486 1608 550 1649 ac
576 1595 730 1667 plane
759 1595 1044 1677 palamque
1067 1597 1302 1655 declarat
1325 1597 1596 1654 Christum
1626 1601 1677 1654 in
1705 1599 1874 1657 etelos

173 1727 182 1735 .
271 1684 658 1742 conscendisse
684 1725 701 1750 ,
740 1704 760 1738 ι
795 1696 849 1741 ut
881 1703 977 1757 per
1001 1687 1185 1745 urbem
1217 1688 1457 1760 discipuli
1489 1731 1503 1757 ,
1538 1692 1792 1761 magistro
1820 1699 1876 1755 et

272 1776 387 1832 Deo
433 1789 725 1847 monente,
778 1780 954 1837 diffusi
991 1818 1006 1846 ,
1060 1789 1323 1857 praecepta
1384 1782 1477 1839 Dei
1533 1782 1588 1838 in
1642 1783 1870 1845 salutem

1983 577 2196 635 illorum
2224 587 2408 634 natura
2436 622 2450 647 ,
2484 588 2535 633 et
2560 595 2695 634 unus
2719 589 2773 635 et
2795 579 2935 639 idem
2961 580 3067 634 sint
3088 580 3269 637 Deus?

2054 671 2236 743 Neque
2277 671 2418 727 ullus
2449 673 2601 729 nobis
2631 673 2848 744 objiciat
2893 674 3278 744 subsequentia
3326 672 3577 747 Cypriani

1980 767 2164 829 verba,
2185 768 2375 838 quibus
2402 776 2584 838 aperte
2605 767 2739 827 dixit
2760 767 2978 825 Patrem
3001 783 3028 821 a
3057 768 3271 824 Christo
3292 768 3573 843 appellari,

1987 877 2005 910 ι
2028 859 2311 913 Dominum
2334 868 2388 913 et
2410 859 2573 913 Deum
2601 874 2775 914 suum.
2803 878 2819 911 ι
2850 859 2980 915 Nam
3004 858 3075 914 ibi
3099 859 3165 917 de
3188 860 3279 915 illo
3302 859 3537 930 loquitur
3556 900 3573 934 ,

1979 951 2068 1027 qui
2097 960 2361 1021 quatenus
2393 950 2552 1006 homo
2573 952 2701 1022 pezit
2725 967 2754 1005 a
2789 952 2944 1007 Patre
2971 953 3247 1021 cIari/icari
3274 995 3287 1021 ,
3317 964 3371 1013 et
3401 970 3570 1025 usque

1978 1044 2047 1099 ad
2093 1052 2320 1099 mortem
2388 1046 2484 1116 ipsi
2527 1045 2817 1103 obsecutus
2860 1054 2966 1102 est.
3016 1051 3196 1117 Apage
3243 1048 3401 1118 igitur
3430 1034 3576 1120 impii

1977 1135 2253 1206 cujusdam
2301 1136 2571 1191 Sociniani
2622 1137 3002 1193 insulsissintas
3050 1138 3441 1206 cavillationes,
3483 1140 3573 1215 qui

1979 1243 2045 1284 ex
2095 1228 2197 1284 hoc
2248 1239 2304 1285 et
2333 1230 2450 1289 aliis
2490 1231 2759 1287 nonnullis
2800 1231 3067 1286 similibus
3107 1231 3356 1302 loquendi
3403 1232 3578 1299 modis

1978 1320 2180 1379 inferre
2201 1324 2367 1379 voluit
2398 1333 2638 1395 negatam
2661 1340 2690 1379 a
2713 1324 2980 1396 Cypriane
3003 1324 3197 1380 Christi
3217 1326 3567 1395 divinitatem,

1977 1429 2137 1487 quam
2165 1424 2270 1469 tam
2296 1429 2439 1487 saepe
2458 1430 2616 1489 quam
2647 1424 2830 1486 aperte
2852 1417 3223 1487 ac‘perspicue
3247 1417 3572 1487 praedicavit.

2568 1570 2863 1613 ABTICULUS
2902 1572 2978 1612 Ill.
3026 1587 3031 1592 ’

1980 1665 2055 1722 De
2078 1664 2281 1723 Christo
2311 1669 2514 1724 homine
2531 1715 2545 1737 ,
2572 1686 2632 1725 ac
2648 1687 2747 1741 quo
2764 1688 2915 1727 sensu
2936 1672 3037 1726 dici
3064 1673 3305 1744 potuerit,
3345 1673 3577 1751 Spiritus

2405 1773 2624 1819 sanctus
2672 1779 2833 1819 carne
2886 1764 3145 1820 induitur.

269 1867 556 1943 darent.s(
582 1870 826 1943 Cypriau.
849 1872 912 1927 de
948 1871 1147 1931 ldolor.
1190 1875 1343 1928 vunit.
1374 1892 1493 1945 pag.
1514 1875 1599 1931 l6.
1620 1876 1879 1946 )Videsne
1906 1885 1955 1949 Β
2055 1872 2346 1944 Pergamus
2373 1916 2389 1943 ,
2420 1874 2466 1929 si
2493 1874 2639 1931 lubet
2668 1917 2683 1943 ,
2724 1891 2787 1932 ac
2813 1876 3091 1935 videamus
3111 1920 3125 1945 ,
3159 1895 3317 1963 quam
3343 1881 3577 1938 dilucide

269 1977 431 2033 quam
484 1964 613 2019 disci
632 1976 683 2023 te
726 1966 969 2022 Christus
1018 1965 1087 2025 ab
1139 1968 1231 2022 illo
1280 1968 1487 2027 dicatur
1536 1984 1641 2025 non
1695 1971 1866 2039 solum

270 2053 662 2129 discipulorum
719 2074 937 2115 suorum
993 2060 1273 2131 magister,
1323 2061 1417 2118 sed
1454 2062 1587 2117 Deus
1636 2064 1843 2132 etiam,

269 2161 431 2203 verus
457 2150 644 2229 utique
671 2159 726 2205 et
748 2150 886 2206 idem
916 2166 979 2206 ac
1006 2151 1164 2209 Pater
1193 2192 1208 2221 ,
1233 2153 1660 2225 quandoquidem
1693 2155 1871 2226 plures

269 2239 365 2309 dii,
396 2242 548 2297 sicuti
593 2243 790 2300 ibidem
813 2244 1292 2314 demnnstraverat,
1322 2261 1443 2303 csse
1468 2261 1572 2303 non
1601 2258 1822 2318 possunt
1848 2250 1871 2304 ?

269 2331 327 2388 In
356 2334 592 2389 secundo
610 2335 829 2408 insuper
851 2336 1107 2395 adversus
1123 2336 1338 2393 Judmos
1358 2338 1492 2410 libro
1515 2340 1675 2397 variis
1703 2355 1871 2396 sacra:

268 2424 556 2497 Scriptura:
582 2430 899 2489 testimoniis
928 2430 1225 2491 luculenter
1265 2432 1457 2501 probat
1487 2433 1635 2491 illum
1682 2450 1867 2497 verum

269 2530 390 2573 esse
416 2559 431 2586 ,
484 2533 548 2575 ac
575 2531 900 2577 coaeternum
933 2522 1072 2578 Patri
1112 2539 1210 2580 suo
1250 2523 1418 2587 Deum
1471 2522 1660 2595 (Idem
1705 2525 1792 2581 lib.
1824 2540 1862 2582 ll

269 2608 468 2663 advers.
496 2607 646 2676 Jud.,
676 2609 704 2683 §
730 2612 765 2667 5
792 2623 839 2666 et
865 2611 918 2680 6,
954 2615 1146 2685 πηιφῖιᾶ
1173 2622 1218 2671 et
1245 2630 1381 2678 seqq.
1419 2614 1458 2690 ).

340 2698 525 2775 Neque
551 2701 727 2763 minus
756 2704 1035 2777 perspicue
1064 2704 1235 2761 sancti
1258 2704 1487 2777 Spiritus
1507 2702 1865 2774 divinitatem,

270 2800 325 2847 et
362 2791 720 2848 orthodoxum
748 2794 817 2849 de
842 2795 941 2851 SS.
972 2796 1234 2863 Trinitate
1278 2798 1663 2855 documentum
1695 2797 1747 2852 in
1781 2797 1868 2863 illa

269 2887 464 2942 asserit
493 2896 547 2942 et
574 2888 830 2957 praedicat
857 2890 1083 2960 epistola
1103 2931 1115 2953 ,
1140 2905 1299 2960 quam
1331 2904 1430 2945 suo
1463 2899 1518 2944 et
1545 2892 1868 2962 collegarum

267 2996 488 3038 suorum
530 2983 969 3054 coepiscoporum
1001 3025 1015 3048 ,
1051 2984 1103 3038 in
1134 2984 1341 3055 synodo
1370 2984 1721 3039 adunatorum
1755 3026 1770 3053 ,
1802 2986 1868 3040 ad

267 3077 585 3137 Jubaianum
623 3079 692 3135 de
746 3080 1123 3137 haereticorum
1169 3079 1499 3149 Baptismate
1553 3081 1864 3150 scripserat.

268 3170 506 3233 Primum
544 3171 818 3230 enimvero
849 3172 900 3227 in
926 3187 989 3229 ea
1006 3171 1247 3229 dciinivit
1268 3171 1497 3229 validum
1524 3187 1645 3228 esse
1675 3172 1864 3228 horum

1974 1964 2238 2037 planeque
2283 1965 2585 2039 Cyprianus
2630 1978 2904 2023 asseveret
2946 1969 3218 2026 Christum
3262 1987 3368 2029 non
3415 1974 3576 2035 modo

1973 2073 2160 2113 verum
2192 2058 2356 2114 Deum
2390 2104 2404 2127 ,
2453 2058 2547 2115 sed
2595 2075 2778 2115 verum
2832 2076 3044 2132 quoque
3098 2078 3219 2119 esse
3276 2062 3571 2125 hominem.

1972 2151 2168 2207 Missus
2196 2194 2211 2219 ,
2247 2153 2417 2223 inquit
2447 2195 2461 2220 ,
2492 2151 2589 2207 fuit
2621 2196 2636 2221 ,
2700 2152 2839 2208 haud
2872 2154 3034 2209 dubie
3072 2155 3139 2209 ab
3178 2165 3382 2211 teterno
3418 2156 3576 2214 Patre

1974 2262 2119 2314 suo,
2179 2265 2198 2299 ε
2248 2245 2605 2303 ἸΙΙιηηὶιιειῑοι-
2659 2256 2713 2302 et
2764 2249 2950 2305 doctor
2994 2250 3205 2320 generis
3255 2249 3510 2317 immani,
3549 2269 3568 2304 ι

1972 2336 2423 2419 quemadmodum
2453 2349 2609 2393 antea
2647 2356 2667 2390 ι
2706 2354 2799 2410 per
2827 2354 3012 2395 omnes
3041 2339 3332 2411 prophetas
3364 2359 3382 2392 ι
3435 2356 3575 2411 pra:-

1986 2431 2185 2487 dictum
2216 2432 2426 2507 fuerat(
2444 2431 2702 2504 .Cyprian.
2733 2433 2795 2487 de
2819 2431 3018 2487 Idolor.
3048 2435 3261 2497 vanitat.
3291 2450 3413 2506 pag.
3442 2433 3570 2507 15).

1976 2523 2117 2579 Dixit
2136 2524 2352 2596 quidem
2384 2543 2403 2577 ι
2433 2540 2620 2581 omnes
2651 2528 2941 2597 prophetas
2965 2568 2978 2590 ,
3015 2547 3033 2579 ι
3057 2527 3149 2583 sed
3176 2528 3295 2595 quia
3326 2528 3571 2585 brevitati

1974 2614 2092 2687 hac.
2128 2618 2180 2673 in
2225 2617 2596 2675 lucubratione
2651 2619 2897 2676 studebat
2930 2664 2942 2685 ,
2978 2622 3029 2676 id
3063 2638 3165 2676 non
3206 2621 3356 2678 duxit
3404 2623 3573 2681 fusius

1973 2708 2042 2769 ibi
2077 2709 2430 2778 probandum.
2480 2713 2549 2766 At
2600 2710 2701 2767 hoc
2731 2713 2912 2786 utique
2943 2713 3065 2769 data
3117 2730 3276 2786 opera
3329 2716 3574 2787 probavit

1976 2798 2030 2855 in
2061 2799 2299 2854 secundo
2329 2801 2663 2870 potissimum
2688 2802 2945 2857 adversus
2971 2804 3187 2860 Judacos
3214 2807 3350 2861 libro
3382 2808 3399 2877 (
3423 2805 3572 2863 Idem

1971 2893 2061 2957 lib.
2093 2909 2129 2947 ιι
2179 2893 2485 2949 avaudaa.
2522 2893 2549 2965 §
2583 2894 2670 2965 10,
2701 2912 2823 2967 pag.
2851 2895 2979 2968 57).
3007 2896 3085 2951 Ad
3112 2898 3236 2952 illud
3263 2899 3481 2968 insuper
3508 2915 3570 2955 ea

1970 2988 2150 3045 Omnia
2219 2989 2523 3045 conducunt
2594 2988 2753 3059 prisci
2822 2988 3151 3045 Testamenti
3217 2992 3565 3059 testimonia,

1971 3080 2163 3155 quibus
2191 3120 2205 3159 ε
2234 3082 2307 3134 uti
2336 3081 2422 3136 ille
2452 3081 2721 3150 ostendit,
2762 3082 3179 3152 praenuntiatum
3208 3081 3382 3137 fuerat
3403 3082 3562 3138 abro-

1969 3171 2197 3242 gandam
2225 3180 2458 3227 veterem
2509 3172 2721 3244 legem,
2773 3184 2825 3227 et
2874 3189 3064 3233 novam
3122 3173 3516 3244 subrogandam
3550 3216 3565 3241 ,

267 3261 534 3332 Baptisms
569 3280 582 3321 τ
623 3282 642 3317 α
678 3264 733 3322 Si
760 3263 1008 3325 enuident
1040 3263 1287 3328 Patrem,
1335 3263 1585 3319 eumdem
1619 3263 1811 3321 Filium
1840 3309 1855 3332 ,
1890 3267 1935 3342 ρ
1970 3275 2256 3321 venturum
2285 3265 2554 3321 Christum
2576 3307 2590 3332 ,
2617 3276 2669 3319 vt
2698 3266 3022 3321 fundandam
3051 3267 3118 3322 ab
3145 3282 3210 3320 co
3233 3282 3412 3323 veram
3443 3267 3585 3327 reli-.

266 3358 512 3413 eumdem
540 3357 797 3428 Spiritum
826 3360 1106 3425 sanctumf,
1142 3357 1385 3411 eamdem
1419 3357 1712 3411 Ecclesiam
1731 3373 1866 3412 con-

267 3446 483 3503 ﬁtentur
538 3449 814 3511 nobiscum
863 3450 882 3520 (
928 3448 1097 3505 Idem.
1146 3447 1319 3520 Epist.
1366 3449 1455 3518 73,
1505 3448 1574 3502 ad
1619 3448 1864 3503 Jubaian.

267 3558 390 3612 pag.
417 3542 525 3597 200
554 3540 594 3614 ).
637 3562 686 3614 ιη,
717 3542 907 3598 Postea
950 3557 1079 3605 vero
1104 3584 1118 3609 ,
1189 3541 1236 3601 si
1263 3541 1382 3617 quis
1421 3541 1559 3615 apud
1588 3541 1868 3597 hmreticns

265 3635 560 3705 baptisatus
583 3677 599 3703 ,
645 3638 900 3707 templum
933 3636 1024 3701 Dei
1047 3636 1216 3697 faetus
1236 3644 1319 3699 est
1343 3654 1355 3691 :
1383 3655 1402 3690 t
1431 3636 1644 3704 Quaero,
1674 3636 1863 3708 inquit,

267 3727 418 3796 cujus
471 3726 612 3782 Dei?
666 3726 719 3781 Si
765 3728 1026 3789 creatoris
1056 3770 1072 3799 ,
1116 3744 1221 3783 non
1270 3729 1480 3807 potuit,
1518 3746 1537 3781 ›
1580 3728 1696 3797 ejus
1751 3727 1864 3781 ficri

269 3816 526 3889 templum
552 3858 567 3884 ,
605 3837 625 3871 ι
656 3819 745 3889 qui
778 3820 828 3875 in
858 3834 978 3873 eum
1006 3860 1021 3887 ,
1061 3837 1081 3870 ι
1104 3820 1242 3877 sicut
1270 3818 1605 3877 Marcionista
1637 3860 1653 3887 ,
1701 3838 1720 3869 ι
1758 3834 1863 3874 non

266 3910 511 3967 credidit.
551 3911 608 3967 Si
635 3911 834 3975 Christi
861 3953 875 3978 ,
899 3915 1011 3981 inec
1038 3912 1196 3982 hujus
1224 3912 1336 3967 fieri
1366 3920 1538 3991 potest
1569 3911 1861 3981 templum,

265 4005 349 4074 qui
383 4016 538 4077 negat
581 4006 846 4067 Christum
898 4006 1083 4065 Deum.
1118 4006 1173 4059 Si
1224 4004 1456 4076 Spiritus
1506 4006 1709 4071 sancti,
1743 4019 1864 4059 cum

267 4103 373 4151 trcs
402 4113 562 4152 unum
603 4099 709 4153 sint
742 4141 757 4169 ,
811 4098 1082 4169 quomodo
1126 4097 1351 4169 Spiritus
1384 4109 1597 4152 sanctus
1629 4098 1867 4170 placatus

264 4201 382 4241 esse
408 4187 455 4239 ei
481 4196 672 4259 potest,
701 4189 789 4259 qui
817 4197 909 4243 aut
933 4188 1126 4251 Patris,
1162 4209 1179 4240 ι
1217 4186 1664 4261 quemadmodum
1696 4187 1866 4243 Patri-

265 4279 543 4347 passiani,
605 4297 624 4330 ‹
659 4292 750 4334 aut
806 4277 948 4348 Filii,
1000 4300 1019 4333 ι
1080 4282 1237 4335 veluti
1295 4278 1692 4350 Autltropiani,
1759 4300 1776 4331 ι
1811 4291 1866 4336 et

264 4374 471 4422 cmtera:
498 4408 515 4435 ,
556 4387 574 4421 ι
612 4380 666 4427 ut
696 4369 811 4440 ipse
840 4370 1074 4443 loquitur
1105 4415 1119 4438 ,
1159 4390 1177 4423 ι
1211 4371 1587 4427 haereticorum
1642 4380 1820 4442 pestes
1844 4413 1861 4439 ,

265 4458 510 4513 inimicus
539 4460 658 4516 est?
686 4481 705 4512 ι
729 4460 916 4535 (Ibid)
944 4464 1010 4518 At
1037 4464 1242 4518 cumibi
1269 4463 1406 4518 dixit
1434 4471 1543 4519 tres
1565 4463 1682 4517 illas
1710 4478 1864 4518 sarc-

267 4552 484 4607 tissinue
527 4552 817 4613 Triniuatis
850 4556 1112 4610 Personas
1155 4571 1272 4611 esse
1330 4572 1527 4621 unum,
1583 4572 1764 4611 nonne
1793 4557 1861 4611 ibi

1972 3358 2186 3429 gionem
2219 3356 2329 3427 (Et
2356 3359 2444 3412 lib.
2486 3373 2521 3424 ι,
2555 3375 2672 3429 pug.
2708 3358 2774 3412 l7
2801 3368 2845 3412 et
2867 3375 3000 3431 seqq.
3032 3357 3051 3429 )
3109 3360 3238 3413 (lum
3269 3369 3445 3413 autem
3483 3360 3569 3414 in-

1972 3450 2120 3509 ﬁcias
2137 3465 2295 3507 netno
2316 3450 2394 3506 ire
2416 3451 2586 3525 possit
2603 3451 2716 3505 haec
2733 3456 2908 3507 omnia
2928 3451 2991 3506 ad
3011 3451 3255 3505 cmndem
3269 3451 3565 3519 Christum,

1972 3543 2367 3613 mortalemque
2398 3543 2513 3613 ejus
2533 3544 2694 3596 vitam
2726 3552 2970 3616 spectare
2994 3583 3009 3611 ,
3042 3541 3165 3599 hinc
3194 3543 3379 3614 procul
3405 3542 3568 3597 dubio

1970 3634 2268 3708 Cyprianus
2285 3635 2503 3704 collegit
2533 3635 2680 3689 illmn
2710 3636 3084 3689 aununtiatum
3103 3635 3264 3689 fuisse
3287 3651 3378 3706 per
3397 3650 3569 3688 omnes

1972 3730 2262 3800 praphetus.
2298 3728 2431 3784 Nam
2472 3728 2559 3782 alii
2591 3728 2705 3799 ejus
2739 3730 3026 3783 adventum
3049 3768 3064 3794 ,
3099 3729 3187 3781 alii
3233 3729 3381 3798 plura
3416 3769 3432 3796 ,
3479 3726 3569 3782 alii

1971 3820 2219 3891 pauciora
2251 3820 2317 3873 de
2349 3820 2437 3873 illo
2465 3819 2844 3890 prmdixerunt.
2888 3819 3074 3873 Plures
3097 3834 3256 3888 porro
3281 3820 3350 3873 de
3388 3816 3567 3873 futuro

1969 3910 2186 3968 Christo
2220 3926 2496 3969 sacrorum
2533 3921 2712 3969 vatum
2733 3911 3176 3983 prmdictionesin
3204 3910 3568 3981 superioribus

1970 4007 2170 4059 nostris
2217 4002 2683 4060 dissertationibus
2714 4046 2728 4071 ,
2778 4020 2807 4059 a
2848 4004 3126 4059 Lactantio
3153 4013 3207 4059 et
3233 4004 3568 4061 Tertulliano

1970 4098 2160 4155 citatas
2190 4139 2206 4165 ,
2237 4098 2583 4170 exposuimus
2609 4140 2622 4164 ,
2653 4106 2706 4154 et
2730 4098 3151 4154 enucleavimus.

2001 4212 2007 4227 ι
2040 4187 2172 4243 Tum
2199 4188 2391 4244 dehinc
2425 4187 2760 4262 Cyprianus:
2797 4208 2816 4242 ε
2862 4190 2958 4246 Hic
2990 4233 3004 4257 ,
3038 4191 3252 4261 inquit,
3301 4205 3483 4246 sermo
3515 4198 3569 4245 et

1970 4281 2111 4338 illius
2156 4281 2293 4349 Dei,
2347 4283 2399 4337 in
2425 4284 2702 4354 Virginem
2753 4284 2989 4338 illabitur
3017 4325 3031 4350 ,
3077 4298 3295 4337 carnem
3362 4283 3563 4352 Spiritu

1968 4386 2153 4433 sancto
2182 4386 2505 4446 cooperante
2533 4376 2791 4431 induitur.
2829 4394 2848 4426 ι
2883 4376 2946 4429 Ει
2974 4375 3045 4428 ita
3075 4373 3291 4444 quidem
3325 4374 3376 4427 in
3404 4359 3569 4428 editis

1969 4477 2024 4525 et
2070 4469 2449 4539 manuscriptis
2493 4467 2888 4523 recentioribus
2917 4465 3233 4536 quibusdam
3265 4465 3561 4520 codicibus.

1970 4561 2027 4617 In
2057 4560 2416 4633 antiquiorum
2445 4575 2574 4616 vero
2619 4558 2914 4614 editionum
2957 4562 3195 4629 margine
3237 4560 3352 4614 haec
3396 4574 3567 4615 anno-

263 4647 503 4714 sequitnr
527 4644 913 4702 Tertullianum
944 4660 1326 4719 przeceptorem
1351 4647 1631 4718 snum,qni
1654 4648 1704 4703 in
1737 4653 1856 4716 s’uo,
1885 4651 1940 4712 D
1969 4664 2186 4722 tantur;
2226 4673 2245 4707 α
2279 4654 2427 4709 Alias
2455 4668 2618 4708 carne
2649 4652 2869 4722 spiritus
2911 4651 3160 4707 induitur.
3206 4672 3225 4703 ι
3288 4651 3357 4706 At
3387 4652 3513 4723 quid
3548 4694 3561 4717 .

264 4736 416 4792 sicuti
462 4737 514 4795 in
565 4740 829 4810 superiori
874 4741 1252 4797 dissertatione
1294 4743 1668 4799 annotavimus
1699 4783 1713 4808 ,
1767 4741 1862 4797 ad-

262 4842 449 4884 versus
476 4827 730 4884 Praxcam
775 4831 911 4887 libro
940 4831 1147 4897 dixerat
1183 4849 1195 4884 :
1242 4850 1260 4883 ι
1287 4832 1385 4899 Qui
1406 4842 1515 4889 tres
1532 4849 1692 4886 unum
1714 4842 1859 4901 sunt,

262 4935 368 4977 non
395 4936 532 4975 unus
564 4940 584 4973 ι
618 4919 911 4992 (Dissertat.
955 4924 1005 4977 in
1036 4921 1254 4979 Tertull.
1282 4940 1379 4995 cap
1404 4924 1458 4988 8,
1483 4933 1583 4976 art.
1623 4924 1700 4993 5).
1730 4923 1861 4991 Quis

262 5026 385 5079 ergo
425 5027 529 5066 non
582 5013 727 5071 videt
756 5014 998 5071 eamdem
1032 5030 1150 5069 esse
1177 5015 1453 5083 utriusque
1483 5014 1548 5069 de
1579 5015 1747 5069 tribus
1777 5016 1860 5069 di-

262 5103 395 5157 vinis
423 5103 672 5160 Personis
692 5149 707 5175 ,
748 5117 803 5163 et
830 5124 931 5163 una
955 5107 1250 5178 eademque
1282 5107 1492 5163 illorum
1524 5116 1711 5162 natura
1740 5124 1863 5164 scu-

262 5203 475 5252 tentiam
508 5199 531 5252 't
559 5200 839 5267 Quomodo
862 5210 1039 5261 autem
1071 5210 1178 5256 tres
1208 5209 1431 5270 possunt
1473 5214 1593 5256 esse
1650 5217 1812 5256 unum
1838 5243 1854 5269 ,

260 5289 357 5344 nisi
411 5291 534 5363 quia
585 5302 693 5348 tres
745 5294 939 5351 divina:
974 5295 1223 5349 Personae
1273 5309 1432 5348 unam
1481 5293 1680 5349 habent
1755 5310 1852 5350 na-

260 5387 430 5435 turam
450 5422 464 5446 ,
502 5398 604 5453 qua
633 5393 741 5439 tres
774 5385 877 5439 illae
905 5400 1041 5440 unus
1068 5395 1123 5441 et
1141 5384 1278 5439 idem
1297 5384 1439 5439 Deus
1465 5393 1590 5438 sunt
1615 5385 1637 5437 ?

256 5546 261 5551 ἢ
330 5475 574 5545 Denique
598 5477 685 5532 ille
722 5478 876 5549 paulo
918 5487 1039 5549 post
1065 5478 1220 5533 docet
1247 5477 1348 5533 hoc
1374 5461 1574 5532 Christi
1628 5470 1697 5534 de
1728 5494 1856 5548 gen-

258 5569 394 5623 tibus
426 5570 479 5624 in
518 5571 734 5626 nomine
772 5571 977 5635 Patris,
1025 5581 1081 5627 et
1105 5570 1257 5637 Filii,
1308 5581 1363 5627 et
1392 5571 1622 5643 Spiritus
1679 5573 1850 5626 sancti

257 5660 585 5730 baptizandis
635 5673 904 5735 pnecepto
936 5664 1112 5734 jnberi
1164 5664 1322 5731 illas,
1389 5682 1407 5715 ι
1469 5664 1725 5734 baptizari
1802 5666 1852 5721 iu

257 5755 409 5827 plena
434 5764 487 5811 et
505 5756 734 5813 adunata
757 5757 1018 5813 Trinitate
1043 5776 1061 5808 ι
1091 5754 1376 5829 (Cyprian.
1401 5754 1527 5810 ibid.
1550 5774 1673 5829 pag.
1696 5757 1848 5831 206).

257 5847 323 5902 At
349 5847 620 5918 quomodo
650 5847 807 5905 Pater
830 5892 843 5917 ,
878 5848 1048 5905 Filius
1075 5889 1090 5918 ,
1123 5855 1175 5904 et
1202 5836 1431 5917 Spiritus
1477 5857 1693 5906 sanctus
1730 5863 1854 5917 pos-

1965 4746 2194 4803 obsecro
2224 4755 2275 4800 te
2308 4788 2323 4813 ,
2373 4745 2474 4799 hac
2503 4744 2850 4798 adnotatione
2884 4743 3025 4797 aliud
3057 4743 3385 4814 significatur
3413 4787 3427 4811 ,
3463 4744 3563 4798 nisi

1964 4837 2102 4894 hanc
2130 4838 2296 4895 fuisse
2322 4838 2551 4891 aliorum
2575 4837 2968 4907 exemplarium
2994 4836 3301 4891 lectionem.
3329 4836 3393 4890 Et
3414 4846 3563 4892 certe

1923 4929 2080 5004 δὴωο
2127 4931 2199 4985 ita
2246 4929 2601 4999 scriptasunt
2630 4946 2733 4984 non
2766 4931 2942 4985 solum
2974 4931 3026 4985 in
3057 4928 3368 4985 Corbeiensi
3400 4972 3413 4993 ,
3467 4944 3562 4984 seu

1962 5021 2436 5092 Sangermanensi,
2468 5030 2522 5076 et
2549 5022 2667 5076 aliis
2701 5064 2715 5087 ,
2752 5032 2809 5075 ut
2840 5023 3014 5075 minus
3037 5030 3266 5093 septem,
3295 5018 3559 5074 vetustio-

1963 5113 2111 5168 ribus
2139 5154 2154 5181 ,
2188 5126 2251 5167 ac
2276 5112 2517 5167 melioris
2545 5123 2685 5167 nota:
2711 5112 3131 5182 exemplaribus.
3191 5110 3247 5164 ln
3288 5107 3560 5163 nonnullis

1959 5221 2087 5261 vero
2111 5224 2128 5257 ι
2158 5221 2374 5261 carnem
2407 5206 2607 5275 Spiritu
2629 5215 2849 5271 sancto;
2885 5223 2903 5257 ›
2930 5204 2979 5259 in
3000 5200 3277 5258 Tarnicnsi
3299 5243 3312 5268 ,
3355 5221 3373 5253 ι
3398 5214 3561 5255 carne

1961 5296 2194 5366 Spiritus
2219 5298 2388 5352 sancti
2411 5298 2726 5368 Operatione
2749 5296 3004 5352 induitur.
3031 5314 3050 5347 ι
3073 5293 3238 5349 Vides
3258 5307 3386 5347 sane
3399 5306 3556 5362 quam

1959 5386 2188 5442 diversa:
2218 5388 2326 5442 sint
2346 5386 2450 5443 hoc
2482 5389 2532 5442 in
2565 5387 2685 5442 loco
2714 5387 2961 5441 codicum
2991 5385 3268 5440 lectiones.

2026 5480 2129 5534 Sed
2151 5481 2273 5551 quia
2304 5482 2418 5536 lucc
2449 5482 2609 5536 verba
2639 5496 2802 5537 carne
2830 5480 3059 5550 Spiritus
3092 5479 3108 5551 (
3138 5480 3191 5533 in
3221 5477 3545 5549 quibusdam

1958 5570 2195 5626 additum
2237 5585 2442 5627 sanctus
2472 5572 2490 5644 )
2543 5573 2774 5627 induitur
2801 5616 2816 5639 ,
2847 5573 3062 5627 duriora
3095 5572 3359 5644 aliquibus
3388 5566 3556 5635 videri

1962 5670 2204 5732 poterant
2232 5705 2246 5729 ,
2281 5664 2331 5718 in
2359 5664 2529 5719 sancti
2557 5664 2770 5719 Martini
2796 5663 3161 5720 Tornacensis
3186 5706 3202 5732 ,
3236 5672 3290 5717 et
3326 5662 3555 5717 aliorum‘

1959 5756 2183 5812 duormn
2211 5772 2241 5811 a
2269 5756 2508 5813 Pamelio
2534 5758 2845 5824 citatorum,
2879 5758 3120 5830 margine
3149 5753 3289 5811 istud
3317 5752 3556 5825 eXplica—

1957 5849 2117 5907 tionis
2137 5864 2296 5906 causa
2324 5850 2589 5922 adjectum
2619 5861 2703 5908 est
2732 5869 2744 5906 :
2775 5870 2794 5905 ι
2830 5851 2961 5909 Cum
2988 5850 3150 5917 dicit,
3179 5864 3396 5907 carnem
3427 5844 3551 5917 Spi-
