4202 6272
599 380 740 440 1οΞ3

1591 384 1656 439 ΙΝ
1699 383 1758 439 D.
1799 383 2122 440 CYPRIANI
2167 383 2392 442 OPERA
2438 384 2915 443 DISSERTATIO.

3764 385 3789 439 1
3799 384 3915 441 Oil-

598 501 733 553 ritus
764 505 980 552 sant-tus
1014 495 1252 551 induitur
1272 538 1286 562 ,
1320 511 1424 552 non
1453 512 1735 568 personam
1765 499 1996 569 Spiritus
2022 499 2193 553 sancti
2221 504 2273 565 Α
2298 499 2620 570 disputando
2639 543 2653 566 ,
2685 501 2827 556 illam
2855 501 3048 556 anima:
3073 501 3296 572 opponit
3340 501 3359 574 (
3383 501 3498 556 Lib.
3523 500 3586 556 de
3608 499 3908 557 Resurrect.

598 592 791 661 accipit
814 633 828 655 ,
875 588 968 644 sed
998 589 1114 644 Filii
1148 633 1162 656 ,
1192 590 1357 660 quiet
1387 591 1499 660 ipse
1527 592 1743 661 spiritus
1775 591 1966 646 dicitur
1996 635 2010 658 ,
2037 592 2191 662 juxta

601 684 767 740 illud:
803 685 942 738 Deus
981 684 1198 752 spiritus
1225 693 1328 739 est.
1365 704 1383 736 r
1417 685 1546 753 Qua:
1575 687 1788 754 quidem
1843 686 2113 741 Patnelius
2140 686 2191 740 in

595 779 766 849 ipsum
787 776 1039 850 Cypriani
1066 788 1266 833 textum
1299 779 1365 834 ab
1395 778 1575 850 Afllig.
1624 791 1675 834 et
1706 779 1893 835 Bland.
1934 777 2191 835 ’codicum

595 868 832 924 librariis
856 871 1058 924 intrusa
1088 868 1253 924 fuisse
1285 871 1619 925 testilicatur.

669 961 934 1032 Rigaltius
963 978 1090 1016 vero
1114 964 1326 1018 tametsi
1362 965 1592 1032 priorem
1628 963 1910 1020 lectionem
1946 1008 1958 1028 ,
1993 964 2195 1036 Spiritu

593 1064 769 1110 sancto
797 1064 1135 1123 coeperante,
1196 1056 1247 1109 in
1300 1052 1552 1126 Cypriani
1605 1065 1809 1111 textum
1865 1056 2190 1124 admiserit;

597 1162 716 1204 eam
749 1157 924 1202 tamen
977 1149 1029 1202 in
1085 1149 1224 1203 nmis
1255 1151 1366 1204 suis
1394 1192 1408 1216 ,
1451 1159 1719 1220 tamquam
1773 1169 1801 1206 a
1857 1154 2193 1222 sequentium

598 1250 812 1296 tetatqu
847 1241 1124 1296 subtiliore
1153 1243 1338 1298 schola
1368 1244 1633 1298 inventam
1661 1286 1675 1310 ,
1719 1245 1878 1316 plane
1932 1245 2194 1314 repudiat.

602 1333 802 1390 Verum
853 1335 899 1388 si
941 1335 1118 1400 Spuria
1151 1347 1232 1390 est
1264 1377 1279 1403 ,
1313 1347 1364 1390 ct
1394 1337 1460 1390 ab
1493 1338 1821 1393 acutioribus
1861 1339 2199 1394 scholasticis

599 1428 823 1483 caulicta
853 1469 868 1493 ,
899 1442 994 1481 cur
1024 1427 1168 1482 illam
1217 1430 1267 1482 in
1299 1438 1443 1483 textu
1486 1431 1740 1501 Cypriani
1792 1431 2051 1500 reliquit?
2083 1429 2197 1498 Qua

599 1519 763 1576 etiam
810 1520 1015 1576 ratione
1043 1521 1196 1574 aliato
1248 1521 1436 1591 rejecil
1469 1563 1483 1587 ,
1539 1538 1658 1593 qua:
1710 1523 1761 1576 in
1812 1523 2201 1592 antiquiOribus

601 1615 1033 1684 exemplaribus,
1081 1616 1196 1684 ipso
1254 1614 1455 1670 fatente
1489 1657 1502 1680 ,
1567 1617 1836 1685 reperitur
1869 1657 1882 1680 ,
1935 1627 1988 1669 et
2043 1631 2200 1685 quam

602 1707 794 1778 probat
827 1721 986 1777 posse
1015 1706 1114 1760 hoc
1140 1707 1404 1762 catholico
1436 1723 1595 1762 sensu
1624 1709 1882 1777 explicari
1925 1726 1938 1762 :
1970 1708 2202 1778 Spiritus

602 1809 851 1864 sanctus,
884 1800 935 1853 id
975 1809 1095 1866 est,
1131 1815 1357 1870 persona
1408 1801 1496 1853 lilii
1538 1800 1672 1866 Dei,
1705 1801 1792 1870 qui
1830 1801 2050 1870 spiritus
2079 1810 2161 1854 est
2184 1843 2199 1867 ,

2297 610 2412 662 cap.
2445 593 2498 660 8,
2534 611 2653 665 pag.
2690 592 2794 650 550
2835 603 2882 648 et
2912 611 3049 665 seqq.
3082 594 3124 665 ).
3156 593 3318 665 Atqui
3351 595 3402 649 in
3425 594 3562 649 libro
3587 593 3657 650 de
3686 594 3910 664 Anima,

2298 684 2500 739 diserte
2552 684 2739 739 definit
2789 686 3023 740 animam
3073 693 3128 741 et
3174 685 3421 756 spiritum
3484 686 3716 741 hominis
3781 703 3912 744 esse

2301 791 2463 829 unum
2491 785 2541 830 et
2569 776 2708 830 idem
2740 774 2909 847 (Idem
2935 776 3023 832 lib.
3050 777 3112 831 de
3131 778 3314 832 Anima
3336 796 3452 849 cap.
3484 780 3572 844 11,
3606 798 3726 852 pag.
3749 780 3849 835 27!
3867 781 3908 853 ).

2299 867 2429 922 Nam
2459 877 2514 921 ut
2540 868 2687 938 plura
2715 869 3022 923 omittamus
3057 887 3070 923 :
3103 888 3123 922 ‹
3158 867 3292 924 Cum
3320 869 3388 924 dc
3411 871 3589 925 anima
3620 912 3638 938 ,
3681 872 3860 943 inquit
3893 916 3910 944 ,

2301 969 2355 1015 et
2381 961 2758 1031 spirituagitur
2785 1001 2798 1025 ,
2831 962 2944 1030 ipse
2973 961 3076 1016 erit
3101 961 3282 1017 anima
3324 961 3546 1033 spiritus
3578 1004 3592 1030 ,
3625 963 3767 1018 sicut
3790 964 3913 1022 dies

2303 1055 2415 1125 ipsa
2460 1053 2569 1108 lux.
2611 1073 2628 1106 ι

2373 1146 2511 1214 Quid
2545 1161 2674 1217 ergo
2727 1154 2873 1201 vetat
2914 1147 3201 1218 quominus
3245 1147 3298 1204 in
3330 1148 3682 1221 Apologetico
3713 1151 3915 1210 dixerit

2304 1239 2501 1294 Christi
2523 1255 2728 1292 carnem
2758 1238 2809 1292 in
2847 1239 3082 1310 Virginis
3107 1249 3260 1295 utero
3290 1240 3594 1312 figuratam,
3641 1255 3693 1299 et
3724 1246 3914 1314 spiritu

2305 1330 2422 1384 sive
2473 1330 2650 1383 anima
2707 1330 3074 1398 instructam,
3129 1333 3310 1387 omnia
3359 1332 3602 1389 effecisse
3658 1333 3913 1393 humanas

2311 1422 2661 1492 mortalisque
2686 1423 2802 1491 ejus
2828 1424 2949 1477 vita:
2985 1439 3169 1494 opera.
3226 1423 3399 1479 Verus
3429 1435 3604 1481 autem
3642 1428 3686 1483 si
3725 1429 3794 1484 sit
3825 1431 3912 1487 hic

2307 1515 2619 1570 Tertulliani
2665 1530 2892 1583 sensus,
2949 1531 3125 1572 nonne
3178 1516 3362 1574 dicere
3419 1533 3706 1590 possumus
3767 1521 3912 1580 hunc

2308 1613 2554 1668 eumdem
2586 1627 2708 1666 esse
2751 1609 3009 1684 Cypriani
3039 1627 3254 1668 sensum
3289 1631 3302 1667 :
3335 1612 3527 1670 Sermo
3555 1617 3651 1672 Dei
3697 1619 3754 1674 in
3781 1619 3910 1675 \‘ir-

2306 1705 2483 1774 ginem
2539 1702 2760 1772 illapsus
2789 1745 2804 1769 ,
2835 1719 2988 1756 carne
3030 1704 3244 1773 spiritus
3272 1745 3286 1770 ,
3323 1703 3372 1760 id
3407 1715 3491 1760 est
3519 1748 3533 1772 ,
3567 1707 3684 1778 ejus
3729 1710 3910 1766 anima

2308 1794 2555 1849 induitur.
2591 1794 2699 1849 Nec
2720 1796 2896 1865 magni
2921 1805 3067 1851 certe
3099 1795 3264 1851 refert
3293 1807 3469 1853 utrum
3501 1811 3623 1870 post
3649 1803 3870 1872 spiritus
3893 1847 3909 1873 ,

604 1907 766 1947 carne
797 1891 1050 1948 induitur.
1082 1893 1185 1947 Sed
1241 1893 1467 1961 Rigaltio
1496 1893 1650 1962 longe
1687 1895 1955 1963 antiquior
1984 1905 2064 1947 est
2091 1893 2204 1950 Inec
2233 1901 2280 1960 Β
2308 1888 2574 1958 adjectum
2607 1886 2771 1943 fuerit
2814 1897 3041 1944 sanctus.
3086 1888 3217 1956 Quis
3244 1891 3386 1945 enim
3427 1894 3631 1948 nesciat
3668 1906 3912 1953 sanctam

604 1985 916 2053 explicatio,
954 2000 1110 2050 quam
1142 1985 1298 2054 paulo
1323 1994 1446 2040 ante
1479 1986 1786 2040 monuimus
1827 1986 1879 2040 in
1921 1987 2076 2040 trium
2111 2002 2201 2042 ve-

609 2086 780 2132 terum
810 2078 1295 2148 manuscriptorutn
1323 2079 1651 2150 marginibus
1672 2120 1686 2145 ,
1717 2089 1771 2133 et
1807 2077 2034 2133 duorum
2065 2079 2200 2134 alio-

607 2187 726 2227 rum
753 2181 902 2227 textu
934 2172 1178 2228 inveniri.

679 2265 878 2322 Verum
905 2265 1338 2337 quiaCyprianus
1359 2265 1494 2321 hanc
1516 2266 1635 2322 libri
1661 2266 1740 2321 sui
1758 2276 1960 2336 partem
1985 2280 2050 2321 ex
2067 2265 2202 2321 Ter-

608 2360 833 2415 tulliano
863 2402 878 2426 ,
911 2362 1062 2414 sicuti
1097 2361 1367 2424 diximus,
1403 2361 1737 2429 potissimum
1758 2358 2011 2415 delibavit
2037 2401 2052 2425 ,
2098 2373 2202 2413 nou

609 2450 814 2506 inutilis
839 2450 1057 2505 forsitan
1079 2466 1256 2520 operae
1281 2453 1507 2521 pretium
1535 2452 1634 2505 erit
1655 2451 1700 2504 si
1724 2450 1880 2521 paulo
1904 2450 2204 2504 accuratius

609 2544 972 2612 expendamus
1023 2554 1197 2598 utrum
1244 2542 1477 2613 Magistri
1523 2543 1726 2609 verba,
1780 2542 1904 2596 huic
1947 2541 2204 2611 Discipuli

617 2636 735 2706 ejus
787 2637 903 2690 loco
962 2637 1134 2692 lucem
1193 2636 1422 2706 aliquam
1455 2635 1646 2690 aﬂ'erre
1705 2636 1929 2706 possint.
1992 2635 2207 2689 Dixerat

611 2737 791 2782 autem
855 2727 1215 2782 Tertullianus
1257 2746 1270 2782 :
1328 2725 1558 2782 Verbum
1591 2769 1605 2793 ,
1669 2728 1780 2781 sive
1827 2727 2019 2781 Sermo
2071 2725 2199 2793 Dei,

616 2836 634 2870 ι
670 2817 922 2887 delapsus
968 2819 1018 2870 in
1055 2817 1326 2888 Virginem
1359 2817 1680 2886 quamdam,
1715 2825 1768 2871 et
1819 2816 1872 2870 in
1901 2827 2053 2870 utero
2090 2816 2206 2885 ejus

611 2925 737 2966 caro
773 2910 1026 2981 liguratus
1051 2951 1066 2974 ,
1121 2910 1355 2963 nascitur
1402 2909 1564 2963 homo
1590 2951 1606 2975 ,
1652 2909 1762 2964 Deo
1813 2908 2047 2962 mixtus:
2080 2923 2208 2964 caro

613 3001 801 3070 spiritu
833 3002 1089 3056 instructa
1124 3001 1386 3066 nutritur,
1421 2999 1686 3054 adolescit
1713 3041 1726 3064 .
1777 2998 1992 3064 affatur,
2027 2999 2203 3065 docet,

610 3105 863 3164 operatur
893 3137 907 3160 ,
942 3105 997 3149 et
1030 3093 1275 3148 Christus
1302 3101 1402 3147 est.
1443 3112 1462 3145 ›
1519 3099 1537 3163 (
1570 3090 1878 3145 Tertullian.
1936 3091 2204 3161 Apologet.

610 3201 724 3258 cap.
754 3184 844 3251 2|,
879 3203 998 3256 pag.
1055 3184 1148 3238 2i.
1193 3184 1212 3256 )
1252 3183 1486 3238 Videsne
1532 3184 1647 3236 lucc
1696 3182 1764 3236 ab
1826 3181 1920 3235 illo
1972 3181 2209 3250 pluribus

609 3281 788 3335 verbis
812 3281 1001 3334 tradita
1036 3321 1050 3346 ,
1085 3295 1202 3348 qua:
1230 3277 1525 3347 Cyprianus
1555 3274 1894 3345 paucioribus
1925 3274 2157 3329 reddidit
2184 3274 2208 3328 ἲ
2234 3287 2279 3349 C

611 3372 901 3442 Utriusque
949 3372 1110 3442 igitur
1154 3371 1405 3441 quoniam
1461 3370 1647 3424 eadem
1702 3385 1856 3424 mens
1889 3411 1903 3434 ,
1959 3369 2208 3438 idemque

609 3477 802 3518 sensus
836 3470 919 3516 est
948 3505 963 3527 ,
1002 3461 1376 3531 inquirendum
1409 3477 1538 3516 sane
1564 3462 1689 3531 quid
1728 3481 1746 3514 ι
1783 3463 1963 3516 carnis
2003 3471 2057 3515 ct
2093 3463 2207 3531 Spi-

612 3559 745 3610 ritus
779 3574 798 3608 s
832 3556 1048 3610 nomine
1081 3555 1443 3610 Tertullianus
1475 3596 1491 3621 ,
1522 3569 1583 3610 ac
1614 3555 1838 3624 proinde
1868 3556 2202 3626 Cyprianus,

609 3647 951 3702 intellexerit.
993 3649 1060 3701 At
1087 3647 1262 3701 carnis
1290 3647 1507 3700 nomine
1538 3647 1626 3702 ille
1657 3647 1857 3716 saepius
1905 3647 2207 3716 signiﬁcare

610 3741 819 3795 videtur
861 3751 1023 3795 totam
1074 3740 1358 3794 humanam
1399 3739 1592 3795 Christi
1659 3749 1904 3795 naturain
1935 3781 1949 3804 ,
2003 3756 2104 3811 qua
2153 3741 2204 3794 iu

614 3843 768 3888 ulet'o
803 3832 1036 3904 Virginis
1075 3835 1329 3901 ﬁguratus
1359 3872 1373 3896 ,
1423 3850 1442 3882 ‹
1484 3832 1721 3886 nascitur
1765 3831 1969 3897 homo;
2008 3849 2026 3883 r
2063 3830 2205 3886 haud

611 3925 772 3980 dubie
827 3925 952 3995 quia
1007 3925 1332 3992 evangelista
1395 3925 1686 3995 scripserat
1742 3943 1754 3978 :
1826 3923 2046 3979 Verbum
2086 3941 2206 3979 caro

611 4023 805 4089 factum
857 4028 961 4084 est,
1016 4028 1060 4070 et
1101 4017 1347 4071 Iwbitovit
1404 4019 1456 4071 in
1508 4018 1669 4072 nobis.
1713 4038 1731 4070 ι
1771 4017 1977 4091 (Joatt.
2017 4035 2132 4088 cap.
2167 4034 2203 4084 I,

613 4112 744 4183 ll.)
775 4111 844 4166 At
896 4113 939 4166 si
989 4129 1075 4166 res
1128 4113 1197 4166 ita
1230 4113 1298 4166 sit
1324 4154 1336 4172 ,
1364 4112 1652 4187 dicentium
1696 4122 1779 4166 est
1822 4113 2205 4167 Tertulliauutn

621 4223 639 4257 ι
675 4203 924 4272 Spiritus,
966 4223 984 4256 ι
1016 4215 1101 4257 aut
1131 4205 1300 4258 sancti
1330 4202 1561 4272 Spiritus
1607 4202 1822 4257 nomine
1853 4220 1958 4257 non
1989 4204 2203 4273 quidem

608 4297 916 4369 designasse
972 4301 1180 4353 tertiam
1235 4298 1328 4352 SS.
1373 4296 1691 4362 Trinitatis,
1758 4296 1852 4352 sed
1911 4299 2204 4352 secundam

611 4391 770 4447 Verbi
817 4388 980 4448 divini
1013 4393 1327 4459 Pcrsomnu,
1358 4407 1480 4463 que
1500 4405 1684 4446 revera
1709 4391 1930 4462 spiritus
1949 4401 2204 4447 etsancta

609 4492 710 4539 est.

679 4577 1061 4632 Verumtamen
1093 4579 1136 4632 si
1165 4577 1358 4647 aliquis
1386 4578 1711 4647 conjectura:
1745 4577 1898 4632 locus
1930 4575 2082 4632 nobis
2111 4576 2205 4631 da-

2307 1995 2426 2035 esse
2454 1979 2652 2034 Christi
2683 1979 2915 2034 animam
2944 1979 2969 2033 ’ἔ
2997 1979 3263 2036 Cancrum
3308 1982 3446 2037 hanc
3494 1984 3912 2054 explicationem

2306 2072 2370 2128 iis
2396 2079 2598 2128 tantum
2629 2073 2946 2142 exponimus
2973 2113 2988 2139 ,
3031 2075 3120 2143 qui
3143 2073 3465 2143 conjecturis
3495 2115 3512 2142 ,
3559 2077 3754 2148 quibus
3785 2095 3914 2137 raro

2307 2165 2644 2235 indulgemus
2663 2206 2678 2232 ,
2712 2165 2920 2219 veniam
2948 2164 3234 2237 aliquando
3262 2166 3392 2222 dare
3418 2178 3660 2239 possunt.

2380 2260 2616 2329 Denique
2649 2271 2836 2316 auctor
2861 2273 3042 2318 noster
3090 2262 3226 2318 dixit
3254 2281 3266 2317 :
3303 2282 3323 2316 ι
3363 2264 3503 2320 Deus
3531 2281 3653 2322 cum
3693 2269 3917 2330 homine

2308 2351 2582 2417 miscetur,
2621 2371 2641 2405 ι
2675 2351 2817 2424 quod
2845 2369 2911 2408 ex
2945 2353 3028 2409 his
3067 2354 3240 2410 adhuc
3271 2354 3528 2412 delihavit
3561 2362 3801 2430 magistri
3831 2366 3920 2420 sui

2308 2443 2616 2499 Tertulliani
2649 2445 2824 2500 verbis
2873 2463 2887 2499 :
2943 2464 2961 2498 ‹
2995 2445 3245 2502 Nascitur
3273 2447 3435 2503 homo
3488 2451 3595 2506 Deo
3626 2454 3845 2509 mixtus.
3890 2477 3910 2511 ι

2309 2535 2538 2590 Rursum
2566 2545 2741 2591 autem
2759 2537 2937 2592 cernis
2963 2538 3030 2592 ab
3057 2550 3282 2607 utroque
3302 2540 3489 2596 eadem
3516 2584 3532 2608 ,
3569 2544 3664 2597 sed
3682 2544 3919 2602 diversis

2311 2629 2489 2684 verbis
2531 2630 2816 2684 enuntiari.
2872 2632 2941 2684 At
2967 2630 3238 2700 quomodo
3278 2646 3341 2686 ea
3374 2632 3715 2705 intelligenda
3758 2639 3866 2692 sint
3900 2681 3918 2705 ,

2311 2720 2362 2775 in
2399 2721 2675 2790 superiore
2702 2721 3077 2778 dissertatione
3133 2721 3503 2794 patefecimus.
3551 2724 3813 2798 (Dissert.
3862 2731 3920 2786 iu

2309 2809 2528 2869 Tertull.
2559 2828 2676 2882 cap.
2699 2812 2752 2878 9,
2785 2822 2882 2868 art.
2911 2814 2962 2868 1.
2989 2812 3012 2885 )

2890 2966 3182 3009 Αῐιτιουιυε
3218 2969 3292 3010 ιν.

2311 3066 2390 3122 De
2429 3067 2738 3124 idololatria:
2765 3070 2990 3142 origine,
3013 3081 3060 3126 et
3096 3072 3333 3128 ridiculis
3361 3076 3668 3145 quibusdam
3714 3076 3920 3134 Boum-

2383 3179 2566 3216 uorum
2603 3163 2701 3216 diis
2725 3204 2739 3228 ,
2774 3163 2827 3218 in
2865 3163 3018 3219 dubio
3060 3176 3147 3219 aut
3187 3169 3342 3222 notho
3395 3169 3550 3239 hujus
3596 3171 3715 3225 libri
3757 3178 3910 3244 frag-

2385 3265 2552 3310 mento
2585 3257 2788 3324 notatis,
2827 3275 2888 3312 ac
2926 3259 2992 3313 de
3015 3260 3212 3316 crudeli
3251 3261 3527 3318 Consulatu:
3555 3264 3923 3321 Romanorum

2383 3349 2552 3403 initio.

2382 3463 2511 3527 Quae
2540 3464 2800 3521 adversus
2830 3466 3074 3524 ethnicos
3109 3468 3178 3524 de
3207 3469 3513 3525 idololatriae
3537 3471 3751 3542 origine
3787 3519 3803 3544 ,
3851 3492 3921 3534 ac

2311 3553 2457 3609 falsis
2514 3555 2754 3624 pluribus
2795 3557 3003 3613 illorum
3045 3559 3148 3614 diis
3190 3559 3484 3631 Cyprianus
3525 3561 3805 3633 disputat.
3854 3583 3919 3622 ea

2311 3647 2488 3700 omnia
2513 3690 2528 3714 ,
2571 3665 2690 3718 qua:
2718 3650 2894 3721 aliqua
2929 3651 3398 3709 animadversione
3443 3655 3601 3727 digna
3631 3670 3755 3712 sunt
3786 3700 3801 3724 ,
3859 3661 3912 3715 in

2310 3739 2676 3806 superioribus
2730 3743 2930 3798 nostris
2985 3743 3456 3802 dissertationibus
3503 3750 3786 3804 enucleare
3857 3764 3917 3809 et

2309 3831 2578 3888 illustrare
2605 3836 2812 3889 connisi
2853 3852 3060 3894 sumus.
3117 3837 3445 3894 Pancissima
3475 3840 3649 3913 itaque
3689 3852 3909 3898 restant

2309 3940 2339 3980 a
2369 3928 2524 3982 nobis
2552 3929 2910 3985 observanda.
2939 3933 3022 3987 Ab
3051 3932 3166 4001 ipso
3187 3943 3365 3989 autem
3387 3933 3514 3990 libri
3548 3935 3697 3992 initio
3721 3950 3916 3993 anetor

2310 4030 2496 4074 noster
2527 4020 2710 4074 nefarii
2730 4022 2981 4077 falsorum
3023 4022 3248 4078 deorum
3273 4026 3450 4080 cultus
3470 4028 3728 4098 originem
3753 4044 3780 4082 a
3805 4029 3913 4085 Sa-

2312 4122 2470 4167 turno
2514 4129 2634 4167 cum
2679 4117 2868 4184 repetit
2899 4161 2912 4183 ,
2962 4127 3348 4188 pra-ccptorem
3379 4135 3535 4176 suum
3562 4164 3576 4191 ,
3608 4124 3760 4177 sicuti
3793 4125 3916 4194 jam

2309 4206 2685 4260 annotavimus
2717 4247 2731 4269 ,
2787 4207 3169 4263 Tertulliannnt
3204 4252 3218 4276 ,
3265 4212 3530 4281 sequitur.
3577 4213 3738 4268 Paulo
3789 4228 3919 4286 post

2315 4314 2442 4352 vero
2470 4299 2692 4368 gentiles
2727 4300 2996 4356 Romanos
3023 4344 3037 4366 ,
3069 4319 3174 4357 non
3205 4318 3364 4360 secus
3393 4314 3551 4376 atque
3593 4307 3734 4362 idem
3767 4308 3914 4364 Ter-

2309 4391 2562 4447 tullianus
2604 4403 2656 4447 et
2702 4393 2963 4450 Minucius
2993 4394 3139 4450 Felix
3167 4437 3182 4462 ,
3228 4395 3459 4463 refellit,
3491 4399 3581 4469 qui
3608 4399 3920 4470 garriebant

2309 4499 2402 4538 sua
2428 4486 2476 4539 in
2509 4485 2640 4539 deos
2669 4486 2864 4556 pietate
2903 4488 3165 4542 meruisse
3191 4488 3354 4544 totius
3384 4499 3543 4544 terrm
3570 4491 3720 4546 orbis
3743 4493 3918 4564 impe-

2310 4576 2467 4631 rium.
2498 4575 2517 4648 (
2544 4578 2787 4648 Cypriau.
2818 4581 2880 4633 de
2904 4581 3091 4635 idolor.
3129 4582 3342 4635 vanitat.
3369 4600 3489 4653 pag.
3523 4583 3612 4639 15.
3653 4583 3920 4641 ὒὶεςετιαι

604 4676 756 4722 retur
777 4709 791 4734 ,
828 4668 965 4722 hanc
997 4669 1088 4723 tibi
1124 4684 1569 4738 proponeremus.
1639 4667 1827 4722 Nonne
1872 4668 1974 4722 dici
2026 4675 2202 4737 potest.
2228 4677 2281 4736 D
2307 4670 2360 4722 iu
2385 4668 2601 4723 Tertull.
2629 4688 2724 4740 cap
2743 4671 2833 4738 25,
2867 4681 2964 4725 art.
2988 4673 3040 4727 1.
3077 4673 3343 4728 Dissertat.
3377 4675 3429 4729 in
3452 4673 3676 4742 Minuta,
3703 4693 3821 4748 cap.
3851 4679 3920 4736 l8

604 4761 993 4817 Tcrtullianum
1014 4763 1081 4818 ibi
1099 4764 1302 4818 (carnis
1327 4763 1570 4816 momine
1586 4760 1959 4815 solumChristi
1978 4775 2197 4829 corpus,

604 4862 657 4910 et
705 4857 915 4925 spiritus
969 4855 1224 4909 Vocabula
1271 4854 1503 4908 animam
1563 4854 1680 4923 ejus
1728 4853 1995 4907 indicasse
2027 4868 2041 4906 :
2076 4867 2198 4906 nam

610 4967 629 5000 ι
659 4962 821 5015 caro,
852 4948 1058 5018 inquit,
1090 4963 1131 5014 ει
1156 4949 1277 5002 iritu
1307 4947 1561 5002 in~trueta
1583 4987 1596 5006 .
1637 4966 1655 4998 ι
1693 4945 1741 5000 id
1771 4955 1884 5011 est,
1905 4961 2030 5000 caro
2059 4945 2196 5014 ejus,

601 5041 717 5097 sive
743 5056 940 5112 corpus
978 5041 1165 5110 Spiritu
1201 5083 1215 5107 ,
1265 5056 1362 5096 seu
1389 5042 1568 5096 anima
1613 5041 1710 5095 luit
1738 5041 2057 5095 instructum
2092 5082 2106 5107 ,
2147 5050 2202 5098 et

601 5134 969 5190 informatum.
1009 5134 1260 5202 Quamvis
1305 5136 1446 5189 enim
1477 5134 1579 5190 hoc
1610 5134 1726 5203 ipso
1761 5137 1930 5188 carm's
1973 5134 2192 5190 nomine

601 5237 773 5283 totum
821 5229 1089 5282 hominem
1122 5269 1137 5294 ,
1192 5227 1242 5282 id
1273 5238 1392 5293 est,
1422 5242 1617 5298 corpus
1645 5236 1698 5283 et
1725 5228 1958 5282 animam
1990 5229 2191 5300 szrpius

599 5323 845 5392 designet
877 5340 892 5390 ;
926 5322 1027 5378 hoc
1055 5331 1232 5378 tamen
1264 5338 1369 5378 non
1402 5323 1624 5392 impedit
1676 5323 1804 5392 quin
1854 5337 1996 5390 sazpe
2029 5323 2191 5376 etiam

597 5417 776 5472 carnis
803 5417 1019 5470 nomine
1045 5416 1219 5470 solmn
1253 5431 1446 5485 corpus
1477 5415 1757 5485 intelligat.
1793 5414 1928 5482 Quid
1962 5428 2193 5485 namque

596 5507 650 5563 in
681 5516 790 5562 toto
817 5509 886 5564 de
903 5507 1078 5563 Carne
1103 5507 1298 5564 Christi
1319 5507 1457 5562 libro
1474 5507 1614 5562 aliud
1634 5506 1760 5576 agit,
1788 5505 1889 5559 nisi
1919 5513 1977 5559 ut
2005 5513 2191 5559 contra

595 5598 882 5655 haereticos
921 5600 1173 5656 ostendat
1211 5616 1315 5654 non
1355 5599 1589 5654 ﬁctiliam
1623 5607 1676 5652 et
1703 5597 2007 5651 simulatam
2043 5639 2056 5663 ,
2097 5595 2191 5652 sed

594 5705 776 5746 veram
803 5691 872 5748 ab
899 5706 966 5747 eo
986 5699 1318 5762 assumptam
1352 5690 1516 5746 fuisse
1545 5706 1762 5745 carnem
1781 5690 1805 5743 ‘t
1826 5689 1896 5744 At
1924 5688 1994 5744 ibi
2023 5689 2193 5742 carnis

599 5785 819 5839 nomine
843 5784 1016 5839 solum
1041 5799 1238 5853 corpus
1264 5784 1378 5853 ejus
1409 5783 1666 5838 denotare
1695 5781 1928 5837 videtur.
1987 5781 2190 5837 Eodem

611 5872 770 5926 modo
813 5876 864 5927 in
909 5878 1268 5944 subsequente
1316 5875 1449 5930 libro
1476 5873 1544 5930 de
1569 5876 1985 5931 Resurrectione
2014 5877 2189 5932 carnis

2305 4771 2352 4812 et
2372 4761 2457 4828 19,
2488 4771 2534 4814 et
2555 4763 2605 4815 in
2627 4761 2931 4818 Tertullian.
2965 4781 3077 4835 cap.
3102 4765 3309 4830 27,art.
3329 4767 3364 4821 3
3387 4775 3436 4820 et
3455 4783 3593 4838 seqq.
3613 4768 3652 4837 ).
3670 4770 3740 4822 At
3765 4769 3842 4824 ibi
3862 4771 3915 4826 in

2307 4851 2624 4922 lligaltian‘a,
2650 4851 2943 4910 Oxonicasi
2963 4897 2978 4920 ,
3011 4867 3063 4910 et
3091 4856 3412 4926 quibusdam
3435 4857 3556 4913 aliis
3581 4857 3916 4916 editionibus

2304 4942 2419 4998 haec
2447 4944 2727 5014 leguntur:
2792 4965 2811 4998 ι
2849 4947 2989 5002 Acca
3017 4947 3172 5001 Flora
3202 4950 3536 5004 meretrices.
3586 4949 3644 5004 ln
3703 4960 3910 5008 tantum

2302 5053 2432 5094 vero
2471 5039 2691 5093 deorum
2732 5039 2990 5094 vucahula
3042 5039 3180 5110 apud
3221 5041 3492 5097 Romanos
3523 5040 3828 5113 ﬁnguntur,
3863 5053 3918 5100 ut

2304 5131 2374 5188 sit
2400 5132 2539 5203 apud
2569 5133 2688 5188 illos
2715 5142 2769 5189 et
2802 5133 3005 5189 Viduus
3025 5134 3276 5206 deus,qui
3296 5136 3473 5190 anima
3487 5150 3684 5206 corpus
3706 5137 3910 5202 viduct,

2296 5225 2407 5294 qui,
2429 5227 2578 5291 quasi
2601 5224 2780 5280 feralis
2796 5235 2848 5280 et
2866 5225 3125 5294 funebris,
3159 5227 3296 5281 intra
3319 5243 3501 5283 muros
3524 5244 3631 5282 non
3661 5228 3909 5296 habetur,

2297 5317 2391 5372 sed
2442 5317 2568 5372 foris
2599 5317 2924 5384 collocatur,
2979 5328 3033 5372 et
3085 5317 3433 5373 nihilominus
3477 5319 3602 5390 quia
3664 5322 3910 5377 extorris

2298 5409 2506 5477 factus,
2567 5410 2855 5464 datnnatnr
2902 5411 3080 5481 potius
3105 5411 3348 5466 Romana
3400 5412 3662 5482 religione
3691 5453 3707 5479 ,
3749 5428 3912 5482 quam

2296 5501 2506 5557 colitur.
2545 5500 2642 5554 Est
2667 5510 2722 5554 et
2745 5497 2980 5556 Scausus
3025 5502 3093 5557 ab
3127 5502 3438 5557 asoensibus
3463 5501 3670 5569 dictus,
3699 5514 3750 5557 et
3778 5502 3916 5558 For-

2295 5595 2449 5651 culus
2474 5612 2500 5648 a
2531 5595 2734 5651 foribus
2758 5637 2773 5664 ,
2801 5603 2856 5650 et
2878 5610 2910 5649 a
2931 5595 3188 5651 limitibus
3205 5595 3542 5650 Limentinus
3567 5637 3582 5665 ,
3610 5607 3663 5650 et
3679 5594 3903 5652 Cardea:

2297 5704 2326 5742 a
2380 5689 2735 5755 cardinibus,
2793 5697 2846 5744 et
2921 5690 2988 5744 ab
3041 5689 3362 5744 orbitatibus
3409 5687 3648 5746 Orbona.
3709 5691 3773 5746 Hi
3839 5691 3916 5746 dii

2297 5781 2545 5836 Romani.
2584 5800 2602 5834 ι
2637 5780 2804 5854 (Cyp.
2830 5781 2958 5836 ibid.
2989 5770 3108 5851 pag.
3145 5781 3214 5837 l2
3239 5786 3285 5836 et
3309 5780 3439 5855 l3.)
3481 5781 3538 5837 lu
3571 5784 3776 5838 nostris
3817 5798 3913 5837 su.

2298 5885 2402 5934 tem
2427 5866 2702 5933 codicibus
2730 5870 2845 5932 hate
2875 5884 3076 5932 tantum
3101 5874 3366 5932 habentur
3398 5891 3412 5930 :
3447 5890 3466 5927 ι
3499 5876 3639 5931 Acca
3667 5885 3724 5932 et
3749 5874 3912 5931 Flora
