  <div class='ocr_page' id='page_1' title='image "/cluster/home/n/w/nwhite01/storage/ocr_20150623/4/hvd.32044048207708/518.png"; bbox 0 0 4202 6272; ppageno 0'>
   <div class='ocr_carea' id='block_1_1' title="bbox 320 173 463 230">
    <p class='ocr_par' dir='ltr' id='par_1_1' title="bbox 320 173 463 230">
     <span class='ocr_line' id='line_1_1' title="bbox 320 173 463 230; baseline 0.014 -2"><span class='ocrx_word' id='word_1_1' title='bbox 320 173 463 230; x_wconf 68' lang='grc'><strong>1025</strong></span> 
     </span>
    </p>
   </div>
   <div class='ocr_carea' id='block_1_2' title="bbox 1179 179 2710 242">
    <p class='ocr_par' dir='ltr' id='par_1_2' title="bbox 1179 179 2710 242">
     <span class='ocr_line' id='line_1_2' title="bbox 1179 179 2710 242; baseline 0.001 -6"><span class='ocrx_word' id='word_1_2' title='bbox 1179 179 1460 238; x_wconf 76' lang='lat' dir='ltr'><strong>CARMEN</strong></span> <span class='ocrx_word' id='word_1_3' title='bbox 1500 180 1589 239; x_wconf 85' lang='lat' dir='ltr'><strong>DE</strong></span> <span class='ocrx_word' id='word_1_4' title='bbox 1631 181 2206 241; x_wconf 72' lang='lat' dir='ltr'><strong>RESURRECTIONE</strong></span> <span class='ocrx_word' id='word_1_5' title='bbox 2258 181 2710 242; x_wconf 80' lang='lat' dir='ltr'><strong>MORTUORUM.</strong></span> 
     </span>
    </p>
   </div>
   <div class='ocr_carea' id='block_1_3' title="bbox 3483 181 3624 238">
    <p class='ocr_par' dir='ltr' id='par_1_3' title="bbox 3483 181 3624 238">
     <span class='ocr_line' id='line_1_3' title="bbox 3483 181 3624 238; baseline -0.021 0"><span class='ocrx_word' id='word_1_6' title='bbox 3483 181 3624 238; x_wconf 67' lang='lat'><strong>{0‘26</strong></span> 
     </span>
    </p>
   </div>
   <div class='ocr_carea' id='block_1_4' title="bbox 319 287 3625 372">
    <p class='ocr_par' dir='ltr' id='par_1_4' title="bbox 319 287 3625 372">
     <span class='ocr_line' id='line_1_4' title="bbox 319 287 3625 372; baseline 0.002 -29"><span class='ocrx_word' id='word_1_7' title='bbox 319 287 653 344; x_wconf 80' lang='lat' dir='ltr'><strong>meretrices.</strong></span> <span class='ocrx_word' id='word_1_8' title='bbox 707 289 773 346; x_wconf 91' lang='lat' dir='ltr'><strong>lli</strong></span> <span class='ocrx_word' id='word_1_9' title='bbox 829 287 899 346; x_wconf 93' lang='lat' dir='ltr'><strong>dii</strong></span> <span class='ocrx_word' id='word_1_10' title='bbox 931 290 1158 350; x_wconf 83' lang='lat' dir='ltr'><strong>Romani</strong></span> <span class='ocrx_word' id='word_1_11' title='bbox 1189 313 1204 362; x_wconf 86' lang='lat'><strong>;</strong></span> <span class='ocrx_word' id='word_1_12' title='bbox 1250 315 1269 350; x_wconf 75' lang='grc' dir='ltr'><strong>ι</strong></span> <span class='ocrx_word' id='word_1_13' title='bbox 1325 306 1518 354; x_wconf 80' lang='lat' dir='ltr'><strong>caetera</strong></span> <span class='ocrx_word' id='word_1_14' title='bbox 1543 313 1680 354; x_wconf 69' lang='lat' dir='ltr'><strong>vero</strong></span> <span class='ocrx_word' id='word_1_15' title='bbox 1732 300 1912 354; x_wconf 83' lang='lat' dir='ltr'><strong>omnia</strong></span> <span class='ocrx_word' id='word_1_16' title='bbox 1941 301 1988 362; x_wconf 81' lang='grc' dir='ltr'>Α</span> <span class='ocrx_word' id='word_1_17' title='bbox 2019 317 2132 372; x_wconf 87' lang='lat' dir='ltr'><strong><em>cap.</em></strong></span> <span class='ocrx_word' id='word_1_18' title='bbox 2158 300 2214 368; x_wconf 91' lang='lat'><strong>8,</strong></span> <span class='ocrx_word' id='word_1_19' title='bbox 2236 317 2357 371; x_wconf 87' lang='lat' dir='ltr'><strong>pag.</strong></span> <span class='ocrx_word' id='word_1_20' title='bbox 2386 299 2456 355; x_wconf 77' lang='lat'><strong>95</strong></span> <span class='ocrx_word' id='word_1_21' title='bbox 2486 309 2532 355; x_wconf 88' lang='lat' dir='ltr'><strong>et</strong></span> <span class='ocrx_word' id='word_1_22' title='bbox 2558 317 2663 368; x_wconf 70' lang='lat' dir='ltr'><strong>seq.</strong></span> <span class='ocrx_word' id='word_1_23' title='bbox 2686 307 2730 354; x_wconf 88' lang='lat' dir='ltr'><strong>et</strong></span> <span class='ocrx_word' id='word_1_24' title='bbox 2749 298 2837 352; x_wconf 82' lang='lat' dir='ltr'><strong>lib.</strong></span> <span class='ocrx_word' id='word_1_25' title='bbox 2863 311 2937 363; x_wconf 79' lang='lat' dir='ltr'><strong>vr,</strong></span> <span class='ocrx_word' id='word_1_26' title='bbox 2969 311 3087 365; x_wconf 85' lang='lat' dir='ltr'><strong>cap.</strong></span> <span class='ocrx_word' id='word_1_27' title='bbox 3115 295 3169 360; x_wconf 87' lang='lat'><strong>9,</strong></span> <span class='ocrx_word' id='word_1_28' title='bbox 3198 310 3315 366; x_wconf 87' lang='lat' dir='ltr'><strong>pag.</strong></span> <span class='ocrx_word' id='word_1_29' title='bbox 3344 294 3488 365; x_wconf 80' lang='grc'><strong>150.)</strong></span> <span class='ocrx_word' id='word_1_30' title='bbox 3521 296 3625 350; x_wconf 82' lang='lat' dir='ltr'><strong>De-</strong></span> 
     </span>
    </p>
   </div>
   <div class='ocr_carea' id='block_1_5' title="bbox 318 381 1918 457">
    <p class='ocr_par' dir='ltr' id='par_1_5' title="bbox 318 381 1918 457">
     <span class='ocr_line' id='line_1_5' title="bbox 318 381 1918 457; baseline 0.006 -21"><span class='ocrx_word' id='word_1_31' title='bbox 318 381 560 447; x_wconf 79' lang='lat' dir='ltr'><strong>desunt,</strong></span> <span class='ocrx_word' id='word_1_32' title='bbox 603 383 1053 451; x_wconf 78' lang='lat' dir='ltr'><strong>quemadmodum</strong></span> <span class='ocrx_word' id='word_1_33' title='bbox 1087 387 1141 440; x_wconf 93' lang='lat' dir='ltr'><strong>in</strong></span> <span class='ocrx_word' id='word_1_34' title='bbox 1191 386 1516 444; x_wconf 87' lang='lat' dir='ltr'><strong>cditiouibus</strong></span> <span class='ocrx_word' id='word_1_35' title='bbox 1556 407 1698 445; x_wconf 82' lang='lat' dir='ltr'><strong>anno</strong></span> <span class='ocrx_word' id='word_1_36' title='bbox 1745 391 1918 457; x_wconf 57' lang='lat'><strong>15.50,</strong></span> 
     </span>
    </p>
   </div>
   <div class='ocr_carea' id='block_1_6' title="bbox 319 475 1923 555">
    <p class='ocr_par' dir='ltr' id='par_1_6' title="bbox 319 475 1923 555">
     <span class='ocr_line' id='line_1_6' title="bbox 319 475 1923 555; baseline 0.006 -25"><span class='ocrx_word' id='word_1_37' title='bbox 319 475 456 530; x_wconf 68' lang='lat' dir='ltr'><strong>15H</strong></span> <span class='ocrx_word' id='word_1_38' title='bbox 480 517 493 538; x_wconf 91' lang='lat'><strong>,</strong></span> <span class='ocrx_word' id='word_1_39' title='bbox 524 475 660 531; x_wconf 65' lang='grc'><strong>1561</strong></span> <span class='ocrx_word' id='word_1_40' title='bbox 689 519 702 542; x_wconf 84' lang='grc'><em>,</em></span> <span class='ocrx_word' id='word_1_41' title='bbox 741 478 879 534; x_wconf 75' lang='grc'><strong>1595</strong></span> <span class='ocrx_word' id='word_1_42' title='bbox 900 521 912 540; x_wconf 89' lang='grc'><em>,</em></span> <span class='ocrx_word' id='word_1_43' title='bbox 941 478 1242 551; x_wconf 78' lang='lat' dir='ltr'><strong>divulgalis.</strong></span> <span class='ocrx_word' id='word_1_44' title='bbox 1287 481 1507 538; x_wconf 86' lang='lat' dir='ltr'><strong>Fatetur</strong></span> <span class='ocrx_word' id='word_1_45' title='bbox 1537 500 1750 555; x_wconf 87' lang='lat' dir='ltr'><strong>quoque</strong></span> <span class='ocrx_word' id='word_1_46' title='bbox 1780 485 1923 539; x_wconf 81' lang='lat' dir='ltr'><strong>Oxo-</strong></span> 
     </span>
    </p>
   </div>
   <div class='ocr_carea' id='block_1_7' title="bbox 325 567 1923 644">
    <p class='ocr_par' dir='ltr' id='par_1_7' title="bbox 325 567 1923 644">
     <span class='ocr_line' id='line_1_7' title="bbox 325 567 1923 644; baseline 0.004 -20"><span class='ocrx_word' id='word_1_47' title='bbox 325 567 500 624; x_wconf 83' lang='lat' dir='ltr'><strong>niensi</strong></span> <span class='ocrx_word' id='word_1_48' title='bbox 535 568 755 624; x_wconf 91' lang='lat' dir='ltr'><strong>editioni</strong></span> <span class='ocrx_word' id='word_1_49' title='bbox 788 573 1105 642; x_wconf 62' lang='lat' dir='ltr'><strong>praepositus</strong></span> <span class='ocrx_word' id='word_1_50' title='bbox 1129 589 1189 628; x_wconf 90' lang='lat' dir='ltr'><strong>ea</strong></span> <span class='ocrx_word' id='word_1_51' title='bbox 1223 574 1273 628; x_wconf 89' lang='lat' dir='ltr'><strong>in</strong></span> <span class='ocrx_word' id='word_1_52' title='bbox 1316 575 1704 644; x_wconf 67' lang='lat' dir='ltr'><strong>proliatissiuiis</strong></span> <span class='ocrx_word' id='word_1_53' title='bbox 1739 591 1923 632; x_wconf 77' lang='lat' dir='ltr'><strong>exem-</strong></span> 
     </span>
    </p>
   </div>
   <div class='ocr_carea' id='block_1_8' title="bbox 327 659 1921 740">
    <p class='ocr_par' dir='ltr' id='par_1_8' title="bbox 327 659 1921 740">
     <span class='ocr_line' id='line_1_8' title="bbox 327 659 1921 740; baseline 0.007 -26"><span class='ocrx_word' id='word_1_54' title='bbox 327 659 568 731; x_wconf 85' lang='lat' dir='ltr'><strong>plarihus</strong></span> <span class='ocrx_word' id='word_1_55' title='bbox 632 662 984 730; x_wconf 73' lang='lat' dir='ltr'><strong>desiderari,</strong></span> <span class='ocrx_word' id='word_1_56' title='bbox 1059 665 1228 736; x_wconf 90' lang='lat' dir='ltr'><strong>iisque</strong></span> <span class='ocrx_word' id='word_1_57' title='bbox 1295 668 1595 737; x_wconf 88' lang='lat' dir='ltr'><strong>perturbari</strong></span> <span class='ocrx_word' id='word_1_58' title='bbox 1670 669 1921 740; x_wconf 78' lang='lat' dir='ltr'><strong>Cypriani</strong></span> 
     </span>
    </p>
   </div>
   <div class='ocr_carea' id='block_1_9' title="bbox 321 751 1921 830">
    <p class='ocr_par' dir='ltr' id='par_1_9' title="bbox 321 751 1921 830">
     <span class='ocr_line' id='line_1_9' title="bbox 321 751 1921 830; baseline 0.006 -23"><span class='ocrx_word' id='word_1_59' title='bbox 321 766 560 810; x_wconf 88' lang='lat' dir='ltr'><strong>sensum.</strong></span> <span class='ocrx_word' id='word_1_60' title='bbox 617 751 673 808; x_wconf 94' lang='lat' dir='ltr'><strong>In</strong></span> <span class='ocrx_word' id='word_1_61' title='bbox 721 755 840 824; x_wconf 86' lang='lat' dir='ltr'><strong>ejus</strong></span> <span class='ocrx_word' id='word_1_62' title='bbox 890 765 1065 812; x_wconf 93' lang='lat' dir='ltr'><strong>tamen</strong></span> <span class='ocrx_word' id='word_1_63' title='bbox 1097 766 1242 812; x_wconf 80' lang='lat' dir='ltr'><strong>textu</strong></span> <span class='ocrx_word' id='word_1_64' title='bbox 1277 758 1362 812; x_wconf 86' lang='lat' dir='ltr'><strong>illa</strong></span> <span class='ocrx_word' id='word_1_65' title='bbox 1405 759 1604 815; x_wconf 90' lang='lat' dir='ltr'><strong>idcirco</strong></span> <span class='ocrx_word' id='word_1_66' title='bbox 1658 762 1876 816; x_wconf 84' lang='lat' dir='ltr'><strong>retinuit</strong></span> <span class='ocrx_word' id='word_1_67' title='bbox 1905 804 1921 830; x_wconf 95' lang='lat'><strong>,</strong></span> 
     </span>
    </p>
   </div>
   <div class='ocr_carea' id='block_1_10' title="bbox 320 845 1920 920">
    <p class='ocr_par' dir='ltr' id='par_1_10' title="bbox 320 845 1920 920">
     <span class='ocr_line' id='line_1_10' title="bbox 320 845 1920 920; baseline 0.006 -21"><span class='ocrx_word' id='word_1_68' title='bbox 320 846 444 916; x_wconf 83' lang='lat' dir='ltr'><strong>quia</strong></span> <span class='ocrx_word' id='word_1_69' title='bbox 477 888 492 912; x_wconf 93' lang='lat'><strong>,</strong></span> <span class='ocrx_word' id='word_1_70' title='bbox 548 845 760 916; x_wconf 89' lang='lat' dir='ltr'><strong>inquit,</strong></span> <span class='ocrx_word' id='word_1_71' title='bbox 804 849 855 901; x_wconf 95' lang='lat' dir='ltr'><strong>in</strong></span> <span class='ocrx_word' id='word_1_72' title='bbox 904 847 1283 905; x_wconf 75' lang='lat' dir='ltr'><strong>Beneventano</strong></span> <span class='ocrx_word' id='word_1_73' title='bbox 1313 851 1498 906; x_wconf 91' lang='lat' dir='ltr'><strong>codice</strong></span> <span class='ocrx_word' id='word_1_74' title='bbox 1525 895 1539 917; x_wconf 86' lang='lat'><strong>,</strong></span> <span class='ocrx_word' id='word_1_75' title='bbox 1577 852 1878 908; x_wconf 80' lang='lat' dir='ltr'><strong>Veronensi</strong></span> <span class='ocrx_word' id='word_1_76' title='bbox 1905 896 1920 920; x_wconf 91' lang='lat'><strong>,</strong></span> 
     </span>
    </p>
   </div>
   <div class='ocr_carea' id='block_1_11' title="bbox 320 937 1923 1009">
    <p class='ocr_par' dir='ltr' id='par_1_11' title="bbox 320 937 1923 1009">
     <span class='ocr_line' id='line_1_11' title="bbox 320 937 1923 1009; baseline 0.005 -16"><span class='ocrx_word' id='word_1_77' title='bbox 320 953 428 993; x_wconf 89' lang='lat' dir='ltr'><strong>uno</strong></span> <span class='ocrx_word' id='word_1_78' title='bbox 457 937 647 993; x_wconf 91' lang='lat' dir='ltr'><strong>saltem</strong></span> <span class='ocrx_word' id='word_1_79' title='bbox 688 954 752 994; x_wconf 78' lang='lat' dir='ltr'><strong>ex</strong></span> <span class='ocrx_word' id='word_1_80' title='bbox 781 949 1010 1009; x_wconf 88' lang='lat' dir='ltr'><strong>quatuor</strong></span> <span class='ocrx_word' id='word_1_81' title='bbox 1045 940 1354 1009; x_wconf 81' lang='lat' dir='ltr'><strong>Vossianis,</strong></span> <span class='ocrx_word' id='word_1_82' title='bbox 1385 951 1441 998; x_wconf 91' lang='lat' dir='ltr'><strong>et</strong></span> <span class='ocrx_word' id='word_1_83' title='bbox 1485 943 1803 1000; x_wconf 88' lang='lat' dir='ltr'><strong>Corbeiensi</strong></span> <span class='ocrx_word' id='word_1_84' title='bbox 1845 945 1923 1001; x_wconf 87' lang='lat' dir='ltr'><strong>le-</strong></span> 
     </span>
    </p>
   </div>
   <div class='ocr_carea' id='block_1_12' title="bbox 320 1030 1923 1106">
    <p class='ocr_par' dir='ltr' id='par_1_12' title="bbox 320 1030 1923 1106">
     <span class='ocr_line' id='line_1_12' title="bbox 320 1030 1923 1106; baseline 0.006 -21"><span class='ocrx_word' id='word_1_85' title='bbox 320 1041 537 1103; x_wconf 89' lang='lat' dir='ltr'><strong>guntur.</strong></span> <span class='ocrx_word' id='word_1_86' title='bbox 583 1030 688 1088; x_wconf 86' lang='lat' dir='ltr'><strong>Sed</strong></span> <span class='ocrx_word' id='word_1_87' title='bbox 719 1033 844 1102; x_wconf 90' lang='lat' dir='ltr'><strong>quid</strong></span> <span class='ocrx_word' id='word_1_88' title='bbox 889 1031 959 1089; x_wconf 89' lang='lat' dir='ltr'><strong>de</strong></span> <span class='ocrx_word' id='word_1_89' title='bbox 988 1033 1157 1090; x_wconf 91' lang='lat' dir='ltr'><strong>tribus</strong></span> <span class='ocrx_word' id='word_1_90' title='bbox 1185 1035 1410 1104; x_wconf 87' lang='lat' dir='ltr'><strong>primis,</strong></span> <span class='ocrx_word' id='word_1_91' title='bbox 1439 1052 1573 1106; x_wconf 90' lang='lat' dir='ltr'><strong>quos</strong></span> <span class='ocrx_word' id='word_1_92' title='bbox 1604 1036 1778 1091; x_wconf 88' lang='lat' dir='ltr'><strong>aliena</strong></span> <span class='ocrx_word' id='word_1_93' title='bbox 1820 1037 1923 1094; x_wconf 86' lang='lat' dir='ltr'><strong>fide</strong></span> 
     </span>
    </p>
   </div>
   <div class='ocr_carea' id='block_1_13' title="bbox 323 1125 1922 1202">
    <p class='ocr_par' dir='ltr' id='par_1_13' title="bbox 323 1125 1922 1202">
     <span class='ocr_line' id='line_1_13' title="bbox 323 1125 1922 1202; baseline 0.001 -19"><span class='ocrx_word' id='word_1_94' title='bbox 323 1127 538 1194; x_wconf 90' lang='lat' dir='ltr'><strong>citavit,</strong></span> <span class='ocrx_word' id='word_1_95' title='bbox 568 1141 667 1182; x_wconf 90' lang='lat' dir='ltr'><strong>nec</strong></span> <span class='ocrx_word' id='word_1_96' title='bbox 691 1141 788 1180; x_wconf 90' lang='lat' dir='ltr'><strong>nos</strong></span> <span class='ocrx_word' id='word_1_97' title='bbox 817 1125 1044 1182; x_wconf 80' lang='lat' dir='ltr'><strong>vidimus</strong></span> <span class='ocrx_word' id='word_1_98' title='bbox 1066 1167 1082 1192; x_wconf 95' lang='lat'><strong>,</strong></span> <span class='ocrx_word' id='word_1_99' title='bbox 1106 1126 1392 1183; x_wconf 90' lang='lat' dir='ltr'><strong>dicendum</strong></span> <span class='ocrx_word' id='word_1_100' title='bbox 1416 1129 1484 1183; x_wconf 88' lang='lat' dir='ltr'><strong>sit</strong></span> <span class='ocrx_word' id='word_1_101' title='bbox 1509 1171 1524 1195; x_wconf 90' lang='lat'><strong>,</strong></span> <span class='ocrx_word' id='word_1_102' title='bbox 1549 1129 1678 1184; x_wconf 87' lang='lat' dir='ltr'><strong>nihil</strong></span> <span class='ocrx_word' id='word_1_103' title='bbox 1707 1130 1922 1202; x_wconf 87' lang='lat' dir='ltr'><strong>quidem</strong></span> 
     </span>
    </p>
   </div>
   <div class='ocr_carea' id='block_1_14' title="bbox 321 1218 1921 1290">
    <p class='ocr_par' dir='ltr' id='par_1_14' title="bbox 321 1218 1921 1290">
     <span class='ocr_line' id='line_1_14' title="bbox 321 1218 1921 1290; baseline 0.003 -16"><span class='ocrx_word' id='word_1_104' title='bbox 321 1221 462 1275; x_wconf 89' lang='lat' dir='ltr'><strong>seire</strong></span> <span class='ocrx_word' id='word_1_105' title='bbox 491 1218 780 1290; x_wconf 76' lang='lat' dir='ltr'><strong>potuimus.</strong></span> <span class='ocrx_word' id='word_1_106' title='bbox 829 1220 898 1273; x_wconf 84' lang='lat' dir='ltr'><strong>At</strong></span> <span class='ocrx_word' id='word_1_107' title='bbox 923 1219 1025 1275; x_wconf 91' lang='lat' dir='ltr'><strong>hoc</strong></span> <span class='ocrx_word' id='word_1_108' title='bbox 1055 1230 1202 1275; x_wconf 89' lang='lat' dir='ltr'><strong>certe</strong></span> <span class='ocrx_word' id='word_1_109' title='bbox 1244 1221 1448 1277; x_wconf 90' lang='lat' dir='ltr'><strong>scimus</strong></span> <span class='ocrx_word' id='word_1_110' title='bbox 1491 1221 1606 1278; x_wconf 66' lang='lat' dir='ltr'><strong>hzec</strong></span> <span class='ocrx_word' id='word_1_111' title='bbox 1633 1224 1826 1278; x_wconf 86' lang='lat' dir='ltr'><strong>-omnia</strong></span> <span class='ocrx_word' id='word_1_112' title='bbox 1870 1223 1921 1278; x_wconf 92' lang='lat' dir='ltr'><strong>in</strong></span> 
     </span>
    </p>
   </div>
   <div class='ocr_carea' id='block_1_15' title="bbox 321 1310 1924 1384">
    <p class='ocr_par' dir='ltr' id='par_1_15' title="bbox 321 1310 1924 1384">
     <span class='ocr_line' id='line_1_15' title="bbox 321 1310 1924 1384; baseline 0.002 -18"><span class='ocrx_word' id='word_1_113' title='bbox 321 1311 636 1368; x_wconf 90' lang='lat' dir='ltr'><strong>Corbeiensi</strong></span> <span class='ocrx_word' id='word_1_114' title='bbox 663 1352 678 1379; x_wconf 91' lang='lat'><strong>,</strong></span> <span class='ocrx_word' id='word_1_115' title='bbox 708 1311 819 1366; x_wconf 83' lang='lat' dir='ltr'><strong>sive</strong></span> <span class='ocrx_word' id='word_1_116' title='bbox 848 1310 1293 1382; x_wconf 85' lang='lat' dir='ltr'><strong>Sangermancusi</strong></span> <span class='ocrx_word' id='word_1_117' title='bbox 1312 1354 1326 1380; x_wconf 93' lang='lat'><strong>,</strong></span> <span class='ocrx_word' id='word_1_118' title='bbox 1361 1329 1516 1384; x_wconf 86' lang='lat' dir='ltr'><strong>quem</strong></span> <span class='ocrx_word' id='word_1_119' title='bbox 1545 1330 1652 1384; x_wconf 78' lang='lat' dir='ltr'><strong>pra:</strong></span> <span class='ocrx_word' id='word_1_120' title='bbox 1679 1315 1924 1370; x_wconf 77' lang='lat' dir='ltr'><strong>manilius</strong></span> 
     </span>
    </p>
   </div>
   <div class='ocr_carea' id='block_1_16' title="bbox 321 1403 1925 1476">
    <p class='ocr_par' dir='ltr' id='par_1_16' title="bbox 321 1403 1925 1476">
     <span class='ocr_line' id='line_1_16' title="bbox 321 1403 1925 1476; baseline 0.002 -16"><span class='ocrx_word' id='word_1_121' title='bbox 321 1404 605 1472; x_wconf 82' lang='lat' dir='ltr'><strong>habemus,</strong></span> <span class='ocrx_word' id='word_1_122' title='bbox 637 1421 742 1461; x_wconf 95' lang='lat' dir='ltr'><strong>nou</strong></span> <span class='ocrx_word' id='word_1_123' title='bbox 775 1403 1020 1475; x_wconf 87' lang='lat' dir='ltr'><strong>reperiri.</strong></span> <span class='ocrx_word' id='word_1_124' title='bbox 1051 1403 1240 1458; x_wconf 83' lang='lat' dir='ltr'><strong>Mirum</strong></span> <span class='ocrx_word' id='word_1_125' title='bbox 1282 1405 1462 1475; x_wconf 84' lang='lat' dir='ltr'><strong>itaque</strong></span> <span class='ocrx_word' id='word_1_126' title='bbox 1493 1405 1762 1476; x_wconf 83' lang='lat' dir='ltr'><strong>quomodo</strong></span> <span class='ocrx_word' id='word_1_127' title='bbox 1812 1408 1925 1463; x_wconf 68' lang='lat' dir='ltr'><strong>lucc</strong></span> 
     </span>
    </p>
   </div>
   <div class='ocr_carea' id='block_1_17' title="bbox 323 1496 1926 1572">
    <p class='ocr_par' dir='ltr' id='par_1_17' title="bbox 323 1496 1926 1572">
     <span class='ocr_line' id='line_1_17' title="bbox 323 1496 1926 1572; baseline 0 -18"><span class='ocrx_word' id='word_1_128' title='bbox 323 1513 426 1555; x_wconf 91' lang='lat' dir='ltr'><strong>nec</strong></span> <span class='ocrx_word' id='word_1_129' title='bbox 459 1514 627 1570; x_wconf 87' lang='lat' dir='ltr'><strong>pauca</strong></span> <span class='ocrx_word' id='word_1_130' title='bbox 653 1496 870 1569; x_wconf 90' lang='lat' dir='ltr'><strong>quidem</strong></span> <span class='ocrx_word' id='word_1_131' title='bbox 897 1499 1058 1553; x_wconf 90' lang='lat' dir='ltr'><strong>verba</strong></span> <span class='ocrx_word' id='word_1_132' title='bbox 1107 1497 1158 1552; x_wconf 91' lang='lat' dir='ltr'><strong>in</strong></span> <span class='ocrx_word' id='word_1_133' title='bbox 1194 1507 1270 1552; x_wconf 90' lang='lat' dir='ltr'><strong>tot</strong></span> <span class='ocrx_word' id='word_1_134' title='bbox 1315 1499 1620 1564; x_wconf 91' lang='lat' dir='ltr'><strong>codicibus,</strong></span> <span class='ocrx_word' id='word_1_135' title='bbox 1664 1501 1752 1572; x_wconf 90' lang='lat' dir='ltr'><strong>qui</strong></span> <span class='ocrx_word' id='word_1_136' title='bbox 1781 1501 1926 1556; x_wconf 85' lang='lat' dir='ltr'><strong>varia</strong></span> 
     </span>
    </p>
   </div>
   <div class='ocr_carea' id='block_1_18' title="bbox 323 1589 1926 1662">
    <p class='ocr_par' dir='ltr' id='par_1_18' title="bbox 323 1589 1926 1662">
     <span class='ocr_line' id='line_1_18' title="bbox 323 1589 1926 1662; baseline 0 -14"><span class='ocrx_word' id='word_1_137' title='bbox 323 1601 484 1648; x_wconf 71' lang='lat' dir='ltr'><strong>mtate</strong></span> <span class='ocrx_word' id='word_1_138' title='bbox 504 1632 520 1659; x_wconf 90' lang='lat'><strong>,</strong></span> <span class='ocrx_word' id='word_1_139' title='bbox 555 1602 609 1648; x_wconf 92' lang='lat' dir='ltr'><strong>et</strong></span> <span class='ocrx_word' id='word_1_140' title='bbox 646 1591 698 1645; x_wconf 93' lang='lat' dir='ltr'><strong>in</strong></span> <span class='ocrx_word' id='word_1_141' title='bbox 729 1589 956 1646; x_wconf 80' lang='lat' dir='ltr'><strong>diversis</strong></span> <span class='ocrx_word' id='word_1_142' title='bbox 985 1590 1293 1661; x_wconf 82' lang='lat' dir='ltr'><strong>regionibus</strong></span> <span class='ocrx_word' id='word_1_143' title='bbox 1323 1591 1506 1662; x_wconf 84' lang='lat' dir='ltr'><strong>scripti</strong></span> <span class='ocrx_word' id='word_1_144' title='bbox 1533 1602 1658 1647; x_wconf 87' lang='lat' dir='ltr'><strong>sunt</strong></span> <span class='ocrx_word' id='word_1_145' title='bbox 1686 1632 1702 1656; x_wconf 86' lang='lat'><strong>,</strong></span> <span class='ocrx_word' id='word_1_146' title='bbox 1752 1593 1926 1648; x_wconf 92' lang='lat' dir='ltr'><strong>omitti</strong></span> 
     </span>
    </p>
   </div>
   <div class='ocr_carea' id='block_1_19' title="bbox 2026 387 3625 462">
    <p class='ocr_par' dir='ltr' id='par_1_19' title="bbox 2026 387 3625 462">
     <span class='ocr_line' id='line_1_19' title="bbox 2026 387 3625 462; baseline -0.004 -16"><span class='ocrx_word' id='word_1_147' title='bbox 2026 392 2188 462; x_wconf 91' lang='lat' dir='ltr'><strong>nique</strong></span> <span class='ocrx_word' id='word_1_148' title='bbox 2232 392 2532 461; x_wconf 83' lang='lat' dir='ltr'><strong>Cyprianus</strong></span> <span class='ocrx_word' id='word_1_149' title='bbox 2565 389 2801 444; x_wconf 90' lang='lat' dir='ltr'><strong>ostendit</strong></span> <span class='ocrx_word' id='word_1_150' title='bbox 2831 403 2929 444; x_wconf 90' lang='lat' dir='ltr'><strong>nec</strong></span> <span class='ocrx_word' id='word_1_151' title='bbox 2959 387 3141 441; x_wconf 91' lang='lat' dir='ltr'><strong>datum</strong></span> <span class='ocrx_word' id='word_1_152' title='bbox 3171 387 3432 441; x_wconf 80' lang='lat' dir='ltr'><strong>Romanis</strong></span> <span class='ocrx_word' id='word_1_153' title='bbox 3462 428 3475 450; x_wconf 90' lang='lat'><strong>,</strong></span> <span class='ocrx_word' id='word_1_154' title='bbox 3525 402 3625 440; x_wconf 89' lang='lat' dir='ltr'><strong>nec</strong></span> 
     </span>
    </p>
   </div>
   <div class='ocr_carea' id='block_1_20' title="bbox 2026 477 3628 553">
    <p class='ocr_par' dir='ltr' id='par_1_20' title="bbox 2026 477 3628 553">
     <span class='ocr_line' id='line_1_20' title="bbox 2026 477 3628 553; baseline -0.003 -16"><span class='ocrx_word' id='word_1_155' title='bbox 2026 493 2242 538; x_wconf 82' lang='lat' dir='ltr'><strong>auctum</strong></span> <span class='ocrx_word' id='word_1_156' title='bbox 2289 483 2570 553; x_wconf 89' lang='lat' dir='ltr'><strong>imperium</strong></span> <span class='ocrx_word' id='word_1_157' title='bbox 2625 491 2843 552; x_wconf 88' lang='lat' dir='ltr'><strong>propter</strong></span> <span class='ocrx_word' id='word_1_158' title='bbox 2875 482 3085 535; x_wconf 90' lang='lat' dir='ltr'><strong>illorum</strong></span> <span class='ocrx_word' id='word_1_159' title='bbox 3139 479 3188 534; x_wconf 94' lang='lat' dir='ltr'><strong>in</strong></span> <span class='ocrx_word' id='word_1_160' title='bbox 3237 477 3452 535; x_wconf 87' lang='lat' dir='ltr'><strong>fictitios</strong></span> <span class='ocrx_word' id='word_1_161' title='bbox 3495 478 3628 534; x_wconf 88' lang='lat' dir='ltr'><strong>deos</strong></span> 
     </span>
    </p>
   </div>
   <div class='ocr_carea' id='block_1_21' title="bbox 2024 573 3628 646">
    <p class='ocr_par' dir='ltr' id='par_1_21' title="bbox 2024 573 3628 646">
     <span class='ocr_line' id='line_1_21' title="bbox 2024 573 3628 646; baseline -0.003 -14"><span class='ocrx_word' id='word_1_162' title='bbox 2024 591 2152 632; x_wconf 90' lang='lat' dir='ltr'><strong>suos</strong></span> <span class='ocrx_word' id='word_1_163' title='bbox 2194 576 2466 646; x_wconf 88' lang='lat' dir='ltr'><strong>pietatem.</strong></span> <span class='ocrx_word' id='word_1_164' title='bbox 2521 593 2540 626; x_wconf 70' lang='grc' dir='ltr'><strong>ι</strong></span> <span class='ocrx_word' id='word_1_165' title='bbox 2581 575 2790 630; x_wconf 83' lang='lat' dir='ltr'><strong>Etenim</strong></span> <span class='ocrx_word' id='word_1_166' title='bbox 2833 573 3170 629; x_wconf 81' lang='lat' dir='ltr'><strong>consulatum</strong></span> <span class='ocrx_word' id='word_1_167' title='bbox 3203 613 3217 637; x_wconf 93' lang='lat'><strong>,</strong></span> <span class='ocrx_word' id='word_1_168' title='bbox 3261 573 3480 642; x_wconf 90' lang='lat' dir='ltr'><strong>inquit,</strong></span> <span class='ocrx_word' id='word_1_169' title='bbox 3533 587 3628 627; x_wconf 83' lang='lat' dir='ltr'><strong>ce-</strong></span> 
     </span>
    </p>
   </div>
   <div class='ocr_carea' id='block_1_22' title="bbox 2026 664 3623 736">
    <p class='ocr_par' dir='ltr' id='par_1_22' title="bbox 2026 664 3623 736">
     <span class='ocr_line' id='line_1_22' title="bbox 2026 664 3623 736; baseline 0 -18"><span class='ocrx_word' id='word_1_170' title='bbox 2026 667 2168 736; x_wconf 90' lang='lat' dir='ltr'><strong>pisse</strong></span> <span class='ocrx_word' id='word_1_171' title='bbox 2224 665 2466 721; x_wconf 86' lang='lat' dir='ltr'><strong>videmus</strong></span> <span class='ocrx_word' id='word_1_172' title='bbox 2487 708 2501 730; x_wconf 93' lang='lat'><strong>,</strong></span> <span class='ocrx_word' id='word_1_173' title='bbox 2548 675 2605 720; x_wconf 88' lang='lat' dir='ltr'><strong>ut</strong></span> <span class='ocrx_word' id='word_1_174' title='bbox 2639 681 2884 735; x_wconf 82' lang='lat' dir='ltr'><strong>regnum.</strong></span> <span class='ocrx_word' id='word_1_175' title='bbox 2918 665 3080 719; x_wconf 80' lang='lat' dir='ltr'><strong>Filios</strong></span> <span class='ocrx_word' id='word_1_176' title='bbox 3112 664 3364 719; x_wconf 86' lang='lat' dir='ltr'><strong>interficit</strong></span> <span class='ocrx_word' id='word_1_177' title='bbox 3393 664 3623 731; x_wconf 87' lang='lat' dir='ltr'><strong>Brutus,</strong></span> 
     </span>
    </p>
   </div>
   <div class='ocr_carea' id='block_1_23' title="bbox 2026 755 3628 827">
    <p class='ocr_par' dir='ltr' id='par_1_23' title="bbox 2026 755 3628 827">
     <span class='ocr_line' id='line_1_23' title="bbox 2026 755 3628 827; baseline -0.001 -15"><span class='ocrx_word' id='word_1_178' title='bbox 2026 769 2083 812; x_wconf 89' lang='lat' dir='ltr'><strong>ut</strong></span> <span class='ocrx_word' id='word_1_179' title='bbox 2112 767 2320 813; x_wconf 86' lang='lat' dir='ltr'><strong>crescat</strong></span> <span class='ocrx_word' id='word_1_180' title='bbox 2349 757 2414 812; x_wconf 90' lang='lat' dir='ltr'><strong>de</strong></span> <span class='ocrx_word' id='word_1_181' title='bbox 2450 755 2704 827; x_wconf 75' lang='lat' dir='ltr'><strong>suifragio</strong></span> <span class='ocrx_word' id='word_1_182' title='bbox 2753 756 2975 812; x_wconf 87' lang='lat' dir='ltr'><strong>sceleris</strong></span> <span class='ocrx_word' id='word_1_183' title='bbox 3004 755 3403 811; x_wconf 87' lang='lat' dir='ltr'><strong>commendatio</strong></span> <span class='ocrx_word' id='word_1_184' title='bbox 3449 755 3628 825; x_wconf 85' lang='lat' dir='ltr'><strong>digni-</strong></span> 
     </span>
    </p>
   </div>
   <div class='ocr_carea' id='block_1_24' title="bbox 2029 849 3632 924">
    <p class='ocr_par' dir='ltr' id='par_1_24' title="bbox 2029 849 3632 924">
     <span class='ocr_line' id='line_1_24' title="bbox 2029 849 3632 924; baseline 0 -19"><span class='ocrx_word' id='word_1_185' title='bbox 2029 853 2169 907; x_wconf 91' lang='lat' dir='ltr'><strong>tatis.</strong></span> <span class='ocrx_word' id='word_1_186' title='bbox 2213 871 2231 904; x_wconf 75' lang='grc' dir='ltr'><strong>ι</strong></span> <span class='ocrx_word' id='word_1_187' title='bbox 2306 851 2594 924; x_wconf 76' lang='lat' dir='ltr'><strong>(Lypr.de</strong></span> <span class='ocrx_word' id='word_1_188' title='bbox 2643 851 2771 904; x_wconf 85' lang='lat' dir='ltr'><strong>idol.</strong></span> <span class='ocrx_word' id='word_1_189' title='bbox 2835 850 2960 904; x_wconf 83' lang='lat' dir='ltr'><strong>Van.</strong></span> <span class='ocrx_word' id='word_1_190' title='bbox 3008 867 3126 921; x_wconf 88' lang='lat' dir='ltr'><strong>pag.</strong></span> <span class='ocrx_word' id='word_1_191' title='bbox 3186 850 3310 920; x_wconf 75' lang='grc'><strong>15.)</strong></span> <span class='ocrx_word' id='word_1_192' title='bbox 3372 849 3632 905; x_wconf 88' lang='lat' dir='ltr'><strong>Omnibus</strong></span> 
     </span>
    </p>
   </div>
   <div class='ocr_carea' id='block_1_25' title="bbox 2026 941 3625 1013">
    <p class='ocr_par' dir='ltr' id='par_1_25' title="bbox 2026 941 3625 1013">
     <span class='ocr_line' id='line_1_25' title="bbox 2026 941 3625 1013; baseline -0.001 -16"><span class='ocrx_word' id='word_1_193' title='bbox 2026 953 2204 998; x_wconf 88' lang='lat' dir='ltr'><strong>autem</strong></span> <span class='ocrx_word' id='word_1_194' title='bbox 2244 955 2368 999; x_wconf 92' lang='lat' dir='ltr'><strong>nota</strong></span> <span class='ocrx_word' id='word_1_195' title='bbox 2411 953 2493 1000; x_wconf 90' lang='lat' dir='ltr'><strong>est</strong></span> <span class='ocrx_word' id='word_1_196' title='bbox 2533 943 2752 998; x_wconf 83' lang='lat' dir='ltr'><strong>historia</strong></span> <span class='ocrx_word' id='word_1_197' title='bbox 2808 943 3083 1012; x_wconf 85' lang='lat' dir='ltr'><strong>Tarquinii</strong></span> <span class='ocrx_word' id='word_1_198' title='bbox 3131 941 3360 1012; x_wconf 90' lang='lat' dir='ltr'><strong>Superbi</strong></span> <span class='ocrx_word' id='word_1_199' title='bbox 3393 985 3408 1009; x_wconf 92' lang='lat'><strong>,</strong></span> <span class='ocrx_word' id='word_1_200' title='bbox 3452 944 3540 1013; x_wconf 88' lang='lat' dir='ltr'><strong>qui</strong></span> <span class='ocrx_word' id='word_1_201' title='bbox 3595 957 3625 997; x_wconf 91' lang='lat' dir='ltr'><strong>a</strong></span> 
     </span>
    </p>
   </div>
   <div class='ocr_carea' id='block_1_26' title="bbox 2027 1034 3625 1108">
    <p class='ocr_par' dir='ltr' id='par_1_26' title="bbox 2027 1034 3625 1108">
     <span class='ocr_line' id='line_1_26' title="bbox 2027 1034 3625 1108; baseline -0.001 -18"><span class='ocrx_word' id='word_1_202' title='bbox 2027 1036 2282 1091; x_wconf 81' lang='lat' dir='ltr'><strong>Romanis</strong></span> <span class='ocrx_word' id='word_1_203' title='bbox 2313 1051 2480 1108; x_wconf 86' lang='lat' dir='ltr'><strong>regno</strong></span> <span class='ocrx_word' id='word_1_204' title='bbox 2507 1036 2694 1108; x_wconf 81' lang='lat' dir='ltr'><strong>pulsus</strong></span> <span class='ocrx_word' id='word_1_205' title='bbox 2719 1035 2833 1088; x_wconf 89' lang='lat' dir='ltr'><strong>fuit.</strong></span> <span class='ocrx_word' id='word_1_206' title='bbox 2882 1034 3234 1100; x_wconf 56' lang='lat' dir='ltr'><strong>Brutusyero</strong></span> <span class='ocrx_word' id='word_1_207' title='bbox 3265 1034 3470 1103; x_wconf 85' lang='lat' dir='ltr'><strong>primus</strong></span> <span class='ocrx_word' id='word_1_208' title='bbox 3498 1049 3625 1102; x_wconf 92' lang='lat' dir='ltr'><strong>pos-</strong></span> 
     </span>
    </p>
   </div>
   <div class='ocr_carea' id='block_1_27' title="bbox 2029 1126 3624 1198">
    <p class='ocr_par' dir='ltr' id='par_1_27' title="bbox 2029 1126 3624 1198">
     <span class='ocr_line' id='line_1_27' title="bbox 2029 1126 3624 1198; baseline 0 -16"><span class='ocrx_word' id='word_1_209' title='bbox 2029 1138 2112 1184; x_wconf 90' lang='lat' dir='ltr'><strong>tea</strong></span> <span class='ocrx_word' id='word_1_210' title='bbox 2134 1129 2322 1184; x_wconf 90' lang='lat' dir='ltr'><strong>consul</strong></span> <span class='ocrx_word' id='word_1_211' title='bbox 2373 1129 2512 1184; x_wconf 84' lang='lat' dir='ltr'><strong>filios</strong></span> <span class='ocrx_word' id='word_1_212' title='bbox 2553 1143 2680 1184; x_wconf 90' lang='lat' dir='ltr'><strong>suos</strong></span> <span class='ocrx_word' id='word_1_213' title='bbox 2702 1170 2716 1192; x_wconf 92' lang='lat'><strong>,</strong></span> <span class='ocrx_word' id='word_1_214' title='bbox 2771 1129 3060 1198; x_wconf 77' lang='lat' dir='ltr'><strong>uxorisque</strong></span> <span class='ocrx_word' id='word_1_215' title='bbox 3098 1143 3209 1181; x_wconf 82' lang='lat' dir='ltr'><strong>suae</strong></span> <span class='ocrx_word' id='word_1_216' title='bbox 3240 1126 3432 1182; x_wconf 79' lang='lat' dir='ltr'><strong>fratres</strong></span> <span class='ocrx_word' id='word_1_217' title='bbox 3461 1127 3624 1198; x_wconf 86' lang='lat' dir='ltr'><strong>virgis</strong></span> 
     </span>
    </p>
   </div>
   <div class='ocr_carea' id='block_1_28' title="bbox 2027 1219 3628 1293">
    <p class='ocr_par' dir='ltr' id='par_1_28' title="bbox 2027 1219 3628 1293">
     <span class='ocr_line' id='line_1_28' title="bbox 2027 1219 3628 1293; baseline -0.001 -19"><span class='ocrx_word' id='word_1_218' title='bbox 2027 1221 2158 1275; x_wconf 73' lang='grc' dir='ltr'><strong>οωύί</strong></span> <span class='ocrx_word' id='word_1_219' title='bbox 2188 1263 2202 1286; x_wconf 86' lang='grc'><em>,</em></span> <span class='ocrx_word' id='word_1_220' title='bbox 2232 1231 2284 1276; x_wconf 90' lang='lat' dir='ltr'><strong>et</strong></span> <span class='ocrx_word' id='word_1_221' title='bbox 2306 1221 2465 1293; x_wconf 88' lang='lat' dir='ltr'><strong>plecti</strong></span> <span class='ocrx_word' id='word_1_222' title='bbox 2492 1221 2664 1290; x_wconf 88' lang='lat' dir='ltr'><strong>capite</strong></span> <span class='ocrx_word' id='word_1_223' title='bbox 2697 1231 2976 1288; x_wconf 89' lang='lat' dir='ltr'><strong>pr0pterea</strong></span> <span class='ocrx_word' id='word_1_224' title='bbox 3015 1221 3204 1290; x_wconf 89' lang='lat' dir='ltr'><strong>jussit,</strong></span> <span class='ocrx_word' id='word_1_225' title='bbox 3237 1220 3360 1289; x_wconf 89' lang='lat' dir='ltr'><strong>quia</strong></span> <span class='ocrx_word' id='word_1_226' title='bbox 3393 1219 3459 1273; x_wconf 91' lang='lat' dir='ltr'><strong>de</strong></span> <span class='ocrx_word' id='word_1_227' title='bbox 3491 1219 3628 1273; x_wconf 68' lang='lat' dir='ltr'><strong>Taro</strong></span> 
     </span>
    </p>
   </div>
   <div class='ocr_carea' id='block_1_29' title="bbox 2028 1310 3626 1382">
    <p class='ocr_par' dir='ltr' id='par_1_29' title="bbox 2028 1310 3626 1382">
     <span class='ocr_line' id='line_1_29' title="bbox 2028 1310 3626 1382; baseline 0.001 -17"><span class='ocrx_word' id='word_1_228' title='bbox 2028 1312 2211 1382; x_wconf 90' lang='lat' dir='ltr'><strong>quinio</strong></span> <span class='ocrx_word' id='word_1_229' title='bbox 2257 1312 2566 1368; x_wconf 89' lang='lat' dir='ltr'><strong>reducendo</strong></span> <span class='ocrx_word' id='word_1_230' title='bbox 2611 1327 2731 1367; x_wconf 92' lang='lat' dir='ltr'><strong>cum</strong></span> <span class='ocrx_word' id='word_1_231' title='bbox 2785 1311 2906 1366; x_wconf 90' lang='lat' dir='ltr'><strong>aliis</strong></span> <span class='ocrx_word' id='word_1_232' title='bbox 2935 1311 3369 1382; x_wconf 71' lang='lat' dir='ltr'><strong>coniuraverant.</strong></span> <span class='ocrx_word' id='word_1_233' title='bbox 3411 1310 3626 1367; x_wconf 89' lang='lat' dir='ltr'><strong>Testem</strong></span> 
     </span>
    </p>
   </div>
   <div class='ocr_carea' id='block_1_30' title="bbox 2028 1404 3630 1476">
    <p class='ocr_par' dir='ltr' id='par_1_30' title="bbox 2028 1404 3630 1476">
     <span class='ocr_line' id='line_1_30' title="bbox 2028 1404 3630 1476; baseline -0.001 -15"><span class='ocrx_word' id='word_1_234' title='bbox 2028 1421 2090 1461; x_wconf 93' lang='lat' dir='ltr'><strong>ca</strong></span> <span class='ocrx_word' id='word_1_235' title='bbox 2118 1405 2185 1460; x_wconf 92' lang='lat' dir='ltr'><strong>de</strong></span> <span class='ocrx_word' id='word_1_236' title='bbox 2213 1421 2268 1461; x_wconf 94' lang='lat' dir='ltr'><strong>re</strong></span> <span class='ocrx_word' id='word_1_237' title='bbox 2296 1407 2338 1460; x_wconf 93' lang='lat' dir='ltr'><strong>si</strong></span> <span class='ocrx_word' id='word_1_238' title='bbox 2371 1422 2527 1476; x_wconf 91' lang='lat' dir='ltr'><strong>quem</strong></span> <span class='ocrx_word' id='word_1_239' title='bbox 2552 1405 2828 1461; x_wconf 88' lang='lat' dir='ltr'><strong>desideras</strong></span> <span class='ocrx_word' id='word_1_240' title='bbox 2847 1446 2860 1470; x_wconf 92' lang='lat'><strong>,</strong></span> <span class='ocrx_word' id='word_1_241' title='bbox 2887 1405 3106 1459; x_wconf 90' lang='lat' dir='ltr'><strong>citatum</strong></span> <span class='ocrx_word' id='word_1_242' title='bbox 3135 1404 3300 1460; x_wconf 89' lang='lat' dir='ltr'><strong>habes</strong></span> <span class='ocrx_word' id='word_1_243' title='bbox 3331 1404 3398 1458; x_wconf 93' lang='lat' dir='ltr'><strong>ab</strong></span> <span class='ocrx_word' id='word_1_244' title='bbox 3423 1404 3630 1474; x_wconf 85' lang='lat' dir='ltr'><strong>Augus-</strong></span> 
     </span>
    </p>
   </div>
   <div class='ocr_carea' id='block_1_31' title="bbox 2031 1497 3282 1570">
    <p class='ocr_par' dir='ltr' id='par_1_31' title="bbox 2031 1497 3282 1570">
     <span class='ocr_line' id='line_1_31' title="bbox 2031 1497 3282 1570; baseline -0.001 -18"><span class='ocrx_word' id='word_1_245' title='bbox 2031 1499 2142 1554; x_wconf 94' lang='lat' dir='ltr'><strong>tino</strong></span> <span class='ocrx_word' id='word_1_246' title='bbox 2167 1497 2442 1570; x_wconf 79' lang='lat' dir='ltr'><strong>Virgilium</strong></span> <span class='ocrx_word' id='word_1_247' title='bbox 2470 1541 2482 1564; x_wconf 94' lang='lat'><strong>,</strong></span> <span class='ocrx_word' id='word_1_248' title='bbox 2515 1500 2670 1568; x_wconf 91' lang='lat' dir='ltr'><strong>cujus</strong></span> <span class='ocrx_word' id='word_1_249' title='bbox 2694 1498 2810 1554; x_wconf 61' lang='lat' dir='ltr'><strong>haec</strong></span> <span class='ocrx_word' id='word_1_250' title='bbox 2843 1507 2969 1553; x_wconf 90' lang='lat' dir='ltr'><strong>sunt</strong></span> <span class='ocrx_word' id='word_1_251' title='bbox 2997 1500 3234 1553; x_wconf 79' lang='lat' dir='ltr'><strong>carmina</strong></span> <span class='ocrx_word' id='word_1_252' title='bbox 3268 1516 3282 1552; x_wconf 92' lang='lat'><strong>:</strong></span> 
     </span>
    </p>
   </div>
   <div class='ocr_carea' id='block_1_32' title="bbox 2093 1631 3378 1697">
    <p class='ocr_par' dir='ltr' id='par_1_32' title="bbox 2093 1631 3378 1697">
     <span class='ocr_line' id='line_1_32' title="bbox 2093 1631 3378 1697; baseline 0.002 -16"><span class='ocrx_word' id='word_1_253' title='bbox 2093 1631 2180 1697; x_wconf 61' lang='lat' dir='ltr'><strong>)fis</strong></span> <span class='ocrx_word' id='word_1_254' title='bbox 2203 1640 2255 1682; x_wconf 92' lang='lat' dir='ltr'><strong>et</strong></span> <span class='ocrx_word' id='word_1_255' title='bbox 2276 1632 2570 1697; x_wconf 55' lang='lat' dir='ltr'><strong>Tarquinios</strong></span> <span class='ocrx_word' id='word_1_256' title='bbox 2591 1645 2762 1695; x_wconf 81' lang='lat' dir='ltr'><strong>reges,</strong></span> <span class='ocrx_word' id='word_1_257' title='bbox 2782 1634 3090 1697; x_wconf 81' lang='lat' dir='ltr'><strong>animamque</strong></span> <span class='ocrx_word' id='word_1_258' title='bbox 3113 1636 3378 1697; x_wconf 84' lang='lat' dir='ltr'><strong>superbam</strong></span> 
     </span>
    </p>
   </div>
   <div class='ocr_carea' id='block_1_33' title="bbox 325 1681 3228 1768">
    <p class='ocr_par' dir='ltr' id='par_1_33' title="bbox 325 1681 3228 1768">
     <span class='ocr_line' id='line_1_33' title="bbox 325 1681 3228 1768; baseline 0.002 -30"><span class='ocrx_word' id='word_1_259' title='bbox 325 1685 617 1756; x_wconf 86' lang='lat' dir='ltr'><strong>potuerint.</strong></span> <span class='ocrx_word' id='word_1_260' title='bbox 681 1681 868 1737; x_wconf 85' lang='lat' dir='ltr'><strong>Nonne</strong></span> <span class='ocrx_word' id='word_1_261' title='bbox 885 1698 1024 1768; x_wconf 52' lang='lat' dir='ltr'><strong>Iergo</strong></span> <span class='ocrx_word' id='word_1_262' title='bbox 1053 1682 1169 1737; x_wconf 57' lang='lat' dir='ltr'><strong>hac</strong></span> <span class='ocrx_word' id='word_1_263' title='bbox 1208 1698 1398 1754; x_wconf 90' lang='lat' dir='ltr'><strong>purum</strong></span> <span class='ocrx_word' id='word_1_264' title='bbox 1445 1694 1736 1755; x_wconf 89' lang='lat' dir='ltr'><strong>putttmquc</strong></span> <span class='ocrx_word' id='word_1_265' title='bbox 1775 1685 1924 1740; x_wconf 86' lang='lat' dir='ltr'><strong>addi-</strong></span> <span class='ocrx_word' id='word_1_266' title='bbox 1952 1693 2000 1752; x_wconf 79' lang='grc' dir='ltr'><strong>Β</strong></span> <span class='ocrx_word' id='word_1_267' title='bbox 2093 1681 2458 1768; x_wconf 41' lang='lat' dir='ltr'><strong>pacisci-du,</strong></span> <span class='ocrx_word' id='word_1_268' title='bbox 2483 1681 2932 1768; x_wconf 48' lang='lat' dir='ltr'><strong>fascesi‘fue&#39;videre</strong></span> <span class='ocrx_word' id='word_1_269' title='bbox 2958 1681 3228 1758; x_wconf 60' lang='lat' dir='ltr'><strong>receptos?</strong></span> 
     </span>
    </p>
   </div>
   <div class='ocr_carea' id='block_1_34' title="bbox 325 1775 1926 1845">
    <p class='ocr_par' dir='ltr' id='par_1_34' title="bbox 325 1775 1926 1845">
     <span class='ocr_line' id='line_1_34' title="bbox 325 1775 1926 1845; baseline 0 -13"><span class='ocrx_word' id='word_1_270' title='bbox 325 1787 622 1832; x_wconf 89' lang='lat' dir='ltr'><strong>tanientum</strong></span> <span class='ocrx_word' id='word_1_271' title='bbox 670 1775 802 1830; x_wconf 83' lang='lat' dir='ltr'><strong>satis</strong></span> <span class='ocrx_word' id='word_1_272' title='bbox 861 1775 1155 1830; x_wconf 82' lang='lat' dir='ltr'><strong>redolent?</strong></span> <span class='ocrx_word' id='word_1_273' title='bbox 1215 1775 1321 1831; x_wconf 90' lang='lat' dir='ltr'><strong>Sed</strong></span> <span class='ocrx_word' id='word_1_274' title='bbox 1380 1775 1539 1845; x_wconf 86' lang='lat' dir='ltr'><strong>hujus</strong></span> <span class='ocrx_word' id='word_1_275' title='bbox 1593 1775 1926 1832; x_wconf 85' lang='lat' dir='ltr'><strong>difficultatis</strong></span> 
     </span>
    </p>
   </div>
   <div class='ocr_carea' id='block_1_35' title="bbox 326 1852 1928 1938">
    <p class='ocr_par' dir='ltr' id='par_1_35' title="bbox 326 1852 1928 1938">
     <span class='ocr_line' id='line_1_35' title="bbox 326 1852 1928 1938; baseline -0.002 -12"><span class='ocrx_word' id='word_1_276' title='bbox 326 1871 525 1926; x_wconf 89' lang='lat' dir='ltr'><strong>nodum</strong></span> <span class='ocrx_word' id='word_1_277' title='bbox 565 1869 718 1924; x_wconf 91' lang='lat' dir='ltr'><strong>solita</strong></span> <span class='ocrx_word' id='word_1_278' title='bbox 759 1882 852 1922; x_wconf 90' lang='lat' dir='ltr'><strong>sua</strong></span> <span class='ocrx_word' id='word_1_279' title='bbox 907 1868 1198 1938; x_wconf 77' lang='lat' dir='ltr'><strong>sagacitate</strong></span> <span class='ocrx_word' id='word_1_280' title='bbox 1240 1852 1412 1924; x_wconf 90' lang='lat' dir='ltr'><strong>solvet</strong></span> <span class='ocrx_word' id='word_1_281' title='bbox 1443 1867 1584 1922; x_wconf 90' lang='lat' dir='ltr'><strong>haud</strong></span> <span class='ocrx_word' id='word_1_282' title='bbox 1613 1867 1774 1923; x_wconf 89' lang='lat' dir='ltr'><strong>dubie</strong></span> <span class='ocrx_word' id='word_1_283' title='bbox 1817 1867 1928 1924; x_wconf 80' lang='lat' dir='ltr'><strong>cla-</strong></span> 
     </span>
    </p>
   </div>
   <div class='ocr_carea' id='block_1_36' title="bbox 325 1959 1925 2032">
    <p class='ocr_par' dir='ltr' id='par_1_36' title="bbox 325 1959 1925 2032">
     <span class='ocr_line' id='line_1_36' title="bbox 325 1959 1925 2032; baseline -0.001 -14"><span class='ocrx_word' id='word_1_284' title='bbox 325 1962 572 2018; x_wconf 71' lang='lat' dir='ltr'><strong>tissimus</strong></span> <span class='ocrx_word' id='word_1_285' title='bbox 607 1961 689 2016; x_wconf 88' lang='lat' dir='ltr'><strong>vir</strong></span> <span class='ocrx_word' id='word_1_286' title='bbox 716 1960 1022 2032; x_wconf 87' lang='lat' dir='ltr'><strong>Stephanus</strong></span> <span class='ocrx_word' id='word_1_287' title='bbox 1051 1959 1301 2015; x_wconf 84' lang='lat' dir='ltr'><strong>Baluzius</strong></span> <span class='ocrx_word' id='word_1_288' title='bbox 1326 2003 1341 2029; x_wconf 94' lang='lat'><strong>,</strong></span> <span class='ocrx_word' id='word_1_289' title='bbox 1372 1965 1459 2031; x_wconf 91' lang='lat' dir='ltr'><strong>qui</strong></span> <span class='ocrx_word' id='word_1_290' title='bbox 1491 1971 1568 2015; x_wconf 89' lang='lat' dir='ltr'><strong>tot</strong></span> <span class='ocrx_word' id='word_1_291' title='bbox 1597 2003 1612 2028; x_wconf 90' lang='lat'><strong>,</strong></span> <span class='ocrx_word' id='word_1_292' title='bbox 1645 1960 1800 2016; x_wconf 91' lang='lat' dir='ltr'><strong>sicuti</strong></span> <span class='ocrx_word' id='word_1_293' title='bbox 1841 1961 1925 2016; x_wconf 87' lang='lat' dir='ltr'><strong>di-</strong></span> 
     </span>
    </p>
   </div>
   <div class='ocr_carea' id='block_1_37' title="bbox 293 2053 1927 2125">
    <p class='ocr_par' dir='ltr' id='par_1_37' title="bbox 293 2053 1927 2125">
     <span class='ocr_line' id='line_1_37' title="bbox 293 2053 1927 2125; baseline 0 -14"><span class='ocrx_word' id='word_1_294' title='bbox 293 2085 295 2087; x_wconf 60' lang='grc' dir='ltr'><strong>ι</strong></span> <span class='ocrx_word' id='word_1_295' title='bbox 325 2057 502 2111; x_wconf 79' lang='lat' dir='ltr'><strong>ximus</strong></span> <span class='ocrx_word' id='word_1_296' title='bbox 527 2097 541 2121; x_wconf 92' lang='lat'><strong>,</strong></span> <span class='ocrx_word' id='word_1_297' title='bbox 574 2055 844 2112; x_wconf 91' lang='lat' dir='ltr'><strong>consuluit</strong></span> <span class='ocrx_word' id='word_1_298' title='bbox 871 2053 1269 2123; x_wconf 88' lang='lat' dir='ltr'><strong>manuscriptos</strong></span> <span class='ocrx_word' id='word_1_299' title='bbox 1293 2055 1510 2109; x_wconf 81' lang='lat' dir='ltr'><strong>codices</strong></span> <span class='ocrx_word' id='word_1_300' title='bbox 1529 2097 1542 2121; x_wconf 97' lang='lat'><strong>,</strong></span> <span class='ocrx_word' id='word_1_301' title='bbox 1577 2071 1713 2125; x_wconf 89' lang='lat' dir='ltr'><strong>quos</strong></span> <span class='ocrx_word' id='word_1_302' title='bbox 1743 2053 1927 2110; x_wconf 86' lang='lat' dir='ltr'><strong>videre</strong></span> 
     </span>
    </p>
   </div>
   <div class='ocr_carea' id='block_1_38' title="bbox 328 2149 822 2205">
    <p class='ocr_par' dir='ltr' id='par_1_38' title="bbox 328 2149 822 2205">
     <span class='ocr_line' id='line_1_38' title="bbox 328 2149 822 2205; baseline -0.002 0"><span class='ocrx_word' id='word_1_303' title='bbox 328 2149 484 2205; x_wconf 86' lang='lat' dir='ltr'><strong>nobis</strong></span> <span class='ocrx_word' id='word_1_304' title='bbox 515 2165 621 2204; x_wconf 93' lang='lat' dir='ltr'><strong>nou</strong></span> <span class='ocrx_word' id='word_1_305' title='bbox 652 2149 822 2204; x_wconf 89' lang='lat' dir='ltr'><strong>licuit.</strong></span> 
     </span>
    </p>
   </div>
   <div class='ocr_carea' id='block_1_39' title="bbox 397 2243 1927 2316">
    <p class='ocr_par' dir='ltr' id='par_1_39' title="bbox 397 2243 1927 2316">
     <span class='ocr_line' id='line_1_39' title="bbox 397 2243 1927 2316; baseline 0.001 -19"><span class='ocrx_word' id='word_1_306' title='bbox 397 2243 596 2299; x_wconf 85' lang='lat' dir='ltr'><strong>Verum</strong></span> <span class='ocrx_word' id='word_1_307' title='bbox 621 2243 864 2314; x_wconf 89' lang='lat' dir='ltr'><strong>quamvis</strong></span> <span class='ocrx_word' id='word_1_308' title='bbox 896 2243 1011 2298; x_wconf 75' lang='lat' dir='ltr'><strong>hmc</strong></span> <span class='ocrx_word' id='word_1_309' title='bbox 1038 2245 1199 2300; x_wconf 90' lang='lat' dir='ltr'><strong>notha</strong></span> <span class='ocrx_word' id='word_1_310' title='bbox 1230 2245 1385 2316; x_wconf 85' lang='lat' dir='ltr'><strong>plane</strong></span> <span class='ocrx_word' id='word_1_311' title='bbox 1409 2253 1463 2300; x_wconf 90' lang='lat' dir='ltr'><strong>et</strong></span> <span class='ocrx_word' id='word_1_312' title='bbox 1487 2243 1785 2300; x_wconf 76' lang='lat' dir='ltr'><strong>adulterina</strong></span> <span class='ocrx_word' id='word_1_313' title='bbox 1817 2245 1927 2298; x_wconf 89' lang='lat' dir='ltr'><strong>sint</strong></span> 
     </span>
    </p>
   </div>
   <div class='ocr_carea' id='block_1_40' title="bbox 323 2335 1928 2402">
    <p class='ocr_par' dir='ltr' id='par_1_40' title="bbox 323 2335 1928 2402">
     <span class='ocr_line' id='line_1_40' title="bbox 323 2335 1928 2402; baseline 0.001 -13"><span class='ocrx_word' id='word_1_314' title='bbox 323 2335 486 2391; x_wconf 85' lang='lat' dir='ltr'><strong>verba</strong></span> <span class='ocrx_word' id='word_1_315' title='bbox 522 2378 537 2402; x_wconf 95' lang='lat'><strong>,</strong></span> <span class='ocrx_word' id='word_1_316' title='bbox 602 2335 844 2390; x_wconf 86' lang='lat' dir='ltr'><strong>nonnulli</strong></span> <span class='ocrx_word' id='word_1_317' title='bbox 899 2345 1076 2390; x_wconf 89' lang='lat' dir='ltr'><strong>tamen</strong></span> <span class='ocrx_word' id='word_1_318' title='bbox 1116 2351 1144 2390; x_wconf 92' lang='lat' dir='ltr'><strong>a</strong></span> <span class='ocrx_word' id='word_1_319' title='bbox 1203 2338 1357 2392; x_wconf 88' lang='lat' dir='ltr'><strong>nobis</strong></span> <span class='ocrx_word' id='word_1_320' title='bbox 1413 2337 1634 2392; x_wconf 82' lang='lat' dir='ltr'><strong>forsitan</strong></span> <span class='ocrx_word' id='word_1_321' title='bbox 1686 2339 1928 2392; x_wconf 88' lang='lat' dir='ltr'><strong>sciscita-</strong></span> 
     </span>
    </p>
   </div>
   <div class='ocr_carea' id='block_1_41' title="bbox 323 2427 1921 2500">
    <p class='ocr_par' dir='ltr' id='par_1_41' title="bbox 323 2427 1921 2500">
     <span class='ocr_line' id='line_1_41' title="bbox 323 2427 1921 2500; baseline 0 -16"><span class='ocrx_word' id='word_1_322' title='bbox 323 2427 522 2484; x_wconf 87' lang='lat' dir='ltr'><strong>buntur</strong></span> <span class='ocrx_word' id='word_1_323' title='bbox 548 2470 564 2495; x_wconf 95' lang='lat'><strong>,</strong></span> <span class='ocrx_word' id='word_1_324' title='bbox 594 2429 808 2500; x_wconf 89' lang='lat' dir='ltr'><strong>quinam</strong></span> <span class='ocrx_word' id='word_1_325' title='bbox 851 2429 925 2482; x_wconf 91' lang='lat' dir='ltr'><strong>illi</strong></span> <span class='ocrx_word' id='word_1_326' title='bbox 955 2429 1028 2484; x_wconf 89' lang='lat' dir='ltr'><strong>dii</strong></span> <span class='ocrx_word' id='word_1_327' title='bbox 1061 2428 1276 2484; x_wconf 78' lang='lat' dir='ltr'><strong>fuerint.</strong></span> <span class='ocrx_word' id='word_1_328' title='bbox 1315 2428 1675 2496; x_wconf 87' lang='lat' dir='ltr'><strong>Quamobrem</strong></span> <span class='ocrx_word' id='word_1_329' title='bbox 1725 2429 1806 2482; x_wconf 73' lang='lat' dir='ltr'><strong>his</strong></span> <span class='ocrx_word' id='word_1_330' title='bbox 1831 2471 1844 2492; x_wconf 88' lang='lat'><strong>,</strong></span> <span class='ocrx_word' id='word_1_331' title='bbox 1877 2430 1921 2484; x_wconf 95' lang='lat' dir='ltr'><strong>si</strong></span> 
     </span>
    </p>
   </div>
   <div class='ocr_carea' id='block_1_42' title="bbox 325 2518 1928 2588">
    <p class='ocr_par' dir='ltr' id='par_1_42' title="bbox 325 2518 1928 2588">
     <span class='ocr_line' id='line_1_42' title="bbox 325 2518 1928 2588; baseline -0.001 -14"><span class='ocrx_word' id='word_1_332' title='bbox 325 2521 414 2588; x_wconf 89' lang='lat' dir='ltr'><strong>qui</strong></span> <span class='ocrx_word' id='word_1_333' title='bbox 472 2527 669 2586; x_wconf 89' lang='lat' dir='ltr'><strong>erunt,</strong></span> <span class='ocrx_word' id='word_1_334' title='bbox 723 2520 949 2575; x_wconf 78' lang='lat' dir='ltr'><strong>curiosis</strong></span> <span class='ocrx_word' id='word_1_335' title='bbox 1005 2519 1314 2575; x_wconf 87' lang='lat' dir='ltr'><strong>hominibus</strong></span> <span class='ocrx_word' id='word_1_336' title='bbox 1368 2518 1810 2587; x_wconf 69' lang='lat' dir='ltr'><strong>restioudcbimus</strong></span> <span class='ocrx_word' id='word_1_337' title='bbox 1859 2519 1928 2574; x_wconf 90' lang='lat' dir='ltr'><strong>de</strong></span> 
     </span>
    </p>
   </div>
   <div class='ocr_carea' id='block_1_43' title="bbox 333 2609 1928 2680">
    <p class='ocr_par' dir='ltr' id='par_1_43' title="bbox 333 2609 1928 2680">
     <span class='ocr_line' id='line_1_43' title="bbox 333 2609 1928 2680; baseline -0.001 -13"><span class='ocrx_word' id='word_1_338' title='bbox 333 2611 588 2680; x_wconf 87' lang='lat' dir='ltr'><strong>Forcnlo,</strong></span> <span class='ocrx_word' id='word_1_339' title='bbox 615 2611 918 2668; x_wconf 87' lang='lat' dir='ltr'><strong>Limentino</strong></span> <span class='ocrx_word' id='word_1_340' title='bbox 949 2654 961 2676; x_wconf 88' lang='lat'><strong>,</strong></span> <span class='ocrx_word' id='word_1_341' title='bbox 985 2611 1188 2666; x_wconf 90' lang='lat' dir='ltr'><strong>Cardea</strong></span> <span class='ocrx_word' id='word_1_342' title='bbox 1217 2653 1232 2677; x_wconf 95' lang='lat'><strong>,</strong></span> <span class='ocrx_word' id='word_1_343' title='bbox 1273 2621 1326 2666; x_wconf 94' lang='lat' dir='ltr'><strong>et</strong></span> <span class='ocrx_word' id='word_1_344' title='bbox 1356 2611 1565 2665; x_wconf 87' lang='lat' dir='ltr'><strong>Orbana</strong></span> <span class='ocrx_word' id='word_1_345' title='bbox 1583 2609 1693 2680; x_wconf 86' lang='lat' dir='ltr'><strong>jam</strong></span> <span class='ocrx_word' id='word_1_346' title='bbox 1716 2626 1744 2663; x_wconf 91' lang='lat' dir='ltr'><strong>a</strong></span> <span class='ocrx_word' id='word_1_347' title='bbox 1774 2609 1928 2666; x_wconf 89' lang='lat' dir='ltr'><strong>nobis</strong></span> 
     </span>
    </p>
   </div>
   <div class='ocr_carea' id='block_1_44' title="bbox 327 2701 1924 2760">
    <p class='ocr_par' dir='ltr' id='par_1_44' title="bbox 327 2701 1924 2760">
     <span class='ocr_line' id='line_1_44' title="bbox 327 2701 1924 2760; baseline -0.003 -2"><span class='ocrx_word' id='word_1_348' title='bbox 327 2713 506 2759; x_wconf 88' lang='lat' dir='ltr'><strong>actum</strong></span> <span class='ocrx_word' id='word_1_349' title='bbox 560 2704 613 2758; x_wconf 93' lang='lat' dir='ltr'><strong>in</strong></span> <span class='ocrx_word' id='word_1_350' title='bbox 697 2714 880 2760; x_wconf 90' lang='lat' dir='ltr'><strong>nostra</strong></span> <span class='ocrx_word' id='word_1_351' title='bbox 925 2702 994 2758; x_wconf 89' lang='lat' dir='ltr'><strong>de</strong></span> <span class='ocrx_word' id='word_1_352' title='bbox 1047 2703 1270 2759; x_wconf 84' lang='lat' dir='ltr'><strong>Arnobii</strong></span> <span class='ocrx_word' id='word_1_353' title='bbox 1327 2703 1478 2757; x_wconf 78' lang='lat' dir='ltr'><strong>libi-is</strong></span> <span class='ocrx_word' id='word_1_354' title='bbox 1525 2701 1924 2756; x_wconf 69' lang='lat' dir='ltr'><strong>dissci-bitione.</strong></span> 
     </span>
    </p>
   </div>
   <div class='ocr_carea' id='block_1_45' title="bbox 327 2792 1928 2868">
    <p class='ocr_par' dir='ltr' id='par_1_45' title="bbox 327 2792 1928 2868">
     <span class='ocr_line' id='line_1_45' title="bbox 327 2792 1928 2868; baseline -0.001 -19"><span class='ocrx_word' id='word_1_355' title='bbox 327 2792 348 2868; x_wconf 88' lang='lat'>(</span> <span class='ocrx_word' id='word_1_356' title='bbox 381 2795 596 2852; x_wconf 78' lang='lat' dir='ltr'><strong>Dissert.</strong></span> <span class='ocrx_word' id='word_1_357' title='bbox 630 2796 683 2850; x_wconf 84' lang='lat' dir='ltr'><strong>in</strong></span> <span class='ocrx_word' id='word_1_358' title='bbox 728 2796 922 2852; x_wconf 84' lang='lat' dir='ltr'><strong>Arnob.</strong></span> <span class='ocrx_word' id='word_1_359' title='bbox 956 2812 1072 2866; x_wconf 93' lang='lat' dir='ltr'><strong>cap.</strong></span> <span class='ocrx_word' id='word_1_360' title='bbox 1105 2797 1194 2861; x_wconf 78' lang='lat' dir='ltr'><strong>l5,</strong></span> <span class='ocrx_word' id='word_1_361' title='bbox 1224 2806 1323 2850; x_wconf 84' lang='lat' dir='ltr'><strong>art.</strong></span> <span class='ocrx_word' id='word_1_362' title='bbox 1372 2794 1406 2848; x_wconf 64' lang='grc' dir='ltr'><strong>ες</strong></span> <span class='ocrx_word' id='word_1_363' title='bbox 1432 2804 1478 2848; x_wconf 86' lang='lat' dir='ltr'><strong>et</strong></span> <span class='ocrx_word' id='word_1_364' title='bbox 1507 2795 1561 2848; x_wconf 87' lang='lat'><strong>6.</strong></span> <span class='ocrx_word' id='word_1_365' title='bbox 1594 2795 1612 2863; x_wconf 92' lang='lat'><strong>)</strong></span> <span class='ocrx_word' id='word_1_366' title='bbox 1680 2793 1752 2848; x_wconf 90' lang='lat' dir='ltr'><strong>lbi</strong></span> <span class='ocrx_word' id='word_1_367' title='bbox 1799 2810 1928 2848; x_wconf 75' lang='lat' dir='ltr'><strong>Vero</strong></span> 
     </span>
    </p>
   </div>
   <div class='ocr_carea' id='block_1_46' title="bbox 329 2890 1926 2960">
    <p class='ocr_par' dir='ltr' id='par_1_46' title="bbox 329 2890 1926 2960">
     <span class='ocr_line' id='line_1_46' title="bbox 329 2890 1926 2960; baseline 0.001 -17"><span class='ocrx_word' id='word_1_368' title='bbox 329 2891 488 2960; x_wconf 86' lang='lat' dir='ltr'><strong>plane</strong></span> <span class='ocrx_word' id='word_1_369' title='bbox 507 2890 842 2947; x_wconf 82' lang='lat' dir='ltr'><strong>ostendimus</strong></span> <span class='ocrx_word' id='word_1_370' title='bbox 868 2891 982 2946; x_wconf 72' lang='lat' dir='ltr'><strong>haec</strong></span> <span class='ocrx_word' id='word_1_371' title='bbox 1008 2892 1223 2946; x_wconf 89' lang='lat' dir='ltr'><strong>numina</strong></span> <span class='ocrx_word' id='word_1_372' title='bbox 1247 2908 1275 2944; x_wconf 88' lang='lat' dir='ltr'><strong>a</strong></span> <span class='ocrx_word' id='word_1_373' title='bbox 1303 2890 1605 2947; x_wconf 82' lang='lat' dir='ltr'><strong>Gentilibus</strong></span> <span class='ocrx_word' id='word_1_374' title='bbox 1633 2891 1684 2944; x_wconf 94' lang='lat' dir='ltr'><strong>in</strong></span> <span class='ocrx_word' id='word_1_375' title='bbox 1716 2891 1926 2945; x_wconf 91' lang='lat' dir='ltr'><strong>illorum</strong></span> 
     </span>
    </p>
   </div>
   <div class='ocr_carea' id='block_1_47' title="bbox 329 2982 1926 3055">
    <p class='ocr_par' dir='ltr' id='par_1_47' title="bbox 329 2982 1926 3055">
     <span class='ocr_line' id='line_1_47' title="bbox 329 2982 1926 3055; baseline -0.001 -17"><span class='ocrx_word' id='word_1_376' title='bbox 329 2997 559 3040; x_wconf 86' lang='lat' dir='ltr'><strong>numero</strong></span> <span class='ocrx_word' id='word_1_377' title='bbox 580 2985 766 3054; x_wconf 90' lang='lat' dir='ltr'><strong>reponi</strong></span> <span class='ocrx_word' id='word_1_378' title='bbox 787 3026 800 3050; x_wconf 91' lang='lat'><strong>,</strong></span> <span class='ocrx_word' id='word_1_379' title='bbox 821 3000 955 3055; x_wconf 89' lang='lat' dir='ltr'><strong>quos</strong></span> <span class='ocrx_word' id='word_1_380' title='bbox 982 2983 1522 3054; x_wconf 74' lang='lat' dir='ltr'><strong>singulisquiliusque</strong></span> <span class='ocrx_word' id='word_1_381' title='bbox 1551 2984 1710 3038; x_wconf 87' lang='lat' dir='ltr'><strong>rebus</strong></span> <span class='ocrx_word' id='word_1_382' title='bbox 1727 2982 1926 3052; x_wconf 68' lang='lat' dir='ltr'><strong>prmliei</strong></span> 
     </span>
    </p>
   </div>
   <div class='ocr_carea' id='block_1_48' title="bbox 2092 1755 3412 1820">
    <p class='ocr_par' dir='ltr' id='par_1_48' title="bbox 2092 1755 3412 1820">
     <span class='ocr_line' id='line_1_48' title="bbox 2092 1755 3412 1820; baseline 0.004 -16"><span class='ocrx_word' id='word_1_383' title='bbox 2092 1755 2318 1820; x_wconf 84' lang='lat' dir='ltr'><strong>Consulis</strong></span> <span class='ocrx_word' id='word_1_384' title='bbox 2339 1758 2598 1818; x_wconf 86' lang='lat' dir='ltr'><strong>imperium</strong></span> <span class='ocrx_word' id='word_1_385' title='bbox 2623 1755 2700 1805; x_wconf 86' lang='lat' dir='ltr'><strong>hic</strong></span> <span class='ocrx_word' id='word_1_386' title='bbox 2715 1762 2902 1820; x_wconf 86' lang='lat' dir='ltr'><strong>prunus</strong></span> <span class='ocrx_word' id='word_1_387' title='bbox 2923 1755 3182 1820; x_wconf 71' lang='lat' dir='ltr'><strong>smvasque</strong></span> <span class='ocrx_word' id='word_1_388' title='bbox 3206 1774 3412 1809; x_wconf 84' lang='lat' dir='ltr'><strong>secures</strong></span> 
     </span>
    </p>
   </div>
   <div class='ocr_carea' id='block_1_49' title="bbox 2093 1819 3398 1882">
    <p class='ocr_par' dir='ltr' id='par_1_49' title="bbox 2093 1819 3398 1882">
     <span class='ocr_line' id='line_1_49' title="bbox 2093 1819 3398 1882; baseline 0.003 -14"><span class='ocrx_word' id='word_1_389' title='bbox 2093 1819 2335 1882; x_wconf 72' lang='lat' dir='ltr'><strong>Accipiet,</strong></span> <span class='ocrx_word' id='word_1_390' title='bbox 2362 1827 2600 1882; x_wconf 83' lang='lat' dir='ltr'><strong>natosque</strong></span> <span class='ocrx_word' id='word_1_391' title='bbox 2625 1819 2785 1881; x_wconf 86' lang='lat' dir='ltr'><strong>pater,</strong></span> <span class='ocrx_word' id='word_1_392' title='bbox 2812 1833 2937 1869; x_wconf 88' lang='lat' dir='ltr'><strong>nova</strong></span> <span class='ocrx_word' id='word_1_393' title='bbox 2963 1819 3398 1882; x_wconf 35' lang='lat' dir='ltr'><strong>bella’movcntcs,</strong></span> 
     </span>
    </p>
   </div>
   <div class='ocr_carea' id='block_1_50' title="bbox 2090 1879 3212 1945">
    <p class='ocr_par' dir='ltr' id='par_1_50' title="bbox 2090 1879 3212 1945">
     <span class='ocr_line' id='line_1_50' title="bbox 2090 1879 3212 1945; baseline 0.002 -15"><span class='ocrx_word' id='word_1_394' title='bbox 2090 1879 2163 1930; x_wconf 80' lang='lat' dir='ltr'><strong>Ad</strong></span> <span class='ocrx_word' id='word_1_395' title='bbox 2189 1879 2380 1944; x_wconf 87' lang='lat' dir='ltr'><strong>poenam</strong></span> <span class='ocrx_word' id='word_1_396' title='bbox 2409 1879 2716 1945; x_wconf 74' lang='lat' dir='ltr'><strong>pulchrapro</strong></span> <span class='ocrx_word' id='word_1_397' title='bbox 2742 1882 2976 1945; x_wconf 78' lang='lat' dir='ltr'><strong>libertate</strong></span> <span class='ocrx_word' id='word_1_398' title='bbox 3000 1884 3212 1945; x_wconf 84' lang='lat' dir='ltr'><strong>vocabit.</strong></span> 
     </span>
    </p>
   </div>
   <div class='ocr_carea' id='block_1_51' title="bbox 2557 1943 3569 2012">
    <p class='ocr_par' dir='ltr' id='par_1_51' title="bbox 2557 1943 3569 2012">
     <span class='ocr_line' id='line_1_51' title="bbox 2557 1943 3569 2012; baseline 0.003 -19"><span class='ocrx_word' id='word_1_399' title='bbox 2557 1943 2770 2006; x_wconf 67' lang='lat' dir='ltr'><strong>(Vincta.</strong></span> <span class='ocrx_word' id='word_1_400' title='bbox 2798 1944 2886 1994; x_wconf 88' lang='lat' dir='ltr'><strong>lib.</strong></span> <span class='ocrx_word' id='word_1_401' title='bbox 2908 1959 2955 1994; x_wconf 69' lang='grc' dir='ltr'><strong>ιιι</strong></span> <span class='ocrx_word' id='word_1_402' title='bbox 2980 1943 3170 1995; x_wconf 71' lang='grc' dir='ltr'><strong>Δειιεὶά.</strong></span> <span class='ocrx_word' id='word_1_403' title='bbox 3196 1961 3241 1996; x_wconf 86' lang='lat' dir='ltr'><strong>v.</strong></span> <span class='ocrx_word' id='word_1_404' title='bbox 3261 1945 3354 1996; x_wconf 76' lang='grc'><strong>812</strong></span> <span class='ocrx_word' id='word_1_405' title='bbox 3375 1953 3420 1997; x_wconf 87' lang='lat' dir='ltr'><strong>el</strong></span> <span class='ocrx_word' id='word_1_406' title='bbox 3443 1947 3569 2012; x_wconf 80' lang='lat' dir='ltr'><strong>seq.)</strong></span> 
     </span>
    </p>
   </div>
   <div class='ocr_carea' id='block_1_52' title="bbox 2102 2071 3634 2140">
    <p class='ocr_par' dir='ltr' id='par_1_52' title="bbox 2102 2071 3634 2140">
     <span class='ocr_line' id='line_1_52' title="bbox 2102 2071 3634 2140; baseline 0.003 -13"><span class='ocrx_word' id='word_1_407' title='bbox 2102 2072 2260 2127; x_wconf 84' lang='lat' dir='ltr'><strong>Plura</strong></span> <span class='ocrx_word' id='word_1_408' title='bbox 2306 2072 2350 2126; x_wconf 90' lang='lat' dir='ltr'><strong>si</strong></span> <span class='ocrx_word' id='word_1_409' title='bbox 2403 2072 2613 2140; x_wconf 82' lang='lat' dir='ltr'><strong>cupias,</strong></span> <span class='ocrx_word' id='word_1_410' title='bbox 2669 2071 2754 2126; x_wconf 88' lang='lat' dir='ltr'><strong>adi</strong></span> <span class='ocrx_word' id='word_1_411' title='bbox 2802 2071 3074 2138; x_wconf 83' lang='lat' dir='ltr'><strong>Servium,</strong></span> <span class='ocrx_word' id='word_1_412' title='bbox 3137 2073 3189 2127; x_wconf 90' lang='lat' dir='ltr'><strong>iu</strong></span> <span class='ocrx_word' id='word_1_413' title='bbox 3249 2074 3349 2130; x_wconf 86' lang='lat' dir='ltr'><strong>hos</strong></span> <span class='ocrx_word' id='word_1_414' title='bbox 3402 2075 3634 2131; x_wconf 84' lang='lat' dir='ltr'><strong>Maronis</strong></span> 
     </span>
    </p>
   </div>
   <div class='ocr_carea' id='block_1_53' title="bbox 2030 2164 3632 2237">
    <p class='ocr_par' dir='ltr' id='par_1_53' title="bbox 2030 2164 3632 2237">
     <span class='ocr_line' id='line_1_53' title="bbox 2030 2164 3632 2237; baseline 0.002 -18"><span class='ocrx_word' id='word_1_415' title='bbox 2030 2181 2254 2231; x_wconf 88' lang='lat' dir='ltr'><strong>versus;</strong></span> <span class='ocrx_word' id='word_1_416' title='bbox 2285 2164 2465 2220; x_wconf 85' lang='lat' dir='ltr'><strong>Titum</strong></span> <span class='ocrx_word' id='word_1_417' title='bbox 2495 2164 2698 2219; x_wconf 87' lang='lat' dir='ltr'><strong>Livium</strong></span> <span class='ocrx_word' id='word_1_418' title='bbox 2726 2182 2740 2229; x_wconf 89' lang='lat'><strong>;</strong></span> <span class='ocrx_word' id='word_1_419' title='bbox 2795 2166 3103 2237; x_wconf 85' lang='lat' dir='ltr'><strong>Dionysium</strong></span> <span class='ocrx_word' id='word_1_420' title='bbox 3132 2166 3593 2224; x_wconf 82' lang='lat' dir='ltr'><strong>Halicarnasseum</strong></span> <span class='ocrx_word' id='word_1_421' title='bbox 3617 2213 3632 2235; x_wconf 89' lang='lat'><strong>,</strong></span> 
     </span>
    </p>
   </div>
   <div class='ocr_carea' id='block_1_54' title="bbox 2031 2257 3635 2324">
    <p class='ocr_par' dir='ltr' id='par_1_54' title="bbox 2031 2257 3635 2324">
     <span class='ocr_line' id='line_1_54' title="bbox 2031 2257 3635 2324; baseline 0.002 -13"><span class='ocrx_word' id='word_1_422' title='bbox 2031 2257 2305 2312; x_wconf 70' lang='lat' dir='ltr'><strong>Valerium</strong></span> <span class='ocrx_word' id='word_1_423' title='bbox 2370 2257 2705 2324; x_wconf 83' lang='lat' dir='ltr'><strong>Maximum,</strong></span> <span class='ocrx_word' id='word_1_424' title='bbox 2756 2268 2810 2312; x_wconf 91' lang='lat' dir='ltr'><strong>et</strong></span> <span class='ocrx_word' id='word_1_425' title='bbox 2886 2258 3021 2312; x_wconf 90' lang='lat' dir='ltr'><strong>alios</strong></span> <span class='ocrx_word' id='word_1_426' title='bbox 3084 2259 3340 2312; x_wconf 73' lang='lat' dir='ltr'><strong>Romamn</strong></span> <span class='ocrx_word' id='word_1_427' title='bbox 3397 2259 3635 2315; x_wconf 76' lang='lat' dir='ltr'><strong>historia:</strong></span> 
     </span>
    </p>
   </div>
   <div class='ocr_carea' id='block_1_55' title="bbox 2032 2350 3637 2420">
    <p class='ocr_par' dir='ltr' id='par_1_55' title="bbox 2032 2350 3637 2420">
     <span class='ocr_line' id='line_1_55' title="bbox 2032 2350 3637 2420; baseline 0.002 -15"><span class='ocrx_word' id='word_1_428' title='bbox 2032 2351 2345 2420; x_wconf 85' lang='lat' dir='ltr'><strong>scriptores.</strong></span> <span class='ocrx_word' id='word_1_429' title='bbox 2399 2350 2646 2404; x_wconf 87' lang='lat' dir='ltr'><strong>Pluribus</strong></span> <span class='ocrx_word' id='word_1_430' title='bbox 2677 2365 2837 2420; x_wconf 91' lang='lat' dir='ltr'><strong>porro</strong></span> <span class='ocrx_word' id='word_1_431' title='bbox 2873 2350 2990 2405; x_wconf 90' lang='lat' dir='ltr'><strong>aliis</strong></span> <span class='ocrx_word' id='word_1_432' title='bbox 3027 2351 3292 2405; x_wconf 79' lang='lat' dir='ltr'><strong>rationum</strong></span> <span class='ocrx_word' id='word_1_433' title='bbox 3349 2353 3637 2409; x_wconf 78' lang='lat' dir='ltr'><strong>ammentis</strong></span> 
     </span>
    </p>
   </div>
   <div class='ocr_carea' id='block_1_56' title="bbox 2031 2443 3630 2515">
    <p class='ocr_par' dir='ltr' id='par_1_56' title="bbox 2031 2443 3630 2515">
     <span class='ocr_line' id='line_1_56' title="bbox 2031 2443 3630 2515; baseline 0.001 -18"><span class='ocrx_word' id='word_1_434' title='bbox 2031 2444 2332 2515; x_wconf 80' lang='lat' dir='ltr'><strong>Cyprianus</strong></span> <span class='ocrx_word' id='word_1_435' title='bbox 2361 2444 2642 2498; x_wconf 86' lang='lat' dir='ltr'><strong>evidenter</strong></span> <span class='ocrx_word' id='word_1_436' title='bbox 2668 2443 2939 2498; x_wconf 89' lang='lat' dir='ltr'><strong>convincit</strong></span> <span class='ocrx_word' id='word_1_437' title='bbox 2965 2459 3122 2514; x_wconf 88' lang='lat' dir='ltr'><strong>quam</strong></span> <span class='ocrx_word' id='word_1_438' title='bbox 3151 2444 3284 2498; x_wconf 87' lang='lat' dir='ltr'><strong>falsa</strong></span> <span class='ocrx_word' id='word_1_439' title='bbox 3312 2454 3366 2500; x_wconf 94' lang='lat' dir='ltr'><strong>et</strong></span> <span class='ocrx_word' id='word_1_440' title='bbox 3402 2444 3630 2500; x_wconf 89' lang='lat' dir='ltr'><strong>absurda</strong></span> 
     </span>
    </p>
   </div>
   <div class='ocr_carea' id='block_1_57' title="bbox 2031 2537 3635 2607">
    <p class='ocr_par' dir='ltr' id='par_1_57' title="bbox 2031 2537 3635 2607">
     <span class='ocr_line' id='line_1_57' title="bbox 2031 2537 3635 2607; baseline 0.001 -16"><span class='ocrx_word' id='word_1_441' title='bbox 2031 2538 2101 2592; x_wconf 88' lang='lat' dir='ltr'><strong>sit</strong></span> <span class='ocrx_word' id='word_1_442' title='bbox 2160 2537 2520 2591; x_wconf 83' lang='lat' dir='ltr'><strong>Romanorum</strong></span> <span class='ocrx_word' id='word_1_443' title='bbox 2568 2537 2821 2607; x_wconf 84' lang='lat' dir='ltr'><strong>jactatio,</strong></span> <span class='ocrx_word' id='word_1_444' title='bbox 2881 2553 2982 2607; x_wconf 87' lang='lat' dir='ltr'><strong>qua</strong></span> <span class='ocrx_word' id='word_1_445' title='bbox 3027 2552 3178 2592; x_wconf 92' lang='lat' dir='ltr'><strong>suam</strong></span> <span class='ocrx_word' id='word_1_446' title='bbox 3229 2538 3279 2591; x_wconf 92' lang='lat' dir='ltr'><strong>iu</strong></span> <span class='ocrx_word' id='word_1_447' title='bbox 3329 2537 3462 2593; x_wconf 82' lang='lat' dir='ltr'><strong>deos</strong></span> <span class='ocrx_word' id='word_1_448' title='bbox 3506 2552 3635 2592; x_wconf 89' lang='lat' dir='ltr'><strong>suos</strong></span> 
     </span>
    </p>
   </div>
   <div class='ocr_carea' id='block_1_58' title="bbox 2030 2629 3638 2699">
    <p class='ocr_par' dir='ltr' id='par_1_58' title="bbox 2030 2629 3638 2699">
     <span class='ocr_line' id='line_1_58' title="bbox 2030 2629 3638 2699; baseline 0.002 -18"><span class='ocrx_word' id='word_1_449' title='bbox 2030 2638 2249 2699; x_wconf 88' lang='lat' dir='ltr'><strong>propter</strong></span> <span class='ocrx_word' id='word_1_450' title='bbox 2297 2631 2585 2699; x_wconf 78' lang='lat' dir='ltr'><strong>pietatem,</strong></span> <span class='ocrx_word' id='word_1_451' title='bbox 2633 2629 2915 2684; x_wconf 85' lang='lat' dir='ltr'><strong>fundatum</strong></span> <span class='ocrx_word' id='word_1_452' title='bbox 2981 2640 3034 2684; x_wconf 92' lang='lat' dir='ltr'><strong>et</strong></span> <span class='ocrx_word' id='word_1_453' title='bbox 3099 2630 3165 2684; x_wconf 89' lang='lat' dir='ltr'><strong>ad</strong></span> <span class='ocrx_word' id='word_1_454' title='bbox 3227 2630 3442 2684; x_wconf 88' lang='lat' dir='ltr'><strong>ultimos</strong></span> <span class='ocrx_word' id='word_1_455' title='bbox 3491 2629 3638 2685; x_wconf 91' lang='lat' dir='ltr'><strong>orbis</strong></span> 
     </span>
    </p>
   </div>
   <div class='ocr_carea' id='block_1_59' title="bbox 2033 2721 3634 2790">
    <p class='ocr_par' dir='ltr' id='par_1_59' title="bbox 2033 2721 3634 2790">
     <span class='ocr_line' id='line_1_59' title="bbox 2033 2721 3634 2790; baseline 0 -16"><span class='ocrx_word' id='word_1_456' title='bbox 2033 2730 2190 2776; x_wconf 68' lang='lat' dir='ltr'><strong>terra:</strong></span> <span class='ocrx_word' id='word_1_457' title='bbox 2226 2731 2404 2790; x_wconf 91' lang='lat' dir='ltr'><strong>partes</strong></span> <span class='ocrx_word' id='word_1_458' title='bbox 2431 2728 2784 2790; x_wconf 87' lang='lat' dir='ltr'><strong>pr0pagatuin</strong></span> <span class='ocrx_word' id='word_1_459' title='bbox 2809 2722 3094 2790; x_wconf 87' lang='lat' dir='ltr'><strong>imperium</strong></span> <span class='ocrx_word' id='word_1_460' title='bbox 3119 2737 3273 2775; x_wconf 86' lang='lat' dir='ltr'><strong>stium</strong></span> <span class='ocrx_word' id='word_1_461' title='bbox 3299 2721 3634 2776; x_wconf 79' lang='lat' dir='ltr'><strong>ellutiebant.</strong></span> 
     </span>
    </p>
   </div>
   <div class='ocr_carea' id='block_1_60' title="bbox 2037 2810 3642 2883">
    <p class='ocr_par' dir='ltr' id='par_1_60' title="bbox 2037 2810 3642 2883">
     <span class='ocr_line' id='line_1_60' title="bbox 2037 2810 3642 2883; baseline 0.001 -19"><span class='ocrx_word' id='word_1_462' title='bbox 2037 2813 2190 2883; x_wconf 89' lang='lat' dir='ltr'><strong>(Aug.</strong></span> <span class='ocrx_word' id='word_1_463' title='bbox 2226 2812 2314 2865; x_wconf 92' lang='lat' dir='ltr'><strong>lib.</strong></span> <span class='ocrx_word' id='word_1_464' title='bbox 2352 2827 2405 2866; x_wconf 90' lang='lat' dir='ltr'><strong>Ill</strong></span> <span class='ocrx_word' id='word_1_465' title='bbox 2435 2812 2498 2865; x_wconf 85' lang='lat' dir='ltr'><strong>de</strong></span> <span class='ocrx_word' id='word_1_466' title='bbox 2527 2810 2676 2866; x_wconf 81' lang='lat' dir='ltr'><strong>Civil.</strong></span> <span class='ocrx_word' id='word_1_467' title='bbox 2703 2828 2821 2879; x_wconf 87' lang='lat' dir='ltr'><strong>cap.</strong></span> <span class='ocrx_word' id='word_1_468' title='bbox 2874 2811 2964 2876; x_wconf 84' lang='grc'><strong>16,</strong></span> <span class='ocrx_word' id='word_1_469' title='bbox 2994 2829 3115 2883; x_wconf 84' lang='lat' dir='ltr'><strong>pag.</strong></span> <span class='ocrx_word' id='word_1_470' title='bbox 3141 2813 3230 2877; x_wconf 76' lang='lat'><strong>7‘2;</strong></span> <span class='ocrx_word' id='word_1_471' title='bbox 3260 2812 3457 2878; x_wconf 81' lang='lat' dir='ltr'><strong>Livius,</strong></span> <span class='ocrx_word' id='word_1_472' title='bbox 3488 2814 3576 2865; x_wconf 82' lang='lat' dir='ltr'><strong>lib.</strong></span> <span class='ocrx_word' id='word_1_473' title='bbox 3604 2827 3642 2866; x_wconf 88' lang='grc' dir='ltr'><strong>ιι</strong></span> 
     </span>
    </p>
   </div>
   <div class='ocr_carea' id='block_1_61' title="bbox 2032 2901 3635 2975">
    <p class='ocr_par' dir='ltr' id='par_1_61' title="bbox 2032 2901 3635 2975">
     <span class='ocr_line' id='line_1_61' title="bbox 2032 2901 3635 2975; baseline 0 -19"><span class='ocrx_word' id='word_1_474' title='bbox 2032 2904 2188 2969; x_wconf 81' lang='lat' dir='ltr'><strong>init.;</strong></span> <span class='ocrx_word' id='word_1_475' title='bbox 2233 2903 2450 2975; x_wconf 78' lang='lat' dir='ltr'><strong>Dionys.</strong></span> <span class='ocrx_word' id='word_1_476' title='bbox 2501 2903 2771 2957; x_wconf 79' lang='lat' dir='ltr'><strong>&quot;alicam.</strong></span> <span class='ocrx_word' id='word_1_477' title='bbox 2821 2902 2910 2956; x_wconf 85' lang='lat' dir='ltr'><strong>lib.</strong></span> <span class='ocrx_word' id='word_1_478' title='bbox 2946 2919 2974 2955; x_wconf 84' lang='grc' dir='ltr'><strong>ν</strong></span> <span class='ocrx_word' id='word_1_479' title='bbox 3026 2903 3198 2973; x_wconf 81' lang='lat' dir='ltr'><strong>Antiq.</strong></span> <span class='ocrx_word' id='word_1_480' title='bbox 3239 2903 3461 2956; x_wconf 79' lang='lat' dir='ltr'><strong>Roman.</strong></span> <span class='ocrx_word' id='word_1_481' title='bbox 3518 2901 3635 2956; x_wconf 72' lang='grc' dir='ltr'>ι’(ιι.</span> 
     </span>
    </p>
   </div>
   <div class='ocr_carea' id='block_1_62' title="bbox 2035 2994 3642 3068">
    <p class='ocr_par' dir='ltr' id='par_1_62' title="bbox 2035 2994 3642 3068">
     <span class='ocr_line' id='line_1_62' title="bbox 2035 2994 3642 3068; baseline -0.001 -18"><span class='ocrx_word' id='word_1_482' title='bbox 2035 2997 2207 3063; x_wconf 55' lang='lat' dir='ltr'><strong>Mam,</strong></span> <span class='ocrx_word' id='word_1_483' title='bbox 2239 2997 2326 3051; x_wconf 80' lang='lat' dir='ltr'><strong>lib.</strong></span> <span class='ocrx_word' id='word_1_484' title='bbox 2351 3013 2400 3064; x_wconf 91' lang='lat' dir='ltr'><strong>v,</strong></span> <span class='ocrx_word' id='word_1_485' title='bbox 2426 3013 2540 3064; x_wconf 84' lang='lat' dir='ltr'><strong>cap.</strong></span> <span class='ocrx_word' id='word_1_486' title='bbox 2578 2995 2661 3068; x_wconf 68' lang='grc' dir='ltr'><strong>ες</strong></span> <span class='ocrx_word' id='word_1_487' title='bbox 2693 2994 2774 3068; x_wconf 84' lang='grc'><strong>1.)</strong></span> <span class='ocrx_word' id='word_1_488' title='bbox 2794 2996 2898 3050; x_wconf 87' lang='lat' dir='ltr'><strong>Sed</strong></span> <span class='ocrx_word' id='word_1_489' title='bbox 2929 2995 3045 3050; x_wconf 68' lang='lat' dir='ltr'><strong>hmc</strong></span> <span class='ocrx_word' id='word_1_490' title='bbox 3071 3004 3381 3064; x_wconf 89' lang='lat' dir='ltr'><strong>argumenta</strong></span> <span class='ocrx_word' id='word_1_491' title='bbox 3412 2995 3642 3063; x_wconf 66' lang='lat' dir='ltr'><strong>insupe-</strong></span> 
     </span>
    </p>
   </div>
   <div class='ocr_carea' id='block_1_63' title="bbox 329 3073 1927 3156">
    <p class='ocr_par' dir='ltr' id='par_1_63' title="bbox 329 3073 1927 3132">
     <span class='ocr_line' id='line_1_63' title="bbox 329 3073 1927 3132; baseline -0.002 -1"><span class='ocrx_word' id='word_1_492' title='bbox 329 3075 751 3131; x_wconf 87' lang='lat' dir='ltr'><strong>soniuiaverant.</strong></span> <span class='ocrx_word' id='word_1_493' title='bbox 799 3076 958 3132; x_wconf 87' lang='lat' dir='ltr'><strong>Tales</strong></span> <span class='ocrx_word' id='word_1_494' title='bbox 986 3077 1148 3131; x_wconf 90' lang='lat' dir='ltr'><strong>etiam</strong></span> <span class='ocrx_word' id='word_1_495' title='bbox 1180 3086 1333 3131; x_wconf 90' lang='lat' dir='ltr'><strong>erant</strong></span> <span class='ocrx_word' id='word_1_496' title='bbox 1369 3073 1575 3130; x_wconf 78' lang='lat' dir='ltr'><strong>Viduns</strong></span> <span class='ocrx_word' id='word_1_497' title='bbox 1602 3083 1655 3129; x_wconf 93' lang='lat' dir='ltr'><strong>et</strong></span> <span class='ocrx_word' id='word_1_498' title='bbox 1693 3074 1927 3128; x_wconf 88' lang='lat' dir='ltr'><strong>Scausus</strong></span> 
     </span>
    </p>
   </div>
   <div class='ocr_carea' id='block_1_64' title="bbox 2033 3073 3632 3156">
    <p class='ocr_par' dir='ltr' id='par_1_64' title="bbox 2033 3085 3632 3156">
     <span class='ocr_line' id='line_1_64' title="bbox 2033 3085 3632 3156; baseline -0.005 -10"><span class='ocrx_word' id='word_1_499' title='bbox 2033 3090 2265 3146; x_wconf 88' lang='lat' dir='ltr'><strong>rioribus</strong></span> <span class='ocrx_word' id='word_1_500' title='bbox 2290 3089 2759 3146; x_wconf 77' lang='lat' dir='ltr'><strong>dissertationilms</strong></span> <span class='ocrx_word' id='word_1_501' title='bbox 2783 3089 2981 3143; x_wconf 78' lang='lat' dir='ltr'><strong>uestris</strong></span> <span class='ocrx_word' id='word_1_502' title='bbox 3007 3127 3021 3154; x_wconf 86' lang='lat'><strong>,</strong></span> <span class='ocrx_word' id='word_1_503' title='bbox 3053 3087 3156 3142; x_wconf 90' lang='lat' dir='ltr'><strong>nisi</strong></span> <span class='ocrx_word' id='word_1_504' title='bbox 3191 3088 3345 3156; x_wconf 88' lang='lat' dir='ltr'><strong>plane</strong></span> <span class='ocrx_word' id='word_1_505' title='bbox 3378 3085 3632 3150; x_wconf 88' lang='lat' dir='ltr'><strong>fallimur,</strong></span> 
     </span>
    </p>
   </div>
   <div class='ocr_carea' id='block_1_65' title="bbox 329 3166 1919 3239">
    <p class='ocr_par' dir='ltr' id='par_1_65' title="bbox 329 3166 1919 3239">
     <span class='ocr_line' id='line_1_65' title="bbox 329 3166 1919 3239; baseline -0.004 -16"><span class='ocrx_word' id='word_1_506' title='bbox 329 3168 463 3223; x_wconf 88' lang='lat' dir='ltr'><strong>satis</strong></span> <span class='ocrx_word' id='word_1_507' title='bbox 506 3169 790 3239; x_wconf 88' lang='lat' dir='ltr'><strong>perspicue</strong></span> <span class='ocrx_word' id='word_1_508' title='bbox 838 3169 890 3224; x_wconf 92' lang='lat' dir='ltr'><strong>in</strong></span> <span class='ocrx_word' id='word_1_509' title='bbox 931 3168 1128 3224; x_wconf 88' lang='lat' dir='ltr'><strong>notatis</strong></span> <span class='ocrx_word' id='word_1_510' title='bbox 1170 3167 1327 3238; x_wconf 89' lang='lat' dir='ltr'><strong>hujus</strong></span> <span class='ocrx_word' id='word_1_511' title='bbox 1353 3209 1368 3233; x_wconf 91' lang='lat'><strong>,</strong></span> <span class='ocrx_word' id='word_1_512' title='bbox 1417 3166 1483 3222; x_wconf 82' lang='lat' dir='ltr'><strong>tle</strong></span> <span class='ocrx_word' id='word_1_513' title='bbox 1512 3181 1618 3236; x_wconf 89' lang='lat' dir='ltr'><strong>quo</strong></span> <span class='ocrx_word' id='word_1_514' title='bbox 1670 3167 1878 3235; x_wconf 78' lang='lat' dir='ltr'><strong>agimus</strong></span> <span class='ocrx_word' id='word_1_515' title='bbox 1903 3205 1919 3231; x_wconf 93' lang='lat'><strong>,</strong></span> 
     </span>
    </p>
   </div>
   <div class='ocr_carea' id='block_1_66' title="bbox 328 3256 1923 3329">
    <p class='ocr_par' dir='ltr' id='par_1_66' title="bbox 328 3256 1923 3329">
     <span class='ocr_line' id='line_1_66' title="bbox 328 3256 1923 3329; baseline -0.001 -15"><span class='ocrx_word' id='word_1_516' title='bbox 328 3258 448 3314; x_wconf 89' lang='lat' dir='ltr'><strong>libri</strong></span> <span class='ocrx_word' id='word_1_517' title='bbox 470 3259 792 3315; x_wconf 84' lang='lat' dir='ltr'><strong>editionibus</strong></span> <span class='ocrx_word' id='word_1_518' title='bbox 809 3259 1082 3328; x_wconf 86' lang='lat' dir='ltr'><strong>descripti.</strong></span> <span class='ocrx_word' id='word_1_519' title='bbox 1114 3258 1220 3315; x_wconf 89' lang='lat' dir='ltr'><strong>Sed</strong></span> <span class='ocrx_word' id='word_1_520' title='bbox 1244 3259 1395 3329; x_wconf 92' lang='lat' dir='ltr'><strong>plura</strong></span> <span class='ocrx_word' id='word_1_521' title='bbox 1418 3258 1485 3313; x_wconf 86' lang='lat' dir='ltr'><strong>de</strong></span> <span class='ocrx_word' id='word_1_522' title='bbox 1506 3257 1744 3312; x_wconf 89' lang='lat' dir='ltr'><strong>ridiculis</strong></span> <span class='ocrx_word' id='word_1_523' title='bbox 1775 3256 1923 3312; x_wconf 87' lang='lat' dir='ltr'><strong>liisce</strong></span> 
     </span>
    </p>
   </div>
   <div class='ocr_carea' id='block_1_67' title="bbox 329 3347 1924 3422">
    <p class='ocr_par' dir='ltr' id='par_1_67' title="bbox 329 3347 1924 3422">
     <span class='ocr_line' id='line_1_67' title="bbox 329 3347 1924 3422; baseline -0.003 -16"><span class='ocrx_word' id='word_1_524' title='bbox 329 3352 582 3406; x_wconf 92' lang='lat' dir='ltr'><strong>omnibus</strong></span> <span class='ocrx_word' id='word_1_525' title='bbox 630 3351 733 3407; x_wconf 89' lang='lat' dir='ltr'><strong>diis</strong></span> <span class='ocrx_word' id='word_1_526' title='bbox 759 3351 1088 3422; x_wconf 84' lang='lat' dir='ltr'><strong>Augustinus</strong></span> <span class='ocrx_word' id='word_1_527' title='bbox 1129 3367 1196 3406; x_wconf 74' lang='lat' dir='ltr'><strong>ex</strong></span> <span class='ocrx_word' id='word_1_528' title='bbox 1229 3349 1466 3405; x_wconf 90' lang='lat' dir='ltr'><strong>Varrone</strong></span> <span class='ocrx_word' id='word_1_529' title='bbox 1503 3347 1681 3404; x_wconf 90' lang='lat' dir='ltr'><strong>retulit</strong></span> <span class='ocrx_word' id='word_1_530' title='bbox 1711 3389 1726 3413; x_wconf 96' lang='lat'><strong>,</strong></span> <span class='ocrx_word' id='word_1_531' title='bbox 1768 3363 1924 3418; x_wconf 88' lang='lat' dir='ltr'><strong>quem</strong></span> 
     </span>
    </p>
   </div>
   <div class='ocr_carea' id='block_1_68' title="bbox 329 3439 1922 3514">
    <p class='ocr_par' dir='ltr' id='par_1_68' title="bbox 329 3439 1922 3514">
     <span class='ocr_line' id='line_1_68' title="bbox 329 3439 1922 3514; baseline -0.004 -15"><span class='ocrx_word' id='word_1_532' title='bbox 329 3443 481 3500; x_wconf 86' lang='lat' dir='ltr'><strong>adire</strong></span> <span class='ocrx_word' id='word_1_533' title='bbox 519 3444 738 3501; x_wconf 87' lang='lat' dir='ltr'><strong>cuilibet</strong></span> <span class='ocrx_word' id='word_1_534' title='bbox 776 3443 1090 3499; x_wconf 82' lang='lat' dir='ltr'><strong>facillimum</strong></span> <span class='ocrx_word' id='word_1_535' title='bbox 1137 3451 1239 3499; x_wconf 86' lang='lat' dir='ltr'><strong>est.</strong></span> <span class='ocrx_word' id='word_1_536' title='bbox 1275 3440 1294 3514; x_wconf 93' lang='lat'>(</span> <span class='ocrx_word' id='word_1_537' title='bbox 1325 3443 1461 3514; x_wconf 91' lang='lat' dir='ltr'><strong>Aug.</strong></span> <span class='ocrx_word' id='word_1_538' title='bbox 1493 3441 1582 3496; x_wconf 86' lang='lat' dir='ltr'><strong>lib.</strong></span> <span class='ocrx_word' id='word_1_539' title='bbox 1614 3456 1667 3495; x_wconf 82' lang='lat' dir='ltr'><strong>IV</strong></span> <span class='ocrx_word' id='word_1_540' title='bbox 1695 3440 1759 3495; x_wconf 81' lang='lat' dir='ltr'><strong>de</strong></span> <span class='ocrx_word' id='word_1_541' title='bbox 1787 3439 1922 3508; x_wconf 83' lang='lat' dir='ltr'><strong>Civ.,</strong></span> 
     </span>
    </p>
   </div>
   <div class='ocr_carea' id='block_1_69' title="bbox 804 3636 3474 3664">
    <p class='ocr_par' dir='ltr' id='par_1_69' title="bbox 804 3636 3474 3664">
     <span class='ocr_line' id='line_1_69' title="bbox 804 3636 3474 3664; baseline -0.001 -13"><span class='ocrx_word' id='word_1_542' title='bbox 804 3636 3474 3664; x_wconf 62' lang='lat' dir='ltr'>MM</span> 
     </span>
    </p>
   </div>
   <div class='ocr_carea' id='block_1_70' title="bbox 871 3808 3097 4000">
    <p class='ocr_par' dir='ltr' id='par_1_70' title="bbox 871 3808 3097 4000">
     <span class='ocr_line' id='line_1_70' title="bbox 871 3808 3097 4000; baseline -0.004 -37"><span class='ocrx_word' id='word_1_543' title='bbox 871 3819 1700 3994; x_wconf 79' lang='lat' dir='ltr'><strong>CABMEN</strong></span> <span class='ocrx_word' id='word_1_544' title='bbox 1786 3815 2062 3960; x_wconf 88' lang='lat' dir='ltr'><strong>AD</strong></span> <span class='ocrx_word' id='word_1_545' title='bbox 2151 3808 3097 4000; x_wconf 76' lang='lat' dir='ltr'><strong>FELICEM,</strong></span> 
     </span>
    </p>
   </div>
   <div class='ocr_carea' id='block_1_71' title="bbox 2027 3178 3641 3254">
    <p class='ocr_par' dir='ltr' id='par_1_71' title="bbox 2027 3178 3641 3254">
     <span class='ocr_line' id='line_1_71' title="bbox 2027 3178 3641 3254; baseline -0.004 -18"><span class='ocrx_word' id='word_1_546' title='bbox 2027 3182 2156 3236; x_wconf 89' lang='lat' dir='ltr'><strong>satis</strong></span> <span class='ocrx_word' id='word_1_547' title='bbox 2182 3184 2442 3252; x_wconf 73' lang='lat' dir='ltr'><strong>explicata</strong></span> <span class='ocrx_word' id='word_1_548' title='bbox 2472 3193 2617 3238; x_wconf 89' lang='lat' dir='ltr'><strong>sunt.</strong></span> <span class='ocrx_word' id='word_1_549' title='bbox 2661 3181 2928 3254; x_wconf 65' lang='lat' dir='ltr'><strong>(Dissert.</strong></span> <span class='ocrx_word' id='word_1_550' title='bbox 2976 3181 3030 3234; x_wconf 88' lang='lat' dir='ltr'><strong>in</strong></span> <span class='ocrx_word' id='word_1_551' title='bbox 3077 3178 3274 3233; x_wconf 72' lang='lat' dir='ltr'><strong>Minue.</strong></span> <span class='ocrx_word' id='word_1_552' title='bbox 3319 3197 3434 3250; x_wconf 87' lang='lat' dir='ltr'><strong>cap.</strong></span> <span class='ocrx_word' id='word_1_553' title='bbox 3488 3178 3554 3234; x_wconf 79' lang='grc'><strong>18</strong></span> <span class='ocrx_word' id='word_1_554' title='bbox 3594 3187 3641 3230; x_wconf 77' lang='grc' dir='ltr'>(ἰ</span> 
     </span>
    </p>
   </div>
   <div class='ocr_carea' id='block_1_72' title="bbox 2030 3268 3639 3346">
    <p class='ocr_par' dir='ltr' id='par_1_72' title="bbox 2030 3268 3639 3346">
     <span class='ocr_line' id='line_1_72' title="bbox 2030 3268 3639 3346; baseline -0.005 -14"><span class='ocrx_word' id='word_1_555' title='bbox 2030 3277 2185 3340; x_wconf 79' lang='grc' dir='ltr'><strong>19,ει</strong></span> <span class='ocrx_word' id='word_1_556' title='bbox 2231 3277 2284 3330; x_wconf 86' lang='lat' dir='ltr'><strong>in</strong></span> <span class='ocrx_word' id='word_1_557' title='bbox 2313 3275 2551 3330; x_wconf 86' lang='lat' dir='ltr'><strong>Lactant.</strong></span> <span class='ocrx_word' id='word_1_558' title='bbox 2595 3292 2711 3346; x_wconf 86' lang='lat' dir='ltr'><strong>cap.</strong></span> <span class='ocrx_word' id='word_1_559' title='bbox 2737 3274 2829 3339; x_wconf 72' lang='lat'><strong>32,</strong></span> <span class='ocrx_word' id='word_1_560' title='bbox 2858 3283 2959 3328; x_wconf 84' lang='lat' dir='ltr'><strong>art.</strong></span> <span class='ocrx_word' id='word_1_561' title='bbox 3006 3274 3028 3328; x_wconf 76' lang='grc'><strong>1</strong></span> <span class='ocrx_word' id='word_1_562' title='bbox 3063 3289 3198 3343; x_wconf 79' lang='lat' dir='ltr'><strong>seqq.</strong></span> <span class='ocrx_word' id='word_1_563' title='bbox 3254 3272 3380 3326; x_wconf 84' lang='lat' dir='ltr'><strong>etin</strong></span> <span class='ocrx_word' id='word_1_564' title='bbox 3420 3268 3639 3325; x_wconf 81' lang='lat' dir='ltr'><strong>Tertull.</strong></span> 
     </span>
    </p>
   </div>
   <div class='ocr_carea' id='block_1_73' title="bbox 2027 3368 2757 3441">
    <p class='ocr_par' dir='ltr' id='par_1_73' title="bbox 2027 3368 2757 3441">
     <span class='ocr_line' id='line_1_73' title="bbox 2027 3368 2757 3441; baseline -0.003 -17"><span class='ocrx_word' id='word_1_565' title='bbox 2027 3386 2144 3441; x_wconf 87' lang='lat' dir='ltr'><strong>cap.</strong></span> <span class='ocrx_word' id='word_1_566' title='bbox 2169 3368 2262 3435; x_wconf 75' lang='lat'><strong>27,</strong></span> <span class='ocrx_word' id='word_1_567' title='bbox 2295 3381 2396 3425; x_wconf 88' lang='lat' dir='ltr'><strong>art.</strong></span> <span class='ocrx_word' id='word_1_568' title='bbox 2424 3371 2458 3426; x_wconf 79' lang='grc'><strong>5</strong></span> <span class='ocrx_word' id='word_1_569' title='bbox 2483 3380 2531 3424; x_wconf 84' lang='lat' dir='ltr'><strong>ct</strong></span> <span class='ocrx_word' id='word_1_570' title='bbox 2551 3386 2690 3441; x_wconf 72' lang='lat' dir='ltr'><strong>seqq.</strong></span> <span class='ocrx_word' id='word_1_571' title='bbox 2719 3370 2757 3440; x_wconf 93' lang='lat'><strong>).</strong></span> 
     </span>
    </p>
   </div>
   <div class='ocr_carea' id='block_1_74' title="bbox 339 4101 3626 4250">
    <p class='ocr_par' dir='ltr' id='par_1_74' title="bbox 339 4101 3626 4250">
     <span class='ocr_line' id='line_1_74' title="bbox 339 4101 3626 4250; baseline -0.004 0"><span class='ocrx_word' id='word_1_572' title='bbox 339 4121 580 4250; x_wconf 92' lang='lat' dir='ltr'><strong>DE</strong></span> <span class='ocrx_word' id='word_1_573' title='bbox 739 4106 2273 4248; x_wconf 79' lang='lat' dir='ltr'><strong>RESURRECTIONE</strong></span> <span class='ocrx_word' id='word_1_574' title='bbox 2426 4101 3626 4238; x_wconf 83' lang='lat' dir='ltr'><strong>MORTUORUM.</strong></span> 
     </span>
    </p>
   </div>
   <div class='ocr_carea' id='block_1_75' title="bbox 806 4348 3168 4447">
    <p class='ocr_par' dir='ltr' id='par_1_75' title="bbox 806 4348 3168 4447">
     <span class='ocr_line' id='line_1_75' title="bbox 806 4348 3168 4447; baseline -0.006 -22"><span class='ocrx_word' id='word_1_575' title='bbox 806 4365 908 4447; x_wconf 87' lang='lat' dir='ltr'><strong>(E</strong></span> <span class='ocrx_word' id='word_1_576' title='bbox 949 4366 1229 4427; x_wconf 82' lang='lat' dir='ltr'><strong>Veterum</strong></span> <span class='ocrx_word' id='word_1_577' title='bbox 1254 4361 1572 4440; x_wconf 80' lang='lat' dir='ltr'><strong>Scriptor.</strong></span> <span class='ocrx_word' id='word_1_578' title='bbox 1606 4366 1662 4419; x_wconf 83' lang='lat' dir='ltr'><strong>et</strong></span> <span class='ocrx_word' id='word_1_579' title='bbox 1690 4357 1976 4420; x_wconf 80' lang='lat' dir='ltr'><strong>Monum.</strong></span> <span class='ocrx_word' id='word_1_580' title='bbox 2009 4352 2392 4435; x_wconf 80' lang='lat' dir='ltr'><strong>amplissima</strong></span> <span class='ocrx_word' id='word_1_581' title='bbox 2425 4349 2828 4418; x_wconf 79' lang='lat' dir='ltr'><strong>Collcclione,</strong></span> <span class='ocrx_word' id='word_1_582' title='bbox 2869 4357 3017 4410; x_wconf 81' lang='lat' dir='ltr'><strong>tom.</strong></span> <span class='ocrx_word' id='word_1_583' title='bbox 3049 4348 3168 4430; x_wconf 80' lang='lat' dir='ltr'><strong>ix.)</strong></span> 
     </span>
    </p>
   </div>
   <div class='ocr_carea' id='block_1_76' title="bbox 1577 4581 1903 4596">
    <p class='ocr_par' dir='ltr' id='par_1_76' title="bbox 1577 4581 1903 4596">
     <span class='ocr_line' id='line_1_76' title="bbox 1577 4581 1903 4596; baseline 0 0"><span class='ocrx_word' id='word_1_584' title='bbox 1577 4581 1903 4596; x_wconf 53' lang='grc' dir='ltr'><strong>*ο-</strong></span> 
     </span>
    </p>
   </div>
   <div class='ocr_carea' id='block_1_77' title="bbox 1909 4560 2068 4619">
    <p class='ocr_par' dir='ltr' id='par_1_77' title="bbox 1909 4560 2068 4619">
     <span class='ocr_line' id='line_1_77' title="bbox 1909 4560 2068 4619; baseline -0.019 0"><span class='ocrx_word' id='word_1_585' title='bbox 1909 4560 2068 4619; x_wconf 64' lang='lat' dir='ltr'><strong>me:</strong></span> 
     </span>
    </p>
   </div>
   <div class='ocr_carea' id='block_1_78' title="bbox 2087 4585 2361 4599">
    <p class='ocr_par' dir='ltr' id='par_1_78' title="bbox 2087 4585 2361 4599">
     <span class='ocr_line' id='line_1_78' title="bbox 2087 4585 2361 4599; baseline 0.004 -1"><span class='ocrx_word' id='word_1_586' title='bbox 2087 4585 2361 4599; x_wconf 49' lang='grc'><strong>*-</strong></span> 
     </span>
    </p>
   </div>
   <div class='ocr_carea' id='block_1_79' title="bbox 1407 4748 2614 4831">
    <p class='ocr_par' dir='ltr' id='par_1_79' title="bbox 1407 4748 2614 4831">
     <span class='ocr_line' id='line_1_79' title="bbox 1407 4748 2614 4831; baseline -0.003 -3"><span class='ocrx_word' id='word_1_587' title='bbox 1407 4749 2116 4831; x_wconf 82' lang='lat' dir='ltr'><strong>OBSERVATIO</strong></span> <span class='ocrx_word' id='word_1_588' title='bbox 2176 4748 2614 4824; x_wconf 70' lang='grc' dir='ltr'><strong>ΡΒᾹΝΙΑ</strong></span> 
     </span>
    </p>
   </div>
   <div class='ocr_carea' id='block_1_80' title="bbox 1663 4955 1931 4999">
    <p class='ocr_par' dir='ltr' id='par_1_80' title="bbox 1663 4955 1931 4999">
     <span class='ocr_line' id='line_1_80' title="bbox 1663 4955 1931 4999; baseline -0.007 -1"><span class='ocrx_word' id='word_1_589' title='bbox 1663 4955 1931 4999; x_wconf 78' lang='lat' dir='ltr'><strong>D.EDM.</strong></span> 
     </span>
    </p>
   </div>
   <div class='ocr_carea' id='block_1_81' title="bbox 1980 4952 2305 4996">
    <p class='ocr_par' dir='ltr' id='par_1_81' title="bbox 1980 4952 2305 4996">
     <span class='ocr_line' id='line_1_81' title="bbox 1980 4952 2305 4996; baseline -0.009 -1"><span class='ocrx_word' id='word_1_590' title='bbox 1980 4952 2305 4996; x_wconf 79' lang='lat' dir='ltr'><strong>MARTENE.</strong></span> 
     </span>
    </p>
   </div>
   <div class='ocr_carea' id='block_1_82' title="bbox 409 5094 3644 5186">
    <p class='ocr_par' dir='ltr' id='par_1_82' title="bbox 409 5094 3644 5186">
     <span class='ocr_line' id='line_1_82' title="bbox 409 5094 3644 5186; baseline -0.006 -15"><span class='ocrx_word' id='word_1_591' title='bbox 409 5116 561 5186; x_wconf 85' lang='lat' dir='ltr'><strong>Quod</strong></span> <span class='ocrx_word' id='word_1_592' title='bbox 597 5117 646 5170; x_wconf 92' lang='lat' dir='ltr'><strong>in</strong></span> <span class='ocrx_word' id='word_1_593' title='bbox 681 5115 838 5185; x_wconf 85' lang='lat' dir='ltr'><strong>hujus</strong></span> <span class='ocrx_word' id='word_1_594' title='bbox 869 5116 996 5169; x_wconf 87' lang='lat' dir='ltr'><strong>tomi</strong></span> <span class='ocrx_word' id='word_1_595' title='bbox 1029 5113 1212 5168; x_wconf 90' lang='lat' dir='ltr'><strong>limine</strong></span> <span class='ocrx_word' id='word_1_596' title='bbox 1242 5112 1569 5168; x_wconf 87' lang='lat' dir='ltr'><strong>collocamus</strong></span> <span class='ocrx_word' id='word_1_597' title='bbox 1598 5109 1831 5166; x_wconf 89' lang='lat' dir='ltr'><strong>Carmen</strong></span> <span class='ocrx_word' id='word_1_598' title='bbox 1873 5107 1940 5164; x_wconf 91' lang='lat' dir='ltr'><strong>de</strong></span> <span class='ocrx_word' id='word_1_599' title='bbox 1965 5107 2018 5167; x_wconf 92' lang='lat' dir='ltr'><strong>D</strong></span> <span class='ocrx_word' id='word_1_600' title='bbox 2044 5104 2260 5160; x_wconf 88' lang='lat' dir='ltr'><strong>obstare</strong></span> <span class='ocrx_word' id='word_1_601' title='bbox 2287 5101 2496 5157; x_wconf 89' lang='lat' dir='ltr'><strong>videtur</strong></span> <span class='ocrx_word' id='word_1_602' title='bbox 2521 5100 2691 5155; x_wconf 88' lang='lat' dir='ltr'><strong>oratio</strong></span> <span class='ocrx_word' id='word_1_603' title='bbox 2721 5098 2880 5154; x_wconf 86' lang='lat' dir='ltr'><strong>nimis</strong></span> <span class='ocrx_word' id='word_1_604' title='bbox 2910 5097 3204 5168; x_wconf 87' lang='lat' dir='ltr'><strong>salebrosa,</strong></span> <span class='ocrx_word' id='word_1_605' title='bbox 3229 5106 3282 5154; x_wconf 92' lang='lat' dir='ltr'><strong>et</strong></span> <span class='ocrx_word' id='word_1_606' title='bbox 3306 5097 3511 5154; x_wconf 70' lang='lat' dir='ltr'><strong>violatm</strong></span> <span class='ocrx_word' id='word_1_607' title='bbox 3537 5094 3644 5153; x_wconf 86' lang='lat' dir='ltr'><strong>frc-</strong></span> 
     </span>
    </p>
   </div>
   <div class='ocr_carea' id='block_1_83' title="bbox 336 5198 1944 5275">
    <p class='ocr_par' dir='ltr' id='par_1_83' title="bbox 336 5198 1944 5275">
     <span class='ocr_line' id='line_1_83' title="bbox 336 5198 1944 5275; baseline -0.006 -12"><span class='ocrx_word' id='word_1_608' title='bbox 336 5208 754 5264; x_wconf 83' lang='lat' dir='ltr'><strong>Rcsurreciione</strong></span> <span class='ocrx_word' id='word_1_609' title='bbox 776 5217 1134 5271; x_wconf 85' lang='lat' dir='ltr'><strong>mortuorum,</strong></span> <span class='ocrx_word' id='word_1_610' title='bbox 1154 5206 1210 5260; x_wconf 83' lang='lat' dir='ltr'><strong>S.</strong></span> <span class='ocrx_word' id='word_1_611' title='bbox 1232 5204 1482 5275; x_wconf 74' lang='lat' dir='ltr'><strong>Cypriani</strong></span> <span class='ocrx_word' id='word_1_612' title='bbox 1502 5218 1694 5257; x_wconf 90' lang='lat' dir='ltr'><strong>nomen</strong></span> <span class='ocrx_word' id='word_1_613' title='bbox 1726 5198 1944 5270; x_wconf 78' lang='lat' dir='ltr'><strong>praefert</strong></span> 
     </span>
    </p>
   </div>
   <div class='ocr_carea' id='block_1_84' title="bbox 337 5298 1944 5371">
    <p class='ocr_par' dir='ltr' id='par_1_84' title="bbox 337 5298 1944 5371">
     <span class='ocr_line' id='line_1_84' title="bbox 337 5298 1944 5371; baseline -0.006 -15"><span class='ocrx_word' id='word_1_614' title='bbox 337 5302 393 5356; x_wconf 88' lang='lat' dir='ltr'><strong>in</strong></span> <span class='ocrx_word' id='word_1_615' title='bbox 427 5311 736 5371; x_wconf 86' lang='lat' dir='ltr'><strong>pervetusto</strong></span> <span class='ocrx_word' id='word_1_616' title='bbox 761 5301 946 5355; x_wconf 86' lang='lat' dir='ltr'><strong>codice</strong></span> <span class='ocrx_word' id='word_1_617' title='bbox 971 5298 1280 5368; x_wconf 79' lang='lat' dir='ltr'><strong>Corbeiensj</strong></span> <span class='ocrx_word' id='word_1_618' title='bbox 1310 5307 1434 5352; x_wconf 90' lang='lat' dir='ltr'><strong>ante</strong></span> <span class='ocrx_word' id='word_1_619' title='bbox 1455 5311 1623 5350; x_wconf 89' lang='lat' dir='ltr'><strong>annos</strong></span> <span class='ocrx_word' id='word_1_620' title='bbox 1645 5302 1944 5365; x_wconf 86' lang='lat' dir='ltr'><strong>nongentos</strong></span> 
     </span>
    </p>
   </div>
   <div class='ocr_carea' id='block_1_85' title="bbox 336 5384 1945 5462">
    <p class='ocr_par' dir='ltr' id='par_1_85' title="bbox 336 5384 1945 5462">
     <span class='ocr_line' id='line_1_85' title="bbox 336 5384 1945 5462; baseline -0.007 -15"><span class='ocrx_word' id='word_1_621' title='bbox 336 5392 534 5447; x_wconf 89' lang='lat' dir='ltr'><strong>litteris</strong></span> <span class='ocrx_word' id='word_1_622' title='bbox 564 5392 876 5462; x_wconf 86' lang='lat' dir='ltr'><strong>majusculis</strong></span> <span class='ocrx_word' id='word_1_623' title='bbox 895 5398 1140 5447; x_wconf 77' lang='lat' dir='ltr'><strong>exorato.</strong></span> <span class='ocrx_word' id='word_1_624' title='bbox 1165 5391 1295 5456; x_wconf 86' lang='lat' dir='ltr'><strong>Quis</strong></span> <span class='ocrx_word' id='word_1_625' title='bbox 1319 5399 1495 5443; x_wconf 91' lang='lat' dir='ltr'><strong>autem</strong></span> <span class='ocrx_word' id='word_1_626' title='bbox 1513 5387 1581 5442; x_wconf 90' lang='lat' dir='ltr'><strong>sit</strong></span> <span class='ocrx_word' id='word_1_627' title='bbox 1612 5387 1699 5440; x_wconf 83' lang='lat' dir='ltr'><strong>ille</strong></span> <span class='ocrx_word' id='word_1_628' title='bbox 1719 5384 1945 5456; x_wconf 88' lang='lat' dir='ltr'><strong>Cypria-</strong></span> 
     </span>
    </p>
   </div>
   <div class='ocr_carea' id='block_1_86' title="bbox 338 5477 1947 5551">
    <p class='ocr_par' dir='ltr' id='par_1_86' title="bbox 338 5477 1947 5551">
     <span class='ocr_line' id='line_1_86' title="bbox 338 5477 1947 5551; baseline -0.005 -13"><span class='ocrx_word' id='word_1_629' title='bbox 338 5499 462 5550; x_wconf 88' lang='lat' dir='ltr'><strong>nus,</strong></span> <span class='ocrx_word' id='word_1_630' title='bbox 498 5483 635 5538; x_wconf 89' lang='lat' dir='ltr'><strong>haud</strong></span> <span class='ocrx_word' id='word_1_631' title='bbox 661 5484 816 5538; x_wconf 84' lang='lat' dir='ltr'><strong>facile</strong></span> <span class='ocrx_word' id='word_1_632' title='bbox 839 5492 922 5538; x_wconf 88' lang='lat' dir='ltr'><strong>est</strong></span> <span class='ocrx_word' id='word_1_633' title='bbox 950 5481 1212 5537; x_wconf 88' lang='lat' dir='ltr'><strong>divinare.</strong></span> <span class='ocrx_word' id='word_1_634' title='bbox 1242 5479 1374 5534; x_wconf 86' lang='lat' dir='ltr'><strong>Nam</strong></span> <span class='ocrx_word' id='word_1_635' title='bbox 1407 5477 1947 5551; x_wconf 90' lang='lat' dir='ltr'><strong>quominnsceleber-</strong></span> 
     </span>
    </p>
   </div>
   <div class='ocr_carea' id='block_1_87' title="bbox 337 5571 1946 5646">
    <p class='ocr_par' dir='ltr' id='par_1_87' title="bbox 337 5571 1946 5646">
     <span class='ocr_line' id='line_1_87' title="bbox 337 5571 1946 5646; baseline -0.005 -14"><span class='ocrx_word' id='word_1_636' title='bbox 337 5578 480 5632; x_wconf 85' lang='lat' dir='ltr'><strong>rimo</strong></span> <span class='ocrx_word' id='word_1_637' title='bbox 525 5578 602 5632; x_wconf 91' lang='lat' dir='ltr'><strong>illi</strong></span> <span class='ocrx_word' id='word_1_638' title='bbox 655 5576 1066 5646; x_wconf 85' lang='lat' dir='ltr'><strong>Cartliaginensi</strong></span> <span class='ocrx_word' id='word_1_639' title='bbox 1115 5575 1371 5645; x_wconf 89' lang='lat' dir='ltr'><strong>episcopo</strong></span> <span class='ocrx_word' id='word_1_640' title='bbox 1412 5583 1466 5629; x_wconf 90' lang='lat' dir='ltr'><strong>et</strong></span> <span class='ocrx_word' id='word_1_641' title='bbox 1507 5573 1755 5643; x_wconf 78' lang='lat' dir='ltr'><strong>martyri,</strong></span> <span class='ocrx_word' id='word_1_642' title='bbox 1788 5571 1946 5640; x_wconf 89' lang='lat' dir='ltr'><strong>cujus</strong></span> 
     </span>
    </p>
   </div>
   <div class='ocr_carea' id='block_1_88' title="bbox 341 5666 1946 5744">
    <p class='ocr_par' dir='ltr' id='par_1_88' title="bbox 341 5666 1946 5744">
     <span class='ocr_line' id='line_1_88' title="bbox 341 5666 1946 5744; baseline -0.007 -16"><span class='ocrx_word' id='word_1_643' title='bbox 341 5673 554 5744; x_wconf 83' lang='lat' dir='ltr'><strong>egregia</strong></span> <span class='ocrx_word' id='word_1_644' title='bbox 570 5673 766 5741; x_wconf 84' lang='lat' dir='ltr'><strong>scripta</strong></span> <span class='ocrx_word' id='word_1_645' title='bbox 786 5671 1104 5726; x_wconf 86' lang='lat' dir='ltr'><strong>suavissime</strong></span> <span class='ocrx_word' id='word_1_646' title='bbox 1127 5669 1392 5738; x_wconf 80' lang='lat' dir='ltr'><strong>leguntur,</strong></span> <span class='ocrx_word' id='word_1_647' title='bbox 1416 5666 1546 5722; x_wconf 80' lang='lat' dir='ltr'><strong>illud</strong></span> <span class='ocrx_word' id='word_1_648' title='bbox 1568 5666 1946 5730; x_wconf 84' lang='lat' dir='ltr'><strong>attribuamus,</strong></span> 
     </span>
    </p>
   </div>
   <div class='ocr_carea' id='block_1_89' title="bbox 2050 5191 3652 5268">
    <p class='ocr_par' dir='ltr' id='par_1_89' title="bbox 2050 5191 3652 5268">
     <span class='ocr_line' id='line_1_89' title="bbox 2050 5191 3652 5268; baseline -0.004 -17"><span class='ocrx_word' id='word_1_649' title='bbox 2050 5197 2302 5268; x_wconf 90' lang='lat' dir='ltr'><strong>quentius</strong></span> <span class='ocrx_word' id='word_1_650' title='bbox 2352 5194 2509 5250; x_wconf 90' lang='lat' dir='ltr'><strong>metri</strong></span> <span class='ocrx_word' id='word_1_651' title='bbox 2562 5194 2738 5263; x_wconf 85' lang='lat' dir='ltr'><strong>leges;</strong></span> <span class='ocrx_word' id='word_1_652' title='bbox 2793 5191 3003 5246; x_wconf 88' lang='lat' dir='ltr'><strong>tametsi</strong></span> <span class='ocrx_word' id='word_1_653' title='bbox 3056 5193 3336 5246; x_wconf 66' lang='lat' dir='ltr'><strong>sententia!</strong></span> <span class='ocrx_word' id='word_1_654' title='bbox 3375 5205 3565 5260; x_wconf 87' lang='lat' dir='ltr'><strong>graves</strong></span> <span class='ocrx_word' id='word_1_655' title='bbox 3596 5199 3652 5245; x_wconf 89' lang='lat' dir='ltr'><strong>et</strong></span> 
     </span>
    </p>
   </div>
   <div class='ocr_carea' id='block_1_90' title="bbox 2049 5283 3652 5348">
    <p class='ocr_par' dir='ltr' id='par_1_90' title="bbox 2049 5283 3652 5348">
     <span class='ocr_line' id='line_1_90' title="bbox 2049 5283 3652 5348; baseline -0.005 -4"><span class='ocrx_word' id='word_1_656' title='bbox 2049 5304 2292 5345; x_wconf 70' lang='lat' dir='ltr'><strong>nervosa:</strong></span> <span class='ocrx_word' id='word_1_657' title='bbox 2314 5288 2380 5343; x_wconf 87' lang='lat' dir='ltr'><strong>ab</strong></span> <span class='ocrx_word' id='word_1_658' title='bbox 2401 5302 2466 5342; x_wconf 91' lang='lat' dir='ltr'><strong>eo</strong></span> <span class='ocrx_word' id='word_1_659' title='bbox 2494 5287 2714 5341; x_wconf 90' lang='lat' dir='ltr'><strong>minime</strong></span> <span class='ocrx_word' id='word_1_660' title='bbox 2739 5283 3098 5348; x_wconf 85' lang='lat' dir='ltr'><strong>abhorreant,</strong></span> <span class='ocrx_word' id='word_1_661' title='bbox 3131 5297 3232 5338; x_wconf 91' lang='lat' dir='ltr'><strong>nec</strong></span> <span class='ocrx_word' id='word_1_662' title='bbox 3255 5292 3402 5336; x_wconf 90' lang='lat' dir='ltr'><strong>tanto</strong></span> <span class='ocrx_word' id='word_1_663' title='bbox 3429 5283 3652 5337; x_wconf 89' lang='lat' dir='ltr'><strong>doctore</strong></span> 
     </span>
    </p>
   </div>
   <div class='ocr_carea' id='block_1_91' title="bbox 2048 5374 3648 5451">
    <p class='ocr_par' dir='ltr' id='par_1_91' title="bbox 2048 5374 3648 5451">
     <span class='ocr_line' id='line_1_91' title="bbox 2048 5374 3648 5451; baseline -0.004 -16"><span class='ocrx_word' id='word_1_664' title='bbox 2048 5381 2279 5451; x_wconf 77' lang='lat' dir='ltr'><strong>indigine</strong></span> <span class='ocrx_word' id='word_1_665' title='bbox 2296 5379 2620 5450; x_wconf 90' lang='lat' dir='ltr'><strong>judicentur.</strong></span> <span class='ocrx_word' id='word_1_666' title='bbox 2645 5375 2750 5431; x_wconf 93' lang='lat' dir='ltr'><strong>Sed</strong></span> <span class='ocrx_word' id='word_1_667' title='bbox 2773 5390 2948 5445; x_wconf 90' lang='lat' dir='ltr'><strong>neque</strong></span> <span class='ocrx_word' id='word_1_668' title='bbox 2969 5384 3099 5430; x_wconf 67' lang='lat' dir='ltr'><strong>tetas</strong></span> <span class='ocrx_word' id='word_1_669' title='bbox 3115 5375 3348 5430; x_wconf 84' lang='lat' dir='ltr'><strong>auctoris</strong></span> <span class='ocrx_word' id='word_1_670' title='bbox 3374 5390 3402 5428; x_wconf 91' lang='lat' dir='ltr'><strong>a</strong></span> <span class='ocrx_word' id='word_1_671' title='bbox 3424 5374 3648 5445; x_wconf 81' lang='lat' dir='ltr'><strong>Cypria-</strong></span> 
     </span>
    </p>
   </div>
   <div class='ocr_carea' id='block_1_92' title="bbox 2051 5466 3654 5543">
    <p class='ocr_par' dir='ltr' id='par_1_92' title="bbox 2051 5466 3654 5543">
     <span class='ocr_line' id='line_1_92' title="bbox 2051 5466 3654 5543; baseline -0.005 -15"><span class='ocrx_word' id='word_1_672' title='bbox 2051 5474 2102 5528; x_wconf 93' lang='lat' dir='ltr'><strong>ni</strong></span> <span class='ocrx_word' id='word_1_673' title='bbox 2131 5471 2567 5543; x_wconf 85' lang='lat' dir='ltr'><strong>Carthagiueusis</strong></span> <span class='ocrx_word' id='word_1_674' title='bbox 2595 5483 2712 5524; x_wconf 65' lang='lat' dir='ltr'><strong>aevo</strong></span> <span class='ocrx_word' id='word_1_675' title='bbox 2741 5467 2944 5522; x_wconf 90' lang='lat' dir='ltr'><strong>distare</strong></span> <span class='ocrx_word' id='word_1_676' title='bbox 2971 5467 3200 5522; x_wconf 79' lang='lat' dir='ltr'><strong>videtur.</strong></span> <span class='ocrx_word' id='word_1_677' title='bbox 3231 5466 3360 5520; x_wconf 80' lang='lat' dir='ltr'><strong>Nam</strong></span> <span class='ocrx_word' id='word_1_678' title='bbox 3389 5467 3432 5520; x_wconf 87' lang='lat' dir='ltr'><strong>si</strong></span> <span class='ocrx_word' id='word_1_679' title='bbox 3463 5481 3529 5520; x_wconf 92' lang='lat' dir='ltr'><strong>eo</strong></span> <span class='ocrx_word' id='word_1_680' title='bbox 3555 5481 3654 5520; x_wconf 91' lang='lat' dir='ltr'><strong>an-</strong></span> 
     </span>
    </p>
   </div>
   <div class='ocr_carea' id='block_1_93' title="bbox 2050 5561 3657 5639">
    <p class='ocr_par' dir='ltr' id='par_1_93' title="bbox 2050 5561 3657 5639">
     <span class='ocr_line' id='line_1_93' title="bbox 2050 5561 3657 5639; baseline -0.006 -16"><span class='ocrx_word' id='word_1_681' title='bbox 2050 5569 2247 5639; x_wconf 87' lang='lat' dir='ltr'><strong>tiquior</strong></span> <span class='ocrx_word' id='word_1_682' title='bbox 2274 5584 2376 5622; x_wconf 92' lang='lat' dir='ltr'><strong>non</strong></span> <span class='ocrx_word' id='word_1_683' title='bbox 2403 5568 2502 5631; x_wconf 84' lang='lat' dir='ltr'><strong>sit,</strong></span> <span class='ocrx_word' id='word_1_684' title='bbox 2531 5563 2890 5634; x_wconf 66' lang='lat' dir='ltr'><strong>subiequalem</strong></span> <span class='ocrx_word' id='word_1_685' title='bbox 2938 5563 3124 5616; x_wconf 89' lang='lat' dir='ltr'><strong>saltem</strong></span> <span class='ocrx_word' id='word_1_686' title='bbox 3170 5562 3336 5618; x_wconf 88' lang='lat' dir='ltr'><strong>fuisse</strong></span> <span class='ocrx_word' id='word_1_687' title='bbox 3379 5561 3657 5630; x_wconf 90' lang='lat' dir='ltr'><strong>complura</strong></span> 
     </span>
    </p>
   </div>
   <div class='ocr_carea' id='block_1_94' title="bbox 2052 5653 3660 5728">
    <p class='ocr_par' dir='ltr' id='par_1_94' title="bbox 2052 5653 3660 5728">
     <span class='ocr_line' id='line_1_94' title="bbox 2052 5653 3660 5728; baseline -0.007 -11"><span class='ocrx_word' id='word_1_688' title='bbox 2052 5661 2324 5717; x_wconf 87' lang='lat' dir='ltr'><strong>evincunt.</strong></span> <span class='ocrx_word' id='word_1_689' title='bbox 2353 5661 2512 5716; x_wconf 79' lang='lat' dir='ltr'><strong>Certe</strong></span> <span class='ocrx_word' id='word_1_690' title='bbox 2539 5674 2603 5712; x_wconf 91' lang='lat' dir='ltr'><strong>eo</strong></span> <span class='ocrx_word' id='word_1_691' title='bbox 2637 5673 2693 5713; x_wconf 87' lang='lat' dir='ltr'><strong>se</strong></span> <span class='ocrx_word' id='word_1_692' title='bbox 2715 5655 3014 5728; x_wconf 68' lang='lat' dir='ltr'><strong>prtesertim</strong></span> <span class='ocrx_word' id='word_1_693' title='bbox 3041 5664 3286 5724; x_wconf 88' lang='lat' dir='ltr'><strong>tempore</strong></span> <span class='ocrx_word' id='word_1_694' title='bbox 3307 5653 3526 5719; x_wconf 84' lang='lat' dir='ltr'><strong>vixisse,</strong></span> <span class='ocrx_word' id='word_1_695' title='bbox 3553 5665 3660 5723; x_wconf 87' lang='lat' dir='ltr'><strong>quo</strong></span> 
     </span>
    </p>
   </div>
  </div>
