4142 6256
283 251 432 322 1017

1352 244 1694 304 ΞΕΕΕΟΤιΕ
1730 247 1801 305 IN
1845 246 2251 304 CYPRIANUM
2290 244 2524 305 ΝΟΤᾸΕ.

3463 247 3603 305 1078

283 384 408 423 vero
456 383 639 421 causas
686 376 734 421 et
777 367 1002 423 rationes
1051 368 1311 438 ingeniose
1348 366 1768 431 comminiscitur,
1801 382 1896 420 cur
1922 367 1978 427 Α
2081 363 2254 431 Super
2298 366 2408 418 ha'c
2453 379 2575 435 ergo
2622 380 2724 419 non
2766 362 3089 434 indignabor.
3130 379 3241 419 ιη
3288 361 3494 434 legunt,
3521 370 3607 420 ἐπὶ

289 440 621 493 Dominicum
669 449 779 510 post
818 456 1011 493 comam
1057 441 1311 493 celebrare
1340 455 1440 492 non
1470 438 1758 498 debeamus.
1800 444 1897 492 etsi

287 523 406 583 post
449 526 641 565 comam
676 511 923 583 Dominus
950 512 1246 583 instituerit.
1294 510 1433 562 Dicet
1465 512 1667 578 aliquis,
1712 526 1896 563 causas

286 579 397 636 sive
424 584 647 635 rationes
674 599 800 651 quas
824 579 1113 653 Cyprianus
1143 581 1293 649 affert
1316 598 1423 635 esse
1462 583 1720 653 spiritales
1745 593 1897 650 atque

286 654 527 719 divinas;
566 670 771 720 nempe,
811 651 1071 708 Christum
1123 654 1416 706 memoriam
1464 652 1715 721 passionis
1764 668 1890 715 suce,

281 741 403 797 quis
421 726 489 778 ad
506 741 760 791 vesperam
782 724 880 778 diei
904 726 1133 797 contigit,
1162 725 1441 777 instituisse
1466 736 1578 790 post
1598 739 1892 797 vesperam;

282 796 382 851 nos
408 806 574 849 autem
604 799 1020 851 resurrectionem
1056 796 1260 849 Domini
1304 797 1550 848 matutino
1576 806 1801 865 tempore
1827 796 1890 848 ab

281 869 401 936 ipso
452 866 674 921 Domino
731 879 985 937 patratum
1038 885 1187 922 mane
1241 866 1515 932 celebrare,
1559 883 1622 920 ac
1676 866 1891 934 proinde

280 940 425 1009 quod
454 939 696 993 divinitus
722 940 1009 993 institutum
1049 942 1166 1011 fuit,
1198 955 1296 992 non
1326 939 1488 1011 videri
1529 938 1755 1011 humana
1780 948 1891 1011 tra-

281 1011 479 1064 ditione
507 1012 610 1063 sive
635 1013 1030 1079 prtesumptione
1050 1008 1343 1063 mutatum.
1376 1008 1514 1063 Αἲυο
1554 1012 1659 1074 iam
1689 1008 1893 1063 Ttrtul-

281 1082 682 1136 lianimulatum
722 1082 916 1146 aliquid
967 1084 1101 1135 circa
1156 1082 1251 1135 hoc
1300 1092 1675 1135 sacrannntum
1734 1081 1894 1148 fuisse

281 1155 561 1221 Colligitur.
594 1163 640 1206 et
680 1171 779 1207 non
819 1154 984 1207 solum
1014 1170 1238 1220 vespere,
1267 1154 1317 1205 in
1351 1164 1572 1218 tempore
1600 1155 1777 1213 victas,
1801 1153 1891 1205 scd

282 1225 437 1279 etiam
478 1224 617 1281 heris
651 1225 987 1286 antelucanis,
1019 1225 1410 1279 Sacramentum
1438 1224 1666 1293 corporis
1697 1223 1889 1276 Christi

279 1298 586 1369 celebratum
632 1296 790 1368 fuisse
840 1306 1059 1369 arguunt
1091 1300 1198 1349 lucc
1227 1297 1396 1361 verba,
1430 1294 1518 1349 lib.
1554 1296 1616 1347 de
1644 1292 1847 1369 Corona
1869 1311 1889 1347 :

280 1365 1026 1422 Eucharistinsacramentum
1063 1368 1113 1420 in
1154 1378 1378 1433 tempore
1403 1368 1561 1420 victus
1586 1366 1889 1419 mandatum

279 1454 313 1491 a
359 1439 595 1502 Domino,
625 1440 776 1493 etiam
805 1440 1130 1493 antelucanis
1159 1441 1297 1491 horis
1335 1441 1602 1492 sumimus.
1640 1436 1888 1490 Nondum

280 1518 452 1563 tamen
478 1517 701 1562 humana
730 1512 1060 1580 pt'wStttttpliO
1091 1511 1163 1563 sic
1190 1510 1492 1575 invulnerat,
1526 1520 1577 1561 ut
1606 1526 1706 1562 non
1732 1512 1886 1562 etiam

279 1581 337 1634 in
387 1592 610 1652 tempore
637 1584 796 1636 victus
824 1592 1125 1635 sumeretur.
1175 1580 1279 1637 Sed
1324 1581 1480 1652 paulo
1517 1591 1631 1649 post
1677 1582 1886 1634 omnino

277 1651 561 1721 invaluisse
602 1654 927 1719 manifestum
977 1665 1069 1715 est,
1113 1669 1175 1707 ea:
1205 1654 1280 1705 his
1308 1651 1422 1721 qum
1448 1653 1601 1705 tradit
1634 1653 1728 1705 hac
1758 1651 1887 1719 Epi-

279 1724 414 1806 stula
432 1720 741 1792 Cyprianus.
766 1722 789 1776 i
799 1741 931 1777 mmo
959 1723 1212 1792 placuisse
1232 1720 1449 1817 Slpiritui
1472 1736 1647 1777 sancto
1672 1727 1744 1817 ait
1772 1724 1883 1775 Αιι-
1917 1758 1966 1817 Β

276 1798 530 1864 gustinus,
557 1810 645 1847 nec
691 1806 899 1865 propter
936 1812 1020 1850 ests
1068 1811 1195 1864 quas
1249 1795 1538 1865 Cyprianus
1582 1796 1754 1847 attulit
1797 1812 1882 1847 ra-

276 1867 465 1928 tiones,
492 1865 582 1918 sed
609 1877 660 1916 ut
686 1867 738 1919 in
769 1868 1011 1919 honorent
1042 1869 1167 1919 tanti
1200 1866 1539 1929 Sacrantenti,
1573 1868 1625 1919 in
1657 1883 1712 1919 os
1730 1865 1882 1921 Chri-

276 1936 618 2007 stiani_prins
663 1936 988 1991 Dominicum
1038 1954 1224 2007 corpus
1274 1939 1506 2000 intraret,
1532 1953 1684 2005 quam
1717 1939 1885 1990 cteteri

279 2006 398 2060 cibi.
438 2006 576 2059 Nam
594 2007 737 2078 ideo,
786 2008 967 2073 inquit,
1004 2027 1092 2078 per
1118 2006 1407 2061 universum
1449 2010 1619 2061 orbem
1658 2024 1765 2061 mos
1790 2010 1885 2061 iste

277 2088 529 2132 servatur.
583 2075 649 2131 Et
681 2091 845 2131 tamen
877 2075 1011 2132 idem
1040 2080 1287 2144 observat,
1328 2079 1603 2132 nonnullos
1636 2080 1887 2148 probabili

279 2154 502 2219 quadam
541 2151 739 2203 ratione
767 2151 1040 2207 delectari.
1073 2160 1125 2203 ut
1153 2166 1254 2211 uno
1299 2163 1434 2205 certo
1465 2151 1548 2203 die
1578 2167 1666 2219 per
1692 2167 1884 2204 annum

274 2236 381 2291 quo
422 2221 586 2288 ipsam
621 2237 815 2275 caenam
867 2222 1114 2277 Dominus
1156 2223 1315 2285 dedit,
1370 2232 1627 2289 tamquam
1660 2221 1727 2273 ad
1753 2222 1883 2274 iasi-

283 2293 511 2360 gnior'em
534 2294 1084 2352 commemorationem,
1131 2303 1241 2360 post
1277 2294 1414 2345 cibos
1450 2292 1625 2356 nlferri
1651 2302 1699 2346 et
1722 2294 1889 2361 accipi

283 2364 431 2416 liceat
460 2379 646 2429 corpus
677 2378 724 2417 et
766 2366 1065 2434 sanguinem
1097 2363 1321 2417 Domini.
1359 2363 1553 2418 Deinde
1582 2364 1887 2431 disputatio-

284 2448 399 2486 nem
427 2450 570 2485 suam
598 2435 672 2486 vir
701 2437 1049 2488 sanctissinms
1078 2435 1223 2503 quasi
1254 2436 1434 2487 dubius
1475 2445 1520 2486 et
1551 2436 1769 2488 incertus
1815 2436 1888 2489 ita

286 2504 581 2575 cancludit:
622 2505 945 2572 QuaprOpter
970 2508 1220 2558 neminem
1248 2509 1475 2575 cogimus
1507 2516 1623 2557 ante
1652 2503 1886 2559 Domini-

286 2574 560 2628 camillum
582 2592 773 2646 cumam
802 2578 1070 2646 prandere,
1097 2576 1183 2628 sed
1212 2576 1339 2630 nulli
1365 2578 1517 2628 etiam
1540 2577 1890 2631 contradicere

288 2646 558 2701 audemus.
598 2644 827 2702 Habetur
854 2657 1019 2700 autem
1047 2665 1105 2700 ea
1131 2647 1411 2709 disputatio
1437 2646 1499 2705 E,
1522 2647 1675 2701 istola
1701 2663 1887 2713 cwut,

288 2718 375 2787 ubi
405 2718 498 2769 hoc
543 2719 693 2770 etiam
740 2720 1002 2773 observare
1027 2729 1118 2779 est,
1162 2733 1219 2771 eo
1250 2718 1332 2769 die
1360 2736 1457 2787 quo
1490 2723 1652 2786 ipsam
1695 2735 1889 2773 canam

289 2786 544 2842 Dominus
574 2788 729 2855 dedit,
766 2807 925 2858 prope
948 2806 1117 2842 omnes
1148 2790 1199 2841 in
1233 2786 1483 2857 plerisque
1507 2791 1630 2843 locis
1672 2792 1886 2846 lnvusse.

292 2858 476 2929 Itaque
509 2862 652 2913 addit
677 2862 1027 2931 Augustinus:
1063 2860 1128 2915 Et
1161 2861 1279 2919 quia
1310 2862 1547 2914 nonnulli
1570 2862 1720 2913 etiam
1754 2864 1893 2932 jeju-

292 2934 434 2984 nium
484 2934 794 2997 custodiunt,
848 2948 998 2986 mane
1042 2932 1256 2999 offertur
1305 2945 1510 3001 prapter
1558 2934 1888 3001 prandentes,

293 3003 409 3072 quia
428 3004 630 3072 jejunio
658 3003 810 3056 simul
849 3015 893 3056 et
923 3004 1125 3057 lavacra
1171 3003 1389 3057 tolerare
1416 3020 1516 3063 non
1546 3016 1799 3072 possunt:
1824 3004 1892 3058 ad

295 3088 550 3196 vesperam
596 3090 733 3136 vero,
764 3086 970 3144 propter
988 3077 1285 3145 jejunantes

420 3145 554 3196 assio
593 3156 665 3196 est
692 3148 824 3196 enim
857 3145 1081 3196 Domini.
1113 3146 1261 3196 Illius

2001 445 2186 497 τούτοις
2221 442 2587 507 ὃργισθνρομαι.
2627 438 2827 490 01111551)
2860 446 2996 492 πᾶσι.

2076 507 2197 562 Non
2226 506 2410 561 taxatio
2434 510 2557 561 illis.
2585 507 2845 575 Rigaltius
2872 514 2966 569 ait,
2988 506 3259 560 Manebant
3283 508 3449 576 ligati,
3470 524 3594 577 non,

2001 585 2287 632 remittetur
2332 580 2423 645 eis,
2472 596 2571 632 non
2613 580 2949 642 absolventur,
2999 583 3052 633 ait
3094 589 3165 645 μ-ὶι
3210 585 3365 639 essm
3409 583 3601 643 αὐτοὺς.

2001 647 2206 704 Textus
2255 652 2337 704 hic
2369 650 2468 704 sub
2499 650 2685 703 eadem
2736 652 2901 704 forma
2930 651 3128 717 su-pius
3156 650 3420 705 laudatur.

2079 720 2165 776 Ne
2196 722 2327 790 forte
2355 723 2690 790 derelinquat.
2727 737 2830 776 Lxx
2865 722 3045 787 legunt
3082 722 3364 793 ἀπαλλάξῃ.
3408 721 3600 790 Aquila

2004 794 2173 863 [nauis
2222 793 2285 847 ad
2337 804 2568 847 tuentem
2626 795 2761 847 sacri
2821 803 2996 846 textus
3048 793 3228 856 habet,
3279 797 3502 863 διακόψῃ.
3548 804 3603 847 et

1998 861 2354 932 Symmachus
2386 869 2652 936 stupeam
2693 864 2888 917 Vmetu
2921 866 3057 916 hanc
3086 880 3214 936 cxx,
3252 864 3266 916 Ι
3303 864 3434 933 Heg.
3461 861 3595 929 sxv,

2000 936 2090 994 10.
2128 951 2220 1001 per
2249 941 2508 1003 ἀγιχωρεω
2541 942 2987 1005 interpretantur;
3012 935 3137 989 alilii
3172 937 3364 1004 passim
3391 951 3483 1005 per
3499 940 3605 989 δια.-

2000 1010 2193 1060 κόπτω.
2240 1018 2495 1077 καθαιρὲω,
2546 1017 2597 1060 et
2640 1009 2801 1061 verita
2845 1006 2926 1058 lus
2952 1022 3249 1076 synonyma
3267 1020 3562 1073 exponunt.

2068 1077 2247 1129 Altare
2289 1079 2487 1132 Sancti.
2540 1094 2641 1132 LXX
2686 1090 2799 1147 πρὸς
2838 1088 2896 1131 τὸ
2941 1087 3273 1145 θυσιαστήριον
3312 1085 3399 1132 τοῦ
3438 1082 3599 1143 ἁγίου.

1997 1151 2079 1202 at”;
2111 1153 2190 1203 οὐκ
2221 1156 2482 1214 ἑτέ-ξαντα
2508 1151 2574 1217 ἐφ’
2596 1158 2787 1212 ἑαυτοὺς
2810 1156 3071 1219 depart-low.
3102 1155 3178 1201 ἵνα
3202 1160 3274 1216 μὴ
3300 1152 3596 1205 ἀποθάνωσι.

1996 1218 2243 1273 Editurcs'
2270 1226 2371 1273 huc
2397 1238 2565 1289 usque
2586 1220 2753 1275 Ewd.
2780 1218 3002 1285 Χλιίῖο
3025 1221 3296 1290 designari
3318 1222 3595 1290 puutbant,

1995 1291 2087 1358 qui
2119 1306 2273 1342 error
2303 1293 2438 1346 alios
2489 1296 2712 1361 peperit.

2075 1361 2338 1426 Quamvis.
2381 1363 2459 1417 Uto
2482 1379 2700 1429 umque.
2735 1363 2885 1425 licet,
2921 1363 2993 1416 sic
3020 1363 3357 1432 quorumdant
3398 1375 3602 1431 peetora

1996 1434 2315 1506 tenebrarum
2343 1434 2682 1503 ingruentium
2724 1438 2982 1506 profunda
3013 1435 3180 1504 caligo
3210 1436 3447 1499 ccecavit;
3480 1437 3602 1489 nul-

1992 1503 2103 1555 lum
2147 1505 2291 1557 enim
2340 1506 2424 1558 hic
2453 1506 2769 1558 retltlilivum
2800 1503 3053 1559 SIICCPdil.
3122 1503 3129 1504 ί
3402 1535 3415 1545 ι

2069 1574 2240 1646 Stipes
2284 1585 2330 1628 et
2376 1577 2654 1630 oblationes
2693 1587 2739 1629 et
2790 1577 2932 1629 lucra
2978 1577 3287 1630 desiderant.
3341 1576 3601 1646 Riguitius

1992 1645 2086 1708 ait,
2122 1645 2306 1714 Itaque
2323 1647 2437 1714 jam
2480 1646 2726 1716 Cypriani
2763 1651 2933 1701 seculo
2962 1649 3086 1701 mali
3124 1645 3605 1715 sacerdotesqtttes-

1994 1726 2103 1769 tum
2146 1720 2249 1771 sive
2280 1728 2548 1787 capturum
2579 1735 2643 1771 ea:
2669 1718 3010 1772 oblationibus
3041 1719 3271 1783 fidelium
3320 1736 3603 1787 usurpave-

1993 1798 2130 1841 rant.
2168 1789 2380 1857 August.
2410 1789 2500 1842 lib.
2536 1806 2584 1841 ιν
2612 1790 2675 1842 de
2704 1790 2985 1857 liuptismo.
3019 1802 3196 1842 contra
3226 1790 3418 1845 Donat.
3452 1790 3604 1846 lianc

1989 1874 2104 1912 vero
2146 1860 2279 1911 luent
2325 1860 2656 1928 foedissimam
2715 1870 2941 1923 posteros
2987 1862 3229 1914 invasisse
3283 1863 3602 1927 apertissime

1989 1941 2290 1997 conquestus
2337 1942 2408 1983 est
2439 1931 2697 1999 Sulpitius
2726 1929 2963 1986 Severus.
3008 1930 3143 1984 Hist.
3181 1933 3216 1986 l.
3256 1947 3291 1986 I.
3329 1934 3600 1999 Sedeutes,

1990 2001 2175 2071 inquit,
2205 2018 2413 2055 munera
2440 2012 2753 2069 exspectant.
2784 2014 2935 2071 atque
2962 2019 3110 2055 omne
3147 2005 3263 2057 vitae
3286 2004 3441 2058 decus
3471 2021 3604 2057 mer-

1989 2074 2112 2125 cede
2148 2084 2446 2139 corruptum
2475 2074 2691 2139 habent,
2727 2076 2851 2127 dum
2885 2076 3033 2144 quasi
3063 2077 3290 2130 venalem
3324 2076 3601 2146 prteferunt

1996 2146 2345 2197 sanctitatem.

2064 2213 2266 2279 Lapsus
2290 2214 2450 2269 laicos
2494 2214 2777 2270 Laicorum
2810 2215 3041 2285 lapsum.
3075 2217 3279 2273 Sensus
3310 2216 3455 2272 enim
3496 2218 3599 2274 iste

1991 2285 2059 2339 ad
2085 2302 2199 2358 rem
2224 2286 2473 2358 Cypriani
2500 2288 2665 2347 inagis
2698 2289 2842 2342 iacit.

2069 2356 2917 2430 Oblatio'sanetiﬁcari.Bigaltius
2934 2359 3005 2413 ait
3032 2378 3044 2413 :
3075 2360 3603 2430 Sanctiﬁcaturobla-

1995 2429 2086 2495 tio,
2135 2446 2251 2481 cum
2289 2431 2344 2496 ﬁt
2383 2447 2572 2495 corpus
2617 2429 2837 2487 Christi.
2897 2432 3035 2498 quod
3077 2429 3308 2486 absolute
3355 2432 3611 2493 Sanctum,

1992 2500 2203 2570 dicitur.
2234 2500 2630 2555 Observavimus
2658 2503 2801 2570 apud
2829 2501 3026 2556 Tertul.
3071 2503 3161 2557 lib.
3222 2504 3285 2557 de
3331 2503 3600 2558 Oratione.

1996 2569 2079 2642 Es:
2124 2588 2213 2624 ore
2258 2588 2356 2642 quo
2402 2573 2562 2626 Amen
2610 2574 2661 2625 in
2696 2569 2961 2627 Sanctum
2993 2575 3285 2641 pratuleris.
3323 2576 3388 2630 Et
3426 2577 3516 2628 lib.
3541 2576 3606 2629 de

1998 2640 2228 2696 Pratscr.
2254 2640 2536 2696 httreticor.
2571 2642 2651 2697 Ne
2678 2659 2909 2698 sanctum
2938 2640 3147 2700 canibus
3164 2644 3607 2715 jactaret.Postea

1997 2728 2112 2765 vero
2155 2714 2371 2766 invaluit
2409 2731 2501 2781 pro
2546 2717 2952 2782 sanctiﬁcatione
2991 2720 3092 2772 dici
3134 2719 3600 2784 consecrationem,

1996 2785 2146 2859 vulgo
2184 2785 2257 2837 sic
2286 2786 2607 2859 existimanti:
2636 2791 2872 2839 sucrandi
2919 2789 3164 2843 vocabulo
3204 2790 3401 2855 aliquid
3440 2790 3602 2859 signi—

1998 2856 2146 2921 ﬁcari
2175 2856 2581 2919 sanctiﬁcatione
2618 2860 2962 2923 praestantius.
3011 2860 3289 2926 Quatenus
3330 2856 3599 2915 elemcma

1995 2926 2047 3051 ila
2072 2926 2405 3008 Euctmristia
2433 2927 2629 2982 Christi
2657 2942 2851 2999 corpus
2882 2930 2985 2983 sint
3016 2942 3066 2985 et
3097 2930 3364 2998 dicantur,
3403 2932 3602 3000 sacpius

2036 3013 2251 3051 IXIIIIIIS.

2036 3013 2251 3051 IXIIIIIIS.

2074 3068 2294 3141 Quando
2326 3086 2415 3123 ncc
2442 3068 2630 3141 oblatio
2652 3069 2966 3141 sancti/ﬁcari
2991 3072 3098 3125 illic
3128 3072 3304 3138 possit.
3340 3071 3599 3141 Rigallius

420 3145 554 3198 assio
593 3156 665 3199 est
692 3136 824 3199 enim
857 3136 1082 3201 Domini.
1113 3146 1261 3199 Illius
1287 3148 1573 3214 ἀνάμνησις.
1600 3146 1730 3201 Luc.
1762 3163 1896 3215 xx",
1928 3144 1971 3205 C
2005 3139 2079 3215 ait
2107 3156 2120 3189 :
2157 3140 2431 3215 sententite
2474 3138 2719 3210 Cypriani
2771 3136 3272 3215 I’aitteliusopponit
3301 3136 3601 3215 sententiam

298 3213 419 3279 19,|
453 3215 579 3269 Cvr.
613 3232 689 3275 XI.
722 3216 908 3277 35.23.

373 3286 436 3341 Si
496 3289 612 3357 quis
664 3288 966 3357 simpliciter
1022 3303 1121 3341 non
1169 3288 1262 3353 hoc
1306 3288 1603 3344 observavit.
1642 3289 1906 3355 Rigaltius

298 3358 393 3425 ait,
438 3357 526 3413 Sic
575 3359 715 3429 infra
785 3361 877 3413 sub
908 3360 1059 3428 ﬁnem
1112 3357 1359 3430 Epistolis
1386 3359 1553 3418 dicet:
1600 3361 1750 3428 Quod
1770 3364 1900 3416 sint-

301 3430 497 3498 pliciter
536 3435 832 3485 erravimus.

376 3500 645 3575 Secundus
670 3504 779 3572 ejus
803 3503 1045 3558 adventus
1067 3503 1465 3575 appropinquat.
1496 3503 1755 3575 Rigaltius
1785 3504 1859 3560 ait
1884 3524 1896 3560 :

305 3570 475 3639 Supra
494 3573 642 3637 dixit,
686 3570 919 3627 occasum
946 3574 1140 3626 steculi.
1178 3574 1337 3638 Epist.
1376 3589 1520 3629 LVIII.

379 3640 548 3720 Magis
579 3643 857 3720 iiluminat.
909 3644 1024 3699 Non
1054 3661 1171 3720 .per
1203 3644 1437 3720 Mummii
1470 3658 1525 3720 cl;
1555 3648 1902 3720 Hypnphcta-

304 3728 423 3766 rum
468 3715 582 3779 eius
612 3717 896 3783 insomnia,
927 3716 1065 3785 11111111
1097 3716 1322 3768 dixisset
1348 3715 1747 3779 Tertullta'uus’;
1804 3722 1899 3775 sed

282 3790 285 3791 '
306 3786 611 3855 ρει-(11111511
636 3798 685 3839 vt
706 3788 1080 3856 Apostolorum
1108 3787 1307 3840 monita
1330 3788 1567 3845 stmlmse
1592 3792 1894 3844 οιιςθιινηιει.

375 3856 692 3911 Traditionis
723 3860 992 3912 dominica:
1012 3861 1292 3911 veritatem.
1322 3858 1579 3915 lligaltius
1603 3863 1697 3920 ait.
1726 3863 1902 3928 Supra

307 3928 455 4002 dixit,
497 3932 801 4002 sacramenti
829 3933 1108 3984 veritatem.
1156 3929 1210 3982 111
1242 3930 1355 3982 scil.
1392 3930 1563 4002 ipsum
1607 3933 1748 4002 quod
1800 3935 1901 3988 Du-

308 4001 483 4054 miuus
510 4000 689 4057 docuit
716 4010 772 4056 et
815 4002 958 4056 fecit.

843 4115 1174 4173 EPISTOLA
1207 4116 1391 4177 LXIV.

388 4225 522 4300 Fida
551 4229 723 4298 fratri.
751 4228 1019 4284 Pamelius
1041 4230 1113 4282 ait
1140 4244 1158 4283 .°
1188 4228 1300 4296 Quo
1323 4230 1373 4281 in
1401 4228 1512 4282 loco
1535 4230 1685 4300 fuerit
1712 4231 1904 4294 episco-

316 4315 411 4373 pus
454 4298 635 4359 Fidus.
681 4315 784 4355 nan
831 4313 1070 4373 constat;
1103 4302 1374 4355 verisimile
1412 4298 1577 4354 tamen
1629 4313 1699 4354 est
1752 4303 1907 4373 fuisse

316 4370 531 4443 vicinum
561 4374 870 4440 episc0patui
896 4371 1159 4441 Tltcrapit,
1179 4373 1264 4442 qui
1290 4374 1340 4424 in
1363 4374 1557 4443 synodo
1579 4370 1906 4441 cognomina—

315 4450 395 4495 tur
418 4460 448 4496 a
480 4440 673 4497 Bulla:
702 4442 821 4497 th.
854 4440 1086 4515 Sit/Trag.
1111 4440 1197 4499 (il'
1230 4440 1433 4498 concilii
1458 4440 1899 4514 cartliayiniensis.

857 4580 1182 4643 EPISTOL.\
1213 4582 1375 4638 LXV.

396 4694 645 4763 Epicteto.
677 4696 948 4753 Pamelius
993 4698 1100 4751 ait:
1137 4696 1316 4752 Fuisse
1344 4697 1478 4757 hunc
1501 4698 1790 4767 episcopum
1822 4698 1916 4753 As-

321 4767 627 4842 suritanum,
662 4769 927 4842 verisimile
955 4780 1060 4842 est;
1102 4770 1509 4842 quandoquidem
1541 4780 1707 4825 autem
1749 4773 1799 4823 in
1826 4789 1914 4842 sy-

323 4838 456 4892 nodo
493 4841 789 4895 sententiam
809 4841 938 4894 dixit
965 4840 1095 4895 alius
1124 4838 1447 4896 Assnritnnns
1475 4842 1760 4909 episcOpns,
1805 4838 1914 4896 Vic-

324 4911 650 4984 terAuotnine,
679 4913 944 4981 defunctus
986 4913 1175 4967 vtdetur
1207 4911 1464 4980 Epictetus
1496 4925 1613 4965 ante
1641 4915 1915 4984 synodum.

322 4980 444 5054 Vici:
479 4979 712 5054 Sit/frag.
744 4979 940 5039 Concil.
976 4984 1150 5037 Carth.
1188 4979 1276 5039 68⁷.

397 5052 828 5126 Fortunatianuni
869 5056 1123 5123 quondant
1170 5058 1309 5123 apud
1348 5071 1435 5107 vos
1480 5056 1788 5126 episcopum.
1820 5057 1918 5111 Pa-

327 5125 519 5179 melius
547 5127 640 5191 ait,
690 5124 880 5179 Fuerat
910 5129 1109 5196 quidem
1140 5128 1373 5181 Fortuna
1396 5124 1546 5179 ianus
1574 5124 1777 5182 illarum
1808 5130 1908 5198 epi-

328 5212 531 5269 scopus,
567 5198 651 5250 sed
671 5201 806 5265 quod
833 5198 1005 5262 lapsus
1034 5211 1177 5260 esset,
1212 5200 1312 5260 iam
1342 5200 1632 5265 episcopatu
1658 5203 1922 5269 privatus:

330 5268 490 5338 fuisse
531 5279 697 5320 autem
727 5287 838 5323 eum
873 5280 917 5322 et
950 5272 1185 5339 factionis
1214 5269 1488 5321 Novutiuni
1515 5287 1576 5324 ea:
1604 5268 1922 5339 sequentibus

330 5348 545 5390 constat.
596 5340 801 5395 Dicitur
830 5358 920 5409 pro
952 5344 1146 5411 integro
1186 5357 1334 5409 agere
1378 5341 1536 5396 velle:
1575 5360 1635 5394 ac
1666 5344 1708 5395 si
1744 5343 1922 5411 lapsus

333 5414 875 5482 pnfl_pa3nileu:iam
931 5421 1198 5482 peractam
1250 5416 1611 5467 cmnmuuiuni
1672 5415 1924 5468 Ecclesiae

333 5479 603 5543 redditus;
651 5484 718 5535 ita
752 5484 802 5536 iu
855 5479 1116 5553 integrum
1151 5491 1426 5535 rc~tttutus
1470 5493 1633 5551 c~2~ct,
1668 5495 1757 5537 aut
1785 5486 1925 5552 ejus-

333 5553 454 5624 dem
481 5554 741 5624 regimen.
771 5555 1078 5617 postlimiuii
1103 5556 1249 5621 quasi
1274 5556 1394 5620 jure
1414 5570 1694 5624 rapes-ert:
1726 5560 1928 5610 liceret.

334 5622 438 5675 Sed
459 5622 667 5675 videtur
694 5622 1078 5681 Furluualiutm
1109 5622 1594 5688 pmuileutiam‘tmu
1615 5628 1776 5682 fuisse
1806 5644 1929 5683 cun-

335 5707 570 5758 cessam,
604 5695 764 5749 immo
786 5711 886 5749 non
917 5696 1210 5763 expetitum
1234 5712 1245 5758 ;
1273 5705 1473 5748 tantum
1501 5700 1685 5754 aberat
1715 5711 1768 5754 ut
1793 5708 1939 5755 esset

338 5774 576 5833 peracta.

2006 3212 2279 3276 Augustini
2306 3215 2597 3275 statuentis,
2631 3225 2949 3266 sacramenta
2996 3214 3057 3267 ab
3082 3214 3251 3281 impiis
3272 3224 3316 3268 et
3344 3214 3604 3270 sceleratis

2007 3284 2256 3349 episcopis
2273 3283 2374 3334 sive
2397 3284 2701 3352 presbyteris
2729 3284 3035 3347 ministrata,
3059 3288 3213 3338 immo
3229 3298 3274 3339 et
3297 3287 3603 3352 baptismum

2006 3354 2069 3405 ub
2096 3356 2344 3407 haneticis
2373 3353 2560 3406 collata
2592 3354 2777 3407 valere.
2829 3353 2999 3409 Tract.
3032 3373 3083 3421 ν,
3112 3359 3163 3409 in
3209 3357 3363 3410 Joan.
3414 3368 3462 3409 et
3510 3358 3598 3411 lib.

2007 3440 2085 3499 vi,
2119 3436 2162 3477 et
2186 3434 2488 3499 vn,contra
2524 3423 2835 3499 Donatistas.
2870 3425 2998 3492 Quis
3038 3444 3118 3481 res
3153 3429 3346 3499 indiget
3388 3428 3604 3482 distinc-

2006 3498 2141 3549 tione
2172 3498 2296 3564 fncti
2338 3497 2390 3548 in
2432 3498 2827 3550 controversiam
2871 3499 3092 3554 deducti.
3156 3497 3295 3551 Nunt
3349 3500 3444 3552 hoc
3489 3500 3601 3554 loco

2005 3567 2295 3637 Cyprianus
2335 3568 2442 3635 agit
2483 3567 2546 3619 de
2592 3567 2968 3622 Fortunatiano
3033 3570 3254 3637 quodam
3296 3572 3602 3624 Assurarum

2006 3640 2264 3707 episcopo,
2296 3640 2382 3709 qtti
2426 3655 2515 3707 per
2545 3639 2891 3709 idololu_trit.m
2923 3641 3177 3693 exciderat
3216 3641 3343 3707 Iide,
3379 3644 3603 3707 adeoque

2006 3707 2334 3777 epis-'opatu',
2364 3709 2649 3761 sacerdotio
2667 3751 2682 3771 ,
2711 3707 2972 3770 Ereto-sia,
3001 3728 3090 3764 nec
3115 3713 3221 3777 iam
3262 3713 3600 3777 christianus,

2007 3783 2190 3832 nedum
2220 3782 2477 3851 presbyter
2507 3789 2594 3831 aut
2618 3781 3093 3851 sacerdostnedam
3125 3783 3389 3851 episcopus
3427 3799 3601 3837 cense-

2008 3851 2176 3924 batur.
2211 3852 2278 3924 ᾼι·
2307 3868 2398 3924 pro
2420 3848 2694 3910 disciplina
2715 3867 2838 3924 quae
2865 3850 3112 3921 Cypriani
3143 3848 3365 3922 tempore
3383 3854 3600 3924 vigebat,

2005 3923 2049 3973 si
2103 3921 2410 3995 pcenitentite
2455 3930 2651 3995 tempus
2704 3923 3055 3989 impetrasset,
3103 3941 3161 3977 eo
3199 3921 3451 3992 peracto;
3488 3937 3602 3995 post

2007 3993 2409 4062 satisfactionem
2458 3993 2768 4059 legitimam,
2820 4003 3014 4061 poterat
3061 3996 3262 4055 quidem
3317 3993 3497 4064 recipi»
3532 4000 3600 4049 ad

2007 4064 2516 4116 coimnunicationem
2536 4064 2895 4136 christianum,
2939 4066 3143 4120 minime
3171 4078 3337 4120 autem
3364 4071 3431 4121 ad
3461 4069 3602 4136 epis-

2007 4144 2266 4209 eppntnm,
2292 4151 2450 4209 neque
2477 4134 2544 4209 ad
2564 4135 2717 4209 ullius
2740 4137 2790 4187 in
2815 4134 3046 4190 Ecclesia
3066 4139 3335 4192 sacerdotii
3358 4134 3599 4209 gradum.

2011 4204 2337 4279 Iieddebatur
2380 4204 2631 4279 Ecclesia
2666 4207 2832 4273 lapso.
2882 4225 2983 4261 non
3030 4209 3194 4273 locus,
3244 4204 3598 4279 non-gradus.

2012 4275 2149 4329 Nunt
2178 4276 2342 4349 locum
2378 4276 2480 4330 sive
2505 4278 2722 4347 gradum
2754 4279 3062 4345 perdiderat.
3100 4279 3281 4349 Itaque
3308 4275 3602 4348 atl'plebem

2010 4349 2113 4401 sive
2138 4348 2205 4399 ad
2240 4348 2395 4401 laicos
2441 4348 2514 4400 sic
2561 4349 2930 4417 retrahebatur,
2964 4360 3017 4402 ut
3073 4348 3222 4417 penes
3268 4368 3381 4405 eum
3430 4352 3604 4404 nullus

2010 4429 2289 4473 remaneret
2320 4419 2584 4473 sacerdotii
2630 4421 2913 4481 character,
2945 4438 3101 4489 neque
3138 4432 3374 4488 potestas.
3411 4420 3476 4474 In
3508 4423 3601 4475 Ita-

2006 4489 2291 4560 juscemodi
2315 4500 2481 4563 autem
2510 4489 2817 4563 idololatria:
2848 4508 3015 4563 causa
3035 4533 3046 4553 ,
3083 4491 3374 4563 Cyprianus
3418 4490 3602 4546 Fortue

1935 4555 2313 4624 D'nntiannm,
2362 4560 2431 4633 ab,
2470 4560 2742 4614 idololatra
2780 4555 3176 4622 schisntaticutii,
3208 4564 3291 4633 qui
3320 4580 3420 4615 non
3440 4564 3605 4633 impe-

2018 4641 2149 4685 trata
2178 4632 2469 4701 poenitentia
2498 4633 2712 4700 gradum
2762 4634 2857 4685 sibi
2902 4632 3240 4702 episcopalem
3283 4632 3601 4701 vindicabat,

2017 4721 2076 4756 ac
2103 4704 2411 4774 plebeculam
2447 4706 2656 4772 superbe
2670 4713 2715 4755 et
2745 4705 3113 4758 contumaciter
3138 4704 3429 4771 collegerat,
3462 4707 3605 4759 obla-

2020 4779 2177 4827 tiones
2204 4775 2335 4827 ullus
2356 4774 2458 4826 sive
2490 4775 2750 4828 orationes
2771 4776 2881 4846 sive
2910 4791 3078 4842 preces
3106 4777 3428 4844 sanctiﬁcare
3461 4787 3612 4846 negat

2021 4848 2260 4916 potuisse.
2297 4845 2430 4909 Quia
2465 4846 2650 4916 scilicet
2678 4855 2819 4899 extra
2847 4844 3131 4899 Ecclesium
3158 4863 3231 4900 sic
3269 4858 3397 4909 erat,
3427 4859 3478 4899 ut
3503 4844 3611 4910 iam

2020 4915 2123 4971 non
2154 4918 2421 4985 pertineret
2451 4916 2519 4969 ad
2541 4915 2797 4970 Christum
2818 4960 2831 4979 ,
2872 4935 3017 4985 quem
3048 4919 3200 4972 idolis
3238 4919 3609 4983 sacrificando,

2024 4999 2288 5056 negaverat
2313 5031 2324 5045 .
2358 4988 2617 5061 deraserat
2660 4990 3003 5043 characterem
3052 4988 3273 5053 Cltristi,
3319 4992 3616 5061 superducti

2025 5062 2317 5111 charactere
2342 5058 2506 5121 lovis,
2531 5061 2835 5114 antichristi.
2873 5062 2945 5113 Ab
2974 5062 3147 5114 eadem
3181 5058 3453 5128 disciplina
3484 5062 3616 5115 venit

2023 5132 2159 5197 quod
2206 5130 2267 5182 ab
2326 5131 2573 5184 luet-elicis
2624 5142 2711 5184 aut
2762 5133 3100 5186 schismnticis
3152 5133 3437 5191 baptizatos
3480 5133 3616 5186 idem

2025 5200 2316 5274 Cyprianus
2342 5199 2609 5270 Baptisma
2640 5201 2829 5255 Christi
2853 5205 3133 5271 suscepisse
3169 5214 3336 5274 negat.
3369 5204 3452 5255 Ait
3483 5206 3616 5258 enim

2027 5276 2151 5326 tales
2197 5272 2645 5327 Sacrumentornm
2689 5274 2945 5327 ministros
2973 5286 3115 5328 extra
3152 5272 3434 5328 Ecclesium
3464 5276 3620 5329 mini-

2026 5352 2279 5407 strantes,
2332 5343 2460 5414 nihil
2510 5344 2826 5409 ministrare,
2860 5347 2953 5398 hoc
3001 5347 3241 5397 nimirum
3280 5357 3614 5414 argumenta,

2028 5417 2161 5482 quod
2200 5431 2312 5467 cum
2340 5412 2571 5468 Ecclesia
2599 5416 2663 5469 sit
2697 5431 2816 5479 una,
2850 5418 2901 5469 in
2944 5416 3034 5469 illa
3058 5433 3156 5469 una
3185 5418 3272 5486 qui
3308 5412 3408 5469 non
3437 5419 3538 5470 sint
3568 5419 3621 5471 in

2033 5486 2175 5539 nulla
2197 5496 2318 5543 sint.
2349 5502 2439 5537 nec
2470 5487 2804 5555 aptitndinem
2834 5487 3047 5540 habeant
3078 5487 3269 5551 ullant,
3300 5504 3399 5555 qua
3432 5490 3625 5554 possint

2034 5560 2096 5609 ab
2122 5557 2212 5609 illa
2247 5574 2348 5629 una
2373 5557 2511 5629 quid
2528 5559 2778 5623 accipere.
2804 5559 2939 5629 quod
2964 5570 3226 5628 acceptum
3256 5563 3624 5612 communicent

2036 5638 2123 5680 aut
2152 5628 2436 5701 conferunt.
2463 5627 2619 5701 Talia
2650 5627 2910 5701 dogmata,
2942 5645 3048 5683 (evo
3083 5640 3389 5701 potestatum
3414 5633 3629 5701 δίει-11111-

2039 5702 2170 5751 rinm
2199 5699 2546 5753 vexttliattibtta
2585 5711 2630 5756 et
2659 5699 3007 5754 ministrorum
3060 5699 3299 5756 Ecclesia
3327 5699 3629 5768 [actionibus

2042 5770 2406 5840 afflictissinto,
2431 5771 2656 5826 stabilire
2685 5788 2745 5826 ac
2787 5774 2986 5828 sancire
3011 5776 3172 5827 visum
3216 5771 3497 5844 Cypriuuo,
3528 5786 3631 5827 etv-
