4156 6248
645 250 780 307 Ξο79

635 372 852 437 terisque
912 388 997 439 per
1048 371 1311 442 Africam,

635 443 951 510 coepiscopis
970 486 982 506 ,
1019 444 1317 512 presbytn'is
1347 455 1392 496 et
1423 442 1686 510 diaconis,
1731 460 1830 512 quo
1860 443 1954 497 sibi
1982 444 2229 511 populum

637 512 863 579 facerent
893 514 1013 582 ﬁdei
1058 512 1365 567 Christiana:
1414 515 1575 583 magis
1604 524 1844 578 tenacem,
1876 517 2232 584 ministrosque

636 584 874 654 haberent
911 586 1050 649 pacis
1077 596 1123 637 et
1163 586 1374 640 unitatis
1410 586 1763 639 ecclesiastica:
1790 588 1951 654 magis
1978 600 2226 642 amantes.

640 653 740 707 llic
762 671 881 725 ergo
908 658 1000 715 fuit
1027 672 1231 722 scapus.
1256 658 1307 707 in
1332 673 1479 724 quem
1505 656 1815 710 sanctissimi
1851 653 2030 711 Patres
2057 659 2230 710 omnia

633 735 754 796 tunc
804 728 1190 796 Scripturarum
1236 730 1439 794 ingenia
1468 739 1776 781 contorsere.
1828 727 2071 781 Proxima
2112 729 2230 782 dein

630 795 735 849 illis
765 795 941 859 (etate,
981 809 1033 850 ut
1075 799 1150 851 vel
1196 798 1426 852 meliores
1474 801 1698 852 ethnicos
1744 799 1951 863 habuit,
2010 801 2107 853 hoc
2156 809 2228 852 est

630 868 826 939 nomini
873 867 1163 922 Christiano
1192 872 1359 924 minus
1398 870 1629 939 infestos.
1659 871 1738 923 vel
1763 870 2020 924 ministros
2049 870 2228 924 Eccle-

628 938 720 1011 sia:
748 946 925 994 sortita
954 950 1025 993 est
1071 941 1331 1003 meliores,
1362 938 1529 994 laxari
1578 942 1851 1009 disciplina
1879 942 2027 1011 erepit
2047 984 2061 1003 ,
2097 958 2224 1006 pau-

627 1010 871 1081 latimque
894 1012 1290 1081 argumentandi
1311 1011 1560 1065 subtilitas
1584 1012 1699 1064 acui
1731 1010 1962 1066 studiosa
2002 1014 2224 1068 nominis

629 1079 903 1136 Catholici.
956 1079 1134 1151 Itaque
1159 1083 1250 1136 sub
1276 1082 1561 1153 Augustino
1592 1085 1782 1149 placuit
1814 1085 2085 1136 humanior
2108 1100 2225 1137 sen-

623 1161 804 1224 tentia,
833 1169 947 1221 qua:
977 1157 1125 1224 longe
1146 1154 1396 1207 diversam
1419 1154 1480 1206 ab
1508 1153 1790 1208 idololatris
1811 1172 2017 1207 causam
2040 1155 2226 1208 consti-

623 1222 720 1274 tuit
744 1222 1094 1278 haereticorum
1113 1225 1216 1278 sive
1241 1225 1696 1279 schismaticorum.
1713 1224 1845 1277 Nant
1867 1226 1928 1278 ab
1960 1224 2224 1280 Catholica

624 1310 773 1346 sensu
802 1296 1109 1356 recedentes.
1156 1298 1218 1348 ab
1252 1294 1482 1349 Ecclesia
1511 1296 1716 1363 quidem
1759 1297 1958 1365 praecisi
1987 1296 2223 1351 dicebano

622 1376 726 1436 tur,
760 1365 850 1417 sed
880 1368 933 1418 in
958 1383 1014 1420 eo
1043 1378 1211 1420 tamen
1238 1377 1395 1431 statu,
1421 1377 1471 1418 ut
1500 1369 1564 1428 si,
1592 1371 1727 1436 facta
1759 1384 1901 1434 pace,
1932 1367 2000 1419 ad
2028 1367 2220 1421 Cat/to-

622 1435 773 1508 licam
843 1438 1099 1500 redirent,
1169 1438 1314 1505 quasi
1382 1438 1682 1508 postliminii
1732 1444 1884 1506 jure,
1946 1455 2223 1507 numquam

621 1505 924 1579 abscessisse
969 1510 1300 1579 ﬁngerentur,
1335 1505 1390 1561 et
1412 1512 1483 1561 sic
1528 1505 1799 1576 pristinum
1844 1505 2125 1578 reciperent
2166 1510 2221 1563 in

618 1575 852 1631 Ecclesia
876 1575 1087 1632 locnm':
1113 1582 1260 1649 cuius
1292 1575 1535 1633 Ecclesia!
1555 1591 1727 1644 caput,
1759 1597 1937 1648 nempe
1952 1575 2221 1634 Christum

616 1664 719 1701 non
750 1661 1071 1717 negaverant,
1105 1651 1532 1720 quemadmodum
1570 1651 1861 1705 idololatraz
1880 1668 1898 1704 :
1924 1662 2220 1719 propterea-

614 1734 714 1787 que
739 1731 784 1774 et
812 1722 1151 1787 baptismata,
1197 1738 1311 1784 qua:
1361 1723 1414 1774 in
1465 1722 1739 1775 schismate
1781 1723 2212 1787 ministraverant,

611 1806 714 1863 non
741 1791 930 1857 ﬁebant
964 1794 1135 1846 irrita.
1169 1791 1305 1847 lliuc
1331 1793 1485 1863 igitur
1514 1793 1605 1846 illa
1634 1794 1901 1862 Augustini
1931 1809 1949 1844 :
1977 1792 2213 1847 Concedo

609 1862 882 1933 sceleratos
903 1880 1012 1917 esse
1035 1865 1296 1917 luereticos
1318 1881 1333 1926 ;
1358 1862 1455 1916 sed
1485 1864 1703 1916 Iueretici
1733 1863 1996 1933 Baptisma
2023 1862 2213 1917 Christi

608 1930 878 2004 dederunt.
919 1933 1025 1987 Et:
1068 1936 1156 1989 Sic
1186 1951 1306 2004 ergo
1334 1949 1459 2004 quos
1489 1934 1762 2002 baptizavit
1802 1930 2056 2000 ebriosus,
2089 1952 2214 1996 quos

608 2002 882 2070 baptizavit
911 2006 1190 2070 homicida,
1234 2002 1357 2074 quos
1403 2005 1673 2073 baptizavit
1701 2005 1924 2069 adulter,
1973 2006 2017 2058 si
2066 2005 2212 2070 Bap-

608 2074 789 2144 tismus
844 2076 1034 2129 Christi
1088 2086 1218 2137 erat,
1270 2075 1501 2129 Christus
1550 2077 1843 2144 baptizavit.
1896 2075 2000 2130 Et:
2063 2076 2214 2143 Quod

610 2142 1001 2199 Sacramentum
1032 2156 1133 2199 tam
1156 2158 1388 2199 sanctum
1420 2155 1514 2209 est,
1542 2157 1594 2200 ut
1618 2142 1729 2200 'nec
1782 2147 2041 2201 homicida
2068 2142 2213 2201 mon-

608 2223 804 2288 strante
831 2216 1112 2286 polluatur.
1150 2216 1298 2271 Idem
1331 2218 1647 2286 Augustinus
1678 2218 1842 2288 Epist.
1882 2233 2060 2283 CLXVI,
2089 2220 2214 2273 citat

605 2286 660 2338 in
685 2286 817 2340 Itanc
842 2288 1142 2342 sententiam
1179 2305 1323 2341 suam
1370 2288 1517 2342 verba
1549 2286 1890 2343 Constantini.
1920 2290 2209 2356 Attendite,

605 2356 801 2429 inquit.
853 2360 977 2429 quid
1022 2358 1238 2414 habeant
1288 2361 1435 2413 verba
1481 2362 1775 2429 principis:
1809 2358 1950 2414 Nam
1980 2362 2024 2414 si
2061 2362 2116 2415 in
2142 2362 2213 2415 eis

607 2428 695 2501 qui
718 2428 882 2493 primo
912 2431 1099 2483 initiati
1130 2442 1267 2495 sunt,
1300 2428 1489 2484 idcirco
1527 2432 1709 2501 religio
1756 2432 2077 2501 baptismatis
2122 2434 2216 2501 ju-

607 2498 811 2552 dicatur
836 2502 1064 2569 inﬁrnta.
1094 2504 1229 2571 quod
1256 2503 1291 2554 ii
1333 2520 1364 2555 a
1393 2503 1574 2571 quibus
1600 2498 1875 2570 accipitur,
1923 2498 2214 2572 peccatores

608 2579 884 2637 putentur;
914 2573 1059 2627 toties
1086 2574 1318 2627 renovari
1360 2590 1558 2627 necesse
1603 2575 1692 2627 erit
1744 2574 1988 2627 traditum
2040 2592 2215 2627 sacra-

608 2651 853 2716 mentum,
903 2644 1097 2716 qumies
1136 2644 1378 2714 indignus
1408 2644 1564 2716 fuerit
1604 2645 1835 2698 inventus
1866 2645 2042 2698 collati
2069 2643 2213 2716 Bap-

606 2714 825 2767 tismatis
867 2714 1276 2777 administrator,
1323 2726 1368 2768 et
1415 2715 1545 2782 ﬁdes
1598 2726 1773 2769 nostra
1805 2732 1905 2769 non
1937 2732 1999 2769 ea:
2027 2714 2217 2771 nostra:

606 2782 881 2837 voluntatis
919 2785 1148 2851 arbitrio,
1182 2802 1341 2855 neque
1366 2801 1426 2839 ea:
1456 2787 1615 2840 divini
1648 2788 1872 2841 muneris
1902 2788 2091 2856 gra'ia,
2124 2788 2214 2841 sed

610 2868 674 2907 ex
701 2856 895 2910 nteritis
920 2856 1244 2912 sacerdotum
1273 2867 1320 2911 et
1356 2856 1657 2911 clericorum
1687 2858 1930 2926 qualitate
1954 2859 2208 2929 pendebit.

1246 2989 1383 3031 ANNO
1419 2991 1593 3031 CCLIV.

1199 3086 1415 3144 EPIST.
1444 3087 1628 3146 LXVI.

680 3199 969 3272 Cyprianus
1017 3202 1103 3271 qui
1147 3211 1192 3255 et
1226 3201 1494 3258 Thascius.
1526 3201 1796 3258 Pamelius
1822 3204 1896 3259 ait
1934 3221 1947 3257 :
2000 3204 2209 3260 Videtur

609 3275 735 3326 mitti
780 3289 893 3347 r_um
929 3271 1158 3347 Cretensi
1217 3272 1437 3327 voluisse
1488 3276 1728 3329 cretisare
1783 3274 2071 3347 Cyprianus
2103 3294 2121 3330 :
2159 3289 2207 3333 et

609 3358 723 3417 cum
773 3340 1067 3417 Florentius
1122 3361 1302 3398 nomen
1350 3361 1527 3417 suum_
1545 3362 1661 3398 cum
1711 3340 2021 3414 prtenontine
2077 3365 2211 3417 prte-

611 3414 802 3480 ﬁxisset
832 3452 846 3476 ,
908 3414 1133 3479 idipsum
1196 3417 1414 3484 fecisset.
1489 3413 1791 3470 Prtenomen
1837 3428 2007 3472 autem
2070 3413 2208 3473 istud

606 3485 778 3558 ipsum
828 3486 1050 3558 reperire
1106 3496 1173 3538 est
1221 3487 1293 3558 ἰηᾷ
1331 3486 1467 3558 Actis
1523 3489 1782 3550 passionis
1834 3489 1963 3558 ejus,
1993 3499 2041 3542 et
2067 3491 2207 3558 apud

608 3553 1221 3629 _Ponl_i_um.tliuconum:
1259 3556 1592 3629 Crediderim
1641 3553 1867 3627 quidem
1909 3553 2205 3629 Pupianum

604 3623 863 3700 inVidisse
889 3624 1155 3697 Cypriano
1185 3627 1380 3683 Ctecilii
1411 3643 1603 3700 nomen
1626 3670 1639 3695 ,
1661 3623 1831 3700 'qnod
1860 3647 1887 3682 ει
1918 3623 2071 3686 bonae
2096 3649 2207 3687 me-

604 3696 794 3770 moriae
840 3696 1175 3769 presbytero,
1221 3714 1250 3752 τι
1280 3714 1386 3767 quo
1412 3698 1478 3752 ad
1514 3700 1671 3754 fidem
1707 3696 1835 3756 erat
1873 3716 2201 3770 conversus,

605 3768 849 3839 accepit;
883 3780 935 3823 et
965 3784 1059 3841 per
1084 3780 1450 3839 contemptum
1483 3770 1696 3827 Thascii
1726 3773 1880 3827 titulo
1906 3768 2202 3841 salutaSse,

605 3853 713 3911 quo
736 3843 873 3896 inter
895 3840 1119 3911 gentiles
1148 3841 1487 3896 noscebatur.

682 3910 791 3986 Ego
832 3910 915 3986 te,’
944 3912 1413 3986 frater._liiga_ltins
1442 3914 1516 3967 ait
1540 3932 1553 3967 :
1578 3913 1902 3968 Florentium
1951 3916 2045 3971 etsi
2088 3918 2205 3986 jam

604 3981 1001 4056 schisntaticum.
1045 3982 1390 4056 nihilominus
1418 3996 1559 4038 vocat
1598 3989 1828 4053 fratrem,
1876 3981 2205 4056 quemadmo-

604 4057 734 4127 dunt
760 4050 979 4127 Optatus
1020 4052 1335 4115 donatistas,
1381 4050 1661 4127 objurgans
1684 4072 1769 4109 eos
1796 4050 1936 4124 quod
1956 4059 2053 4127 ipsi
2102 4058 2203 4112 Ca-

608 4123 823 4178 tholicos
864 4124 1055 4175 nollent
1085 4138 1263 4177 vocare
1304 4127 1487 4193 fratres
1510 4123 1773 4190 fNolunt,
1808 4123 1989 4192 inquit,
2028 4146 2082 4182 se
2103 4131 2207 4183 dici

607 4196 792 4268 fratres
818 4203 1015 4248 nostros
1046 4209 1064 4247 :
1099 4205 1267 4268 tamen
1296 4211 1415 4268 νιος-ν
1432 4198 1662 4268 recedere
1704 4214 1735 4249 a
1762 4199 1940 4251 timore
1983 4198 2078 4253 Dei
2103 4218 2204 4255 non

607 4264 898 4341 possumus,
950 4281 1073 4341 quos
1103 4264 1337 4341 hortatur
1382 4266 1607 4341 Spiritus
1642 4278 1848 4341 sanctus
1876 4270 2205 4341 perrEsaiam

609 4334 927 4402 Prop/telam
963 4334 1149 4389 dicens
1179 4354 1199 4390 :
1235 4334 1337 4390 Vos
1381 4334 1468 4407 qui
1516 4340 1703 4392 timetis
1748 4334 1929 4394 nomen
1958 4340 2201 4404 Domini.

604 4412 780 4463 audite
824 4424 1005 4462 nomen
1054 4407 1300 4462 Domini:
1336 4408 1407 4463 Ili
1456 4410 1541 4477 qui
1591 4425 1676 4464 vos
1728 4410 1846 4465 odio
1906 4412 2090 4466 habent
2156 4423 2204 4467 et

603 4489 927 4544 execrantur,
960 4490 1006 4532 et
1028 4481 1205 4533 nolunt
1241 4498 1295 4533 se
1322 4481 1423 4534 dici
1453 4482 1640 4548 fratres
1670 4494 1891 4548 nostros,
1916 4500 2003 4537 vos
2033 4494 2204 4539 tamen

604 4551 756 4605 dicite
781 4554 889 4605 eis:
919 4549 1129 4604 Fratres
1156 4552 1318 4624 nostri
1344 4546 1650 4624 estis._Sunt
1692 4553 1849 4624 igitur
1878 4546 2005 4607 sine
2048 4555 2203 4609 dubio
2230 4546 2283 4607 D

604 4625 812 4694 fratres.
844 4624 1090 4695 quamvis
1144 4638 1259 4695 non
1292 4622 1427 4695 boni.
1481 4622 1684 4678 Nomen
1713 4622 2073 4695 fraternitatis
2114 4644 2204 4681 nec

606 4694 966 4748 interveniente
994 4702 1198 4763 peccato
1226 4693 1514 4762 deponitur.

681 4765 919 4834 Martyrii
953 4767 1027 4818 lui
1073 4764 1317 4836 dignitas.
1366 4765 1622 4836 ttigaliius
1652 4767 1723 4821 ait
1754 4781 1768 4818 :
1801 4766 1930 4821 Ante
1984 4768 2204 4823 schisma

604 4833 1009 4909 communicabat
1062 4833 1359 4909 Florentius
1390 4833 1503 4891 cum
1548 4835 1828 4906 Cypriano,
1870 4847 1918 4891 et
1951 4840 2001 4891 in
2031 4856 2203 4909 perse-

603 4908 803 4961 cutione
830 4908 1032 4977 quidem
1062 4907 1129 4959 ad
1159 4924 1412 4980 summam
1444 4909 1676 4977 martyrii
1699 4907 2059 4964 sublimitatem
2081 4928 2202 4980 pro-

602 4976 997 5061 vectusufuerat.
1032 4976 1504 5061 inquithprianus
1526 4976 1684 5061 infra.

681 5049 893 5120 Indigui
940 5059 987 5103 et
1027 5049 1223 5120 incesti.
1259 5049 1517 5119 ltigaltius
1548 5048 1665 5103 ait:
1703 5048 1829 5105 Htec
1883 5052 2033 5106 verba
2079 5054 2204 5109 satis

603 5117 835 5194 indicant
881 5121 1056 5194 qualia
1110 5117 1408 5194 Florentius
1459 5122 1513 5174 in
1568 5120 1881 5194 Cyprianum
1929 5124 2204 5194 opprobria

604 5193 829 5262 fuderat,
860 5191 1078 5263 infanda
1106 5200 1153 5245 et
1181 5192 1371 5261 turpia,
1410 5201 1561 5263 atque
1589 5193 1739 5247 etiam
1782 5191 2051 5264 gentilibus
2087 5212 2203 5252 exe-

603 5264 820 5318 cranda.

675 5335 742 5390 In
767 5332 1217 5407 pradicationibus
1257 5337 1461 5390 nostris.
1506 5334 1773 5407 Rigaltins
1821 5336 1928 5389 ait:
1965 5336 2093 5392 Cant
2137 5339 2202 5393 de

601 5408 746 5462 nobis
788 5407 986 5479 aliquid
1030 5406 1131 5475 ipsi
1173 5407 1517 5479 praedicamus
1555 5406 1618 5461 ac
1660 5408 1899 5472 dicimus,
1951 5410 2084 5464 alius
2134 5412 2200 5463 sit

600 5476 941 5548 praedicator,
971 5479 1106 5531 alius
1134 5476 1287 5532 testis.
1341 5476 1464 5533 Non
1516 5480 1649 5533 idem
1688 5480 1755 5534 sit
1796 5479 2101 5549 prtrdicator
2146 5491 2196 5534 et

594 5554 752 5622 testis.
789 5555 956 5615 Οὐδεὶς
987 5558 1137 5607 iant-6t
1155 5563 1408 5622 μαρτυρῶν
1434 5555 1732 5617 sibimet-ag.

670 5621 1035 5676 Testimonium
1075 5637 1238 5675 meum
1278 5620 1378 5676 non
1414 5633 1486 5676 est
1538 5639 1731 5693 verum.
1766 5620 2025 5693 Rigaltius
2071 5624 2142 5679 ait
2175 5640 2189 5679 :

597 5694 719 5747 Non
743 5704 816 5748 est
842 5693 1155 5765 legitimum.
1179 5708 1337 5762 neque
1353 5695 1573 5765 justum.
1601 5692 1871 5761 Horatius,
1923 5693 2098 5750 Metiri
2137 5711 2192 5751 se

587 5780 832 5834 quemque
858 5763 950 5820 suo
981 5763 1189 5820 modulo
1215 5779 1276 5817 ac
1306 5764 1434 5834 pede
1459 5780 1630 5821 verum
1662 5774 1755 5821 est.

1903 252 2316 309 OXONIENSIS
2356 250 2699 308 EDITIONIS

1392 370 1689 426 .’\"umidiam
1744 388 1803 424 ac
1862 372 2229 426 Mauritaniam
2256 373 2305 430 Δ

3804 251 3917 308 ίῦὃῢ

2408 370 2498 424 Sic
2523 371 2688 424 insitis
2718 370 2772 423 in
2797 368 3126 422 sacerdotem.
3160 364 3235 420 De
3279 367 3382 421 hac
3426 366 3483 420 S.
3531 374 3713 419 textus
3764 369 3916 433 perio-

2335 442 2436 497 cbe
2457 452 2511 496 et
2538 443 2683 497 vocis
2713 441 2895 494 incitas
2941 439 3236 499 notatione.
3292 438 3486 505 saepius
3524 447 3731 491 actum.
3776 438 3918 492 Porro

2334 513 2742 568 obsorvavimus
2767 511 3009 565 solemne
3038 525 3159 563 esse
3211 508 3497 581 Cypriane
3537 508 3915 581 Scripturornm

2338 584 2662 647 testinmuia,
2711 593 2980 653 tamquam
3011 596 3077 653 ex
3119 580 3559 653 armamentario,
3606 580 3917 650 glomeraliut

2334 656 2674 723 depromere.
2708 651 2983 721 Vidfqum
3009 651 3150 707 dicta
3185 652 3279 711 En.
3310 666 3388 713 nt.
3421 660 3477 705 et
3503 668 3616 723 Lux,

2409 720 2651 796 Episwpi
2672 720 3099 796 Christianorum.
3138 723 3394 793 Iligaltius
3422 722 3490 776 ait
3518 739 3533 775 ε
3568 722 3749 796 Supra
3774 720 3915 789 Epist.

2333 813 2438 858 LIX.
2458 794 2613 861 dixit,
2644 797 2904 867 applicato
2931 806 2978 848 et
2999 794 3243 864 adjuncto
3273 797 3597 867 episcopatus
3617 794 3919 867 suiqnomine.

2332 868 2515 939 Itaque
2540 864 2885 938 proscriptus,
2941 870 3062 939 quia
3090 867 3380 934 episcOpus.
3412 864 3641 939 P_ropt_er
3684 865 3788 939 hoc
3825 874 3920 939 tau:

2332 934 2457 999 tum,
2490 934 2590 992 non
2631 934 2897 1007 propterea
2925 934 3063 1008 quod
3112 939 3382 1007 episcopus
3439 934 3807 1007 Carthaginis;
3845 938 3918 990 sed

2327 1011 2447 1080 quia
2474 1008 2881 1064 Christianorum
2909 1010 3203 1078 episcopus.

2404 1080 2514 1136 Nec
2571 1082 2678 1135 hcec
2720 1084 2885 1148 jacto,
2930 1077 3017 1134 sed
3064 1079 3241 1133 dolens
3270 1082 3498 1148 profero.
3531 1077 3795 1148 Rigaltius
3820 1078 3914 1132 ait:

2329 1150 2502 1220 Epist.
2533 1168 2656 1206 LIX:
2693 1149 2823 1206 Dico
2852 1151 2982 1206 enint
3013 1160 3313 1222 provocatus
3335 1192 3349 1216 ,
3398 1151 3512 1204 dico
3565 1149 3770 1216 dolens,
3824 1151 3919 1204 dico

2326 1226 2642 1288 compulsus,
2676 1235 2787 1279 etc.

2400 1293 2579 1348 Novus
2606 1294 2921 1348 credentium
2950 1294 3187 1363 populus.
3240 1292 3448 1348 Ethnici
3489 1292 3556 1345 ad
3592 1291 3755 1346 ﬁdem
3800 1306 3916 1346 cono

2327 1367 2466 1420 versi
2501 1367 2691 1430 auibu~
2725 1366 3030 1431 Baptismus
3055 1382 3160 1419 non
3191 1365 3595 1420 concedebatur
3621 1368 3734 1417 ἄνευ
3761 1372 3918 1431 vtem;

2326 1440 2608 1503 ἰπισκόιπου,
2638 1434 2908 1492 referente
2927 1436 3151 1504 Iguatio.

2396 1507 2531 1578 Apes
2574 1508 2757 1561 habent
2811 1503 2999 1578 regem.
3061 1507 3323 1578 Rigaltius
3353 1507 3472 1560 ait:
3506 1503 3684 1559 Idem.
3732 1506 3832 1578 lib.
3865 1507 3917 1559 de

2324 1576 2576 1632 Idololat.
2606 1579 2716 1633 Rea:
2737 1576 2879 1631 unus
2895 1588 2970 1632 est
2995 1576 3175 1647 apibus
3196 1620 3209 1636 .
3238 1588 3283 1632 et
3309 1579 3416 1631 dua:
3442 1594 3575 1631 unus
3598 1578 3653 1630 in
3683 1577 3913 1645 gregibus,

2322 1658 2368 1701 et
2401 1650 2451 1703 in
2474 1652 2714 1704 armentis
2736 1660 2902 1703 rector
2932 1666 3083 1704 unus.
3113 1649 3264 1704 Tales
3288 1650 3503 1719 argutia:
3523 1648 3741 1701 tractari
3776 1646 3915 1701 solent

2322 1720 2375 1772 in
2405 1720 2613 1784 scholis,
2647 1731 2695 1775 et
2747 1722 2811 1776 de
2854 1729 3196 1791 ortggometra
3243 1721 3373 1774 duce
3414 1719 3643 1791 agminis
3693 1720 3913 1791 cujusque

2321 1792 2658 1857 coturnicum,
2710 1801 2758 1846 et
2807 1791 2872 1845 de
2918 1790 3149 1861 gruibus.
3213 1790 3353 1845 Nam
3404 1790 3459 1844 et
3494 1790 3685 1842 ducem
3742 1790 3912 1860 eligunt

2319 1877 2468 1926 quem
2497 1872 2792 1929 sequantur,
2820 1863 3007 1932 quique
3030 1873 3195 1918 erecto
3237 1862 3368 1916 collo
3420 1861 3712 1925 provideat,
3753 1870 3799 1914 et
3822 1877 3910 1913 cte-

2318 1942 2428 1986 tera
2460 1933 2773 2003 hujusmodi.
2807 1931 2894 1987 Ea:
2920 1931 3102 2001 quibus
3136 1934 3230 1988 hoc
3259 1933 3537 2003 colligitur,
3585 1932 3801 1999 singulis
3822 1933 3906 2003 Val-

2318 2004 2441 2065 veis,
2475 2002 2693 2074 singulis
2737 2004 3006 2075 gregibus,
3061 2003 3277 2074 singulis
3325 2002 3596 2063 armentis.
3646 2002 3907 2075 agminibus

2318 2075 2537 2145 singulis
2564 2074 2752 2145 regem,
2786 2079 2985 2141 ducem,
3029 2086 3272 2130 rectorem
3316 2091 3423 2129 csse
3448 2090 3625 2139 suum,
3658 2074 3903 2127 menturni-

2317 2161 2432 2198 cunt
2462 2147 2680 2200 nullum.

2389 2214 2636 2271 Latrones
2688 2217 2930 2288 mancipi.
2980 2217 3237 2288 Rigaltius
3272 2218 3384 2271 ait:
3417 2217 3458 2269 A
3486 2232 3590 2287 quo
3635 2226 3751 2269 sunt
3794 2231 3900 2288 coa-

2319 2287 2456 2340 ducti
2494 2289 2562 2341 ad
2607 2290 2808 2360 facinus
2853 2287 3081 2356 aliquod.
3144 2287 3439 2353 Mancipem
3484 2297 3632 2341 vocat
3687 2287 3902 2359 factionis

2319 2362 2640 2426 tnagistrunt.

2396 2430 2477 2483 Ad
2503 2439 2825 2499 conspectum
2862 2428 2979 2483 Dei.
3016 2432 3091 2486 Ex
3122 2430 3366 2501 martyrii
3399 2430 3754 2500 prmrogaliva
3775 2471 3791 2496 ,
3839 2427 3898 2484 de

2318 2515 2425 2571 qua
2450 2517 2477 2554 a
2502 2501 2574 2555 ibi
2596 2502 2815 2556 dictum.

2391 2570 2520 2625 Cum
2571 2573 2634 2626 de
2687 2573 2854 2627 medio
2891 2573 3198 2628 recederent.
3245 2572 3513 2642 Rigaltius
3555 2571 3632 2625 ait
3663 2590 3676 2625 :
3705 2570 3896 2642 Synodo

2318 2643 2505 2714 soluta.
2542 2654 2653 2708 post
2680 2645 2971 2714 impasitam
3019 2646 3145 2698 mihi
3185 2661 3394 2699 manum
3441 2643 3744 2698 recedentes.
3800 2641 3895 2714 Sed

2317 2713 2581 2779 siquidem
2597 2730 2711 2839 «pax
2743 2711 2793 2768 in
2843 2715 3081 2771 Ecclesia
3138 2718 3303 2785 viguit
3350 2730 3459 2784 quo
3514 2724 3755 2783 tempore
3801 2711 3895 2783 Cy—

2319 2786 2536 2839 prianus
2565 2805 2590 2837 ει
2663 2787 3027 2839 episcopatum
3084 2787 3537 2839 nromovebatur:
3596 2786 3894 2839 uotiusbu-c

2318 2786 2536 2857 prianus
2565 2786 2630 2857 ad
2663 2787 3027 2856 episcopatum
3084 2787 3537 2857 promovebatur;
3596 2786 3767 2855 potius
3793 2786 3894 2837 bu-c

2318 2856 2544 2924 intelligi
2572 2856 2769 2912 debent
2792 2857 2861 2912 dc
2890 2859 3265 2926 persecutione.
3305 2858 3554 2911 Deciana.

2389 2927 2714 2991 Confessores
2739 2930 3076 2997 queestionati.
3114 2929 3372 2997 ltigaltius
3396 2930 3472 2981 ait
3497 2948 3509 2982 :
3539 2928 3581 2981 Α
3612 2926 3888 2997 quastione.

2318 2997 2408 3053 Sic
2429 2998 2708 3070 Lucianus
2733 3010 2926 3070 martyr
2958 3000 3123 3070 Epist.
3167 3017 3293 3066 XXI,
3355 3000 3487 3053 dixit
3536 3015 3555 3053 :
3605 2997 3817 3051 Paulum
3861 3013 3891 3050 a

2316 3071 2612 3139 quastione.
2669 3069 3055 3149 Observandum
3088 3072 3190 3149 ‘hic
3245 3075 3577 3149 coufessgres
3628 3070 3728 3123 dici
3787 3070 3887 3149 pri-

2239 3149 2285 3211 ο
2319 3157 2457 3194 mum
2501 3143 2892 3207 qurestionatos,
2941 3143 3127 3197 deinde
3187 3153 3364 3197 tortos.
3430 3140 3671 3206 Etenim,
3722 3140 3890 3207 cogni-

2317 3213 2453 3265 tione
2496 3214 2640 3278 data,
2688 3213 2901 3268 habetur
2934 3215 3146 3283 quwstio
3194 3216 3450 3283 primum,
3502 3213 3612 3266 dein
3653 3219 3888 3265 tormenta

2312 3283 2639 3338 adhibentur.

2386 3354 2700 3433 Episcopum
2739 3356 2793 3410 in
2839 3354 3067 3433 Ecclesia
3098 3372 3242 3433 esse,
3287 3366 3332 3433 et
3364 3355 3631 3433 Ecclesium
3659 3354 3708 3407 in
3746 3352 3879 3433 epis-

2311 3441 2460 3495 copo.
2497 3427 2574 3480 Ad
2605 3427 2861 3481 unitatem
2906 3428 3161 3482 Ecclesia:
3186 3430 3409 3481 omnino
3457 3426 3606 3481 facit.
3652 3435 3708 3478 ut
3745 3426 3884 3492 cpis-

2312 3511 2479 3565 c0pus
2504 3513 2602 3551 nec
2634 3514 2727 3564 per
2754 3497 2980 3553 luerosin
3024 3514 3121 3552 nec
3168 3498 3524 3553 idololatriam
3572 3498 3634 3551 sit
3680 3496 3886 3563 lapsus,

2310 3578 2399 3621 aut
2449 3568 2518 3622 ob
2565 3569 2722 3622 aliaat
2768 3585 2961 3623 noxam
3013 3570 3406 3625 communionis
3448 3568 3571 3637 jure
3616 3566 3887 3622 exclusus?

2311 3637 2379 3692 Et
2410 3650 2466 3692 ut
2493 3640 2642 3708 plebs
2670 3641 2868 3709 pariter
2897 3641 3149 3711 episcopo
3186 3656 3285 3696 suo
3302 3639 3597 3711 :nllrzrreat,
3636 3640 3881 3710 siquidem

2308 3711 2397 3779 qui
2423 3726 2539 3764 cum
2563 3712 2799 3782 episcopo
2824 3710 3047 3778 nonest,
3090 3711 3270 3781 utique
3298 3713 3352 3765 in
3395 3710 3625 3766 Ecclesia
3667 3728 3762 3763 non
3794 3718 3883 3782 est.

2310 3796 2401 3855 nec
2425 3780 2792 3855 cumChrislo.
2824 3782 2953 3850 Qua:
2984 3780 3199 3854 quidem
3247 3783 3314 3837 ab
3348 3782 3553 3853 lgttaliu
3591 3787 3784 3855 osopo'pgt
3818 3780 3886 3833 ri-

2310 3849 2507 3908 dentur
2533 3853 2839 3923 desumpta.

2386 3922 2527 3978 Puro
2570 3935 2718 3995 atque
2736 3922 3075 3979 immaculato
3132 3941 3219 3979 ore
3258 3926 3518 3995 sacriﬁcia
3563 3924 3886 3979 indesinenter

2309 3993 2489 4060 oﬂ‘ero.
2516 3993 2778 4065 Rigaltius
2802 3996 2876 4050 ait
2901 4013 2914 4049 :
2945 3995 3132 4051 Preces
3161 3996 3223 4049 de
3248 3993 3405 4050 corde
3429 3998 3649 4063 sincero,
3673 3998 3733 4050 de
3756 4011 3884 4049 cous-

2309 4067 2493 4120 cientia
2519 4084 2648 4137 pura
2673 4079 2719 4121 et
2751 4078 2914 4121 casta.

2382 4156 2595 4230 Memini
2631 4160 2764 4212 enim
2790 4159 2913 4229 quid
2930 4160 3046 4229 jam
3074 4160 3199 4213 mihi
3228 4161 3293 4214 sit
3324 4170 3607 4214 ostensum.
3644 4158 3882 4230 Rigaltius

2307 4228 2421 4282 ait:
2457 4228 2556 4282 llic
2576 4232 2728 4284 etiam
2763 4228 2939 4284 utitur
2959 4231 3330 4285 ostensionibus
3361 4242 3410 4285 et
3452 4228 3733 4286 visionibus
3745 4270 3758 4291 .
3796 4229 3883 4281 telo

2306 4301 2375 4353 ad
2399 4302 2731 4355 conterendos
2773 4301 3111 4367 adversarios,
3164 4303 3217 4356 in
3272 4320 3429 4356 manu
3476 4307 3755 4371 pra-serum
3792 4299 3882 4368 Cy-

2307 4372 2499 4440 priani,
2551 4374 2644 4425 viri
2691 4374 2869 4444 Optimi
2921 4382 3072 4444 atque
3123 4373 3318 4435 divini,
3366 4373 3887 4429 tmlentissimowlias

2307 4456 2438 4515 vano
2459 4460 2521 4496 ac
2549 4444 2704 4513 futili.
2728 4442 2875 4497 Nam
2905 4453 2950 4497 et
2971 4442 3191 4500 callidus
3230 4444 3421 4508 rhetor,
3453 4455 3500 4499 et
3540 4447 3769 4515 sophista
3810 4458 3891 4515 rva-

2310 4514 2416 4584 fer,
2479 4515 2771 4584 hujusmodi
2818 4517 2924 4568 visa
2964 4515 3034 4568 ad
3079 4531 3289 4569 causam
3333 4532 3480 4570 suam
3528 4514 3889 4585 appositissima

2308 4586 2492 4658 poterit
2513 4586 2845 4648 comnunisci.
2872 4596 2920 4640 et
2948 4587 3129 4658 fallere
3154 4588 3385 4641 incautos
3404 4599 3453 4641 et
3481 4587 3765 4658 simplices.
3793 4585 3887 4639 Scd

2307 4656 2568 4724 siquidem
2608 4658 2915 4712 rumoribus
2964 4657 3124 4712 iidem
3174 4658 3535 4713 adhibendam
3586 4656 3891 4713 crediderat

2307 4726 2596 4809 Pupianus,
2627 4743 2838 4795 militum
2862 4739 2945 4783 est
2975 4738 3030 4783 ut
3067 4728 3337 4801 Cypriano
3386 4730 3610 4785 somniis
3661 4727 3890 4786 credenti

2306 4813 2413 4852 non
2444 4809 2787 4854 nasceretur.

2383 4888 2449 4943 Et
2492 4891 2772 4944 somniator
2803 4899 2994 4960 postea.
3038 4889 3278 4961 Respicit
3324 4891 3486 4947 verba
3536 4894 3890 4949 insultantium

2307 4958 2553 5026 fratrum,
2587 4972 2705 5015 tunc
2726 4958 2989 5032 apparebit
3010 4963 3136 5030 quid
3154 4958 3235 5016 illi
3262 4965 3458 5031 prosint
3479 4965 3683 5020 somnia
3711 4981 3823 5020 sua.

2379 5050 2445 5106 In
2465 5052 2548 5105 die
2550 5053 2754 5126 judicii
2777 5063 2897 5126 ante
2940 5051 3178 5126 tribunal,
3214 5051 3404 5107 Christi
3452 5065 3679 5126 utrmque
3721 5055 3890 5111 recita-

2307 5123 2513 5196 bantur.
2550 5124 2630 5178 Ex
2663 5124 2907 5179 Platonis
2948 5124 3252 5189 sententia,
3294 5140 3518 5196 magnus
3556 5123 3735 5185 annus
3776 5127 3888 5181 olim

2308 5194 2360 5249 in
2412 5207 2672 5250 terrarum
2727 5197 2858 5250 orbe
2897 5202 3043 5263 gesta
3082 5194 3483 5252 reSIittIet:sed
3546 5214 3737 5255 revera
3788 5199 3888 5253 dies

2308 5264 2518 5320 Domini
2558 5283 2773 5334 magnus
2799 5276 2845 5320 et
2885 5266 3209 5334 manifestus,
3238 5272 3357 5322 Act.
3398 5284 3457 5334 ιι,
3512 5268 3602 5333 20,
3661 5270 3886 5326 omnium

2304 5347 2453 5408 retro
2491 5338 2752 5393 factorum
2777 5344 3170 5393 ἀποκατάστασιν
3192 5341 3512 5408 reportabit,
3558 5340 3684 5397 Act.
3706 5359 3785 5407 Ill,
3807 5340 3885 5395 2t.

2304 5406 2431 5465 Ideo
2458 5409 2523 5481 ad
2550 5424 2775 5464 examen
2807 5419 2913 5463 tam
2945 5409 3249 5481 districtum
3271 5449 3301 5481 ,7
3331 5410 3476 5481 mille
3498 5406 3673 5468 annos
3703 5406 3885 5481 requiri

2301 5480 2648 5553 crediderunt
2689 5481 2924 5553 plurimi
2989 5480 3088 5553 viii
3154 5480 3369 5535 eruditi.
3438 5480 3543 5538 Sed
3606 5480 3886 5553 utcumque

2297 5550 2365 5605 de
2412 5552 2645 5608 lectione
2688 5550 2987 5606 litterarum
3040 5551 3260 5605 istarum
3314 5568 3403 5608 res
3443 5554 3738 5619 ceciderit,
3781 5550 3885 5609 cer-

2297 5622 2564 5677 tissimum
2602 5631 2683 5678 est
2715 5633 3064 5692 utrarumque
3110 5622 3371 5678 rationem
3406 5625 3775 5692 reddendam;
3816 5626 3883 5679 si-

2293 5693 2508 5763 quidem
2556 5694 2620 5747 de
2645 5696 2783 5750 onmi
2831 5693 2979 5749 verbo
3031 5694 3213 5761 otioso,
3260 5694 3311 5750 id
3361 5695 3557 5753 dixerit
3598 5699 3879 5761 Dominus,

2293 5764 2438 5819 Matt.
2465 5779 2558 5819 χιι.
2585 5766 2675 5819 56.

2344 5773 2438 5820 att.
2465 5779 2558 5830 xn,
2585 5766 2675 5821 56.
