  <div class='ocr_page' id='page_1' title='image "/cluster/home/n/w/nwhite01/storage/ocr_20150623/4/hvd.32044048207708/549.png"; bbox 0 0 4156 6248; ppageno 0'>
   <div class='ocr_carea' id='block_1_1' title="bbox 622 298 761 355">
    <p class='ocr_par' dir='ltr' id='par_1_1' title="bbox 622 298 761 355">
     <span class='ocr_line' id='line_1_1' title="bbox 622 298 761 355; baseline 0.014 -2"><span class='ocrx_word' id='word_1_1' title='bbox 622 298 761 355; x_wconf 81' lang='lat' dir='ltr'><strong>I087</strong></span> 
     </span>
    </p>
   </div>
   <div class='ocr_carea' id='block_1_2' title="bbox 1879 298 2656 357">
    <p class='ocr_par' dir='ltr' id='par_1_2' title="bbox 1879 298 2656 357">
     <span class='ocr_line' id='line_1_2' title="bbox 1879 298 2656 357; baseline -0.008 0"><span class='ocrx_word' id='word_1_2' title='bbox 1879 299 2282 357; x_wconf 73' lang='lat' dir='ltr'><strong>OXUNIENSIS</strong></span> <span class='ocrx_word' id='word_1_3' title='bbox 2313 298 2656 355; x_wconf 72' lang='lat' dir='ltr'><strong>EDI&#39;I‘IUNIS</strong></span> 
     </span>
    </p>
   </div>
   <div class='ocr_carea' id='block_1_3' title="bbox 3789 300 3928 354">
    <p class='ocr_par' dir='ltr' id='par_1_3' title="bbox 3789 300 3928 354">
     <span class='ocr_line' id='line_1_3' title="bbox 3789 300 3928 354; baseline -0.022 0"><span class='ocrx_word' id='word_1_4' title='bbox 3789 300 3928 354; x_wconf 67' lang='lat'><strong>1088</strong></span> 
     </span>
    </p>
   </div>
   <div class='ocr_carea' id='block_1_4' title="bbox 695 414 3933 491">
    <p class='ocr_par' dir='ltr' id='par_1_4' title="bbox 695 414 3933 491">
     <span class='ocr_line' id='line_1_4' title="bbox 695 414 3933 491; baseline -0.003 -18"><span class='ocrx_word' id='word_1_5' title='bbox 695 420 997 476; x_wconf 73' lang='lat' dir='ltr'><strong>Promisisse</strong></span> <span class='ocrx_word' id='word_1_6' title='bbox 1034 437 1111 475; x_wconf 92' lang='lat' dir='ltr'><strong>me</strong></span> <span class='ocrx_word' id='word_1_7' title='bbox 1156 423 1379 477; x_wconf 86' lang='lat' dir='ltr'><strong>memini.</strong></span> <span class='ocrx_word' id='word_1_8' title='bbox 1435 422 1557 477; x_wconf 70' lang='lat' dir='ltr'><strong>Halc</strong></span> <span class='ocrx_word' id='word_1_9' title='bbox 1598 432 1651 478; x_wconf 88' lang='lat' dir='ltr'><strong>et</strong></span> <span class='ocrx_word' id='word_1_10' title='bbox 1689 422 1914 491; x_wconf 88' lang='lat' dir='ltr'><strong>plurima</strong></span> <span class='ocrx_word' id='word_1_11' title='bbox 1957 439 2075 491; x_wconf 61' lang='lat' dir='ltr'><strong>quas</strong></span> <span class='ocrx_word' id='word_1_12' title='bbox 2113 438 2202 476; x_wconf 84' lang='lat' dir='ltr'><strong>se-</strong></span> <span class='ocrx_word' id='word_1_13' title='bbox 2232 423 2279 483; x_wconf 84' lang='grc' dir='ltr'><strong>Λ</strong></span> <span class='ocrx_word' id='word_1_14' title='bbox 2312 421 2405 472; x_wconf 85' lang='lat' dir='ltr'><strong>lini</strong></span> <span class='ocrx_word' id='word_1_15' title='bbox 2432 436 2597 473; x_wconf 73' lang='lat' dir='ltr'><strong>semen</strong></span> <span class='ocrx_word' id='word_1_16' title='bbox 2626 421 2821 488; x_wconf 75' lang='lat' dir='ltr'><strong>sophia:</strong></span> <span class='ocrx_word' id='word_1_17' title='bbox 2847 418 3046 488; x_wconf 79' lang='lat' dir='ltr'><strong>infulsit</strong></span> <span class='ocrx_word' id='word_1_18' title='bbox 3077 418 3283 491; x_wconf 67' lang='lat' dir='ltr'><strong>animos.</strong></span> <span class='ocrx_word' id='word_1_19' title='bbox 3328 414 3438 491; x_wconf 81' lang='lat' dir='ltr'><strong>Nec</strong></span> <span class='ocrx_word' id='word_1_20' title='bbox 3477 416 3783 491; x_wconf 51' lang='lat' dir='ltr'><strong>tamenjlia</strong></span> <span class='ocrx_word' id='word_1_21' title='bbox 3809 432 3933 491; x_wconf 52' lang='lat' dir='ltr'><strong>iam</strong></span> 
     </span>
    </p>
   </div>
   <div class='ocr_carea' id='block_1_5' title="bbox 618 494 2205 564">
    <p class='ocr_par' dir='ltr' id='par_1_5' title="bbox 618 494 2205 564">
     <span class='ocr_line' id='line_1_5' title="bbox 618 494 2205 564; baseline 0.001 -19"><span class='ocrx_word' id='word_1_22' title='bbox 618 504 855 562; x_wconf 89' lang='lat' dir='ltr'><strong>quuntur</strong></span> <span class='ocrx_word' id='word_1_23' title='bbox 884 494 948 545; x_wconf 88' lang='lat' dir='ltr'><strong>ad</strong></span> <span class='ocrx_word' id='word_1_24' title='bbox 982 501 1228 547; x_wconf 89' lang='lat' dir='ltr'><strong>ornatum</strong></span> <span class='ocrx_word' id='word_1_25' title='bbox 1264 495 1578 564; x_wconf 84' lang='lat' dir='ltr'><strong>interposita</strong></span> <span class='ocrx_word' id='word_1_26' title='bbox 1613 495 1883 560; x_wconf 82' lang='lat' dir='ltr'><strong>videnlur,</strong></span> <span class='ocrx_word' id='word_1_27' title='bbox 1916 494 1979 547; x_wconf 89' lang='lat' dir='ltr'><strong>ad</strong></span> <span class='ocrx_word' id='word_1_28' title='bbox 2023 510 2205 548; x_wconf 69' lang='lat' dir='ltr'><strong>excin-</strong></span> 
     </span>
    </p>
   </div>
   <div class='ocr_carea' id='block_1_6' title="bbox 663 564 2207 633">
    <p class='ocr_par' dir='ltr' id='par_1_6' title="bbox 663 564 2207 633">
     <span class='ocr_line' id='line_1_6' title="bbox 663 564 2207 633; baseline 0.003 -18"><span class='ocrx_word' id='word_1_29' title='bbox 663 564 766 616; x_wconf 90' lang='lat' dir='ltr'><strong>lum</strong></span> <span class='ocrx_word' id='word_1_30' title='bbox 796 565 1113 628; x_wconf 85' lang='lat' dir='ltr'><strong>scriptorum</strong></span> <span class='ocrx_word' id='word_1_31' title='bbox 1147 564 1385 619; x_wconf 77' lang='lat' dir='ltr'><strong>Platonis</strong></span> <span class='ocrx_word' id='word_1_32' title='bbox 1411 574 1465 621; x_wconf 90' lang='lat' dir='ltr'><strong>et</strong></span> <span class='ocrx_word' id='word_1_33' title='bbox 1488 565 1797 631; x_wconf 82' lang='lat' dir='ltr'><strong>Ciceronis;</strong></span> <span class='ocrx_word' id='word_1_34' title='bbox 1827 577 1880 620; x_wconf 93' lang='lat' dir='ltr'><strong>et</strong></span> <span class='ocrx_word' id='word_1_35' title='bbox 1908 566 2207 633; x_wconf 73' lang='lat' dir='ltr'><strong>prarscrtim</strong></span> 
     </span>
    </p>
   </div>
   <div class='ocr_carea' id='block_1_7' title="bbox 618 578 2211 707">
    <p class='ocr_par' dir='ltr' id='par_1_7' title="bbox 618 578 2211 707">
     <span class='ocr_line' id='line_1_7' title="bbox 664 578 2207 633; baseline 0.003 -18"><span class='ocrx_word' id='word_1_36' title='bbox 664 578 766 616; x_wconf 91' lang='lat' dir='ltr'><strong>tum</strong></span> <span class='ocrx_word' id='word_1_37' title='bbox 796 578 1113 628; x_wconf 83' lang='lat' dir='ltr'><strong>scriptorum</strong></span> <span class='ocrx_word' id='word_1_38' title='bbox 1147 578 1385 619; x_wconf 83' lang='lat' dir='ltr'><strong>t&#39;tatoms</strong></span> <span class='ocrx_word' id='word_1_39' title='bbox 1411 578 1465 621; x_wconf 90' lang='lat' dir='ltr'><strong>et</strong></span> <span class='ocrx_word' id='word_1_40' title='bbox 1488 578 1797 631; x_wconf 69' lang='lat' dir='ltr'><strong>Ciceronis;</strong></span> <span class='ocrx_word' id='word_1_41' title='bbox 1827 578 1880 620; x_wconf 92' lang='lat' dir='ltr'><strong>et</strong></span> <span class='ocrx_word' id='word_1_42' title='bbox 1908 578 2207 633; x_wconf 73' lang='lat' dir='ltr'><strong>prarscrttm</strong></span> 
     </span>
     <span class='ocr_line' id='line_1_8' title="bbox 618 578 2211 707; baseline 0.001 -19"><span class='ocrx_word' id='word_1_43' title='bbox 618 578 837 688; x_wconf 64' lang='lat' dir='ltr'><strong>Klinucii</strong></span> <span class='ocrx_word' id='word_1_44' title='bbox 874 634 1040 689; x_wconf 82' lang='lat' dir='ltr'><strong>Felic.</strong></span> <span class='ocrx_word' id='word_1_45' title='bbox 1080 636 1131 689; x_wconf 92' lang='lat' dir='ltr'><strong>in</strong></span> <span class='ocrx_word' id='word_1_46' title='bbox 1165 634 1377 690; x_wconf 84' lang='lat' dir='ltr'><strong>Octavio</strong></span> <span class='ocrx_word' id='word_1_47' title='bbox 1415 652 1547 699; x_wconf 93' lang='lat' dir='ltr'><strong>suo,</strong></span> <span class='ocrx_word' id='word_1_48' title='bbox 1590 653 1746 704; x_wconf 89' lang='lat' dir='ltr'><strong>quem</strong></span> <span class='ocrx_word' id='word_1_49' title='bbox 1786 635 2068 691; x_wconf 72' lang='lat' dir='ltr'><strong>manifeste</strong></span> <span class='ocrx_word' id='word_1_50' title='bbox 2106 635 2211 707; x_wconf 82' lang='lat' dir='ltr'><strong>Cy-</strong></span> 
     </span>
    </p>
   </div>
   <div class='ocr_carea' id='block_1_8' title="bbox 618 706 2210 831">
    <p class='ocr_par' dir='ltr' id='par_1_8' title="bbox 618 706 2210 831">
     <span class='ocr_line' id='line_1_9' title="bbox 618 706 2210 831; baseline 0.002 -73"><span class='ocrx_word' id='word_1_51' title='bbox 618 706 837 831; x_wconf 65' lang='lat' dir='ltr'><strong>prianus</strong></span> <span class='ocrx_word' id='word_1_52' title='bbox 876 707 927 758; x_wconf 93' lang='lat' dir='ltr'><strong>in</strong></span> <span class='ocrx_word' id='word_1_53' title='bbox 979 716 1091 760; x_wconf 91' lang='lat' dir='ltr'><strong>toto</strong></span> <span class='ocrx_word' id='word_1_54' title='bbox 1122 706 1222 761; x_wconf 91' lang='lat' dir='ltr'><strong>hoc</strong></span> <span class='ocrx_word' id='word_1_55' title='bbox 1249 718 1503 775; x_wconf 89' lang='lat' dir='ltr'><strong>apparatu</strong></span> <span class='ocrx_word' id='word_1_56' title='bbox 1536 708 1793 762; x_wconf 79' lang='lat' dir='ltr'><strong>imitatur.</strong></span> <span class='ocrx_word' id='word_1_57' title='bbox 1821 708 2116 762; x_wconf 84' lang='lat' dir='ltr'><strong>Varronem</strong></span> <span class='ocrx_word' id='word_1_58' title='bbox 2144 706 2210 761; x_wconf 87' lang='lat' dir='ltr'><strong>de</strong></span> 
     </span>
     <span class='ocr_line' id='line_1_10' title="bbox 660 776 2210 831; baseline 0.003 -4"><span class='ocrx_word' id='word_1_59' title='bbox 660 791 723 829; x_wconf 91' lang='lat' dir='ltr'><strong>ue</strong></span> <span class='ocrx_word' id='word_1_60' title='bbox 749 776 1017 831; x_wconf 84' lang='lat' dir='ltr'><strong>scribendi</strong></span> <span class='ocrx_word' id='word_1_61' title='bbox 1046 793 1242 831; x_wconf 72' lang='lat' dir='ltr'><strong>uenere</strong></span> <span class='ocrx_word' id='word_1_62' title='bbox 1271 780 1523 831; x_wconf 86' lang='lat' dir='ltr'><strong>admonet</strong></span> <span class='ocrx_word' id='word_1_63' title='bbox 1549 779 1786 831; x_wconf 83' lang='lat' dir='ltr'><strong>Tullius.</strong></span> <span class='ocrx_word' id='word_1_64' title='bbox 1817 782 1867 831; x_wconf 90' lang='lat' dir='ltr'><strong>in</strong></span> <span class='ocrx_word' id='word_1_65' title='bbox 1900 779 2210 831; x_wconf 73' lang='lat' dir='ltr'><strong>nrtel&#39;atione</strong></span> 
     </span>
    </p>
   </div>
   <div class='ocr_carea' id='block_1_9' title="bbox 660 776 2211 847">
    <p class='ocr_par' dir='ltr' id='par_1_9' title="bbox 660 776 2211 847">
     <span class='ocr_line' id='line_1_11' title="bbox 660 776 2211 847; baseline 0.003 -20"><span class='ocrx_word' id='word_1_66' title='bbox 660 791 723 829; x_wconf 91' lang='lat' dir='ltr'><strong>ue</strong></span> <span class='ocrx_word' id='word_1_67' title='bbox 749 776 1017 831; x_wconf 84' lang='lat' dir='ltr'><strong>scribendi</strong></span> <span class='ocrx_word' id='word_1_68' title='bbox 1046 793 1242 846; x_wconf 77' lang='lat' dir='ltr'><strong>genere</strong></span> <span class='ocrx_word' id='word_1_69' title='bbox 1271 780 1523 833; x_wconf 86' lang='lat' dir='ltr'><strong>admonet</strong></span> <span class='ocrx_word' id='word_1_70' title='bbox 1549 779 1786 846; x_wconf 82' lang='lat' dir='ltr'><strong>Tullius,</strong></span> <span class='ocrx_word' id='word_1_71' title='bbox 1817 782 1867 832; x_wconf 90' lang='lat' dir='ltr'><strong>in</strong></span> <span class='ocrx_word' id='word_1_72' title='bbox 1900 779 2211 847; x_wconf 60' lang='lat' dir='ltr'><strong>prml&#39;niiune</strong></span> 
     </span>
    </p>
   </div>
   <div class='ocr_carea' id='block_1_10' title="bbox 617 846 2211 920">
    <p class='ocr_par' dir='ltr' id='par_1_10' title="bbox 617 846 2211 920">
     <span class='ocr_line' id='line_1_12' title="bbox 617 846 2211 920; baseline 0.002 -21"><span class='ocrx_word' id='word_1_73' title='bbox 617 846 986 920; x_wconf 81' lang='lat' dir='ltr'><strong>Qtt.estionum</strong></span> <span class='ocrx_word' id='word_1_74' title='bbox 1022 849 1455 904; x_wconf 76' lang='lat' dir='ltr'><strong>Academicarum</strong></span> <span class='ocrx_word' id='word_1_75' title='bbox 1479 867 1492 902; x_wconf 88' lang='lat'><strong>:</strong></span> <span class='ocrx_word' id='word_1_76' title='bbox 1522 848 1654 903; x_wconf 91' lang='lat' dir='ltr'><strong>Puto</strong></span> <span class='ocrx_word' id='word_1_77' title='bbox 1681 854 1790 920; x_wconf 81' lang='lat' dir='ltr'><strong>[ore</strong></span> <span class='ocrx_word' id='word_1_78' title='bbox 1810 863 1862 903; x_wconf 88' lang='lat' dir='ltr'><strong>ut</strong></span> <span class='ocrx_word' id='word_1_79' title='bbox 1889 846 1999 904; x_wconf 86' lang='lat' dir='ltr'><strong>cum</strong></span> <span class='ocrx_word' id='word_1_80' title='bbox 2033 850 2211 919; x_wconf 86' lang='lat' dir='ltr'><strong>legeris</strong></span> 
     </span>
    </p>
   </div>
   <div class='ocr_carea' id='block_1_11' title="bbox 617 919 2212 992">
    <p class='ocr_par' dir='ltr' id='par_1_11' title="bbox 617 919 2212 992">
     <span class='ocr_line' id='line_1_13' title="bbox 617 919 2212 992; baseline 0.004 -24"><span class='ocrx_word' id='word_1_81' title='bbox 617 919 801 972; x_wconf 80' lang='lat' dir='ltr'><strong>mirere</strong></span> <span class='ocrx_word' id='word_1_82' title='bbox 827 920 881 972; x_wconf 86' lang='lat' dir='ltr'><strong>id</strong></span> <span class='ocrx_word' id='word_1_83' title='bbox 907 936 998 973; x_wconf 91' lang='lat' dir='ltr'><strong>nos</strong></span> <span class='ocrx_word' id='word_1_84' title='bbox 1029 920 1221 974; x_wconf 79' lang='lat' dir='ltr'><strong>locutos</strong></span> <span class='ocrx_word' id='word_1_85' title='bbox 1246 922 1377 974; x_wconf 86' lang='lat' dir='ltr'><strong>inter</strong></span> <span class='ocrx_word' id='word_1_86' title='bbox 1404 937 1497 975; x_wconf 89' lang='lat' dir='ltr'><strong>nos</strong></span> <span class='ocrx_word' id='word_1_87' title='bbox 1516 963 1530 986; x_wconf 97' lang='lat'><strong>,</strong></span> <span class='ocrx_word' id='word_1_88' title='bbox 1564 919 1701 988; x_wconf 81' lang='lat' dir='ltr'><strong>quod</strong></span> <span class='ocrx_word' id='word_1_89' title='bbox 1742 938 2015 992; x_wconf 86' lang='lat' dir='ltr'><strong>numquam</strong></span> <span class='ocrx_word' id='word_1_90' title='bbox 2057 922 2212 974; x_wconf 86' lang='lat' dir='ltr'><strong>locuti</strong></span> 
     </span>
    </p>
   </div>
   <div class='ocr_carea' id='block_1_12' title="bbox 620 992 2212 1063">
    <p class='ocr_par' dir='ltr' id='par_1_12' title="bbox 620 992 2212 1063">
     <span class='ocr_line' id='line_1_14' title="bbox 620 992 2212 1063; baseline 0.003 -22"><span class='ocrx_word' id='word_1_91' title='bbox 620 1005 826 1063; x_wconf 72' lang='lat' dir='ltr'><strong>sumus.</strong></span> <span class='ocrx_word' id='word_1_92' title='bbox 846 992 939 1063; x_wconf 87' lang='lat' dir='ltr'><strong>sed</strong></span> <span class='ocrx_word' id='word_1_93' title='bbox 967 993 1097 1045; x_wconf 89' lang='lat' dir='ltr'><strong>nosti</strong></span> <span class='ocrx_word' id='word_1_94' title='bbox 1126 1008 1316 1045; x_wconf 88' lang='lat' dir='ltr'><strong>morem</strong></span> <span class='ocrx_word' id='word_1_95' title='bbox 1342 992 1684 1063; x_wconf 67' lang='lat' dir='ltr'><strong>dialogorum.</strong></span> <span class='ocrx_word' id='word_1_96' title='bbox 1711 993 1893 1062; x_wconf 82' lang='lat' dir='ltr'><strong>Inepte</strong></span> <span class='ocrx_word' id='word_1_97' title='bbox 1918 1008 2045 1062; x_wconf 84' lang='lat' dir='ltr'><strong>ergo</strong></span> <span class='ocrx_word' id='word_1_98' title='bbox 2073 993 2212 1045; x_wconf 85' lang='lat' dir='ltr'><strong>seio-</strong></span> 
     </span>
    </p>
   </div>
   <div class='ocr_carea' id='block_1_13' title="bbox 617 1058 2210 1133">
    <p class='ocr_par' dir='ltr' id='par_1_13' title="bbox 617 1058 2210 1133">
     <span class='ocr_line' id='line_1_15' title="bbox 617 1058 2210 1133; baseline 0.003 -20"><span class='ocrx_word' id='word_1_99' title='bbox 617 1058 701 1114; x_wconf 89' lang='lat' dir='ltr'><strong>Ius</strong></span> <span class='ocrx_word' id='word_1_100' title='bbox 728 1062 976 1130; x_wconf 84' lang='lat' dir='ltr'><strong>quidam,</strong></span> <span class='ocrx_word' id='word_1_101' title='bbox 1013 1077 1079 1117; x_wconf 88' lang='lat' dir='ltr'><strong>ne</strong></span> <span class='ocrx_word' id='word_1_102' title='bbox 1108 1065 1245 1117; x_wconf 87' lang='lat' dir='ltr'><strong>l&#39;nrte</strong></span> <span class='ocrx_word' id='word_1_103' title='bbox 1284 1058 1941 1133; x_wconf 67' lang='lat' dir='ltr'><strong>aliquiddesideraretur,</strong></span> <span class='ocrx_word' id='word_1_104' title='bbox 1972 1058 2069 1117; x_wconf 76' lang='lat' dir='ltr'><strong>suo</strong></span> <span class='ocrx_word' id='word_1_105' title='bbox 2108 1063 2210 1118; x_wconf 86' lang='lat' dir='ltr'><strong>Do-</strong></span> 
     </span>
    </p>
   </div>
   <div class='ocr_carea' id='block_1_14' title="bbox 621 1133 2209 1205">
    <p class='ocr_par' dir='ltr' id='par_1_14' title="bbox 621 1133 2209 1205">
     <span class='ocr_line' id='line_1_16' title="bbox 621 1133 2209 1205; baseline 0.003 -20"><span class='ocrx_word' id='word_1_106' title='bbox 621 1135 727 1187; x_wconf 91' lang='lat' dir='ltr'><strong>nati</strong></span> <span class='ocrx_word' id='word_1_107' title='bbox 758 1133 986 1205; x_wconf 84' lang='lat' dir='ltr'><strong>nomine</strong></span> <span class='ocrx_word' id='word_1_108' title='bbox 1000 1133 1281 1205; x_wconf 86' lang='lat' dir='ltr'><strong>epistolam</strong></span> <span class='ocrx_word' id='word_1_109' title='bbox 1313 1147 1649 1188; x_wconf 80' lang='lat' dir='ltr'><strong>commentus</strong></span> <span class='ocrx_word' id='word_1_110' title='bbox 1675 1146 1785 1196; x_wconf 87' lang='lat' dir='ltr'><strong>est,</strong></span> <span class='ocrx_word' id='word_1_111' title='bbox 1815 1151 1933 1203; x_wconf 72' lang='lat' dir='ltr'><strong>qua:</strong></span> <span class='ocrx_word' id='word_1_112' title='bbox 1958 1134 2209 1205; x_wconf 80' lang='lat' dir='ltr'><strong>Cypriani</strong></span> 
     </span>
    </p>
   </div>
   <div class='ocr_carea' id='block_1_15' title="bbox 618 1203 2212 1274">
    <p class='ocr_par' dir='ltr' id='par_1_15' title="bbox 618 1203 2212 1274">
     <span class='ocr_line' id='line_1_17' title="bbox 618 1203 2212 1274; baseline 0.003 -19"><span class='ocrx_word' id='word_1_113' title='bbox 618 1218 879 1270; x_wconf 82' lang='lat' dir='ltr'><strong>reSponso</strong></span> <span class='ocrx_word' id='word_1_114' title='bbox 927 1204 1125 1258; x_wconf 71' lang='lat' dir='ltr'><strong>aditum</strong></span> <span class='ocrx_word' id='word_1_115' title='bbox 1181 1203 1412 1269; x_wconf 84' lang='lat' dir='ltr'><strong>laceret;</strong></span> <span class='ocrx_word' id='word_1_116' title='bbox 1458 1207 1584 1274; x_wconf 89' lang='lat' dir='ltr'><strong>quin</strong></span> <span class='ocrx_word' id='word_1_117' title='bbox 1635 1222 1728 1270; x_wconf 89' lang='lat' dir='ltr'><strong>ea,</strong></span> <span class='ocrx_word' id='word_1_118' title='bbox 1781 1206 1906 1260; x_wconf 90' lang='lat' dir='ltr'><strong>licet</strong></span> <span class='ocrx_word' id='word_1_119' title='bbox 1952 1203 2018 1259; x_wconf 56' lang='lat' dir='ltr'><strong>in&#39;</strong></span> <span class='ocrx_word' id='word_1_120' title='bbox 2054 1207 2212 1259; x_wconf 88' lang='lat' dir='ltr'><strong>unico</strong></span> 
     </span>
    </p>
   </div>
   <div class='ocr_carea' id='block_1_16' title="bbox 617 1275 2206 1344">
    <p class='ocr_par' dir='ltr' id='par_1_16' title="bbox 617 1275 2206 1344">
     <span class='ocr_line' id='line_1_18' title="bbox 617 1275 2206 1344; baseline 0.003 -18"><span class='ocrx_word' id='word_1_121' title='bbox 617 1275 906 1343; x_wconf 73' lang='lat' dir='ltr'><strong>exemplari</strong></span> <span class='ocrx_word' id='word_1_122' title='bbox 949 1284 1195 1344; x_wconf 86' lang='lat' dir='ltr'><strong>reperta,</strong></span> <span class='ocrx_word' id='word_1_123' title='bbox 1240 1292 1268 1329; x_wconf 90' lang='lat' dir='ltr'><strong>a</strong></span> <span class='ocrx_word' id='word_1_124' title='bbox 1318 1277 1582 1343; x_wconf 81' lang='lat' dir='ltr'><strong>Pamelio,</strong></span> <span class='ocrx_word' id='word_1_125' title='bbox 1624 1293 1723 1344; x_wconf 79' lang='lat' dir='ltr'><strong>qm</strong></span> <span class='ocrx_word' id='word_1_126' title='bbox 1769 1287 1885 1333; x_wconf 85' lang='lat' dir='ltr'><strong>erat</strong></span> <span class='ocrx_word' id='word_1_127' title='bbox 1931 1276 2206 1341; x_wconf 69' lang='lat' dir='ltr'><strong>facilitate,</strong></span> 
     </span>
    </p>
   </div>
   <div class='ocr_carea' id='block_1_17' title="bbox 618 1344 2213 1406">
    <p class='ocr_par' dir='ltr' id='par_1_17' title="bbox 618 1344 2213 1406">
     <span class='ocr_line' id='line_1_19' title="bbox 618 1344 2213 1406; baseline 0.001 -8"><span class='ocrx_word' id='word_1_128' title='bbox 618 1344 779 1399; x_wconf 85' lang='lat' dir='ltr'><strong>Iidem</strong></span> <span class='ocrx_word' id='word_1_129' title='bbox 802 1387 815 1406; x_wconf 91' lang='lat'><strong>,</strong></span> <span class='ocrx_word' id='word_1_130' title='bbox 845 1357 898 1399; x_wconf 90' lang='lat' dir='ltr'><strong>et</strong></span> <span class='ocrx_word' id='word_1_131' title='bbox 924 1346 1211 1402; x_wconf 87' lang='lat' dir='ltr'><strong>Cardinalc</strong></span> <span class='ocrx_word' id='word_1_132' title='bbox 1240 1348 1468 1401; x_wconf 87' lang='lat' dir='ltr'><strong>Baronio</strong></span> <span class='ocrx_word' id='word_1_133' title='bbox 1498 1348 1705 1402; x_wconf 89' lang='lat' dir='ltr'><strong>laudem</strong></span> <span class='ocrx_word' id='word_1_134' title='bbox 1735 1351 1950 1402; x_wconf 71' lang='lat' dir='ltr'><strong>meruit.</strong></span> <span class='ocrx_word' id='word_1_135' title='bbox 1984 1347 2062 1402; x_wconf 84' lang='lat' dir='ltr'><strong>Ne</strong></span> <span class='ocrx_word' id='word_1_136' title='bbox 2087 1364 2213 1401; x_wconf 86' lang='lat' dir='ltr'><strong>vero</strong></span> 
     </span>
    </p>
   </div>
   <div class='ocr_carea' id='block_1_18' title="bbox 617 1415 2213 1487">
    <p class='ocr_par' dir='ltr' id='par_1_18' title="bbox 617 1415 2213 1487">
     <span class='ocr_line' id='line_1_20' title="bbox 617 1415 2213 1487; baseline 0.001 -18"><span class='ocrx_word' id='word_1_137' title='bbox 617 1415 685 1487; x_wconf 79' lang='lat' dir='ltr'><strong>de</strong></span> <span class='ocrx_word' id='word_1_138' title='bbox 714 1416 899 1471; x_wconf 81' lang='lat' dir='ltr'><strong>fraude</strong></span> <span class='ocrx_word' id='word_1_139' title='bbox 928 1418 1027 1471; x_wconf 90' lang='lat' dir='ltr'><strong>sibi</strong></span> <span class='ocrx_word' id='word_1_140' title='bbox 1058 1416 1192 1472; x_wconf 80' lang='lat' dir='ltr'><strong>facta</strong></span> <span class='ocrx_word' id='word_1_141' title='bbox 1220 1421 1522 1486; x_wconf 87' lang='lat' dir='ltr'><strong>suspicetur</strong></span> <span class='ocrx_word' id='word_1_142' title='bbox 1550 1421 1733 1485; x_wconf 76' lang='lat' dir='ltr'><strong>lector,</strong></span> <span class='ocrx_word' id='word_1_143' title='bbox 1766 1420 2080 1487; x_wconf 86' lang='lat' dir='ltr'><strong>apposuisse</strong></span> <span class='ocrx_word' id='word_1_144' title='bbox 2107 1435 2213 1472; x_wconf 90' lang='lat' dir='ltr'><strong>non</strong></span> 
     </span>
    </p>
   </div>
   <div class='ocr_carea' id='block_1_19' title="bbox 617 1486 2213 1561">
    <p class='ocr_par' dir='ltr' id='par_1_19' title="bbox 617 1486 2213 1561">
     <span class='ocr_line' id='line_1_21' title="bbox 617 1486 2213 1561; baseline 0.002 -20"><span class='ocrx_word' id='word_1_145' title='bbox 617 1486 818 1561; x_wconf 63' lang='lat' dir='ltr'><strong>pigebit</strong></span> <span class='ocrx_word' id='word_1_146' title='bbox 838 1490 1107 1556; x_wconf 76' lang='lat' dir='ltr'><strong>egregium</strong></span> <span class='ocrx_word' id='word_1_147' title='bbox 1135 1489 1473 1561; x_wconf 82' lang='lat' dir='ltr'><strong>Epistolium.</strong></span> <span class='ocrx_word' id='word_1_148' title='bbox 1503 1490 1592 1545; x_wconf 81' lang='lat' dir='ltr'><strong>Sic</strong></span> <span class='ocrx_word' id='word_1_149' title='bbox 1614 1506 1742 1561; x_wconf 84' lang='lat' dir='ltr'><strong>ergo</strong></span> <span class='ocrx_word' id='word_1_150' title='bbox 1767 1486 1824 1542; x_wconf 67' lang='lat' dir='ltr'><strong>se</strong></span> <span class='ocrx_word' id='word_1_151' title='bbox 1847 1490 2028 1544; x_wconf 85' lang='lat' dir='ltr'><strong>habet:</strong></span> <span class='ocrx_word' id='word_1_152' title='bbox 2049 1488 2213 1544; x_wconf 86' lang='lat' dir='ltr'><strong>Credo</strong></span> 
     </span>
    </p>
   </div>
   <div class='ocr_carea' id='block_1_20' title="bbox 619 1560 2214 1633">
    <p class='ocr_par' dir='ltr' id='par_1_20' title="bbox 619 1560 2214 1633">
     <span class='ocr_line' id='line_1_22' title="bbox 619 1560 2214 1633; baseline 0.003 -23"><span class='ocrx_word' id='word_1_153' title='bbox 619 1568 667 1612; x_wconf 88' lang='lat' dir='ltr'><strong>te</strong></span> <span class='ocrx_word' id='word_1_154' title='bbox 694 1560 924 1624; x_wconf 83' lang='lat' dir='ltr'><strong>retinere,</strong></span> <span class='ocrx_word' id='word_1_155' title='bbox 953 1561 1271 1614; x_wconf 76' lang='lat' dir='ltr'><strong>sanctissime</strong></span> <span class='ocrx_word' id='word_1_156' title='bbox 1292 1560 1566 1631; x_wconf 83' lang='lat' dir='ltr'><strong>Cypriane,</strong></span> <span class='ocrx_word' id='word_1_157' title='bbox 1590 1579 1703 1633; x_wconf 76' lang='lat' dir='ltr'><strong>qua:</strong></span> <span class='ocrx_word' id='word_1_158' title='bbox 1723 1561 1864 1614; x_wconf 90' lang='lat' dir='ltr'><strong>nobis</strong></span> <span class='ocrx_word' id='word_1_159' title='bbox 1893 1562 2045 1631; x_wconf 79' lang='lat' dir='ltr'><strong>fuerit</strong></span> <span class='ocrx_word' id='word_1_160' title='bbox 2073 1562 2214 1630; x_wconf 87' lang='lat' dir='ltr'><strong>apud</strong></span> 
     </span>
    </p>
   </div>
   <div class='ocr_carea' id='block_1_21' title="bbox 616 1632 2215 1700">
    <p class='ocr_par' dir='ltr' id='par_1_21' title="bbox 616 1632 2215 1700">
     <span class='ocr_line' id='line_1_23' title="bbox 616 1632 2215 1700; baseline 0.001 -18"><span class='ocrx_word' id='word_1_161' title='bbox 616 1642 842 1685; x_wconf 86' lang='lat' dir='ltr'><strong>oratores</strong></span> <span class='ocrx_word' id='word_1_162' title='bbox 880 1632 1193 1699; x_wconf 76' lang='lat' dir='ltr'><strong>garrulitas;</strong></span> <span class='ocrx_word' id='word_1_163' title='bbox 1221 1650 1349 1686; x_wconf 86' lang='lat' dir='ltr'><strong>unus</strong></span> <span class='ocrx_word' id='word_1_164' title='bbox 1387 1632 1607 1697; x_wconf 80' lang='lat' dir='ltr'><strong>sensus,</strong></span> <span class='ocrx_word' id='word_1_165' title='bbox 1630 1650 1731 1687; x_wconf 91' lang='lat' dir='ltr'><strong>una</strong></span> <span class='ocrx_word' id='word_1_166' title='bbox 1774 1633 2034 1700; x_wconf 82' lang='lat' dir='ltr'><strong>cogitatio,</strong></span> <span class='ocrx_word' id='word_1_167' title='bbox 2080 1633 2215 1685; x_wconf 89' lang='lat' dir='ltr'><strong>iudi-</strong></span> 
     </span>
    </p>
   </div>
   <div class='ocr_carea' id='block_1_22' title="bbox 617 1701 2214 1775">
    <p class='ocr_par' dir='ltr' id='par_1_22' title="bbox 617 1701 2214 1775">
     <span class='ocr_line' id='line_1_24' title="bbox 617 1701 2214 1775; baseline 0.003 -21"><span class='ocrx_word' id='word_1_168' title='bbox 617 1701 770 1755; x_wconf 85' lang='lat' dir='ltr'><strong>vidaa</strong></span> <span class='ocrx_word' id='word_1_169' title='bbox 798 1702 964 1775; x_wconf 85' lang='lat' dir='ltr'><strong>lectio.</strong></span> <span class='ocrx_word' id='word_1_170' title='bbox 1001 1702 1171 1769; x_wconf 81' lang='lat' dir='ltr'><strong>Quare</strong></span> <span class='ocrx_word' id='word_1_171' title='bbox 1196 1720 1296 1756; x_wconf 90' lang='lat' dir='ltr'><strong>non</strong></span> <span class='ocrx_word' id='word_1_172' title='bbox 1327 1714 1372 1756; x_wconf 86' lang='lat' dir='ltr'><strong>et</strong></span> <span class='ocrx_word' id='word_1_173' title='bbox 1399 1705 1451 1756; x_wconf 85' lang='lat' dir='ltr'><strong>in</strong></span> <span class='ocrx_word' id='word_1_174' title='bbox 1483 1705 1652 1775; x_wconf 82' lang='lat' dir='ltr'><strong>divina</strong></span> <span class='ocrx_word' id='word_1_175' title='bbox 1685 1704 1897 1759; x_wconf 83' lang='lat' dir='ltr'><strong>lectione</strong></span> <span class='ocrx_word' id='word_1_176' title='bbox 1929 1706 2000 1756; x_wconf 88' lang='lat' dir='ltr'><strong>ita</strong></span> <span class='ocrx_word' id='word_1_177' title='bbox 2027 1705 2214 1759; x_wconf 84' lang='lat' dir='ltr'><strong>animis</strong></span> 
     </span>
    </p>
   </div>
   <div class='ocr_carea' id='block_1_23' title="bbox 619 1774 2210 1846">
    <p class='ocr_par' dir='ltr' id='par_1_23' title="bbox 619 1774 2210 1846">
     <span class='ocr_line' id='line_1_25' title="bbox 619 1774 2210 1846; baseline 0.003 -21"><span class='ocrx_word' id='word_1_178' title='bbox 619 1774 963 1846; x_wconf 79' lang='lat' dir='ltr'><strong>roborantur?</strong></span> <span class='ocrx_word' id='word_1_179' title='bbox 994 1776 1091 1827; x_wconf 85' lang='lat' dir='ltr'><strong>Ant</strong></span> <span class='ocrx_word' id='word_1_180' title='bbox 1120 1791 1222 1828; x_wconf 89' lang='lat' dir='ltr'><strong>non</strong></span> <span class='ocrx_word' id='word_1_181' title='bbox 1251 1790 1309 1827; x_wconf 90' lang='lat' dir='ltr'><strong>ea</strong></span> <span class='ocrx_word' id='word_1_182' title='bbox 1335 1790 1532 1844; x_wconf 82' lang='lat' dir='ltr'><strong>semper</strong></span> <span class='ocrx_word' id='word_1_183' title='bbox 1562 1774 1704 1829; x_wconf 84' lang='lat' dir='ltr'><strong>nobis</strong></span> <span class='ocrx_word' id='word_1_184' title='bbox 1733 1776 1829 1846; x_wconf 79' lang='lat' dir='ltr'><strong>{uit</strong></span> <span class='ocrx_word' id='word_1_185' title='bbox 1857 1775 2126 1846; x_wconf 88' lang='lat' dir='ltr'><strong>cogitatio,</strong></span> <span class='ocrx_word' id='word_1_186' title='bbox 2160 1786 2210 1829; x_wconf 87' lang='lat' dir='ltr'><strong>ut</strong></span> 
     </span>
    </p>
   </div>
   <div class='ocr_carea' id='block_1_24' title="bbox 620 1844 1163 1899">
    <p class='ocr_par' dir='ltr' id='par_1_24' title="bbox 620 1844 1163 1899">
     <span class='ocr_line' id='line_1_26' title="bbox 620 1844 1163 1899; baseline 0.006 -3"><span class='ocrx_word' id='word_1_187' title='bbox 620 1844 772 1897; x_wconf 90' lang='lat' dir='ltr'><strong>simul</strong></span> <span class='ocrx_word' id='word_1_188' title='bbox 803 1845 1163 1899; x_wconf 80' lang='lat' dir='ltr'><strong>crederemus?</strong></span> 
     </span>
    </p>
   </div>
   <div class='ocr_carea' id='block_1_25' title="bbox 689 1912 2213 1987">
    <p class='ocr_par' dir='ltr' id='par_1_25' title="bbox 689 1912 2213 1987">
     <span class='ocr_line' id='line_1_27' title="bbox 689 1912 2213 1987; baseline 0.003 -20"><span class='ocrx_word' id='word_1_189' title='bbox 689 1912 994 1985; x_wconf 84' lang='lat' dir='ltr'><strong>Indulgente</strong></span> <span class='ocrx_word' id='word_1_190' title='bbox 1012 1916 1280 1987; x_wconf 76' lang='lat' dir='ltr'><strong>vindemia.</strong></span> <span class='ocrx_word' id='word_1_191' title='bbox 1301 1915 1632 1982; x_wconf 86' lang='lat' dir='ltr'><strong>Quamquam</strong></span> <span class='ocrx_word' id='word_1_192' title='bbox 1657 1916 1786 1971; x_wconf 82' lang='lat' dir='ltr'><strong>festa</strong></span> <span class='ocrx_word' id='word_1_193' title='bbox 1806 1915 2094 1971; x_wconf 83' lang='lat' dir='ltr'><strong>Gentilium</strong></span> <span class='ocrx_word' id='word_1_194' title='bbox 2117 1934 2213 1987; x_wconf 86' lang='lat' dir='ltr'><strong>pro</strong></span> 
     </span>
    </p>
   </div>
   <div class='ocr_carea' id='block_1_26' title="bbox 619 1986 2212 2053">
    <p class='ocr_par' dir='ltr' id='par_1_26' title="bbox 619 1986 2212 2053">
     <span class='ocr_line' id='line_1_28' title="bbox 619 1986 2212 2053; baseline 0.002 -13"><span class='ocrx_word' id='word_1_195' title='bbox 619 1986 798 2053; x_wconf 81' lang='lat' dir='ltr'><strong>impiis</strong></span> <span class='ocrx_word' id='word_1_196' title='bbox 829 2001 881 2040; x_wconf 84' lang='lat' dir='ltr'><strong>et</strong></span> <span class='ocrx_word' id='word_1_197' title='bbox 911 1986 1146 2051; x_wconf 76' lang='lat' dir='ltr'><strong>profanis</strong></span> <span class='ocrx_word' id='word_1_198' title='bbox 1177 1988 1437 2041; x_wconf 79' lang='lat' dir='ltr'><strong>haberent</strong></span> <span class='ocrx_word' id='word_1_199' title='bbox 1462 1987 1753 2042; x_wconf 88' lang='lat' dir='ltr'><strong>Christiani</strong></span> <span class='ocrx_word' id='word_1_200' title='bbox 1776 2029 1789 2049; x_wconf 91' lang='lat'><strong>,</strong></span> <span class='ocrx_word' id='word_1_201' title='bbox 1820 1988 1887 2042; x_wconf 88' lang='lat' dir='ltr'><strong>de</strong></span> <span class='ocrx_word' id='word_1_202' title='bbox 1918 1986 2212 2043; x_wconf 81' lang='lat' dir='ltr'><strong>vindemia-</strong></span> 
     </span>
    </p>
   </div>
   <div class='ocr_carea' id='block_1_27' title="bbox 621 2058 2216 2130">
    <p class='ocr_par' dir='ltr' id='par_1_27' title="bbox 621 2058 2216 2130">
     <span class='ocr_line' id='line_1_29' title="bbox 621 2058 2216 2130; baseline 0.003 -21"><span class='ocrx_word' id='word_1_203' title='bbox 621 2058 759 2111; x_wconf 90' lang='lat' dir='ltr'><strong>libus</strong></span> <span class='ocrx_word' id='word_1_204' title='bbox 786 2058 967 2130; x_wconf 83' lang='lat' dir='ltr'><strong>mitius</strong></span> <span class='ocrx_word' id='word_1_205' title='bbox 992 2060 1293 2113; x_wconf 75' lang='lat' dir='ltr'><strong>srntiebant</strong></span> <span class='ocrx_word' id='word_1_206' title='bbox 1314 2100 1328 2122; x_wconf 90' lang='lat'><strong>,</strong></span> <span class='ocrx_word' id='word_1_207' title='bbox 1358 2067 1542 2128; x_wconf 83' lang='lat' dir='ltr'><strong>utpote</strong></span> <span class='ocrx_word' id='word_1_208' title='bbox 1568 2074 1688 2128; x_wconf 66' lang='lat' dir='ltr'><strong>qute</strong></span> <span class='ocrx_word' id='word_1_209' title='bbox 1712 2060 2069 2113; x_wconf 80' lang='lat' dir='ltr'><strong>levamentum</strong></span> <span class='ocrx_word' id='word_1_210' title='bbox 2096 2070 2216 2130; x_wconf 83' lang='lat' dir='ltr'><strong>post</strong></span> 
     </span>
    </p>
   </div>
   <div class='ocr_carea' id='block_1_28' title="bbox 620 2128 2214 2200">
    <p class='ocr_par' dir='ltr' id='par_1_28' title="bbox 620 2128 2214 2200">
     <span class='ocr_line' id='line_1_30' title="bbox 620 2128 2214 2200; baseline 0.003 -20"><span class='ocrx_word' id='word_1_211' title='bbox 620 2130 811 2182; x_wconf 68' lang='lat' dir='ltr'><strong>messis</strong></span> <span class='ocrx_word' id='word_1_212' title='bbox 847 2128 1082 2193; x_wconf 89' lang='lat' dir='ltr'><strong>labores,</strong></span> <span class='ocrx_word' id='word_1_213' title='bbox 1135 2132 1301 2198; x_wconf 75' lang='lat' dir='ltr'><strong>magis</strong></span> <span class='ocrx_word' id='word_1_214' title='bbox 1329 2147 1486 2199; x_wconf 86' lang='lat' dir='ltr'><strong>quant</strong></span> <span class='ocrx_word' id='word_1_215' title='bbox 1520 2132 1795 2184; x_wconf 89' lang='lat' dir='ltr'><strong>numinum</strong></span> <span class='ocrx_word' id='word_1_216' title='bbox 1823 2131 2023 2183; x_wconf 83' lang='lat' dir='ltr'><strong>cultum</strong></span> <span class='ocrx_word' id='word_1_217' title='bbox 2051 2128 2214 2200; x_wconf 85' lang='lat' dir='ltr'><strong>proli-</strong></span> 
     </span>
    </p>
   </div>
   <div class='ocr_carea' id='block_1_29' title="bbox 623 2200 2215 2269">
    <p class='ocr_par' dir='ltr' id='par_1_29' title="bbox 623 2200 2215 2269">
     <span class='ocr_line' id='line_1_31' title="bbox 623 2200 2215 2269; baseline 0.003 -16"><span class='ocrx_word' id='word_1_218' title='bbox 623 2209 882 2254; x_wconf 87' lang='lat' dir='ltr'><strong>tercntur.</strong></span> <span class='ocrx_word' id='word_1_219' title='bbox 934 2200 1000 2254; x_wconf 88' lang='lat' dir='ltr'><strong>Et</strong></span> <span class='ocrx_word' id='word_1_220' title='bbox 1041 2200 1158 2255; x_wconf 87' lang='lat' dir='ltr'><strong>ideo</strong></span> <span class='ocrx_word' id='word_1_221' title='bbox 1196 2201 1483 2256; x_wconf 81' lang='lat' dir='ltr'><strong>Christiani</strong></span> <span class='ocrx_word' id='word_1_222' title='bbox 1523 2203 1906 2269; x_wconf 73' lang='lat' dir='ltr'><strong>imperatores,</strong></span> <span class='ocrx_word' id='word_1_223' title='bbox 1948 2217 2067 2255; x_wconf 91' lang='lat' dir='ltr'><strong>cum</strong></span> <span class='ocrx_word' id='word_1_224' title='bbox 2110 2204 2215 2257; x_wconf 88' lang='lat' dir='ltr'><strong>alia</strong></span> 
     </span>
    </p>
   </div>
   <div class='ocr_carea' id='block_1_30' title="bbox 623 2270 2216 2343">
    <p class='ocr_par' dir='ltr' id='par_1_30' title="bbox 623 2270 2216 2343">
     <span class='ocr_line' id='line_1_32' title="bbox 623 2270 2216 2343; baseline 0.004 -22"><span class='ocrx_word' id='word_1_225' title='bbox 623 2270 904 2343; x_wconf 67' lang='lat' dir='ltr'><strong>abolerent</strong></span> <span class='ocrx_word' id='word_1_226' title='bbox 927 2313 941 2333; x_wconf 91' lang='lat'><strong>,</strong></span> <span class='ocrx_word' id='word_1_227' title='bbox 978 2273 1093 2325; x_wconf 74' lang='lat' dir='ltr'><strong>luce</strong></span> <span class='ocrx_word' id='word_1_228' title='bbox 1122 2275 1477 2326; x_wconf 87' lang='lat' dir='ltr'><strong>retinuerunt.</strong></span> <span class='ocrx_word' id='word_1_229' title='bbox 1512 2271 1633 2343; x_wconf 82' lang='lat' dir='ltr'><strong>Leg.</strong></span> <span class='ocrx_word' id='word_1_230' title='bbox 1665 2273 1863 2326; x_wconf 89' lang='lat' dir='ltr'><strong>Omnes</strong></span> <span class='ocrx_word' id='word_1_231' title='bbox 1891 2273 2040 2338; x_wconf 85' lang='lat' dir='ltr'><strong>dies,</strong></span> <span class='ocrx_word' id='word_1_232' title='bbox 2068 2288 2118 2328; x_wconf 92' lang='lat' dir='ltr'><strong>c.</strong></span> <span class='ocrx_word' id='word_1_233' title='bbox 2150 2274 2216 2328; x_wconf 85' lang='lat' dir='ltr'><strong>de</strong></span> 
     </span>
    </p>
   </div>
   <div class='ocr_carea' id='block_1_31' title="bbox 621 2340 2217 2415">
    <p class='ocr_par' dir='ltr' id='par_1_31' title="bbox 621 2340 2217 2415">
     <span class='ocr_line' id='line_1_33' title="bbox 621 2340 2217 2415; baseline 0.002 -20"><span class='ocrx_word' id='word_1_234' title='bbox 621 2340 811 2397; x_wconf 79' lang='lat' dir='ltr'><strong>Feriis.</strong></span> <span class='ocrx_word' id='word_1_235' title='bbox 836 2341 967 2397; x_wconf 87' lang='lat' dir='ltr'><strong>Illos</strong></span> <span class='ocrx_word' id='word_1_236' title='bbox 994 2352 1189 2397; x_wconf 88' lang='lat' dir='ltr'><strong>tantum</strong></span> <span class='ocrx_word' id='word_1_237' title='bbox 1222 2360 1425 2399; x_wconf 88' lang='lat' dir='ltr'><strong>manere</strong></span> <span class='ocrx_word' id='word_1_238' title='bbox 1454 2340 1698 2414; x_wconf 75' lang='lat' dir='ltr'><strong>feriarum</strong></span> <span class='ocrx_word' id='word_1_239' title='bbox 1723 2345 1829 2397; x_wconf 87' lang='lat' dir='ltr'><strong>dies</strong></span> <span class='ocrx_word' id='word_1_240' title='bbox 1842 2348 1921 2415; x_wconf 81' lang='lat' dir='ltr'><strong>fas</strong></span> <span class='ocrx_word' id='word_1_241' title='bbox 1948 2346 2062 2403; x_wconf 85' lang='lat' dir='ltr'><strong>erit.</strong></span> <span class='ocrx_word' id='word_1_242' title='bbox 2091 2362 2217 2415; x_wconf 88' lang='lat' dir='ltr'><strong>quos</strong></span> 
     </span>
    </p>
   </div>
   <div class='ocr_carea' id='block_1_32' title="bbox 618 2414 2218 2485">
    <p class='ocr_par' dir='ltr' id='par_1_32' title="bbox 618 2414 2218 2485">
     <span class='ocr_line' id='line_1_34' title="bbox 618 2414 2218 2485; baseline 0.003 -20"><span class='ocrx_word' id='word_1_243' title='bbox 618 2415 831 2483; x_wconf 86' lang='lat' dir='ltr'><strong>geminis</strong></span> <span class='ocrx_word' id='word_1_244' title='bbox 869 2414 1121 2469; x_wconf 89' lang='lat' dir='ltr'><strong>mensibus</strong></span> <span class='ocrx_word' id='word_1_245' title='bbox 1156 2416 1225 2469; x_wconf 89' lang='lat' dir='ltr'><strong>ad</strong></span> <span class='ocrx_word' id='word_1_246' title='bbox 1260 2417 1480 2482; x_wconf 79' lang='lat' dir='ltr'><strong>requiem</strong></span> <span class='ocrx_word' id='word_1_247' title='bbox 1518 2416 1707 2468; x_wconf 87' lang='lat' dir='ltr'><strong>laboris</strong></span> <span class='ocrx_word' id='word_1_248' title='bbox 1747 2414 2218 2485; x_wconf 85' lang='lat' dir='ltr'><strong>indulgentioran-</strong></span> 
     </span>
    </p>
   </div>
   <div class='ocr_carea' id='block_1_33' title="bbox 620 2486 2218 2558">
    <p class='ocr_par' dir='ltr' id='par_1_33' title="bbox 620 2486 2218 2558">
     <span class='ocr_line' id='line_1_35' title="bbox 620 2486 2218 2558; baseline 0.004 -23"><span class='ocrx_word' id='word_1_249' title='bbox 620 2500 726 2558; x_wconf 83' lang='lat' dir='ltr'><strong>nus</strong></span> <span class='ocrx_word' id='word_1_250' title='bbox 740 2486 957 2558; x_wconf 86' lang='lat' dir='ltr'><strong>accipit,</strong></span> <span class='ocrx_word' id='word_1_251' title='bbox 990 2487 1177 2541; x_wconf 74' lang='lat' dir='ltr'><strong>testivis</strong></span> <span class='ocrx_word' id='word_1_252' title='bbox 1208 2488 1486 2558; x_wconf 74' lang='lat' dir='ltr'><strong>fervoribus</strong></span> <span class='ocrx_word' id='word_1_253' title='bbox 1521 2487 1848 2556; x_wconf 87' lang='lat' dir='ltr'><strong>mitigandis,</strong></span> <span class='ocrx_word' id='word_1_254' title='bbox 1881 2497 1927 2541; x_wconf 84' lang='lat' dir='ltr'><strong>et</strong></span> <span class='ocrx_word' id='word_1_255' title='bbox 1963 2488 2218 2542; x_wconf 85' lang='lat' dir='ltr'><strong>autumnis</strong></span> 
     </span>
    </p>
   </div>
   <div class='ocr_carea' id='block_1_34' title="bbox 620 2556 1322 2627">
    <p class='ocr_par' dir='ltr' id='par_1_34' title="bbox 620 2556 1322 2627">
     <span class='ocr_line' id='line_1_36' title="bbox 620 2556 1322 2627; baseline 0.004 -18"><span class='ocrx_word' id='word_1_256' title='bbox 620 2556 819 2627; x_wconf 67' lang='lat' dir='ltr'><strong>[artibus</strong></span> <span class='ocrx_word' id='word_1_257' title='bbox 842 2558 1194 2625; x_wconf 83' lang='lat' dir='ltr'><strong>decerpendis,</strong></span> <span class='ocrx_word' id='word_1_258' title='bbox 1211 2556 1322 2612; x_wconf 84' lang='lat' dir='ltr'><strong>etc.</strong></span> 
     </span>
    </p>
   </div>
   <div class='ocr_carea' id='block_1_35' title="bbox 695 2649 2221 2721">
    <p class='ocr_par' dir='ltr' id='par_1_35' title="bbox 695 2649 2221 2721">
     <span class='ocr_line' id='line_1_37' title="bbox 695 2649 2221 2721; baseline 0.003 -17"><span class='ocrx_word' id='word_1_259' title='bbox 695 2649 1027 2705; x_wconf 88' lang='lat' dir='ltr'><strong>Studentibus</strong></span> <span class='ocrx_word' id='word_1_260' title='bbox 1058 2651 1280 2721; x_wconf 78' lang='lat' dir='ltr'><strong>fabulis,</strong></span> <span class='ocrx_word' id='word_1_261' title='bbox 1324 2654 1361 2708; x_wconf 91' lang='lat' dir='ltr'><strong>i.</strong></span> <span class='ocrx_word' id='word_1_262' title='bbox 1403 2668 1454 2719; x_wconf 91' lang='lat' dir='ltr'><strong>e,</strong></span> <span class='ocrx_word' id='word_1_263' title='bbox 1497 2652 1741 2707; x_wconf 90' lang='lat' dir='ltr'><strong>oratione</strong></span> <span class='ocrx_word' id='word_1_264' title='bbox 1779 2666 1900 2706; x_wconf 90' lang='lat' dir='ltr'><strong>cum</strong></span> <span class='ocrx_word' id='word_1_265' title='bbox 1943 2651 2120 2705; x_wconf 82' lang='lat' dir='ltr'><strong>studio</strong></span> <span class='ocrx_word' id='word_1_266' title='bbox 2158 2667 2221 2708; x_wconf 89' lang='lat' dir='ltr'><strong>ac</strong></span> 
     </span>
    </p>
   </div>
   <div class='ocr_carea' id='block_1_36' title="bbox 620 2723 2217 2791">
    <p class='ocr_par' dir='ltr' id='par_1_36' title="bbox 620 2723 2217 2791">
     <span class='ocr_line' id='line_1_38' title="bbox 620 2723 2217 2791; baseline 0.001 -17"><span class='ocrx_word' id='word_1_267' title='bbox 620 2734 748 2791; x_wconf 81' lang='lat' dir='ltr'><strong>cura</strong></span> <span class='ocrx_word' id='word_1_268' title='bbox 789 2723 1116 2790; x_wconf 74' lang='lat' dir='ltr'><strong>compesita,</strong></span> <span class='ocrx_word' id='word_1_269' title='bbox 1157 2723 1342 2791; x_wconf 82' lang='lat' dir='ltr'><strong>quales</strong></span> <span class='ocrx_word' id='word_1_270' title='bbox 1369 2723 1548 2779; x_wconf 89' lang='lat' dir='ltr'><strong>solent</strong></span> <span class='ocrx_word' id='word_1_271' title='bbox 1579 2737 1699 2777; x_wconf 89' lang='lat' dir='ltr'><strong>esse</strong></span> <span class='ocrx_word' id='word_1_272' title='bbox 1731 2723 2023 2777; x_wconf 82' lang='lat' dir='ltr'><strong>Rhetorum</strong></span> <span class='ocrx_word' id='word_1_273' title='bbox 2054 2729 2217 2791; x_wconf 76' lang='grc' dir='ltr'><strong>μύθοι.</strong></span> 
     </span>
    </p>
   </div>
   <div class='ocr_carea' id='block_1_37' title="bbox 622 2789 2221 2858">
    <p class='ocr_par' dir='ltr' id='par_1_37' title="bbox 622 2789 2221 2858">
     <span class='ocr_line' id='line_1_39' title="bbox 622 2789 2221 2858; baseline 0.003 -12"><span class='ocrx_word' id='word_1_274' title='bbox 622 2789 763 2846; x_wconf 81' lang='lat' dir='ltr'><strong>Infra</strong></span> <span class='ocrx_word' id='word_1_275' title='bbox 803 2792 1018 2857; x_wconf 89' lang='lat' dir='ltr'><strong>dicitur,</strong></span> <span class='ocrx_word' id='word_1_276' title='bbox 1058 2789 1230 2848; x_wconf 86' lang='lat' dir='ltr'><strong>studia</strong></span> <span class='ocrx_word' id='word_1_277' title='bbox 1268 2796 1321 2848; x_wconf 88' lang='lat' dir='ltr'><strong>in</strong></span> <span class='ocrx_word' id='word_1_278' title='bbox 1361 2812 1509 2849; x_wconf 87' lang='lat' dir='ltr'><strong>aures</strong></span> <span class='ocrx_word' id='word_1_279' title='bbox 1549 2796 1765 2858; x_wconf 87' lang='lat' dir='ltr'><strong>damus;</strong></span> <span class='ocrx_word' id='word_1_280' title='bbox 1805 2806 1858 2848; x_wconf 92' lang='lat' dir='ltr'><strong>et</strong></span> <span class='ocrx_word' id='word_1_281' title='bbox 1896 2794 1937 2847; x_wconf 85' lang='grc' dir='ltr'><strong>Τ</strong></span> <span class='ocrx_word' id='word_1_282' title='bbox 1942 2789 2100 2849; x_wconf 86' lang='lat' dir='ltr'><strong>ertul.</strong></span> <span class='ocrx_word' id='word_1_283' title='bbox 2148 2797 2221 2850; x_wconf 89' lang='lat' dir='ltr'><strong>De</strong></span> 
     </span>
    </p>
   </div>
   <div class='ocr_carea' id='block_1_38' title="bbox 623 2862 2219 2937">
    <p class='ocr_par' dir='ltr' id='par_1_38' title="bbox 623 2862 2219 2937">
     <span class='ocr_line' id='line_1_40' title="bbox 623 2862 2219 2937; baseline 0.001 -18"><span class='ocrx_word' id='word_1_284' title='bbox 623 2862 842 2937; x_wconf 81' lang='lat' dir='ltr'><strong>Speet.:</strong></span> <span class='ocrx_word' id='word_1_285' title='bbox 879 2864 977 2919; x_wconf 88' lang='lat' dir='ltr'><strong>Ubi</strong></span> <span class='ocrx_word' id='word_1_286' title='bbox 1018 2868 1276 2937; x_wconf 70' lang='lat' dir='ltr'><strong>voluptas,</strong></span> <span class='ocrx_word' id='word_1_287' title='bbox 1310 2867 1376 2920; x_wconf 88' lang='lat' dir='ltr'><strong>ibi</strong></span> <span class='ocrx_word' id='word_1_288' title='bbox 1405 2866 1664 2927; x_wconf 88' lang='lat' dir='ltr'><strong>studium,</strong></span> <span class='ocrx_word' id='word_1_289' title='bbox 1702 2883 1789 2934; x_wconf 87' lang='lat' dir='ltr'><strong>per</strong></span> <span class='ocrx_word' id='word_1_290' title='bbox 1816 2866 1952 2934; x_wconf 87' lang='lat' dir='ltr'><strong>quod</strong></span> <span class='ocrx_word' id='word_1_291' title='bbox 1981 2866 2092 2919; x_wconf 76' lang='lat' dir='ltr'><strong>scil.</strong></span> <span class='ocrx_word' id='word_1_292' title='bbox 2129 2883 2219 2921; x_wconf 89' lang='lat' dir='ltr'><strong>vo-</strong></span> 
     </span>
    </p>
   </div>
   <div class='ocr_carea' id='block_1_39' title="bbox 623 2934 2221 3004">
    <p class='ocr_par' dir='ltr' id='par_1_39' title="bbox 623 2934 2221 3004">
     <span class='ocr_line' id='line_1_41' title="bbox 623 2934 2221 3004; baseline 0.003 -18"><span class='ocrx_word' id='word_1_293' title='bbox 623 2934 793 3003; x_wconf 86' lang='lat' dir='ltr'><strong>luptas</strong></span> <span class='ocrx_word' id='word_1_294' title='bbox 830 2937 999 3002; x_wconf 86' lang='lat' dir='ltr'><strong>sapit:</strong></span> <span class='ocrx_word' id='word_1_295' title='bbox 1039 2934 1143 2990; x_wconf 72' lang='lat' dir='ltr'><strong>ubi</strong></span> <span class='ocrx_word' id='word_1_296' title='bbox 1163 2938 1417 3001; x_wconf 87' lang='lat' dir='ltr'><strong>stadium,</strong></span> <span class='ocrx_word' id='word_1_297' title='bbox 1451 2938 1518 2991; x_wconf 86' lang='lat' dir='ltr'><strong>ibi</strong></span> <span class='ocrx_word' id='word_1_298' title='bbox 1549 2949 1594 2989; x_wconf 88' lang='lat' dir='ltr'><strong>et</strong></span> <span class='ocrx_word' id='word_1_299' title='bbox 1623 2940 1882 2991; x_wconf 80' lang='lat' dir='ltr'><strong>temulatio</strong></span> <span class='ocrx_word' id='word_1_300' title='bbox 1904 2978 1918 3002; x_wconf 93' lang='lat'><strong>,</strong></span> <span class='ocrx_word' id='word_1_301' title='bbox 1954 2954 2042 3004; x_wconf 88' lang='lat' dir='ltr'><strong>per</strong></span> <span class='ocrx_word' id='word_1_302' title='bbox 2070 2954 2221 3004; x_wconf 87' lang='lat' dir='ltr'><strong>quant</strong></span> 
     </span>
    </p>
   </div>
   <div class='ocr_carea' id='block_1_40' title="bbox 622 3006 2223 3077">
    <p class='ocr_par' dir='ltr' id='par_1_40' title="bbox 622 3006 2223 3077">
     <span class='ocr_line' id='line_1_42' title="bbox 622 3006 2223 3077; baseline 0.003 -19"><span class='ocrx_word' id='word_1_303' title='bbox 622 3006 845 3077; x_wconf 84' lang='lat' dir='ltr'><strong>studium</strong></span> <span class='ocrx_word' id='word_1_304' title='bbox 878 3010 1031 3076; x_wconf 86' lang='lat' dir='ltr'><strong>sapit.</strong></span> <span class='ocrx_word' id='word_1_305' title='bbox 1064 3008 1278 3063; x_wconf 75' lang='lat' dir='ltr'><strong>Fabula:</strong></span> <span class='ocrx_word' id='word_1_306' title='bbox 1311 3025 1437 3063; x_wconf 88' lang='lat' dir='ltr'><strong>vero</strong></span> <span class='ocrx_word' id='word_1_307' title='bbox 1470 3023 1632 3067; x_wconf 66' lang='lat' dir='ltr'><strong>voce.</strong></span> <span class='ocrx_word' id='word_1_308' title='bbox 1668 3013 1902 3063; x_wconf 89' lang='lat' dir='ltr'><strong>narratio</strong></span> <span class='ocrx_word' id='word_1_309' title='bbox 1943 3012 2016 3063; x_wconf 87' lang='lat' dir='ltr'><strong>rei</strong></span> <span class='ocrx_word' id='word_1_310' title='bbox 2058 3020 2223 3077; x_wconf 72' lang='lat' dir='ltr'><strong>gesta:</strong></span> 
     </span>
    </p>
   </div>
   <div class='ocr_carea' id='block_1_41' title="bbox 622 3075 2223 3151">
    <p class='ocr_par' dir='ltr' id='par_1_41' title="bbox 622 3075 2223 3151">
     <span class='ocr_line' id='line_1_43' title="bbox 622 3075 2223 3151; baseline 0.002 -21"><span class='ocrx_word' id='word_1_311' title='bbox 622 3075 960 3151; x_wconf 80' lang='lat' dir='ltr'><strong>designatur,</strong></span> <span class='ocrx_word' id='word_1_312' title='bbox 994 3080 1073 3134; x_wconf 89' lang='lat' dir='ltr'><strong>sic</strong></span> <span class='ocrx_word' id='word_1_313' title='bbox 1113 3079 1307 3135; x_wconf 82' lang='lat' dir='ltr'><strong>Minue.</strong></span> <span class='ocrx_word' id='word_1_314' title='bbox 1344 3079 1490 3135; x_wconf 84' lang='lat' dir='ltr'><strong>Felix</strong></span> <span class='ocrx_word' id='word_1_315' title='bbox 1528 3099 1540 3135; x_wconf 89' lang='lat'><strong>:</strong></span> <span class='ocrx_word' id='word_1_316' title='bbox 1571 3079 1678 3134; x_wconf 88' lang='lat' dir='ltr'><strong>lter</strong></span> <span class='ocrx_word' id='word_1_317' title='bbox 1706 3080 1895 3151; x_wconf 79' lang='lat' dir='ltr'><strong>fabulis</strong></span> <span class='ocrx_word' id='word_1_318' title='bbox 1925 3075 2223 3150; x_wconf 79' lang='lat' dir='ltr'><strong>fallentibus</strong></span> 
     </span>
    </p>
   </div>
   <div class='ocr_carea' id='block_1_42' title="bbox 626 3150 1083 3218">
    <p class='ocr_par' dir='ltr' id='par_1_42' title="bbox 626 3150 1083 3218">
     <span class='ocr_line' id='line_1_44' title="bbox 626 3150 1083 3218; baseline 0.015 -20"><span class='ocrx_word' id='word_1_319' title='bbox 626 3150 911 3218; x_wconf 89' lang='lat' dir='ltr'><strong>legebamus</strong></span> <span class='ocrx_word' id='word_1_320' title='bbox 929 3192 943 3215; x_wconf 92' lang='lat'><strong>,</strong></span> <span class='ocrx_word' id='word_1_321' title='bbox 978 3161 1083 3205; x_wconf 90' lang='lat' dir='ltr'><strong>etc.</strong></span> 
     </span>
    </p>
   </div>
   <div class='ocr_carea' id='block_1_43' title="bbox 701 3241 2225 3313">
    <p class='ocr_par' dir='ltr' id='par_1_43' title="bbox 701 3241 2225 3313">
     <span class='ocr_line' id='line_1_45' title="bbox 701 3241 2225 3313; baseline 0.005 -20"><span class='ocrx_word' id='word_1_322' title='bbox 701 3241 939 3298; x_wconf 87' lang='lat' dir='ltr'><strong>Petamus</strong></span> <span class='ocrx_word' id='word_1_323' title='bbox 967 3244 1097 3299; x_wconf 86' lang='lat' dir='ltr'><strong>hanc</strong></span> <span class='ocrx_word' id='word_1_324' title='bbox 1123 3246 1312 3299; x_wconf 80' lang='lat' dir='ltr'><strong>sedem.</strong></span> <span class='ocrx_word' id='word_1_325' title='bbox 1343 3244 1542 3300; x_wconf 88' lang='lat' dir='ltr'><strong>Locum</strong></span> <span class='ocrx_word' id='word_1_326' title='bbox 1573 3244 1716 3300; x_wconf 89' lang='lat' dir='ltr'><strong>hunc</strong></span> <span class='ocrx_word' id='word_1_327' title='bbox 1739 3244 1893 3299; x_wconf 74' lang='lat' dir='ltr'><strong>alfurt</strong></span> <span class='ocrx_word' id='word_1_328' title='bbox 1921 3245 1983 3299; x_wconf 90' lang='lat' dir='ltr'><strong>D.</strong></span> <span class='ocrx_word' id='word_1_329' title='bbox 2016 3247 2225 3313; x_wconf 50' lang='lat' dir='ltr'><strong>Augus.</strong></span> 
     </span>
    </p>
   </div>
   <div class='ocr_carea' id='block_1_44' title="bbox 626 3312 2224 3385">
    <p class='ocr_par' dir='ltr' id='par_1_44' title="bbox 626 3312 2224 3385">
     <span class='ocr_line' id='line_1_46' title="bbox 626 3312 2224 3385; baseline 0.003 -19"><span class='ocrx_word' id='word_1_330' title='bbox 626 3312 769 3366; x_wconf 88' lang='lat' dir='ltr'><strong>tinus</strong></span> <span class='ocrx_word' id='word_1_331' title='bbox 817 3316 867 3369; x_wconf 94' lang='lat' dir='ltr'><strong>in</strong></span> <span class='ocrx_word' id='word_1_332' title='bbox 913 3318 1216 3383; x_wconf 80' lang='lat' dir='ltr'><strong>exemplum</strong></span> <span class='ocrx_word' id='word_1_333' title='bbox 1266 3318 1542 3385; x_wconf 70' lang='lat' dir='ltr'><strong>picturata!</strong></span> <span class='ocrx_word' id='word_1_334' title='bbox 1586 3315 1867 3375; x_wconf 85' lang='lat' dir='ltr'><strong>dictionis,</strong></span> <span class='ocrx_word' id='word_1_335' title='bbox 1910 3326 1964 3371; x_wconf 93' lang='lat' dir='ltr'><strong>et</strong></span> <span class='ocrx_word' id='word_1_336' title='bbox 2002 3312 2224 3385; x_wconf 81' lang='lat' dir='ltr'><strong>spuineo</strong></span> 
     </span>
    </p>
   </div>
   <div class='ocr_carea' id='block_1_45' title="bbox 628 3385 2225 3457">
    <p class='ocr_par' dir='ltr' id='par_1_45' title="bbox 628 3385 2225 3457">
     <span class='ocr_line' id='line_1_47' title="bbox 628 3385 2225 3457; baseline 0.005 -22"><span class='ocrx_word' id='word_1_337' title='bbox 628 3385 912 3457; x_wconf 74' lang='lat' dir='ltr'><strong>verborum</strong></span> <span class='ocrx_word' id='word_1_338' title='bbox 952 3387 1154 3441; x_wconf 84' lang='lat' dir='ltr'><strong>ambitu</strong></span> <span class='ocrx_word' id='word_1_339' title='bbox 1195 3387 1510 3457; x_wconf 77' lang='lat' dir='ltr'><strong>dil&#39;llueutis.</strong></span> <span class='ocrx_word' id='word_1_340' title='bbox 1557 3387 1799 3455; x_wconf 80' lang='lat' dir='ltr'><strong>Depingit</strong></span> <span class='ocrx_word' id='word_1_341' title='bbox 1841 3388 2064 3442; x_wconf 80' lang='lat' dir='ltr'><strong>fortasse</strong></span> <span class='ocrx_word' id='word_1_342' title='bbox 2104 3388 2225 3443; x_wconf 83' lang='lat' dir='ltr'><strong>illos</strong></span> 
     </span>
    </p>
   </div>
   <div class='ocr_carea' id='block_1_46' title="bbox 627 3453 2222 3529">
    <p class='ocr_par' dir='ltr' id='par_1_46' title="bbox 627 3453 2222 3529">
     <span class='ocr_line' id='line_1_48' title="bbox 627 3453 2222 3529; baseline 0.004 -23"><span class='ocrx_word' id='word_1_343' title='bbox 627 3453 782 3529; x_wconf 59' lang='lat' dir='ltr'><strong>ipsos</strong></span> <span class='ocrx_word' id='word_1_344' title='bbox 803 3456 1018 3529; x_wconf 79' lang='lat' dir='ltr'><strong>borios.</strong></span> <span class='ocrx_word' id='word_1_345' title='bbox 1051 3474 1184 3529; x_wconf 88' lang='lat' dir='ltr'><strong>quos</strong></span> <span class='ocrx_word' id='word_1_346' title='bbox 1212 3453 1431 3517; x_wconf 86' lang='lat' dir='ltr'><strong>Pontius</strong></span> <span class='ocrx_word' id='word_1_347' title='bbox 1462 3473 1583 3514; x_wconf 90' lang='lat' dir='ltr'><strong>eum</strong></span> <span class='ocrx_word' id='word_1_348' title='bbox 1614 3453 1679 3512; x_wconf 85' lang='lat' dir='ltr'><strong>ad</strong></span> <span class='ocrx_word' id='word_1_349' title='bbox 1712 3460 1869 3512; x_wconf 86' lang='lat' dir='ltr'><strong>tidem</strong></span> <span class='ocrx_word' id='word_1_350' title='bbox 1902 3474 2222 3513; x_wconf 76' lang='lat' dir='ltr'><strong>conversum</strong></span> 
     </span>
    </p>
   </div>
   <div class='ocr_carea' id='block_1_47' title="bbox 627 3524 2222 3610">
    <p class='ocr_par' dir='ltr' id='par_1_47' title="bbox 627 3524 2222 3610">
     <span class='ocr_line' id='line_1_49' title="bbox 627 3524 2222 3610; baseline 0.004 -34"><span class='ocrx_word' id='word_1_351' title='bbox 627 3524 931 3610; x_wconf 45' lang='lat' dir='ltr'><strong>vendidisse</strong></span> <span class='ocrx_word' id='word_1_352' title='bbox 958 3524 1241 3591; x_wconf 83' lang='lat' dir='ltr'><strong>memorat,</strong></span> <span class='ocrx_word' id='word_1_353' title='bbox 1268 3530 1390 3584; x_wconf 88' lang='lat' dir='ltr'><strong>etin</strong></span> <span class='ocrx_word' id='word_1_354' title='bbox 1416 3543 1550 3602; x_wconf 84' lang='lat' dir='ltr'><strong>quos</strong></span> <span class='ocrx_word' id='word_1_355' title='bbox 1577 3531 1736 3600; x_wconf 85' lang='lat' dir='ltr'><strong>paulo</strong></span> <span class='ocrx_word' id='word_1_356' title='bbox 1760 3539 1884 3584; x_wconf 89' lang='lat' dir='ltr'><strong>ante</strong></span> <span class='ocrx_word' id='word_1_357' title='bbox 1910 3531 2222 3602; x_wconf 90' lang='lat' dir='ltr'><strong>martyrium</strong></span> 
     </span>
    </p>
   </div>
   <div class='ocr_carea' id='block_1_48' title="bbox 631 3607 950 3668">
    <p class='ocr_par' dir='ltr' id='par_1_48' title="bbox 631 3607 950 3668">
     <span class='ocr_line' id='line_1_50' title="bbox 631 3607 950 3668; baseline 0.009 -18"><span class='ocrx_word' id='word_1_358' title='bbox 631 3610 689 3651; x_wconf 90' lang='lat' dir='ltr'><strong>se</strong></span> <span class='ocrx_word' id='word_1_359' title='bbox 729 3607 950 3668; x_wconf 86' lang='lat' dir='ltr'><strong>recepit.</strong></span> 
     </span>
    </p>
   </div>
   <div class='ocr_carea' id='block_1_49' title="bbox 698 3688 2222 3762">
    <p class='ocr_par' dir='ltr' id='par_1_49' title="bbox 698 3688 2222 3762">
     <span class='ocr_line' id='line_1_51' title="bbox 698 3688 2222 3762; baseline 0.004 -19"><span class='ocrx_word' id='word_1_360' title='bbox 698 3688 765 3745; x_wconf 90' lang='lat' dir='ltr'><strong>Il.</strong></span> <span class='ocrx_word' id='word_1_361' title='bbox 798 3690 864 3745; x_wconf 92' lang='lat' dir='ltr'><strong>In</strong></span> <span class='ocrx_word' id='word_1_362' title='bbox 894 3703 1070 3761; x_wconf 88' lang='lat' dir='ltr'><strong>pectus</strong></span> <span class='ocrx_word' id='word_1_363' title='bbox 1098 3703 1239 3749; x_wconf 88' lang='lat' dir='ltr'><strong>tuum</strong></span> <span class='ocrx_word' id='word_1_364' title='bbox 1266 3696 1450 3749; x_wconf 81' lang='lat' dir='ltr'><strong>veniat.</strong></span> <span class='ocrx_word' id='word_1_365' title='bbox 1484 3694 1600 3762; x_wconf 86' lang='lat' dir='ltr'><strong>Quo</strong></span> <span class='ocrx_word' id='word_1_366' title='bbox 1622 3702 1765 3749; x_wconf 89' lang='lat' dir='ltr'><strong>tuam</strong></span> <span class='ocrx_word' id='word_1_367' title='bbox 1798 3694 2222 3750; x_wconf 68' lang='lat' dir='ltr'><strong>benevolentiam</strong></span> 
     </span>
    </p>
   </div>
   <div class='ocr_carea' id='block_1_50' title="bbox 628 3777 952 3832">
    <p class='ocr_par' dir='ltr' id='par_1_50' title="bbox 628 3777 952 3832">
     <span class='ocr_line' id='line_1_52' title="bbox 628 3777 952 3832; baseline 0.019 -18"><span class='ocrx_word' id='word_1_368' title='bbox 628 3777 952 3832; x_wconf 88' lang='lat' dir='ltr'><strong>promerear.</strong></span> 
     </span>
    </p>
   </div>
   <div class='ocr_carea' id='block_1_51' title="bbox 702 3856 2226 3932">
    <p class='ocr_par' dir='ltr' id='par_1_51' title="bbox 702 3856 2226 3932">
     <span class='ocr_line' id='line_1_53' title="bbox 702 3856 2226 3932; baseline 0.001 -22"><span class='ocrx_word' id='word_1_369' title='bbox 702 3856 943 3932; x_wconf 64' lang='lat' dir='ltr'><strong>Divinam</strong></span> <span class='ocrx_word' id='word_1_370' title='bbox 983 3862 1372 3932; x_wconf 86' lang='lat' dir='ltr'><strong>indulgentiam.</strong></span> <span class='ocrx_word' id='word_1_371' title='bbox 1415 3862 1619 3917; x_wconf 86' lang='lat' dir='ltr'><strong>Passim</strong></span> <span class='ocrx_word' id='word_1_372' title='bbox 1675 3861 1773 3914; x_wconf 87' lang='lat' dir='ltr'><strong>hac</strong></span> <span class='ocrx_word' id='word_1_373' title='bbox 1820 3875 1952 3915; x_wconf 88' lang='lat' dir='ltr'><strong>voce</strong></span> <span class='ocrx_word' id='word_1_374' title='bbox 1999 3860 2226 3930; x_wconf 80' lang='lat' dir='ltr'><strong>gratiam</strong></span> 
     </span>
    </p>
   </div>
   <div class='ocr_carea' id='block_1_52' title="bbox 629 3927 2224 4002">
    <p class='ocr_par' dir='ltr' id='par_1_52' title="bbox 629 3927 2224 4002">
     <span class='ocr_line' id='line_1_54' title="bbox 629 3927 2224 4002; baseline 0.004 -23"><span class='ocrx_word' id='word_1_375' title='bbox 629 3927 1156 4002; x_wconf 62' lang='lat' dir='ltr'><strong>divinamintelligit</strong></span> <span class='ocrx_word' id='word_1_376' title='bbox 1195 3944 1383 3988; x_wconf 86' lang='lat' dir='ltr'><strong>auctor</strong></span> <span class='ocrx_word' id='word_1_377' title='bbox 1424 3944 1628 3997; x_wconf 88' lang='lat' dir='ltr'><strong>noster,</strong></span> <span class='ocrx_word' id='word_1_378' title='bbox 1662 3943 1719 3987; x_wconf 91' lang='lat' dir='ltr'><strong>ut</strong></span> <span class='ocrx_word' id='word_1_379' title='bbox 1758 3941 1811 3987; x_wconf 90' lang='lat' dir='ltr'><strong>et</strong></span> <span class='ocrx_word' id='word_1_380' title='bbox 1838 3927 2224 3986; x_wconf 83' lang='lat' dir='ltr'><strong>Tertullianus.</strong></span> 
     </span>
    </p>
   </div>
   <div class='ocr_carea' id='block_1_53' title="bbox 628 3998 2226 4072">
    <p class='ocr_par' dir='ltr' id='par_1_53' title="bbox 628 3998 2226 4072">
     <span class='ocr_line' id='line_1_55' title="bbox 628 3998 2226 4072; baseline 0.003 -23"><span class='ocrx_word' id='word_1_381' title='bbox 628 3998 709 4072; x_wconf 77' lang='lat' dir='ltr'><strong>Oli</strong></span> <span class='ocrx_word' id='word_1_382' title='bbox 740 4000 993 4072; x_wconf 79' lang='lat' dir='ltr'><strong>miriﬁcos</strong></span> <span class='ocrx_word' id='word_1_383' title='bbox 1021 3998 1408 4058; x_wconf 46' lang='lat' dir='ltr'><strong>et&#39;subitaneos</strong></span> <span class='ocrx_word' id='word_1_384' title='bbox 1434 4003 1654 4060; x_wconf 69' lang='lat' dir='ltr'><strong>eiii-ctus</strong></span> <span class='ocrx_word' id='word_1_385' title='bbox 1674 4046 1689 4065; x_wconf 90' lang='lat'><strong>,</strong></span> <span class='ocrx_word' id='word_1_386' title='bbox 1719 4003 2072 4072; x_wconf 82' lang='lat' dir='ltr'><strong>compendium</strong></span> <span class='ocrx_word' id='word_1_387' title='bbox 2109 4018 2226 4071; x_wconf 88' lang='lat' dir='ltr'><strong>gra-</strong></span> 
     </span>
    </p>
   </div>
   <div class='ocr_carea' id='block_1_54' title="bbox 629 4069 2229 4141">
    <p class='ocr_par' dir='ltr' id='par_1_54' title="bbox 629 4069 2229 4141">
     <span class='ocr_line' id='line_1_56' title="bbox 629 4069 2229 4141; baseline 0.004 -21"><span class='ocrx_word' id='word_1_388' title='bbox 629 4069 714 4141; x_wconf 73' lang='lat' dir='ltr'><strong>tia:</strong></span> <span class='ocrx_word' id='word_1_389' title='bbox 739 4070 916 4123; x_wconf 77' lang='lat' dir='ltr'><strong>statim</strong></span> <span class='ocrx_word' id='word_1_390' title='bbox 945 4073 1263 4141; x_wconf 89' lang='lat' dir='ltr'><strong>appellatur.</strong></span> <span class='ocrx_word' id='word_1_391' title='bbox 1296 4076 1364 4127; x_wconf 82' lang='lat' dir='ltr'><strong>At</strong></span> <span class='ocrx_word' id='word_1_392' title='bbox 1388 4086 1529 4129; x_wconf 87' lang='lat' dir='ltr'><strong>totus</strong></span> <span class='ocrx_word' id='word_1_393' title='bbox 1559 4075 1645 4129; x_wconf 92' lang='lat' dir='ltr'><strong>hic</strong></span> <span class='ocrx_word' id='word_1_394' title='bbox 1667 4077 1814 4129; x_wconf 73' lang='lat' dir='ltr'><strong>lucu~</strong></span> <span class='ocrx_word' id='word_1_395' title='bbox 1835 4069 1873 4128; x_wconf 48' lang='lat' dir='ltr'><strong>&#39;a</strong></span> <span class='ocrx_word' id='word_1_396' title='bbox 1898 4069 2229 4128; x_wconf 83' lang='lat' dir='ltr'><strong>Tertulliano</strong></span> 
     </span>
    </p>
   </div>
   <div class='ocr_carea' id='block_1_55' title="bbox 630 4139 2229 4215">
    <p class='ocr_par' dir='ltr' id='par_1_55' title="bbox 630 4139 2229 4215">
     <span class='ocr_line' id='line_1_57' title="bbox 630 4139 2229 4215; baseline -0.005 -9"><span class='ocrx_word' id='word_1_397' title='bbox 630 4139 998 4215; x_wconf 58' lang='grc' dir='ltr'><strong>ιζρριῖοιηιηιιεζ</strong></span> <span class='ocrx_word' id='word_1_398' title='bbox 1022 4139 1135 4197; x_wconf 76' lang='lat' dir='ltr'><strong>Lib.</strong></span> <span class='ocrx_word' id='word_1_399' title='bbox 1158 4146 1220 4197; x_wconf 79' lang='lat' dir='ltr'><strong>de</strong></span> <span class='ocrx_word' id='word_1_400' title='bbox 1234 4143 1481 4215; x_wconf 82' lang='lat' dir='ltr'><strong>Baptism.</strong></span> <span class='ocrx_word' id='word_1_401' title='bbox 1510 4145 1695 4199; x_wconf 85' lang='lat' dir='ltr'><strong>Nonne</strong></span> <span class='ocrx_word' id='word_1_402' title='bbox 1717 4147 2002 4199; x_wconf 86' lang='lat' dir='ltr'><strong>mirandum</strong></span> <span class='ocrx_word' id='word_1_403' title='bbox 2025 4145 2229 4198; x_wconf 80' lang='lat' dir='ltr'><strong>lavacro</strong></span> 
     </span>
    </p>
   </div>
   <div class='ocr_carea' id='block_1_56' title="bbox 631 4209 2231 4286">
    <p class='ocr_par' dir='ltr' id='par_1_56' title="bbox 631 4209 2231 4286">
     <span class='ocr_line' id='line_1_58' title="bbox 631 4209 2231 4286; baseline 0.004 -24"><span class='ocrx_word' id='word_1_404' title='bbox 631 4209 759 4263; x_wconf 82' lang='lat' dir='ltr'><strong>dilui</strong></span> <span class='ocrx_word' id='word_1_405' title='bbox 798 4214 1046 4286; x_wconf 83' lang='lat' dir='ltr'><strong>mortem?</strong></span> <span class='ocrx_word' id='word_1_406' title='bbox 1079 4216 1142 4269; x_wconf 87' lang='lat' dir='ltr'><strong>Et</strong></span> <span class='ocrx_word' id='word_1_407' title='bbox 1170 4209 1331 4281; x_wconf 75' lang='lat' dir='ltr'><strong>paulo</strong></span> <span class='ocrx_word' id='word_1_408' title='bbox 1366 4228 1517 4286; x_wconf 88' lang='lat' dir='ltr'><strong>post:</strong></span> <span class='ocrx_word' id='word_1_409' title='bbox 1555 4216 1664 4271; x_wconf 82' lang='lat' dir='ltr'><strong>Nos</strong></span> <span class='ocrx_word' id='word_1_410' title='bbox 1702 4233 1899 4286; x_wconf 85' lang='lat' dir='ltr'><strong>quoque</strong></span> <span class='ocrx_word' id='word_1_411' title='bbox 1936 4217 2034 4284; x_wconf 68' lang='lat' dir='ltr'><strong>ipsi</strong></span> <span class='ocrx_word' id='word_1_412' title='bbox 2075 4217 2231 4269; x_wconf 88' lang='lat' dir='ltr'><strong>mira-</strong></span> 
     </span>
    </p>
   </div>
   <div class='ocr_carea' id='block_1_57' title="bbox 630 4284 2225 4352">
    <p class='ocr_par' dir='ltr' id='par_1_57' title="bbox 630 4284 2225 4352">
     <span class='ocr_line' id='line_1_59' title="bbox 630 4284 2225 4352; baseline 0.004 -19"><span class='ocrx_word' id='word_1_413' title='bbox 630 4297 764 4347; x_wconf 88' lang='lat' dir='ltr'><strong>mur,</strong></span> <span class='ocrx_word' id='word_1_414' title='bbox 799 4284 887 4336; x_wconf 89' lang='lat' dir='ltr'><strong>sed</strong></span> <span class='ocrx_word' id='word_1_415' title='bbox 916 4287 1035 4352; x_wconf 88' lang='lat' dir='ltr'><strong>quia</strong></span> <span class='ocrx_word' id='word_1_416' title='bbox 1060 4287 1349 4351; x_wconf 85' lang='lat' dir='ltr'><strong>credimus;</strong></span> <span class='ocrx_word' id='word_1_417' title='bbox 1370 4284 1609 4342; x_wconf 67' lang='lat' dir='ltr'><strong>caeterum</strong></span> <span class='ocrx_word' id='word_1_418' title='bbox 1636 4284 1965 4342; x_wconf 79' lang='lat' dir='ltr'><strong>incredulitas</strong></span> <span class='ocrx_word' id='word_1_419' title='bbox 1992 4288 2225 4351; x_wconf 84' lang='lat' dir='ltr'><strong>miratur,</strong></span> 
     </span>
    </p>
   </div>
   <div class='ocr_carea' id='block_1_58' title="bbox 631 4354 2230 4429">
    <p class='ocr_par' dir='ltr' id='par_1_58' title="bbox 631 4354 2230 4429">
     <span class='ocr_line' id='line_1_60' title="bbox 631 4354 2230 4429; baseline 0.004 -24"><span class='ocrx_word' id='word_1_420' title='bbox 631 4354 960 4429; x_wconf 35' lang='lat' dir='ltr'><strong>non‘credit;</strong></span> <span class='ocrx_word' id='word_1_421' title='bbox 1000 4359 1217 4412; x_wconf 89' lang='lat' dir='ltr'><strong>miratur</strong></span> <span class='ocrx_word' id='word_1_422' title='bbox 1252 4361 1386 4413; x_wconf 88' lang='lat' dir='ltr'><strong>enim</strong></span> <span class='ocrx_word' id='word_1_423' title='bbox 1424 4360 1681 4429; x_wconf 76' lang='lat' dir='ltr'><strong>simplicia</strong></span> <span class='ocrx_word' id='word_1_424' title='bbox 1715 4363 1861 4429; x_wconf 86' lang='lat' dir='ltr'><strong>quasi</strong></span> <span class='ocrx_word' id='word_1_425' title='bbox 1908 4375 2069 4420; x_wconf 84' lang='lat' dir='ltr'><strong>vana,</strong></span> <span class='ocrx_word' id='word_1_426' title='bbox 2116 4374 2230 4411; x_wconf 87' lang='lat' dir='ltr'><strong>ma-</strong></span> 
     </span>
    </p>
   </div>
   <div class='ocr_carea' id='block_1_59' title="bbox 630 4425 1511 4501">
    <p class='ocr_par' dir='ltr' id='par_1_59' title="bbox 630 4425 1511 4501">
     <span class='ocr_line' id='line_1_61' title="bbox 630 4425 1511 4501; baseline 0.01 -25"><span class='ocrx_word' id='word_1_427' title='bbox 630 4425 818 4494; x_wconf 84' lang='lat' dir='ltr'><strong>gniﬁca</strong></span> <span class='ocrx_word' id='word_1_428' title='bbox 842 4430 988 4497; x_wconf 88' lang='lat' dir='ltr'><strong>quasi</strong></span> <span class='ocrx_word' id='word_1_429' title='bbox 1013 4430 1347 4501; x_wconf 85' lang='lat' dir='ltr'><strong>impossibilia</strong></span> <span class='ocrx_word' id='word_1_430' title='bbox 1365 4471 1379 4496; x_wconf 90' lang='lat'><strong>,</strong></span> <span class='ocrx_word' id='word_1_431' title='bbox 1410 4442 1511 4487; x_wconf 89' lang='lat' dir='ltr'><strong>etc.</strong></span> 
     </span>
    </p>
   </div>
   <div class='ocr_carea' id='block_1_60' title="bbox 704 4514 2231 4591">
    <p class='ocr_par' dir='ltr' id='par_1_60' title="bbox 704 4514 2231 4591">
     <span class='ocr_line' id='line_1_62' title="bbox 704 4514 2231 4591; baseline 0.005 -24"><span class='ocrx_word' id='word_1_432' title='bbox 704 4514 1013 4591; x_wconf 74' lang='lat' dir='ltr'><strong>Expoueret.</strong></span> <span class='ocrx_word' id='word_1_433' title='bbox 1060 4522 1391 4590; x_wconf 80' lang='lat' dir='ltr'><strong>DepOneret:</strong></span> <span class='ocrx_word' id='word_1_434' title='bbox 1424 4538 1581 4578; x_wconf 78' lang='lat' dir='ltr'><strong>sensu</strong></span> <span class='ocrx_word' id='word_1_435' title='bbox 1624 4521 1763 4591; x_wconf 88' lang='lat' dir='ltr'><strong>apud</strong></span> <span class='ocrx_word' id='word_1_436' title='bbox 1794 4531 2068 4577; x_wconf 86' lang='lat' dir='ltr'><strong>auctorem</strong></span> <span class='ocrx_word' id='word_1_437' title='bbox 2102 4535 2231 4575; x_wconf 87' lang='lat' dir='ltr'><strong>nos-</strong></span> 
     </span>
    </p>
   </div>
   <div class='ocr_carea' id='block_1_61' title="bbox 632 4590 1716 4653">
    <p class='ocr_par' dir='ltr' id='par_1_61' title="bbox 632 4590 1716 4653">
     <span class='ocr_line' id='line_1_63' title="bbox 632 4590 1716 4653; baseline 0.006 -13"><span class='ocrx_word' id='word_1_438' title='bbox 632 4597 806 4653; x_wconf 88' lang='lat' dir='ltr'><strong>trum,</strong></span> <span class='ocrx_word' id='word_1_439' title='bbox 839 4599 893 4643; x_wconf 91' lang='lat' dir='ltr'><strong>et</strong></span> <span class='ocrx_word' id='word_1_440' title='bbox 924 4590 1312 4648; x_wconf 90' lang='lat' dir='ltr'><strong>Tertullianum</strong></span> <span class='ocrx_word' id='word_1_441' title='bbox 1347 4595 1716 4650; x_wconf 87' lang='lat' dir='ltr'><strong>usitatissimo.</strong></span> 
     </span>
    </p>
   </div>
   <div class='ocr_carea' id='block_1_62' title="bbox 704 4680 2233 4756">
    <p class='ocr_par' dir='ltr' id='par_1_62' title="bbox 704 4680 2233 4756">
     <span class='ocr_line' id='line_1_64' title="bbox 704 4680 2233 4756; baseline 0.003 -22"><span class='ocrx_word' id='word_1_442' title='bbox 704 4680 988 4756; x_wconf 78' lang='lat' dir='ltr'><strong>Genuinum</strong></span> <span class='ocrx_word' id='word_1_443' title='bbox 1028 4688 1128 4741; x_wconf 90' lang='lat' dir='ltr'><strong>situ</strong></span> <span class='ocrx_word' id='word_1_444' title='bbox 1167 4690 1410 4742; x_wconf 80' lang='lat' dir='ltr'><strong>nutterire.</strong></span> <span class='ocrx_word' id='word_1_445' title='bbox 1457 4689 1588 4742; x_wconf 87' lang='lat' dir='ltr'><strong>Mala</strong></span> <span class='ocrx_word' id='word_1_446' title='bbox 1631 4688 1891 4742; x_wconf 86' lang='lat' dir='ltr'><strong>naturalia</strong></span> <span class='ocrx_word' id='word_1_447' title='bbox 1931 4703 2049 4755; x_wconf 75' lang='lat' dir='ltr'><strong>quze</strong></span> <span class='ocrx_word' id='word_1_448' title='bbox 2080 4686 2233 4756; x_wconf 81' lang='lat' dir='ltr'><strong>quasi</strong></span> 
     </span>
    </p>
   </div>
   <div class='ocr_carea' id='block_1_63' title="bbox 630 4753 2238 4831">
    <p class='ocr_par' dir='ltr' id='par_1_63' title="bbox 630 4753 2238 4831">
     <span class='ocr_line' id='line_1_65' title="bbox 630 4753 2238 4831; baseline 0.006 -28"><span class='ocrx_word' id='word_1_449' title='bbox 630 4753 735 4831; x_wconf 72' lang='lat' dir='ltr'><strong>situ</strong></span> <span class='ocrx_word' id='word_1_450' title='bbox 767 4763 819 4807; x_wconf 87' lang='lat' dir='ltr'><strong>et</strong></span> <span class='ocrx_word' id='word_1_451' title='bbox 849 4755 1097 4831; x_wconf 76' lang='lat' dir='ltr'><strong>sordibus</strong></span> <span class='ocrx_word' id='word_1_452' title='bbox 1129 4762 1323 4814; x_wconf 90' lang='lat' dir='ltr'><strong>veteris</strong></span> <span class='ocrx_word' id='word_1_453' title='bbox 1365 4761 1595 4815; x_wconf 90' lang='lat' dir='ltr'><strong>hominis</strong></span> <span class='ocrx_word' id='word_1_454' title='bbox 1630 4761 1768 4814; x_wconf 89' lang='lat' dir='ltr'><strong>unde</strong></span> <span class='ocrx_word' id='word_1_455' title='bbox 1795 4753 2238 4831; x_wconf 12' lang='lat' dir='ltr'><strong>prodierunt—gob-</strong></span> 
     </span>
    </p>
   </div>
   <div class='ocr_carea' id='block_1_64' title="bbox 630 4822 2233 4900">
    <p class='ocr_par' dir='ltr' id='par_1_64' title="bbox 630 4822 2233 4900">
     <span class='ocr_line' id='line_1_66' title="bbox 630 4822 2233 4900; baseline 0.004 -24"><span class='ocrx_word' id='word_1_456' title='bbox 630 4822 824 4900; x_wconf 79' lang='lat' dir='ltr'><strong>ducta:</strong></span> <span class='ocrx_word' id='word_1_457' title='bbox 858 4828 1052 4900; x_wconf 83' lang='lat' dir='ltr'><strong>quilms</strong></span> <span class='ocrx_word' id='word_1_458' title='bbox 1079 4841 1422 4900; x_wconf 89' lang='lat' dir='ltr'><strong>opponuntur</strong></span> <span class='ocrx_word' id='word_1_459' title='bbox 1460 4832 1758 4885; x_wconf 80' lang='lat' dir='ltr'><strong>voluntaria</strong></span> <span class='ocrx_word' id='word_1_460' title='bbox 1784 4822 1813 4891; x_wconf 85' lang='grc'><strong>,’</strong></span> <span class='ocrx_word' id='word_1_461' title='bbox 1840 4827 2233 4883; x_wconf 81' lang='lat' dir='ltr'><strong>oonsueunline</strong></span> 
     </span>
    </p>
   </div>
   <div class='ocr_carea' id='block_1_65' title="bbox 630 4892 2233 4970">
    <p class='ocr_par' dir='ltr' id='par_1_65' title="bbox 630 4892 2233 4970">
     <span class='ocr_line' id='line_1_67' title="bbox 630 4892 2233 4970; baseline 0.002 -23"><span class='ocrx_word' id='word_1_462' title='bbox 630 4892 832 4949; x_wconf 90' lang='lat' dir='ltr'><strong>diutina</strong></span> <span class='ocrx_word' id='word_1_463' title='bbox 875 4892 928 4951; x_wconf 88' lang='lat' dir='ltr'><strong>in</strong></span> <span class='ocrx_word' id='word_1_464' title='bbox 974 4892 1197 4955; x_wconf 79' lang='lat' dir='ltr'><strong>alteram</strong></span> <span class='ocrx_word' id='word_1_465' title='bbox 1243 4914 1486 4957; x_wconf 90' lang='lat' dir='ltr'><strong>naturam</strong></span> <span class='ocrx_word' id='word_1_466' title='bbox 1534 4903 1883 4970; x_wconf 89' lang='lat' dir='ltr'><strong>transcripta,</strong></span> <span class='ocrx_word' id='word_1_467' title='bbox 1916 4917 2033 4970; x_wconf 66' lang='lat' dir='ltr'><strong>quo</strong></span> <span class='ocrx_word' id='word_1_468' title='bbox 2080 4916 2233 4951; x_wconf 86' lang='lat' dir='ltr'><strong>usur-</strong></span> 
     </span>
    </p>
   </div>
   <div class='ocr_carea' id='block_1_66' title="bbox 633 4969 2239 5037">
    <p class='ocr_par' dir='ltr' id='par_1_66' title="bbox 633 4969 2239 5037">
     <span class='ocr_line' id='line_1_68' title="bbox 633 4969 2239 5037; baseline 0.005 -22"><span class='ocrx_word' id='word_1_469' title='bbox 633 4975 754 5034; x_wconf 82' lang='lat' dir='ltr'><strong>pata</strong></span> <span class='ocrx_word' id='word_1_470' title='bbox 780 4970 1012 5037; x_wconf 87' lang='lat' dir='ltr'><strong>appellat</strong></span> <span class='ocrx_word' id='word_1_471' title='bbox 1039 4984 1226 5026; x_wconf 90' lang='lat' dir='ltr'><strong>auctor</strong></span> <span class='ocrx_word' id='word_1_472' title='bbox 1250 4985 1450 5028; x_wconf 72' lang='lat' dir='ltr'><strong>noster.</strong></span> <span class='ocrx_word' id='word_1_473' title='bbox 1486 4975 1597 5027; x_wconf 74' lang='lat' dir='ltr'><strong>Non</strong></span> <span class='ocrx_word' id='word_1_474' title='bbox 1628 4969 1772 5026; x_wconf 85' lang='lat' dir='ltr'><strong>male</strong></span> <span class='ocrx_word' id='word_1_475' title='bbox 1793 4972 1961 5026; x_wconf 76' lang='lat' dir='ltr'><strong>codex</strong></span> <span class='ocrx_word' id='word_1_476' title='bbox 1994 4969 2239 5025; x_wconf 85' lang='lat' dir='ltr'><strong>Bodleia-</strong></span> 
     </span>
    </p>
   </div>
   <div class='ocr_carea' id='block_1_67' title="bbox 635 5041 2117 5113">
    <p class='ocr_par' dir='ltr' id='par_1_67' title="bbox 635 5041 2117 5113">
     <span class='ocr_line' id='line_1_69' title="bbox 635 5041 2117 5113; baseline -0.006 -11"><span class='ocrx_word' id='word_1_477' title='bbox 635 5041 985 5113; x_wconf 37' lang='lat' dir='ltr'><strong>&quot;lljlctl‘ius,</strong></span> <span class='ocrx_word' id='word_1_478' title='bbox 1020 5046 1242 5113; x_wconf 87' lang='lat' dir='ltr'><strong>genitum</strong></span> <span class='ocrx_word' id='word_1_479' title='bbox 1278 5049 1452 5113; x_wconf 87' lang='lat' dir='ltr'><strong>ponit:</strong></span> <span class='ocrx_word' id='word_1_480' title='bbox 1487 5046 1579 5098; x_wconf 88' lang='lat' dir='ltr'><strong>sed</strong></span> <span class='ocrx_word' id='word_1_481' title='bbox 1609 5046 1737 5098; x_wconf 82' lang='lat' dir='ltr'><strong>nihil</strong></span> <span class='ocrx_word' id='word_1_482' title='bbox 1769 5043 1921 5097; x_wconf 83' lang='lat' dir='ltr'><strong>facile</strong></span> <span class='ocrx_word' id='word_1_483' title='bbox 1951 5050 2117 5095; x_wconf 93' lang='lat' dir='ltr'><strong>muto.</strong></span> 
     </span>
    </p>
   </div>
   <div class='ocr_carea' id='block_1_68' title="bbox 704 5106 2238 5186">
    <p class='ocr_par' dir='ltr' id='par_1_68' title="bbox 704 5106 2238 5186">
     <span class='ocr_line' id='line_1_70' title="bbox 704 5106 2238 5186; baseline 0.004 -26"><span class='ocrx_word' id='word_1_484' title='bbox 704 5106 792 5186; x_wconf 78' lang='lat' dir='ltr'><strong>Ill.</strong></span> <span class='ocrx_word' id='word_1_485' title='bbox 826 5106 1085 5167; x_wconf 34' lang='lat' dir='ltr'><strong>Mors-ista</strong></span> <span class='ocrx_word' id='word_1_486' title='bbox 1108 5106 1395 5170; x_wconf 78' lang='lat' dir='ltr'><strong>criminum.</strong></span> <span class='ocrx_word' id='word_1_487' title='bbox 1425 5117 1727 5186; x_wconf 86' lang='lat' dir='ltr'><strong>Baptismus</strong></span> <span class='ocrx_word' id='word_1_488' title='bbox 1755 5114 1870 5168; x_wconf 80' lang='lat' dir='ltr'><strong>scil.</strong></span> <span class='ocrx_word' id='word_1_489' title='bbox 1904 5113 2085 5186; x_wconf 87' lang='lat' dir='ltr'><strong>inquo</strong></span> <span class='ocrx_word' id='word_1_490' title='bbox 2116 5127 2238 5166; x_wconf 91' lang='lat' dir='ltr'><strong>cum</strong></span> 
     </span>
    </p>
   </div>
   <div class='ocr_carea' id='block_1_69' title="bbox 632 5178 2237 5254">
    <p class='ocr_par' dir='ltr' id='par_1_69' title="bbox 632 5178 2237 5254">
     <span class='ocr_line' id='line_1_71' title="bbox 632 5178 2237 5254; baseline 0.003 -23"><span class='ocrx_word' id='word_1_491' title='bbox 632 5178 853 5254; x_wconf 79' lang='lat' dir='ltr'><strong>Christo</strong></span> <span class='ocrx_word' id='word_1_492' title='bbox 877 5187 1157 5250; x_wconf 86' lang='lat' dir='ltr'><strong>morimur,</strong></span> <span class='ocrx_word' id='word_1_493' title='bbox 1187 5187 1340 5241; x_wconf 73' lang='lat' dir='ltr'><strong>lium.</strong></span> <span class='ocrx_word' id='word_1_494' title='bbox 1365 5204 1439 5254; x_wconf 75' lang='lat' dir='ltr'><strong>Vl,</strong></span> <span class='ocrx_word' id='word_1_495' title='bbox 1464 5178 1732 5251; x_wconf 58' lang='lat' dir='ltr'><strong>43Coloss.</strong></span> <span class='ocrx_word' id='word_1_496' title='bbox 1761 5202 1819 5251; x_wconf 88' lang='lat' dir='ltr'><strong>ll,</strong></span> <span class='ocrx_word' id='word_1_497' title='bbox 1846 5186 1934 5248; x_wconf 69' lang='lat'><strong>1&#39;2;</strong></span> <span class='ocrx_word' id='word_1_498' title='bbox 1962 5178 2028 5237; x_wconf 80' lang='lat' dir='ltr'><strong>ita</strong></span> <span class='ocrx_word' id='word_1_499' title='bbox 2059 5194 2237 5237; x_wconf 90' lang='lat' dir='ltr'><strong>tamen</strong></span> 
     </span>
    </p>
   </div>
   <div class='ocr_carea' id='block_1_70' title="bbox 634 5251 2237 5327">
    <p class='ocr_par' dir='ltr' id='par_1_70' title="bbox 634 5251 2237 5327">
     <span class='ocr_line' id='line_1_72' title="bbox 634 5251 2237 5327; baseline -0.001 -19"><span class='ocrx_word' id='word_1_500' title='bbox 634 5260 689 5303; x_wconf 83' lang='grc' dir='ltr'><strong>ιιι</strong></span> <span class='ocrx_word' id='word_1_501' title='bbox 724 5251 833 5327; x_wconf 70' lang='lat' dir='ltr'><strong>Deo</strong></span> <span class='ocrx_word' id='word_1_502' title='bbox 864 5264 918 5308; x_wconf 87' lang='lat' dir='ltr'><strong>et</strong></span> <span class='ocrx_word' id='word_1_503' title='bbox 959 5257 1182 5324; x_wconf 77' lang='lat' dir='ltr'><strong>jttStitin:</strong></span> <span class='ocrx_word' id='word_1_504' title='bbox 1226 5259 1342 5327; x_wconf 86' lang='lat' dir='ltr'><strong>ejus</strong></span> <span class='ocrx_word' id='word_1_505' title='bbox 1377 5251 1628 5326; x_wconf 74' lang='lat' dir='ltr'><strong>deinceps</strong></span> <span class='ocrx_word' id='word_1_506' title='bbox 1677 5259 1947 5311; x_wconf 83' lang='lat' dir='ltr'><strong>vivamus:</strong></span> <span class='ocrx_word' id='word_1_507' title='bbox 1978 5254 2237 5325; x_wconf 85' lang='lat' dir='ltr'><strong>quemad-</strong></span> 
     </span>
    </p>
   </div>
   <div class='ocr_carea' id='block_1_71' title="bbox 634 5323 2243 5399">
    <p class='ocr_par' dir='ltr' id='par_1_71' title="bbox 634 5323 2243 5399">
     <span class='ocr_line' id='line_1_73' title="bbox 634 5323 2243 5399; baseline 0.003 -24"><span class='ocrx_word' id='word_1_508' title='bbox 634 5323 853 5399; x_wconf 77' lang='lat' dir='ltr'><strong>modum</strong></span> <span class='ocrx_word' id='word_1_509' title='bbox 895 5323 1091 5383; x_wconf 82' lang='lat' dir='ltr'><strong>exinde</strong></span> <span class='ocrx_word' id='word_1_510' title='bbox 1133 5323 1424 5399; x_wconf 59' lang='lat' dir='ltr'><strong>ApoQtolns</strong></span> <span class='ocrx_word' id='word_1_511' title='bbox 1469 5334 1521 5385; x_wconf 91' lang='lat' dir='ltr'><strong>in</strong></span> <span class='ocrx_word' id='word_1_512' title='bbox 1566 5323 1697 5384; x_wconf 87' lang='lat' dir='ltr'><strong>locis</strong></span> <span class='ocrx_word' id='word_1_513' title='bbox 1735 5344 1893 5397; x_wconf 89' lang='lat' dir='ltr'><strong>supra</strong></span> <span class='ocrx_word' id='word_1_514' title='bbox 1937 5323 2143 5393; x_wconf 83' lang='lat' dir='ltr'><strong>citatis,</strong></span> <span class='ocrx_word' id='word_1_515' title='bbox 2187 5334 2243 5380; x_wconf 87' lang='lat' dir='ltr'><strong>et</strong></span> 
     </span>
    </p>
   </div>
   <div class='ocr_carea' id='block_1_72' title="bbox 634 5393 1316 5462">
    <p class='ocr_par' dir='ltr' id='par_1_72' title="bbox 634 5393 1316 5462">
     <span class='ocr_line' id='line_1_74' title="bbox 634 5393 1316 5462; baseline 0.016 -16"><span class='ocrx_word' id='word_1_516' title='bbox 634 5393 758 5447; x_wconf 83' lang='lat' dir='ltr'><strong>alibi</strong></span> <span class='ocrx_word' id='word_1_517' title='bbox 794 5411 855 5462; x_wconf 80' lang='lat' dir='ltr'><strong>pa</strong></span> <span class='ocrx_word' id='word_1_518' title='bbox 867 5400 989 5452; x_wconf 56' lang='grc' dir='ltr'><strong>κείω</strong></span> <span class='ocrx_word' id='word_1_519' title='bbox 1019 5393 1316 5456; x_wconf 82' lang='lat' dir='ltr'><strong>cont-ludit.</strong></span> 
     </span>
    </p>
   </div>
   <div class='ocr_carea' id='block_1_73' title="bbox 706 5463 2243 5546">
    <p class='ocr_par' dir='ltr' id='par_1_73' title="bbox 706 5463 2243 5546">
     <span class='ocr_line' id='line_1_75' title="bbox 706 5463 2243 5546; baseline 0.002 -28"><span class='ocrx_word' id='word_1_520' title='bbox 706 5463 926 5546; x_wconf 72' lang='lat' dir='ltr'><strong>Coeperit</strong></span> <span class='ocrx_word' id='word_1_521' title='bbox 950 5474 1230 5546; x_wconf 18' lang='lat' dir='ltr'><strong>esseA/idei.</strong></span> <span class='ocrx_word' id='word_1_522' title='bbox 1264 5475 1319 5530; x_wconf 90' lang='lat' dir='ltr'><strong>Si</strong></span> <span class='ocrx_word' id='word_1_523' title='bbox 1352 5474 1476 5546; x_wconf 90' lang='lat' dir='ltr'><strong>quid</strong></span> <span class='ocrx_word' id='word_1_524' title='bbox 1508 5473 1680 5546; x_wconf 74' lang='lat' dir='ltr'><strong>laude</strong></span> <span class='ocrx_word' id='word_1_525' title='bbox 1702 5472 1919 5546; x_wconf 80' lang='lat' dir='ltr'><strong>dignum</strong></span> <span class='ocrx_word' id='word_1_526' title='bbox 1960 5469 2069 5546; x_wconf 83' lang='lat' dir='ltr'><strong>jam</strong></span> <span class='ocrx_word' id='word_1_527' title='bbox 2115 5466 2243 5546; x_wconf 42' lang='lat' dir='ltr'><strong>facit</strong></span> 
     </span>
    </p>
   </div>
   <div class='ocr_carea' id='block_1_74' title="bbox 633 5536 2243 5617">
    <p class='ocr_par' dir='ltr' id='par_1_74' title="bbox 633 5536 2243 5617">
     <span class='ocr_line' id='line_1_76' title="bbox 633 5536 2243 5617; baseline 0.001 -26"><span class='ocrx_word' id='word_1_528' title='bbox 633 5551 753 5617; x_wconf 47' lang='lat' dir='ltr'><strong>tit-tis</strong></span> <span class='ocrx_word' id='word_1_529' title='bbox 797 5544 990 5617; x_wconf 10' lang='lat' dir='ltr'><strong>gratia);</strong></span> <span class='ocrx_word' id='word_1_530' title='bbox 1029 5536 1225 5600; x_wconf 74' lang='lat' dir='ltr'><strong>divinat:</strong></span> <span class='ocrx_word' id='word_1_531' title='bbox 1269 5536 1550 5616; x_wconf 72' lang='lat' dir='ltr'><strong>acceptum</strong></span> <span class='ocrx_word' id='word_1_532' title='bbox 1597 5536 1988 5617; x_wconf 51' lang='lat' dir='ltr'><strong>refertnzdumj&#39;</strong></span> <span class='ocrx_word' id='word_1_533' title='bbox 2023 5540 2067 5617; x_wconf 56' lang='lat' dir='ltr'><strong>si</strong></span> <span class='ocrx_word' id='word_1_534' title='bbox 2116 5536 2243 5607; x_wconf 83' lang='lat' dir='ltr'><strong>quid</strong></span> 
     </span>
    </p>
   </div>
   <div class='ocr_carea' id='block_1_75' title="bbox 637 5606 2248 5687">
    <p class='ocr_par' dir='ltr' id='par_1_75' title="bbox 637 5606 2248 5687">
     <span class='ocr_line' id='line_1_77' title="bbox 637 5606 2248 5687; baseline 0.002 -29"><span class='ocrx_word' id='word_1_535' title='bbox 637 5606 767 5687; x_wconf 63' lang='lat' dir='ltr'><strong>olim</strong></span> <span class='ocrx_word' id='word_1_536' title='bbox 797 5615 1145 5687; x_wconf 75' lang='lat' dir='ltr'><strong>commissum</strong></span> <span class='ocrx_word' id='word_1_537' title='bbox 1166 5660 1177 5677; x_wconf 89' lang='lat'><strong>,</strong></span> <span class='ocrx_word' id='word_1_538' title='bbox 1208 5621 1376 5673; x_wconf 85' lang='lat' dir='ltr'><strong>errori</strong></span> <span class='ocrx_word' id='word_1_539' title='bbox 1403 5606 1646 5670; x_wconf 79' lang='lat' dir='ltr'><strong>lnunano</strong></span> <span class='ocrx_word' id='word_1_540' title='bbox 1686 5612 1968 5687; x_wconf 83' lang='lat' dir='ltr'><strong>imputabit</strong></span> <span class='ocrx_word' id='word_1_541' title='bbox 2010 5606 2248 5687; x_wconf 75' lang='lat' dir='ltr'><strong>clemen-</strong></span> 
     </span>
    </p>
   </div>
   <div class='ocr_carea' id='block_1_76' title="bbox 635 5680 2206 5753">
    <p class='ocr_par' dir='ltr' id='par_1_76' title="bbox 635 5680 2206 5753">
     <span class='ocr_line' id='line_1_78' title="bbox 635 5680 2206 5753; baseline 0.003 -24"><span class='ocrx_word' id='word_1_542' title='bbox 635 5680 873 5753; x_wconf 69' lang='lat' dir='ltr'><strong>tissimus</strong></span> <span class='ocrx_word' id='word_1_543' title='bbox 898 5685 1069 5752; x_wconf 89' lang='lat' dir='ltr'><strong>Deus;</strong></span> <span class='ocrx_word' id='word_1_544' title='bbox 1099 5689 1204 5743; x_wconf 90' lang='lat' dir='ltr'><strong>vid.</strong></span> <span class='ocrx_word' id='word_1_545' title='bbox 1237 5693 1350 5744; x_wconf 80' lang='lat' dir='ltr'><strong>Act.</strong></span> <span class='ocrx_word' id='word_1_546' title='bbox 1390 5705 1493 5743; x_wconf 63' lang='lat' dir='ltr'><strong>svn</strong></span> <span class='ocrx_word' id='word_1_547' title='bbox 1515 5728 1530 5753; x_wconf 93' lang='lat'><strong>,</strong></span> <span class='ocrx_word' id='word_1_548' title='bbox 1563 5689 1661 5749; x_wconf 80' lang='lat'><strong>50;</strong></span> <span class='ocrx_word' id='word_1_549' title='bbox 1686 5686 1705 5741; x_wconf 94' lang='lat' dir='ltr'><strong>I</strong></span> <span class='ocrx_word' id='word_1_550' title='bbox 1727 5680 1866 5740; x_wconf 76' lang='lat' dir='ltr'><strong>&#39;l‘im.</strong></span> <span class='ocrx_word' id='word_1_551' title='bbox 1892 5701 1906 5738; x_wconf 85' lang='grc' dir='ltr'>ι</span> <span class='ocrx_word' id='word_1_552' title='bbox 1930 5725 1943 5749; x_wconf 90' lang='grc'><em>,</em></span> <span class='ocrx_word' id='word_1_553' title='bbox 1979 5689 2001 5737; x_wconf 82' lang='grc'>1</span> <span class='ocrx_word' id='word_1_554' title='bbox 2037 5693 2090 5736; x_wconf 87' lang='lat' dir='ltr'><strong>et</strong></span> <span class='ocrx_word' id='word_1_555' title='bbox 2114 5680 2206 5734; x_wconf 67' lang='lat' dir='ltr'><strong>M.</strong></span> 
     </span>
    </p>
   </div>
   <div class='ocr_carea' id='block_1_77' title="bbox 706 5748 2247 5825">
    <p class='ocr_par' dir='ltr' id='par_1_77' title="bbox 706 5748 2247 5825">
     <span class='ocr_line' id='line_1_79' title="bbox 706 5748 2247 5825; baseline 0.003 -24"><span class='ocrx_word' id='word_1_556' title='bbox 706 5748 942 5819; x_wconf 76' lang='lat' dir='ltr'><strong>lii/alsit.</strong></span> <span class='ocrx_word' id='word_1_557' title='bbox 979 5748 1203 5813; x_wconf 82' lang='lat' dir='ltr'><strong>l&#39;robata</strong></span> <span class='ocrx_word' id='word_1_558' title='bbox 1229 5748 1539 5825; x_wconf 42' lang='lat' dir='ltr'><strong>hwclectio&#39;,</strong></span> <span class='ocrx_word' id='word_1_559' title='bbox 1570 5767 1625 5813; x_wconf 90' lang='lat' dir='ltr'><strong>et</strong></span> <span class='ocrx_word' id='word_1_560' title='bbox 1654 5748 1716 5811; x_wconf 79' lang='lat' dir='ltr'><strong>ex</strong></span> <span class='ocrx_word' id='word_1_561' title='bbox 1741 5748 1975 5811; x_wconf 86' lang='lat' dir='ltr'><strong>dialecto</strong></span> <span class='ocrx_word' id='word_1_562' title='bbox 1997 5754 2247 5825; x_wconf 70' lang='lat' dir='ltr'><strong>Africana</strong></span> 
     </span>
    </p>
   </div>
   <div class='ocr_carea' id='block_1_78' title="bbox 636 5818 2245 5895">
    <p class='ocr_par' dir='ltr' id='par_1_78' title="bbox 636 5818 2245 5895">
     <span class='ocr_line' id='line_1_80' title="bbox 636 5818 2245 5895; baseline 0.001 -21"><span class='ocrx_word' id='word_1_563' title='bbox 636 5818 941 5892; x_wconf 77' lang='lat' dir='ltr'><strong>desumpta.</strong></span> <span class='ocrx_word' id='word_1_564' title='bbox 967 5829 1054 5884; x_wconf 89' lang='lat' dir='ltr'><strong>Sic</strong></span> <span class='ocrx_word' id='word_1_565' title='bbox 1085 5830 1289 5887; x_wconf 76' lang='lat' dir='ltr'><strong>Tertul.</strong></span> <span class='ocrx_word' id='word_1_566' title='bbox 1327 5832 1419 5886; x_wconf 89' lang='lat' dir='ltr'><strong>lib.</strong></span> <span class='ocrx_word' id='word_1_567' title='bbox 1447 5818 1759 5895; x_wconf 48' lang='lat' dir='ltr'><strong>de&#39;Aniuia,</strong></span> <span class='ocrx_word' id='word_1_568' title='bbox 1793 5827 2023 5881; x_wconf 71' lang='lat' dir='ltr'><strong>Eaemen</strong></span> <span class='ocrx_word' id='word_1_569' title='bbox 2063 5822 2245 5877; x_wconf 85' lang='lat' dir='ltr'><strong>Valen-</strong></span> 
     </span>
    </p>
   </div>
   <div class='ocr_carea' id='block_1_79' title="bbox 2242 1814 2289 1874">
    <p class='ocr_par' dir='ltr' id='par_1_79' title="bbox 2242 1814 2289 1874">
     <span class='ocr_line' id='line_1_81' title="bbox 2242 1814 2289 1874; baseline 0 0"><span class='ocrx_word' id='word_1_570' title='bbox 2242 1814 2289 1874; x_wconf 90' lang='lat' dir='ltr'><strong><em>B</em></strong></span> 
     </span>
    </p>
   </div>
   <div class='ocr_carea' id='block_1_80' title="bbox 2314 486 3933 562">
    <p class='ocr_par' dir='ltr' id='par_1_80' title="bbox 2314 486 3933 562">
     <span class='ocr_line' id='line_1_82' title="bbox 2314 486 3933 562; baseline -0.003 -18"><span class='ocrx_word' id='word_1_571' title='bbox 2314 493 2517 562; x_wconf 68' lang='lat' dir='ltr'><strong>inﬂuxit</strong></span> <span class='ocrx_word' id='word_1_572' title='bbox 2552 486 2824 560; x_wconf 78' lang='lat' dir='ltr'><strong>reposuit,</strong></span> <span class='ocrx_word' id='word_1_573' title='bbox 2859 486 3078 559; x_wconf 77' lang='lat' dir='ltr'><strong>prorsus</strong></span> <span class='ocrx_word' id='word_1_574' title='bbox 3128 488 3444 562; x_wconf 71' lang='lat' dir='ltr'><strong>rt-jieieuda.</strong></span> <span class='ocrx_word' id='word_1_575' title='bbox 3493 487 3774 562; x_wconf 22' lang='lat' dir='ltr'><strong>MintFel.</strong></span> <span class='ocrx_word' id='word_1_576' title='bbox 3799 486 3933 562; x_wconf 21' lang='grc' dir='ltr'><strong>’Τετ-</strong></span> 
     </span>
    </p>
   </div>
   <div class='ocr_carea' id='block_1_81' title="bbox 2314 559 3939 632">
    <p class='ocr_par' dir='ltr' id='par_1_81' title="bbox 2314 559 3939 632">
     <span class='ocr_line' id='line_1_83' title="bbox 2314 559 3939 632; baseline -0.003 -16"><span class='ocrx_word' id='word_1_577' title='bbox 2314 559 2424 616; x_wconf 84' lang='lat' dir='ltr'><strong>ram</strong></span> <span class='ocrx_word' id='word_1_578' title='bbox 2463 559 2785 632; x_wconf 78' lang='lat' dir='ltr'><strong>[nudaverint</strong></span> <span class='ocrx_word' id='word_1_579' title='bbox 2834 562 3083 629; x_wconf 86' lang='lat' dir='ltr'><strong>pondera,</strong></span> <span class='ocrx_word' id='word_1_580' title='bbox 3139 570 3186 613; x_wconf 81' lang='lat' dir='ltr'><strong>et</strong></span> <span class='ocrx_word' id='word_1_581' title='bbox 3218 575 3357 611; x_wconf 86' lang='lat' dir='ltr'><strong>mare</strong></span> <span class='ocrx_word' id='word_1_582' title='bbox 3405 559 3525 613; x_wconf 84' lang='lat' dir='ltr'><strong>licet</strong></span> <span class='ocrx_word' id='word_1_583' title='bbox 3555 559 3831 628; x_wconf 77' lang='lat' dir='ltr'><strong>inﬂuxerit</strong></span> <span class='ocrx_word' id='word_1_584' title='bbox 3874 560 3939 611; x_wconf 64' lang='lat' dir='ltr'><strong>lio</strong></span> 
     </span>
    </p>
   </div>
   <div class='ocr_carea' id='block_1_82' title="bbox 2315 632 3417 704">
    <p class='ocr_par' dir='ltr' id='par_1_82' title="bbox 2315 632 3417 704">
     <span class='ocr_line' id='line_1_84' title="bbox 2315 632 3417 704; baseline -0.002 -19"><span class='ocrx_word' id='word_1_585' title='bbox 2315 650 2465 704; x_wconf 87' lang='lat' dir='ltr'><strong>quor,</strong></span> <span class='ocrx_word' id='word_1_586' title='bbox 2495 643 2599 688; x_wconf 87' lang='lat' dir='ltr'><strong>etc.</strong></span> <span class='ocrx_word' id='word_1_587' title='bbox 2622 634 2729 704; x_wconf 80' lang='lat' dir='ltr'><strong>Sed</strong></span> <span class='ocrx_word' id='word_1_588' title='bbox 2753 642 2809 687; x_wconf 93' lang='lat' dir='ltr'><strong>et</strong></span> <span class='ocrx_word' id='word_1_589' title='bbox 2836 633 3025 686; x_wconf 73' lang='lat' dir='ltr'><strong>inluxit</strong></span> <span class='ocrx_word' id='word_1_590' title='bbox 3056 632 3166 704; x_wconf 69' lang='lat' dir='ltr'><strong>dici</strong></span> <span class='ocrx_word' id='word_1_591' title='bbox 3188 638 3417 704; x_wconf 76' lang='lat' dir='ltr'><strong>poterat.</strong></span> 
     </span>
    </p>
   </div>
   <div class='ocr_carea' id='block_1_83' title="bbox 2389 700 3936 772">
    <p class='ocr_par' dir='ltr' id='par_1_83' title="bbox 2389 700 3936 772">
     <span class='ocr_line' id='line_1_85' title="bbox 2389 700 3936 772; baseline -0.003 -15"><span class='ocrx_word' id='word_1_592' title='bbox 2389 704 2476 757; x_wconf 72' lang='lat' dir='ltr'><strong>IV.</strong></span> <span class='ocrx_word' id='word_1_593' title='bbox 2508 735 2579 744; x_wconf 88' lang='lat'><strong>——</strong></span> <span class='ocrx_word' id='word_1_594' title='bbox 2609 703 2806 771; x_wconf 88' lang='lat' dir='ltr'><strong>Illupsa</strong></span> <span class='ocrx_word' id='word_1_595' title='bbox 2839 705 3104 772; x_wconf 80' lang='lat' dir='ltr'><strong>ﬁrmitate.</strong></span> <span class='ocrx_word' id='word_1_596' title='bbox 3136 701 3583 772; x_wconf 15' lang='lat' dir='ltr'><strong>Staliili,ierecta,</strong></span> <span class='ocrx_word' id='word_1_597' title='bbox 3613 700 3736 753; x_wconf 86' lang='lat' dir='ltr'><strong>sine</strong></span> <span class='ocrx_word' id='word_1_598' title='bbox 3759 700 3936 768; x_wconf 75' lang='lat' dir='ltr'><strong>lapsu.</strong></span> 
     </span>
    </p>
   </div>
   <div class='ocr_carea' id='block_1_84' title="bbox 2314 771 3941 843">
    <p class='ocr_par' dir='ltr' id='par_1_84' title="bbox 2314 771 3941 843">
     <span class='ocr_line' id='line_1_86' title="bbox 2314 771 3941 843; baseline -0.002 -14"><span class='ocrx_word' id='word_1_599' title='bbox 2314 776 2512 830; x_wconf 86' lang='lat' dir='ltr'><strong>Eadem</strong></span> <span class='ocrx_word' id='word_1_600' title='bbox 2563 773 2733 829; x_wconf 85' lang='lat' dir='ltr'><strong>lorma</strong></span> <span class='ocrx_word' id='word_1_601' title='bbox 2770 771 2871 843; x_wconf 82' lang='lat' dir='ltr'><strong>qua</strong></span> <span class='ocrx_word' id='word_1_602' title='bbox 2912 774 3118 830; x_wconf 88' lang='lat' dir='ltr'><strong>Tertul.</strong></span> <span class='ocrx_word' id='word_1_603' title='bbox 3150 785 3275 827; x_wconf 83' lang='lat' dir='ltr'><strong>auv.</strong></span> <span class='ocrx_word' id='word_1_604' title='bbox 3318 771 3520 838; x_wconf 73' lang='lat' dir='ltr'><strong>illam,</strong></span> <span class='ocrx_word' id='word_1_605' title='bbox 3546 772 3639 825; x_wconf 91' lang='lat' dir='ltr'><strong>lib.</strong></span> <span class='ocrx_word' id='word_1_606' title='bbox 3662 786 3741 843; x_wconf 75' lang='lat' dir='ltr'><strong>ty,</strong></span> <span class='ocrx_word' id='word_1_607' title='bbox 3772 773 3869 830; x_wconf 88' lang='lat' dir='ltr'><strong>ait,</strong></span> <span class='ocrx_word' id='word_1_608' title='bbox 3896 774 3941 825; x_wconf 79' lang='lat' dir='ltr'><strong>si</strong></span> 
     </span>
    </p>
   </div>
   <div class='ocr_carea' id='block_1_85' title="bbox 2315 841 3941 919">
    <p class='ocr_par' dir='ltr' id='par_1_85' title="bbox 2315 841 3941 919">
     <span class='ocr_line' id='line_1_87' title="bbox 2315 841 3941 919; baseline -0.002 -20"><span class='ocrx_word' id='word_1_609' title='bbox 2315 851 2476 919; x_wconf 83' lang='lat' dir='ltr'><strong>frater</strong></span> <span class='ocrx_word' id='word_1_610' title='bbox 2496 846 2708 919; x_wconf 83' lang='lat' dir='ltr'><strong>illiberis</strong></span> <span class='ocrx_word' id='word_1_611' title='bbox 2731 841 3021 919; x_wconf 79' lang='lat' dir='ltr'><strong>decesserit.</strong></span> <span class='ocrx_word' id='word_1_612' title='bbox 3046 846 3189 900; x_wconf 79' lang='lat' dir='ltr'><strong>Voce</strong></span> <span class='ocrx_word' id='word_1_613' title='bbox 3220 843 3321 899; x_wconf 89' lang='lat' dir='ltr'><strong>hac</strong></span> <span class='ocrx_word' id='word_1_614' title='bbox 3353 843 3564 898; x_wconf 79' lang='lat' dir='ltr'><strong>videtur</strong></span> <span class='ocrx_word' id='word_1_615' title='bbox 3588 845 3639 896; x_wconf 88' lang='lat' dir='ltr'><strong>in</strong></span> <span class='ocrx_word' id='word_1_616' title='bbox 3671 841 3941 913; x_wconf 80' lang='lat' dir='ltr'><strong>ﬂagitium</strong></span> 
     </span>
    </p>
   </div>
   <div class='ocr_carea' id='block_1_86' title="bbox 2314 917 3161 987">
    <p class='ocr_par' dir='ltr' id='par_1_86' title="bbox 2314 917 3161 987">
     <span class='ocr_line' id='line_1_88' title="bbox 2314 917 3161 987; baseline 0 -16"><span class='ocrx_word' id='word_1_617' title='bbox 2314 917 2528 985; x_wconf 78' lang='lat' dir='ltr'><strong>aliquod</strong></span> <span class='ocrx_word' id='word_1_618' title='bbox 2564 918 2746 987; x_wconf 84' lang='lat' dir='ltr'><strong>lapsos</strong></span> <span class='ocrx_word' id='word_1_619' title='bbox 2773 917 3161 986; x_wconf 83' lang='lat' dir='ltr'><strong>perstringere.</strong></span> 
     </span>
    </p>
   </div>
   <div class='ocr_carea' id='block_1_87' title="bbox 2389 984 3939 1055">
    <p class='ocr_par' dir='ltr' id='par_1_87' title="bbox 2389 984 3939 1055">
     <span class='ocr_line' id='line_1_89' title="bbox 2389 984 3939 1055; baseline -0.003 -14"><span class='ocrx_word' id='word_1_620' title='bbox 2389 984 2471 1041; x_wconf 75' lang='lat' dir='ltr'><strong>Ad</strong></span> <span class='ocrx_word' id='word_1_621' title='bbox 2491 984 2747 1041; x_wconf 72' lang='lat' dir='ltr'><strong>licentiam</strong></span> <span class='ocrx_word' id='word_1_622' title='bbox 2776 984 2948 1041; x_wconf 80' lang='lat' dir='ltr'><strong>datur.</strong></span> <span class='ocrx_word' id='word_1_623' title='bbox 2983 984 3210 1041; x_wconf 78' lang='lat' dir='ltr'><strong>Tantum</strong></span> <span class='ocrx_word' id='word_1_624' title='bbox 3239 995 3414 1055; x_wconf 87' lang='lat' dir='ltr'><strong>potes,</strong></span> <span class='ocrx_word' id='word_1_625' title='bbox 3437 996 3698 1055; x_wconf 87' lang='lat' dir='ltr'><strong>quantum</strong></span> <span class='ocrx_word' id='word_1_626' title='bbox 3728 984 3939 1040; x_wconf 81' lang='lat' dir='ltr'><strong>credis.</strong></span> 
     </span>
    </p>
   </div>
   <div class='ocr_carea' id='block_1_88' title="bbox 2314 1057 3941 1127">
    <p class='ocr_par' dir='ltr' id='par_1_88' title="bbox 2314 1057 3941 1127">
     <span class='ocr_line' id='line_1_90' title="bbox 2314 1057 3941 1127; baseline -0.004 -12"><span class='ocrx_word' id='word_1_627' title='bbox 2314 1058 2403 1115; x_wconf 86' lang='lat' dir='ltr'><strong>Sic</strong></span> <span class='ocrx_word' id='word_1_628' title='bbox 2430 1058 2565 1113; x_wconf 78' lang='lat' dir='ltr'><strong>infra</strong></span> <span class='ocrx_word' id='word_1_629' title='bbox 2598 1059 2847 1126; x_wconf 73' lang='lat' dir='ltr'><strong>deceptus</strong></span> <span class='ocrx_word' id='word_1_630' title='bbox 2880 1059 3107 1127; x_wconf 79' lang='lat' dir='ltr'><strong>Spiritus</strong></span> <span class='ocrx_word' id='word_1_631' title='bbox 3138 1060 3341 1113; x_wconf 86' lang='lat' dir='ltr'><strong>licentia</strong></span> <span class='ocrx_word' id='word_1_632' title='bbox 3359 1074 3453 1111; x_wconf 83' lang='lat' dir='ltr'><strong>sua</strong></span> <span class='ocrx_word' id='word_1_633' title='bbox 3483 1058 3700 1127; x_wconf 86' lang='lat' dir='ltr'><strong>potitur,</strong></span> <span class='ocrx_word' id='word_1_634' title='bbox 3726 1067 3784 1109; x_wconf 85' lang='lat' dir='ltr'><strong>et</strong></span> <span class='ocrx_word' id='word_1_635' title='bbox 3808 1057 3941 1109; x_wconf 55' lang='grc' dir='ltr'><strong>δὲίδί</strong></span> 
     </span>
    </p>
   </div>
   <div class='ocr_carea' id='block_1_89' title="bbox 2316 1129 3941 1197">
    <p class='ocr_par' dir='ltr' id='par_1_89' title="bbox 2316 1129 3941 1197">
     <span class='ocr_line' id='line_1_91' title="bbox 2316 1129 3941 1197; baseline -0.002 -13"><span class='ocrx_word' id='word_1_636' title='bbox 2316 1130 2461 1184; x_wconf 82' lang='lat' dir='ltr'><strong>Dans</strong></span> <span class='ocrx_word' id='word_1_637' title='bbox 2497 1130 2814 1184; x_wconf 86' lang='lat' dir='ltr'><strong>credentibus</strong></span> <span class='ocrx_word' id='word_1_638' title='bbox 2847 1142 3045 1182; x_wconf 86' lang='lat' dir='ltr'><strong>tantum</strong></span> <span class='ocrx_word' id='word_1_639' title='bbox 3090 1144 3337 1191; x_wconf 87' lang='lat' dir='ltr'><strong>quantum</strong></span> <span class='ocrx_word' id='word_1_640' title='bbox 3377 1146 3431 1182; x_wconf 89' lang='lat' dir='ltr'><strong>se</strong></span> <span class='ocrx_word' id='word_1_641' title='bbox 3474 1129 3633 1182; x_wconf 78' lang='lat' dir='ltr'><strong>credit</strong></span> <span class='ocrx_word' id='word_1_642' title='bbox 3667 1129 3941 1197; x_wconf 79' lang='lat' dir='ltr'><strong>accipere.</strong></span> 
     </span>
    </p>
   </div>
   <div class='ocr_carea' id='block_1_90' title="bbox 2322 1201 3213 1267">
    <p class='ocr_par' dir='ltr' id='par_1_90' title="bbox 2322 1201 3213 1267">
     <span class='ocr_line' id='line_1_92' title="bbox 2322 1201 3213 1267; baseline -0.003 -14"><span class='ocrx_word' id='word_1_643' title='bbox 2322 1201 2439 1254; x_wconf 87' lang='lat' dir='ltr'><strong>Vid.</strong></span> <span class='ocrx_word' id='word_1_644' title='bbox 2467 1218 2514 1255; x_wconf 80' lang='grc' dir='ltr'><strong>ε.</strong></span> <span class='ocrx_word' id='word_1_645' title='bbox 2544 1201 2635 1265; x_wconf 68' lang='grc'><strong>42,</strong></span> <span class='ocrx_word' id='word_1_646' title='bbox 2669 1203 2705 1254; x_wconf 92' lang='lat' dir='ltr'><strong>l.</strong></span> <span class='ocrx_word' id='word_1_647' title='bbox 2732 1217 2806 1255; x_wconf 90' lang='lat' dir='ltr'><strong>ttt.</strong></span> <span class='ocrx_word' id='word_1_648' title='bbox 2828 1202 2908 1257; x_wconf 84' lang='lat' dir='ltr'><strong>.ad</strong></span> <span class='ocrx_word' id='word_1_649' title='bbox 2944 1201 3148 1267; x_wconf 80' lang='lat' dir='ltr'><strong>Quiriti.</strong></span> <span class='ocrx_word' id='word_1_650' title='bbox 3210 1234 3213 1235; x_wconf 51' lang='grc' dir='ltr'><em>ν</em></span> 
     </span>
    </p>
   </div>
   <div class='ocr_carea' id='block_1_91' title="bbox 2389 1270 3943 1339">
    <p class='ocr_par' dir='ltr' id='par_1_91' title="bbox 2389 1270 3943 1339">
     <span class='ocr_line' id='line_1_93' title="bbox 2389 1270 3943 1339; baseline 0 -16"><span class='ocrx_word' id='word_1_651' title='bbox 2389 1270 2453 1323; x_wconf 82' lang='grc' dir='ltr'><strong>1η</strong></span> <span class='ocrx_word' id='word_1_652' title='bbox 2481 1273 2728 1326; x_wconf 75' lang='lat' dir='ltr'><strong>medelam</strong></span> <span class='ocrx_word' id='word_1_653' title='bbox 2767 1273 3066 1326; x_wconf 81' lang='lat' dir='ltr'><strong>dolentium.</strong></span> <span class='ocrx_word' id='word_1_654' title='bbox 3106 1273 3289 1327; x_wconf 88' lang='lat' dir='ltr'><strong>Lectio</strong></span> <span class='ocrx_word' id='word_1_655' title='bbox 3316 1272 3443 1325; x_wconf 83' lang='lat' dir='ltr'><strong>olim</strong></span> <span class='ocrx_word' id='word_1_656' title='bbox 3481 1279 3695 1339; x_wconf 52' lang='lat' dir='ltr'><strong>reci&#39;pta</strong></span> <span class='ocrx_word' id='word_1_657' title='bbox 3731 1278 3858 1325; x_wconf 83' lang='lat' dir='ltr'><strong>erat</strong></span> <span class='ocrx_word' id='word_1_658' title='bbox 3888 1270 3943 1322; x_wconf 79' lang='lat' dir='ltr'><strong>ia</strong></span> 
     </span>
    </p>
   </div>
   <div class='ocr_carea' id='block_1_92' title="bbox 2317 1341 3943 1413">
    <p class='ocr_par' dir='ltr' id='par_1_92' title="bbox 2317 1341 3943 1413">
     <span class='ocr_line' id='line_1_94' title="bbox 2317 1341 3943 1413; baseline -0.001 -18"><span class='ocrx_word' id='word_1_659' title='bbox 2317 1343 2545 1396; x_wconf 86' lang='lat' dir='ltr'><strong>medulla</strong></span> <span class='ocrx_word' id='word_1_660' title='bbox 2596 1344 3017 1409; x_wconf 79' lang='lat' dir='ltr'><strong>adolescentium,</strong></span> <span class='ocrx_word' id='word_1_661' title='bbox 3049 1356 3183 1406; x_wconf 89' lang='lat' dir='ltr'><strong>etc.,</strong></span> <span class='ocrx_word' id='word_1_662' title='bbox 3236 1345 3416 1413; x_wconf 90' lang='lat' dir='ltr'><strong>pbrasi</strong></span> <span class='ocrx_word' id='word_1_663' title='bbox 3446 1342 3761 1395; x_wconf 78' lang='lat' dir='ltr'><strong>duriuscula</strong></span> <span class='ocrx_word' id='word_1_664' title='bbox 3786 1383 3801 1405; x_wconf 94' lang='lat'><strong>,</strong></span> <span class='ocrx_word' id='word_1_665' title='bbox 3840 1341 3943 1394; x_wconf 85' lang='lat' dir='ltr'><strong>sed</strong></span> 
     </span>
    </p>
   </div>
   <div class='ocr_carea' id='block_1_93' title="bbox 2317 1412 3944 1483">
    <p class='ocr_par' dir='ltr' id='par_1_93' title="bbox 2317 1412 3944 1483">
     <span class='ocr_line' id='line_1_95' title="bbox 2317 1412 3944 1483; baseline 0 -17"><span class='ocrx_word' id='word_1_666' title='bbox 2317 1429 2436 1483; x_wconf 68' lang='lat' dir='ltr'><strong>qua:</strong></span> <span class='ocrx_word' id='word_1_667' title='bbox 2469 1415 2535 1467; x_wconf 89' lang='lat' dir='ltr'><strong>ab</strong></span> <span class='ocrx_word' id='word_1_668' title='bbox 2563 1413 2818 1469; x_wconf 80' lang='lat' dir='ltr'><strong>Al‘rorum</strong></span> <span class='ocrx_word' id='word_1_669' title='bbox 2862 1414 3095 1468; x_wconf 90' lang='lat' dir='ltr'><strong>dialecto</strong></span> <span class='ocrx_word' id='word_1_670' title='bbox 3145 1412 3367 1468; x_wconf 86' lang='lat' dir='ltr'><strong>minime</strong></span> <span class='ocrx_word' id='word_1_671' title='bbox 3401 1412 3676 1467; x_wconf 89' lang='lat' dir='ltr'><strong>abhorret.</strong></span> <span class='ocrx_word' id='word_1_672' title='bbox 3728 1413 3944 1466; x_wconf 77' lang='lat' dir='ltr'><strong>Sensus</strong></span> 
     </span>
    </p>
   </div>
   <div class='ocr_carea' id='block_1_94' title="bbox 2315 1483 3940 1554">
    <p class='ocr_par' dir='ltr' id='par_1_94' title="bbox 2315 1483 3940 1554">
     <span class='ocr_line' id='line_1_96' title="bbox 2315 1483 3940 1554; baseline -0.004 -14"><span class='ocrx_word' id='word_1_673' title='bbox 2315 1494 2461 1540; x_wconf 82' lang='lat' dir='ltr'><strong>certe</strong></span> <span class='ocrx_word' id='word_1_674' title='bbox 2502 1485 2941 1542; x_wconf 80' lang='lat' dir='ltr'><strong>commodissime</strong></span> <span class='ocrx_word' id='word_1_675' title='bbox 2968 1486 3046 1540; x_wconf 81' lang='lat' dir='ltr'><strong>sic</strong></span> <span class='ocrx_word' id='word_1_676' title='bbox 3078 1484 3415 1554; x_wconf 87' lang='lat' dir='ltr'><strong>procederet,</strong></span> <span class='ocrx_word' id='word_1_677' title='bbox 3451 1495 3509 1538; x_wconf 90' lang='lat' dir='ltr'><strong>ttt</strong></span> <span class='ocrx_word' id='word_1_678' title='bbox 3541 1483 3684 1538; x_wconf 85' lang='lat' dir='ltr'><strong>dicat</strong></span> <span class='ocrx_word' id='word_1_679' title='bbox 3714 1495 3940 1546; x_wconf 82' lang='lat' dir='ltr'><strong>auctor,</strong></span> 
     </span>
    </p>
   </div>
   <div class='ocr_carea' id='block_1_95' title="bbox 2317 1555 3938 1625">
    <p class='ocr_par' dir='ltr' id='par_1_95' title="bbox 2317 1555 3938 1625">
     <span class='ocr_line' id='line_1_97' title="bbox 2317 1555 3938 1625; baseline -0.002 -18"><span class='ocrx_word' id='word_1_680' title='bbox 2317 1556 2456 1623; x_wconf 85' lang='lat' dir='ltr'><strong>quod</strong></span> <span class='ocrx_word' id='word_1_681' title='bbox 2486 1571 2515 1611; x_wconf 90' lang='lat' dir='ltr'><strong>a</strong></span> <span class='ocrx_word' id='word_1_682' title='bbox 2553 1556 2831 1625; x_wconf 81' lang='lat' dir='ltr'><strong>Baptismo</strong></span> <span class='ocrx_word' id='word_1_683' title='bbox 2874 1555 3098 1610; x_wconf 78' lang='lat' dir='ltr'><strong>facultas</strong></span> <span class='ocrx_word' id='word_1_684' title='bbox 3150 1557 3273 1609; x_wconf 89' lang='lat' dir='ltr'><strong>data</strong></span> <span class='ocrx_word' id='word_1_685' title='bbox 3306 1567 3408 1619; x_wconf 84' lang='lat' dir='ltr'><strong>est,</strong></span> <span class='ocrx_word' id='word_1_686' title='bbox 3440 1570 3543 1625; x_wconf 88' lang='lat' dir='ltr'><strong>qua</strong></span> <span class='ocrx_word' id='word_1_687' title='bbox 3572 1555 3938 1625; x_wconf 69' lang='lat' dir='ltr'><strong>extinguatur</strong></span> 
     </span>
    </p>
   </div>
   <div class='ocr_carea' id='block_1_96' title="bbox 2318 1624 3938 1686">
    <p class='ocr_par' dir='ltr' id='par_1_96' title="bbox 2318 1624 3938 1686">
     <span class='ocr_line' id='line_1_98' title="bbox 2318 1624 3938 1686; baseline -0.002 -7"><span class='ocrx_word' id='word_1_688' title='bbox 2318 1628 2465 1680; x_wconf 81' lang='lat' dir='ltr'><strong>virus</strong></span> <span class='ocrx_word' id='word_1_689' title='bbox 2489 1624 2813 1682; x_wconf 60' lang='lat' dir='ltr'><strong>venenorum</strong></span> <span class='ocrx_word' id='word_1_690' title='bbox 2843 1643 2871 1679; x_wconf 92' lang='lat' dir='ltr'><strong>a</strong></span> <span class='ocrx_word' id='word_1_691' title='bbox 2896 1635 3083 1682; x_wconf 88' lang='lat' dir='ltr'><strong>natura</strong></span> <span class='ocrx_word' id='word_1_692' title='bbox 3110 1627 3313 1680; x_wconf 91' lang='lat' dir='ltr'><strong>intimis</strong></span> <span class='ocrx_word' id='word_1_693' title='bbox 3330 1624 3576 1681; x_wconf 78' lang='lat' dir='ltr'><strong>medullis</strong></span> <span class='ocrx_word' id='word_1_694' title='bbox 3601 1624 3938 1686; x_wconf 73' lang='lat' dir='ltr'><strong>inlisorttm;</strong></span> 
     </span>
    </p>
   </div>
   <div class='ocr_carea' id='block_1_97' title="bbox 2318 1696 3942 1768">
    <p class='ocr_par' dir='ltr' id='par_1_97' title="bbox 2318 1696 3942 1768">
     <span class='ocr_line' id='line_1_99' title="bbox 2318 1696 3942 1768; baseline -0.003 -16"><span class='ocrx_word' id='word_1_695' title='bbox 2318 1707 2371 1752; x_wconf 91' lang='lat' dir='ltr'><strong>ct</strong></span> <span class='ocrx_word' id='word_1_696' title='bbox 2427 1712 2683 1768; x_wconf 67' lang='lat' dir='ltr'><strong>purgetur</strong></span> <span class='ocrx_word' id='word_1_697' title='bbox 2731 1699 3006 1753; x_wconf 72' lang='lat' dir='ltr'><strong>voluntate</strong></span> <span class='ocrx_word' id='word_1_698' title='bbox 3057 1708 3317 1766; x_wconf 88' lang='lat' dir='ltr'><strong>concepta</strong></span> <span class='ocrx_word' id='word_1_699' title='bbox 3364 1715 3426 1751; x_wconf 78' lang='lat' dir='ltr'><strong>ex</strong></span> <span class='ocrx_word' id='word_1_700' title='bbox 3482 1696 3637 1751; x_wconf 84' lang='lat' dir='ltr'><strong>malis</strong></span> <span class='ocrx_word' id='word_1_701' title='bbox 3682 1698 3942 1768; x_wconf 64' lang='lat' dir='ltr'><strong>litoribus</strong></span> 
     </span>
    </p>
   </div>
   <div class='ocr_carea' id='block_1_98' title="bbox 2319 1764 3940 1838">
    <p class='ocr_par' dir='ltr' id='par_1_98' title="bbox 2319 1764 3940 1838">
     <span class='ocr_line' id='line_1_100' title="bbox 2319 1764 3940 1838; baseline -0.002 -16"><span class='ocrx_word' id='word_1_702' title='bbox 2319 1764 2617 1823; x_wconf 75' lang='lat' dir='ltr'><strong>animorum</strong></span> <span class='ocrx_word' id='word_1_703' title='bbox 2666 1769 2833 1824; x_wconf 89' lang='lat' dir='ltr'><strong>labes.</strong></span> <span class='ocrx_word' id='word_1_704' title='bbox 2873 1769 2995 1823; x_wconf 89' lang='lat' dir='ltr'><strong>Pari</strong></span> <span class='ocrx_word' id='word_1_705' title='bbox 3044 1764 3354 1838; x_wconf 78' lang='lat' dir='ltr'><strong>mentequa</strong></span> <span class='ocrx_word' id='word_1_706' title='bbox 3383 1784 3543 1838; x_wconf 87' lang='lat' dir='ltr'><strong>supra</strong></span> <span class='ocrx_word' id='word_1_707' title='bbox 3572 1767 3797 1832; x_wconf 88' lang='lat' dir='ltr'><strong>dicitur,</strong></span> <span class='ocrx_word' id='word_1_708' title='bbox 3843 1764 3940 1820; x_wconf 72' lang='grc' dir='ltr'><strong>γει</strong></span> 
     </span>
    </p>
   </div>
   <div class='ocr_carea' id='block_1_99' title="bbox 2317 1839 3618 1910">
    <p class='ocr_par' dir='ltr' id='par_1_99' title="bbox 2317 1839 3618 1910">
     <span class='ocr_line' id='line_1_101' title="bbox 2317 1839 3618 1910; baseline 0.001 -18"><span class='ocrx_word' id='word_1_709' title='bbox 2317 1841 2590 1910; x_wconf 86' lang='lat' dir='ltr'><strong>genuinum</strong></span> <span class='ocrx_word' id='word_1_710' title='bbox 2621 1842 2721 1894; x_wconf 81' lang='lat' dir='ltr'><strong>situ</strong></span> <span class='ocrx_word' id='word_1_711' title='bbox 2750 1844 2993 1905; x_wconf 65' lang='lat' dir='ltr'><strong>materia},</strong></span> <span class='ocrx_word' id='word_1_712' title='bbox 3020 1849 3124 1896; x_wconf 89' lang='lat' dir='ltr'><strong>etc.</strong></span> <span class='ocrx_word' id='word_1_713' title='bbox 3158 1839 3263 1896; x_wconf 89' lang='lat' dir='ltr'><strong>Sed</strong></span> <span class='ocrx_word' id='word_1_714' title='bbox 3289 1840 3420 1894; x_wconf 89' lang='lat' dir='ltr'><strong>nihil</strong></span> <span class='ocrx_word' id='word_1_715' title='bbox 3449 1849 3618 1893; x_wconf 87' lang='lat' dir='ltr'><strong>mutu.</strong></span> 
     </span>
    </p>
   </div>
   <div class='ocr_carea' id='block_1_100' title="bbox 2392 1930 3934 2002">
    <p class='ocr_par' dir='ltr' id='par_1_100' title="bbox 2392 1930 3934 2002">
     <span class='ocr_line' id='line_1_102' title="bbox 2392 1930 3934 2002; baseline -0.001 -18"><span class='ocrx_word' id='word_1_716' title='bbox 2392 1930 2695 1986; x_wconf 85' lang='lat' dir='ltr'><strong>Immundas</strong></span> <span class='ocrx_word' id='word_1_717' title='bbox 2749 1943 2793 1985; x_wconf 86' lang='lat' dir='ltr'><strong>et</strong></span> <span class='ocrx_word' id='word_1_718' title='bbox 2836 1934 3081 1988; x_wconf 86' lang='lat' dir='ltr'><strong>erraticas</strong></span> <span class='ocrx_word' id='word_1_719' title='bbox 3126 1934 3353 2002; x_wconf 85' lang='lat' dir='ltr'><strong>spiritus.</strong></span> <span class='ocrx_word' id='word_1_720' title='bbox 3401 1931 3673 1985; x_wconf 70' lang='lat' dir='ltr'><strong>Daemouia</strong></span> <span class='ocrx_word' id='word_1_721' title='bbox 3721 1930 3934 1999; x_wconf 83' lang='lat' dir='ltr'><strong>passim</strong></span> 
     </span>
    </p>
   </div>
   <div class='ocr_carea' id='block_1_101' title="bbox 2320 2002 3937 2072">
    <p class='ocr_par' dir='ltr' id='par_1_101' title="bbox 2320 2002 3937 2072">
     <span class='ocr_line' id='line_1_103' title="bbox 2320 2002 3937 2072; baseline 0 -17"><span class='ocrx_word' id='word_1_722' title='bbox 2320 2002 2579 2058; x_wconf 90' lang='lat' dir='ltr'><strong>immundi</strong></span> <span class='ocrx_word' id='word_1_723' title='bbox 2615 2005 2833 2072; x_wconf 89' lang='lat' dir='ltr'><strong>spiritus</strong></span> <span class='ocrx_word' id='word_1_724' title='bbox 2864 2005 2918 2058; x_wconf 93' lang='lat' dir='ltr'><strong>in</strong></span> <span class='ocrx_word' id='word_1_725' title='bbox 2963 2004 3252 2071; x_wconf 78' lang='lat' dir='ltr'><strong>Evangelio</strong></span> <span class='ocrx_word' id='word_1_726' title='bbox 3281 2012 3543 2057; x_wconf 83' lang='lat' dir='ltr'><strong>vocantur</strong></span> <span class='ocrx_word' id='word_1_727' title='bbox 3571 2019 3586 2055; x_wconf 87' lang='lat'><strong>:</strong></span> <span class='ocrx_word' id='word_1_728' title='bbox 3617 2016 3718 2055; x_wconf 78' lang='lat' dir='ltr'><strong>nec</strong></span> <span class='ocrx_word' id='word_1_729' title='bbox 3745 2016 3857 2055; x_wconf 82' lang='lat' dir='ltr'><strong>neu</strong></span> <span class='ocrx_word' id='word_1_730' title='bbox 3882 2010 3937 2055; x_wconf 84' lang='lat' dir='ltr'><strong>et</strong></span> 
     </span>
    </p>
   </div>
   <div class='ocr_carea' id='block_1_102' title="bbox 2318 2072 3936 2144">
    <p class='ocr_par' dir='ltr' id='par_1_102' title="bbox 2318 2072 3936 2144">
     <span class='ocr_line' id='line_1_104' title="bbox 2318 2072 3936 2144; baseline -0.001 -16"><span class='ocrx_word' id='word_1_731' title='bbox 2318 2076 2532 2128; x_wconf 83' lang='lat' dir='ltr'><strong>erratiei</strong></span> <span class='ocrx_word' id='word_1_732' title='bbox 2582 2076 2784 2144; x_wconf 86' lang='lat' dir='ltr'><strong>pariter</strong></span> <span class='ocrx_word' id='word_1_733' title='bbox 2821 2075 3067 2139; x_wconf 88' lang='lat' dir='ltr'><strong>audiunt,</strong></span> <span class='ocrx_word' id='word_1_734' title='bbox 3114 2074 3238 2130; x_wconf 79' lang='lat' dir='ltr'><strong>Job.</strong></span> <span class='ocrx_word' id='word_1_735' title='bbox 3273 2075 3313 2129; x_wconf 91' lang='grc' dir='ltr'><strong>Ι.</strong></span> <span class='ocrx_word' id='word_1_736' title='bbox 3350 2075 3472 2128; x_wconf 74' lang='lat' dir='ltr'><strong>Mat.</strong></span> <span class='ocrx_word' id='word_1_737' title='bbox 3505 2088 3598 2138; x_wconf 77' lang='lat' dir='ltr'><strong>xu,</strong></span> <span class='ocrx_word' id='word_1_738' title='bbox 3630 2073 3721 2127; x_wconf 70' lang='grc'><strong>48.</strong></span> <span class='ocrx_word' id='word_1_739' title='bbox 3754 2072 3936 2144; x_wconf 29' lang='lat' dir='ltr'><strong>I‘Pet.</strong></span> 
     </span>
    </p>
   </div>
   <div class='ocr_carea' id='block_1_103' title="bbox 2321 2142 3933 2216">
    <p class='ocr_par' dir='ltr' id='par_1_103' title="bbox 2321 2142 3933 2216">
     <span class='ocr_line' id='line_1_105' title="bbox 2321 2142 3933 2216; baseline -0.002 -18"><span class='ocrx_word' id='word_1_740' title='bbox 2321 2159 2376 2205; x_wconf 87' lang='lat' dir='ltr'><strong>v.</strong></span> <span class='ocrx_word' id='word_1_741' title='bbox 2407 2145 2461 2200; x_wconf 92' lang='lat'><strong>8.</strong></span> <span class='ocrx_word' id='word_1_742' title='bbox 2493 2147 2565 2199; x_wconf 80' lang='lat' dir='ltr'><strong>At</strong></span> <span class='ocrx_word' id='word_1_743' title='bbox 2587 2142 2732 2200; x_wconf 57' lang='lat' dir='ltr'><strong>vero</strong></span> <span class='ocrx_word' id='word_1_744' title='bbox 2764 2157 3045 2216; x_wconf 48' lang='lat' dir='ltr'><strong>poatquam</strong></span> <span class='ocrx_word' id='word_1_745' title='bbox 3091 2161 3157 2201; x_wconf 85' lang='lat' dir='ltr'><strong>ex</strong></span> <span class='ocrx_word' id='word_1_746' title='bbox 3202 2144 3411 2200; x_wconf 87' lang='lat' dir='ltr'><strong>Domini</strong></span> <span class='ocrx_word' id='word_1_747' title='bbox 3447 2146 3715 2214; x_wconf 87' lang='lat' dir='ltr'><strong>promisso</strong></span> <span class='ocrx_word' id='word_1_748' title='bbox 3755 2142 3933 2196; x_wconf 80' lang='lat' dir='ltr'><strong>Marc.</strong></span> 
     </span>
    </p>
   </div>
   <div class='ocr_carea' id='block_1_104' title="bbox 2321 2216 3929 2287">
    <p class='ocr_par' dir='ltr' id='par_1_104' title="bbox 2321 2216 3929 2287">
     <span class='ocr_line' id='line_1_106' title="bbox 2321 2216 3929 2287; baseline -0.002 -17"><span class='ocrx_word' id='word_1_749' title='bbox 2321 2216 2418 2270; x_wconf 91' lang='lat' dir='ltr'><strong>ult.</strong></span> <span class='ocrx_word' id='word_1_750' title='bbox 2450 2216 2512 2270; x_wconf 82' lang='lat' dir='ltr'><strong>l7</strong></span> <span class='ocrx_word' id='word_1_751' title='bbox 2534 2258 2548 2281; x_wconf 92' lang='lat'><strong>,</strong></span> <span class='ocrx_word' id='word_1_752' title='bbox 2581 2218 2730 2287; x_wconf 68' lang='lat' dir='ltr'><strong>signa</strong></span> <span class='ocrx_word' id='word_1_753' title='bbox 2761 2232 2854 2271; x_wconf 89' lang='lat' dir='ltr'><strong>eos</strong></span> <span class='ocrx_word' id='word_1_754' title='bbox 2881 2221 2969 2285; x_wconf 86' lang='lat' dir='ltr'><strong>qui</strong></span> <span class='ocrx_word' id='word_1_755' title='bbox 3002 2218 3349 2272; x_wconf 89' lang='lat' dir='ltr'><strong>crediderunt</strong></span> <span class='ocrx_word' id='word_1_756' title='bbox 3383 2218 3495 2269; x_wconf 71' lang='lat' dir='ltr'><strong>lucc</strong></span> <span class='ocrx_word' id='word_1_757' title='bbox 3536 2223 3929 2284; x_wconf 88' lang='lat' dir='ltr'><strong>sequerentur,</strong></span> 
     </span>
    </p>
   </div>
   <div class='ocr_carea' id='block_1_105' title="bbox 2320 2287 3925 2357">
    <p class='ocr_par' dir='ltr' id='par_1_105' title="bbox 2320 2287 3925 2357">
     <span class='ocr_line' id='line_1_107' title="bbox 2320 2287 3925 2357; baseline 0 -19"><span class='ocrx_word' id='word_1_758' title='bbox 2320 2287 2462 2356; x_wconf 89' lang='lat' dir='ltr'><strong>quod</strong></span> <span class='ocrx_word' id='word_1_759' title='bbox 2497 2289 2546 2340; x_wconf 89' lang='lat' dir='ltr'><strong>in</strong></span> <span class='ocrx_word' id='word_1_760' title='bbox 2580 2290 2796 2342; x_wconf 75' lang='lat' dir='ltr'><strong>tttizttine</strong></span> <span class='ocrx_word' id='word_1_761' title='bbox 2826 2287 2942 2357; x_wconf 87' lang='lat' dir='ltr'><strong>ejus</strong></span> <span class='ocrx_word' id='word_1_762' title='bbox 2982 2288 3248 2343; x_wconf 70' lang='lat' dir='ltr'><strong>dmmonia</strong></span> <span class='ocrx_word' id='word_1_763' title='bbox 3278 2288 3558 2356; x_wconf 89' lang='lat' dir='ltr'><strong>ejicerent,</strong></span> <span class='ocrx_word' id='word_1_764' title='bbox 3590 2295 3723 2350; x_wconf 88' lang='lat' dir='ltr'><strong>etc.,</strong></span> <span class='ocrx_word' id='word_1_765' title='bbox 3752 2294 3925 2353; x_wconf 81' lang='lat' dir='ltr'><strong>atque</strong></span> 
     </span>
    </p>
   </div>
   <div class='ocr_carea' id='block_1_106' title="bbox 2321 2357 3931 2429">
    <p class='ocr_par' dir='ltr' id='par_1_106' title="bbox 2321 2357 3931 2429">
     <span class='ocr_line' id='line_1_108' title="bbox 2321 2357 3931 2429; baseline -0.001 -20"><span class='ocrx_word' id='word_1_766' title='bbox 2321 2359 2570 2429; x_wconf 87' lang='lat' dir='ltr'><strong>omnibus</strong></span> <span class='ocrx_word' id='word_1_767' title='bbox 2595 2374 2625 2413; x_wconf 84' lang='lat' dir='ltr'><strong>e</strong></span> <span class='ocrx_word' id='word_1_768' title='bbox 2652 2359 2809 2427; x_wconf 69' lang='lat' dir='ltr'><strong>vulgo</strong></span> <span class='ocrx_word' id='word_1_769' title='bbox 2848 2360 3170 2415; x_wconf 79' lang='lat' dir='ltr'><strong>Christianis</strong></span> <span class='ocrx_word' id='word_1_770' title='bbox 3191 2360 3282 2429; x_wconf 90' lang='lat' dir='ltr'><strong>jus</strong></span> <span class='ocrx_word' id='word_1_771' title='bbox 3309 2367 3363 2413; x_wconf 89' lang='lat' dir='ltr'><strong>et</strong></span> <span class='ocrx_word' id='word_1_772' title='bbox 3404 2357 3760 2429; x_wconf 22' lang='lat' dir='ltr'><strong>potestas‘illa</strong></span> <span class='ocrx_word' id='word_1_773' title='bbox 3805 2368 3931 2409; x_wconf 77' lang='lat' dir='ltr'><strong>rata</strong></span> 
     </span>
    </p>
   </div>
   <div class='ocr_carea' id='block_1_107' title="bbox 2324 2427 3937 2499">
    <p class='ocr_par' dir='ltr' id='par_1_107' title="bbox 2324 2427 3937 2499">
     <span class='ocr_line' id='line_1_109' title="bbox 2324 2427 3937 2499; baseline -0.001 -17"><span class='ocrx_word' id='word_1_774' title='bbox 2324 2428 2627 2491; x_wconf 84' lang='lat' dir='ltr'><strong>haberetur,</strong></span> <span class='ocrx_word' id='word_1_775' title='bbox 2658 2430 2794 2484; x_wconf 86' lang='lat' dir='ltr'><strong>adeo</strong></span> <span class='ocrx_word' id='word_1_776' title='bbox 2819 2439 2876 2485; x_wconf 92' lang='lat' dir='ltr'><strong>ut</strong></span> <span class='ocrx_word' id='word_1_777' title='bbox 2908 2429 3115 2486; x_wconf 90' lang='lat' dir='ltr'><strong>Tertul.</strong></span> <span class='ocrx_word' id='word_1_778' title='bbox 3143 2427 3204 2485; x_wconf 80' lang='lat' dir='ltr'><strong>in</strong></span> <span class='ocrx_word' id='word_1_779' title='bbox 3225 2429 3453 2499; x_wconf 79' lang='lat' dir='ltr'><strong>Apolog.</strong></span> <span class='ocrx_word' id='word_1_780' title='bbox 3490 2427 3765 2498; x_wconf 83' lang='lat' dir='ltr'><strong>spendcre</strong></span> <span class='ocrx_word' id='word_1_781' title='bbox 3789 2443 3937 2495; x_wconf 71' lang='lat' dir='ltr'><strong>pne-</strong></span> 
     </span>
    </p>
   </div>
   <div class='ocr_carea' id='block_1_108' title="bbox 2322 2500 3931 2572">
    <p class='ocr_par' dir='ltr' id='par_1_108' title="bbox 2322 2500 3931 2572">
     <span class='ocr_line' id='line_1_110' title="bbox 2322 2500 3931 2572; baseline -0.002 -18"><span class='ocrx_word' id='word_1_782' title='bbox 2322 2510 2579 2572; x_wconf 84' lang='lat' dir='ltr'><strong>sumeret,</strong></span> <span class='ocrx_word' id='word_1_783' title='bbox 2603 2502 2646 2555; x_wconf 91' lang='lat' dir='ltr'><strong>si</strong></span> <span class='ocrx_word' id='word_1_784' title='bbox 2676 2502 2795 2570; x_wconf 64' lang='lat' dir='ltr'><strong>quis</strong></span> <span class='ocrx_word' id='word_1_785' title='bbox 2823 2517 2853 2555; x_wconf 91' lang='lat' dir='ltr'><strong>a</strong></span> <span class='ocrx_word' id='word_1_786' title='bbox 2881 2504 3124 2557; x_wconf 81' lang='lat' dir='ltr'><strong>damione</strong></span> <span class='ocrx_word' id='word_1_787' title='bbox 3156 2503 3385 2572; x_wconf 68' lang='lat' dir='ltr'><strong>agititus</strong></span> <span class='ocrx_word' id='word_1_788' title='bbox 3408 2500 3689 2569; x_wconf 82' lang='lat' dir='ltr'><strong>juberetur</strong></span> <span class='ocrx_word' id='word_1_789' title='bbox 3720 2520 3745 2548; x_wconf 82' lang='lat' dir='ltr'><strong>a</strong></span> <span class='ocrx_word' id='word_1_790' title='bbox 3777 2512 3931 2565; x_wconf 79' lang='lat' dir='ltr'><strong>quo-</strong></span> 
     </span>
    </p>
   </div>
   <div class='ocr_carea' id='block_1_109' title="bbox 2324 2571 3926 2642">
    <p class='ocr_par' dir='ltr' id='par_1_109' title="bbox 2324 2571 3926 2642">
     <span class='ocr_line' id='line_1_111' title="bbox 2324 2571 3926 2642; baseline -0.002 -20"><span class='ocrx_word' id='word_1_791' title='bbox 2324 2571 2452 2625; x_wconf 90' lang='lat' dir='ltr'><strong>libet</strong></span> <span class='ocrx_word' id='word_1_792' title='bbox 2481 2573 2762 2625; x_wconf 81' lang='lat' dir='ltr'><strong>christiano</strong></span> <span class='ocrx_word' id='word_1_793' title='bbox 2791 2571 2949 2642; x_wconf 89' lang='lat' dir='ltr'><strong>loqui,</strong></span> <span class='ocrx_word' id='word_1_794' title='bbox 2978 2574 3213 2642; x_wconf 85' lang='lat' dir='ltr'><strong>spiritum</strong></span> <span class='ocrx_word' id='word_1_795' title='bbox 3245 2572 3393 2626; x_wconf 85' lang='lat' dir='ltr'><strong>illum</strong></span> <span class='ocrx_word' id='word_1_796' title='bbox 3419 2582 3524 2625; x_wconf 84' lang='lat' dir='ltr'><strong>tant</strong></span> <span class='ocrx_word' id='word_1_797' title='bbox 3549 2587 3603 2624; x_wconf 86' lang='lat' dir='ltr'><strong>se</strong></span> <span class='ocrx_word' id='word_1_798' title='bbox 3628 2572 3926 2642; x_wconf 66' lang='lat' dir='ltr'><strong>diuinorum</strong></span> 
     </span>
    </p>
   </div>
   <div class='ocr_carea' id='block_1_110' title="bbox 2323 2640 3937 2713">
    <p class='ocr_par' dir='ltr' id='par_1_110' title="bbox 2323 2640 3937 2713">
     <span class='ocr_line' id='line_1_112' title="bbox 2323 2640 3937 2713; baseline -0.001 -18"><span class='ocrx_word' id='word_1_799' title='bbox 2323 2647 2673 2711; x_wconf 77' lang='lat' dir='ltr'><strong>confessurum</strong></span> <span class='ocrx_word' id='word_1_800' title='bbox 2706 2644 2767 2696; x_wconf 89' lang='lat' dir='ltr'><strong>de</strong></span> <span class='ocrx_word' id='word_1_801' title='bbox 2799 2640 2931 2706; x_wconf 79' lang='lat' dir='ltr'><strong>vero,</strong></span> <span class='ocrx_word' id='word_1_802' title='bbox 2957 2640 3110 2713; x_wconf 82' lang='lat' dir='ltr'><strong>quam</strong></span> <span class='ocrx_word' id='word_1_803' title='bbox 3138 2645 3259 2698; x_wconf 87' lang='lat' dir='ltr'><strong>alibi</strong></span> <span class='ocrx_word' id='word_1_804' title='bbox 3289 2644 3439 2695; x_wconf 87' lang='lat' dir='ltr'><strong>deum</strong></span> <span class='ocrx_word' id='word_1_805' title='bbox 3468 2643 3532 2696; x_wconf 83' lang='lat' dir='ltr'><strong>de</strong></span> <span class='ocrx_word' id='word_1_806' title='bbox 3553 2642 3720 2712; x_wconf 80' lang='lat' dir='ltr'><strong>falso;</strong></span> <span class='ocrx_word' id='word_1_807' title='bbox 3745 2652 3793 2693; x_wconf 82' lang='lat' dir='ltr'><strong>et</strong></span> <span class='ocrx_word' id='word_1_808' title='bbox 3822 2640 3937 2693; x_wconf 78' lang='lat' dir='ltr'><strong>nisi</strong></span> 
     </span>
    </p>
   </div>
   <div class='ocr_carea' id='block_1_111' title="bbox 2323 2713 3940 2783">
    <p class='ocr_par' dir='ltr' id='par_1_111' title="bbox 2323 2713 3940 2783">
     <span class='ocr_line' id='line_1_113' title="bbox 2323 2713 3940 2783; baseline -0.001 -18"><span class='ocrx_word' id='word_1_809' title='bbox 2323 2728 2377 2765; x_wconf 88' lang='lat' dir='ltr'><strong>se</strong></span> <span class='ocrx_word' id='word_1_810' title='bbox 2396 2713 2649 2767; x_wconf 67' lang='lat' dir='ltr'><strong>daemones</strong></span> <span class='ocrx_word' id='word_1_811' title='bbox 2680 2715 2898 2783; x_wconf 80' lang='lat' dir='ltr'><strong>confe-si</strong></span> <span class='ocrx_word' id='word_1_812' title='bbox 2934 2716 3122 2774; x_wconf 80' lang='lat' dir='ltr'><strong>fuerint</strong></span> <span class='ocrx_word' id='word_1_813' title='bbox 3150 2714 3429 2769; x_wconf 80' lang='lat' dir='ltr'><strong>christiano</strong></span> <span class='ocrx_word' id='word_1_814' title='bbox 3469 2714 3668 2766; x_wconf 86' lang='lat' dir='ltr'><strong>mentiri</strong></span> <span class='ocrx_word' id='word_1_815' title='bbox 3696 2729 3799 2765; x_wconf 86' lang='lat' dir='ltr'><strong>non</strong></span> <span class='ocrx_word' id='word_1_816' title='bbox 3830 2727 3940 2763; x_wconf 80' lang='lat' dir='ltr'><strong>ms-</strong></span> 
     </span>
    </p>
   </div>
   <div class='ocr_carea' id='block_1_112' title="bbox 2323 2784 3935 2855">
    <p class='ocr_par' dir='ltr' id='par_1_112' title="bbox 2323 2784 3935 2855">
     <span class='ocr_line' id='line_1_114' title="bbox 2323 2784 3935 2855; baseline -0.002 -19"><span class='ocrx_word' id='word_1_817' title='bbox 2323 2784 2517 2847; x_wconf 85' lang='lat' dir='ltr'><strong>dentes,</strong></span> <span class='ocrx_word' id='word_1_818' title='bbox 2554 2786 2733 2838; x_wconf 87' lang='lat' dir='ltr'><strong>ibidem</strong></span> <span class='ocrx_word' id='word_1_819' title='bbox 2763 2786 2902 2839; x_wconf 88' lang='lat' dir='ltr'><strong>illius</strong></span> <span class='ocrx_word' id='word_1_820' title='bbox 2933 2784 3211 2840; x_wconf 81' lang='lat' dir='ltr'><strong>Christiani</strong></span> <span class='ocrx_word' id='word_1_821' title='bbox 3243 2784 3591 2855; x_wconf 80' lang='lat' dir='ltr'><strong>procacissimi</strong></span> <span class='ocrx_word' id='word_1_822' title='bbox 3622 2784 3935 2855; x_wconf 84' lang='lat' dir='ltr'><strong>sangu_in_em</strong></span> 
     </span>
    </p>
   </div>
   <div class='ocr_carea' id='block_1_113' title="bbox 2325 2852 3934 2925">
    <p class='ocr_par' dir='ltr' id='par_1_113' title="bbox 2325 2852 3934 2925">
     <span class='ocr_line' id='line_1_115' title="bbox 2325 2852 3934 2925; baseline -0.001 -19"><span class='ocrx_word' id='word_1_823' title='bbox 2325 2857 2527 2925; x_wconf 79' lang='lat' dir='ltr'><strong>fundite</strong></span> <span class='ocrx_word' id='word_1_824' title='bbox 2550 2874 2561 2907; x_wconf 88' lang='lat'><strong>:</strong></span> <span class='ocrx_word' id='word_1_825' title='bbox 2588 2858 2709 2910; x_wconf 90' lang='lat' dir='ltr'><strong>hinc</strong></span> <span class='ocrx_word' id='word_1_826' title='bbox 2742 2858 2936 2911; x_wconf 74' lang='lat' dir='ltr'><strong>factum</strong></span> <span class='ocrx_word' id='word_1_827' title='bbox 2964 2869 3048 2913; x_wconf 91' lang='lat' dir='ltr'><strong>est</strong></span> <span class='ocrx_word' id='word_1_828' title='bbox 3076 2870 3150 2919; x_wconf 84' lang='lat' dir='ltr'><strong>Ut,</strong></span> <span class='ocrx_word' id='word_1_829' title='bbox 3180 2852 3632 2924; x_wconf 81' lang='lat' dir='ltr'><strong>qtietttadtnodnttt</strong></span> <span class='ocrx_word' id='word_1_830' title='bbox 3654 2852 3797 2924; x_wconf 82' lang='lat' dir='ltr'><strong>apud</strong></span> <span class='ocrx_word' id='word_1_831' title='bbox 3823 2852 3934 2907; x_wconf 77' lang='lat' dir='ltr'><strong>Ju-</strong></span> 
     </span>
    </p>
   </div>
   <div class='ocr_carea' id='block_1_114' title="bbox 2325 2927 3935 2995">
    <p class='ocr_par' dir='ltr' id='par_1_114' title="bbox 2325 2927 3935 2995">
     <span class='ocr_line' id='line_1_116' title="bbox 2325 2927 3935 2995; baseline -0.002 -16"><span class='ocrx_word' id='word_1_832' title='bbox 2325 2927 2494 2989; x_wconf 76' lang='lat' dir='ltr'><strong>dams,</strong></span> <span class='ocrx_word' id='word_1_833' title='bbox 2527 2934 2642 2981; x_wconf 72' lang='lat' dir='ltr'><strong>Act.</strong></span> <span class='ocrx_word' id='word_1_834' title='bbox 2677 2943 2788 2985; x_wconf 66' lang='grc' dir='ltr'><strong>κως,</strong></span> <span class='ocrx_word' id='word_1_835' title='bbox 2826 2930 2911 2993; x_wconf 79' lang='grc'><strong>15,</strong></span> <span class='ocrx_word' id='word_1_836' title='bbox 2949 2932 3243 2983; x_wconf 66' lang='lat' dir='ltr'><strong>nebulones</strong></span> <span class='ocrx_word' id='word_1_837' title='bbox 3274 2939 3328 2981; x_wconf 79' lang='lat' dir='ltr'><strong>et</strong></span> <span class='ocrx_word' id='word_1_838' title='bbox 3365 2928 3687 2995; x_wconf 85' lang='lat' dir='ltr'><strong>impostores</strong></span> <span class='ocrx_word' id='word_1_839' title='bbox 3725 2940 3783 2978; x_wconf 85' lang='lat' dir='ltr'><strong>se</strong></span> <span class='ocrx_word' id='word_1_840' title='bbox 3828 2938 3935 2995; x_wconf 73' lang='lat' dir='ltr'><strong>pro</strong></span> 
     </span>
    </p>
   </div>
   <div class='ocr_carea' id='block_1_115' title="bbox 2326 2993 3923 3067">
    <p class='ocr_par' dir='ltr' id='par_1_115' title="bbox 2326 2993 3923 3067">
     <span class='ocr_line' id='line_1_117' title="bbox 2326 2993 3923 3067; baseline -0.003 -16"><span class='ocrx_word' id='word_1_841' title='bbox 2326 3000 2607 3051; x_wconf 70' lang='lat' dir='ltr'><strong>CXttl‘CiStis</strong></span> <span class='ocrx_word' id='word_1_842' title='bbox 2640 2999 2996 3055; x_wconf 74' lang='lat' dir='ltr'><strong>venditat-ent.</strong></span> <span class='ocrx_word' id='word_1_843' title='bbox 3024 3000 3145 3067; x_wconf 86' lang='lat' dir='ltr'><strong>jute</strong></span> <span class='ocrx_word' id='word_1_844' title='bbox 3173 2999 3332 3053; x_wconf 87' lang='lat' dir='ltr'><strong>etiam</strong></span> <span class='ocrx_word' id='word_1_845' title='bbox 3362 2993 3611 3052; x_wconf 51' lang='lat' dir='ltr'><strong>Cain-areo</strong></span> <span class='ocrx_word' id='word_1_846' title='bbox 3643 2995 3814 3049; x_wconf 84' lang='lat' dir='ltr'><strong>notari</strong></span> <span class='ocrx_word' id='word_1_847' title='bbox 3861 2993 3923 3047; x_wconf 84' lang='lat' dir='ltr'><strong>tl&#39;.</strong></span> 
     </span>
    </p>
   </div>
   <div class='ocr_carea' id='block_1_116' title="bbox 2326 3067 3935 3139">
    <p class='ocr_par' dir='ltr' id='par_1_116' title="bbox 2326 3067 3935 3139">
     <span class='ocr_line' id='line_1_118' title="bbox 2326 3067 3935 3139; baseline -0.002 -18"><span class='ocrx_word' id='word_1_848' title='bbox 2326 3067 2430 3137; x_wconf 69' lang='lat' dir='ltr'><strong>leg.</strong></span> <span class='ocrx_word' id='word_1_849' title='bbox 2460 3067 2498 3122; x_wconf 91' lang='lat' dir='ltr'><strong>I.</strong></span> <span class='ocrx_word' id='word_1_850' title='bbox 2525 3068 2629 3122; x_wconf 86' lang='lat' dir='ltr'><strong>Tit.</strong></span> <span class='ocrx_word' id='word_1_851' title='bbox 2655 3069 2718 3123; x_wconf 85' lang='lat' dir='ltr'><strong>de</strong></span> <span class='ocrx_word' id='word_1_852' title='bbox 2737 3069 3022 3125; x_wconf 78' lang='lat' dir='ltr'><strong>Exlrautd.</strong></span> <span class='ocrx_word' id='word_1_853' title='bbox 3041 3070 3252 3139; x_wconf 77' lang='lat' dir='ltr'><strong>Cugnit.</strong></span> <span class='ocrx_word' id='word_1_854' title='bbox 3277 3088 3288 3122; x_wconf 91' lang='lat'>:</span> <span class='ocrx_word' id='word_1_855' title='bbox 3312 3068 3746 3131; x_wconf 79' lang='lat' dir='ltr'><strong>Siiucantnveril,</strong></span> <span class='ocrx_word' id='word_1_856' title='bbox 3768 3067 3935 3119; x_wconf 82' lang='lat' dir='ltr'><strong>siint-</strong></span> 
     </span>
    </p>
   </div>
   <div class='ocr_carea' id='block_1_117' title="bbox 2332 3138 3939 3265">
    <p class='ocr_par' dir='ltr' id='par_1_117' title="bbox 2332 3138 3939 3265">
     <span class='ocr_line' id='line_1_119' title="bbox 2332 3138 3939 3265; baseline -0.002 -74"><span class='ocrx_word' id='word_1_857' title='bbox 2332 3151 2566 3208; x_wconf 63' lang='lat' dir='ltr'><strong>precatus</strong></span> <span class='ocrx_word' id='word_1_858' title='bbox 2596 3150 2687 3199; x_wconf 82' lang='lat' dir='ltr'><strong>est.</strong></span> <span class='ocrx_word' id='word_1_859' title='bbox 2719 3143 2762 3195; x_wconf 90' lang='lat' dir='ltr'><strong>si</strong></span> <span class='ocrx_word' id='word_1_860' title='bbox 2789 3138 2866 3265; x_wconf 34' lang='lat' dir='ltr'><strong>aut</strong></span> <span class='ocrx_word' id='word_1_861' title='bbox 2887 3142 3086 3211; x_wconf 87' lang='lat' dir='ltr'><strong>vulgari</strong></span> <span class='ocrx_word' id='word_1_862' title='bbox 3106 3138 3252 3195; x_wconf 83' lang='lat' dir='ltr'><strong>verbo</strong></span> <span class='ocrx_word' id='word_1_863' title='bbox 3270 3142 3603 3210; x_wconf 87' lang='lat' dir='ltr'><strong>impostornm</strong></span> <span class='ocrx_word' id='word_1_864' title='bbox 3621 3145 3758 3204; x_wconf 80' lang='lat' dir='ltr'><strong>utar)</strong></span> <span class='ocrx_word' id='word_1_865' title='bbox 3780 3152 3939 3191; x_wconf 66' lang='lat' dir='ltr'><strong>exor-</strong></span> 
     </span>
     <span class='ocr_line' id='line_1_120' title="bbox 2332 3208 3936 3265; baseline -0.002 -2"><span class='ocrx_word' id='word_1_866' title='bbox 2332 3212 2586 3264; x_wconf 63' lang='lat' dir='ltr'><strong>cizvverit.</strong></span> <span class='ocrx_word' id='word_1_867' title='bbox 2621 3211 2685 3265; x_wconf 91' lang='lat' dir='ltr'><strong>Ut</strong></span> <span class='ocrx_word' id='word_1_868' title='bbox 2712 3229 2793 3264; x_wconf 87' lang='lat' dir='ltr'><strong>ma</strong></span> <span class='ocrx_word' id='word_1_869' title='bbox 2822 3230 2853 3265; x_wconf 74' lang='grc' dir='ltr'><strong>ι)</strong></span> <span class='ocrx_word' id='word_1_870' title='bbox 2885 3213 3008 3265; x_wconf 86' lang='lat' dir='ltr'><strong>huic</strong></span> <span class='ocrx_word' id='word_1_871' title='bbox 3046 3224 3445 3265; x_wconf 87' lang='lat' dir='ltr'><strong>occurreretur.</strong></span> <span class='ocrx_word' id='word_1_872' title='bbox 3480 3211 3530 3265; x_wconf 88' lang='lat' dir='ltr'><strong>id</strong></span> <span class='ocrx_word' id='word_1_873' title='bbox 3550 3212 3657 3265; x_wconf 71' lang='lat' dir='ltr'><strong>eait</strong></span> <span class='ocrx_word' id='word_1_874' title='bbox 3680 3208 3936 3262; x_wconf 71' lang='lat' dir='ltr'><strong>Ecclrsia</strong></span> 
     </span>
    </p>
   </div>
   <div class='ocr_carea' id='block_1_118' title="bbox 2252 3202 3936 3279">
    <p class='ocr_par' dir='ltr' id='par_1_118' title="bbox 2252 3202 3936 3279">
     <span class='ocr_line' id='line_1_121' title="bbox 2252 3202 3936 3279; baseline -0.002 -15"><span class='ocrx_word' id='word_1_875' title='bbox 2252 3202 2296 3264; x_wconf 90' lang='lat' dir='ltr'><strong>C</strong></span> <span class='ocrx_word' id='word_1_876' title='bbox 2329 3202 2586 3264; x_wconf 50' lang='lat' dir='ltr'><strong>citaverit.</strong></span> <span class='ocrx_word' id='word_1_877' title='bbox 2621 3211 2685 3266; x_wconf 90' lang='lat' dir='ltr'><strong>Ut</strong></span> <span class='ocrx_word' id='word_1_878' title='bbox 2712 3202 2853 3265; x_wconf 87' lang='lat' dir='ltr'><strong>man</strong></span> <span class='ocrx_word' id='word_1_879' title='bbox 2885 3202 3008 3266; x_wconf 67' lang='lat' dir='ltr'><strong>huic</strong></span> <span class='ocrx_word' id='word_1_880' title='bbox 3046 3202 3445 3274; x_wconf 79' lang='lat' dir='ltr'><strong>occurreretur,</strong></span> <span class='ocrx_word' id='word_1_881' title='bbox 3480 3211 3530 3265; x_wconf 88' lang='lat' dir='ltr'><strong>id</strong></span> <span class='ocrx_word' id='word_1_882' title='bbox 3550 3212 3657 3279; x_wconf 76' lang='lat' dir='ltr'><strong>egit</strong></span> <span class='ocrx_word' id='word_1_883' title='bbox 3680 3202 3936 3262; x_wconf 71' lang='lat' dir='ltr'><strong>Ecclrsia</strong></span> 
     </span>
    </p>
   </div>
   <div class='ocr_carea' id='block_1_119' title="bbox 2332 3280 3935 3353">
    <p class='ocr_par' dir='ltr' id='par_1_119' title="bbox 2332 3280 3935 3353">
     <span class='ocr_line' id='line_1_122' title="bbox 2332 3280 3935 3353; baseline -0.003 -20"><span class='ocrx_word' id='word_1_884' title='bbox 2332 3294 2386 3333; x_wconf 90' lang='lat' dir='ltr'><strong>ut</strong></span> <span class='ocrx_word' id='word_1_885' title='bbox 2409 3283 2614 3349; x_wconf 87' lang='lat' dir='ltr'><strong>probati</strong></span> <span class='ocrx_word' id='word_1_886' title='bbox 2638 3284 2732 3336; x_wconf 88' lang='lat' dir='ltr'><strong>viri</strong></span> <span class='ocrx_word' id='word_1_887' title='bbox 2754 3286 2874 3336; x_wconf 86' lang='lat' dir='ltr'><strong>huic</strong></span> <span class='ocrx_word' id='word_1_888' title='bbox 2899 3284 3104 3337; x_wconf 89' lang='lat' dir='ltr'><strong>muneri</strong></span> <span class='ocrx_word' id='word_1_889' title='bbox 3135 3284 3389 3353; x_wconf 78' lang='lat' dir='ltr'><strong>assignati</strong></span> <span class='ocrx_word' id='word_1_890' title='bbox 3413 3293 3605 3337; x_wconf 87' lang='lat' dir='ltr'><strong>essent.</strong></span> <span class='ocrx_word' id='word_1_891' title='bbox 3640 3280 3808 3353; x_wconf 68' lang='lat' dir='ltr'><strong>Porro</strong></span> <span class='ocrx_word' id='word_1_892' title='bbox 3829 3280 3935 3353; x_wconf 58' lang='grc' dir='ltr'><strong>Δεἱ-</strong></span> 
     </span>
    </p>
   </div>
   <div class='ocr_carea' id='block_1_120' title="bbox 2329 3347 3939 3428">
    <p class='ocr_par' dir='ltr' id='par_1_120' title="bbox 2329 3347 3939 3428">
     <span class='ocr_line' id='line_1_123' title="bbox 2329 3347 3939 3428; baseline -0.001 -24"><span class='ocrx_word' id='word_1_893' title='bbox 2329 3347 2541 3422; x_wconf 81' lang='lat' dir='ltr'><strong>quidem</strong></span> <span class='ocrx_word' id='word_1_894' title='bbox 2572 3354 2815 3428; x_wconf 77' lang='lat' dir='ltr'><strong>plerique</strong></span> <span class='ocrx_word' id='word_1_895' title='bbox 2844 3354 3194 3409; x_wconf 87' lang='lat' dir='ltr'><strong>Etlmicorum</strong></span> <span class='ocrx_word' id='word_1_896' title='bbox 3214 3347 3429 3408; x_wconf 68' lang='lat' dir='ltr'><strong>aerariis</strong></span> <span class='ocrx_word' id='word_1_897' title='bbox 3444 3367 3553 3421; x_wconf 76' lang='lat' dir='ltr'><strong>mys</strong></span> <span class='ocrx_word' id='word_1_898' title='bbox 3578 3350 3782 3428; x_wconf 41' lang='lat' dir='ltr'><strong>eriishse</strong></span> <span class='ocrx_word' id='word_1_899' title='bbox 3804 3347 3939 3428; x_wconf 61' lang='lat' dir='ltr'><strong>da;-</strong></span> 
     </span>
    </p>
   </div>
   <div class='ocr_carea' id='block_1_121' title="bbox 2331 3418 3931 3494">
    <p class='ocr_par' dir='ltr' id='par_1_121' title="bbox 2331 3418 3931 3494">
     <span class='ocr_line' id='line_1_124' title="bbox 2331 3418 3931 3494; baseline -0.002 -17"><span class='ocrx_word' id='word_1_900' title='bbox 2331 3418 2812 3490; x_wconf 77' lang='lat' dir='ltr'><strong>titouuiii;potestati</strong></span> <span class='ocrx_word' id='word_1_901' title='bbox 2838 3437 2979 3481; x_wconf 83' lang='lat' dir='ltr'><strong>totcs</strong></span> <span class='ocrx_word' id='word_1_902' title='bbox 3002 3428 3424 3494; x_wconf 63' lang='lat' dir='ltr'><strong>tnzuzcipassent;</strong></span> <span class='ocrx_word' id='word_1_903' title='bbox 3452 3418 3667 3494; x_wconf 73' lang='lat' dir='ltr'><strong>servitio</strong></span> <span class='ocrx_word' id='word_1_904' title='bbox 3686 3418 3931 3494; x_wconf 64' lang='lat' dir='ltr'><strong>Christi,</strong></span> 
     </span>
    </p>
   </div>
   <div class='ocr_carea' id='block_1_122' title="bbox 2329 3489 3938 3566">
    <p class='ocr_par' dir='ltr' id='par_1_122' title="bbox 2329 3489 3938 3566">
     <span class='ocr_line' id='line_1_125' title="bbox 2329 3489 3938 3566; baseline -0.001 -20"><span class='ocrx_word' id='word_1_905' title='bbox 2329 3511 2448 3564; x_wconf 69' lang='lat' dir='ltr'><strong>quae</strong></span> <span class='ocrx_word' id='word_1_906' title='bbox 2468 3489 2589 3549; x_wconf 88' lang='lat' dir='ltr'><strong>vera</strong></span> <span class='ocrx_word' id='word_1_907' title='bbox 2616 3494 2855 3560; x_wconf 62' lang='lat' dir='ltr'><strong>libertas,</strong></span> <span class='ocrx_word' id='word_1_908' title='bbox 2874 3489 3243 3566; x_wconf 72' lang='lat' dir='ltr'><strong>uortpoteram</strong></span> <span class='ocrx_word' id='word_1_909' title='bbox 3270 3489 3938 3566; x_wconf 75' lang='lat' dir='ltr'><strong>vindicari,d.meceiecto</strong></span> 
     </span>
    </p>
   </div>
   <div class='ocr_carea' id='block_1_123' title="bbox 2332 3565 3936 3636">
    <p class='ocr_par' dir='ltr' id='par_1_123' title="bbox 2332 3565 3936 3636">
     <span class='ocr_line' id='line_1_126' title="bbox 2332 3565 3936 3636; baseline -0.002 -19"><span class='ocrx_word' id='word_1_910' title='bbox 2332 3566 2485 3620; x_wconf 70' lang='lat' dir='ltr'><strong>malae</strong></span> <span class='ocrx_word' id='word_1_911' title='bbox 2509 3567 2629 3621; x_wconf 84' lang='lat' dir='ltr'><strong>lidei</strong></span> <span class='ocrx_word' id='word_1_912' title='bbox 2661 3565 3227 3634; x_wconf 28' lang='lat' dir='ltr'><strong>possessore,’tneliori</strong></span> <span class='ocrx_word' id='word_1_913' title='bbox 3256 3570 3452 3636; x_wconf 85' lang='lat' dir='ltr'><strong>hospiti</strong></span> <span class='ocrx_word' id='word_1_914' title='bbox 3482 3565 3631 3619; x_wconf 84' lang='lat' dir='ltr'><strong>locus</strong></span> <span class='ocrx_word' id='word_1_915' title='bbox 3656 3565 3936 3636; x_wconf 69' lang='lat' dir='ltr'><strong>relinque-</strong></span> 
     </span>
    </p>
   </div>
   <div class='ocr_carea' id='block_1_124' title="bbox 2332 3634 3935 3707">
    <p class='ocr_par' dir='ltr' id='par_1_124' title="bbox 2332 3634 3935 3707">
     <span class='ocr_line' id='line_1_127' title="bbox 2332 3634 3935 3707; baseline -0.004 -15"><span class='ocrx_word' id='word_1_916' title='bbox 2332 3648 2481 3692; x_wconf 82' lang='lat' dir='ltr'><strong>retur</strong></span> <span class='ocrx_word' id='word_1_917' title='bbox 2510 3653 2523 3690; x_wconf 90' lang='lat'><strong>:</strong></span> <span class='ocrx_word' id='word_1_918' title='bbox 2557 3640 2697 3692; x_wconf 91' lang='lat' dir='ltr'><strong>unde</strong></span> <span class='ocrx_word' id='word_1_919' title='bbox 2721 3639 2877 3692; x_wconf 84' lang='lat' dir='ltr'><strong>iidem</strong></span> <span class='ocrx_word' id='word_1_920' title='bbox 2897 3639 2986 3707; x_wconf 89' lang='lat' dir='ltr'><strong>qui</strong></span> <span class='ocrx_word' id='word_1_921' title='bbox 3016 3634 3421 3694; x_wconf 80' lang='lat' dir='ltr'><strong>catecliumetiis</strong></span> <span class='ocrx_word' id='word_1_922' title='bbox 3450 3634 3777 3691; x_wconf 87' lang='lat' dir='ltr'><strong>instruendis</strong></span> <span class='ocrx_word' id='word_1_923' title='bbox 3797 3648 3935 3701; x_wconf 73' lang='lat' dir='ltr'><strong>pne-</strong></span> 
     </span>
    </p>
   </div>
   <div class='ocr_carea' id='block_1_125' title="bbox 2332 3708 3931 3784">
    <p class='ocr_par' dir='ltr' id='par_1_125' title="bbox 2332 3708 3931 3784">
     <span class='ocr_line' id='line_1_128' title="bbox 2332 3708 3931 3784; baseline -0.003 -26"><span class='ocrx_word' id='word_1_924' title='bbox 2332 3710 2560 3784; x_wconf 68' lang='lat' dir='ltr'><strong>l_&#39;t_re_rant,</strong></span> <span class='ocrx_word' id='word_1_925' title='bbox 2608 3710 2997 3784; x_wconf 76' lang='lat' dir='ltr'><strong>exorcistarum</strong></span> <span class='ocrx_word' id='word_1_926' title='bbox 3043 3710 3521 3784; x_wconf 83' lang='lat' dir='ltr'><strong>itidem_mnnere_</strong></span> <span class='ocrx_word' id='word_1_927' title='bbox 3551 3708 3931 3784; x_wconf 63' lang='lat' dir='ltr'><strong>luttgebantur.</strong></span> 
     </span>
    </p>
   </div>
   <div class='ocr_carea' id='block_1_126' title="bbox 2333 3777 3935 3841">
    <p class='ocr_par' dir='ltr' id='par_1_126' title="bbox 2333 3777 3935 3841">
     <span class='ocr_line' id='line_1_129' title="bbox 2333 3777 3935 3841; baseline -0.003 -9"><span class='ocrx_word' id='word_1_928' title='bbox 2333 3777 2614 3835; x_wconf 73' lang='lat' dir='ltr'><strong>VideCan.</strong></span> <span class='ocrx_word' id='word_1_929' title='bbox 2635 3796 2689 3841; x_wconf 73' lang='grc' dir='ltr'><strong>χ.</strong></span> <span class='ocrx_word' id='word_1_930' title='bbox 2711 3779 2964 3835; x_wconf 87' lang='lat' dir='ltr'><strong>Antioch.</strong></span> <span class='ocrx_word' id='word_1_931' title='bbox 2989 3788 3045 3836; x_wconf 89' lang='lat' dir='ltr'><strong>et</strong></span> <span class='ocrx_word' id='word_1_932' title='bbox 3068 3796 3213 3835; x_wconf 77' lang='lat' dir='ltr'><strong>xxvi.</strong></span> <span class='ocrx_word' id='word_1_933' title='bbox 3243 3780 3406 3835; x_wconf 87' lang='lat' dir='ltr'><strong>Laod.</strong></span> <span class='ocrx_word' id='word_1_934' title='bbox 3437 3778 3525 3832; x_wconf 84' lang='lat' dir='ltr'><strong>ubi</strong></span> <span class='ocrx_word' id='word_1_935' title='bbox 3554 3777 3621 3832; x_wconf 88' lang='lat' dir='ltr'><strong>ad</strong></span> <span class='ocrx_word' id='word_1_936' title='bbox 3647 3777 3935 3830; x_wconf 73' lang='lat' dir='ltr'><strong>esorcistzn</strong></span> 
     </span>
    </p>
   </div>
   <div class='ocr_carea' id='block_1_127' title="bbox 2332 3851 3936 3922">
    <p class='ocr_par' dir='ltr' id='par_1_127' title="bbox 2332 3851 3936 3922">
     <span class='ocr_line' id='line_1_130' title="bbox 2332 3851 3936 3922; baseline 0.007 -19"><span class='ocrx_word' id='word_1_937' title='bbox 2332 3854 2657 3905; x_wconf 80' lang='lat' dir='ltr'><strong>mentionem</strong></span> <span class='ocrx_word' id='word_1_938' title='bbox 2686 3851 2908 3906; x_wconf 80' lang='lat' dir='ltr'><strong>Balsam.</strong></span> <span class='ocrx_word' id='word_1_939' title='bbox 2966 3855 3041 3905; x_wconf 81' lang='lat' dir='ltr'><strong>ait</strong></span> <span class='ocrx_word' id='word_1_940' title='bbox 3074 3855 3348 3922; x_wconf 68' lang='grc' dir='ltr'><strong>ἰροριιστιιὶ</strong></span> <span class='ocrx_word' id='word_1_941' title='bbox 3397 3863 3508 3913; x_wconf 70' lang='lat' dir='ltr'><strong>im</strong></span> <span class='ocrx_word' id='word_1_942' title='bbox 3546 3859 3850 3916; x_wconf 63' lang='grc' dir='ltr'><strong>κατηκηταίν</strong></span> <span class='ocrx_word' id='word_1_943' title='bbox 3880 3853 3936 3898; x_wconf 62' lang='grc' dir='ltr'><strong>ει</strong></span> 
     </span>
    </p>
   </div>
   <div class='ocr_carea' id='block_1_128' title="bbox 2329 3926 3933 3997">
    <p class='ocr_par' dir='ltr' id='par_1_128' title="bbox 2329 3926 3933 3997">
     <span class='ocr_line' id='line_1_131' title="bbox 2329 3926 3933 3997; baseline -0.004 -22"><span class='ocrx_word' id='word_1_944' title='bbox 2329 3931 2451 3982; x_wconf 72' lang='grc' dir='ltr'><strong>τινὲς</strong></span> <span class='ocrx_word' id='word_1_945' title='bbox 2472 3929 2738 3992; x_wconf 73' lang='grc' dir='ltr'><strong>ἕπεχιίρουν</strong></span> <span class='ocrx_word' id='word_1_946' title='bbox 2763 3928 3042 3992; x_wconf 53' lang='lat' dir='ltr'><strong>imp/Igitr,</strong></span> <span class='ocrx_word' id='word_1_947' title='bbox 3069 3932 3307 3981; x_wconf 71' lang='grc' dir='ltr'><strong>τουτέστι,</strong></span> <span class='ocrx_word' id='word_1_948' title='bbox 3335 3927 3566 3991; x_wconf 56' lang='lat' dir='ltr'><strong>adrexst</strong></span> <span class='ocrx_word' id='word_1_949' title='bbox 3588 3926 3844 3997; x_wconf 55' lang='grc' dir='ltr'><strong>ἐπίπονςὶ</strong></span> <span class='ocrx_word' id='word_1_950' title='bbox 3861 3926 3933 3983; x_wconf 62' lang='grc' dir='ltr'><strong>μὲ</strong></span> 
     </span>
    </p>
   </div>
   <div class='ocr_carea' id='block_1_129' title="bbox 2334 3996 3935 4065">
    <p class='ocr_par' dir='ltr' id='par_1_129' title="bbox 2334 3996 3935 4065">
     <span class='ocr_line' id='line_1_132' title="bbox 2334 3996 3935 4065; baseline -0.004 -20"><span class='ocrx_word' id='word_1_951' title='bbox 2334 3997 2549 4065; x_wconf 65' lang='grc' dir='ltr'><strong>ὶιιϐὂνετες</strong></span> <span class='ocrx_word' id='word_1_952' title='bbox 2601 4002 2745 4049; x_wconf 74' lang='grc' dir='ltr'><strong><em>τοῦτο</em></strong></span> <span class='ocrx_word' id='word_1_953' title='bbox 2800 3996 2863 4047; x_wconf 75' lang='grc' dir='ltr'><strong>δι’</strong></span> <span class='ocrx_word' id='word_1_954' title='bbox 2905 4000 3164 4054; x_wconf 64' lang='grc' dir='ltr'><strong>ἐπισκοπῆς</strong></span> <span class='ocrx_word' id='word_1_955' title='bbox 3220 4003 3509 4065; x_wconf 73' lang='grc' dir='ltr'><strong>χειροθεσίας</strong></span> <span class='ocrx_word' id='word_1_956' title='bbox 3552 4002 3701 4052; x_wconf 67' lang='lat'><strong>1:16.;</strong></span> <span class='ocrx_word' id='word_1_957' title='bbox 3737 3999 3935 4065; x_wconf 78' lang='lat' dir='ltr'><strong>pariter</strong></span> 
     </span>
    </p>
   </div>
   <div class='ocr_carea' id='block_1_130' title="bbox 2336 4062 3932 4133">
    <p class='ocr_par' dir='ltr' id='par_1_130' title="bbox 2336 4062 3932 4133">
     <span class='ocr_line' id='line_1_133' title="bbox 2336 4062 3932 4133; baseline 0 -15"><span class='ocrx_word' id='word_1_958' title='bbox 2336 4064 2663 4133; x_wconf 84' lang='lat' dir='ltr'><strong>Hat&#39;utenop.</strong></span> <span class='ocrx_word' id='word_1_959' title='bbox 2697 4067 2744 4117; x_wconf 87' lang='lat' dir='ltr'><strong>in</strong></span> <span class='ocrx_word' id='word_1_960' title='bbox 2781 4066 2919 4132; x_wconf 67' lang='lat' dir='ltr'><strong>Epit.</strong></span> <span class='ocrx_word' id='word_1_961' title='bbox 2952 4081 3072 4119; x_wconf 82' lang='lat' dir='ltr'><strong>can.</strong></span> <span class='ocrx_word' id='word_1_962' title='bbox 3122 4062 3268 4120; x_wconf 76' lang='lat' dir='ltr'><strong>Sert.</strong></span> <span class='ocrx_word' id='word_1_963' title='bbox 3296 4062 3353 4119; x_wconf 74' lang='grc' dir='ltr'><strong>Ἰ.</strong></span> <span class='ocrx_word' id='word_1_964' title='bbox 3396 4065 3502 4117; x_wconf 76' lang='lat' dir='ltr'><strong>Tit.</strong></span> <span class='ocrx_word' id='word_1_965' title='bbox 3544 4064 3596 4117; x_wconf 88' lang='grc'><strong>9.</strong></span> <span class='ocrx_word' id='word_1_966' title='bbox 3622 4062 3895 4133; x_wconf 16' lang='grc' dir='ltr'><strong>ἐξοριᾲιστιὶγ</strong></span> <span class='ocrx_word' id='word_1_967' title='bbox 3917 4099 3932 4118; x_wconf 74' lang='grc' dir='ltr'><strong>ς</strong></span> 
     </span>
    </p>
   </div>
   <div class='ocr_carea' id='block_1_131' title="bbox 2333 4129 3939 4210">
    <p class='ocr_par' dir='ltr' id='par_1_131' title="bbox 2333 4129 3939 4210">
     <span class='ocr_line' id='line_1_134' title="bbox 2333 4129 3939 4210; baseline -0.002 -23"><span class='ocrx_word' id='word_1_968' title='bbox 2333 4129 3043 4210; x_wconf 46' lang='lat' dir='ltr'><strong>“mxumiinterpretatur.</strong></span> <span class='ocrx_word' id='word_1_969' title='bbox 3078 4135 3133 4189; x_wconf 82' lang='lat' dir='ltr'><strong>Ii</strong></span> <span class='ocrx_word' id='word_1_970' title='bbox 3166 4135 3300 4190; x_wconf 62' lang='lat' dir='ltr'><strong>Cird.</strong></span> <span class='ocrx_word' id='word_1_971' title='bbox 3332 4134 3672 4210; x_wconf 79' lang='lat' dir='ltr'><strong>Tltet_id._leg.</strong></span> <span class='ocrx_word' id='word_1_972' title='bbox 3701 4129 3832 4210; x_wconf 17' lang='lat' dir='ltr'><strong>7l_2_t,</strong></span> <span class='ocrx_word' id='word_1_973' title='bbox 3860 4132 3939 4210; x_wconf 78' lang='lat' dir='ltr'><strong>_dc</strong></span> 
     </span>
    </p>
   </div>
   <div class='ocr_carea' id='block_1_132' title="bbox 2339 4201 3941 4276">
    <p class='ocr_par' dir='ltr' id='par_1_132' title="bbox 2339 4201 3941 4276">
     <span class='ocr_line' id='line_1_135' title="bbox 2339 4201 3941 4276; baseline -0.006 -15"><span class='ocrx_word' id='word_1_974' title='bbox 2339 4201 2624 4261; x_wconf 81' lang='lat' dir='ltr'><strong>Deeurion.</strong></span> <span class='ocrx_word' id='word_1_975' title='bbox 2654 4201 2962 4271; x_wconf 64' lang='lat' dir='ltr'><strong>CXOI‘CISIJ‘,</strong></span> <span class='ocrx_word' id='word_1_976' title='bbox 2996 4215 3267 4276; x_wconf 86' lang='lat' dir='ltr'><strong>tamquam</strong></span> <span class='ocrx_word' id='word_1_977' title='bbox 3294 4207 3591 4275; x_wconf 86' lang='lat' dir='ltr'><strong>superioris</strong></span> <span class='ocrx_word' id='word_1_978' title='bbox 3624 4201 3941 4276; x_wconf 74' lang='lat' dir='ltr'><strong>ineriticle—</strong></span> 
     </span>
    </p>
   </div>
   <div class='ocr_carea' id='block_1_133' title="bbox 2337 4273 3941 4345">
    <p class='ocr_par' dir='ltr' id='par_1_133' title="bbox 2337 4273 3941 4345">
     <span class='ocr_line' id='line_1_136' title="bbox 2337 4273 3941 4345; baseline -0.005 -14"><span class='ocrx_word' id='word_1_979' title='bbox 2337 4279 2455 4345; x_wconf 87' lang='lat' dir='ltr'><strong>rici,</strong></span> <span class='ocrx_word' id='word_1_980' title='bbox 2488 4278 2744 4333; x_wconf 89' lang='lat' dir='ltr'><strong>oneribus</strong></span> <span class='ocrx_word' id='word_1_981' title='bbox 2774 4278 3020 4332; x_wconf 80' lang='lat' dir='ltr'><strong>civilibus</strong></span> <span class='ocrx_word' id='word_1_982' title='bbox 3048 4273 3375 4332; x_wconf 75' lang='lat' dir='ltr'><strong>eximuntur.</strong></span> <span class='ocrx_word' id='word_1_983' title='bbox 3429 4275 3679 4331; x_wconf 78' lang='lat' dir='ltr'><strong>Formnla</strong></span> <span class='ocrx_word' id='word_1_984' title='bbox 3726 4273 3941 4345; x_wconf 70' lang='lat' dir='ltr'><strong>nrd&#39;tita-</strong></span> 
     </span>
    </p>
   </div>
   <div class='ocr_carea' id='block_1_134' title="bbox 2340 4342 3942 4424">
    <p class='ocr_par' dir='ltr' id='par_1_134' title="bbox 2340 4342 3942 4424">
     <span class='ocr_line' id='line_1_137' title="bbox 2340 4342 3942 4424; baseline -0.002 -24"><span class='ocrx_word' id='word_1_985' title='bbox 2340 4342 2499 4424; x_wconf 69' lang='lat' dir='ltr'><strong>tionis</strong></span> <span class='ocrx_word' id='word_1_986' title='bbox 2539 4351 2821 4404; x_wconf 75' lang='lat' dir='ltr'><strong>exorcisue</strong></span> <span class='ocrx_word' id='word_1_987' title='bbox 2871 4348 3099 4403; x_wconf 80' lang='lat' dir='ltr'><strong>habetur</strong></span> <span class='ocrx_word' id='word_1_988' title='bbox 3137 4350 3331 4404; x_wconf 88' lang='lat' dir='ltr'><strong>concil.</strong></span> <span class='ocrx_word' id='word_1_989' title='bbox 3372 4347 3627 4424; x_wconf 75' lang='lat' dir='ltr'><strong>carthag.</strong></span> <span class='ocrx_word' id='word_1_990' title='bbox 3660 4360 3741 4424; x_wconf 59' lang='lat' dir='ltr'><strong>tv,</strong></span> <span class='ocrx_word' id='word_1_991' title='bbox 3786 4360 3841 4424; x_wconf 38' lang='lat' dir='ltr'><strong>et</strong></span> <span class='ocrx_word' id='word_1_992' title='bbox 3883 4342 3942 4397; x_wconf 83' lang='lat' dir='ltr'><strong>&#39;i.</strong></span> 
     </span>
    </p>
   </div>
   <div class='ocr_carea' id='block_1_135' title="bbox 2336 4416 3944 4489">
    <p class='ocr_par' dir='ltr' id='par_1_135' title="bbox 2336 4416 3944 4489">
     <span class='ocr_line' id='line_1_138' title="bbox 2336 4416 3944 4489; baseline -0.006 -14"><span class='ocrx_word' id='word_1_993' title='bbox 2336 4420 2505 4476; x_wconf 90' lang='lat' dir='ltr'><strong>Porro</strong></span> <span class='ocrx_word' id='word_1_994' title='bbox 2543 4436 2765 4474; x_wconf 70' lang='lat' dir='ltr'><strong>munere</strong></span> <span class='ocrx_word' id='word_1_995' title='bbox 2790 4432 2893 4475; x_wconf 88' lang='lat' dir='ltr'><strong>noc</strong></span> <span class='ocrx_word' id='word_1_996' title='bbox 2919 4435 3022 4473; x_wconf 88' lang='lat' dir='ltr'><strong>non</strong></span> <span class='ocrx_word' id='word_1_997' title='bbox 3049 4431 3254 4474; x_wconf 84' lang='lat' dir='ltr'><strong>tantum</strong></span> <span class='ocrx_word' id='word_1_998' title='bbox 3290 4416 3743 4489; x_wconf 49' lang='lat' dir='ltr'><strong>presbyter-used</strong></span> <span class='ocrx_word' id='word_1_999' title='bbox 3774 4416 3944 4469; x_wconf 87' lang='lat' dir='ltr'><strong>etiam</strong></span> 
     </span>
    </p>
   </div>
   <div class='ocr_carea' id='block_1_136' title="bbox 2340 4488 3951 4561">
    <p class='ocr_par' dir='ltr' id='par_1_136' title="bbox 2340 4488 3951 4561">
     <span class='ocr_line' id='line_1_139' title="bbox 2340 4488 3951 4561; baseline -0.004 -16"><span class='ocrx_word' id='word_1_1000' title='bbox 2340 4492 2440 4560; x_wconf 92' lang='lat' dir='ltr'><strong>ipsi</strong></span> <span class='ocrx_word' id='word_1_1001' title='bbox 2464 4491 2703 4560; x_wconf 81' lang='lat' dir='ltr'><strong>episcOpi</strong></span> <span class='ocrx_word' id='word_1_1002' title='bbox 2734 4491 2855 4544; x_wconf 75' lang='lat' dir='ltr'><strong>data</strong></span> <span class='ocrx_word' id='word_1_1003' title='bbox 2884 4494 3171 4547; x_wconf 88' lang='lat' dir='ltr'><strong>occasione</strong></span> <span class='ocrx_word' id='word_1_1004' title='bbox 3200 4488 3579 4561; x_wconf 75' lang='lat' dir='ltr'><strong>fungebantur;</strong></span> <span class='ocrx_word' id='word_1_1005' title='bbox 3607 4488 3951 4561; x_wconf 36' lang='lat' dir='ltr'><strong>dedmbro-</strong></span> 
     </span>
    </p>
   </div>
   <div class='ocr_carea' id='block_1_137' title="bbox 2265 4557 3951 4654">
    <p class='ocr_par' dir='ltr' id='par_1_137' title="bbox 2265 4557 3951 4654">
     <span class='ocr_line' id='line_1_140' title="bbox 2265 4557 3951 4654; baseline -0.004 -39"><span class='ocrx_word' id='word_1_1006' title='bbox 2265 4594 2314 4654; x_wconf 71' lang='grc' dir='ltr'><strong>Ι)</strong></span> <span class='ocrx_word' id='word_1_1007' title='bbox 2343 4557 2425 4654; x_wconf 57' lang='lat' dir='ltr'><strong>sile</strong></span> <span class='ocrx_word' id='word_1_1008' title='bbox 2469 4557 2518 4616; x_wconf 87' lang='lat' dir='ltr'><strong>id</strong></span> <span class='ocrx_word' id='word_1_1009' title='bbox 2564 4557 2732 4617; x_wconf 71' lang='lat' dir='ltr'><strong>refert</strong></span> <span class='ocrx_word' id='word_1_1010' title='bbox 2763 4561 3050 4630; x_wconf 87' lang='lat' dir='ltr'><strong>Paulinus,</strong></span> <span class='ocrx_word' id='word_1_1011' title='bbox 3093 4562 3161 4617; x_wconf 87' lang='lat' dir='ltr'><strong>de</strong></span> <span class='ocrx_word' id='word_1_1012' title='bbox 3212 4557 3508 4633; x_wconf 60' lang='lat' dir='ltr'><strong>Augustino</strong></span> <span class='ocrx_word' id='word_1_1013' title='bbox 3552 4557 3853 4622; x_wconf 79' lang='lat' dir='ltr'><strong>Possidius,</strong></span> <span class='ocrx_word' id='word_1_1014' title='bbox 3891 4566 3951 4611; x_wconf 86' lang='lat' dir='ltr'><strong>ut</strong></span> 
     </span>
    </p>
   </div>
   <div class='ocr_carea' id='block_1_138' title="bbox 2342 4632 2845 4701">
    <p class='ocr_par' dir='ltr' id='par_1_138' title="bbox 2342 4632 2845 4701">
     <span class='ocr_line' id='line_1_141' title="bbox 2342 4632 2845 4701; baseline 0 -15"><span class='ocrx_word' id='word_1_1015' title='bbox 2342 4632 2479 4688; x_wconf 89' lang='lat' dir='ltr'><strong>alios</strong></span> <span class='ocrx_word' id='word_1_1016' title='bbox 2505 4643 2820 4701; x_wconf 72' lang='lat' dir='ltr'><strong>praeteream</strong></span> <span class='ocrx_word' id='word_1_1017' title='bbox 2833 4673 2845 4687; x_wconf 91' lang='lat'><strong>.</strong></span> 
     </span>
    </p>
   </div>
   <div class='ocr_carea' id='block_1_139' title="bbox 2418 4698 3953 4775">
    <p class='ocr_par' dir='ltr' id='par_1_139' title="bbox 2418 4698 3953 4775">
     <span class='ocr_line' id='line_1_142' title="bbox 2418 4698 3953 4775; baseline -0.003 -18"><span class='ocrx_word' id='word_1_1018' title='bbox 2418 4698 2632 4757; x_wconf 72' lang='lat' dir='ltr'><strong>Occulta</strong></span> <span class='ocrx_word' id='word_1_1019' title='bbox 2664 4705 2836 4775; x_wconf 78' lang='lat' dir='ltr'><strong>plaga.</strong></span> <span class='ocrx_word' id='word_1_1020' title='bbox 2890 4703 2966 4757; x_wconf 85' lang='lat' dir='ltr'><strong>Ad</strong></span> <span class='ocrx_word' id='word_1_1021' title='bbox 3020 4704 3228 4758; x_wconf 86' lang='lat' dir='ltr'><strong>Detnel.</strong></span> <span class='ocrx_word' id='word_1_1022' title='bbox 3284 4702 3420 4758; x_wconf 82' lang='lat' dir='ltr'><strong>infra</strong></span> <span class='ocrx_word' id='word_1_1023' title='bbox 3464 4703 3595 4757; x_wconf 82' lang='lat' dir='ltr'><strong>dicit</strong></span> <span class='ocrx_word' id='word_1_1024' title='bbox 3622 4698 3953 4775; x_wconf 74' lang='lat' dir='ltr'><strong>spiritalibus</strong></span> 
     </span>
    </p>
   </div>
   <div class='ocr_carea' id='block_1_140' title="bbox 2341 4769 3953 4845">
    <p class='ocr_par' dir='ltr' id='par_1_140' title="bbox 2341 4769 3953 4845">
     <span class='ocr_line' id='line_1_143' title="bbox 2341 4769 3953 4845; baseline -0.002 -18"><span class='ocrx_word' id='word_1_1025' title='bbox 2341 4776 2520 4845; x_wconf 77' lang='lat' dir='ltr'><strong>ﬂagris</strong></span> <span class='ocrx_word' id='word_1_1026' title='bbox 2558 4786 2612 4828; x_wconf 91' lang='lat' dir='ltr'><strong>ct</strong></span> <span class='ocrx_word' id='word_1_1027' title='bbox 2656 4769 2723 4830; x_wconf 91' lang='lat' dir='ltr'><strong>de</strong></span> <span class='ocrx_word' id='word_1_1028' title='bbox 2756 4769 3013 4829; x_wconf 47' lang='lat' dir='ltr'><strong>&#39;Idololat.</strong></span> <span class='ocrx_word' id='word_1_1029' title='bbox 3063 4775 3355 4844; x_wconf 86' lang='lat' dir='ltr'><strong>operatione</strong></span> <span class='ocrx_word' id='word_1_1030' title='bbox 3406 4774 3683 4843; x_wconf 82' lang='lat' dir='ltr'><strong>majestatis</strong></span> <span class='ocrx_word' id='word_1_1031' title='bbox 3728 4769 3953 4845; x_wconf 73' lang='lat' dir='ltr'><strong>occulta:</strong></span> 
     </span>
    </p>
   </div>
   <div class='ocr_carea' id='block_1_141' title="bbox 2340 4842 3955 4916">
    <p class='ocr_par' dir='ltr' id='par_1_141' title="bbox 2340 4842 3955 4916">
     <span class='ocr_line' id='line_1_144' title="bbox 2340 4842 3955 4916; baseline -0.002 -18"><span class='ocrx_word' id='word_1_1032' title='bbox 2340 4842 2521 4916; x_wconf 67' lang='lat' dir='ltr'><strong>flagris</strong></span> <span class='ocrx_word' id='word_1_1033' title='bbox 2548 4846 2696 4900; x_wconf 66' lang='lat' dir='ltr'><strong>credi.</strong></span> <span class='ocrx_word' id='word_1_1034' title='bbox 2728 4845 2803 4899; x_wconf 89' lang='lat' dir='ltr'><strong>Ita</strong></span> <span class='ocrx_word' id='word_1_1035' title='bbox 2834 4848 2994 4899; x_wconf 86' lang='lat' dir='ltr'><strong>etiam</strong></span> <span class='ocrx_word' id='word_1_1036' title='bbox 3027 4842 3220 4915; x_wconf 78' lang='lat' dir='ltr'><strong>Minue.</strong></span> <span class='ocrx_word' id='word_1_1037' title='bbox 3252 4846 3367 4900; x_wconf 75' lang='lat' dir='ltr'><strong>Fel.</strong></span> <span class='ocrx_word' id='word_1_1038' title='bbox 3397 4842 3637 4912; x_wconf 69' lang='lat' dir='ltr'><strong>Adinrati</strong></span> <span class='ocrx_word' id='word_1_1039' title='bbox 3668 4859 3761 4912; x_wconf 86' lang='lat' dir='ltr'><strong>per</strong></span> <span class='ocrx_word' id='word_1_1040' title='bbox 3785 4842 3955 4895; x_wconf 78' lang='lat' dir='ltr'><strong>Deum</strong></span> 
     </span>
    </p>
   </div>
   <div class='ocr_carea' id='block_1_142' title="bbox 2342 4916 3948 4985">
    <p class='ocr_par' dir='ltr' id='par_1_142' title="bbox 2342 4916 3948 4985">
     <span class='ocr_line' id='line_1_145' title="bbox 2342 4916 3948 4985; baseline -0.006 -13"><span class='ocrx_word' id='word_1_1041' title='bbox 2342 4934 2514 4972; x_wconf 86' lang='lat' dir='ltr'><strong>verum</strong></span> <span class='ocrx_word' id='word_1_1042' title='bbox 2535 4929 2579 4970; x_wconf 88' lang='lat' dir='ltr'><strong>et</strong></span> <span class='ocrx_word' id='word_1_1043' title='bbox 2598 4918 2784 4980; x_wconf 88' lang='lat' dir='ltr'><strong>solum,</strong></span> <span class='ocrx_word' id='word_1_1044' title='bbox 2810 4919 2947 4969; x_wconf 84' lang='lat' dir='ltr'><strong>inviti</strong></span> <span class='ocrx_word' id='word_1_1045' title='bbox 2976 4927 3019 4969; x_wconf 83' lang='lat' dir='ltr'><strong>et</strong></span> <span class='ocrx_word' id='word_1_1046' title='bbox 3042 4918 3212 4970; x_wconf 85' lang='lat' dir='ltr'><strong>miseri</strong></span> <span class='ocrx_word' id='word_1_1047' title='bbox 3237 4918 3532 4985; x_wconf 86' lang='lat' dir='ltr'><strong>corporibus</strong></span> <span class='ocrx_word' id='word_1_1048' title='bbox 3557 4916 3948 4975; x_wconf 79' lang='lat' dir='ltr'><strong>inhorrescunt;</strong></span> 
     </span>
    </p>
   </div>
   <div class='ocr_carea' id='block_1_143' title="bbox 2341 4986 3955 5057">
    <p class='ocr_par' dir='ltr' id='par_1_143' title="bbox 2341 4986 3955 5057">
     <span class='ocr_line' id='line_1_146' title="bbox 2341 4986 3955 5057; baseline -0.002 -18"><span class='ocrx_word' id='word_1_1049' title='bbox 2341 5000 2388 5039; x_wconf 89' lang='lat' dir='ltr'><strong>et</strong></span> <span class='ocrx_word' id='word_1_1050' title='bbox 2417 4988 2496 5042; x_wconf 85' lang='lat' dir='ltr'><strong>vel</strong></span> <span class='ocrx_word' id='word_1_1051' title='bbox 2542 4990 2757 5042; x_wconf 77' lang='lat' dir='ltr'><strong>exiliunt</strong></span> <span class='ocrx_word' id='word_1_1052' title='bbox 2800 4990 3001 5051; x_wconf 88' lang='lat' dir='ltr'><strong>statim,</strong></span> <span class='ocrx_word' id='word_1_1053' title='bbox 3036 4986 3113 5040; x_wconf 85' lang='lat' dir='ltr'><strong>vel</strong></span> <span class='ocrx_word' id='word_1_1054' title='bbox 3139 4998 3439 5042; x_wconf 84' lang='lat' dir='ltr'><strong>evanescunt</strong></span> <span class='ocrx_word' id='word_1_1055' title='bbox 3467 4987 3722 5057; x_wconf 83' lang='lat' dir='ltr'><strong>gradatim</strong></span> <span class='ocrx_word' id='word_1_1056' title='bbox 3750 5025 3764 5041; x_wconf 85' lang='lat'><strong>,</strong></span> <span class='ocrx_word' id='word_1_1057' title='bbox 3796 4994 3955 5049; x_wconf 81' lang='lat' dir='ltr'><strong>prout</strong></span> 
     </span>
    </p>
   </div>
   <div class='ocr_carea' id='block_1_144' title="bbox 2343 5059 3799 5129">
    <p class='ocr_par' dir='ltr' id='par_1_144' title="bbox 2343 5059 3799 5129">
     <span class='ocr_line' id='line_1_147' title="bbox 2343 5059 3799 5129; baseline -0.004 -17"><span class='ocrx_word' id='word_1_1058' title='bbox 2343 5059 2470 5128; x_wconf 77' lang='lat' dir='ltr'><strong>ﬁdes</strong></span> <span class='ocrx_word' id='word_1_1059' title='bbox 2495 5060 2732 5128; x_wconf 86' lang='lat' dir='ltr'><strong>patientis</strong></span> <span class='ocrx_word' id='word_1_1060' title='bbox 2757 5060 2989 5127; x_wconf 67' lang='lat' dir='ltr'><strong>adjuvat,</strong></span> <span class='ocrx_word' id='word_1_1061' title='bbox 3017 5069 3103 5111; x_wconf 89' lang='lat' dir='ltr'><strong>aut</strong></span> <span class='ocrx_word' id='word_1_1062' title='bbox 3129 5061 3295 5129; x_wconf 84' lang='lat' dir='ltr'><strong>gratia</strong></span> <span class='ocrx_word' id='word_1_1063' title='bbox 3325 5059 3551 5111; x_wconf 85' lang='lat' dir='ltr'><strong>curantis</strong></span> <span class='ocrx_word' id='word_1_1064' title='bbox 3581 5059 3799 5125; x_wconf 85' lang='lat' dir='ltr'><strong>aspirat.</strong></span> 
     </span>
    </p>
   </div>
   <div class='ocr_carea' id='block_1_145' title="bbox 2419 5147 3955 5220">
    <p class='ocr_par' dir='ltr' id='par_1_145' title="bbox 2419 5147 3955 5220">
     <span class='ocr_line' id='line_1_148' title="bbox 2419 5147 3955 5220; baseline -0.003 -18"><span class='ocrx_word' id='word_1_1065' title='bbox 2419 5148 2530 5204; x_wconf 85' lang='lat' dir='ltr'><strong>Nec</strong></span> <span class='ocrx_word' id='word_1_1066' title='bbox 2559 5150 2681 5202; x_wconf 89' lang='lat' dir='ltr'><strong>dum</strong></span> <span class='ocrx_word' id='word_1_1067' title='bbox 2707 5166 2895 5220; x_wconf 86' lang='lat' dir='ltr'><strong>corpus</strong></span> <span class='ocrx_word' id='word_1_1068' title='bbox 2911 5159 2957 5202; x_wconf 91' lang='lat' dir='ltr'><strong>et</strong></span> <span class='ocrx_word' id='word_1_1069' title='bbox 2975 5149 3216 5204; x_wconf 86' lang='lat' dir='ltr'><strong>membra.</strong></span> <span class='ocrx_word' id='word_1_1070' title='bbox 3242 5149 3451 5204; x_wconf 89' lang='lat' dir='ltr'><strong>Interea</strong></span> <span class='ocrx_word' id='word_1_1071' title='bbox 3483 5148 3745 5218; x_wconf 88' lang='lat' dir='ltr'><strong>temporis</strong></span> <span class='ocrx_word' id='word_1_1072' title='bbox 3771 5147 3955 5220; x_wconf 77' lang='lat' dir='ltr'><strong>prius-</strong></span> 
     </span>
    </p>
   </div>
   <div class='ocr_carea' id='block_1_146' title="bbox 2343 5217 3955 5290">
    <p class='ocr_par' dir='ltr' id='par_1_146' title="bbox 2343 5217 3955 5290">
     <span class='ocr_line' id='line_1_149' title="bbox 2343 5217 3955 5290; baseline -0.001 -17"><span class='ocrx_word' id='word_1_1073' title='bbox 2343 5238 2500 5290; x_wconf 83' lang='lat' dir='ltr'><strong>quam</strong></span> <span class='ocrx_word' id='word_1_1074' title='bbox 2546 5217 2886 5275; x_wconf 81' lang='lat' dir='ltr'><strong>tnntavuinis.</strong></span> <span class='ocrx_word' id='word_1_1075' title='bbox 2919 5221 3066 5275; x_wconf 82' lang='lat' dir='ltr'><strong>Licet</strong></span> <span class='ocrx_word' id='word_1_1076' title='bbox 3103 5223 3348 5289; x_wconf 76' lang='lat' dir='ltr'><strong>Corporis</strong></span> <span class='ocrx_word' id='word_1_1077' title='bbox 3371 5221 3579 5274; x_wconf 88' lang='lat' dir='ltr'><strong>sarcina</strong></span> <span class='ocrx_word' id='word_1_1078' title='bbox 3604 5217 3812 5288; x_wconf 74' lang='lat' dir='ltr'><strong>gravati</strong></span> <span class='ocrx_word' id='word_1_1079' title='bbox 3847 5217 3955 5271; x_wconf 69' lang='lat' dir='ltr'><strong>ad-</strong></span> 
     </span>
    </p>
   </div>
   <div class='ocr_carea' id='block_1_147' title="bbox 2345 5292 3951 5361">
    <p class='ocr_par' dir='ltr' id='par_1_147' title="bbox 2345 5292 3951 5361">
     <span class='ocr_line' id='line_1_150' title="bbox 2345 5292 3951 5361; baseline -0.002 -15"><span class='ocrx_word' id='word_1_1080' title='bbox 2345 5292 2449 5346; x_wconf 87' lang='lat' dir='ltr'><strong>hue</strong></span> <span class='ocrx_word' id='word_1_1081' title='bbox 2473 5294 2660 5351; x_wconf 86' lang='lat' dir='ltr'><strong>simus,</strong></span> <span class='ocrx_word' id='word_1_1082' title='bbox 2693 5309 2801 5346; x_wconf 86' lang='lat' dir='ltr'><strong>non</strong></span> <span class='ocrx_word' id='word_1_1083' title='bbox 2834 5303 3011 5346; x_wconf 83' lang='lat' dir='ltr'><strong>tamen</strong></span> <span class='ocrx_word' id='word_1_1084' title='bbox 3043 5307 3259 5361; x_wconf 85' lang='lat' dir='ltr'><strong>prorsus</strong></span> <span class='ocrx_word' id='word_1_1085' title='bbox 3288 5293 3470 5346; x_wconf 60' lang='lat' dir='ltr'><strong>saeculi</strong></span> <span class='ocrx_word' id='word_1_1086' title='bbox 3500 5293 3639 5347; x_wconf 83' lang='lat' dir='ltr'><strong>nube</strong></span> <span class='ocrx_word' id='word_1_1087' title='bbox 3654 5304 3951 5361; x_wconf 77' lang='lat' dir='ltr'><strong>ea-cauiur.</strong></span> 
     </span>
    </p>
   </div>
   <div class='ocr_carea' id='block_1_148' title="bbox 2347 5360 3951 5433">
    <p class='ocr_par' dir='ltr' id='par_1_148' title="bbox 2347 5360 3951 5433">
     <span class='ocr_line' id='line_1_151' title="bbox 2347 5360 3951 5433; baseline -0.004 -15"><span class='ocrx_word' id='word_1_1088' title='bbox 2347 5365 2581 5419; x_wconf 84' lang='lat' dir='ltr'><strong>Plurima</strong></span> <span class='ocrx_word' id='word_1_1089' title='bbox 2613 5364 2663 5415; x_wconf 89' lang='lat' dir='ltr'><strong>in</strong></span> <span class='ocrx_word' id='word_1_1090' title='bbox 2694 5365 2928 5418; x_wconf 82' lang='lat' dir='ltr'><strong>futurum</strong></span> <span class='ocrx_word' id='word_1_1091' title='bbox 2957 5360 3186 5433; x_wconf 82' lang='lat' dir='ltr'><strong>spondet</strong></span> <span class='ocrx_word' id='word_1_1092' title='bbox 3214 5362 3307 5429; x_wconf 87' lang='lat' dir='ltr'><strong>Sp.</strong></span> <span class='ocrx_word' id='word_1_1093' title='bbox 3339 5374 3577 5424; x_wconf 66' lang='lat' dir='ltr'><strong>&#39;ctlllclus,</strong></span> <span class='ocrx_word' id='word_1_1094' title='bbox 3606 5360 3701 5414; x_wconf 85' lang='lat' dir='ltr'><strong>sed</strong></span> <span class='ocrx_word' id='word_1_1095' title='bbox 3735 5370 3793 5433; x_wconf 75' lang='lat' dir='ltr'><strong>et</strong></span> <span class='ocrx_word' id='word_1_1096' title='bbox 3824 5362 3951 5427; x_wconf 83' lang='lat' dir='ltr'><strong>plu-</strong></span> 
     </span>
    </p>
   </div>
   <div class='ocr_carea' id='block_1_149' title="bbox 2346 5431 3947 5503">
    <p class='ocr_par' dir='ltr' id='par_1_149' title="bbox 2346 5431 3947 5503">
     <span class='ocr_line' id='line_1_152' title="bbox 2346 5431 3947 5503; baseline -0.004 -14"><span class='ocrx_word' id='word_1_1097' title='bbox 2346 5435 2482 5489; x_wconf 85' lang='lat' dir='ltr'><strong>rima</strong></span> <span class='ocrx_word' id='word_1_1098' title='bbox 2506 5444 2875 5503; x_wconf 69' lang='lat' dir='ltr'><strong>repra-seutat.</strong></span> <span class='ocrx_word' id='word_1_1099' title='bbox 2909 5431 3198 5503; x_wconf 64' lang='grc' dir='ltr'>ὃμέψειιηιιε</span> <span class='ocrx_word' id='word_1_1100' title='bbox 3219 5434 3457 5502; x_wconf 83' lang='lat' dir='ltr'><strong>quidem,</strong></span> <span class='ocrx_word' id='word_1_1101' title='bbox 3485 5435 3578 5488; x_wconf 90' lang='lat' dir='ltr'><strong>sed</strong></span> <span class='ocrx_word' id='word_1_1102' title='bbox 3602 5444 3655 5486; x_wconf 88' lang='lat' dir='ltr'><strong>et</strong></span> <span class='ocrx_word' id='word_1_1103' title='bbox 3681 5431 3947 5501; x_wconf 61' lang='lat' dir='ltr'><strong>patimur.</strong></span> 
     </span>
    </p>
   </div>
   <div class='ocr_carea' id='block_1_150' title="bbox 2420 5525 3956 5597">
    <p class='ocr_par' dir='ltr' id='par_1_150' title="bbox 2420 5525 3956 5597">
     <span class='ocr_line' id='line_1_153' title="bbox 2420 5525 3956 5597; baseline -0.001 -16"><span class='ocrx_word' id='word_1_1104' title='bbox 2420 5527 2486 5581; x_wconf 83' lang='lat' dir='ltr'><strong>V.</strong></span> <span class='ocrx_word' id='word_1_1105' title='bbox 2514 5525 2661 5581; x_wconf 88' lang='lat' dir='ltr'><strong>Bella</strong></span> <span class='ocrx_word' id='word_1_1106' title='bbox 2706 5526 2884 5597; x_wconf 87' lang='lat' dir='ltr'><strong>ubique</strong></span> <span class='ocrx_word' id='word_1_1107' title='bbox 2906 5527 3090 5580; x_wconf 88' lang='lat' dir='ltr'><strong>divisa.</strong></span> <span class='ocrx_word' id='word_1_1108' title='bbox 3123 5525 3265 5581; x_wconf 78' lang='lat' dir='ltr'><strong>Infra</strong></span> <span class='ocrx_word' id='word_1_1109' title='bbox 3290 5528 3384 5594; x_wconf 90' lang='lat' dir='ltr'><strong>ait,</strong></span> <span class='ocrx_word' id='word_1_1110' title='bbox 3412 5537 3522 5596; x_wconf 86' lang='lat' dir='ltr'><strong>post</strong></span> <span class='ocrx_word' id='word_1_1111' title='bbox 3549 5526 3808 5597; x_wconf 80' lang='lat' dir='ltr'><strong>dispersas</strong></span> <span class='ocrx_word' id='word_1_1112' title='bbox 3832 5526 3956 5580; x_wconf 74' lang='lat' dir='ltr'><strong>orbe</strong></span> 
     </span>
    </p>
   </div>
   <div class='ocr_carea' id='block_1_151' title="bbox 2349 5597 3036 5669">
    <p class='ocr_par' dir='ltr' id='par_1_151' title="bbox 2349 5597 3036 5669">
     <span class='ocr_line' id='line_1_154' title="bbox 2349 5597 3036 5669; baseline -0.004 -17"><span class='ocrx_word' id='word_1_1113' title='bbox 2349 5609 2453 5653; x_wconf 88' lang='lat' dir='ltr'><strong>toto</strong></span> <span class='ocrx_word' id='word_1_1114' title='bbox 2482 5597 2789 5669; x_wconf 80' lang='lat' dir='ltr'><strong>multiplices</strong></span> <span class='ocrx_word' id='word_1_1115' title='bbox 2818 5615 3036 5669; x_wconf 85' lang='lat' dir='ltr'><strong>pugnas.</strong></span> 
     </span>
    </p>
   </div>
   <div class='ocr_carea' id='block_1_152' title="bbox 2425 5667 3952 5739">
    <p class='ocr_par' dir='ltr' id='par_1_152' title="bbox 2425 5667 3952 5739">
     <span class='ocr_line' id='line_1_155' title="bbox 2425 5667 3952 5739; baseline -0.001 -17"><span class='ocrx_word' id='word_1_1116' title='bbox 2425 5669 2508 5722; x_wconf 83' lang='lat' dir='ltr'><strong>VI.</strong></span> <span class='ocrx_word' id='word_1_1117' title='bbox 2539 5667 2793 5737; x_wconf 87' lang='lat' dir='ltr'><strong>Impletur</strong></span> <span class='ocrx_word' id='word_1_1118' title='bbox 2820 5667 2902 5723; x_wconf 17' lang='lat' dir='ltr'><strong>Vin’</strong></span> <span class='ocrx_word' id='word_1_1119' title='bbox 2948 5685 3176 5724; x_wconf 84' lang='lat' dir='ltr'><strong>saccum.</strong></span> <span class='ocrx_word' id='word_1_1120' title='bbox 3223 5668 3364 5727; x_wconf 85' lang='lat' dir='ltr'><strong>Edit.</strong></span> <span class='ocrx_word' id='word_1_1121' title='bbox 3396 5668 3611 5739; x_wconf 87' lang='lat' dir='ltr'><strong>Spiren.</strong></span> <span class='ocrx_word' id='word_1_1122' title='bbox 3662 5678 3718 5723; x_wconf 92' lang='lat' dir='ltr'><strong>et</strong></span> <span class='ocrx_word' id='word_1_1123' title='bbox 3756 5667 3952 5722; x_wconf 80' lang='lat' dir='ltr'><strong>Remb.</strong></span> 
     </span>
    </p>
   </div>
   <div class='ocr_carea' id='block_1_153' title="bbox 2352 5739 3955 5812">
    <p class='ocr_par' dir='ltr' id='par_1_153' title="bbox 2352 5739 3955 5812">
     <span class='ocr_line' id='line_1_156' title="bbox 2352 5739 3955 5812; baseline -0.003 -16"><span class='ocrx_word' id='word_1_1124' title='bbox 2352 5742 2560 5811; x_wconf 79' lang='lat' dir='ltr'><strong>legunt,</strong></span> <span class='ocrx_word' id='word_1_1125' title='bbox 2593 5739 2850 5808; x_wconf 87' lang='lat' dir='ltr'><strong>lmplctar</strong></span> <span class='ocrx_word' id='word_1_1126' title='bbox 2889 5742 2943 5794; x_wconf 88' lang='lat' dir='ltr'><strong>in</strong></span> <span class='ocrx_word' id='word_1_1127' title='bbox 2972 5742 3163 5795; x_wconf 88' lang='lat' dir='ltr'><strong>siccum</strong></span> <span class='ocrx_word' id='word_1_1128' title='bbox 3189 5741 3313 5794; x_wconf 86' lang='lat' dir='ltr'><strong>cibis</strong></span> <span class='ocrx_word' id='word_1_1129' title='bbox 3342 5742 3639 5812; x_wconf 65' lang='lat' dir='ltr'><strong>fortioribus</strong></span> <span class='ocrx_word' id='word_1_1130' title='bbox 3662 5756 3877 5809; x_wconf 88' lang='lat' dir='ltr'><strong>corpus,</strong></span> <span class='ocrx_word' id='word_1_1131' title='bbox 3908 5750 3955 5812; x_wconf 71' lang='lat' dir='ltr'><strong>et</strong></span> 
     </span>
    </p>
   </div>
   <div class='ocr_carea' id='block_1_154' title="bbox 2355 5810 3956 5884">
    <p class='ocr_par' dir='ltr' id='par_1_154' title="bbox 2355 5810 3956 5884">
     <span class='ocr_line' id='line_1_157' title="bbox 2355 5810 3956 5884; baseline -0.002 -18"><span class='ocrx_word' id='word_1_1132' title='bbox 2355 5810 2548 5867; x_wconf 70' lang='lat' dir='ltr'><strong>arvinte</strong></span> <span class='ocrx_word' id='word_1_1133' title='bbox 2585 5813 2737 5869; x_wconf 83' lang='lat' dir='ltr'><strong>roris.</strong></span> <span class='ocrx_word' id='word_1_1134' title='bbox 2774 5815 2949 5884; x_wconf 84' lang='lat' dir='ltr'><strong>Atque</strong></span> <span class='ocrx_word' id='word_1_1135' title='bbox 2977 5817 3181 5868; x_wconf 76' lang='lat' dir='ltr'><strong>utinam</strong></span> <span class='ocrx_word' id='word_1_1136' title='bbox 3217 5813 3307 5866; x_wconf 85' lang='lat' dir='ltr'><strong>alii</strong></span> <span class='ocrx_word' id='word_1_1137' title='bbox 3338 5810 3575 5869; x_wconf 82' lang='lat' dir='ltr'><strong>editores</strong></span> <span class='ocrx_word' id='word_1_1138' title='bbox 3608 5823 3715 5866; x_wconf 88' lang='lat' dir='ltr'><strong>tam</strong></span> <span class='ocrx_word' id='word_1_1139' title='bbox 3747 5810 3956 5882; x_wconf 72' lang='lat' dir='ltr'><strong>simpli~</strong></span> 
     </span>
    </p>
   </div>
  </div>
