4156 6248
649 303 794 364 M59

2093 304 2165 362 Μ.
2203 306 2254 361 J.
2296 303 2533 363 ROUTH

3838 303 3963 361 tuo

646 427 742 499 qui
761 434 887 499 ante
907 424 1186 499 Bahtzium
1216 422 1448 499 'ornavit
1470 434 1623 499 suam
1669 423 1829 499 hujus
1873 422 2044 499 libelli
2068 423 2261 499 editio-
2284 427 2340 490 Α
2363 422 2480 493 ejus
2503 430 2740 479 mentem
2762 423 2817 479 in
2846 422 3085 499 editione
3101 423 3191 477 illa
3208 422 3496 493 posthuma
3518 420 3727 477 Baluzii
3749 428 3868 493 post
3891 436 3967 476 vo-

648 495 801 562 rtam,
823 496 1055 552 Jacobus
1081 496 1409 562 Gronovius,
1434 495 1608 565 posito
1635 511 1703 549 an
1726 498 1792 550 sit
1811 504 1859 550 et
1881 495 1996 560 hoc,
2026 512 2121 564 pro
2146 497 2262 550 vul-

652 579 800 641 gato,
826 583 895 622 an
943 578 1037 624 stet
1058 569 1213 641 jure.
1250 568 1598 641 Firmantque
1647 566 1783 622 hanc
1826 567 2261 641 emendationem

648 639 953 711 neglectam
993 654 1025 695 ι
1054 639 1293 705 Baluzio,
1322 641 1366 694 si
1399 640 1836 711 modo_umquam
1866 641 2076 711 venerit
2104 654 2167 694 ea
2192 640 2262 695 ad

648 708 897 782 noiitiam
945 712 1104 781 ejus,
1154 712 1369 767 codices
1406 711 1514 765 duo
1558 708 1807 782 Cypriani
1859 710 1999 780 apud
2055 710 2261 766 Novutn

649 781 949 851 Collegium
983 785 1034 837 iu
1061 783 1271 839 Oxonio
1300 781 1628 843 conservati.
1651 782 1940 837 numerisi
1965 792 2015 837 et
2041 783 2094 851 5,
2125 799 2152 837 a
2177 797 2263 839 mo

646 854 939 925 designati.
989 855 1176 910 Exstat
1229 858 1281 909 in
1308 854 1498 925 eodem
1539 853 1767 922 collegio
1818 854 1956 907 alius
2002 863 2263 924 prmterea

644 924 903 1009 Cypriani
936 926 1073 1009 liber
1109 926 1376 1009 scriptus;
1409 924 1515 1009 sed_
1545 940 1675 1009 vero
1707 925 1905 1009 nullius
1951 925 2142 1009 ﬂorum
2173 941 2266 1009 co-

648 996 831 1053 dicum
871 998 1129 1052 lectiones
1155 997 1425 1052 variantes
1451 996 1517 1050 ad
1547 998 1686 1051 hunc
1713 997 1928 1067 quidem
1962 999 2105 1067 quod
2142 998 2264 1051 atti-

646 1077 744 1125 net
765 1069 1005 1124 libellum
1036 1070 1088 1123 in
1139 1069 1430 1124 Oxoniensi
1457 1068 1693 1123 editione
1740 1077 2075 1139 comparent.
2122 1070 2265 1123 Con-

647 1141 819 1196 sentit
877 1149 932 1195 et
984 1155 1104 1195 cum
1182 1140 1415 1212 lectione
1487 1139 1844 1212 eniendatiori
1911 1140 2082 1195 codex
2158 1141 2265 1212 Cy-

646 1212 825 1283 priani
853 1220 1028 1268 metus
1046 1228 1113 1267 ex
1138 1211 1463 1268 bibliotheca
1491 1212 1563 1267 cl.
1595 1211 1766 1283 Drury
1787 1226 1927 1267 nunc
1951 1227 1983 1267 a
2013 1228 2100 1269 me
2115 1211 2266 1267 com-

689 1292 890 1339 aratus.

644 1300 890 1355 paratus.

726 1355 855 1411 Car.
880 1354 1214 1427 ll.—Apollo
1230 1356 1445 1410 Admeto
1463 1370 1615 1424 pecus
1630 1354 1786 1425 pavit.
1803 1354 1916 1409 Hoc
1942 1369 2041 1425 pro
2053 1356 2269 1426 vulgato

649 1428 853 1482 Admeti
887 1426 1137 1498 posuerat
1175 1426 1479 1484 Gronovius
1522 1427 1577 1481 in
1621 1427 1733 1496 jam
1779 1427 1917 1481 dicta
1950 1428 2078 1481 edit.
2107 1428 2267 1497 hujus

649 1498 838 1567 libelli,
866 1496 986 1571 quas
1008 1496 1241 1554 Minucio
1262 1499 1427 1571 Felici
1447 1498 1672 1571 adjecta.
1697 1513 1841 1571 anno
1864 1498 2026 1571 1795,
2050 1496 2267 1555 circiter

649 1570 836 1643 viginti
884 1569 1064 1643 annos
1102 1581 1225 1626 ante
1271 1570 1525 1643 Cypriani
1580 1569 2265 1643 editionem_Baluzianam

647 1640 870 1712 prodiit.
912 1640 1338 1713 Suﬂ‘ragantihus
1391 1642 1549 1696 dictis
1606 1641 1837 1713 duobus
1878 1640 2013 1696 Novi
2042 1643 2267 1712 Collegii

648 1729 785 1770 mss.
816 1713 955 1769 hanc
987 1712 1192 1784 praetuli
1252 1714 1561 1784 lectionem.
1602 1712 1941 1783 Ubicumque
1979 1724 2157 1769 autem
2198 1715 2267 1769 ab

650 1786 889 1841 editione
922 1783 1008 1841 illa
1041 1786 1240 1840 Baluzii
1275 1787 1328 1839 in
1358 1785 1439 1839 his
1475 1783 1731 1855 Cypriani
1774 1784 2050 1852 opusculis
2091 1784 2267 1841 disce-

650 1857 797 1922 dam,
824 1858 877 1912 id
921 1872 1070 1922 vero,
1118 1866 1273 1927 prout
1301 1857 1409 1925 jam
1446 1857 1547 1910 feci
1594 1855 1649 1910 in
1690 1855 1988 1909 Firmiliani
2015 1856 2263 1925 epistola,

649 1943 916 1999 nusquam
959 1944 1065 1983 non
1117 1929 1468 1983 adnotaturus
1499 1941 1640 1994 sum,
1672 1941 1798 1981 raro
1847 1927 1973 1982 alibi
2014 1928 2265 1986 lectionis

649 2003 969 2055 varietatem
998 1999 1292 2054 adducens.

724 2068 859 2125 Inde
904 2071 1089 2141 falcem
1132 2073 1298 2141 ferens
1353 2069 1599 2140 pingitur.
1633 2066 1807 2138 Vulgo
1851 2070 2065 2125 additur
2111 2088 2264 2127 senes:

649 2150 777 2211 post
824 2146 995 2267 grens
1016 2184 1029 2206 ,
1055 2144 1197 2213 quod
1226 2143 1278 2196 in
1307 2142 1438 2197 edit.
1466 2156 1561 2195 sua
1593 2149 1741 2196 recte
1768 2142 2024 2198 omiserat
2053 2143 2264 2200 Gronoo

649 2211 792 2266 vius.
869 2215 1036 2267 rimus
1066 2228 1251 2267 vocem
1284 2213 1489 2267 recepit
1516 2212 1784 2266 Pamelius
1835 2227 1899 2267 ex
1955 2228 2057 2267 ms.
2103 2214 2264 2267 Cam-

648 2211 792 2266 vius.
824 2211 1036 2269 Primus
1066 2211 1251 2269 vocem
1284 2213 1489 2282 recepit
1516 2212 1784 2266 Pamelius
1835 2227 1899 2267 ex
1955 2228 2057 2269 ms.
2103 2214 2264 2270 Cam-

647 2282 900 2351 bonensi,
947 2284 1042 2340 sed
1092 2286 1340 2340 nesciunt
1366 2299 1485 2338 eum
1512 2293 1743 2354 quatuor
1786 2283 2000 2340 codices
2031 2288 2083 2340 in
2126 2287 2257 2342 edit.

650 2353 825 2410 Oxon.
860 2355 1095 2419 adducti,
1128 2364 1322 2428 prmter
1349 2365 1457 2410 tres
1487 2353 1608 2410 illus
1631 2354 1766 2409 Novi
1816 2355 2026 2427 collegii
2055 2368 2223 2414 mstos
2243 2401 2258 2428 ,

647 2441 937 2498 meumque
966 2428 1205 2482 codicem
1233 2427 1345 2496 jam
1372 2442 1532 2496 supra
1562 2434 1915 2481 memoratum
1940 2467 1953 2492 ,
1988 2429 2114 2483 olim
2157 2427 2261 2487 Te?-

648 2507 987 2554 wateranum
1021 2543 1035 2566 ,
1092 2509 1149 2555 et
1202 2499 1595 2554 vetustissimas
1652 2498 1904 2568 Cypriani
1970 2499 2254 2558 editiones.

647 2569 991 2642 Quapropter
1055 2585 1242 2627 vocem
1292 2569 1636 2642 praetermisi.
1682 2568 1834 2624 Nunc
1886 2570 2086 2628 addere
2132 2574 2260 2629 licet

647 2640 786 2712 duos
864 2641 1081 2698 codices
1161 2640 1501 2709 Drurianos,
1571 2642 1910 2712 alterumque
1982 2643 2112 2699 olim
2183 2646 2252 2701 cl.

646 2711 985 2768 Meermannl
1039 2729 1151 2785 1am
1211 2728 1388 2769 meum
1415 2755 1431 2780 ,
1482 2711 1833 2770 duodecimo
1880 2714 2079 2771 saeculo
2123 2717 2259 2772 scri-

690 2792 823 2838 tum.

648 2797 1146 2928 fuCTeJllp-Hoc
1165 2856 1238 2911 ita
1258 2872 1365 2911 esse
1383 2855 1698 2928 Alexander.
1724 2855 1871 2928 (Vid.
1894 2857 1951 2928 in
1975 2857 2118 2913 hunc
2146 2859 2253 2915 loc.

648 2925 1016 3003 0xon.__edi_t._
1053 2937 1257 3003 notam,
1287 2928 1377 3003 cui
1420 2928 1553 3003 haec
1578 2925 1774 2982 Routli.
1823 2927 2144 3003 subiunxit).
2180 2931 2257 2987 De

644 2999 889 3074 epiStolis
918 2999 1049 3074 visis
1078 2999 1426 3074 a_Plutarcl_io
1459 2999 1694 3074 aliisque
1730 3000 2000 3074 veteribus
2026 2999 2259 3074 scripto-

643 3070 817 3135 ribus,
844 3086 952 3125 non
998 3070 1066 3126 de
1112 3071 1177 3125 iis
1203 3086 1322 3141 qua:
1371 3070 1529 3126 hodie
1557 3069 2010 3127 circumferuntur
2039 3069 2256 3131 nomine

645 3140 939 3197 Alexandri
972 3140 1259 3212 insignitae,
1293 3144 1406 3197 hcce
1433 3152 1487 3197 et
1514 3142 1664 3212 plura
1696 3144 1973 3197 annotavit
2000 3144 2257 3202 doctissi-

643 3227 767 3285 mus
792 3212 983 3270 Oxonii
1010 3214 1315 3285 episcopus.
1357 3213 1494 3269 Male
1524 3224 1701 3268 autem
1734 3215 2002 3269 omittitur
2037 3228 2155 3285 post
2180 3220 2254 3273 ita

644 3284 870 3339 verbum
902 3300 1024 3350 esse,
1048 3284 1111 3340 et
1141 3284 1260 3354 pest
1298 3286 1475 3340 scribit
1519 3293 1771 3354 punctum
1804 3285 1857 3340 iu
1907 3284 2053 3341 textu
2096 3289 2255 3345 Baiu-

643 3356 822 3436 uiauo,
854 3356 1017 3422 unde,
1044 3366 1099 3411 ut
1125 3356 1255 3411 olim
1285 3358 1488 3425 monui,
1523 3371 1738 3412 errores
1767 3358 1853 3412 isti
1897 3363 2256 3418 transiverant

642 3441 697 3479 ιη
722 3442 923 3480 meum.

716 3494 847 3575 Car.
883 3497 972 3553 lV.
999 3529 1068 3537 —
1098 3497 1409 3575 Meretrices.
1451 3500 1511 3575 lu_
1537 3500 1861 3556 editioaibns
1906 3505 2107 3568 multis,
2132 3520 2252 3575 qua:

644 3567 989 3643 _Bal_uzianatn
1044 3569 1374 3639 praecedunt,
1402 3570 1561 3626 verba
1593 3587 1712 3641 qua:
1761 3586 2059 3643 sequuntur
2097 3567 2253 3631 uncis

643 3639 849 3713 inclusa
888 3649 1264 3713 suntkneque
1314 3639 1677 3713 agnoscuntur
1732 3639 2039 3702 vcl'tribus
2090 3647 2248 3702 codd.

642 3710 857 3783 scriptis
884 3711 1015 3767 Novi
1037 3710 1262 3783 Collegii
1291 3710 1382 3769 aut
1423 3714 1633 3769 duobus
1674 3716 1801 3770 olim
1837 3717 2114 3775 Drurianis
2159 3730 2251 3775 aut

640 3781 1333 3850 Meermaunano;cxstant
1362 3800 1488 3859 vero
1535 3784 1588 3840 iu
1634 3788 1820 3843 codice
1873 3788 2247 3859 Tcwaterano,

644 3868 804 3926 quem
833 3872 993 3926 supra
1023 3856 1465 3911 commemoravi.

722 3924 817 3979 Est
849 3924 913 3979 et‘
954 3926 1121 3982 Venus
1168 3929 1333 3981 calva.
1367 3928 1677 3984 Lactantius
1720 3930 1813 3986 lib.
1863 3948 1879 3986 ι
1917 3930 2033 3986 Div.
2077 3932 2250 3988 Instit.

645 4009 766 4075 gap.
792 3996 864 4075 20_
897 4016 910 4051 :
943 3997 1079 4052 Urbe
1103 4016 1136 4052 a
1176 3998 1340 4075 Gallis
1367 4012 1647 4075 occupata,
1667 4001 1854 4056 obsessi
1898 4005 1949 4055 in
1994 4003 2249 4075 Capitolio

640 4064 1119 4145 BouianiLcumex
1144 4070 1438 4145 mulierum
1472 4064 1673 4142 capillis
1708 4083 1966 4145 tormenta
1992 4064 2252 4145 fecissent,

644 4137 809 4218 ﬁdem
860 4136 1043 4218 Veneri
1073 4140 1229 4218 calva:
1269 4136 1649 4218 consecrarunt.
1677 4142 1858 4218 ‘llunc
1908 4136 2084 4202 locum
2131 4136 2254 4218 post

641 4206 851 4285 Fellum
878 4210 1368 4285 attt_tlit_Balnzius.
1408 4212 1627 4280 Verum,
1659 4213 1789 4269 dum
1845 4217 2026 4285 plures
2073 4206 2251 4276 ca'usze

641 4278 804 4350 hujus
830 4282 1208 4355 appellationis
1229 4284 1297 4337 ab
1337 4278 1647 4340 auctoribus
1674 4278 1989 4355 afferuntur,
2017 4291 2086 4346 ob
2124 4307 2250 4347 cau—

638 4365 759 4406 sam
796 4352 1029 4422 aliquam
1066 4355 1242 4409 miuus
1271 4356 1549 4412 honestam
1582 4358 1653 4414 ita
1680 4368 1923 4415 vocatam
1956 4352 2122 4419 fuisse
2148 4363 2250 4422 Ve-

641 4438 851 4498 ncr_em,
869 4425 973 4498 _l_iic
1005 4427 1176 4498 innuit
1204 4427 1523 4498 Cyprianus.

714 4494 845 4553 CAP.
869 4495 936 4552 V.
969 4528 1040 4537 —
1063 4497 1127 4551 Et
1149 4494 1351 4568 Assyrii
1379 4511 1425 4555 et
1448 4498 1642 4556 Persae.
1671 4499 1804 4556 Cum
1835 4517 1994 4558 voces
2029 4515 2078 4559 et
2108 4506 2250 4563 Medi

2364 504 2532 566 cesiet
2557 505 2739 566 captus
2766 503 2837 550 est
2858 495 3034 549 locata
3064 505 3211 549 sunt.

2436 565 2503 619 Et
2535 582 2593 620 eo
2620 564 2833 637 facilius
2859 578 2905 621 et
2928 566 3180 636 navigavit
3206 577 3251 621 et
3293 566 3431 619 vicit.
3467 564 3799 621 Particulam
3838 578 3883 620 et
3915 567 3961 621 in

2363 636 2656 693 OxonienSi
2684 637 2912 709 aliisque
2938 638 3089 692 editt.
3126 638 3346 692 vocibus
3375 654 3432 691 eo
3462 637 3674 704 [acilius
3703 637 3959 708 praelium

2365 710 2572 764 restitui
2602 708 2835 772 madent
2857 724 2985 765 vero
3013 710 3270 779 particula
3301 718 3423 762 ante
3460 708 3691 763 verbum
3721 710 3965 779 navigavit

2366 781 2418 834 in
2448 779 2635 835 iisdem
2665 781 2816 835 libris
2844 781 3045 835 omissa
3093 791 3196 837 est.
3223 779 3460 851 Utroque
3500 781 3620 836 loco
3641 795 3766 835 eam
3796 795 3965 836 serva-

2366 851 2441 906 vit
2471 851 2641 906 codex
2669 852 2800 907 Novi
2831 853 3075 922 Cullegii,
3103 868 3262 923 quem
3294 854 3513 908 nomino
3533 851 3838 907 secundum
3863 853 3970 913 ;iti-

2366 923 2490 977 dem
2525 938 2627 978 ms.
2658 925 2830 996 Drury
2861 926 3132 979 recentior
3158 924 3281 990 ille;
3309 924 3404 979 sed
3432 925 3631 979 omittit
3659 926 3968 995 particulam

2367 1004 2492 1068 ante
2544 997 2799 1068 navigavit
2845 998 3107 1051 vetustior
3153 997 3272 1067 ejus
3322 1012 3424 1052 ms.
3457 996 3612 1051 aliter
3666 1011 3835 1066 quam
3878 1011 3970 1052 ms.

2368 1067 2660 1121 Mcerman.

2438 1138 2568 1194 CAP.
2598 1139 2682 1212 Vl.
2717 1170 2787 1180 —-
2814 1140 3041 1195 Stultum
3076 1150 3122 1194 et
3152 1140 3471 1212 prodigum.
3499 1137 3787 1195 Creduluns
3833 1139 3977 1194 Balv-

2369 1210 2504 1283 zius,
2545 1211 2633 1282 qui
2658 1211 2797 1268 lianc
2818 1212 3101 1268 lectionem
3124 1210 3339 1283 quidem
3361 1211 3652 1266 faciliorem
3685 1215 3974 1282 praeposuit

2366 1282 2521 1337 alteri
2573 1284 2790 1339 lecti0ni
2850 1282 3155 1355 prodigum,
3192 1300 3353 1355 quam
3395 1292 3678 1355 praestant
3710 1284 3977 1339 editiones

2368 1368 2577 1419 omnes,
2603 1356 2991 1423 praeterGravii
3008 1354 3478 1424 illam,omnesqne
3497 1354 3609 1409 fere
3624 1354 3751 1409 libri
3772 1371 3981 1411 manus-

2369 1426 2546 1498 cripti.
2566 1426 2631 1480 Et
2660 1442 2819 1483 voces
2849 1430 3150 1498 conjunctae
3180 1427 3317 1482 infra
3345 1428 3609 1490 videntur.
3635 1425 3845 1480 Cuncta
3863 1443 3979 1497 pro-

2370 1496 2491 1571 diga
2522 1507 2576 1571 et
2601 1499 2785 1571 stulta,
2817 1496 2986 1569 inquit
3011 1500 3309 1571 Cyprianus
3328 1541 3342 1564 ,
3372 1500 3695 1571 voluptatum
3718 1496 3977 1571 frustras-

2368 1567 2497 1622 tium
2520 1567 2818 1640 depereunt,
2850 1567 2929 1626 De
2948 1567 3131 1640 0p.'et
3156 1568 3435 1637 Eleemos.,
3460 1567 3580 1639 cap.
3602 1570 3697 1625 16.
3716 1570 3780 1624 ln
3803 1572 3977 1627 codice

2369 1649 2551 1713 autem
2603 1656 2726 1697 meo
2777 1659 2947 1713 nuper
2993 1644 3346 1699 Tewaterano
3412 1643 3742 1697 incredulum
3789 1653 3977 1697 exstat.

2370 1709 2885 1787 Perditum_quidem
2915 1731 3012 1786 pro
3040 1715 3310 1787 prodigum
3348 1715 3603 1787 scriptum
3660 1714 3793 1787 olitn
3824 1715 3979 1769 fuisse

2298 1821 2344 1881 Β
2372 1784 2637 1881 ἓῗῗξῗῗίὶ
2646 1784 2937 1881 θξξῇἷΨῬ]
2956 1784 3235 1881 ,ίῗίξῗῖίῖθέξ
3270 1787 3361 1881 ,ίῖζ
3392 1786 3581 1881 ῗέἮῗΪΡ
3608 1785 3837 1881 ,εξρὶιε
3866 1801 3977 1881 5'3"

2373 1857 2563 1925 papqu
2606 1859 2925 1927 perditionis
2948 1875 3009 1911 ac
3036 1860 3234 1923 mortis;
3270 1857 3364 1912 sed
3396 1858 3575 1927 malim
3604 1872 3711 1926 ego
3736 1872 3843 1925 pro
3863 1875 3978 1925 pro-

2366 1927 2546 1997 digum
2583 1926 2845 1997 reponere
2898 1931 3175 2000 proditum.
3203 1929 3392 1984 Cicero
3427 1929 3478 1983 in
3507 1926 3686 1999 Epist.
3737 1930 3812 1981 ad
3838 1930 3976 1982 Atti-

2365 2014 2480 2071 cum
2508 2016 2586 2071 in,
2620 2000 2707 2055 15.
2741 2000 2851 2071 Ego
2878 2002 3143 2071 proditus,
3175 2002 3443 2067 inductus,
3475 2002 3741 2070 conjectus
3762 2001 3818 2053 in
3842 2001 3973 2069 [rau-

2367 2070 2501 2123 dem.
2531 2070 2667 2126 Vide
2694 2070 2982 2127 Forcellini
3014 2072 3189 2128 Lexic.
3220 2073 3272 2127 in
3294 2089 3347 2127 v.

2442 2140 2716 2197 Hostanes.
2747 2143 2951 2200 Plinius
2980 2145 3071 2199 lib.
3124 2160 3229 2199 xxx
3261 2143 3400 2198 Hist.
3434 2143 3565 2198 Nat.
3588 2158 3717 2214 cap.
3748 2143 3791 2197 ἰ
3822 2162 3837 2196 :
3866 2143 3977 2197 Pri-

2366 2228 2497 2277 mus,
2529 2215 2665 2283 quod
2693 2225 2871 2277 ert-stet,
2908 2228 2964 2269 ut
3012 2217 3240 2283 equidem
3266 2217 3487 2282 invenio,
3509 2227 3894 2270 commentatus
3919 2220 3979 2273 de

2364 2299 2424 2337 ea
2450 2284 2669 2360 (magia)
2700 2285 2983 2352 0sthanes,
3007 2284 3233 2342 Xerxem
3285 2304 3454 2360 regem
3506 2287 3796 2360 Persarum
3826 2288 3972 2353 bello,

2364 2357 2500 2423 quod
2531 2357 2575 2410 is
2608 2354 2824 2412 ercias
2845 2360 3042 2426 intulit,
3070 2354 3389 2415 comitatus':
3412 2376 3471 2412 ac
3494 2359 3633 2414 velut
3650 2361 3855 2413 nmina
3887 2378 3978 2413 ar-

2362 2429 2427 2480 tis
2455 2436 2761 2502 portentosae
2786 2434 3052 2501 sparsisse,
3080 2431 3240 2486 obiter
3270 2434 3457 2502 infecto
3483 2447 3813 2501 quacumque
3840 2448 3981 2485 com.

2364 2500 2602 2574 meaverit
2625 2500 2835 2574 mundo.
2863 2502 3227 2574 Diligentiores
3264 2500 3420 2574 paulo
3443 2512 3564 2555 ante
3608 2500 3747 2556 hunc
3778 2517 3977 2572 ponunt

2362 2569 2686 2645 Zoroastrem
2728 2573 2887 2627 alium
2913 2569 3319 2629 Proconnesiu'm
3345 2591 3364 2630 :
3390 2575 3527 2645 quod
3556 2586 3750 2628 certum
3770 2569 3867 2640 est,
3892 2578 3979 2628 hic

2360 2644 2564 2698 nomine
2618 2643 2869 2700 Ostiianes
2915 2647 2984 2700 ad
3042 2646 3256 2714 rabiem,
3315 2643 3415 2701 non
3466 2646 3767 2700 aviditatem
3822 2650 3980 2702 modo

2358 2716 2585 2790 scientia;
2632 2717 2761 2790 ejus,
2787 2715 3083 2772 Graecorum
3134 2718 3355 2789 populos
3402 2718 3525 2790 egit.
3553 2718 3752 2790 Attulit
3771 2717 3978 2773 Plinia-

2362 2801 2486 2868 num
2521 2787 2662 2842 hunc
2692 2788 2867 2843 locum
2910 2790 3111 2857 Fellus;
3136 2787 3282 2846 nunc
3310 2787 3447 2847 vero
3468 2805 3536 2846 ex
3567 2789 3833 2844 Harduim‘
3858 2792 3975 2844 edi-

2362 2867 2501 2912 tione
2523 2870 2991 2926 reprtesentalum.

2440 2928 2507 2983 Et
2528 2931 2749 3006 Angelos
2777 2949 2917 3006 veros
2941 2936 3048 2988 sedi
3069 2935 3178 3006 ejus
3204 2936 3331 2990 dicit
3343 2936 3598 2990 assistere.
3625 2933 3977 3006 Nostrosipro

2358 3016 2498 3056 veros
2528 3001 2689 3057 habet
2713 3004 2885 3060 codex
2909 3022 3012 3061 ms.
3039 3001 3103 3061 in'
3120 3006 3228 3061 Var
3256 3008 3401 3063 lectt.
3433 3008 3565 3063 edit.
3613 3006 3801 3062 Oxon.
3836 3001 3974 3063 ιτότ-

2361 3080 2503 3148 tasse
2527 3074 2655 3129 olim
2687 3075 2739 3130 in
2771 3091 2911 3131 veros
2942 3086 3192 3148 corrupta
3220 3090 3304 3135 est
3328 3095 3433 3133 vox
3458 3094 3652 3135 servos.

2430 3143 2767 3202 Consecratis.
2798 3148 2855 3202 ln
2888 3157 3037 3204 textu
3075 3143 3364 3206 Baluziano
3390 3160 3566 3206 exstat
3596 3150 3885 3205 consecrati
3915 3160 3977 3205 et

2279 3203 2323 3268 C
2360 3214 2521 3293 babet
2541 3218 2756 3293 quidem
2785 3203 3839 3293 cortgregatirttnusmms.vin
3861 3203 3977 3277 ιᾶέ

2359 3288 2571 3353 ductus,
2596 3288 3034 3364 cpdexque'No'vi
3057 3293 3277 3364 Collegii
3319 3309 3572 3349 numeros
3608 3308 3639 3346 s
3670 3308 3757 3347 me
3803 3293 3977 3348 desi-

2355 3371 2563 3435 gnatus.
2616 3360 2803 3430 Porro,
2838 3373 2893 3418 ut
2963 3364 3123 3420 lectio
3183 3360 3428 3429 varians,
3458 3365 3517 3419 ad
3565 3379 3735 3435 marg.
3811 3365 3973 3420 edit.

2358 3431 2685 3487 Erasmiana:
2701 3438 2983 3490 conservati
3007 3437 3241 3506 positum
3266 3448 3364 3495 est.
3384 3438 3508 3493 Cum
3528 3451 3659 3490 vero
3684 3431 3974 3506 optimam

2356 3516 2478 3557 esse
2504 3519 2752 3559 censeam
2780 3509 3119 3575 superiorum
3152 3510 3442 3565 editionum
3466 3509 3759 3563 lectionem
3786 3525 3975 3563 conse-

2354 3577 2526 3649 cratis.
2558 3592 2714 3645 quam
2747 3578 2959 3647 quidem
3008 3578 3222 3636 firmant
3246 3582 3354 3636 duo
3378 3580 3528 3635 alteri
3558 3579 3695 3634 Novi
3736 3580 3973 3649 Collegii

2355 3646 2589 3711 codices,
2616 3646 2872 3719 mensque
2891 3651 3018 3704 olim
3038 3651 3445 3719 'l‘ewateranus,
3470 3663 3523 3707 et
3539 3667 3643 3706 ms.
3666 3646 3976 3706 Drurianbs

2355 3726 2598 3793 uterque,
2658 3721 2793 3774 hanc
2845 3723 3089 3777 eamdem
3138 3740 3166 3777 a
3207 3724 3438 3779 Ccllario
3490 3725 3742 3793 positam,
3788 3735 3903 3776 tum
3940 3739 3972 3776 a

2354 3802 2391 3865 ξι*
2412 3789 2617 3865 Joanne
2656 3807 2867 3862 quoque
2895 3794 3165 3851 Liudnero
3189 3797 3240 3851 in
3268 3798 3397 3851 edit.
3427 3789 3525 3851 sua
3554 3806 3838 3858 retentam,
3862 3810 3966 3865 pro

2357 3859 2553 3939 Baluzii
2581 3859 2807 3939 lectione
2835 3869 3114 3939 consecrati
3140 3868 3245 3923 huc
3269 3883 3371 3939 ego
3396 3870 3671 3939 revocavi.

2425 3930 2562 4011 CAP;
2590 3933 2803 4011 γης-ς
2829 3930 3330 4011 Αζρνὺὶῌαᾳεηωιιῖ
3360 3938 3539 4011 Vulgo
3564 3939 3772 3993 morbos
3807 3942 3978 3993 laces-

2354 4005 2599 4082 sun_t._Ex
2628 4006 2828 4082 cod.2.
2854 4008 2986 4063 Novi
3011 4009 3240 4082 Collegii
3268 4011 3444 4067 locum
3470 4005 3707 4067 correxi.

2426 4076 2509 4151 ᾼτι
2552 4081 2960 4147 superstitionem
2979 4083 3079 4134 sui.
3122 4076 3233 4137 Hoc
3270 4090 3374 4148 est,
3408 4083 3754 4146 daemonum;
3802 4096 3977 4151 supra

2357 4147 2571 4235 scripsit
2597 4161 2805 4232 auctor,
2839 4153 2906 4205 ad
2931 4154 3124 4235 cultum
3150 4156 3251 4235 sui:

2426 4217 2663 4296 Fecerint
2705 4232 2895 4296 terrore
2916 4225 3209 4294 participes.
3236 4224 3410 4296 Vulgo
3427 4243 3598 4281 errore
3614 4245 3635 4293 ;
3662 4226 3811 4296 quod
3842 4242 3977 4281 cum

2353 4299 2543 4344 terrore
2572 4293 2675 4347 fide
2698 4297 2820 4349 tnsti
2843 4295 2979 4351 Coll.
3010 4293 3144 4350 Nov.
3174 4298 3226 4363 5,
3262 4293 3419 4352 nixus
3442 4293 3781 4353 mutavifAd
3813 4315 3985 4355 oram

2351 4376 2565 4486 Quoque
2591 4364 2813 4430 codicis,
2860 4382 3019 4437 quem
3064 4367 3306 4424 codicem
3334 4368 3467 4423 Novi
3511 4368 3740 4439 Collegii
3772 4386 3989 4425 secun—

2392 4448 2478 4486 um
2507 4436 2744 4486 nomino.
2776 4438 2888 4486 haec
2920 4437 3078 4486 lectio
3131 4441 3358 4486 asnrintn
3390 4450 3491 4486 est-
3521 4440 3596 4486 Dn
3616 4441 3989 4486 Διρηπηιὶιιιιε

2392 4448 2478 4487 um
2507 4436 2889 4510 nomino,_luec
2919 4437 3078 4493 lectio
3131 4441 3361 4510 ascripta
3390 4450 3491 4497 cst.
3520 4440 3596 4495 De
3616 4436 3990 4498 daemonibus

2352 4510 2719 4582 agensposuit
2745 4508 3052 4582 Lactantius
3076 4512 3131 4565 in
3162 4508 3399 4581 Epiiome
3446 4528 3559 4579 sua,
3590 4527 3707 4582 cap.
3748 4513 3857 4581 28,
3898 4532 3993 4569 so-

641 4581 831 4651 omnes
858 4582 995 4639 pene
1025 4568 1164 4651 nisti
1188 4572 1459 4651 emittant,
1484 4572 1775 4651 editionem
1804 4575 2246 4651 principemhltic
2272 4588 2326 4650 1)
2353 4568 2492 4651 ninia
2514 4568 2790 4651 immittunt
2810 4590 2896 4651 aut
2923 4580 3075 4651 plane
3103 4568 3341 4637 terreres.

635 4648 857 4714 secutus
886 4655 1025 4694 sum.
1060 4639 1166 4695 Sed
1212 4640 1334 4712 Syri
1377 4656 1475 4711 pro
1523 4642 1716 4714 Assyrii
1766 4639 2246 4714 plurimi'codices

640 4710 828 4779 scripti
857 4718 1135 4779 prmstant.

638 4788 671 4861 ἐς
714 4783 1004 4861 (faciant...
1049 4785 1402 4861 auspicantur.
1449 4786 1680 4861 Pluralia
1709 4786 1825 4861 haec
1870 4803 1968 4857 pro
2019 4791 2246 4861 vulgatis

638 4853 799 4927 faciat
829 4863 882 4909 et
910 4856 1209 4923 auspicatur
1237 4857 1413 4922 posuit
1448 4857 1678 4913 Jacobus
1711 4853 2036 4927 Gronovius,
2066 4853 2240 4918 Galla-

635 4924 779 4979 rium
808 4937 1046 4990 secutus,
1074 4929 1164 4993 qui
1210 4928 1574 4983 Veronensem
1620 4929 1857 4984 codicem
1907 4932 1958 4986 in
1985 4924 2079 4988 sua
2110 4935 2242 4992 edit.

635 4994 1020 5072 hujus_l_ibelli_
1065 4997 1296 5072 Min_ucio
1351 4997 1514 5072 Felici
1571 4999 1737 5066 afﬁxi,
1767 5004 2022 5072 appellat.
2072 5005 2237 5071 Halre,

636 5083 782 5141 anno
812 5068 974 5131 1699.
1012 5069 1125 5141 haec
1150 5070 1362 5125 Cellarii
1384 5071 1512 5126 edit.
1550 5073 1689 5141 typis
1721 5068 1969 5129 man-data
2000 5087 2100 5132 est.
2133 5068 2241 5135 Sed

633 5138 922 5196 lectionem
948 5139 1149 5195 codicis
1182 5141 1508 5199 Veronensis
1534 5138 1644 5212 jam
1673 5153 1796 5198 ante
1818 5161 1940 5200 cum
1961 5146 2121 5204 laude
2156 5160 2240 5204 at-

633 5213 830 5267 tulerat
852 5212 1139 5286 ltigaltius
1180 5214 1413 5286 innatis
1461 5215 1527 5269 ad
1584 5215 1928 5286 Cyprianum.
1992 5218 2239 5276 Addendi

633 5291 810 5356 mstns
848 5283 983 5356 Novi
1028 5284 1251 5356 Collegii
1279 5286 1334 5352 2,
1367 5283 1752 5343 Tewateranus
1782 5297 1835 5342 et
1870 5292 2130 5347 vetustior
2170 5308 2237 5348 ex

631 5354 935 5412 Drurianis.
966 5354 1169 5411 Retulit
1190 5354 1429 5413 'interim
1459 5358 1796 5415 Mabillonius
1836 5360 1890 5415 in
1920 5360 2111 5417 Itinere
2138 5378 2236 5418 suo

626 5424 838 5505 _1_talic_o,
873 5443 927 5498 p.
956 5427 1048 5494 25,
1083 5429 1241 5484 istum
1263 5430 1507 5505 codicem
1536 5429 1903 5505 Veronensem
1925 5433 2237 5505 maiusculis

628 5496 824 5573 litteris
851 5496 977 5555 ante
1006 5516 1177 5555 annos
1204 5501 1353 5558 mille
1373 5503 1634 5573 scriptum
1664 5502 1848 5559 fuisse.

702 5570 807 5625 Sed
833 5582 1096 5645 acceptum
1122 5584 1320 5644 tempus
1366 5570 1501 5628 certo
1530 5575 1631 5640 ﬁne
1673 5577 1990 5631 custodiunt.
2035 5576 2238 5633 Videli-

625 5651 732 5705 cet,
759 5653 968 5719 tempus
989 5645 1467 5719 sibiassignatutn,
1497 5645 1603 5701 line
1630 5647 1736 5703 lixo
1764 5663 1827 5703 ac
1848 5648 2232 5719 dcterminato,

624 5727 791 5785 regna
825 5715 1061 5771 Romana
1094 5715 1312 5773 habent.

694 5784 765 5840 Et
785 5787 966 5861 victus.
1024 5787 1199 5845 Verba
1256 5790 1375 5845 haec
1394 5789 1656 5861 .gneglexi,
1703 5806 1823 5861 quae
1877 5792 1996 5849 sine
2035 5792 2229 5852 idonea

614 5866 786 5914 causa
811 5856 995 5915 addita
1019 5869 1147 5917 sunt
1172 5876 1203 5917 a
1235 5856 1739 5933 Baluziofquaeque
1772 5864 1980 5923 interea
2031 5875 2201 5935 praue

2420 4647 2548 4724 Cap.
2588 4649 2721 4724 Vlll.
2754 4680 2824 4692 -—
2848 4647 2991 4707 Unus
3030 4655 3187 4724 igitur
3213 4655 3439 4708 omnium
3492 4654 3742 4709 Dominus
3795 4656 3992 4714 Deus.

2352 4718 2522 4794 vulgo
2551 4722 2813 4778 existente
2861 4725 3027 4780 verbo
3044 4718 3117 4779 Est
3147 4736 3264 4794 post
3304 4725 3573 4791 Dominus,
3604 4726 3752 4780 idem
3794 4743 3989 4785 suasa

2346 4792 2507 4867 trium
2535 4794 2960 4867 iustorumNovi
3006 4792 3250 4867 Collegii,
3284 4810 3443 4867 atque
3475 4798 3824 4853 Erasmiana:
3861 4803 3993 4855 edi-
4090 4796 4091 4867 ἦ

2348 4861 2507 4918 tionis
2556 4864 2744 4921 delevi.
2805 4866 2955 4922 Nunc
3023 4861 3401 4923 adde'rc'licét
3464 4884 3567 4923 ms.
3626 4869 3986 4927 Drurianum

2346 4943 2652 5010 utrumque.
2701 4938 2870 5010 liabet
2897 4948 3069 4994 mstus
3100 4940 3374 4995 Tewatcr:
3406 4940 3550 4995 Unus
3580 4956 3704 5010 ergo
3727 4946 3988 4997 onmium

2345 5003 2616 5073 Dominus,
2642 5026 2771 5062 unus
2807 5008 2959 5064 Deus.
3000 5011 3211 5065 Addunt
3239 5028 3371 5065 unus
3403 5022 3475 5066 est
3504 5003 3816 5069 anlc'Deus
3851 5018 3987 5071 Cel-

2346 5076 2484 5142 Iarii,
2514 5078 2772 5135 Gronovii
2800 5092 2852 5136 et
2871 5082 3123 5137 Liudneri
3152 5084 3438 5138 editiones.

2418 5148 2528 5225 Nec
2558 5150 2640 5203 hic
2666 5162 2719 5205 tu
2747 5153 2809 5206 de
2834 5154 3037 5207 [tamine
3062 5154 3260 5209 mireris
3282 5196 3294 5217 ,
3330 5170 3425 5222 pro
3456 5153 3691 5209 lectione
3724 5156 3983 5225 Fellina,

2346 5218 2793 5297 Necjtoctantum
2826 5227 2888 5278 de
2918 5226 3122 5280 homine
3150 5218 3369 5289 mireris,
3398 5242 3425 5278 a
3457 5226 3762 5297 Gronovio,
3788 5218 3985 5287 Celli-

2343 5292 2423 5365 rio
2466 5290 2841 5363 Lindneroque
2891 5298 3126 5365 praelata.
3150 5297 3423 5353 Sententia
3473 5314 3592 5353 mea
3619 5308 3709 5354 est
3746 5290 3988 5358 debere

2340 5361 2626 5420 lectionem
2668 5361 2916 5440 editionis
2952 5369 3205 5440 principis
3248 5385 3337 5423 nec
3379 5369 3460 5423 hic
3503 5379 3559 5423 tu
3590 5375 3889 5429 revocari.
3928 5375 3985 5429 lu

2340 5444 2480 5490 lllSlO
2534 5453 2747 5508 quoque
2776 5438 3137 5496 'l‘ewaterano'
3179 5456 3341 5510 super
3386 5456 3573 5497 vocem
3618 5443 3720 5498 hoc
3761 5446 3986 5501 eadem

2341 5521 2501 5582 manu
2534 5510 2691 5582 lticgnt
2722 5511 2879 5566 lectio
2909 5512 3120 5566 varians
3150 5514 3320 5582 posita
3350 5523 3452 5568 est.

2409 5580 2538 5634 CAP.
2572 5580 2750 5657 Ili.—
2778 5583 2944 5657 Sensu
2966 5585 3131 5657 major
3153 5580 3253 5657 est.
3272 5583 3636 5657 AScribendum
3669 5603 3847 5642 censu
3885 5606 3987 5657 pro

2333 5652 2817 5728 sensuﬂcunjcc‘erat
2840 5656 3029 5728 aliquis
3050 5652 3211 5724 apud
3239 5655 3512 5728 Marshalli
3542 5652 3985 5728 Interpretatio-

2335 5737 2447 5798 nem
2473 5722 2574 5793 0p.
2606 5727 2665 5780 S.
2688 5722 2939 5796 Cypriani
2960 5722 3247 5798 Anglicum.
3279 5727 3397 5783 Dixi
3423 5728 3574 5796 olim,
3605 5722 3785 5787 voces
3844 5734 3985 5789 istas

2330 5794 2474 5849 inter
2493 5811 2552 5850 se
2577 5794 3133 5876 smpe‘conljundiiet
3178 5815 3402 5876 censum
3428 5794 3615 5858 vocem
3659 5802 3985 5876 Cypriani-

2331 5879 2452 5926 οδω
2496 5883 2618 5930 esse
2655 5870 2866 5941 cgnovi.
2897 5869 3279 5929 Verumtamen
3316 5871 3406 5949 quil
3454 5869 3785 5932 mutandum
3848 5892 3985 5934 esse
