4142 6256
285 326 431 386 1145

1361 328 1703 388 ΒΕῙδΕΟΤιλΕ
1741 329 1812 388 ΙΝ
1850 328 2250 390 CYPBIANUM
2280 329 2512 389 NOTAE.

3452 331 3595 392 1146

282 445 531 516 veritatis,
557 460 677 521 qua:
700 446 933 521 quidem
968 445 1129 521 lectio
1153 447 1237 521 :in
1280 445 1466 521 codice
1517 446 1652 521 I‘jovi
1678 446 1817 521 Coll.
1842 464 1882 515 ι,
1912 450 1964 510 Α
1992 448 2190 521 tionem
2219 448 2472 521 improbat
2499 448 2716 521 codices
2741 447 2948 520 scripti,
2976 449 3171 521 quibus
3200 458 3346 518 utor,
3371 465 3587 508 omnes.

287 525 490 586 exstat,
533 518 627 575 sed
670 518 739 575 ex
774 534 879 575 uno
904 518 1199 575 Bodleiano
1228 520 1283 577 in
1324 518 1499 573 Variis
1536 518 1708 574 Lecti.
1754 519 1884 575 edit.

286 586 461 661 onn.
497 600 825 659 memorato,
856 590 1044 647 codice
1092 590 1267 646 altero
1311 589 1445 645 Novi
1488 590 1623 646 Coll.
1658 606 1890 661 meoque

286 658 642 732 Tewaterano
668 658 892 728 virtutis,
923 661 973 718 id
1001 661 1144 732 quod
1177 661 1304 716 olim
1331 661 1670 730 conjeccram
1704 658 1890 729 legen-

288 731 439 805 dum,
484 734 696 805 recepi.
748 734 829 789 Ad
889 731 1037 789 oram
1090 742 1267 805 autem
1322 733 1521 805 codicis
1574 733 1706 790 Novi
1752 732 1893 789 Coll.

284 802 457 877 altera
474 802 643 877 lectio
665 806 889 860 veritatis
912 815 1105 871 exstat,
1135 804 1345 860 etaliud
1365 805 1546 861 nescio
1567 805 1693 877 quid
1722 806 1773 860 in
1792 820 1897 862 uno

284 873 353 929 de
373 875 515 947 meis
540 878 692 933 msds
724 880 954 947 positum
987 886 1091 931 est.

358 945 597 1019 _Solidata
636 945 737 1003 est.
765 947 947 1003 Solida
973 957 1045 1003 est
1071 948 1234 1004 habet
1265 948 1428 1004 editio
1446 948 1731 1003 Balnziana
1760 963 1886 1019 per-

286 1015 412 1071 inde
450 1027 610 1088 atque
655 1019 1011 1085 Oxoniensis;
1041 1035 1163 1074 cum
1194 1035 1328 1076 vero
1358 1020 1409 1073 in
1438 1019 1720 1077 duodecim
1752 1015 1889 1075 seri-

284 1088 391 1161 ptis
415 1089 708 1157 codicibus,
725 1105 860 1161 quos
880 1089 1203 1146 Oxoniensis
1230 1101 1637 1158 commemorat,
1672 1107 1771 1145 vox
1801 1108 1892 1146 so-

285 1158 446 1233 lidata
475 1171 669 1228 exstet,
697 1158 1111 1232 astipulantibus
1126 1172 1352 1232 utroque
1397 1161 1529 1217 Novi
1559 1162 1781 1233 Collegii
1800 1178 1893 1219 co—

281 1229 419 1296 dice,
451 1241 506 1287 et
532 1244 764 1303 quatuor
792 1229 925 1289 meis
946 1275 961 1300 ,
996 1233 1135 1289 hanc
1165 1229 1415 1304 principis
1465 1229 1892 1304 caeteraru'mque

283 1304 636 1359 vetustiorum
677 1304 972 1361 editionum
1032 1305 1317 1361 lcetionem
1369 1304 1724 1360 revocandam
1771 1320 1894 1363 esse

282 1375 493 1448 censui.
526 1373 668 1448 Idem
696 1392 911 1448 quoque
963 1375 1157 1448 factum
1202 1390 1343 1431 nunc
1394 1376 1500 1448 vidi
1549 1376 1602 1431 in
1629 1376 1886 1443 editione,

282 1445 439 1520 cujus
462 1446 624 1502 modo
649 1445 977 1504 mentienem
1004 1447 1128 1517 feci,
1154 1448 1207 1504 in
1237 1447 1654 1519 usumleeclesiae
1681 1449 1888 1520 gallica

280 1514 652 1573 confessorum
680 1519 961 1576 adornata.

353 1586 482 1643 Car.
514 1588 656 1665 XIV.
705 1623 796 1665 -Α
819 1591 1101 1665 Prtemium
1163 1591 1257 1646 vite
1291 1593 1437 1665 ejus,
1479 1606 1593 1665 pro
1620 1592 1889 1665 praemium

277 1658 403 1730 vita:
444 1663 710 1730 praemium
750 1663 850 1720 vite
892 1679 957 1720 ex
1005 1663 1177 1718 tribus
1214 1658 1369 1719 codd.
1415 1658 1630 1730 Scriptis
1663 1664 1716 1718 in
1752 1664 1880 1720 edit.

279 1727 453 1804 Oxgni
485 1736 815 1804 memoratis,
846 1744 898 1791 et
928 1733 1062 1790 Novi
1087 1732 1228 1789 Coll.
1256 1749 1360 1790 ms.
1391 1735 1445 1800 I,
1476 1727 1652 1789 libens
1682 1735 1881 1804 recepi.

350 1802 481 1875 Cap.
527 1803 646 1860 XV.
676 1836 748 1847 —
786 1806 987 1862 Pavore
1026 1806 1351 1861 mortalitatis
1393 1815 1439 1860 et
1477 1805 1737 1875 temporis.
1776 1802 1880 1863 De-

276 1870 494 1929 lendam
521 1890 643 1931 esse
667 1878 980 1947 particulam
1006 1886 1051 1931 et
1074 1878 1199 1933 olim
1227 1877 1504 1947 opinabar,
1536 1870 1602 1947 eo
1627 1876 1767 1947 quod
1797 1878 1878 1933 le-

274 1952 494 2012 geretur
523 1946 683 2015 panlo
711 1962 852 2017 post.
886 1959 1111 2016 tempore
1144 1946 1487 2003 mortalitatis.
1516 1946 1666 2004 Nunc
1697 1948 1876 2004 malim

274 2028 383 2087 pro;
402 2019 642 2087 temporis
673 2021 972 2076 rescribere
1008 2020 1301 2075 terroribus.

269 2122 318 2161 ._
345 2084 476 2141 CAP.
501 2084 671 2161 XVII.
701 2122 770 2131 —
801 2091 912 2146 Nec
941 2093 1076 2145 enim
1115 2092 1412 2161 sanguinem
1440 2102 1668 2145 nostrum
1697 2092 1877 2160 quterit

278 2155 435 2224 Deus,
461 2160 551 2215 sed
570 2162 742 2227 ﬁdem.
771 2193 841 2203 —
872 2161 982 2217 Nec
1001 2162 1137 2217 enim
1166 2155 1300 2216 D'eus
1323 2163 1622 2227 sanguinem
1647 2155 1876 2217 nostrum

274 2227 546 2300 desiderat,
571 2233 660 2306 sed
682 2235 840 2306 ﬁdem
868 2234 1069 2306 quwrit.
1102 2233 1171 2288 Et
1212 2233 1350 2306 istud
1391 2233 1647 2288 desiderat
1670 2233 1874 2306 adjeci~

272 2314 490 2379 muses
528 2305 843 2379 quibusdam
881 2305 1159 2361 codicibus
1184 2305 1402 2379 nostris,
1435 2314 1587 2379 et_ex
1617 2305 1867 2379 quibusd.

271 2372 599 2441 Anglicanis.
630 2376 810 2431 Potest
835 2387 1012 2432 tamen
1039 2390 1160 2431 esse
1179 2372 1465 2446 glossema.
1496 2372 1694 2431 BALuz.
1728 2375 1874 2432 Scri-

271 2450 486 2519 pturam
527 2446 779 2519 principis
813 2448 1144 2517 aliarumque
1181 2446 1474 2519 editionum
1512 2458 1675 2518 atque
1714 2449 1872 2504 unius

273 2512 472 2587 codicis
503 2512 832 2574 membranei
871 2519 976 2573 mei
1008 2512 1241 2587 reposui.
1287 2519 1507 2574 Diverso
1540 2512 1745 2573 ta'ntnm
1783 2535 1872 2573 or-

271 2581 397 2640 dine
446 2587 732 2643 verborum
779 2591 937 2645 habet
976 2581 1111 2643 Novi
1153 2588 1288 2644 Coll.
1335 2589 1455 2645 cod.
1504 2589 1698 2644 tleec
1738 2590 1873 2644 enim

271 2657 450 2731 quierit
468 2661 769 2731 sanguinem
797 2661 935 2715 Deus
956 2670 1200 2721 nostrum,
1219 2661 1306 2731 sed
1335 2661 1508 2729 ﬁdem.
1527 2660 1596 2715 Et
1613 2675 1712 2716 ms.
1740 2660 1869 2715 olim

270 2724 541 2804 Bieerman
564 2724 713 2804 iNec
742 2734 877 2804 enim
906 2734 1202 2804 snnguinem
1235 2724 1372 2804 Dens
1398 2741 1656 2804 nostrum,
1690 2732 1779 2786 sed
1808 2734 1871 2801 fi-

273 2796 387 2852 dem
423 2803 626 2868 quierit.
659 2803 845 2860 Itidem
884 2796 1021 2859 edit:
1052 2802 1228 2872 Oxon,
1274 2803 1384 2858 Nec
1412 2804 1542 2857 enim
1586 2796 1725 2859 Deus
1749 2796 1869 2858 san-

269 2873 476 2947 gninem
505 2882 731 2931 nostrum
750 2916 765 2941 ,
796 2876 884 2931 sed
909 2874 1061 2945 ﬁdem
1090 2874 1288 2947 quaerit.
1332 2873 1438 2947 Sed
1479 2874 1530 2929 in
1569 2876 1708 2931 libro
1747 2890 1869 2932 meo

269 2940 396 2996 elim
429 2942 786 3017 Tewaterano
816 2940 920 3001 hoc
946 2940 1176 3016 positum
1207 2955 1289 3001 est
1317 2965 1329 2998 :
1361 2945 1471 3001 Nec
1497 2948 1630 3000 enim
1659 2948 1870 3017 sangui-

269 3027 384 3067 nem
404 3024 631 3088 nostrum
653 3015 794 3073 Deus
821 3015 1111 3084 desiderat,
1140 3019 1229 3074 sed
1261 3028 1465 3075 tantum
1493 3019 1665 3088 ﬁdem.
1699 3015 1865 3073 Gum-

268 3097 375 3153 que
404 3085 635 3159 lectione
662 3088 945 3144 Baluziana
976 3090 1317 3145 consentiunt
1346 3105 1445 3145 ms.
1479 3085 1609 3144 Novi
1638 3089 1773 3144 Coll.
1806 3088 1862 3159 2,

267 3163 325 3229 et
349 3158 610 3229 m_s.olim
644 3159 937 3217 Drurianus
968 3160 1238 3217 recentior
1260 3162 1368 3229 ille,
1397 3160 1491 3216 sed
1519 3161 1657 3216 alter
1682 3158 1864 3216 vetus?

1910 1842 1958 1902 Β

2063 518 2190 575 CAP.
2227 520 2395 576 XXII.
2430 552 2502 562 ——
2537 519 2665 587 Quis
2709 537 2811 575 non
2846 518 2915 575 ad
2939 518 3150 576 meliora
3176 522 3415 591 festinet?
3439 524 3594 580 Posi-

1997 599 2105 644 tum
2136 600 2219 646 est
2246 592 2296 647 in
2332 601 2589 648 contextu
2613 592 2901 647 Baluziano
2924 634 2939 658 ,
2988 592 3115 661 Quis
3142 610 3242 648 non
3272 596 3340 647 ad
3377 595 3592 651 meliora

1996 663 2181 717 venire
2206 664 2443 731 festinet?
2469 663 2601 719 Cum
2632 679 2763 719 vero
2784 664 3008 720 verbum
3035 665 3204 719 venire
3224 664 3418 720 frustra
3441 681 3592 727 quae-

1998 733 2227 790 t‘endum
2252 736 2322 789 sit
2350 736 2431 790 vel
2460 736 2511 790 in
2536 735 2688 791 libris
2716 735 2895 798 editis,
2925 736 3010 790 vel
3033 737 3249 804 scriptis
3272 736 3375 793 illis
3398 736 3591 804 quibus

2005 819 2136 879 nsus
2164 820 2305 879 sum,
2332 806 2460 861 illud
2493 807 2782 879 delendum
2809 806 3041 863 videtur.
3073 807 3223 864 Adde
3246 807 3389 879 quod
3415 823 3590 878 neque

2008 875 2299 950 Patiielitis,
2328 894 2502 948 neque
2531 879 2691 950 varia:
2722 878 2982 935 lectiones
3033 880 3085 934 in
3118 875 3454 936 cdithxon.
3486 875 3583 950 po-

1994 947 2112 1002 sitae
2136 948 2255 1021 ejus
2284 947 2611 1005 mentionem
2645 948 2867 1005 faciunt.
2904 951 2981 1005 Ita
3007 959 3062 1006 et
3094 952 3337 1020 proxime
3364 947 3583 1021 post'ob

1993 1020 2238 1095 eamdem
2257 1036 2477 1095 causam
2506 1022 2775 1093 reformari
2784 1036 2882 1095 pro
2895 1024 3272 1092 transformari,
3297 1020 3439 1095 quod
3459 1037 3588 1080 exs-

1997 1097 2069 1144 tat
2103 1091 2154 1144 in
2178 1092 2468 1147 Baluziano
2500 1091 2668 1154 testu,
2702 1093 2963 1150 reducere
2990 1091 3162 1149 visum
3193 1104 3295 1151 est.

2065 1159 2193 1216 CAP.
2226 1162 2420 1235 XXIII.
2445 1196 2514 1205 —
2546 1164 2840 1221 Secundum
2880 1166 3033 1235 ﬁdem
3064 1167 3188 1222 veri.
3217 1167 3345 1223 Haec
3382 1166 3581 1232 lectio,

1994 1248 2156 1309 quam
2185 1234 2441 1309 exhibent
2472 1236 2723 1309 undecim
2754 1237 3105 1309 exemplaria,
3142 1239 3194 1293 in
3220 1239 3416 1305 quibus
3443 1254 3585 1309 pono

1994 1304 2397 1379 Segnierianum
2426 1351 2440 1373 ,
2470 1317 2555 1362 est
2581 1308 2802 1376 optima.
2835 1307 2891 1363 In
2917 1304 3135 1364 duobus
3163 1304 3282 1364 aliis
3321 1304 3584 1379 scriptum

1993 1384 2101 1452 est_
2129 1377 2284 1452 verbi.
2319 1379 2591 1452 Morellins
2619 1389 2841 1452 annotat
2880 1394 2940 1435 se
2979 1379 3178 1452 vidisse
3225 1377 3483 1452 scriptum
3529 1382 3583 1437 in

1993 1447 2229 1518 antiquis
2270 1451 2374 1505 veri
2420 1450 2553 1505 alias
2605 1450 2761 1504 verbi.
2812 1451 2963 1518 Quod
3011 1451 3295 1508 confirmat
3334 1447 3581 1508 nostram

1993 1517 2304 1575 lectionem.
2348 1522 2407 1576 In
2437 1523 2622 1577 codice
2650 1517 2904 1577 Beccensi
2949 1534 3004 1579 et
3034 1525 3087 1578 in
3120 1522 3358 1580 editione
3387 1523 3581 1580 Morel-

1989 1588 2046 1665 Iii
2078 1590 2269 1665 legitur
2298 1595 2522 1649 veritatis
2550 1610 2569 1647 :
2596 1593 2721 1649 Hmc
2759 1593 3046 1651 Bawzms.
3083 1593 3182 1661 Qui
3219 1597 3323 1652 veri
3354 1609 3451 1665 pro
3476 1595 3585 1651 Iec-

1990 1661 2145 1716 tione
2169 1663 2632 1738 vulgataveritatis
2660 1665 2862 1738 primus
2878 1666 3087 1738 posuit,
3118 1661 3421 1723 faventibus
3445 1682 3582 1738 quo-

1988 1747 2091 1802 que
2121 1734 2305 1789 codice
2350 1734 2483 1790 Novi
2527 1734 2762 1801 Coll.’2,
2793 1745 2848 1791 et
2876 1736 3233 1793 Tewaterano
3275 1753 3418 1794 meo.
3464 1734 3579 1794 Sed

1986 1804 2239 1879 quoniam
2287 1816 2509 1879 praeter,
2531 1807 2849 1879 Balnzianos
2888 1808 3024 1864 duos
3065 1817 3235 1864 mstos
3272 1818 3491 1879 praestat
3524 1819 3581 1865 ct

1984 1873 2162 1930 codex
2194 1873 2457 1931 vetusnor
2485 1878 2783 1933 Drurianns
2828 1893 3013 1934 vocem
3052 1879 3187 1934 verbi
3209 1922 3224 1946 ,
3263 1873 3451 1936 dubito
3476 1895 3576 1936 an-

1983 1959 2090 2017 non
2119 1948 2488 2017 reponendum
2513 1948 2603 2015 sit,
2634 1951 2914 2003 secundum
2940 1951 3094 2013 [idem
3122 1950 3275 2006 verbi
3302 1952 3568 2009 veritatis.

1982 2014 2382 2093 Exstat'tamen
2415 2019 2636 2093 inl'ra,jsi
2656 2019 2796 2093 quid
2814 2019 2865 2093 id
2895 2020 3082 2093 refert,
3109 2021 3162 2076 in
3193 2021 3287 2076 Iib.
3316 2025 3378 2077 de
3410 2021 3577 2093 Opere

1980 2096 2029 2141 et
2057 2087 2424 2162 Eieemosynis,
2458 2087 2635 2162 capit
2657 2087 2799 2158 {Qui
2826 2091 2975 2148 habet
3004 2092 3128 2149 fidei
3156 2092 3443 2150 veritatem
3457 2087 3576 2149 "ser-

1978 2168 2062 2212 vat
2088 2159 2187 2214 Dei
2211 2159 2462 2216 timorem.

2050 2230 2181 2285 Car.
2236 2232 2427 2289 XXIV.
2458 2265 2519 2275 -ι
2569 2232 2836 2300 Quomodo
2865 2243 2911 2289 et
2953 2234 3093 2291 Dens
3130 2246 3298 2291 manet
3334 2237 3391 2291 in
3419 2246 3572 2292 teter-

1977 2317 2122 2376 num.
2157 2302 2443 2376 Omissum
2472 2313 2556 2361 est
2585 2304 2690 2360 hoc
2726 2307 2783 2359 S.
2818 2305 3113 2376 Scriptura:
3141 2307 3569 2363 additamentum

1977 2373 2257 2448 inicodiee
2299 2374 2554 2448 Cypriani
2584 2373 2977 2448 Tewaterano',
3025 2380 3165 2434 sicut
3191 2379 3243 2434 in
3272 2381 3571 2434 vetustiore

1975 2444 2167 2522 saltem
2187 2444 2477 2522 l_)ruriano,
2508 2448 2602 2503 sed
2629 2448 2769 2504 idem
2799 2447 3088 2522 adductum
3119 2460 3203 2522 est
3230 2450 3282 2504 in
3311 2449 3570 2522 Cypriani

1976 2514 2068 2570 lib.
2099 2532 2165 2641 illi)
2185 2517 2632 2588 Testimoniorum,
2666 2535 2793 2591 cap.
2818 2520 2854 2575 2
2881 2562 2896 2588 ,
2931 2532 2985 2576 et
3015 2522 3068 2576 in
3095 2521 3327 2577 aliorum
3357 2514 3568 2592 patrum

1976 2599 2124 2641 oneri
2170 2604 2249 2641 us.

1974 2599 2124 2656 operi
2135 2599 2249 2643 bus.

2048 2659 2176 2713 Car.
2209 2660 2379 2736 XXV.
2409 2692 2483 2703 —
2516 2662 2795 2736 Exintaris.
2823 2662 2974 2720 Ilanc
3006 2665 3292 2721 lectionem
3321 2679 3421 2736 pro
3445 2664 3569 2720 vul-

1974 2737 2098 2803 gata
2125 2734 2326 2786 exuaris
2363 2735 2615 2803 reposui,
2658 2735 2763 2790 Iide
2788 2736 2953 2790 nixus
2993 2736 3196 2792 codicis
3226 2734 3384 2792 unius
3426 2736 3569 2793 inter

1975 2798 2232 2857 lectiones
2279 2798 2530 2859 editionis
2575 2806 2750 2860 Oxon.
2810 2807 3084 2863 variantes
3133 2827 3144 2861 :
3194 2808 3289 2863 sed
3340 2807 3567 2863 forsitan

1973 2872 2250 2946 nonnullis
2295 2874 2456 2931 lectio
2491 2875 2659 2931 altera
2700 2875 2918 2932 ferenda
2963 2893 3083 2932 esse
3122 2879 3413 2946 videbitur,
3463 2880 3568 2935 nisi

1970 2945 2205 3018 auctoris
2248 2947 2409 3001 verba
2430 2989 2445 3013 ,
2486 2963 2605 3015 pag.
2636 2946 2766 3013 29I,
2811 2947 2848 3001 I.
2881 2947 2973 3013 20,
3004 2948 3151 3002 aliud
3182 2945 3565 3018 persuadeant.

1970 3012 2124 3088 Nunc
2153 3031 2315 3085 porro
2341 3012 2618 3088 praelatum
2645 3012 2767 3074 esse
2796 3012 3205 3076 videovcrbun'i
3239 3020 3482 3075 eximaris
3512 3020 3566 3075 in

1970 3084 2206 3142 editione
2246 3089 2314 3144 ad
2342 3084 2517 3145 'usuin
2562 3089 2780 3145 exulum
2822 3090 3150 3146 Gallicorum
3201 3105 3230 3145 a
3271 3106 3360 3147 me
3402 3090 3568 3148 modo

1969 3170 2412 3215 commemorata.

266 3224 371 3282 tior
392 3227 571 3305 habet,
603 3229 713 3286 Nec
732 3233 864 3288 enim
884 3236 1185 3304 sanguinem
1210 3222 1571 3301 Deus'nostcr,
1600 3232 1691 3287 sed
1709 3233 1864 3302 ﬁdem
1890 3222 1935 3286 C
1994 3298 2006 3305 _
2043 3228 2173 3305 Cnr.
2204 3230 2399 3305 XXVI.
2426 3264 2498 3273 —
2522 3231 2625 3286 Hic
2649 3234 2854 3288 interim
2879 3234 3077 3305 degere.
3101 3233 3412 3305 Lectionem
3445 3233 3563 3289 edi-

266 3301 466 3368 quaerit.

335 3368 472 3447 Car.
494 3372 639 3430 XIX.
662 3403 735 3417 —
755 3372 1103 3447 Commeatum
1149 3376 1246 3447 sibi
1288 3384 1599 3447 precaretur.
1632 3374 1861 3432 Veniam

264 3439 524 3514 absentiae
548 3446 808 3514 longioris
833 3463 862 3501 a
890 3448 1114 3502 Domino
1142 3464 1155 3500 :
1186 3439 1298 3501 hoc'
1315 3456 1398 3502 est
1423 3448 1544 3501 vita).
1573 3447 1658 3502 hic
1680 3447 1732 3502 in
1764 3459 1864 3504 ter-

265 3511 342 3567 ris
369 3528 594 3571 moram.
619 3511 790 3574 FELL.
814 3519 1026 3574 Doloris
1047 3518 1302 3574 mortisvc
1328 3519 1700 3574 remissionem
1726 3536 1864 3574 com-

262 3592 487 3659 meatum
506 3588 717 3659 antiqui
742 3589 1010 3645 dixerunt.
1048 3589 1269 3646 Senecae
1304 3590 1433 3644 illud
1463 3588 1693 3645 afferunt
1722 3591 1856 3647 lexi-

262 3655 550 3727 cograpbi:
581 3655 816 3732 Longum
842 3661 967 3714 mihi
996 3671 1324 3716 commeatum
1352 3662 1560 3717 dederat
1585 3661 1817 3717 valetudo
1843 3705 1857 3732 ,

260 3738 467 3797 repente
492 3746 572 3783 me
597 3730 800 3785 invasit.

330 3796 460 3854 CAP.
493 3799 611 3856 XX.
638 3832 712 3875 -ς
738 3802 818 3858 De
845 3806 1190 3875 persecutione
1231 3804 1479 3861 sollicitus
1499 3848 1512 3868 ,
1560 3805 1623 3859 de
1650 3808 1864 3861 accersi-

259 3868 396 3948 tione
434 3888 659 3948 securus.
690 3874 766 3929 Ita
808 3868 1149 3932 scribendum
1178 3877 1515 3946 conjcceram
1542 3892 1641 3948 pro
1672 3877 1860 3931 ablati-

258 3939 600 4015 vis_sollicitis
627 3954 681 4001 et
719 3948 909 4000 securis
934 3986 947 4008 ,
987 3939 1296 4015 antequam'
1316 3948 1452 4002 hanc
1482 3939 1765 4001 lectionem
1801 3948 1855 4002 in

257 4012 394 4089 l_neis
422 4013 669 4089 lVovique
693 4012 1173 4089 Collacodicibps,
1202 4018 1395 4089 quibus
1421 4018 1586 4089 addas
1622 4019 1857 4089 quinque

256 4080 594 4158 Paittelianos'
617 4130 632 4154 ,
667 4086 1021 4158 deprehendi.
1061 4080 1268 4143 Sensus
1306 4088 1408 4142 luci
1451 4080 1659 4143 videtur
1691 4080 1811 4145 esse
1835 4132 1850 4157 ,

255 4151 675 4229 Illorumrgratia
706 4151 775 4212 de
804 4158 1177 4227 persecutione
1217 4158 1519 4224 sollicitus;
1562 4175 1628 4213 ne
1664 4160 1716 4214 vi
1741 4151 1856 4229 ejus

255 4173 475 4212 morum
545 4173 675 4213 rana
706 4173 775 4212 ae
804 4173 1177 4227 persecutione
1217 4173 1519 4224 settn'nus;
1562 4175 1628 4213 ne
1664 4176 1716 4214 vt
1741 4176 1854 4229 ejus

253 4229 428 4281 coacti
470 4173 628 4283 fidem
661 4229 950 4300 denegem;
993 4231 1062 4284 de
1100 4229 1449 4285 accersitione
1476 4245 1720 4295 securus,
1766 4240 1854 4287 ut—

250 4306 378 4367 pote
401 4309 603 4365 certus,
643 4314 737 4354 eos
777 4301 1127 4358 acccrsitione
1152 4301 1327 4357 divina
1359 4301 1428 4357 de
1454 4304 1635 4357 seculo
1660 4303 1854 4358 libera—

254 4366 503 4448 t‘osfore.
532 4368 650 4448 V_id.
683 4373 841 4448 paulo
864 4373 1023 4448 infra;
1050 4382 1103 4429 et
1129 4374 1239 4443 jam
1255 4387 1431 4448 supra
1458 4373 1557 4448 sul)
1584 4374 1788 4429 initium
1807 4374 1851 4448 _§

248 4435 306 4515 2,
338 4438 521 4515 habes,
551 4435 724 4515 Latius
756 4444 923 4515 itaque
948 4435 1019 4498 de
1045 4435 1205 4499 morte
1235 4435 1355 4515 jani
1396 4445 1629 4514 proxima
1654 4488 1668 4512 ,
1712 4456 1758 4500 et
1787 4435 1855 4503 a‘é

250 4509 422 4587 vicina
451 4513 804 4587 accersitioue
833 4509 1073 4587 securus.
1105 4509 1529 4587 lmo'gemi'uum
1572 4509 1714 4572 istud
1750 4520 1855 4573 line

1971 3298 2131 3376 tionis
2158 3303 2414 3373 principis
2444 3305 2779 3376 aliarumque
2806 3320 2904 3374 pro
2924 3298 3059 3369 iitic,
3081 3304 3224 3376 quod
3250 3306 3368 3361 sine
3398 3320 3563 3360 causa

1967 3370 2252 3452 suffectum
2285 3370 2401 3452 est2
2437 3375 2541 3430 fide
2573 3370 2925 3446 plurimorum
2957 3370 3202 3434 codicum
3233 3377 3561 3446 scriptorum

1966 3445 2130 3497 nixus
2156 3445 2424 3501 revocavi.

2041 3515 2220 3569 Adhuc
2246 3518 2309 3589 de
2339 3527 2514 3573 nostra
2550 3519 2717 3573 salute
2742 3518 2986 3575 sollicita.
3032 3517 3212 3575 Delevi
3246 3519 3563 3589 particulam

1966 3595 2015 3639 et
2036 3595 2172 3660 ante
2212 3588 2380 3643 adhuc
2411 3589 2566 3659 vulgo
2612 3592 2881 3659 positam,
2927 3605 3087 3660 quam
3136 3591 3383 3646 nesciunt
3431 3591 3563 3647 edit.

1964 3658 2254 3731 princeps.
2296 3670 2352 3715 et
2387 3670 2594 3730 septem
2614 3658 2701 3715 illi
2740 3658 2962 3729 scripti,
3008 3677 3143 3731 quos
3186 3662 3415 3716 contuli.
3457 3662 3563 3718 Sed

1967 3729 2149 3802 omisit
2184 3745 2343 3802 voces
2383 3740 2427 3785 et
2469 3733 2778 3802 adhucms.
2831 3729 3101 3802 'I‘cwater.
3153 3731 3425 3802 habetque
3472 3734 3564 3787 sed

1963 3798 2137 3851 adhuc
2157 3801 2323 3853 codex
2357 3815 2493 3855 unus
2521 3804 2573 3853 in
2602 3800 2734 3855 edit.
2758 3802 2933 3856 Oxon.
2969 3801 3251 3856 adductus.

2039 3868 2416 3944 Prophetarum
2483 3872 2840 3944 evadentium.
2909 3870 3192 3941 Cogitabat
3253 3870 3558 3944 Cyprianus

1963 3940 2309 4009 evangelista:
2336 3941 2562 3996 Joannis
2593 3943 2744 4009 illud,
2777 3940 3037 3997 Abraham
3064 3953 3210 4013 pater
3231 3940 3391 4001 veiter
3418 3947 3564 4001 eatul-

1961 4013 2085 4065 tavit
2103 4012 2282 4138 gradere
2315 4013 2449 4067 diem
2480 4029 2647 4069 meum
2674 4029 2693 4069 :
2723 4014 2848 4069 vidit
2885 4026 2935 4071 et
2971 4012 3176 4088 gavisus
3202 4027 3296 4072 est.
3339 4017 3560 4085 Joann.,

1961 4097 2074 4138 vni.
2181 4124 2193 4137 .

1959 4097 2074 4145 VIII,
2103 4097 2193 4138 ῧϋ.

2035 4153 2426 4231 Triumphantes
2471 4157 2711 4229 virgines.
2758 4158 2936 4231 Vulgo
2961 4201 2976 4227 ,
3030 4159 3405 4230 triumphantes
3455 4161 3564 4215 illic

1959 4225 2220 4297 virgines,
2267 4230 2383 4295 sed,
2408 4225 2622 4286 servato
2668 4225 2895 4286 meliore
2932 4225 3125 4286 vocum
3170 4225 3361 4287 ordine
3386 4274 3401 4298 ,
3455 4233 3563 4286 illic

1960 4298 2330 4368 trimnphantes
2376 4301 2598 4370 virgines
2635 4317 2736 4355 ms.
2783 4302 2912 4357 olim
2959 4302 3382 4366 Tcwatcranus;
3430 4302 3559 4356 dum

1959 4375 2256 4424 correctius
2314 4372 2546 4427 fortasse
2601 4372 2849 4427 nesciunt
2900 4372 3218 4427 adverbium
3270 4372 3379 4426 illic
3423 4371 3556 4427 edit.

1959 4441 2231 4514 princeps,
2263 4451 2319 4500 et
2348 4458 2465 4504 sex,
2497 4457 2635 4512 quos
2665 4443 2901 4514 contuli,
2936 4442 3151 4514 codices
3183 4443 3555 4514 manuscripti.

1958 4511 2065 4567 Sed
2094 4523 2148 4567 ct
2177 4515 2291 4568 voci
2322 4511 2633 4567 remuneratt'
2666 4512 2897 4581 prtefixit
2922 4512 3030 4566 illic
3058 4528 3160 4568 ms.
3187 4512 3460 4569 Tewater.

248 4578 418 4662 libelli
444 4593 624 4662 exstat
656 4583 818 4662 :dani
846 4585 909 4641 de
942 4578 1441 4662 sna_iitirttortitlitate
1469 4605 1665 4662 seenra,
1686 4588 1854 4662 adhuc
1878 4586 1964 4662 θ’
2008 4582 2100 4662 __Ut
2153 4601 2267 4662 cum
2320 4586 2397 4639 his
2453 4585 2552 4662 cito
2603 4578 2729 4638 esse.
2784 4582 3007 4662 Addunt
3045 4583 3261 4654 quidem
3308 4589 3560 4662 possimus

248 4652 313 4706 de
358 4666 531 4710 nostra
574 4658 922 4712 incoluntitate
963 4659 1201 4713 sollicita.
1254 4664 1321 4714 At
1373 4675 1500 4715 vero
1550 4659 1733 4715 Fellus
1784 4661 1852 4715 ad

248 4726 441 4799 verba,
459 4727 520 4781 de
548 4730 894 4797 persecutione
919 4730 1173 4799 sollicitis,
1202 4731 1264 4786 de
1288 4732 1615 4786 uccersitione
1641 4735 1850 4799 securis,

246 4793 351 4875 h_0e
380 4793 689 4875 adnotavit,
728 4817 749 4852 ι
786 4800 1021 4872 Martyrii
1053 4793 1305 4875 coronam
1337 4802 1625 4875 refugiunt,
1656 4793 1851 4859 cales;

246 4865 316 4921 tia
330 4869 533 4944 gaudia
561 4886 667 4927 non
699 4865 975 4943 expetunt.
1010 4891 1028 4924 ι
1065 4872 1251 4928 Utrum
1280 4865 1485 4943 mavis:
1499 4865 1702 4944 accipe.

319 4937 513 4995 Didicit
538 4944 691 4997 immo
717 4937 1111 4999 rentattentibns.
1152 4946 1281 5001 Fide
1312 4937 1469 5002 nixus
1498 4937 1632 5001 msti'
1659 4946 1850 5001 Tewa—

245 5012 418 5067 terani
453 5013 788 5086 aliorumque
827 5016 1226 5086 quatuordecim
1267 5017 1318 5071 in
1360 5017 1490 5074 edit.
1521 5018 1692 5073 Oxon.
1735 5034 1848 5073 me-

243 5093 576 5161 moratorum
596 5128 609 5145 .
645 5085 696 5140 in
724 5085 915 5152 quibus
944 5097 1070 5161 sunt
1095 5087 1201 5161 duo
1228 5087 1309 5161 illi
1335 5087 1470 5144 Novi
1500 5089 1719 5161 Collegii
1750 5104 1843 5145 co-

244 5150 423 5219 dices,
472 5150 959 5230 tractatus‘omnes
987 5160 1239 5230 Cypriani
1289 5150 1680 5226 continentes:
1720 5176 1841 5229 pro-

246 5239 439 5297 nomen
480 5229 621 5281 nobis
652 5230 706 5283 in
741 5231 951 5284 excusis
992 5229 1230 5284 additum
1270 5240 1394 5286 ante
1427 5233 1801 5288 remanentibus
1824 5273 1838 5297 ,

242 5294 338 5351 sed
371 5296 737 5376 obscuriorem
780 5298 991 5376 faciens
1019 5316 1362 5369 sermonem,
1409 5306 1662 5376 expunxi.
1691 5294 1840 5361 Idem

242 5367 419 5440 nescit
446 5383 547 5440 ms.
584 5383 810 5440 uterque
841 5371 1150 5427 Druiianns.

313 5438 443 5494 CAP.
649 5438 1014 5517 —'littpt'obat
1052 5444 1267 5517 denique
1318 5449 1578 5517 apostolus
1619 5447 1835 5502 Paulus.

240 5508 391 5565 IIanc
433 5513 673 5567 omnium
713 5508 1008 5568 editiOnum
1050 5508 1629 5573 lectiOnetn'Baluzius
1658 5519 1841 5574 nescio

238 5597 407 5651 quare
433 5597 556 5637 cum
580 5584 748 5639 altera
775 5585 1002 5653 increpat
1029 5590 1396 5642 commutavit.
1423 5588 1479 5643 In
1504 5591 1633 5645 edit.
1664 5589 1836 5647 Oxon.

237 5668 381 5723 qua),
424 5655 625 5722 pariter
651 5671 714 5709 ac
744 5664 977 5721 cictcrtu,
1019 5668 1236 5727 prastat
1263 5659 1537 5727 improbat,
1571 5664 1678 5717 duo
1720 5673 1839 5718 tan-

240 5734 353 5800 tum
399 5726 615 5780 codices
655 5726 1047 5800 memorantur,
1097 5730 1148 5783 in
1187 5726 1380 5800 quibus
1424 5742 1599 5788 exstat
1620 5734 1841 5790 verbum

237 5797 471 5874 increpat
493 5814 519 5874 ;_
552 5812 738 5874 verum
770 5797 969 5874 ibidem
1014 5801 1131 5856 sine
1166 5797 1328 5874 causa
1366 5813 1680 5861 annotatum
1720 5816 1837 5874 est,

241 5884 261 5919 ε
302 5866 464 5925 Forte
503 5868 790 5942 legendum
826 5871 1162 5943 improperat.
1214 5892 1235 5928 ›
1276 5872 1447 5932 Porro
1485 5884 1700 5935 tuentur
1727 5866 1839 5935 lecl

1958 4653 2088 4726 edit.
2139 4658 2390 4726 princeps
2433 4656 2662 4725 alimqne
2692 4654 2960 4724 antiquas;
3000 4653 3120 4726 cum
3159 4653 3551 4711 vero’verbnm

1958 4725 2100 4781 istud
2123 4725 2381 4795 agnoscat
2402 4735 2613 4781 tantum
2639 4741 2774 4780 unus
2797 4740 2865 4781 ex
2888 4725 3049 4781 codd.
3076 4727 3294 4797 scriptis
3318 4727 3369 4781 in
3395 4743 3552 4783 usum

1956 4797 2085 4868 edit.
2120 4797 2293 4853 Oxon.
2330 4797 2564 4865 collatis,
2599 4807 2652 4853 et
2686 4806 2888 4851 tantum
2920 4814 3057 4853 unus
3088 4798 3155 4853 de
3187 4799 3346 4864 meis,
3378 4799 3554 4868 ipsum

1955 4866 2188 4924 fortasse
2212 4880 2361 4926 recte
2389 4884 2489 4940 ego
2518 4884 2661 4924 nunc
2687 4870 2824 4923 duco
2847 4870 3299 4939 relinquendum;
3324 4866 3422 4925 etsi
3449 4871 3552 4924 ali-

1955 4948 2036 4995 ter
2064 4942 2234 5014 visum
2277 4949 2362 4995 est
2402 4940 2596 4997 cditori
2631 4941 3261 5014 nuperononnullorum
3296 4940 3551 5014 Cypriani

1952 5012 2358 5083 Opuseulorum,
2386 5014 2541 5083 cujus
2569 5010 2729 5083 supra
2762 5010 2864 5069 feci
2895 5013 3244 5070 mentionem.

2027 5171 2101 5232 IN
2132 5171 2393 5229 LIBRUM
2436 5173 2521 5229 DE
2559 5172 2790 5230 OPERE
2831 5172 2921 5228 ET
2961 5171 3463 5229 ELEEMOSYNIS.

2015 5308 2146 5365 CAP.
2189 5308 2274 5365 Vl.
2318 5340 2389 5394 -τ-
2422 5309 2489 5393 Et
2528 5311 2909 5393 viduarum-ac
2959 5328 3263 5394 pauperum:
3294 5311 3545 5394 Particn-

1947 5379 2053 5453 Iam
2083 5392 2162 5445 et,
2197 5396 2316 5449 qua:
2346 5381 2469 5436 huic
2505 5383 2789 5453 sententiae
2824 5383 2873 5436 in
2906 5379 3147 5451 principe
3177 5384 3403 5453 aliisque
3430 5384 3547 5439 edi-

1946 5452 2184 5524 tionibus
2208 5495 2222 5517 ,
2261 5461 2318 5524 et
2346 5453 2397 5506 in
2426 5462 2635 5523 septem
2670 5452 2773 5507 illis
2802 5454 3076 5508 codicibus
3103 5470 3239 5524 quos
3269 5452 3383 5522 ipse
3409 5469 3543 5510 eon-

1946 5522 2042 5594 tuli
2068 5565 2083 5589 ,
2127 5522 2340 5594 pra-lixa
2383 5522 2501 5589 est,
2533 5539 2653 5593 qua:
2690 5540 2818 5578 vero
2855 5525 2906 5578 in
2953 5522 3444 5580 edittCBaluziana
3489 5535 3545 5582 et

1944 5592 2301 5649 Oxonfmale
2344 5592 2697 5661 omissa’est,
2731 5597 3015 5663 revocavi,
3057 5612 3179 5651 cum
3213 5596 3447 5654 fortasse
3484 5598 3540 5654 in

1945 5667 2099 5737 msgs
2131 5680 2262 5721 voce
2294 5666 2634 5737 prtceedenie
2662 5680 2854 5737 orasset
2885 5668 3136 5737 absorpta
3168 5678 3333 5723 esset.

2016 5735 2257 5809 Exsurge
2278 5735 2331 5792 in
2349 5739 2551 5793 nomine
2567 5736 2692 5792 Jcstt
2711 5736 2920 5793 Christi.
2951 5735 3097 5794 Istud
3118 5740 3171 5794 in
3195 5740 3396 5794 nomine
3414 5739 3542 5794 Jesu

1945 5808 2134 5866 Christi
2174 5808 2379 5865 addunt
2424 5809 2697 5865 nonnullae
2729 5813 3009 5867 versiones
3035 5851 3049 5874 ,
3092 5812 3253 5866 simul
3291 5825 3415 5870 cum
3453 5810 3541 5873 his

1945 5880 2192 5951 patribus
2218 5881 2490 5953 Cypriane
2519 5880 2808 5940 Ambrosio
2837 5882 3285 5953 Cassiodoroqne.
