4156 6248
650 250 789 309 1147

1496 252 1565 308 Μ.
1605 254 1655 310 J.
1702 243 1938 311 IlOU'I‘lI
1976 242 2317 310 BELECTE
2356 251 2422 310 IN
2460 244 2868 312 CYPRIANUM
2905 254 3139 313 NOTAE.

3812 256 3933 317 “18

720 371 847 445 Qte.
893 370 1004 427 VII.
1036 399 1107 445 -_-
1134 365 1259 445 illic
1289 369 1385 423 erit
1416 376 1472 445 et
1497 384 1589 445 cur
1611 376 1772 445 tuum.
1802 362 1926 445 Illic
1952 382 2051 445 pro
2079 369 2149 445 ibi
2175 382 2238 445 ex
2269 370 2321 431 Α
2419 364 2487 424 Ει
2514 371 2600 425 vix
2624 371 2700 425 tui
2719 372 2839 427 meis
2864 372 3195 443 pereuntibus
3219 373 3575 444 udwquuntur.
3608 372 3860 445 Numero,
3880 386 3933 435 ut

649 442 923 514 codicibus
962 442 1179 514 scriptis
1215 442 1429 512 reposui
1456 480 1472 506 ,
1501 440 1625 514 quia
1657 441 1709 495 in
1752 442 1919 511 ipsius
1945 438 2199 514 Cypriani
2227 482 2241 506 ,

651 512 745 568 lib.
779 530 836 569 ιιι
862 511 1293 568 Testimoniorum
1341 523 1533 567 sancta
1561 511 1844 583 Scriptum
1873 526 1925 583 p.
1961 513 2029 569 59
2063 555 2076 579 ,
2110 514 2241 569 edit.

649 584 825 641 Oxon.
853 586 932 639 sic
958 585 1107 640 locus
1136 584 1482 655 evangelista
1513 583 1757 638 all'ertur.

720 656 851 711 (ille.
880 655 972 711 IX.
1002 687 1074 699 -—
1100 657 1205 713 Sed
1249 658 1435 711 vereris
1477 667 1522 711 et
1575 657 1778 711 metuis.
1820 655 2075 711 Restituit
2106 656 2250 721 prio-

649 743 764 783 rem
796 729 1107 794 lectionem,
1144 728 1205 783 Si
1232 730 1417 783 vereris
1445 738 1490 781 et
1513 729 1693 781 ntetuis
1716 769 1730 791 ,
1773 727 2018 782 Baluzius
2045 769 2057 790 ,
2088 744 2247 799 quam

652 808 974 865 mutaverat,
1001 800 1106 855 tlde
1138 801 1294 855 nixus
1323 809 1553 868 quatuor
1584 802 2094 868 silanuscriptorum,
2131 799 2251 854 Fel-

651 869 755 927 lus.
785 871 857 927 lis
887 871 1023 926 alios
1050 882 1259 942 septem
1290 887 1431 926 nunc
1460 869 1623 938 addo,
1655 870 1939 925 lectionem
1969 887 2089 940 qua:
2121 872 2249 925 mibi

652 944 847 1015 placet,
884 952 1209 1015 praestantes
1231 984 1246 1009 ,
1277 950 1439 1015 atque
1480 944 1547 996 ita
1583 956 1804 1011 prorsus
1834 944 2125 997 consututa
2166 951 2249 997 est

653 1014 826 1070 Oratio
849 1030 972 1069 mox
1001 1014 1161 1078 infra,
1197 1016 1285 1069 ubi
1317 1014 1540 1069 verbum
1567 1015 1746 1068 ntetuis
1777 1017 2033 1069 occurrit.

723 1087 852 1141 Car.
882 1085 975 1140 XI.
1015 1117 1088 1127 —
1118 1087 1385 1142 Subsidia.
1429 1086 1647 1141 Addunt
1692 1088 1808 1140 vita:
1850 1087 2112 1141 editiones
2142 1085 2250 1141 Ma—

652 1160 927 1213 nutianam
961 1168 1195 1225 secuto,
1239 1158 1334 1212 sed
1377 1172 1562 1213 vocem
1603 1156 1821 1223 delevi,
1864 1157 2062 1213 idcirco
2102 1157 2248 1228 quod

654 1231 861 1285 monuit
888 1229 1154 1285 Pamelius
1185 1240 1381 1300 praeter
1411 1229 1610 1283 Manut.
1654 1229 1854 1300 milium
1895 1230 2133 1283 codicem
2168 1230 2251 1298 ip-

654 1316 767 1354 sam
800 1302 1000 1372 legere.
1048 1299 1299 1356 Attamen
1351 1303 1401 1355 in
1448 1301 1685 1355 editione
1718 1299 2095 1372 Lngdunensi,
2129 1317 2248 1371 qua:

652 1370 973 1428 Manutianae
1000 1375 1228 1443 prmivit,
1251 1372 1493 1428 eamdem
1514 1373 1714 1426 inveni.
1743 1370 1912 1427 Porro
1941 1384 2119 1427 autem
2148 1370 2250 1426 m-

653 1460 771 1517 cem
818 1445 907 1499 tibi
953 1446 1348 1517 postroperunti
1389 1445 1634 1500 nesciunt
1683 1444 1936 1512 codices,
1972 1460 2107 1517 quos
2139 1446 2253 1513 ipse

655 1516 866 1643 ἔπειρειί
892 1558 906 1585 ,
956 1515 1099 1587 quod
1140 1515 1260 1572 ideo
1293 1522 1455 1583 noto,
1490 1518 1613 1587 quia
1644 1530 1747 1570 vox
1782 1533 1887 1572 non
1924 1515 2077 1572 valde
2103 1517 2250 1571 dcsi-

694 1598 897 1643 eratur.

694 1598 897 1644 BI‘llllll‘.

728 1661 859 1715 Car.
889 1660 1029 1716 XIII.
1062 1692 1134 1701 —
1163 1659 1379 1715 Reditus
1419 1669 1531 1714 tuos
1554 1659 1740 1713 divide.
1772 1660 2104 1729 Scriptorum
2135 1675 2253 1715 cor-

2353 456 2475 496 mox
2505 452 2747 511 apparet.
2940 466 2955 483 ι

2422 513 2551 568 Cap.
2582 513 2746 568 XXV.
2798 544 2872 555 --
2917 514 3279 585 .Equalitatis.
3323 515 3399 572 Ita
3458 517 3724 573 Erasmus
3765 528 3818 575 et
3859 522 3932 577 alii

2392 593 2477 639 ost
2505 602 2650 658 etim.
2679 586 2841 658 ,Nolui
2871 596 3049 641 autem
3080 598 3313 653 mutare,
3346 592 3590 658 quamvis
3625 590 3682 644 in
3710 592 3933 649 omnibus

2375 657 2468 711 ere
2497 656 2774 712 codicibus
2796 660 3034 725 antiquis
3059 667 3112 713 et
3141 660 3191 713 in
3221 656 3608 717 vetustioribus
3630 662 3932 720 editionibus

2352 726 2561 805 legatur
2590 731 2876 805 cet/uitatis:
2909 729 3110 785 Bswz.
3145 729 3313 786 Recte
3356 743 3615 801 praestant
3647 735 3935 805 a'quulitulis

2352 800 2477 855 cod.
2509 799 2643 853 Novi
2677 802 2816 875 (_Joll.
2848 800 2988 875 2,_et
3019 818 3118 875 nis.
3158 817 3319 875 meus
3340 799 3510 875 nuper
3539 799 3929 873 Tewa'tcranus,

2350 883 2473 942 cum
2497 870 2787 926 recentiori
2811 888 2874 927 ex
2902 872 3197 928 Drurianis.
3224 870 3430 942 Quibus
3452 876 3605 930 libris
3628 877 3793 932 simul
3814 870 3932 934 addo

2353 941 2497 997 Flori
2541 942 2917 1017 Lugdunensis
2965 941 3395 999 Commentarinm
3438 962 3610 1017 penes
3657 964 3744 1002 me
3786 949 3934 1005 inali-

2353 1021 2676 1090 t_um,_quem
2705 1016 2856 1090 prius
2878 1018 3193 1078 memoravi.
3216 1033 3372 1085 super
3395 1017 3661 1090 Epistolas
3683 1019 3931 1077 Paulinus.

2351 1083 2605 1141 Proxime
2633 1083 2928 1156 scripserat
2950 1098 3156 1153 auctor,
3189 1083 3472 1157 aequaliter.

2421 1157 2551 1235 ῼΑιι.
2582 1157 2775 1235 XXVI.
2804 1157 3169 1235 -_-_Prteclaru
3198 1171 3244 1214 et
3270 1160 3444 1215 divina
3472 1176 3574 1216 res.
3602 1160 3796 1217 Melius
3823 1176 3931 1235 pro-

2351 1228 2567 1301 cederet
2597 1232 2791 1294 oratio,
2815 1233 2857 1285 si
2889 1231 3156 1301 legeretur
3181 1248 3262 1286 res
3284 1242 3377 1285 est.

2427 1299 2549 1375 Dies
2578 1317 2668 1356 nos
2696 1303 2773 1355 vel
2811 1299 3096 1357 reditionis.
3130 1301 3434 1375 Cyprianus
3458 1305 3573 1374 jam
3614 1315 3741 1360 ante
3774 1305 3823 1360 in
3849 1306 3932 1363 hoc

2353 1372 2539 1428 libello
2576 1375 2783 1426 reduces
2824 1376 2894 1427 ad
2925 1372 3227 1441 paradisum
3251 1375 3421 1443 facere
3451 1372 3651 1441 liabet,
3689 1386 3742 1432 et
3767 1376 3859 1433 sub
3880 1378 3932 1432 li-

2357 1444 2604 1517 nem‘lib.
2624 1444 3054 1517 deAMortalitate,
3082 1463 3173 1500 nos
3198 1448 3441 1516 paradiso
3461 1449 3688 1501 restituit
3713 1458 3756 1501 ct
3781 1467 3930 1517 regno,

2354 1530 2406 1586 p.
2443 1515 2570 1571 281.
2613 1515 2731 1571 Vid.
2772 1526 2826 1571 et
2864 1516 2954 1571 lin.
3003 1515 3245 1585 epistolic
3290 1519 3358 1571 ad
3396 1518 3804 1573 Demetriunum.
3828 1515 3931 1576 Pri?-

2356 1602 2476 1641 mus
2511 1587 2780 1643 Pantelius
2808 1604 2994 1643 vocem
3028 1589 3329 1643 redditionis
3358 1605 3424 1645 ex
3456 1591 3620 1645 metis
3658 1600 3711 1646 et
3738 1590 3929 1648 Joatntis

2355 1657 2567 1732 Costeri
2610 1660 3028 1732 castigationibus
3072 1662 3296 1729 recepit.
3320 1662 3507 1716 Exstat
3544 1662 3767 1732 quidem
3796 1679 3850 1718 es
3887 1665 3929 1719 in

656 1734 943 1816 tectiorem
977 1734 1247 1825 revecavi,
1281 1746 1465 1825 verum
1497 1731 1829 1825 illrllypriani
1854 1733 2177 1788 editiOnibus
2199 1742 2253 1787 et
2281 1760 2329 1825 Β
2357 1730 2478 1825 eod;
2509 1730 2639 1786 Novi
2670 1731 2889 1825 Cum},
2922 1741 3083 1825 atque
3112 1731 3254 1816 idem
3296 1730 3625 1825 signiticaf‘,r
3647 1733 3785 1803 quod
3808 1738 3929 1789 retri-

659 1806 1037 1931 gialnuscriptis
1068 1803 1380 1876 frequenter
1410 1804 1660 1859 scribitur
1686 1804 1935 1871 redditus;
1966 1813 2253 1876 tueturque

705 1891 733 1931 a
760 1892 927 1931 unus.

705 1891 927 1933 alUlIUS.

730 1949 858 2004 CAP.
892 1949 1033 2021 XIV.
1067 1980 1138 1989 —
1164 1949 1292 2017 Quae
1338 1958 1572 2021 matrona
1599 1948 1841 2021 locuples.
1874 1949 2001 2017 Quae
2023 1958 2256 2004 matrona

658 2019 715 2074 in
741 2022 951 2077 ecclesia
977 2020 1167 2077 Christi
1200 2022 1447 2090 locuples.
1483 2018 1647 2077 Valde
1675 2018 1803 2091 puto
1832 2022 1930 2075 ista
1961 2023 2013 2074 in
2043 2022 2257 2076 ecclesia

662 2090 875 2160 Christi,
906 2110 1027 2164 qua:
1056 2096 1251 2149 desunt
1273 2094 1326 2148 in
1357 2093 1587 2163 antiquis
1613 2090 1955 2159 editionibus,
1986 2094 2037 2146 in
2067 2092 2254 2164 decem

661 2164 935 2221 codicibus
981 2165 1214 2237 nostris,
1256 2173 1315 2237 ct
1342 2165 1394 2219 in
1436 2165 1669 2237 quinque
1705 2166 2043 2236 Anglicauis,
2077 2163 2254 2237 addita

661 2248 794 2291 vero
832 2246 957 2293 sunt
1003 2255 1031 2293 a
1067 2236 1334 2302 Manutio,
1368 2236 1474 2291 non
1504 2236 1703 2292 debere
1741 2252 1861 2291 esse
1898 2237 1949 2291 in
1981 2236 2081 2291 hoc
2113 2236 2252 2291 loco.

663 2305 779 2379 Non
810 2318 984 2364 tamen
1017 2324 1179 2365 ausus
1205 2324 1322 2365 sum
1352 2322 1661 2379 expungere
1682 2350 1696 2372 ,
1740 2309 1860 2377 quia
1889 2324 1948 2362 ea
1983 2308 2160 2377 reperi
2200 2308 2254 2364 in

663 2378 911 2436 undecim
936 2382 1156 2436 vetustis
1186 2379 1602 2449 exemplaribus.
1629 2379 1825 2435 Bswz.
1860 2379 2087 2435 Exstant
2114 2395 2253 2450 quo-

664 2466 769 2522 que
794 2452 847 2507 in
880 2452 1031 2509 mstis
1058 2451 1416 2508 TeWaterano
1439 2466 1502 2506 ac
1526 2451 1940 2507 Meermannano
1967 2452 2119 2513 meis,
2148 2467 2252 2507 una

665 2538 787 2578 cum
815 2525 984 2580 altero
1013 2541 1077 2579 ex
1115 2523 1410 2577 Drurianis.
1442 2522 1575 2576 Cum
1621 2538 1748 2578 vero
1788 2524 1976 2579 eadem
2005 2522 2255 2578 emittant

665 2594 914 2651 undecim
942 2595 1171 2650 iortasse
1200 2595 1412 2649 codices
1433 2593 1655 2666 Baluzii,
1679 2604 1733 2650 et
1759 2595 1994 2666 quinque
2018 2594 2246 2665 Anglici,

666 2679 842 2736 neque
884 2666 937 2721 in
980 2666 1259 2722 vetustiori
1288 2682 1355 2737 ex
1387 2665 1658 2737 Drurianis
1683 2709 1697 2734 ,
1729 2665 2101 2737 neque’altero
2130 2680 2252 2722 meo

666 2751 795 2810 _ms.,
826 2753 1003 2810 neque
1028 2738 1080 2793 in
1108 2738 1276 2810 cod.l
1312 2736 1446 2810 Novi
1473 2736 1611 2793 Coll.
1643 2747 1881 2810 exstent,
1916 2738 2064 2794 isltcc
2095 2739 2257 2792 verba

665 2806 969 2880 importunis
1016 2819 1069 2866 et
1106 2808 1427 2866 editionibus
1467 2809 1843 2866 vetustissimis
1868 2806 2061 2881 ignota
2097 2809 2259 2865 relin-

665 2881 876 2952 quenda
900 2881 1153 2952 iudicavi.

736 2952 867 3009 Car.
902 2950 1021 3011 XV.
1058 2984 1129 2993 —
1163 2950 1492 3008 Dominicum
1530 2954 1787 3009 celebrare
1825 2963 1873 3009 le
1924 2954 2109 3008 credis.
2156 2951 2265 3008 Ett-

666 3023 976 3097 charistiam
1000 3069 1015 3093 ,
1045 3041 1164 3097 qua:
1195 3032 1279 3081 est
1307 3040 1462 3082 etena
1493 3026 1785 3092 Dominica,
1821 3025 1922 3081 hoc
1953 3025 2072 3079 loco
2102 3025 2267 3097 signi-

669 3095 813 3151 ﬁcari
840 3113 960 3153 cum
1007 3095 1154 3153 Fello
1179 3098 1520 3152 statuemium
1550 3108 1652 3152 cst.
1690 3098 1897 3153 Interea
1928 3111 2053 3152 cum
2092 3096 2259 3167 parti-

2360 1800 2501 1857 butio
2525 1844 2538 1865 ,
2571 1817 2691 1873 qme
2729 1804 2946 1871 quidem
2989 1800 3241 1873 Cypriani
3287 1800 3391 1858 vo'x
3426 1814 3528 1859 est.
3576 1800 3926 1861 Verumtamen

2360 1887 2461 1944 ego
2500 1889 2619 1928 cum
2652 1873 2882 1943 Rigaltio
2923 1874 3158 1939 probans
3197 1884 3434 1930 veterem
3478 1875 3770 1931 lectionem
3816 1879 3929 1931 redi-

2358 1946 2511 2019 tionis
2541 1960 2662 2019 eam
2688 1961 2948 2019 revocare
2978 1947 3160 2012 statui,
3196 1962 3316 2017 qua:
3345 1948 3397 2001 in
3427 1963 3524 2002 sex
3554 1948 3715 2004 libris
3743 1950 3927 2019 scriptis

2358 2017 2498 2088 apud
2543 2018 2631 2071 ed.
2675 2016 2873 2083 Oxon.,
2918 2026 2973 2072 et
3001 2019 3051 2071 in
3084 2029 3312 2088 quatuor
3352 2020 3510 2073 mstis
3540 2020 3681 2073 meis
3704 2061 3719 2085 ,
3751 2016 3860 2074 nam
3886 2021 3928 2075 in

2358 2087 2716 2143 Tewaterano
2743 2089 2988 2156 primitus
3008 2087 3205 2158 scripta
3236 2089 3429 2156 fuerat,
3465 2101 3687 2159 reperta
3713 2102 3807 2145 εει.
3834 2090 3923 2144 Vo-

2360 2173 2476 2214 cem
2508 2160 2772 2214 reditionis
2798 2161 3041 2229 aguoscit
3069 2160 3309 2216 Plautus.
3343 2161 3409 2216 Et
3437 2164 3767 2217 conveniunt
3792 2176 3925 2217 voces

2358 2231 2542 2285 reditio
2572 2242 2625 2285 et
2653 2235 2934 2301 persecutio
2964 2232 3068 2287 hoc
3095 2231 3219 2287 loco
3259 2234 3447 2303 posita:
3477 2244 3609 2289 cum
3650 2234 3753 2289 illis
3786 2249 3927 2290 accer-

2359 2303 2476 2376 sitio
2503 2311 2557 2357 et
2592 2304 2875 2376 persecutio
2897 2345 2911 2369 ,
2946 2319 3065 2376 qua:
3092 2318 3254 2374 supra
3297 2304 3350 2359 in
3385 2304 3523 2360 libro
3549 2305 3622 2359 de
3651 2304 3928 2361 Hortulitate

2357 2374 2511 2431 nobis
2536 2374 2912 2442 occurrebant,
2944 2374 2971 2446 §
3003 2376 3090 2433 l5.

3729 2496 3753 2521 ρ

2572 2557 2639 2614 ΙΝ
2677 2557 2939 2616 LIBRUM
2975 2557 3066 2614 DE
3105 2557 3284 2615 ZELO
3321 2557 3413 2615 ET
3450 2558 3732 2617 LIVORE.

2432 2737 2564 2793 Car.
2622 2737 2687 2793 ll.
2728 2767 2799 2779 ——
2845 2737 3038 2793 Circuit
3082 2740 3202 2805 ille,
3246 2747 3349 2795 etc.
3398 2738 3536 2796 Hinc
3580 2740 3812 2796 ﬁrmatur
3842 2753 3924 2809 op-

2364 2808 2497 2935 guunt
2506 2809 2833 2894 conjectura
2863 2810 2932 2865 cl.
2966 2809 3257 2868 Oberlburi
3289 2811 3396 2869 line
3421 2812 3515 2868 lib.
3547 2811 3840 2869 Tertulliani
3868 2808 3923 2866 de

2418 2898 2474 2935 ra
2499 2898 2634 2935 iane.

2418 2898 2634 2935 ratione.

2439 2952 2693 3025 Linguam
2715 2956 2939 3010 convicio
2960 2963 3217 3025 provocat.
3243 2954 3428 3011 Oratio
3450 2954 3678 3012 fortasse
3699 2955 3924 3026 integrior

2367 3034 2552 3093 esset,
2595 3025 2638 3079 si
2680 3041 2746 3081 ex
2780 3027 3130 3091 sequentibus
3167 3025 3455 3081 adderetur
3492 3028 3562 3081 ad
3590 3029 3923 3097 petulantiam,

2370 3105 2424 3151 et
2446 3111 2541 3167 pro
2570 3111 2700 3151 voce
2730 3100 3067 3168 petulantiam
3097 3098 3165 3153 ibi
3197 3100 3412 3155 inventa
3439 3099 3806 3154 rescriberetur
3828 3099 3922 3151 viu-

668 3148 2261 3239 attiguae"patiam;posse.a‘,";.;."at;.“;;e§ain}.
2287 3148 2332 3213 C
2366 3148 3059 3237 unus)".'aasasiaa“;
3097 3148 3412 3224 statim;
3440 3148 3921 3225 ’ἕιὲἷιὶῖὶὶίὶῑὲἱιιὲάὶη

670 3238 795 3294 edd.
841 3242 1088 3312 princeps
1129 3251 1183 3296 et
1208 3238 1564 3312 ,Erasmiana,
1607 3240 1765 3295 simul
1806 3238 1869 3295 ac
1908 3241 2090 3309 scripti
2139 3239 2258 3312 libri

671 3312 861 3383 nostri,
892 3314 1000 3380 jam
1028 3313 1153 3366 olim
1186 3311 1545 3367 decrevissem
1578 3312 1792 3382 ejicere,
1829 3322 2012 3383 postea
2036 3312 2179 3366 illam
2206 3311 2260 3367 in

673 3381 838 3435 tribus
871 3384 987 3437 aliis
1014 3384 1166 3437 mstis
1191 3383 1382 3437 deesse
1408 3386 1570 3439 sensi.

740 3451 872 3508 CAP.
896 3453 1037 3508 XVI.
1057 3485 1128 3495 —
1152 3453 1497 3523 lnfelicitatis.
1530 3453 1703 3523 Vulgo
1725 3453 2064 3521 inﬁdelitatis.
2099 3471 2118 3504 ι
2157 3453 2259 3507 Pa-

678 3542 698 3576 ι
735 3539 854 3579 rum
883 3524 1069 3591 abluit,
1117 3545 1137 3578 ι
1170 3525 1243 3579 ait
1280 3524 1551 3591 Baluzius,
1588 3542 1607 3576 ι
1645 3526 1770 3596 quin
1804 3540 2057 3594 ponerem
2089 3526 2263 3594 infeli-

678 3615 697 3649 ι
731 3598 901 3652 citatis
942 3596 1092 3669 juxta
1126 3597 1410 3653 lectionem
1444 3606 1683 3651 veterum
1706 3597 2022 3669 editionum
2045 3639 2059 3664 ,
2103 3612 2262 3667 quam

677 3687 697 3720 ι
732 3667 1051 3725 conﬁrmant
1086 3668 1270 3740 viginti
1297 3678 1350 3725 et
1372 3669 1480 3725 duo
1505 3667 1831 3739 exemplaria
1861 3679 2039 3724 nostra
2074 3678 2127 3724 et
2160 3686 2262 3740 un-

678 3759 697 3793 ι
731 3740 903 3826 decim
936 3739 1250 3826 Anglicana.
1280 3741 1545 3826 Manutius
1574 3742 1749 3826 posuit
1774 3741 2113 3826 infidelitatis.
2135 3739 2265 3826 Ali-

678 3831 697 3864 ι
738 3821 818 3867 ter
840 3811 1077 3867 Pamelio
1103 3814 1274 3867 visum
1299 3826 1382 3869 est
1436 3831 1455 3865 ›
1486 3812 1611 3867 Ηὶῐῖϐ
1637 3812 1905 3867 Baluzius.
1932 3812 2027 3868 Vis
2056 3811 2264 3878 dubito,

672 3882 798 3953 quin
840 3885 1024 3940 reduci
1055 3885 1121 3938 ad
1155 3885 1297 3939 hunc
1334 3884 1510 3939 locum
1540 3884 1736 3938 debeat
1762 3900 1864 3938 vox
1911 3885 2265 3954 infelicitatis,

672 3968 793 4024 quae
820 3968 941 4007 cum
970 3956 1060 4010 illa
1089 3956 1370 4010 sterilitatis
1402 3955 1554 4025 jungi
1590 3957 1760 4021 solet;
1791 3956 1980 4010 Sterile
2009 3956 2152 4009 enim
2183 3963 2267 4009 al-

672 4040 769 4093 que
801 4026 988 4092 iufelia:
1017 4026 1183 4080 solum
1215 4026 1355 4081 baud
1387 4041 1512 4081 raro
1551 4026 1764 4081 dicitur.
1798 4025 1947 4081 lianc
1988 4026 2151 4097 igitur
2178 4041 2272 4081 vo-

674 4109 792 4150 cem
825 4097 1073 4152 revocavi
1116 4097 1344 4165 Rigaltio
1381 4113 1595 4168 quoque
1640 4097 1915 4166 probatam
1941 4140 1954 4161 ,
1997 4107 2052 4153 ct
2083 4098 2135 4151 in
2175 4112 2270 4153 sex

674 4168 829 4239 mstis
858 4168 986 4224 mihi
1012 4168 1203 4235 visam;
1235 4169 1331 4225 sed
1356 4169 1410 4224 in
1439 4169 1542 4223 alio
1569 4168 1800 4239 quodam
1832 4170 2016 4225 codice
2047 4185 2167 4224 meo
2196 4168 2274 4224 le-

673 4237 815 4310 gitur
843 4241 1189 4309 infidelitatis.

760 4310 926 4385 Vidua
952 4324 1001 4367 et
1029 4314 1179 4385 inops
1227 4314 1280 4368 in
1320 4329 1470 4385 opere
1512 4313 1783 4367 invenitur.
1832 4315 1971 4368 Ante
2000 4311 2276 4367 Baluzium

673 4382 1002 4456 priestabant
1028 4384 1157 4440 editi
1183 4382 1422 4456 plerique
1449 4384 1602 4439 vidua
1625 4394 1672 4456 et
1697 4385 1845 4455 inops
1876 4385 2028 4439 vidua
2048 4385 2101 4438 in
2126 4400 2279 4456 opere

675 4454 824 4526 larga
861 4457 1137 4511 invenitur.
1180 4454 1397 4513 Praetuli
1424 4472 1525 4528 ego
1552 4454 1796 4513 codicum
1832 4472 2082 4528 meorum
2103 4455 2279 4528 scrip.-

2402 3249 2622 3308 rompta.

2363 3259 2682 3367 pr‘élnszgfalull.
2703 3344 2773 3353 —
2795 3310 2890 3367 Vel
2926 3311 3141 3381 fallaces
3167 3310 3385 3368 insidias
3415 3313 3488 3369 vel
3529 3321 3716 3382 apertus
3746 3309 3918 3382 minus.

2375 3381 2465 3438 Vel
2504 3392 2630 3438 ante
2667 3385 2888 3510 fallaces
2920 3386 3201 3450 revocavi,
3234 3383 3379 3454 quod
3405 3381 3649 3439 omissum
3674 3392 3751 3437 est
3775 3398 3803 3435 a
3827 3381 3923 3436 Ba-

2375 3455 2510 3510 luzio
2535 3494 2551 3510 .
2598 3470 2659 3509 su
2706 3457 3015 3510 restantibus
3061 3455 3191 3509 mihi
3231 3456 3421 3510 codice
3458 3452 3586 3510 Novi
3614 3452 3746 3509 Coll.
3775 3453 3837 3510 2.
3877 3463 3923 3507 et

2366 3455 2510 3510 luzio
2535 3494 2551 3520 ,
2598 3452 3015 3526 suifragantibus
3061 3455 3191 3509 mihi
3231 3452 3421 3511 codice
3458 3452 3586 3512 Navi
3614 3452 3746 3509 Coll.
3775 3453 3924 3526 ενοι

2370 3534 2508 3582 msto
2539 3524 2933 3598 utroqueimeo,
2965 3529 3166 3596 pariter
3191 3536 3354 3598 atque
3383 3527 3539 3598 editt.
3562 3535 3682 3582 ante
3704 3524 3921 3581 Baluzia-

2371 3613 2513 3652 nam.
2546 3596 2697 3654 Nunc
2726 3597 2865 3653 addo
2894 3599 3109 3653 codices
3138 3596 3370 3670 scriptos
3400 3597 3852 3655 Meermanuauum
3875 3603 3919 3649 et

2372 3681 2661 3740 utrumque
2691 3669 3031 3740 Drurianmn.

2439 3736 2588 3796 (ἰλιιᾷ
2624 3739 2727 3812 IV.
2750 3771 2820 3781 —
2852 3739 2989 3794 Dum
3024 3739 3285 3796 diabolum
3311 3742 3397 3812 qui
3423 3742 3559 3796 zelut
3588 3742 3815 3795 imitatur.
3842 3736 3925 3791 Zu-

2373 3813 2547 3867 bulum
2570 3828 2675 3866 non
2701 3811 2972 3868 diabolum
3007 3822 3224 3883 prastat
3250 3811 3628 3868 decodicibus
3653 3813 3775 3868 meis
3793 3824 3923 3883 unus.

2373 3884 2527 3955 isque
2554 3884 2935 3957 metnbraneus
2957 3926 2977 3957 _,
3007 3880 3064 3957 et
3092 3884 3148 3957 in
3176 3883 3573 3957 editt.‘_aliquot
3613 3883 3840 3957 Cypriani
3870 3880 3927 3957 ita

2370 3952 2789 4027 vo’x‘scribitur.
2819 3972 2838 4007 ι
2875 3954 3117 4027 Zabolus
3136 3952 3181 4009 ls
3207 3952 3578 4027 estdiabolus,
3615 3952 3930 4027 praeuenta

2381 4046 2400 4079 ι
2440 4025 2650 4084 ιιΕιοὶθε
2674 4032 2739 4094 ζα.
2760 4025 2969 4083 dixere.
3017 4044 3038 4079 ι
3081 4025 3307 4083 Gesneri
3347 4024 3500 4099 Ling.
3549 4021 3674 4081 Lat.
3718 4024 3849 4081 Thes.
3885 4021 3930 4075 in

2377 4114 2530 4155 νοω.

2446 4171 2577 4225 Car.
2604 4167 2671 4242 Vr.
2703 4201 2773 4210 —
2803 4169 2871 4225 In
2938 4170 3113 4225 odium
3165 4170 3527 4241 persecutionis
3565 4170 3759 4242 facibus
3790 4164 3932 4222 livoris

2379 4243 2589 4298 exarsit.
2637 4241 2827 4296 Odium
2855 4243 3250 4313 persecutionis,
3299 4258 3419 4312 qua:
3453 4252 3537 4297 est
3568 4241 3823 4313 librorum
3846 4246 3934 4291 tam

2381 4315 2707 4384 scriptorum
2737 4310 2893 4385 quam
2926 4314 3193 4370 editorum
3223 4310 3387 4370 lectio
3407 4357 3423 4383 ,
3454 4313 3642 4369 odium
3671 4310 3903 4385 signiﬁcat
3922 4346 3936 4373 ,

2382 4399 2448 4441 ex
2476 4400 2586 4456 quo
2617 4395 2732 4439 orta
2765 4389 3068 4456 persecutio
3095 4385 3184 4440 sit.

2460 4454 2579 4510 Miti
2601 4452 2806 4511 lenitate
2837 4458 3127 4524 patientem.
3153 4456 3271 4511 Etsi
3296 4455 3521 4512 reducta
3550 4457 3647 4512 luit
3672 4471 3763 4510 vox
3791 4452 3942 4506 mitem

675 4525 849 4600 turam
900 4544 1036 4598 pene
1080 4530 1319 4584 omnium
1346 4572 1362 4596 ,
1396 4525 1601 4584 tantum
1633 4529 1683 4583 in
1715 4528 1837 4584 cod.
1871 4526 2002 4582 Novi
2049 4525 2186 4600 Coll.
2223 4528 2277 4593 l,
2307 4535 2360 4595 1)
2388 4542 2485 4600 pro
2515 4528 2626 4600 miti
2672 4527 2723 4583 in
2771 4527 3065 4583 editionem
3096 4527 3500 4600 Benediclinam
3526 4571 3540 4596 ,
3576 4526 3943 4600 pratulinttnc

674 4606 730 4672 et
760 4597 812 4652 in
851 4597 1081 4672 utquue
1115 4600 1374 4656 llruriano
1408 4615 1508 4655 vox
1531 4600 2097 4672 Aviduairepetjtaest,
2144 4598 2272 4672 dum

676 4669 813 4742 dives
843 4670 894 4724 in
926 4669 1078 4741 apere
1106 4681 1327 4742 prtestat
1354 4671 1476 4727 cod.
1520 4670 1653 4726 Novi
1686 4669 1827 4727 Coll.
1866 4670 1922 4734 2,
1958 4671 2017 4742 in
2053 4669 2275 4742 vocibus

676 4741 818 4796 enim
851 4739 1002 4814 inops
1025 4752 1078 4798 et
1106 4739 1262 4813 opere
1302 4745 1359 4798 ﬁt
1388 4744 1782 4814 paronomasia,
1828 4751 1883 4796 ut
1922 4741 2168 4797 rhetores
2193 4739 2274 4797 lo-

674 4813 1144 4886 quantunNescit
1174 4831 1359 4886 vocem
1394 4817 1540 4886 larga
1567 4813 1987 4886 cditiolﬂrasmi.

748 4885 981 4941 Christus
1014 4886 1146 4940 illud
1174 4885 1271 4941 Dei
1302 4888 1438 4942 dona
1464 4882 1711 4956 appellat.
1741 4883 2104 4942 Relercndum
2130 4882 2280 4940 vide-

677 4957 1018 5030 lurﬁilludﬂad
1051 4959 1492 5030 gazophylaciqu
1522 4972 1702 5030 supra.

746 5029 876 5085 CAP.
914 5028 1035 5084 XX.
1058 5026 1141 5070 ’-
1170 5026 1233 5083 Et
1265 5026 1439 5096 'nunc,
1473 5029 1581 5097 fili,
1617 5029 1804 5083 mando
1829 5070 1844 5094 ,
1877 5037 1983 5084 etc.
2015 5026 2094 5082 Ad
2130 5040 2279 5081 oram

674 5103 803 5158 msti
837 5101 1089 5157 Druriani
1129 5102 1450 5157 recentioris
1478 5099 1693 5169 scripsit
1722 5100 1992 5155 librarius.
2034 5097 2293 5153 Mandata

677 5171 849 5227 Tobias
878 5174 945 5228 ad
991 5173 1128 5242 filios
1155 5172 1509 5226 saluberrima.
1552 5172 1669 5228 Mox
1704 5188 1799 5242 pro
1832 5171 2054 5226 vocibus
2098 5170 2153 5223 iu
2197 5186 2285 5240 ge-

676 5244 896 5299 hennam
940 5246 1292 5300 substituerat
1333 5261 1399 5299 ex
1432 5243 1706 5299 codicibus
1737 5244 1891 5297 mSIis
1920 5242 2099 5297 Fellus
2128 5243 2179 5294 in
2212 5251 2285 5295 te-

676 5317 881 5381 nebras,
913 5318 1007 5372 sed
1040 5318 1202 5373 etiam
1236 5317 1353 5372 libri
1381 5316 1564 5386 scripti
1600 5317 1739 5370 inter
1765 5329 1825 5368 se
1858 5314 1943 5368 Ιιὶο
1974 5314 2204 5367 variant.

744 5389 877 5444 Car.
931 5389 1074 5445 XXI.
1114 5418 1187 5430 -——
1216 5389 1503 5459 Quadi-iga.
1562 5387 1825 5458 Majorum
1874 5386 2284 5459 magistratuum

674 5459 912 5516 honores
958 5471 1013 5517 et
1065 5456 1313 5531 insignia.
1362 5456 1612 5525 Carales,
1647 5456 1835 5531 inquit
1897 5456 2128 5523 Festus,
2172 5456 2286 5527 equi

673 5534 1025 5605 quadrigulas.
1063 5532 1226 5605 Εειι..

746 5600 882 5662 Car:
943 5603 1112 5661 XXII.
1154 5635 1225 5646 ——
1264 5604 1335 5659 Ac
1381 5605 1481 5660 nisi
1510 5603 1665 5660 editio
1714 5603 1924 5658 honesta
1970 5600 2284 5655 successerit.

671 5678 761 5734 Sic
790 5680 885 5734 lib.
919 5678 983 5731 ad
1022 5678 1288 5732 Donatum
1321 5693 1335 5731 :
1380 5676 1555 5734 Stulta
1584 5691 1798 5741 prorsus
1824 5683 1873 5733 et
1903 5689 2035 5727 vana
2049 5673 2284 5741 jactura,

669 5751 971 5823 frustrantia
992 5749 1274 5815 spectaculi
1300 5750 1554 5823 voluptate
1580 5742 1639 5802 id
1668 5761 1853 5815 parare
1884 5743 2120 5823 voluisge,
2154 5742 2289 5813 quod

666 5815 760 5876 nec
780 5818 1012 5890 populus
1035 5825 1311 5900 acciperet,
1341 5835 1385 5876 et
1410 5815 1643 5893 perderet
1667 5825 2019 5891 ntagiuratus.
2046 5815 2213 5874 FELL.

2386 4594 2486 4671 ego
2518 4598 2805 4655 lectionem
2841 4600 3068 4655 alteram
3095 4641 3111 4668 ,
3142 4598 3424 4656 codicibus
3458 4594 3674 4671 scriptis
3709 4597 3833 4653 meis
3860 4594 3944 4650 iit-

2379 4680 2600 4726 malam.

2456 4742 2642 4799 Simul.
2667 4743 2726 4799 In
2756 4758 2862 4798 uno
2892 4742 3031 4799 libro
3061 4738 3191 4800 meo'
3214 4743 3472 4813 scriptum
3502 4752 3587 4799 est
3602 4742 3773 4807 semel,
3799 4747 3847 4794 et
3870 4748 3945 4813 se:

2382 4829 2477 4885 pra
2516 4814 2713 4869 lineam
2743 4814 2822 4869 vel
2845 4815 3020 4869 simul.
3067 4815 3203 4871 Hinc
3237 4806 3387 4885 ergo,
3421 4815 3495 4870 uti
3518 4815 3633 4885 jam
3677 4806 3945 4885 nonsentel

2382 4879 2618 4958 diximus
2638 4928 2654 4954 ,
2683 4894 2801 4942 orta
2826 4895 2909 4941 est
2934 4879 3449 4958 discrepantia—quae
3475 4879 3597 4941 istic
3628 4884 3879 4958 reperitur
3904 4879 3947 4932 in

2384 4955 2661 5031 codicibus
2690 4958 3095 5031 manuscriptis,
3119 4955 3364 5031 quorum
3391 4958 3636 5031 nonnulli
3671 4955 3947 5031 habentes.-

2387 5029 2519 5092 mel,
2562 5028 2653 5083 alii
2690 5030 2863 5084 simul.
2896 5023 3093 5084 BAan.
3136 5023 3344 5096 Simul,
3382 5044 3503 5100 quae.
3544 5029 3674 5083 edit.
3723 5023 3949 5100 principis

2386 5101 2651 5168 scriptura
2677 5110 2781 5168 est,
2810 5100 3172 5169 adstipulante
3201 5102 3249 5156 ei
3277 5116 3384 5154 uno
3403 5099 3477 5155 ex
3506 5101 3660 5155 mstis
3691 5099 3852 5157 meis,
3882 5106 3949 5146 res

2386 5169 2609 5237 vocavi,
2639 5173 2738 5227 etsi
2772 5171 3043 5226 interdum
3074 5172 3228 5226 semel
3270 5187 3365 5240 pro
3396 5188 3607 5239 prorsus
3638 5182 3692 5226 et
3719 5171 3768 5223 in
3794 5178 3948 5240 perpe-

2388 5252 2531 5297 tuum
2577 5253 2786 5317 veteres
2837 5252 3059 5309 ponunt.
3112 5241 3286 5298 Habet
3328 5243 3563 5317 sibi_pro
3607 5243 3760 5317 simul
3803 5241 3948 5317 code!

2389 5329 2543 5369 meus
2581 5314 2707 5369 olim
2735 5313 3146 5386 Tewateranus,
3178 5330 3323 5386 anno
3351 5314 3493 5386 I596
3520 5316 3774 5386 scriptus,
3802 5313 3951 5386 etsis-

2388 5387 2509 5458 gula
2538 5401 2635 5456 pro
2660 5387 2909 5456 singulos.
2939 5385 3057 5441 Mox
3093 5380 3188 5441 lin.
3220 5385 3313 5449 50,
3342 5385 3529 5440 videris
3571 5380 3666 5455 pro
3697 5380 3950 5458 perspice,

2391 5450 2598 5527 cogita,
2634 5450 2817 5527 posuit
2836 5465 3024 5512 auctor
3054 5477 3066 5511 :
3099 5466 3153 5513 et
3193 5466 3329 5513 sect.
3361 5461 3393 5512 6
3418 5500 3433 5522 ,
3463 5450 3624 5512 verba
3651 5500 3664 5524 ,
3698 5450 3785 5527 qui
3824 5450 3953 5505 libri-

2391 5532 2613 5584 stianum
2654 5546 2706 5582 sc
2732 5531 2987 5595 mentitur,
3024 5528 3516 5600 quorumordinem
3550 5530 3645 5584 sic.
3667 5528 3783 5582 sine
3818 5530 3953 5599 caus?

2393 5601 2599 5671 primus
2639 5602 2865 5655 mutavit
2894 5599 3157 5655 Manutius
3178 5645 3193 5668 ,
3224 5602 3311 5671 qui
3344 5617 3397 5655 se
3431 5599 3775 5657 Christianum
3804 5602 3953 5649 metut-

2394 5682 2495 5737 tur,
2530 5687 2593 5726 ex
2624 5671 2779 5727 editt.
2815 5672 3200 5727 vetustioribus
3228 5672 3464 5729 restitui.
3890 5733 3913 5739 _,

2463 5733 2594 5799 Car.
2622 5742 2761 5797 Xlll.
2794 5776 2863 5784 —
2896 5742 2960 5798 Et
3016 5744 3113 5799 zeli
3141 5761 3200 5798 ac
3226 5744 3399 5799 livoris
3426 5745 3644 5800 alienus.
3677 5740 3832 5799 Vocis
3855 5733 3955 5791 allt-

2401 5832 2493 5875 nus
2518 5831 2638 5874 cum
2679 5817 2930 5887 genitiris
2970 5816 3087 5877 i5tis
3126 5817 3539 5889 constructioni,
3582 5830 3738 5887 quam
3778 5811 3954 5885 primus
