  <div class='ocr_page' id='page_1' title='image "/cluster/home/n/w/nwhite01/storage/ocr_20150623/4/hvd.32044048207708/580.png"; bbox 0 0 4156 6248; ppageno 0'>
   <div class='ocr_carea' id='block_1_1' title="bbox 307 240 452 300">
    <p class='ocr_par' dir='ltr' id='par_1_1' title="bbox 307 240 452 300">
     <span class='ocr_line' id='line_1_1' title="bbox 307 240 452 300; baseline -0.034 0"><span class='ocrx_word' id='word_1_1' title='bbox 307 240 452 300; x_wconf 73' lang='grc'><strong>1149</strong></span> 
     </span>
    </p>
   </div>
   <div class='ocr_carea' id='block_1_2' title="bbox 1405 234 2469 296">
    <p class='ocr_par' dir='ltr' id='par_1_2' title="bbox 1405 234 2469 296">
     <span class='ocr_line' id='line_1_2' title="bbox 1405 234 2469 296; baseline 0.002 -6"><span class='ocrx_word' id='word_1_2' title='bbox 1405 234 1782 294; x_wconf 62' lang='grc' dir='ltr'><strong>ΡΒᾸΕΡΔΤΙΟ</strong></span> <span class='ocrx_word' id='word_1_3' title='bbox 1818 238 1870 295; x_wconf 81' lang='lat' dir='ltr'><strong>J.</strong></span> <span class='ocrx_word' id='word_1_4' title='bbox 1916 236 1979 294; x_wconf 90' lang='lat' dir='ltr'><strong>C.</strong></span> <span class='ocrx_word' id='word_1_5' title='bbox 2025 236 2469 296; x_wconf 77' lang='lat' dir='ltr'><strong>TROMBELLII.</strong></span> 
     </span>
    </p>
   </div>
   <div class='ocr_carea' id='block_1_3' title="bbox 3480 238 3624 300">
    <p class='ocr_par' dir='ltr' id='par_1_3' title="bbox 3480 238 3624 300">
     <span class='ocr_line' id='line_1_3' title="bbox 3480 238 3624 300; baseline -0.007 0"><span class='ocrx_word' id='word_1_6' title='bbox 3480 238 3624 300; x_wconf 68' lang='lat'><strong>“50</strong></span> 
     </span>
    </p>
   </div>
   <div class='ocr_carea' id='block_1_4' title="bbox 307 353 3630 428">
    <p class='ocr_par' dir='ltr' id='par_1_4' title="bbox 307 353 3630 428">
     <span class='ocr_line' id='line_1_4' title="bbox 307 353 3630 428; baseline 0.001 -15"><span class='ocrx_word' id='word_1_7' title='bbox 307 357 520 428; x_wconf 80' lang='lat' dir='ltr'><strong>recepit</strong></span> <span class='ocrx_word' id='word_1_8' title='bbox 561 355 865 428; x_wconf 74' lang='lat' dir='ltr'><strong>Manutius,</strong></span> <span class='ocrx_word' id='word_1_9' title='bbox 909 355 1319 428; x_wconf 70' lang='lat' dir='ltr'><strong>patrocinantur</strong></span> <span class='ocrx_word' id='word_1_10' title='bbox 1358 353 1487 428; x_wconf 72' lang='lat' dir='ltr'><strong>cod.</strong></span> <span class='ocrx_word' id='word_1_11' title='bbox 1516 363 1751 428; x_wconf 81' lang='lat' dir='ltr'><strong>uterque</strong></span> <span class='ocrx_word' id='word_1_12' title='bbox 1778 357 1916 415; x_wconf 88' lang='lat' dir='ltr'><strong>Novi</strong></span> <span class='ocrx_word' id='word_1_13' title='bbox 1942 356 1996 418; x_wconf 79' lang='grc' dir='ltr'><strong>Α</strong></span> <span class='ocrx_word' id='word_1_14' title='bbox 2020 373 2122 412; x_wconf 80' lang='lat' dir='ltr'><strong>non</strong></span> <span class='ocrx_word' id='word_1_15' title='bbox 2170 365 2336 427; x_wconf 73' lang='lat' dir='ltr'><strong>potes.</strong></span> <span class='ocrx_word' id='word_1_16' title='bbox 2368 354 2699 428; x_wconf 10' lang='lat' dir='ltr'><strong>,Editionum</strong></span> <span class='ocrx_word' id='word_1_17' title='bbox 2742 357 3098 413; x_wconf 87' lang='lat' dir='ltr'><strong>vetustiorum</strong></span> <span class='ocrx_word' id='word_1_18' title='bbox 3141 358 3431 415; x_wconf 84' lang='lat' dir='ltr'><strong>lectionem</strong></span> <span class='ocrx_word' id='word_1_19' title='bbox 3469 374 3630 416; x_wconf 84' lang='lat' dir='ltr'><strong>revo-</strong></span> 
     </span>
    </p>
   </div>
   <div class='ocr_carea' id='block_1_5' title="bbox 306 424 1924 500">
    <p class='ocr_par' dir='ltr' id='par_1_5' title="bbox 306 424 1924 500">
     <span class='ocr_line' id='line_1_5' title="bbox 306 424 1924 500; baseline -0.001 -15"><span class='ocrx_word' id='word_1_20' title='bbox 306 424 537 500; x_wconf 78' lang='lat' dir='ltr'><strong>Collegii</strong></span> <span class='ocrx_word' id='word_1_21' title='bbox 562 443 627 484; x_wconf 93' lang='lat' dir='ltr'><strong>ac</strong></span> <span class='ocrx_word' id='word_1_22' title='bbox 651 444 805 485; x_wconf 90' lang='lat' dir='ltr'><strong>meus</strong></span> <span class='ocrx_word' id='word_1_23' title='bbox 820 424 1232 500; x_wconf 66' lang='lat' dir='ltr'><strong>Tevvateranns.</strong></span> <span class='ocrx_word' id='word_1_24' title='bbox 1247 424 1403 482; x_wconf 87' lang='lat' dir='ltr'><strong>Nunc</strong></span> <span class='ocrx_word' id='word_1_25' title='bbox 1425 424 1566 482; x_wconf 85' lang='lat' dir='ltr'><strong>addo</strong></span> <span class='ocrx_word' id='word_1_26' title='bbox 1587 424 1690 500; x_wconf 75' lang='lat' dir='ltr'><strong>ms.</strong></span> <span class='ocrx_word' id='word_1_27' title='bbox 1715 437 1924 485; x_wconf 83' lang='lat' dir='ltr'><strong>utrum-</strong></span> 
     </span>
    </p>
   </div>
   <div class='ocr_carea' id='block_1_6' title="bbox 350 498 1916 572">
    <p class='ocr_par' dir='ltr' id='par_1_6' title="bbox 350 498 1916 572">
     <span class='ocr_line' id='line_1_6' title="bbox 350 498 1916 572; baseline 0 -17"><span class='ocrx_word' id='word_1_28' title='bbox 350 515 418 555; x_wconf 89' lang='lat' dir='ltr'><strong>ue</strong></span> <span class='ocrx_word' id='word_1_29' title='bbox 457 498 780 572; x_wconf 84' lang='lat' dir='ltr'><strong>Drurianum</strong></span> <span class='ocrx_word' id='word_1_30' title='bbox 823 509 876 556; x_wconf 90' lang='lat' dir='ltr'><strong>et</strong></span> <span class='ocrx_word' id='word_1_31' title='bbox 911 498 1391 572; x_wconf 23' lang='lat' dir='ltr'><strong>Meerman‘nanum</strong></span> <span class='ocrx_word' id='word_1_32' title='bbox 1428 514 1549 572; x_wconf 77' lang='lat' dir='ltr'><strong>cum</strong></span> <span class='ocrx_word' id='word_1_33' title='bbox 1591 498 1739 572; x_wconf 62' lang='lat' dir='ltr'><strong>Fieri</strong></span> <span class='ocrx_word' id='word_1_34' title='bbox 1772 500 1916 572; x_wconf 76' lang='lat' dir='ltr'><strong>Lug—</strong></span> 
     </span>
    </p>
   </div>
   <div class='ocr_carea' id='block_1_7' title="bbox 351 570 1920 640">
    <p class='ocr_par' dir='ltr' id='par_1_7' title="bbox 351 570 1920 640">
     <span class='ocr_line' id='line_1_7' title="bbox 351 570 1920 640; baseline 0.004 -13"><span class='ocrx_word' id='word_1_35' title='bbox 351 574 568 627; x_wconf 86' lang='lat' dir='ltr'><strong>unensis</strong></span> <span class='ocrx_word' id='word_1_36' title='bbox 625 570 1031 628; x_wconf 82' lang='lat' dir='ltr'><strong>Commentario</strong></span> <span class='ocrx_word' id='word_1_37' title='bbox 1076 570 1279 626; x_wconf 90' lang='lat' dir='ltr'><strong>inedito</strong></span> <span class='ocrx_word' id='word_1_38' title='bbox 1333 571 1384 625; x_wconf 93' lang='lat' dir='ltr'><strong>in</strong></span> <span class='ocrx_word' id='word_1_39' title='bbox 1432 570 1581 625; x_wconf 85' lang='lat' dir='ltr'><strong>Pauli</strong></span> <span class='ocrx_word' id='word_1_40' title='bbox 1630 570 1920 640; x_wconf 74' lang='lat' dir='ltr'><strong>Epistolas.</strong></span> 
     </span>
    </p>
   </div>
   <div class='ocr_carea' id='block_1_8' title="bbox 311 644 1918 713">
    <p class='ocr_par' dir='ltr' id='par_1_8' title="bbox 311 644 1918 713">
     <span class='ocr_line' id='line_1_8' title="bbox 311 644 1918 713; baseline 0.002 -12"><span class='ocrx_word' id='word_1_41' title='bbox 311 644 552 701; x_wconf 82' lang='lat' dir='ltr'><strong>Alteram</strong></span> <span class='ocrx_word' id='word_1_42' title='bbox 575 659 704 698; x_wconf 85' lang='lat' dir='ltr'><strong>vero</strong></span> <span class='ocrx_word' id='word_1_43' title='bbox 731 645 1217 710; x_wconf 85' lang='lat' dir='ltr'><strong>constructionem,</strong></span> <span class='ocrx_word' id='word_1_44' title='bbox 1241 658 1362 713; x_wconf 81' lang='lat' dir='ltr'><strong>quae</strong></span> <span class='ocrx_word' id='word_1_45' title='bbox 1388 644 1560 711; x_wconf 89' lang='lat' dir='ltr'><strong>posita</strong></span> <span class='ocrx_word' id='word_1_46' title='bbox 1583 653 1668 698; x_wconf 82' lang='lat' dir='ltr'><strong>est</strong></span> <span class='ocrx_word' id='word_1_47' title='bbox 1686 646 1735 697; x_wconf 90' lang='lat' dir='ltr'><strong>in</strong></span> <span class='ocrx_word' id='word_1_48' title='bbox 1761 645 1918 705; x_wconf 90' lang='lat' dir='ltr'><strong>editt.</strong></span> 
     </span>
    </p>
   </div>
   <div class='ocr_carea' id='block_1_9' title="bbox 309 715 1924 785">
    <p class='ocr_par' dir='ltr' id='par_1_9' title="bbox 309 715 1924 785">
     <span class='ocr_line' id='line_1_9' title="bbox 309 715 1924 785; baseline 0.001 -13"><span class='ocrx_word' id='word_1_49' title='bbox 309 717 676 772; x_wconf 80' lang='lat' dir='ltr'><strong>Manutianam</strong></span> <span class='ocrx_word' id='word_1_50' title='bbox 707 715 1141 785; x_wconf 61' lang='lat' dir='ltr'><strong>praecedentibus</strong></span> <span class='ocrx_word' id='word_1_51' title='bbox 1168 755 1181 778; x_wconf 91' lang='lat'><strong>,</strong></span> <span class='ocrx_word' id='word_1_52' title='bbox 1225 725 1271 767; x_wconf 89' lang='lat' dir='ltr'><strong>et</strong></span> <span class='ocrx_word' id='word_1_53' title='bbox 1306 731 1338 766; x_wconf 89' lang='lat' dir='ltr'><strong>a</strong></span> <span class='ocrx_word' id='word_1_54' title='bbox 1376 715 1487 768; x_wconf 82' lang='lat' dir='ltr'><strong>zelo</strong></span> <span class='ocrx_word' id='word_1_55' title='bbox 1518 732 1578 769; x_wconf 89' lang='lat' dir='ltr'><strong>ac</strong></span> <span class='ocrx_word' id='word_1_56' title='bbox 1612 716 1767 771; x_wconf 83' lang='lat' dir='ltr'><strong>livore</strong></span> <span class='ocrx_word' id='word_1_57' title='bbox 1793 718 1924 773; x_wconf 85' lang='lat' dir='ltr'><strong>alie-</strong></span> 
     </span>
    </p>
   </div>
   <div class='ocr_carea' id='block_1_10' title="bbox 312 785 1920 858">
    <p class='ocr_par' dir='ltr' id='par_1_10' title="bbox 312 785 1920 858">
     <span class='ocr_line' id='line_1_10' title="bbox 312 785 1920 858; baseline 0.001 -15"><span class='ocrx_word' id='word_1_58' title='bbox 312 804 426 854; x_wconf 79' lang='lat' dir='ltr'><strong>nus,</strong></span> <span class='ocrx_word' id='word_1_59' title='bbox 458 803 599 842; x_wconf 89' lang='lat' dir='ltr'><strong>unus</strong></span> <span class='ocrx_word' id='word_1_60' title='bbox 627 786 694 841; x_wconf 83' lang='lat' dir='ltr'><strong>de</strong></span> <span class='ocrx_word' id='word_1_61' title='bbox 721 785 877 841; x_wconf 77' lang='lat' dir='ltr'><strong>libris</strong></span> <span class='ocrx_word' id='word_1_62' title='bbox 906 787 1041 841; x_wconf 89' lang='lat' dir='ltr'><strong>meis</strong></span> <span class='ocrx_word' id='word_1_63' title='bbox 1070 785 1251 842; x_wconf 85' lang='lat' dir='ltr'><strong>habet.</strong></span> <span class='ocrx_word' id='word_1_64' title='bbox 1283 785 1533 842; x_wconf 86' lang='lat' dir='ltr'><strong>Proxime</strong></span> <span class='ocrx_word' id='word_1_65' title='bbox 1562 796 1684 857; x_wconf 90' lang='lat' dir='ltr'><strong>post</strong></span> <span class='ocrx_word' id='word_1_66' title='bbox 1712 788 1764 842; x_wconf 93' lang='lat' dir='ltr'><strong>in</strong></span> <span class='ocrx_word' id='word_1_67' title='bbox 1791 805 1920 858; x_wconf 89' lang='lat' dir='ltr'><strong>apo-</strong></span> 
     </span>
    </p>
   </div>
   <div class='ocr_carea' id='block_1_11' title="bbox 312 858 1921 931">
    <p class='ocr_par' dir='ltr' id='par_1_11' title="bbox 312 858 1921 931">
     <span class='ocr_line' id='line_1_11' title="bbox 312 858 1921 931; baseline 0.002 -17"><span class='ocrx_word' id='word_1_68' title='bbox 312 861 440 914; x_wconf 82' lang='lat' dir='ltr'><strong>stoli</strong></span> <span class='ocrx_word' id='word_1_69' title='bbox 470 867 609 931; x_wconf 70' lang='grc' dir='ltr'><strong>ῥνζσρι</strong></span> <span class='ocrx_word' id='word_1_70' title='bbox 635 873 834 931; x_wconf 79' lang='lat' dir='ltr'><strong>voces,</strong></span> <span class='ocrx_word' id='word_1_71' title='bbox 869 858 1164 931; x_wconf 73' lang='lat' dir='ltr'><strong>carnalibus</strong></span> <span class='ocrx_word' id='word_1_72' title='bbox 1184 900 1197 921; x_wconf 91' lang='lat'><strong>,</strong></span> <span class='ocrx_word' id='word_1_73' title='bbox 1233 867 1494 931; x_wconf 78' lang='lat' dir='ltr'><strong>tamquam</strong></span> <span class='ocrx_word' id='word_1_74' title='bbox 1514 899 1526 923; x_wconf 91' lang='lat'><strong>,</strong></span> <span class='ocrx_word' id='word_1_75' title='bbox 1559 875 1681 930; x_wconf 71' lang='lat' dir='ltr'><strong>qua:</strong></span> <span class='ocrx_word' id='word_1_76' title='bbox 1712 875 1741 913; x_wconf 88' lang='lat' dir='ltr'><strong>a</strong></span> <span class='ocrx_word' id='word_1_77' title='bbox 1770 867 1921 918; x_wconf 83' lang='lat' dir='ltr'><strong>textu</strong></span> 
     </span>
    </p>
   </div>
   <div class='ocr_carea' id='block_1_12' title="bbox 312 930 1420 995">
    <p class='ocr_par' dir='ltr' id='par_1_12' title="bbox 312 930 1420 995">
     <span class='ocr_line' id='line_1_12' title="bbox 312 930 1420 995; baseline -0.005 -8"><span class='ocrx_word' id='word_1_78' title='bbox 312 931 612 987; x_wconf 83' lang='lat' dir='ltr'><strong>Baluziano</strong></span> <span class='ocrx_word' id='word_1_79' title='bbox 640 930 782 985; x_wconf 87' lang='lat' dir='ltr'><strong>forte</strong></span> <span class='ocrx_word' id='word_1_80' title='bbox 811 930 1151 995; x_wconf 83' lang='lat' dir='ltr'><strong>exciderant,</strong></span> <span class='ocrx_word' id='word_1_81' title='bbox 1181 930 1420 984; x_wconf 87' lang='lat' dir='ltr'><strong>restitui.</strong></span> 
     </span>
    </p>
   </div>
   <div class='ocr_carea' id='block_1_13' title="bbox 381 1001 1920 1059">
    <p class='ocr_par' dir='ltr' id='par_1_13' title="bbox 381 1001 1920 1059">
     <span class='ocr_line' id='line_1_13' title="bbox 381 1001 1920 1059; baseline 0.001 -2"><span class='ocrx_word' id='word_1_82' title='bbox 381 1002 513 1059; x_wconf 62' lang='lat' dir='ltr'><strong>the.</strong></span> <span class='ocrx_word' id='word_1_83' title='bbox 554 1002 695 1057; x_wconf 77' lang='lat' dir='ltr'><strong>XIV.</strong></span> <span class='ocrx_word' id='word_1_84' title='bbox 728 1032 796 1043; x_wconf 92' lang='lat'><strong>—-</strong></span> <span class='ocrx_word' id='word_1_85' title='bbox 825 1001 1100 1056; x_wconf 75' lang='lat' dir='ltr'><strong>Secundus</strong></span> <span class='ocrx_word' id='word_1_86' title='bbox 1141 1002 1293 1055; x_wconf 86' lang='lat' dir='ltr'><strong>homo</strong></span> <span class='ocrx_word' id='word_1_87' title='bbox 1322 1002 1385 1054; x_wconf 85' lang='lat' dir='ltr'><strong>de</strong></span> <span class='ocrx_word' id='word_1_88' title='bbox 1411 1002 1558 1057; x_wconf 71' lang='lat' dir='ltr'><strong>caelo.</strong></span> <span class='ocrx_word' id='word_1_89' title='bbox 1592 1002 1667 1057; x_wconf 90' lang='lat' dir='ltr'><strong>De</strong></span> <span class='ocrx_word' id='word_1_90' title='bbox 1696 1001 1795 1058; x_wconf 87' lang='lat' dir='ltr'><strong>hac</strong></span> <span class='ocrx_word' id='word_1_91' title='bbox 1825 1020 1920 1059; x_wconf 87' lang='lat' dir='ltr'><strong>va-</strong></span> 
     </span>
    </p>
   </div>
   <div class='ocr_carea' id='block_1_14' title="bbox 313 1072 1925 1146">
    <p class='ocr_par' dir='ltr' id='par_1_14' title="bbox 313 1072 1925 1146">
     <span class='ocr_line' id='line_1_14' title="bbox 313 1072 1925 1146; baseline 0.001 -16"><span class='ocrx_word' id='word_1_92' title='bbox 313 1073 511 1130; x_wconf 89' lang='lat' dir='ltr'><strong>rietate</strong></span> <span class='ocrx_word' id='word_1_93' title='bbox 539 1073 793 1130; x_wconf 82' lang='lat' dir='ltr'><strong>consulas</strong></span> <span class='ocrx_word' id='word_1_94' title='bbox 833 1072 967 1128; x_wconf 87' lang='lat' dir='ltr'><strong>Novi</strong></span> <span class='ocrx_word' id='word_1_95' title='bbox 1008 1072 1345 1128; x_wconf 86' lang='lat' dir='ltr'><strong>Testatnenti</strong></span> <span class='ocrx_word' id='word_1_96' title='bbox 1391 1074 1691 1138; x_wconf 85' lang='lat' dir='ltr'><strong>editiones;</strong></span> <span class='ocrx_word' id='word_1_97' title='bbox 1725 1091 1925 1146; x_wconf 83' lang='lat' dir='ltr'><strong>easque</strong></span> 
     </span>
    </p>
   </div>
   <div class='ocr_carea' id='block_1_15' title="bbox 313 1146 1924 1217">
    <p class='ocr_par' dir='ltr' id='par_1_15' title="bbox 313 1146 1924 1217">
     <span class='ocr_line' id='line_1_15' title="bbox 313 1146 1924 1217; baseline -0.001 -15"><span class='ocrx_word' id='word_1_98' title='bbox 313 1157 368 1202; x_wconf 87' lang='lat' dir='ltr'><strong>et</strong></span> <span class='ocrx_word' id='word_1_99' title='bbox 396 1146 535 1201; x_wconf 78' lang='lat' dir='ltr'><strong>infra</strong></span> <span class='ocrx_word' id='word_1_100' title='bbox 584 1146 671 1201; x_wconf 85' lang='lat' dir='ltr'><strong>adi</strong></span> <span class='ocrx_word' id='word_1_101' title='bbox 720 1146 788 1200; x_wconf 87' lang='lat' dir='ltr'><strong>de</strong></span> <span class='ocrx_word' id='word_1_102' title='bbox 836 1146 1102 1217; x_wconf 87' lang='lat' dir='ltr'><strong>scriptura</strong></span> <span class='ocrx_word' id='word_1_103' title='bbox 1150 1146 1240 1199; x_wconf 88' lang='lat' dir='ltr'><strong>illa</strong></span> <span class='ocrx_word' id='word_1_104' title='bbox 1273 1153 1533 1212; x_wconf 78' lang='lat' dir='ltr'><strong>portemus</strong></span> <span class='ocrx_word' id='word_1_105' title='bbox 1566 1161 1662 1214; x_wconf 89' lang='lat' dir='ltr'><strong>pro</strong></span> <span class='ocrx_word' id='word_1_106' title='bbox 1692 1149 1924 1217; x_wconf 60' lang='lat' dir='ltr'><strong>portabio</strong></span> 
     </span>
    </p>
   </div>
   <div class='ocr_carea' id='block_1_16' title="bbox 314 1216 1930 1291">
    <p class='ocr_par' dir='ltr' id='par_1_16' title="bbox 314 1216 1930 1291">
     <span class='ocr_line' id='line_1_16' title="bbox 314 1216 1930 1291; baseline 0.002 -18"><span class='ocrx_word' id='word_1_107' title='bbox 314 1234 427 1273; x_wconf 83' lang='lat' dir='ltr'><strong>mus</strong></span> <span class='ocrx_word' id='word_1_108' title='bbox 450 1260 467 1285; x_wconf 88' lang='lat'><strong>,</strong></span> <span class='ocrx_word' id='word_1_109' title='bbox 514 1218 781 1288; x_wconf 83' lang='lat' dir='ltr'><strong>siquidem</strong></span> <span class='ocrx_word' id='word_1_110' title='bbox 823 1216 1115 1291; x_wconf 10' lang='lat' dir='ltr'><strong>ianrmcis</strong></span> <span class='ocrx_word' id='word_1_111' title='bbox 1150 1216 1363 1286; x_wconf 88' lang='lat' dir='ltr'><strong>plnritni</strong></span> <span class='ocrx_word' id='word_1_112' title='bbox 1396 1217 1611 1272; x_wconf 84' lang='lat' dir='ltr'><strong>codices</strong></span> <span class='ocrx_word' id='word_1_113' title='bbox 1653 1216 1842 1291; x_wconf 85' lang='lat' dir='ltr'><strong>seripti</strong></span> <span class='ocrx_word' id='word_1_114' title='bbox 1874 1228 1930 1276; x_wconf 87' lang='lat' dir='ltr'><strong>et</strong></span> 
     </span>
    </p>
   </div>
   <div class='ocr_carea' id='block_1_17' title="bbox 316 1289 1454 1373">
    <p class='ocr_par' dir='ltr' id='par_1_17' title="bbox 316 1289 1454 1373">
     <span class='ocr_line' id='line_1_17' title="bbox 316 1289 1454 1373; baseline -0.003 -29"><span class='ocrx_word' id='word_1_115' title='bbox 316 1300 499 1373; x_wconf 68' lang='lat' dir='ltr'><strong>patres</strong></span> <span class='ocrx_word' id='word_1_116' title='bbox 518 1289 1020 1373; x_wconf 40' lang='lat' dir='ltr'><strong>pijpuiltabent</strong></span> <span class='ocrx_word' id='word_1_117' title='bbox 1049 1303 1454 1373; x_wconf 47' lang='grc' dir='ltr'><strong>ριόχορξβιῃξεν.</strong></span> 
     </span>
    </p>
   </div>
   <div class='ocr_carea' id='block_1_18' title="bbox 388 1358 1924 1431">
    <p class='ocr_par' dir='ltr' id='par_1_18' title="bbox 388 1358 1924 1431">
     <span class='ocr_line' id='line_1_18' title="bbox 388 1358 1924 1431; baseline 0.002 -16"><span class='ocrx_word' id='word_1_118' title='bbox 388 1358 665 1416; x_wconf 62' lang='grc' dir='ltr'><strong>ΟΑιιζΧν.</strong></span> <span class='ocrx_word' id='word_1_119' title='bbox 693 1358 763 1400; x_wconf 54' lang='lat'><strong>4—</strong></span> <span class='ocrx_word' id='word_1_120' title='bbox 789 1358 920 1415; x_wconf 79' lang='lat' dir='ltr'><strong>Esse</strong></span> <span class='ocrx_word' id='word_1_121' title='bbox 946 1359 1120 1413; x_wconf 85' lang='lat' dir='ltr'><strong>talem.</strong></span> <span class='ocrx_word' id='word_1_122' title='bbox 1152 1358 1342 1431; x_wconf 80' lang='lat' dir='ltr'><strong>Exstat</strong></span> <span class='ocrx_word' id='word_1_123' title='bbox 1368 1360 1419 1413; x_wconf 92' lang='lat' dir='ltr'><strong>in</strong></span> <span class='ocrx_word' id='word_1_124' title='bbox 1449 1359 1583 1415; x_wconf 86' lang='lat' dir='ltr'><strong>edit.</strong></span> <span class='ocrx_word' id='word_1_125' title='bbox 1612 1360 1924 1431; x_wconf 85' lang='lat' dir='ltr'><strong>Baluziana,</strong></span> 
     </span>
    </p>
   </div>
   <div class='ocr_carea' id='block_1_19' title="bbox 317 1430 1928 1502">
    <p class='ocr_par' dir='ltr' id='par_1_19' title="bbox 317 1430 1928 1502">
     <span class='ocr_line' id='line_1_19' title="bbox 317 1430 1928 1502; baseline 0.001 -15"><span class='ocrx_word' id='word_1_126' title='bbox 317 1449 424 1488; x_wconf 78' lang='lat' dir='ltr'><strong>esse</strong></span> <span class='ocrx_word' id='word_1_127' title='bbox 451 1447 510 1487; x_wconf 89' lang='lat' dir='ltr'><strong>se</strong></span> <span class='ocrx_word' id='word_1_128' title='bbox 541 1433 695 1487; x_wconf 82' lang='lat' dir='ltr'><strong>talem</strong></span> <span class='ocrx_word' id='word_1_129' title='bbox 721 1449 827 1487; x_wconf 91' lang='lat' dir='ltr'><strong>non</strong></span> <span class='ocrx_word' id='word_1_130' title='bbox 848 1473 861 1494; x_wconf 83' lang='lat'><strong>.</strong></span> <span class='ocrx_word' id='word_1_131' title='bbox 897 1440 954 1487; x_wconf 87' lang='lat' dir='ltr'><strong>ut</strong></span> <span class='ocrx_word' id='word_1_132' title='bbox 992 1433 1139 1502; x_wconf 90' lang='lat' dir='ltr'><strong>prius</strong></span> <span class='ocrx_word' id='word_1_133' title='bbox 1168 1430 1400 1502; x_wconf 86' lang='lat' dir='ltr'><strong>positum</strong></span> <span class='ocrx_word' id='word_1_134' title='bbox 1439 1442 1587 1498; x_wconf 89' lang='lat' dir='ltr'><strong>erat,</strong></span> <span class='ocrx_word' id='word_1_135' title='bbox 1620 1448 1728 1487; x_wconf 83' lang='lat' dir='ltr'><strong>esse</strong></span> <span class='ocrx_word' id='word_1_136' title='bbox 1753 1444 1804 1489; x_wconf 90' lang='lat' dir='ltr'><strong>te</strong></span> <span class='ocrx_word' id='word_1_137' title='bbox 1846 1430 1928 1489; x_wconf 87' lang='lat' dir='ltr'><strong>ta-</strong></span> 
     </span>
    </p>
   </div>
   <div class='ocr_carea' id='block_1_20' title="bbox 317 1500 1931 1574">
    <p class='ocr_par' dir='ltr' id='par_1_20' title="bbox 317 1500 1931 1574">
     <span class='ocr_line' id='line_1_20' title="bbox 317 1500 1931 1574; baseline 0.001 -13"><span class='ocrx_word' id='word_1_138' title='bbox 317 1507 448 1561; x_wconf 89' lang='lat' dir='ltr'><strong>lem.</strong></span> <span class='ocrx_word' id='word_1_139' title='bbox 481 1504 587 1560; x_wconf 85' lang='lat' dir='ltr'><strong>Sed</strong></span> <span class='ocrx_word' id='word_1_140' title='bbox 615 1505 855 1574; x_wconf 81' lang='lat' dir='ltr'><strong>expunxi</strong></span> <span class='ocrx_word' id='word_1_141' title='bbox 876 1520 948 1571; x_wconf 66' lang='lat' dir='ltr'><strong>ce,</strong></span> <span class='ocrx_word' id='word_1_142' title='bbox 974 1500 1120 1573; x_wconf 82' lang='lat' dir='ltr'><strong>quod</strong></span> <span class='ocrx_word' id='word_1_143' title='bbox 1145 1519 1211 1557; x_wconf 85' lang='lat' dir='ltr'><strong>ex</strong></span> <span class='ocrx_word' id='word_1_144' title='bbox 1240 1500 1409 1572; x_wconf 85' lang='lat' dir='ltr'><strong>priori</strong></span> <span class='ocrx_word' id='word_1_145' title='bbox 1441 1519 1574 1559; x_wconf 87' lang='lat' dir='ltr'><strong>voce</strong></span> <span class='ocrx_word' id='word_1_146' title='bbox 1603 1513 1780 1560; x_wconf 86' lang='lat' dir='ltr'><strong>ortum</strong></span> <span class='ocrx_word' id='word_1_147' title='bbox 1807 1522 1931 1562; x_wconf 88' lang='lat' dir='ltr'><strong>esse</strong></span> 
     </span>
    </p>
   </div>
   <div class='ocr_carea' id='block_1_21' title="bbox 319 1574 1927 1647">
    <p class='ocr_par' dir='ltr' id='par_1_21' title="bbox 319 1574 1927 1647">
     <span class='ocr_line' id='line_1_21' title="bbox 319 1574 1927 1647; baseline 0.001 -16"><span class='ocrx_word' id='word_1_148' title='bbox 319 1578 525 1647; x_wconf 88' lang='lat' dir='ltr'><strong>possit,</strong></span> <span class='ocrx_word' id='word_1_149' title='bbox 569 1576 891 1632; x_wconf 83' lang='lat' dir='ltr'><strong>auctoritate</strong></span> <span class='ocrx_word' id='word_1_150' title='bbox 928 1577 1097 1647; x_wconf 78' lang='lat' dir='ltr'><strong>nixus</strong></span> <span class='ocrx_word' id='word_1_151' title='bbox 1136 1575 1295 1647; x_wconf 83' lang='lat' dir='ltr'><strong>codd.</strong></span> <span class='ocrx_word' id='word_1_152' title='bbox 1340 1574 1571 1631; x_wconf 90' lang='lat' dir='ltr'><strong>duorum</strong></span> <span class='ocrx_word' id='word_1_153' title='bbox 1615 1579 1755 1647; x_wconf 90' lang='lat' dir='ltr'><strong>apud</strong></span> <span class='ocrx_word' id='word_1_154' title='bbox 1794 1578 1927 1633; x_wconf 85' lang='lat' dir='ltr'><strong>edit.</strong></span> 
     </span>
    </p>
   </div>
   <div class='ocr_carea' id='block_1_22' title="bbox 318 1645 1930 1714">
    <p class='ocr_par' dir='ltr' id='par_1_22' title="bbox 318 1645 1930 1714">
     <span class='ocr_line' id='line_1_22' title="bbox 318 1645 1930 1714; baseline -0.003 -9"><span class='ocrx_word' id='word_1_155' title='bbox 318 1645 499 1706; x_wconf 83' lang='lat' dir='ltr'><strong>Oxon.</strong></span> <span class='ocrx_word' id='word_1_156' title='bbox 528 1656 583 1703; x_wconf 91' lang='lat' dir='ltr'><strong>et</strong></span> <span class='ocrx_word' id='word_1_157' title='bbox 608 1664 714 1703; x_wconf 90' lang='lat' dir='ltr'><strong>ms.</strong></span> <span class='ocrx_word' id='word_1_158' title='bbox 744 1647 880 1702; x_wconf 85' lang='lat' dir='ltr'><strong>Novi</strong></span> <span class='ocrx_word' id='word_1_159' title='bbox 910 1645 1046 1702; x_wconf 88' lang='lat' dir='ltr'><strong>Coll.</strong></span> <span class='ocrx_word' id='word_1_160' title='bbox 1078 1646 1134 1714; x_wconf 74' lang='lat'><strong>2,</strong></span> <span class='ocrx_word' id='word_1_161' title='bbox 1168 1656 1224 1702; x_wconf 89' lang='lat' dir='ltr'><strong>et</strong></span> <span class='ocrx_word' id='word_1_162' title='bbox 1256 1646 1486 1702; x_wconf 87' lang='lat' dir='ltr'><strong>duorum</strong></span> <span class='ocrx_word' id='word_1_163' title='bbox 1517 1645 1783 1705; x_wconf 79' lang='lat' dir='ltr'><strong>meorum.</strong></span> <span class='ocrx_word' id='word_1_164' title='bbox 1820 1649 1930 1704; x_wconf 81' lang='lat' dir='ltr'><strong>lla-</strong></span> 
     </span>
    </p>
   </div>
   <div class='ocr_carea' id='block_1_23' title="bbox 2023 427 3629 502">
    <p class='ocr_par' dir='ltr' id='par_1_23' title="bbox 2023 427 3629 502">
     <span class='ocr_line' id='line_1_23' title="bbox 2023 427 3629 502; baseline 0.002 -18"><span class='ocrx_word' id='word_1_165' title='bbox 2023 430 2162 502; x_wconf 74' lang='lat' dir='ltr'><strong>cavi,</strong></span> <span class='ocrx_word' id='word_1_166' title='bbox 2196 443 2317 502; x_wconf 71' lang='lat' dir='ltr'><strong>quae</strong></span> <span class='ocrx_word' id='word_1_167' title='bbox 2350 427 2584 502; x_wconf 80' lang='lat' dir='ltr'><strong>Rigaltio</strong></span> <span class='ocrx_word' id='word_1_168' title='bbox 2620 428 2865 497; x_wconf 89' lang='lat' dir='ltr'><strong>probata,</strong></span> <span class='ocrx_word' id='word_1_169' title='bbox 2896 429 3177 502; x_wconf 73' lang='lat' dir='ltr'><strong>codicibus</strong></span> <span class='ocrx_word' id='word_1_170' title='bbox 3209 431 3449 502; x_wconf 89' lang='lat' dir='ltr'><strong>quinque</strong></span> <span class='ocrx_word' id='word_1_171' title='bbox 3487 432 3629 500; x_wconf 88' lang='lat' dir='ltr'><strong>apud</strong></span> 
     </span>
    </p>
   </div>
   <div class='ocr_carea' id='block_1_24' title="bbox 2024 497 3628 573">
    <p class='ocr_par' dir='ltr' id='par_1_24' title="bbox 2024 497 3628 573">
     <span class='ocr_line' id='line_1_24' title="bbox 2024 497 3628 573; baseline 0.003 -19"><span class='ocrx_word' id='word_1_172' title='bbox 2024 500 2157 554; x_wconf 89' lang='lat' dir='ltr'><strong>edit.</strong></span> <span class='ocrx_word' id='word_1_173' title='bbox 2186 497 2385 573; x_wconf 79' lang='lat' dir='ltr'><strong>Oxon.,</strong></span> <span class='ocrx_word' id='word_1_174' title='bbox 2417 498 2605 554; x_wconf 88' lang='lat' dir='ltr'><strong>codice</strong></span> <span class='ocrx_word' id='word_1_175' title='bbox 2636 508 2865 573; x_wconf 70' lang='lat' dir='ltr'><strong>utroque</strong></span> <span class='ocrx_word' id='word_1_176' title='bbox 2896 499 3029 556; x_wconf 85' lang='lat' dir='ltr'><strong>Novi</strong></span> <span class='ocrx_word' id='word_1_177' title='bbox 3065 497 3312 573; x_wconf 60' lang='lat' dir='ltr'><strong>Collegii,</strong></span> <span class='ocrx_word' id='word_1_178' title='bbox 3345 497 3399 557; x_wconf 82' lang='lat' dir='ltr'><strong>et</strong></span> <span class='ocrx_word' id='word_1_179' title='bbox 3429 497 3628 559; x_wconf 56' lang='lat' dir='ltr'><strong>Tetva-</strong></span> 
     </span>
    </p>
   </div>
   <div class='ocr_carea' id='block_1_25' title="bbox 2024 569 3631 645">
    <p class='ocr_par' dir='ltr' id='par_1_25' title="bbox 2024 569 3631 645">
     <span class='ocr_line' id='line_1_25' title="bbox 2024 569 3631 645; baseline 0.003 -19"><span class='ocrx_word' id='word_1_180' title='bbox 2024 570 2465 645; x_wconf 57' lang='lat' dir='ltr'><strong>teranolirmata</strong></span> <span class='ocrx_word' id='word_1_181' title='bbox 2508 581 2611 625; x_wconf 87' lang='lat' dir='ltr'><strong>est.</strong></span> <span class='ocrx_word' id='word_1_182' title='bbox 2660 569 2811 626; x_wconf 77' lang='lat' dir='ltr'><strong>Nunc</strong></span> <span class='ocrx_word' id='word_1_183' title='bbox 2850 572 2990 627; x_wconf 85' lang='lat' dir='ltr'><strong>addo</strong></span> <span class='ocrx_word' id='word_1_184' title='bbox 3032 569 3631 645; x_wconf 18' lang='lat' dir='ltr'><strong>codicem’antiquissi-</strong></span> 
     </span>
    </p>
   </div>
   <div class='ocr_carea' id='block_1_26' title="bbox 2025 643 3629 703">
    <p class='ocr_par' dir='ltr' id='par_1_26' title="bbox 2025 643 3629 703">
     <span class='ocr_line' id='line_1_26' title="bbox 2025 643 3629 703; baseline 0.004 -6"><span class='ocrx_word' id='word_1_185' title='bbox 2025 660 2171 698; x_wconf 89' lang='lat' dir='ltr'><strong>mum</strong></span> <span class='ocrx_word' id='word_1_186' title='bbox 2227 643 2701 699; x_wconf 83' lang='lat' dir='ltr'><strong>Meermannanum</strong></span> <span class='ocrx_word' id='word_1_187' title='bbox 2731 685 2744 703; x_wconf 90' lang='lat'><strong>.</strong></span> <span class='ocrx_word' id='word_1_188' title='bbox 2797 654 2851 698; x_wconf 90' lang='lat' dir='ltr'><strong>et</strong></span> <span class='ocrx_word' id='word_1_189' title='bbox 2897 647 3249 701; x_wconf 85' lang='lat' dir='ltr'><strong>vetustiorem</strong></span> <span class='ocrx_word' id='word_1_190' title='bbox 3297 662 3367 700; x_wconf 78' lang='lat' dir='ltr'><strong>ex</strong></span> <span class='ocrx_word' id='word_1_191' title='bbox 3416 643 3629 703; x_wconf 82' lang='lat' dir='ltr'><strong>duobus</strong></span> 
     </span>
    </p>
   </div>
   <div class='ocr_carea' id='block_1_27' title="bbox 2026 714 3630 788">
    <p class='ocr_par' dir='ltr' id='par_1_27' title="bbox 2026 714 3630 788">
     <span class='ocr_line' id='line_1_27' title="bbox 2026 714 3630 788; baseline 0.005 -19"><span class='ocrx_word' id='word_1_192' title='bbox 2026 714 2325 788; x_wconf 79' lang='lat' dir='ltr'><strong>Drurianis.</strong></span> <span class='ocrx_word' id='word_1_193' title='bbox 2354 715 2436 788; x_wconf 79' lang='lat' dir='ltr'><strong>Ab</strong></span> <span class='ocrx_word' id='word_1_194' title='bbox 2467 715 2639 769; x_wconf 90' lang='lat' dir='ltr'><strong>altero</strong></span> <span class='ocrx_word' id='word_1_195' title='bbox 2668 721 2844 771; x_wconf 86' lang='lat' dir='ltr'><strong>autem</strong></span> <span class='ocrx_word' id='word_1_196' title='bbox 2877 727 3039 788; x_wconf 89' lang='lat' dir='ltr'><strong>atque</strong></span> <span class='ocrx_word' id='word_1_197' title='bbox 3066 717 3174 772; x_wconf 90' lang='lat' dir='ltr'><strong>alio</strong></span> <span class='ocrx_word' id='word_1_198' title='bbox 3195 726 3460 788; x_wconf 66' lang='lat' dir='ltr'><strong>praeterea</strong></span> <span class='ocrx_word' id='word_1_199' title='bbox 3488 727 3630 777; x_wconf 79' lang='lat' dir='ltr'><strong>iusto</strong></span> 
     </span>
    </p>
   </div>
   <div class='ocr_carea' id='block_1_28' title="bbox 2026 785 2664 842">
    <p class='ocr_par' dir='ltr' id='par_1_28' title="bbox 2026 785 2664 842">
     <span class='ocr_line' id='line_1_28' title="bbox 2026 785 2664 842; baseline -0.002 -2"><span class='ocrx_word' id='word_1_200' title='bbox 2026 785 2329 841; x_wconf 89' lang='lat' dir='ltr'><strong>membrum</strong></span> <span class='ocrx_word' id='word_1_201' title='bbox 2363 787 2465 841; x_wconf 91' lang='lat' dir='ltr'><strong>hoc</strong></span> <span class='ocrx_word' id='word_1_202' title='bbox 2492 788 2664 842; x_wconf 82' lang='lat' dir='ltr'><strong>abest.</strong></span> 
     </span>
    </p>
   </div>
   <div class='ocr_carea' id='block_1_29' title="bbox 2095 857 3634 932">
    <p class='ocr_par' dir='ltr' id='par_1_29' title="bbox 2095 857 3634 932">
     <span class='ocr_line' id='line_1_29' title="bbox 2095 857 3634 932; baseline 0.004 -19"><span class='ocrx_word' id='word_1_203' title='bbox 2095 858 2226 913; x_wconf 75' lang='lat' dir='ltr'><strong>CAP.</strong></span> <span class='ocrx_word' id='word_1_204' title='bbox 2256 857 2457 932; x_wconf 59' lang='lat' dir='ltr'><strong>XVIIIL</strong></span> <span class='ocrx_word' id='word_1_205' title='bbox 2477 888 2549 932; x_wconf 74' lang='lat'><strong>—_—-</strong></span> <span class='ocrx_word' id='word_1_206' title='bbox 2576 859 2690 925; x_wconf 83' lang='lat' dir='ltr'><strong>Quo</strong></span> <span class='ocrx_word' id='word_1_207' title='bbox 2722 857 2977 932; x_wconf 19' lang='lat' dir='ltr'><strong>Caindnon</strong></span> <span class='ocrx_word' id='word_1_208' title='bbox 3006 860 3160 914; x_wconf 82' lang='lat' dir='ltr'><strong>redit.</strong></span> <span class='ocrx_word' id='word_1_209' title='bbox 3189 860 3417 932; x_wconf 82' lang='lat' dir='ltr'><strong>Recepit</strong></span> <span class='ocrx_word' id='word_1_210' title='bbox 3436 863 3487 917; x_wconf 91' lang='lat' dir='ltr'><strong>in</strong></span> <span class='ocrx_word' id='word_1_211' title='bbox 3517 862 3634 919; x_wconf 85' lang='lat' dir='ltr'><strong>edi-</strong></span> 
     </span>
    </p>
   </div>
   <div class='ocr_carea' id='block_1_30' title="bbox 2027 929 3634 1006">
    <p class='ocr_par' dir='ltr' id='par_1_30' title="bbox 2027 929 3634 1006">
     <span class='ocr_line' id='line_1_30' title="bbox 2027 929 3634 1006; baseline 0.004 -22"><span class='ocrx_word' id='word_1_212' title='bbox 2027 931 2229 1006; x_wconf 76' lang='lat' dir='ltr'><strong>tionem</strong></span> <span class='ocrx_word' id='word_1_213' title='bbox 2261 944 2411 1006; x_wconf 82' lang='lat' dir='ltr'><strong>suam</strong></span> <span class='ocrx_word' id='word_1_214' title='bbox 2429 929 2680 984; x_wconf 80' lang='lat' dir='ltr'><strong>Baluzius</strong></span> <span class='ocrx_word' id='word_1_215' title='bbox 2708 946 2820 1006; x_wconf 75' lang='lat' dir='ltr'><strong>quo</strong></span> <span class='ocrx_word' id='word_1_216' title='bbox 2836 929 2963 985; x_wconf 81' lang='lat' dir='ltr'><strong>Cain</strong></span> <span class='ocrx_word' id='word_1_217' title='bbox 2987 947 3089 985; x_wconf 85' lang='grc' dir='ltr'><strong>ηοη</strong></span> <span class='ocrx_word' id='word_1_218' title='bbox 3109 929 3422 1006; x_wconf 75' lang='lat' dir='ltr'><strong>ingreditur,</strong></span> <span class='ocrx_word' id='word_1_219' title='bbox 3450 938 3634 1006; x_wconf 83' lang='lat' dir='ltr'><strong>aitque</strong></span> 
     </span>
    </p>
   </div>
   <div class='ocr_carea' id='block_1_31' title="bbox 2028 1001 3631 1075">
    <p class='ocr_par' dir='ltr' id='par_1_31' title="bbox 2028 1001 3631 1075">
     <span class='ocr_line' id='line_1_31' title="bbox 2028 1001 3631 1075; baseline 0.004 -20"><span class='ocrx_word' id='word_1_220' title='bbox 2028 1002 2167 1057; x_wconf 89' lang='lat' dir='ltr'><strong>hanc</strong></span> <span class='ocrx_word' id='word_1_221' title='bbox 2197 1001 2702 1075; x_wconf 82' lang='lat' dir='ltr'><strong>lectiottem,quam</strong></span> <span class='ocrx_word' id='word_1_222' title='bbox 2735 1002 2939 1075; x_wconf 79' lang='lat' dir='ltr'><strong>habent</strong></span> <span class='ocrx_word' id='word_1_223' title='bbox 2967 1012 3076 1057; x_wconf 87' lang='lat' dir='ltr'><strong>tres</strong></span> <span class='ocrx_word' id='word_1_224' title='bbox 3105 1001 3229 1059; x_wconf 84' lang='lat' dir='ltr'><strong>libri</strong></span> <span class='ocrx_word' id='word_1_225' title='bbox 3264 1015 3496 1070; x_wconf 80' lang='lat' dir='ltr'><strong>veteres,</strong></span> <span class='ocrx_word' id='word_1_226' title='bbox 3530 1001 3631 1075; x_wconf 79' lang='lat' dir='ltr'><strong>pu-</strong></span> 
     </span>
    </p>
   </div>
   <div class='ocr_carea' id='block_1_32' title="bbox 2030 1074 3629 1146">
    <p class='ocr_par' dir='ltr' id='par_1_32' title="bbox 2030 1074 3629 1146">
     <span class='ocr_line' id='line_1_32' title="bbox 2030 1074 3629 1146; baseline 0.004 -19"><span class='ocrx_word' id='word_1_227' title='bbox 2030 1084 2143 1146; x_wconf 81' lang='lat' dir='ltr'><strong>tare</strong></span> <span class='ocrx_word' id='word_1_228' title='bbox 2175 1088 2233 1128; x_wconf 90' lang='lat' dir='ltr'><strong>se</strong></span> <span class='ocrx_word' id='word_1_229' title='bbox 2270 1088 2391 1146; x_wconf 73' lang='lat' dir='ltr'><strong>esse</strong></span> <span class='ocrx_word' id='word_1_230' title='bbox 2423 1074 2678 1143; x_wconf 82' lang='lat' dir='ltr'><strong>optimam</strong></span> <span class='ocrx_word' id='word_1_231' title='bbox 2700 1114 2725 1146; x_wconf 14' lang='grc' dir='ltr'><strong>,γ</strong></span> <span class='ocrx_word' id='word_1_232' title='bbox 2745 1074 2970 1128; x_wconf 83' lang='lat' dir='ltr'><strong>alteram</strong></span> <span class='ocrx_word' id='word_1_233' title='bbox 3004 1090 3132 1129; x_wconf 86' lang='lat' dir='ltr'><strong>vero</strong></span> <span class='ocrx_word' id='word_1_234' title='bbox 3152 1117 3167 1141; x_wconf 94' lang='lat'><strong>,</strong></span> <span class='ocrx_word' id='word_1_235' title='bbox 3200 1092 3322 1146; x_wconf 68' lang='lat' dir='ltr'><strong>quae</strong></span> <span class='ocrx_word' id='word_1_236' title='bbox 3350 1086 3435 1132; x_wconf 88' lang='lat' dir='ltr'><strong>est</strong></span> <span class='ocrx_word' id='word_1_237' title='bbox 3464 1078 3629 1146; x_wconf 83' lang='lat' dir='ltr'><strong>redit,</strong></span> 
     </span>
    </p>
   </div>
   <div class='ocr_carea' id='block_1_33' title="bbox 2028 1144 3634 1218">
    <p class='ocr_par' dir='ltr' id='par_1_33' title="bbox 2028 1144 3634 1218">
     <span class='ocr_line' id='line_1_33' title="bbox 2028 1144 3634 1218; baseline 0.003 -19"><span class='ocrx_word' id='word_1_238' title='bbox 2028 1144 2245 1218; x_wconf 74' lang='lat' dir='ltr'><strong>falsam.</strong></span> <span class='ocrx_word' id='word_1_239' title='bbox 2278 1144 2408 1218; x_wconf 82' lang='lat' dir='ltr'><strong>Cain</strong></span> <span class='ocrx_word' id='word_1_240' title='bbox 2439 1146 2604 1210; x_wconf 89' lang='lat' dir='ltr'><strong>enim,</strong></span> <span class='ocrx_word' id='word_1_241' title='bbox 2640 1145 2730 1214; x_wconf 87' lang='lat' dir='ltr'><strong>qui</strong></span> <span class='ocrx_word' id='word_1_242' title='bbox 2764 1154 2922 1218; x_wconf 77' lang='lat' dir='ltr'><strong>natus</strong></span> <span class='ocrx_word' id='word_1_243' title='bbox 2952 1156 3035 1200; x_wconf 92' lang='lat' dir='ltr'><strong>est</strong></span> <span class='ocrx_word' id='word_1_244' title='bbox 3067 1144 3347 1216; x_wconf 77' lang='lat' dir='ltr'><strong>postquam</strong></span> <span class='ocrx_word' id='word_1_245' title='bbox 3380 1144 3634 1218; x_wconf 86' lang='lat' dir='ltr'><strong>parentes</strong></span> 
     </span>
    </p>
   </div>
   <div class='ocr_carea' id='block_1_34' title="bbox 2031 1216 3635 1287">
    <p class='ocr_par' dir='ltr' id='par_1_34' title="bbox 2031 1216 3635 1287">
     <span class='ocr_line' id='line_1_34' title="bbox 2031 1216 3635 1287; baseline 0.002 -15"><span class='ocrx_word' id='word_1_246' title='bbox 2031 1217 2152 1285; x_wconf 85' lang='lat' dir='ltr'><strong>ejus</strong></span> <span class='ocrx_word' id='word_1_247' title='bbox 2175 1217 2332 1286; x_wconf 87' lang='lat' dir='ltr'><strong>cjecli</strong></span> <span class='ocrx_word' id='word_1_248' title='bbox 2358 1216 2570 1271; x_wconf 87' lang='lat' dir='ltr'><strong>fuerant</strong></span> <span class='ocrx_word' id='word_1_249' title='bbox 2596 1232 2625 1269; x_wconf 91' lang='lat' dir='ltr'><strong>c</strong></span> <span class='ocrx_word' id='word_1_250' title='bbox 2653 1216 2925 1286; x_wconf 84' lang='lat' dir='ltr'><strong>paradiso,</strong></span> <span class='ocrx_word' id='word_1_251' title='bbox 2956 1233 3062 1272; x_wconf 85' lang='lat' dir='ltr'><strong>non</strong></span> <span class='ocrx_word' id='word_1_252' title='bbox 3087 1233 3244 1287; x_wconf 83' lang='lat' dir='ltr'><strong>posse</strong></span> <span class='ocrx_word' id='word_1_253' title='bbox 3271 1216 3635 1277; x_wconf 32' lang='lat' dir='ltr'><strong>dici‘rediisse</strong></span> 
     </span>
    </p>
   </div>
   <div class='ocr_carea' id='block_1_35' title="bbox 2033 1287 3636 1361">
    <p class='ocr_par' dir='ltr' id='par_1_35' title="bbox 2033 1287 3636 1361">
     <span class='ocr_line' id='line_1_35' title="bbox 2033 1287 3636 1361; baseline 0.004 -19"><span class='ocrx_word' id='word_1_254' title='bbox 2033 1288 2086 1342; x_wconf 89' lang='lat' dir='ltr'><strong>in</strong></span> <span class='ocrx_word' id='word_1_255' title='bbox 2120 1287 2426 1361; x_wconf 78' lang='lat' dir='ltr'><strong>paradisum</strong></span> <span class='ocrx_word' id='word_1_256' title='bbox 2455 1328 2467 1351; x_wconf 90' lang='lat'><strong>,</strong></span> <span class='ocrx_word' id='word_1_257' title='bbox 2496 1303 2630 1361; x_wconf 15' lang='lat' dir='ltr'><strong>cum,</strong></span> <span class='ocrx_word' id='word_1_258' title='bbox 2651 1290 2701 1361; x_wconf 87' lang='lat' dir='ltr'><strong>in</strong></span> <span class='ocrx_word' id='word_1_259' title='bbox 2734 1289 2826 1343; x_wconf 90' lang='lat' dir='ltr'><strong>illo</strong></span> <span class='ocrx_word' id='word_1_260' title='bbox 2869 1305 3162 1359; x_wconf 84' lang='lat' dir='ltr'><strong>numquam</strong></span> <span class='ocrx_word' id='word_1_261' title='bbox 3197 1290 3405 1346; x_wconf 85' lang='lat' dir='ltr'><strong>fuisset.</strong></span> <span class='ocrx_word' id='word_1_262' title='bbox 3453 1291 3636 1361; x_wconf 86' lang='lat' dir='ltr'><strong>itaque</strong></span> 
     </span>
    </p>
   </div>
   <div class='ocr_carea' id='block_1_36' title="bbox 2036 1360 3636 1429">
    <p class='ocr_par' dir='ltr' id='par_1_36' title="bbox 2036 1360 3636 1429">
     <span class='ocr_line' id='line_1_36' title="bbox 2036 1360 3636 1429; baseline 0.002 -15"><span class='ocrx_word' id='word_1_263' title='bbox 2036 1375 2141 1415; x_wconf 89' lang='lat' dir='ltr'><strong>non</strong></span> <span class='ocrx_word' id='word_1_264' title='bbox 2175 1360 2447 1414; x_wconf 88' lang='lat' dir='ltr'><strong>dubitasse</strong></span> <span class='ocrx_word' id='word_1_265' title='bbox 2482 1376 2541 1415; x_wconf 89' lang='lat' dir='ltr'><strong>se</strong></span> <span class='ocrx_word' id='word_1_266' title='bbox 2568 1360 2746 1427; x_wconf 88' lang='lat' dir='ltr'><strong>addit,</strong></span> <span class='ocrx_word' id='word_1_267' title='bbox 2780 1361 2905 1429; x_wconf 87' lang='lat' dir='ltr'><strong>quin</strong></span> <span class='ocrx_word' id='word_1_268' title='bbox 2951 1362 3109 1417; x_wconf 87' lang='lat' dir='ltr'><strong>lectio</strong></span> <span class='ocrx_word' id='word_1_269' title='bbox 3144 1363 3331 1417; x_wconf 84' lang='lat' dir='ltr'><strong>horum</strong></span> <span class='ocrx_word' id='word_1_270' title='bbox 3374 1360 3636 1417; x_wconf 24' lang='lat' dir='ltr'><strong>trium’li-</strong></span> 
     </span>
    </p>
   </div>
   <div class='ocr_carea' id='block_1_37' title="bbox 2035 1429 3637 1502">
    <p class='ocr_par' dir='ltr' id='par_1_37' title="bbox 2035 1429 3637 1502">
     <span class='ocr_line' id='line_1_37' title="bbox 2035 1429 3637 1502; baseline 0.004 -17"><span class='ocrx_word' id='word_1_271' title='bbox 2035 1431 2253 1486; x_wconf 89' lang='lat' dir='ltr'><strong>brorum</strong></span> <span class='ocrx_word' id='word_1_272' title='bbox 2285 1429 2617 1502; x_wconf 68' lang='lat' dir='ltr'><strong>pra-ferenda</strong></span> <span class='ocrx_word' id='word_1_273' title='bbox 2645 1432 2734 1484; x_wconf 88' lang='lat' dir='ltr'><strong>sit.</strong></span> <span class='ocrx_word' id='word_1_274' title='bbox 2761 1433 2827 1485; x_wconf 81' lang='lat' dir='ltr'><strong>At</strong></span> <span class='ocrx_word' id='word_1_275' title='bbox 2858 1448 2988 1487; x_wconf 80' lang='lat' dir='ltr'><strong>vero</strong></span> <span class='ocrx_word' id='word_1_276' title='bbox 3016 1433 3153 1487; x_wconf 82' lang='lat' dir='ltr'><strong>hami</strong></span> <span class='ocrx_word' id='word_1_277' title='bbox 3188 1435 3258 1488; x_wconf 86' lang='lat' dir='ltr'><strong>ita</strong></span> <span class='ocrx_word' id='word_1_278' title='bbox 3282 1434 3465 1489; x_wconf 89' lang='lat' dir='ltr'><strong>valere</strong></span> <span class='ocrx_word' id='word_1_279' title='bbox 3499 1436 3637 1491; x_wconf 89' lang='lat' dir='ltr'><strong>hanc</strong></span> 
     </span>
    </p>
   </div>
   <div class='ocr_carea' id='block_1_38' title="bbox 2033 1501 3637 1569">
    <p class='ocr_par' dir='ltr' id='par_1_38' title="bbox 2033 1501 3637 1569">
     <span class='ocr_line' id='line_1_38' title="bbox 2033 1501 3637 1569; baseline 0.001 -11"><span class='ocrx_word' id='word_1_280' title='bbox 2033 1501 2295 1558; x_wconf 85' lang='lat' dir='ltr'><strong>rationem</strong></span> <span class='ocrx_word' id='word_1_281' title='bbox 2336 1501 2656 1558; x_wconf 76' lang='lat' dir='ltr'><strong>crediderint</strong></span> <span class='ocrx_word' id='word_1_282' title='bbox 2679 1545 2694 1569; x_wconf 91' lang='lat'><strong>,</strong></span> <span class='ocrx_word' id='word_1_283' title='bbox 2725 1511 2783 1556; x_wconf 94' lang='grc' dir='ltr'><strong>ιιι</strong></span> <span class='ocrx_word' id='word_1_284' title='bbox 2810 1502 3060 1558; x_wconf 85' lang='lat' dir='ltr'><strong>snbstitui</strong></span> <span class='ocrx_word' id='word_1_285' title='bbox 3088 1504 3281 1560; x_wconf 86' lang='lat' dir='ltr'><strong>debeat</strong></span> <span class='ocrx_word' id='word_1_286' title='bbox 3307 1512 3528 1560; x_wconf 82' lang='lat' dir='ltr'><strong>verbum</strong></span> <span class='ocrx_word' id='word_1_287' title='bbox 3555 1507 3637 1559; x_wconf 87' lang='lat' dir='ltr'><strong>in-</strong></span> 
     </span>
    </p>
   </div>
   <div class='ocr_carea' id='block_1_39' title="bbox 2034 1575 3637 1646">
    <p class='ocr_par' dir='ltr' id='par_1_39' title="bbox 2034 1575 3637 1646">
     <span class='ocr_line' id='line_1_39' title="bbox 2034 1575 3637 1646; baseline 0.003 -19"><span class='ocrx_word' id='word_1_288' title='bbox 2034 1576 2265 1646; x_wconf 81' lang='lat' dir='ltr'><strong>greditur</strong></span> <span class='ocrx_word' id='word_1_289' title='bbox 2294 1575 2511 1629; x_wconf 87' lang='lat' dir='ltr'><strong>lectioni</strong></span> <span class='ocrx_word' id='word_1_290' title='bbox 2541 1575 2669 1646; x_wconf 86' lang='lat' dir='ltr'><strong>olim</strong></span> <span class='ocrx_word' id='word_1_291' title='bbox 2700 1585 2933 1645; x_wconf 64' lang='lat' dir='ltr'><strong>receptae</strong></span> <span class='ocrx_word' id='word_1_292' title='bbox 2962 1587 3013 1629; x_wconf 85' lang='lat' dir='ltr'><strong>et</strong></span> <span class='ocrx_word' id='word_1_293' title='bbox 3046 1578 3157 1631; x_wconf 86' lang='lat' dir='ltr'><strong>fere</strong></span> <span class='ocrx_word' id='word_1_294' title='bbox 3181 1577 3448 1631; x_wconf 88' lang='lat' dir='ltr'><strong>universis</strong></span> <span class='ocrx_word' id='word_1_295' title='bbox 3480 1577 3637 1632; x_wconf 88' lang='lat' dir='ltr'><strong>mstis</strong></span> 
     </span>
    </p>
   </div>
   <div class='ocr_carea' id='block_1_40' title="bbox 2033 1645 3638 1717">
    <p class='ocr_par' dir='ltr' id='par_1_40' title="bbox 2033 1645 3638 1717">
     <span class='ocr_line' id='line_1_40' title="bbox 2033 1645 3638 1717; baseline 0.001 -15"><span class='ocrx_word' id='word_1_296' title='bbox 2033 1645 2387 1702; x_wconf 68' lang='lat' dir='ltr'><strong>conﬁrmatae.</strong></span> <span class='ocrx_word' id='word_1_297' title='bbox 2419 1646 2499 1701; x_wconf 86' lang='lat' dir='ltr'><strong>Ex</strong></span> <span class='ocrx_word' id='word_1_298' title='bbox 2528 1645 2808 1702; x_wconf 89' lang='lat' dir='ltr'><strong>codicibus</strong></span> <span class='ocrx_word' id='word_1_299' title='bbox 2835 1688 2850 1713; x_wconf 89' lang='lat'><strong>,</strong></span> <span class='ocrx_word' id='word_1_300' title='bbox 2883 1647 3078 1717; x_wconf 89' lang='lat' dir='ltr'><strong>quibus</strong></span> <span class='ocrx_word' id='word_1_301' title='bbox 3110 1663 3237 1703; x_wconf 89' lang='lat' dir='ltr'><strong>usus</strong></span> <span class='ocrx_word' id='word_1_302' title='bbox 3268 1663 3385 1702; x_wconf 88' lang='lat' dir='ltr'><strong>smn</strong></span> <span class='ocrx_word' id='word_1_303' title='bbox 3417 1649 3527 1702; x_wconf 81' lang='lat' dir='ltr'><strong>soli</strong></span> <span class='ocrx_word' id='word_1_304' title='bbox 3555 1649 3638 1703; x_wconf 85' lang='lat' dir='ltr'><strong>iu-</strong></span> 
     </span>
    </p>
   </div>
   <div class='ocr_carea' id='block_1_41' title="bbox 319 1717 3635 1789">
    <p class='ocr_par' dir='ltr' id='par_1_41' title="bbox 319 1717 3635 1789">
     <span class='ocr_line' id='line_1_41' title="bbox 319 1717 3635 1789; baseline -0.001 -12"><span class='ocrx_word' id='word_1_305' title='bbox 319 1721 413 1777; x_wconf 85' lang='lat' dir='ltr'><strong>bet</strong></span> <span class='ocrx_word' id='word_1_306' title='bbox 443 1735 574 1775; x_wconf 86' lang='lat' dir='ltr'><strong>vero</strong></span> <span class='ocrx_word' id='word_1_307' title='bbox 611 1735 720 1774; x_wconf 76' lang='lat' dir='ltr'><strong>esse</strong></span> <span class='ocrx_word' id='word_1_308' title='bbox 760 1729 813 1773; x_wconf 91' lang='lat' dir='ltr'><strong>te</strong></span> <span class='ocrx_word' id='word_1_309' title='bbox 843 1720 997 1774; x_wconf 88' lang='lat' dir='ltr'><strong>talem</strong></span> <span class='ocrx_word' id='word_1_310' title='bbox 1028 1734 1130 1773; x_wconf 88' lang='lat' dir='ltr'><strong>ms.</strong></span> <span class='ocrx_word' id='word_1_311' title='bbox 1163 1719 1294 1773; x_wconf 83' lang='lat' dir='ltr'><strong>Novi</strong></span> <span class='ocrx_word' id='word_1_312' title='bbox 1334 1717 1475 1775; x_wconf 89' lang='lat' dir='ltr'><strong>Coll.</strong></span> <span class='ocrx_word' id='word_1_313' title='bbox 1510 1721 1565 1775; x_wconf 85' lang='lat' dir='ltr'><strong>l.</strong></span> <span class='ocrx_word' id='word_1_314' title='bbox 1603 1720 1754 1776; x_wconf 87' lang='lat' dir='ltr'><strong>Nunc</strong></span> <span class='ocrx_word' id='word_1_315' title='bbox 1793 1720 1931 1777; x_wconf 90' lang='lat' dir='ltr'><strong>adde</strong></span> <span class='ocrx_word' id='word_1_316' title='bbox 1959 1722 2006 1782; x_wconf 91' lang='lat' dir='ltr'><strong>B</strong></span> <span class='ocrx_word' id='word_1_317' title='bbox 2034 1717 2264 1789; x_wconf 79' lang='lat' dir='ltr'><strong>greditur</strong></span> <span class='ocrx_word' id='word_1_318' title='bbox 2293 1728 2549 1787; x_wconf 69' lang='lat' dir='ltr'><strong>prwstaut</strong></span> <span class='ocrx_word' id='word_1_319' title='bbox 2580 1734 2681 1771; x_wconf 87' lang='lat' dir='ltr'><strong>ms.</strong></span> <span class='ocrx_word' id='word_1_320' title='bbox 2706 1717 2845 1789; x_wconf 80' lang='lat' dir='ltr'><strong>Novi</strong></span> <span class='ocrx_word' id='word_1_321' title='bbox 2878 1720 3016 1773; x_wconf 85' lang='lat' dir='ltr'><strong>Coll.</strong></span> <span class='ocrx_word' id='word_1_322' title='bbox 3045 1720 3101 1785; x_wconf 59' lang='lat' dir='ltr'><strong>ﬂ,</strong></span> <span class='ocrx_word' id='word_1_323' title='bbox 3132 1730 3186 1774; x_wconf 90' lang='lat' dir='ltr'><strong>et</strong></span> <span class='ocrx_word' id='word_1_324' title='bbox 3220 1720 3516 1774; x_wconf 89' lang='lat' dir='ltr'><strong>Druriauus</strong></span> <span class='ocrx_word' id='word_1_325' title='bbox 3543 1735 3635 1775; x_wconf 89' lang='lat' dir='ltr'><strong>re-</strong></span> 
     </span>
    </p>
   </div>
   <div class='ocr_carea' id='block_1_42' title="bbox 321 1790 1934 1861">
    <p class='ocr_par' dir='ltr' id='par_1_42' title="bbox 321 1790 1934 1861">
     <span class='ocr_line' id='line_1_42' title="bbox 321 1790 1934 1861; baseline -0.001 -13"><span class='ocrx_word' id='word_1_326' title='bbox 321 1804 610 1861; x_wconf 86' lang='lat' dir='ltr'><strong>utrumque</strong></span> <span class='ocrx_word' id='word_1_327' title='bbox 652 1791 978 1846; x_wconf 87' lang='lat' dir='ltr'><strong>Drurianum</strong></span> <span class='ocrx_word' id='word_1_328' title='bbox 1009 1799 1065 1845; x_wconf 89' lang='lat' dir='ltr'><strong>et</strong></span> <span class='ocrx_word' id='word_1_329' title='bbox 1093 1790 1599 1846; x_wconf 83' lang='lat' dir='ltr'><strong>Meermannauum.</strong></span> <span class='ocrx_word' id='word_1_330' title='bbox 1644 1792 1765 1847; x_wconf 81' lang='lat' dir='ltr'><strong>Mox</strong></span> <span class='ocrx_word' id='word_1_331' title='bbox 1810 1800 1934 1861; x_wconf 90' lang='lat' dir='ltr'><strong>post</strong></span> 
     </span>
    </p>
   </div>
   <div class='ocr_carea' id='block_1_43' title="bbox 320 1863 1928 1988">
    <p class='ocr_par' dir='ltr' id='par_1_43' title="bbox 320 1863 1928 1988">
     <span class='ocr_line' id='line_1_43' title="bbox 320 1863 1928 1988; baseline 0.001 -72"><span class='ocrx_word' id='word_1_332' title='bbox 320 1877 510 1919; x_wconf 83' lang='lat' dir='ltr'><strong>vocem</strong></span> <span class='ocrx_word' id='word_1_333' title='bbox 538 1863 849 1988; x_wconf 44' lang='lat' dir='ltr'><strong>ﬁci-mundus,</strong></span> <span class='ocrx_word' id='word_1_334' title='bbox 897 1863 1133 1933; x_wconf 89' lang='lat' dir='ltr'><strong>positum</strong></span> <span class='ocrx_word' id='word_1_335' title='bbox 1166 1871 1251 1919; x_wconf 88' lang='lat' dir='ltr'><strong>est</strong></span> <span class='ocrx_word' id='word_1_336' title='bbox 1278 1863 1329 1917; x_wconf 92' lang='lat' dir='ltr'><strong>in</strong></span> <span class='ocrx_word' id='word_1_337' title='bbox 1352 1878 1455 1920; x_wconf 90' lang='lat' dir='ltr'><strong>ms.</strong></span> <span class='ocrx_word' id='word_1_338' title='bbox 1482 1864 1612 1918; x_wconf 90' lang='lat' dir='ltr'><strong>olim</strong></span> <span class='ocrx_word' id='word_1_339' title='bbox 1653 1864 1928 1920; x_wconf 78' lang='lat' dir='ltr'><strong>Tewater.</strong></span> 
     </span>
     <span class='ocr_line' id='line_1_44' title="bbox 321 1945 681 1988; baseline 0 0"><span class='ocrx_word' id='word_1_340' title='bbox 321 1945 371 1988; x_wconf 86' lang='lat' dir='ltr'><strong>et</strong></span> <span class='ocrx_word' id='word_1_341' title='bbox 396 1950 558 1988; x_wconf 86' lang='lat' dir='ltr'><strong>ornan</strong></span> <span class='ocrx_word' id='word_1_342' title='bbox 601 1953 681 1988; x_wconf 78' lang='lat' dir='ltr'><strong>us.</strong></span> 
     </span>
    </p>
   </div>
   <div class='ocr_carea' id='block_1_44' title="bbox 321 1945 681 1990">
    <p class='ocr_par' dir='ltr' id='par_1_44' title="bbox 321 1945 681 1990">
     <span class='ocr_line' id='line_1_45' title="bbox 321 1945 681 1990; baseline -0.006 0"><span class='ocrx_word' id='word_1_343' title='bbox 321 1945 371 1990; x_wconf 86' lang='lat' dir='ltr'><strong>et</strong></span> <span class='ocrx_word' id='word_1_344' title='bbox 396 1945 681 1989; x_wconf 77' lang='lat' dir='ltr'><strong>ornandus.</strong></span> 
     </span>
    </p>
   </div>
   <div class='ocr_carea' id='block_1_45' title="bbox 394 2003 1936 2079">
    <p class='ocr_par' dir='ltr' id='par_1_45' title="bbox 394 2003 1936 2079">
     <span class='ocr_line' id='line_1_46' title="bbox 394 2003 1936 2079; baseline 0.001 -19"><span class='ocrx_word' id='word_1_345' title='bbox 394 2003 529 2079; x_wconf 70' lang='lat' dir='ltr'><strong>CAP.</strong></span> <span class='ocrx_word' id='word_1_346' title='bbox 563 2004 708 2061; x_wconf 79' lang='lat' dir='ltr'><strong>XVI.</strong></span> <span class='ocrx_word' id='word_1_347' title='bbox 739 2035 808 2048; x_wconf 93' lang='lat'><strong>—-</strong></span> <span class='ocrx_word' id='word_1_348' title='bbox 836 2004 1100 2079; x_wconf 54' lang='lat' dir='ltr'><strong>ﬁalataris</strong></span> <span class='ocrx_word' id='word_1_349' title='bbox 1131 2007 1393 2079; x_wconf 79' lang='lat' dir='ltr'><strong>Operatio.</strong></span> <span class='ocrx_word' id='word_1_350' title='bbox 1414 2006 1478 2061; x_wconf 85' lang='lat' dir='ltr'><strong>ll.</strong></span> <span class='ocrx_word' id='word_1_351' title='bbox 1504 2022 1553 2079; x_wconf 84' lang='lat' dir='ltr'><strong>e.</strong></span> <span class='ocrx_word' id='word_1_352' title='bbox 1584 2007 1936 2079; x_wconf 78' lang='lat' dir='ltr'><strong>eleemosyna</strong></span> 
     </span>
    </p>
   </div>
   <div class='ocr_carea' id='block_1_46' title="bbox 324 2077 1937 2148">
    <p class='ocr_par' dir='ltr' id='par_1_46' title="bbox 324 2077 1937 2148">
     <span class='ocr_line' id='line_1_47' title="bbox 324 2077 1937 2148; baseline 0 -16"><span class='ocrx_word' id='word_1_353' title='bbox 324 2078 518 2132; x_wconf 85' lang='lat' dir='ltr'><strong>salutis</strong></span> <span class='ocrx_word' id='word_1_354' title='bbox 544 2087 767 2132; x_wconf 63' lang='lat' dir='ltr'><strong>aeterna;</strong></span> <span class='ocrx_word' id='word_1_355' title='bbox 793 2077 1008 2131; x_wconf 80' lang='lat' dir='ltr'><strong>efﬁcax.</strong></span> <span class='ocrx_word' id='word_1_356' title='bbox 1040 2077 1158 2131; x_wconf 87' lang='lat' dir='ltr'><strong>Jam</strong></span> <span class='ocrx_word' id='word_1_357' title='bbox 1190 2086 1315 2132; x_wconf 89' lang='lat' dir='ltr'><strong>ante</strong></span> <span class='ocrx_word' id='word_1_358' title='bbox 1347 2078 1488 2132; x_wconf 87' lang='lat' dir='ltr'><strong>idetn</strong></span> <span class='ocrx_word' id='word_1_359' title='bbox 1520 2078 1776 2148; x_wconf 76' lang='lat' dir='ltr'><strong>loquendi</strong></span> <span class='ocrx_word' id='word_1_360' title='bbox 1817 2077 1937 2132; x_wconf 88' lang='lat' dir='ltr'><strong>mo-</strong></span> 
     </span>
    </p>
   </div>
   <div class='ocr_carea' id='block_1_47' title="bbox 327 2148 1939 2221">
    <p class='ocr_par' dir='ltr' id='par_1_47' title="bbox 327 2148 1939 2221">
     <span class='ocr_line' id='line_1_48' title="bbox 327 2148 1939 2221; baseline 0 -17"><span class='ocrx_word' id='word_1_361' title='bbox 327 2149 431 2204; x_wconf 88' lang='lat' dir='ltr'><strong>dus</strong></span> <span class='ocrx_word' id='word_1_362' title='bbox 473 2150 746 2221; x_wconf 83' lang='lat' dir='ltr'><strong>reperitur</strong></span> <span class='ocrx_word' id='word_1_363' title='bbox 784 2154 886 2205; x_wconf 84' lang='lat' dir='ltr'><strong>sub</strong></span> <span class='ocrx_word' id='word_1_364' title='bbox 937 2148 1100 2203; x_wconf 89' lang='lat' dir='ltr'><strong>linem</strong></span> <span class='ocrx_word' id='word_1_365' title='bbox 1145 2148 1266 2203; x_wconf 89' lang='lat' dir='ltr'><strong>libri</strong></span> <span class='ocrx_word' id='word_1_366' title='bbox 1309 2150 1372 2204; x_wconf 82' lang='lat' dir='ltr'><strong>de</strong></span> <span class='ocrx_word' id='word_1_367' title='bbox 1414 2149 1580 2220; x_wconf 81' lang='lat' dir='ltr'><strong>Opere</strong></span> <span class='ocrx_word' id='word_1_368' title='bbox 1615 2160 1665 2205; x_wconf 88' lang='lat' dir='ltr'><strong>et</strong></span> <span class='ocrx_word' id='word_1_369' title='bbox 1703 2149 1939 2205; x_wconf 83' lang='lat' dir='ltr'><strong>Eleemo-</strong></span> 
     </span>
    </p>
   </div>
   <div class='ocr_carea' id='block_1_48' title="bbox 328 2237 481 2275">
    <p class='ocr_par' dir='ltr' id='par_1_48' title="bbox 328 2237 481 2275">
     <span class='ocr_line' id='line_1_49' title="bbox 328 2237 481 2275; baseline -0.007 0"><span class='ocrx_word' id='word_1_370' title='bbox 328 2237 481 2275; x_wconf 76' lang='lat' dir='ltr'><strong>suna.</strong></span> 
     </span>
    </p>
   </div>
   <div class='ocr_carea' id='block_1_49' title="bbox 354 2238 1939 2349">
    <p class='ocr_par' dir='ltr' id='par_1_49' title="bbox 354 2238 1939 2349">
     <span class='ocr_line' id='line_1_50' title="bbox 354 2238 1939 2349; baseline 0.001 -3"><span class='ocrx_word' id='word_1_371' title='bbox 354 2238 533 2347; x_wconf 41' lang='lat' dir='ltr'><strong>gilanti.</strong></span> <span class='ocrx_word' id='word_1_372' title='bbox 578 2290 745 2346; x_wconf 84' lang='lat' dir='ltr'><strong>XVII.</strong></span> <span class='ocrx_word' id='word_1_373' title='bbox 774 2323 844 2333; x_wconf 92' lang='lat'><strong>—-</strong></span> <span class='ocrx_word' id='word_1_374' title='bbox 869 2291 1175 2346; x_wconf 86' lang='lat' dir='ltr'><strong>Laborabis.</strong></span> <span class='ocrx_word' id='word_1_375' title='bbox 1206 2290 1506 2347; x_wconf 65' lang='lat' dir='ltr'><strong>Praeferttnt</strong></span> <span class='ocrx_word' id='word_1_376' title='bbox 1547 2291 1743 2347; x_wconf 85' lang='lat' dir='ltr'><strong>labores</strong></span> <span class='ocrx_word' id='word_1_377' title='bbox 1771 2292 1939 2349; x_wconf 87' lang='lat' dir='ltr'><strong>editio</strong></span> 
     </span>
    </p>
   </div>
   <div class='ocr_carea' id='block_1_50' title="bbox 333 2363 1933 2433">
    <p class='ocr_par' dir='ltr' id='par_1_50' title="bbox 333 2363 1933 2433">
     <span class='ocr_line' id='line_1_51' title="bbox 333 2363 1933 2433; baseline 0.001 -17"><span class='ocrx_word' id='word_1_378' title='bbox 333 2365 587 2433; x_wconf 84' lang='lat' dir='ltr'><strong>princeps</strong></span> <span class='ocrx_word' id='word_1_379' title='bbox 626 2372 679 2419; x_wconf 91' lang='lat' dir='ltr'><strong>et</strong></span> <span class='ocrx_word' id='word_1_380' title='bbox 709 2380 740 2419; x_wconf 89' lang='lat' dir='ltr'><strong>c</strong></span> <span class='ocrx_word' id='word_1_381' title='bbox 780 2364 1058 2423; x_wconf 85' lang='lat' dir='ltr'><strong>codicibus</strong></span> <span class='ocrx_word' id='word_1_382' title='bbox 1086 2363 1224 2418; x_wconf 89' lang='lat' dir='ltr'><strong>meis</strong></span> <span class='ocrx_word' id='word_1_383' title='bbox 1253 2377 1391 2417; x_wconf 88' lang='lat' dir='ltr'><strong>unus</strong></span> <span class='ocrx_word' id='word_1_384' title='bbox 1416 2406 1430 2430; x_wconf 92' lang='lat'><strong>,</strong></span> <span class='ocrx_word' id='word_1_385' title='bbox 1467 2364 1610 2433; x_wconf 88' lang='lat' dir='ltr'><strong>quod</strong></span> <span class='ocrx_word' id='word_1_386' title='bbox 1642 2364 1771 2419; x_wconf 88' lang='lat' dir='ltr'><strong>mihi</strong></span> <span class='ocrx_word' id='word_1_387' title='bbox 1802 2364 1933 2419; x_wconf 91' lang='lat' dir='ltr'><strong>olim</strong></span> 
     </span>
    </p>
   </div>
   <div class='ocr_carea' id='block_1_51' title="bbox 335 2435 1931 2505">
    <p class='ocr_par' dir='ltr' id='par_1_51' title="bbox 335 2435 1931 2505">
     <span class='ocr_line' id='line_1_52' title="bbox 335 2435 1931 2505; baseline 0 -16"><span class='ocrx_word' id='word_1_388' title='bbox 335 2436 515 2489; x_wconf 90' lang='lat' dir='ltr'><strong>minus</strong></span> <span class='ocrx_word' id='word_1_389' title='bbox 542 2446 688 2490; x_wconf 88' lang='lat' dir='ltr'><strong>recte</strong></span> <span class='ocrx_word' id='word_1_390' title='bbox 718 2436 938 2504; x_wconf 85' lang='lat' dir='ltr'><strong>placuit.</strong></span> <span class='ocrx_word' id='word_1_391' title='bbox 967 2436 1065 2490; x_wconf 86' lang='lat' dir='ltr'><strong>Est</strong></span> <span class='ocrx_word' id='word_1_392' title='bbox 1085 2444 1264 2490; x_wconf 87' lang='lat' dir='ltr'><strong>autem</strong></span> <span class='ocrx_word' id='word_1_393' title='bbox 1293 2435 1646 2505; x_wconf 61' lang='lat' dir='ltr'><strong>praeparanda</strong></span> <span class='ocrx_word' id='word_1_394' title='bbox 1673 2436 1931 2503; x_wconf 82' lang='lat' dir='ltr'><strong>valetudo,</strong></span> 
     </span>
    </p>
   </div>
   <div class='ocr_carea' id='block_1_52' title="bbox 336 2506 1067 2577">
    <p class='ocr_par' dir='ltr' id='par_1_52' title="bbox 336 2506 1067 2577">
     <span class='ocr_line' id='line_1_53' title="bbox 336 2506 1067 2577; baseline 0.004 -19"><span class='ocrx_word' id='word_1_395' title='bbox 336 2521 455 2577; x_wconf 74' lang='lat' dir='ltr'><strong>quae</strong></span> <span class='ocrx_word' id='word_1_396' title='bbox 486 2517 608 2577; x_wconf 77' lang='lat' dir='ltr'><strong>eget</strong></span> <span class='ocrx_word' id='word_1_397' title='bbox 636 2517 692 2562; x_wconf 93' lang='lat' dir='ltr'><strong>ut</strong></span> <span class='ocrx_word' id='word_1_398' title='bbox 720 2506 926 2563; x_wconf 90' lang='lat' dir='ltr'><strong>lirmior</strong></span> <span class='ocrx_word' id='word_1_399' title='bbox 955 2507 1067 2561; x_wconf 88' lang='lat' dir='ltr'><strong>fiat.</strong></span> 
     </span>
    </p>
   </div>
   <div class='ocr_carea' id='block_1_53' title="bbox 410 2574 1933 2652">
    <p class='ocr_par' dir='ltr' id='par_1_53' title="bbox 410 2574 1933 2652">
     <span class='ocr_line' id='line_1_54' title="bbox 410 2574 1933 2652; baseline 0 -21"><span class='ocrx_word' id='word_1_400' title='bbox 410 2574 473 2631; x_wconf 90' lang='lat' dir='ltr'><strong>Si</strong></span> <span class='ocrx_word' id='word_1_401' title='bbox 499 2574 683 2635; x_wconf 71' lang='lat' dir='ltr'><strong>sectari</strong></span> <span class='ocrx_word' id='word_1_402' title='bbox 725 2597 829 2637; x_wconf 86' lang='lat' dir='ltr'><strong>non</strong></span> <span class='ocrx_word' id='word_1_403' title='bbox 870 2589 1035 2652; x_wconf 80' lang='lat' dir='ltr'><strong>potes.</strong></span> <span class='ocrx_word' id='word_1_404' title='bbox 1074 2578 1287 2651; x_wconf 79' lang='lat' dir='ltr'><strong>Vulgo;</strong></span> <span class='ocrx_word' id='word_1_405' title='bbox 1330 2576 1393 2632; x_wconf 86' lang='lat' dir='ltr'><strong>Si</strong></span> <span class='ocrx_word' id='word_1_406' title='bbox 1420 2586 1588 2633; x_wconf 83' lang='lat' dir='ltr'><strong>autem</strong></span> <span class='ocrx_word' id='word_1_407' title='bbox 1620 2593 1705 2633; x_wconf 76' lang='lat' dir='ltr'><strong>eos</strong></span> <span class='ocrx_word' id='word_1_408' title='bbox 1747 2578 1933 2634; x_wconf 76' lang='lat' dir='ltr'><strong>sectari</strong></span> 
     </span>
    </p>
   </div>
   <div class='ocr_carea' id='block_1_54' title="bbox 2036 1788 3638 1861">
    <p class='ocr_par' dir='ltr' id='par_1_54' title="bbox 2036 1788 3638 1861">
     <span class='ocr_line' id='line_1_55' title="bbox 2036 1788 3638 1861; baseline 0.001 -16"><span class='ocrx_word' id='word_1_409' title='bbox 2036 1788 2264 1845; x_wconf 86' lang='lat' dir='ltr'><strong>eentior.</strong></span> <span class='ocrx_word' id='word_1_410' title='bbox 2294 1790 2384 1845; x_wconf 86' lang='lat' dir='ltr'><strong>Ait</strong></span> <span class='ocrx_word' id='word_1_411' title='bbox 2410 1790 2511 1844; x_wconf 90' lang='lat' dir='ltr'><strong>hoc</strong></span> <span class='ocrx_word' id='word_1_412' title='bbox 2542 1789 2660 1843; x_wconf 92' lang='lat' dir='ltr'><strong>loco</strong></span> <span class='ocrx_word' id='word_1_413' title='bbox 2687 1788 2987 1861; x_wconf 79' lang='lat' dir='ltr'><strong>Cyprianus</strong></span> <span class='ocrx_word' id='word_1_414' title='bbox 3043 1790 3173 1845; x_wconf 85' lang='lat' dir='ltr'><strong>Cain</strong></span> <span class='ocrx_word' id='word_1_415' title='bbox 3216 1806 3320 1845; x_wconf 91' lang='lat' dir='ltr'><strong>non</strong></span> <span class='ocrx_word' id='word_1_416' title='bbox 3353 1789 3531 1845; x_wconf 88' lang='lat' dir='ltr'><strong>redire</strong></span> <span class='ocrx_word' id='word_1_417' title='bbox 3566 1791 3638 1847; x_wconf 92' lang='lat' dir='ltr'><strong>ad</strong></span> 
     </span>
    </p>
   </div>
   <div class='ocr_carea' id='block_1_55' title="bbox 2038 1862 3636 1932">
    <p class='ocr_par' dir='ltr' id='par_1_55' title="bbox 2038 1862 3636 1932">
     <span class='ocr_line' id='line_1_56' title="bbox 2038 1862 3636 1932; baseline -0.001 -15"><span class='ocrx_word' id='word_1_418' title='bbox 2038 1870 2275 1917; x_wconf 84' lang='lat' dir='ltr'><strong>veterem</strong></span> <span class='ocrx_word' id='word_1_419' title='bbox 2309 1874 2593 1929; x_wconf 86' lang='lat' dir='ltr'><strong>parentum</strong></span> <span class='ocrx_word' id='word_1_420' title='bbox 2622 1874 2843 1916; x_wconf 87' lang='lat' dir='ltr'><strong>suorum</strong></span> <span class='ocrx_word' id='word_1_421' title='bbox 2877 1864 3275 1931; x_wconf 83' lang='lat' dir='ltr'><strong>possessionem</strong></span> <span class='ocrx_word' id='word_1_422' title='bbox 3303 1862 3636 1932; x_wconf 84' lang='lat' dir='ltr'><strong>paradisum;</strong></span> 
     </span>
    </p>
   </div>
   <div class='ocr_carea' id='block_1_56' title="bbox 2039 1932 3640 2004">
    <p class='ocr_par' dir='ltr' id='par_1_56' title="bbox 2039 1932 3640 2004">
     <span class='ocr_line' id='line_1_57' title="bbox 2039 1932 3640 2004; baseline 0.001 -15"><span class='ocrx_word' id='word_1_423' title='bbox 2039 1935 2166 2004; x_wconf 89' lang='lat' dir='ltr'><strong>quin</strong></span> <span class='ocrx_word' id='word_1_424' title='bbox 2196 1946 2249 1988; x_wconf 87' lang='lat' dir='ltr'><strong>et</strong></span> <span class='ocrx_word' id='word_1_425' title='bbox 2276 1932 2382 1989; x_wconf 76' lang='lat' dir='ltr'><strong>diri</strong></span> <span class='ocrx_word' id='word_1_426' title='bbox 2409 1935 2567 2000; x_wconf 89' lang='lat' dir='ltr'><strong>solet,</strong></span> <span class='ocrx_word' id='word_1_427' title='bbox 2597 1935 2768 2004; x_wconf 74' lang='lat' dir='ltr'><strong>redire</strong></span> <span class='ocrx_word' id='word_1_428' title='bbox 2794 1936 3022 1988; x_wconf 85' lang='lat' dir='ltr'><strong>animum</strong></span> <span class='ocrx_word' id='word_1_429' title='bbox 3051 1935 3118 1987; x_wconf 85' lang='lat' dir='ltr'><strong>ad</strong></span> <span class='ocrx_word' id='word_1_430' title='bbox 3150 1932 3339 1989; x_wconf 85' lang='lat' dir='ltr'><strong>Deum.</strong></span> <span class='ocrx_word' id='word_1_431' title='bbox 3379 1932 3640 1990; x_wconf 80' lang='lat' dir='ltr'><strong>Conferas</strong></span> 
     </span>
    </p>
   </div>
   <div class='ocr_carea' id='block_1_57' title="bbox 2042 2002 3639 2077">
    <p class='ocr_par' dir='ltr' id='par_1_57' title="bbox 2042 2002 3639 2077">
     <span class='ocr_line' id='line_1_58' title="bbox 2042 2002 3639 2077; baseline -0.001 -15"><span class='ocrx_word' id='word_1_432' title='bbox 2042 2002 2093 2062; x_wconf 83' lang='lat' dir='ltr'><strong>et</strong></span> <span class='ocrx_word' id='word_1_433' title='bbox 2126 2006 2293 2077; x_wconf 88' lang='lat' dir='ltr'><strong>linem</strong></span> <span class='ocrx_word' id='word_1_434' title='bbox 2318 2005 2483 2061; x_wconf 87' lang='lat' dir='ltr'><strong>libelli</strong></span> <span class='ocrx_word' id='word_1_435' title='bbox 2511 2006 2574 2059; x_wconf 90' lang='lat' dir='ltr'><strong>de</strong></span> <span class='ocrx_word' id='word_1_436' title='bbox 2609 2002 2777 2077; x_wconf 82' lang='lat' dir='ltr'><strong>Opere</strong></span> <span class='ocrx_word' id='word_1_437' title='bbox 2817 2015 2863 2061; x_wconf 86' lang='lat' dir='ltr'><strong>et</strong></span> <span class='ocrx_word' id='word_1_438' title='bbox 2895 2003 3242 2077; x_wconf 78' lang='lat' dir='ltr'><strong>Eleemosynis</strong></span> <span class='ocrx_word' id='word_1_439' title='bbox 3262 2047 3278 2073; x_wconf 92' lang='lat'><strong>,</strong></span> <span class='ocrx_word' id='word_1_440' title='bbox 3310 2005 3403 2060; x_wconf 88' lang='lat' dir='ltr'><strong>ubi</strong></span> <span class='ocrx_word' id='word_1_441' title='bbox 3433 2022 3525 2061; x_wconf 76' lang='lat' dir='ltr'><strong>nos</strong></span> <span class='ocrx_word' id='word_1_442' title='bbox 3552 2022 3639 2061; x_wconf 82' lang='lat' dir='ltr'><strong>re-</strong></span> 
     </span>
    </p>
   </div>
   <div class='ocr_carea' id='block_1_58' title="bbox 2043 2075 3468 2146">
    <p class='ocr_par' dir='ltr' id='par_1_58' title="bbox 2043 2075 3468 2146">
     <span class='ocr_line' id='line_1_59' title="bbox 2043 2075 3468 2146; baseline -0.001 -14"><span class='ocrx_word' id='word_1_443' title='bbox 2043 2078 2197 2133; x_wconf 82' lang='lat' dir='ltr'><strong>duces</strong></span> <span class='ocrx_word' id='word_1_444' title='bbox 2226 2076 2600 2146; x_wconf 82' lang='lat' dir='ltr'><strong>adparadisum</strong></span> <span class='ocrx_word' id='word_1_445' title='bbox 2630 2075 2819 2143; x_wconf 89' lang='lat' dir='ltr'><strong>habes,</strong></span> <span class='ocrx_word' id='word_1_446' title='bbox 2851 2075 3145 2146; x_wconf 82' lang='lat' dir='ltr'><strong>notamque</strong></span> <span class='ocrx_word' id='word_1_447' title='bbox 3171 2078 3236 2131; x_wconf 82' lang='lat' dir='ltr'><strong>ad</strong></span> <span class='ocrx_word' id='word_1_448' title='bbox 3266 2076 3468 2131; x_wconf 83' lang='lat' dir='ltr'><strong>locum.</strong></span> 
     </span>
    </p>
   </div>
   <div class='ocr_carea' id='block_1_59' title="bbox 2118 2144 3643 2220">
    <p class='ocr_par' dir='ltr' id='par_1_59' title="bbox 2118 2144 3643 2220">
     <span class='ocr_line' id='line_1_60' title="bbox 2118 2144 3643 2220; baseline -0.001 -18"><span class='ocrx_word' id='word_1_449' title='bbox 2118 2144 2406 2203; x_wconf 83' lang='lat' dir='ltr'><strong>Nativitate</strong></span> <span class='ocrx_word' id='word_1_450' title='bbox 2430 2148 2624 2203; x_wconf 67' lang='lat' dir='ltr'><strong>caelesti</strong></span> <span class='ocrx_word' id='word_1_451' title='bbox 2680 2158 2727 2201; x_wconf 89' lang='lat' dir='ltr'><strong>et</strong></span> <span class='ocrx_word' id='word_1_452' title='bbox 2778 2149 2887 2220; x_wconf 87' lang='lat' dir='ltr'><strong>lege</strong></span> <span class='ocrx_word' id='word_1_453' title='bbox 2942 2144 3138 2202; x_wconf 76' lang='lat' dir='ltr'><strong>divina.</strong></span> <span class='ocrx_word' id='word_1_454' title='bbox 3197 2148 3397 2203; x_wconf 81' lang='lat' dir='ltr'><strong>Vocem</strong></span> <span class='ocrx_word' id='word_1_455' title='bbox 3452 2144 3643 2220; x_wconf 75' lang='lat' dir='ltr'><strong>cmlesti</strong></span> 
     </span>
    </p>
   </div>
   <div class='ocr_carea' id='block_1_60' title="bbox 2042 2219 3638 2291">
    <p class='ocr_par' dir='ltr' id='par_1_60' title="bbox 2042 2219 3638 2291">
     <span class='ocr_line' id='line_1_61' title="bbox 2042 2219 3638 2291; baseline -0.001 -16"><span class='ocrx_word' id='word_1_456' title='bbox 2042 2221 2187 2277; x_wconf 88' lang='lat' dir='ltr'><strong>haud</strong></span> <span class='ocrx_word' id='word_1_457' title='bbox 2226 2230 2544 2291; x_wconf 76' lang='lat' dir='ltr'><strong>agnoscunt,</strong></span> <span class='ocrx_word' id='word_1_458' title='bbox 2587 2229 2682 2275; x_wconf 89' lang='lat' dir='ltr'><strong>aut</strong></span> <span class='ocrx_word' id='word_1_459' title='bbox 2710 2220 2899 2276; x_wconf 90' lang='lat' dir='ltr'><strong>decem</strong></span> <span class='ocrx_word' id='word_1_460' title='bbox 2939 2221 3155 2274; x_wconf 86' lang='lat' dir='ltr'><strong>codices</strong></span> <span class='ocrx_word' id='word_1_461' title='bbox 3197 2220 3384 2287; x_wconf 86' lang='lat' dir='ltr'><strong>scripti</strong></span> <span class='ocrx_word' id='word_1_462' title='bbox 3415 2220 3470 2273; x_wconf 91' lang='lat' dir='ltr'><strong>in</strong></span> <span class='ocrx_word' id='word_1_463' title='bbox 3506 2219 3638 2291; x_wconf 80' lang='lat' dir='ltr'><strong>edit.</strong></span> 
     </span>
    </p>
   </div>
   <div class='ocr_carea' id='block_1_61' title="bbox 2040 2288 3643 2361">
    <p class='ocr_par' dir='ltr' id='par_1_61' title="bbox 2040 2288 3643 2361">
     <span class='ocr_line' id='line_1_62' title="bbox 2040 2288 3643 2361; baseline -0.001 -13"><span class='ocrx_word' id='word_1_464' title='bbox 2040 2291 2216 2348; x_wconf 84' lang='lat' dir='ltr'><strong>Oxon.</strong></span> <span class='ocrx_word' id='word_1_465' title='bbox 2264 2288 2547 2347; x_wconf 71' lang='lat' dir='ltr'><strong>memorati</strong></span> <span class='ocrx_word' id='word_1_466' title='bbox 2574 2334 2590 2359; x_wconf 92' lang='lat'><strong>,</strong></span> <span class='ocrx_word' id='word_1_467' title='bbox 2623 2301 2715 2346; x_wconf 88' lang='lat' dir='ltr'><strong>aut</strong></span> <span class='ocrx_word' id='word_1_468' title='bbox 2755 2308 2853 2346; x_wconf 86' lang='lat' dir='ltr'><strong>sex</strong></span> <span class='ocrx_word' id='word_1_469' title='bbox 2900 2292 2968 2346; x_wconf 88' lang='lat' dir='ltr'><strong>de</strong></span> <span class='ocrx_word' id='word_1_470' title='bbox 3007 2299 3213 2361; x_wconf 64' lang='lat' dir='ltr'><strong>septem</strong></span> <span class='ocrx_word' id='word_1_471' title='bbox 3257 2291 3404 2361; x_wconf 85' lang='lat' dir='ltr'><strong>illis,</strong></span> <span class='ocrx_word' id='word_1_472' title='bbox 3447 2288 3643 2361; x_wconf 87' lang='lat' dir='ltr'><strong>quibus</strong></span> 
     </span>
    </p>
   </div>
   <div class='ocr_carea' id='block_1_62' title="bbox 2040 2359 3644 2449">
    <p class='ocr_par' dir='ltr' id='par_1_62' title="bbox 2040 2359 3644 2449">
     <span class='ocr_line' id='line_1_63' title="bbox 2040 2359 3644 2449; baseline -0.004 -29"><span class='ocrx_word' id='word_1_473' title='bbox 2040 2380 2140 2449; x_wconf 69' lang='lat' dir='ltr'><strong>ego</strong></span> <span class='ocrx_word' id='word_1_474' title='bbox 2181 2365 2233 2418; x_wconf 91' lang='lat' dir='ltr'><strong>in</strong></span> <span class='ocrx_word' id='word_1_475' title='bbox 2266 2362 2492 2449; x_wconf 71' lang='lat' dir='ltr'><strong>edendis</strong></span> <span class='ocrx_word' id='word_1_476' title='bbox 2525 2362 2612 2447; x_wconf 79' lang='lat' dir='ltr'><strong>his</strong></span> <span class='ocrx_word' id='word_1_477' title='bbox 2633 2363 2850 2449; x_wconf 78' lang='lat' dir='ltr'><strong>_l_ibellis</strong></span> <span class='ocrx_word' id='word_1_478' title='bbox 2880 2379 3007 2446; x_wconf 77' lang='lat' dir='ltr'><strong>usus</strong></span> <span class='ocrx_word' id='word_1_479' title='bbox 3034 2359 3185 2429; x_wconf 83' lang='lat' dir='ltr'><strong>sum;</strong></span> <span class='ocrx_word' id='word_1_480' title='bbox 3232 2359 3412 2445; x_wconf 82' lang='lat' dir='ltr'><strong>deﬁcit</strong></span> <span class='ocrx_word' id='word_1_481' title='bbox 3438 2360 3644 2449; x_wconf 46' lang='lat' dir='ltr'><strong>oratio:</strong></span> 
     </span>
    </p>
   </div>
   <div class='ocr_carea' id='block_1_63' title="bbox 2038 2433 3643 2503">
    <p class='ocr_par' dir='ltr' id='par_1_63' title="bbox 2038 2433 3643 2503">
     <span class='ocr_line' id='line_1_64' title="bbox 2038 2433 3643 2503; baseline -0.003 -12"><span class='ocrx_word' id='word_1_482' title='bbox 2038 2433 2121 2491; x_wconf 84' lang='lat' dir='ltr'><strong>nis</strong></span> <span class='ocrx_word' id='word_1_483' title='bbox 2171 2434 2473 2490; x_wconf 90' lang='lat' dir='ltr'><strong>membrum</strong></span> <span class='ocrx_word' id='word_1_484' title='bbox 2525 2436 2575 2489; x_wconf 92' lang='lat' dir='ltr'><strong>in</strong></span> <span class='ocrx_word' id='word_1_485' title='bbox 2632 2434 2961 2490; x_wconf 81' lang='lat' dir='ltr'><strong>Meertnanni</strong></span> <span class='ocrx_word' id='word_1_486' title='bbox 3015 2434 3405 2502; x_wconf 81' lang='lat' dir='ltr'><strong>manuscripto.</strong></span> <span class='ocrx_word' id='word_1_487' title='bbox 3467 2433 3643 2503; x_wconf 77' lang='lat' dir='ltr'><strong>Supra</strong></span> 
     </span>
    </p>
   </div>
   <div class='ocr_carea' id='block_1_64' title="bbox 2037 2503 3373 2578">
    <p class='ocr_par' dir='ltr' id='par_1_64' title="bbox 2037 2503 3373 2578">
     <span class='ocr_line' id='line_1_65' title="bbox 2037 2503 3373 2578; baseline -0.001 -16"><span class='ocrx_word' id='word_1_488' title='bbox 2037 2524 2167 2565; x_wconf 89' lang='lat' dir='ltr'><strong>vero</strong></span> <span class='ocrx_word' id='word_1_489' title='bbox 2206 2506 2376 2565; x_wconf 84' lang='lat' dir='ltr'><strong>habes</strong></span> <span class='ocrx_word' id='word_1_490' title='bbox 2405 2506 2625 2564; x_wconf 86' lang='lat' dir='ltr'><strong>easdem</strong></span> <span class='ocrx_word' id='word_1_491' title='bbox 2654 2520 2836 2578; x_wconf 82' lang='lat' dir='ltr'><strong>voces,</strong></span> <span class='ocrx_word' id='word_1_492' title='bbox 2876 2506 3139 2563; x_wconf 84' lang='lat' dir='ltr'><strong>nativitate</strong></span> <span class='ocrx_word' id='word_1_493' title='bbox 3166 2503 3373 2563; x_wconf 67' lang='lat' dir='ltr'><strong>caelesti.</strong></span> 
     </span>
    </p>
   </div>
   <div class='ocr_carea' id='block_1_65' title="bbox 358 2852 3640 2914">
    <p class='ocr_par' dir='ltr' id='par_1_65' title="bbox 857 2853 2954 2869">
     <span class='ocr_line' id='line_1_66' title="bbox 857 2853 2954 2869; baseline -0.002 0"><span class='ocrx_word' id='word_1_494' title='bbox 857 2854 1545 2869; x_wconf 59' lang='lat'><strong>~—————‘;—-——-—</strong></span> <span class='ocrx_word' id='word_1_495' title='bbox 1552 2853 2479 2866; x_wconf 63' lang='lat'><strong>_————_——-—.—-————.~</strong></span> <span class='ocrx_word' id='word_1_496' title='bbox 2488 2854 2954 2867; x_wconf 67' lang='lat' dir='ltr'><strong>—v—-——————.</strong></span> 
     </span>
    </p>
   </div>
   <div class='ocr_carea' id='block_1_66' title="bbox 1509 2987 2520 3241">
    <p class='ocr_par' dir='ltr' id='par_1_66' title="bbox 1509 2987 2520 3241">
     <span class='ocr_line' id='line_1_67' title="bbox 1509 2987 2520 3241; baseline 0.001 -6"><span class='ocrx_word' id='word_1_497' title='bbox 1509 2987 2520 3241; x_wconf 84' lang='lat' dir='ltr'><strong>MONITUM.</strong></span> 
     </span>
    </p>
   </div>
   <div class='ocr_carea' id='block_1_67' title="bbox 411 3389 1936 3464">
    <p class='ocr_par' dir='ltr' id='par_1_67' title="bbox 411 3389 1936 3464">
     <span class='ocr_line' id='line_1_68' title="bbox 411 3389 1936 3464; baseline -0.005 -15"><span class='ocrx_word' id='word_1_498' title='bbox 411 3393 712 3451; x_wconf 83' lang='lat' dir='ltr'><strong>Meminerit</strong></span> <span class='ocrx_word' id='word_1_499' title='bbox 735 3394 904 3451; x_wconf 88' lang='lat' dir='ltr'><strong>lector</strong></span> <span class='ocrx_word' id='word_1_500' title='bbox 934 3407 1093 3464; x_wconf 91' lang='lat' dir='ltr'><strong>quam</strong></span> <span class='ocrx_word' id='word_1_501' title='bbox 1144 3405 1245 3447; x_wconf 92' lang='lat' dir='ltr'><strong>nos</strong></span> <span class='ocrx_word' id='word_1_502' title='bbox 1281 3391 1440 3462; x_wconf 89' lang='lat' dir='ltr'><strong>paulo</strong></span> <span class='ocrx_word' id='word_1_503' title='bbox 1471 3405 1654 3461; x_wconf 88' lang='lat' dir='ltr'><strong>supra,</strong></span> <span class='ocrx_word' id='word_1_504' title='bbox 1686 3389 1813 3445; x_wconf 90' lang='lat' dir='ltr'><strong>dum</strong></span> <span class='ocrx_word' id='word_1_505' title='bbox 1840 3403 1936 3457; x_wconf 89' lang='lat' dir='ltr'><strong>ap-</strong></span> 
     </span>
    </p>
   </div>
   <div class='ocr_carea' id='block_1_68' title="bbox 341 3485 1940 3559">
    <p class='ocr_par' dir='ltr' id='par_1_68' title="bbox 341 3485 1940 3559">
     <span class='ocr_line' id='line_1_69' title="bbox 341 3485 1940 3559; baseline -0.004 -15"><span class='ocrx_word' id='word_1_506' title='bbox 341 3488 619 3559; x_wconf 89' lang='lat' dir='ltr'><strong>pendicem</strong></span> <span class='ocrx_word' id='word_1_507' title='bbox 668 3489 898 3559; x_wconf 88' lang='lat' dir='ltr'><strong>primam</strong></span> <span class='ocrx_word' id='word_1_508' title='bbox 948 3488 1379 3551; x_wconf 84' lang='lat' dir='ltr'><strong>instrnxerimus,</strong></span> <span class='ocrx_word' id='word_1_509' title='bbox 1428 3485 1660 3555; x_wconf 79' lang='lat' dir='ltr'><strong>piguerit</strong></span> <span class='ocrx_word' id='word_1_510' title='bbox 1708 3499 1814 3538; x_wconf 86' lang='lat' dir='ltr'><strong>non</strong></span> <span class='ocrx_word' id='word_1_511' title='bbox 1845 3499 1940 3553; x_wconf 89' lang='lat' dir='ltr'><strong>po-</strong></span> 
     </span>
    </p>
   </div>
   <div class='ocr_carea' id='block_1_69' title="bbox 342 3577 1939 3647">
    <p class='ocr_par' dir='ltr' id='par_1_69' title="bbox 342 3577 1939 3647">
     <span class='ocr_line' id='line_1_70' title="bbox 342 3577 1939 3647; baseline -0.003 -12"><span class='ocrx_word' id='word_1_512' title='bbox 342 3581 529 3645; x_wconf 87' lang='lat' dir='ltr'><strong>tuisse,</strong></span> <span class='ocrx_word' id='word_1_513' title='bbox 564 3580 689 3635; x_wconf 91' lang='lat' dir='ltr'><strong>licet</strong></span> <span class='ocrx_word' id='word_1_514' title='bbox 718 3579 824 3634; x_wconf 91' lang='lat' dir='ltr'><strong>huc</strong></span> <span class='ocrx_word' id='word_1_515' title='bbox 855 3580 981 3633; x_wconf 91' lang='lat' dir='ltr'><strong>illuc</strong></span> <span class='ocrx_word' id='word_1_516' title='bbox 1012 3577 1168 3633; x_wconf 81' lang='lat' dir='ltr'><strong>enixe</strong></span> <span class='ocrx_word' id='word_1_517' title='bbox 1199 3578 1545 3647; x_wconf 67' lang='lat' dir='ltr'><strong>quieritantes</strong></span> <span class='ocrx_word' id='word_1_518' title='bbox 1569 3618 1582 3642; x_wconf 93' lang='lat'><strong>,</strong></span> <span class='ocrx_word' id='word_1_519' title='bbox 1631 3583 1714 3631; x_wconf 86' lang='lat' dir='ltr'><strong>sat</strong></span> <span class='ocrx_word' id='word_1_520' title='bbox 1738 3591 1939 3646; x_wconf 88' lang='lat' dir='ltr'><strong>oppor-</strong></span> 
     </span>
    </p>
   </div>
   <div class='ocr_carea' id='block_1_70' title="bbox 344 3668 1942 3739">
    <p class='ocr_par' dir='ltr' id='par_1_70' title="bbox 344 3668 1942 3739">
     <span class='ocr_line' id='line_1_71' title="bbox 344 3668 1942 3739; baseline -0.003 -12"><span class='ocrx_word' id='word_1_521' title='bbox 344 3682 471 3727; x_wconf 91' lang='lat' dir='ltr'><strong>tune</strong></span> <span class='ocrx_word' id='word_1_522' title='bbox 498 3672 547 3726; x_wconf 85' lang='lat' dir='ltr'><strong>J.</strong></span> <span class='ocrx_word' id='word_1_523' title='bbox 579 3670 640 3728; x_wconf 73' lang='grc' dir='ltr'><strong>Β.</strong></span> <span class='ocrx_word' id='word_1_524' title='bbox 673 3670 986 3727; x_wconf 88' lang='lat' dir='ltr'><strong>Trombellii</strong></span> <span class='ocrx_word' id='word_1_525' title='bbox 1018 3669 1279 3726; x_wconf 84' lang='lat' dir='ltr'><strong>anecdota</strong></span> <span class='ocrx_word' id='word_1_526' title='bbox 1310 3668 1570 3739; x_wconf 88' lang='lat' dir='ltr'><strong>reperire,</strong></span> <span class='ocrx_word' id='word_1_527' title='bbox 1625 3676 1683 3724; x_wconf 88' lang='lat' dir='ltr'><strong>ut</strong></span> <span class='ocrx_word' id='word_1_528' title='bbox 1727 3684 1790 3725; x_wconf 89' lang='lat' dir='ltr'><strong>ea</strong></span> <span class='ocrx_word' id='word_1_529' title='bbox 1844 3684 1942 3724; x_wconf 86' lang='lat' dir='ltr'><strong>suo</strong></span> 
     </span>
    </p>
   </div>
   <div class='ocr_carea' id='block_1_71' title="bbox 340 3764 1944 3836">
    <p class='ocr_par' dir='ltr' id='par_1_71' title="bbox 340 3764 1944 3836">
     <span class='ocr_line' id='line_1_72' title="bbox 340 3764 1944 3836; baseline -0.001 -17"><span class='ocrx_word' id='word_1_530' title='bbox 340 3766 464 3820; x_wconf 89' lang='lat' dir='ltr'><strong>loco</strong></span> <span class='ocrx_word' id='word_1_531' title='bbox 482 3766 725 3836; x_wconf 86' lang='lat' dir='ltr'><strong>apprime</strong></span> <span class='ocrx_word' id='word_1_532' title='bbox 746 3766 945 3820; x_wconf 87' lang='lat' dir='ltr'><strong>inserta</strong></span> <span class='ocrx_word' id='word_1_533' title='bbox 966 3764 1279 3832; x_wconf 88' lang='lat' dir='ltr'><strong>ederentur,</strong></span> <span class='ocrx_word' id='word_1_534' title='bbox 1311 3780 1407 3819; x_wconf 89' lang='lat' dir='ltr'><strong>nec</strong></span> <span class='ocrx_word' id='word_1_535' title='bbox 1429 3773 1605 3819; x_wconf 87' lang='lat' dir='ltr'><strong>tamen</strong></span> <span class='ocrx_word' id='word_1_536' title='bbox 1621 3764 1944 3833; x_wconf 85' lang='lat' dir='ltr'><strong>desperasse</strong></span> 
     </span>
    </p>
   </div>
   <div class='ocr_carea' id='block_1_72' title="bbox 342 3853 1939 3914">
    <p class='ocr_par' dir='ltr' id='par_1_72' title="bbox 342 3853 1939 3914">
     <span class='ocr_line' id='line_1_73' title="bbox 342 3853 1939 3914; baseline -0.003 -3"><span class='ocrx_word' id='word_1_537' title='bbox 342 3857 531 3912; x_wconf 89' lang='lat' dir='ltr'><strong>iisdem</strong></span> <span class='ocrx_word' id='word_1_538' title='bbox 560 3857 675 3913; x_wconf 91' lang='lat' dir='ltr'><strong>fore</strong></span> <span class='ocrx_word' id='word_1_539' title='bbox 720 3858 988 3914; x_wconf 83' lang='lat' dir='ltr'><strong>interdum</strong></span> <span class='ocrx_word' id='word_1_540' title='bbox 1048 3858 1192 3912; x_wconf 89' lang='lat' dir='ltr'><strong>bono</strong></span> <span class='ocrx_word' id='word_1_541' title='bbox 1250 3857 1472 3912; x_wconf 89' lang='lat' dir='ltr'><strong>numine</strong></span> <span class='ocrx_word' id='word_1_542' title='bbox 1524 3853 1939 3911; x_wconf 89' lang='lat' dir='ltr'><strong>occurrendum.</strong></span> 
     </span>
    </p>
   </div>
   <div class='ocr_carea' id='block_1_73' title="bbox 342 3948 1945 4022">
    <p class='ocr_par' dir='ltr' id='par_1_73' title="bbox 342 3948 1945 4022">
     <span class='ocr_line' id='line_1_74' title="bbox 342 3948 1945 4022; baseline -0.001 -18"><span class='ocrx_word' id='word_1_543' title='bbox 342 3948 459 4005; x_wconf 84' lang='lat' dir='ltr'><strong>Jam</strong></span> <span class='ocrx_word' id='word_1_544' title='bbox 481 3966 585 4007; x_wconf 92' lang='lat' dir='ltr'><strong>non</strong></span> <span class='ocrx_word' id='word_1_545' title='bbox 614 3965 714 4008; x_wconf 90' lang='lat' dir='ltr'><strong>nos</strong></span> <span class='ocrx_word' id='word_1_546' title='bbox 735 3966 862 4022; x_wconf 88' lang='lat' dir='ltr'><strong>spes</strong></span> <span class='ocrx_word' id='word_1_547' title='bbox 888 3966 950 4005; x_wconf 86' lang='lat' dir='ltr'><strong>ea</strong></span> <span class='ocrx_word' id='word_1_548' title='bbox 979 3949 1188 4005; x_wconf 81' lang='lat' dir='ltr'><strong>fefellit.</strong></span> <span class='ocrx_word' id='word_1_549' title='bbox 1220 3950 1325 4016; x_wconf 87' lang='lat' dir='ltr'><strong>En,</strong></span> <span class='ocrx_word' id='word_1_550' title='bbox 1378 3948 1619 4004; x_wconf 86' lang='lat' dir='ltr'><strong>nondum</strong></span> <span class='ocrx_word' id='word_1_551' title='bbox 1669 3948 1771 4004; x_wconf 92' lang='lat' dir='ltr'><strong>hoc</strong></span> <span class='ocrx_word' id='word_1_552' title='bbox 1797 3957 1945 4004; x_wconf 78' lang='lat' dir='ltr'><strong>tonio</strong></span> 
     </span>
    </p>
   </div>
   <div class='ocr_carea' id='block_1_74' title="bbox 2049 3376 3648 3458">
    <p class='ocr_par' dir='ltr' id='par_1_74' title="bbox 2049 3376 3648 3458">
     <span class='ocr_line' id='line_1_75' title="bbox 2049 3376 3648 3458; baseline 0 -19"><span class='ocrx_word' id='word_1_553' title='bbox 2049 3385 2321 3452; x_wconf 90' lang='lat' dir='ltr'><strong>absoluto,</strong></span> <span class='ocrx_word' id='word_1_554' title='bbox 2353 3386 2404 3441; x_wconf 93' lang='lat' dir='ltr'><strong>in</strong></span> <span class='ocrx_word' id='word_1_555' title='bbox 2435 3376 2635 3458; x_wconf 83' lang='lat' dir='ltr'><strong>Optima</strong></span> <span class='ocrx_word' id='word_1_556' title='bbox 2668 3385 2943 3442; x_wconf 86' lang='lat' dir='ltr'><strong>seminarii</strong></span> <span class='ocrx_word' id='word_1_557' title='bbox 2974 3385 3029 3443; x_wconf 90' lang='lat' dir='ltr'><strong>S.</strong></span> <span class='ocrx_word' id='word_1_558' title='bbox 3060 3384 3273 3457; x_wconf 90' lang='lat' dir='ltr'><strong>Sulpitii</strong></span> <span class='ocrx_word' id='word_1_559' title='bbox 3304 3382 3648 3453; x_wconf 87' lang='lat' dir='ltr'><strong>bibliotheca,</strong></span> 
     </span>
    </p>
   </div>
   <div class='ocr_carea' id='block_1_75' title="bbox 2050 3476 3650 3551">
    <p class='ocr_par' dir='ltr' id='par_1_75' title="bbox 2050 3476 3650 3551">
     <span class='ocr_line' id='line_1_76' title="bbox 2050 3476 3650 3551; baseline 0 -18"><span class='ocrx_word' id='word_1_560' title='bbox 2050 3476 2263 3534; x_wconf 88' lang='lat' dir='ltr'><strong>favente</strong></span> <span class='ocrx_word' id='word_1_561' title='bbox 2297 3480 2380 3549; x_wconf 91' lang='lat' dir='ltr'><strong>pia</strong></span> <span class='ocrx_word' id='word_1_562' title='bbox 2410 3480 2582 3550; x_wconf 89' lang='lat' dir='ltr'><strong>ipsius</strong></span> <span class='ocrx_word' id='word_1_563' title='bbox 2604 3489 3016 3551; x_wconf 89' lang='lat' dir='ltr'><strong>procuratorum</strong></span> <span class='ocrx_word' id='word_1_564' title='bbox 3035 3482 3289 3535; x_wconf 84' lang='lat' dir='ltr'><strong>comitate</strong></span> <span class='ocrx_word' id='word_1_565' title='bbox 3320 3495 3381 3534; x_wconf 89' lang='lat' dir='ltr'><strong>ac</strong></span> <span class='ocrx_word' id='word_1_566' title='bbox 3411 3480 3650 3535; x_wconf 89' lang='lat' dir='ltr'><strong>benevo-</strong></span> 
     </span>
    </p>
   </div>
   <div class='ocr_carea' id='block_1_76' title="bbox 2051 3570 3650 3642">
    <p class='ocr_par' dir='ltr' id='par_1_76' title="bbox 2051 3570 3650 3642">
     <span class='ocr_line' id='line_1_77' title="bbox 2051 3570 3650 3642; baseline 0.001 -16"><span class='ocrx_word' id='word_1_567' title='bbox 2051 3570 2251 3638; x_wconf 86' lang='lat' dir='ltr'><strong>lentia,</strong></span> <span class='ocrx_word' id='word_1_568' title='bbox 2309 3572 2493 3627; x_wconf 91' lang='lat' dir='ltr'><strong>incidit</strong></span> <span class='ocrx_word' id='word_1_569' title='bbox 2521 3574 2570 3627; x_wconf 91' lang='lat' dir='ltr'><strong>in</strong></span> <span class='ocrx_word' id='word_1_570' title='bbox 2604 3588 2794 3627; x_wconf 89' lang='lat' dir='ltr'><strong>manus</strong></span> <span class='ocrx_word' id='word_1_571' title='bbox 2840 3571 2943 3627; x_wconf 91' lang='lat' dir='ltr'><strong>hoc</strong></span> <span class='ocrx_word' id='word_1_572' title='bbox 2993 3572 3234 3626; x_wconf 82' lang='lat' dir='ltr'><strong>ultimum</strong></span> <span class='ocrx_word' id='word_1_573' title='bbox 3285 3574 3346 3626; x_wconf 87' lang='grc' dir='ltr'><strong>Ι).</strong></span> <span class='ocrx_word' id='word_1_574' title='bbox 3398 3571 3650 3642; x_wconf 85' lang='lat' dir='ltr'><strong>Cypriani</strong></span> 
     </span>
    </p>
   </div>
   <div class='ocr_carea' id='block_1_77' title="bbox 2051 3662 3650 3737">
    <p class='ocr_par' dir='ltr' id='par_1_77' title="bbox 2051 3662 3650 3737">
     <span class='ocr_line' id='line_1_78' title="bbox 2051 3662 3650 3737; baseline -0.003 -15"><span class='ocrx_word' id='word_1_575' title='bbox 2051 3682 2185 3737; x_wconf 87' lang='lat' dir='ltr'><strong>opus</strong></span> <span class='ocrx_word' id='word_1_576' title='bbox 2216 3665 2417 3719; x_wconf 87' lang='lat' dir='ltr'><strong>tamdiu</strong></span> <span class='ocrx_word' id='word_1_577' title='bbox 2450 3667 2790 3733; x_wconf 86' lang='lat' dir='ltr'><strong>irrepcrtum.</strong></span> <span class='ocrx_word' id='word_1_578' title='bbox 2823 3667 2941 3730; x_wconf 81' lang='lat' dir='ltr'><strong>Quo</strong></span> <span class='ocrx_word' id='word_1_579' title='bbox 2970 3665 3127 3733; x_wconf 82' lang='lat' dir='ltr'><strong>igitur</strong></span> <span class='ocrx_word' id='word_1_580' title='bbox 3158 3680 3221 3719; x_wconf 89' lang='lat' dir='ltr'><strong>ac</strong></span> <span class='ocrx_word' id='word_1_581' title='bbox 3250 3663 3411 3717; x_wconf 90' lang='lat' dir='ltr'><strong>simul</strong></span> <span class='ocrx_word' id='word_1_582' title='bbox 3440 3662 3650 3718; x_wconf 78' lang='lat' dir='ltr'><strong>eximiis</strong></span> 
     </span>
    </p>
   </div>
   <div class='ocr_carea' id='block_1_78' title="bbox 2048 3754 3649 3830">
    <p class='ocr_par' dir='ltr' id='par_1_78' title="bbox 2048 3754 3649 3830">
     <span class='ocr_line' id='line_1_79' title="bbox 2048 3754 3649 3830; baseline -0.002 -16"><span class='ocrx_word' id='word_1_583' title='bbox 2048 3759 2294 3830; x_wconf 88' lang='lat' dir='ltr'><strong>ejusdem</strong></span> <span class='ocrx_word' id='word_1_584' title='bbox 2326 3756 2638 3811; x_wconf 85' lang='lat' dir='ltr'><strong>Trombellii</strong></span> <span class='ocrx_word' id='word_1_585' title='bbox 2667 3755 3209 3811; x_wconf 88' lang='lat' dir='ltr'><strong>commentationibus</strong></span> <span class='ocrx_word' id='word_1_586' title='bbox 3230 3797 3244 3823; x_wconf 91' lang='lat'><strong>,</strong></span> <span class='ocrx_word' id='word_1_587' title='bbox 3290 3754 3430 3809; x_wconf 89' lang='lat' dir='ltr'><strong>datis</strong></span> <span class='ocrx_word' id='word_1_588' title='bbox 3456 3756 3649 3826; x_wconf 88' lang='lat' dir='ltr'><strong>quibus</strong></span> 
     </span>
    </p>
   </div>
   <div class='ocr_carea' id='block_1_79' title="bbox 2050 3850 3444 3925">
    <p class='ocr_par' dir='ltr' id='par_1_79' title="bbox 2050 3850 3444 3925">
     <span class='ocr_line' id='line_1_80' title="bbox 2050 3850 3444 3925; baseline -0.001 -17"><span class='ocrx_word' id='word_1_589' title='bbox 2050 3850 2315 3910; x_wconf 85' lang='lat' dir='ltr'><strong>debentur</strong></span> <span class='ocrx_word' id='word_1_590' title='bbox 2335 3852 2539 3925; x_wconf 77' lang='lat' dir='ltr'><strong>gratiis,</strong></span> <span class='ocrx_word' id='word_1_591' title='bbox 2570 3861 2741 3923; x_wconf 89' lang='lat' dir='ltr'><strong>utere,</strong></span> <span class='ocrx_word' id='word_1_592' title='bbox 2774 3854 2911 3910; x_wconf 92' lang='lat' dir='ltr'><strong>bonc</strong></span> <span class='ocrx_word' id='word_1_593' title='bbox 2940 3852 3128 3922; x_wconf 87' lang='lat' dir='ltr'><strong>lector,</strong></span> <span class='ocrx_word' id='word_1_594' title='bbox 3163 3862 3216 3909; x_wconf 90' lang='lat' dir='ltr'><strong>ct</strong></span> <span class='ocrx_word' id='word_1_595' title='bbox 3246 3850 3444 3908; x_wconf 88' lang='lat' dir='ltr'><strong>fruere.</strong></span> 
     </span>
    </p>
   </div>
   <div class='ocr_carea' id='block_1_80' title="bbox 358 4157 3647 4228">
    <p class='ocr_par' dir='ltr' id='par_1_80' title="bbox 358 4157 3647 4228">
     <span class='ocr_line' id='line_1_81' title="bbox 358 4157 3647 4228; baseline -0.003 -10"><span class='ocrx_word' id='word_1_596' title='bbox 358 4157 3647 4228; x_wconf 48' lang='grc' dir='ltr'>Ἥ</span> 
     </span>
    </p>
   </div>
   <div class='ocr_carea' id='block_1_81' title="bbox 1402 4366 2615 4520">
    <p class='ocr_par' dir='ltr' id='par_1_81' title="bbox 1402 4366 2615 4520">
     <span class='ocr_line' id='line_1_82' title="bbox 1402 4366 2615 4520; baseline -0.002 0"><span class='ocrx_word' id='word_1_597' title='bbox 1402 4366 1551 4520; x_wconf 86' lang='lat' dir='ltr'><strong>S.</strong></span> <span class='ocrx_word' id='word_1_598' title='bbox 1655 4369 2533 4520; x_wconf 78' lang='lat' dir='ltr'><strong>CYPBIAN</strong></span> <span class='ocrx_word' id='word_1_599' title='bbox 2547 4379 2615 4519; x_wconf 94' lang='grc' dir='ltr'>Ι</span> 
     </span>
    </p>
   </div>
   <div class='ocr_carea' id='block_1_82' title="bbox 583 4650 3367 4769">
    <p class='ocr_par' dir='ltr' id='par_1_82' title="bbox 583 4650 3367 4769">
     <span class='ocr_line' id='line_1_83' title="bbox 583 4650 3367 4769; baseline -0.002 -1"><span class='ocrx_word' id='word_1_600' title='bbox 583 4656 1633 4769; x_wconf 80' lang='lat' dir='ltr'><strong>EXHORTATIO</strong></span> <span class='ocrx_word' id='word_1_601' title='bbox 1771 4661 1981 4766; x_wconf 84' lang='grc' dir='ltr'><strong>ΑΙ)</strong></span> <span class='ocrx_word' id='word_1_602' title='bbox 2134 4650 3367 4767; x_wconf 83' lang='grc' dir='ltr'><strong>ΡΟΕΝΙΤΕΝΤΙΑΜ.</strong></span> 
     </span>
    </p>
   </div>
   <div class='ocr_carea' id='block_1_83' title="bbox 1735 4862 2255 4919">
    <p class='ocr_par' dir='ltr' id='par_1_83' title="bbox 1735 4862 2255 4919">
     <span class='ocr_line' id='line_1_84' title="bbox 1735 4862 2255 4919; baseline 0.006 -2"><span class='ocrx_word' id='word_1_603' title='bbox 1735 4862 2255 4919; x_wconf 46' lang='grc' dir='ltr'><strong>Μαιω-</strong></span> 
     </span>
    </p>
   </div>
   <div class='ocr_carea' id='block_1_84' title="bbox 1030 5011 3011 5081">
    <p class='ocr_par' dir='ltr' id='par_1_84' title="bbox 1030 5011 3011 5081">
     <span class='ocr_line' id='line_1_85' title="bbox 1030 5011 3011 5081; baseline 0.002 -6"><span class='ocrx_word' id='word_1_604' title='bbox 1030 5012 1365 5076; x_wconf 80' lang='lat' dir='ltr'><strong>JOANNIS</strong></span> <span class='ocrx_word' id='word_1_605' title='bbox 1406 5011 1975 5075; x_wconf 82' lang='lat' dir='ltr'><strong>CHRYSOSTOMI</strong></span> <span class='ocrx_word' id='word_1_606' title='bbox 2017 5011 2513 5079; x_wconf 80' lang='lat' dir='ltr'><strong>TROMBELLII</strong></span> <span class='ocrx_word' id='word_1_607' title='bbox 2557 5017 3011 5081; x_wconf 68' lang='lat' dir='ltr'><strong>PRIEFATIO.</strong></span> 
     </span>
    </p>
   </div>
   <div class='ocr_carea' id='block_1_85' title="bbox 417 5166 3651 5244">
    <p class='ocr_par' dir='ltr' id='par_1_85' title="bbox 417 5166 3651 5244">
     <span class='ocr_line' id='line_1_86' title="bbox 417 5166 3651 5244; baseline 0 -20"><span class='ocrx_word' id='word_1_608' title='bbox 417 5168 460 5224; x_wconf 85' lang='grc' dir='ltr'><strong>Ι.</strong></span> <span class='ocrx_word' id='word_1_609' title='bbox 500 5168 739 5226; x_wconf 87' lang='lat' dir='ltr'><strong>Tametsi</strong></span> <span class='ocrx_word' id='word_1_610' title='bbox 779 5178 1029 5225; x_wconf 87' lang='lat' dir='ltr'><strong>accurate</strong></span> <span class='ocrx_word' id='word_1_611' title='bbox 1056 5183 1372 5239; x_wconf 87' lang='lat' dir='ltr'><strong>summaque</strong></span> <span class='ocrx_word' id='word_1_612' title='bbox 1410 5168 1685 5239; x_wconf 80' lang='lat' dir='ltr'><strong>diligentia</strong></span> <span class='ocrx_word' id='word_1_613' title='bbox 1716 5168 1934 5224; x_wconf 90' lang='lat' dir='ltr'><strong>codices</strong></span> <span class='ocrx_word' id='word_1_614' title='bbox 1962 5171 2017 5231; x_wconf 92' lang='lat' dir='ltr'><strong>D</strong></span> <span class='ocrx_word' id='word_1_615' title='bbox 2042 5170 2265 5231; x_wconf 84' lang='lat' dir='ltr'><strong>Morelio</strong></span> <span class='ocrx_word' id='word_1_616' title='bbox 2310 5174 2613 5243; x_wconf 86' lang='lat' dir='ltr'><strong>acciderat,</strong></span> <span class='ocrx_word' id='word_1_617' title='bbox 2654 5173 2705 5229; x_wconf 91' lang='lat' dir='ltr'><strong>id</strong></span> <span class='ocrx_word' id='word_1_618' title='bbox 2752 5173 2882 5228; x_wconf 90' lang='lat' dir='ltr'><strong>mihi</strong></span> <span class='ocrx_word' id='word_1_619' title='bbox 2927 5187 3139 5244; x_wconf 87' lang='lat' dir='ltr'><strong>quoque</strong></span> <span class='ocrx_word' id='word_1_620' title='bbox 3166 5180 3507 5228; x_wconf 88' lang='lat' dir='ltr'><strong>eventurum.</strong></span> <span class='ocrx_word' id='word_1_621' title='bbox 3540 5166 3651 5240; x_wconf 84' lang='lat' dir='ltr'><strong>Cy-</strong></span> 
     </span>
    </p>
   </div>
   <div class='ocr_carea' id='block_1_86' title="bbox 347 5259 1941 5334">
    <p class='ocr_par' dir='ltr' id='par_1_86' title="bbox 347 5259 1941 5334">
     <span class='ocr_line' id='line_1_87' title="bbox 347 5259 1941 5334; baseline -0.003 -15"><span class='ocrx_word' id='word_1_622' title='bbox 347 5274 564 5320; x_wconf 88' lang='lat' dir='ltr'><strong>nostros</strong></span> <span class='ocrx_word' id='word_1_623' title='bbox 590 5263 1052 5334; x_wconf 87' lang='lat' dir='ltr'><strong>perlustraverim,</strong></span> <span class='ocrx_word' id='word_1_624' title='bbox 1082 5271 1243 5332; x_wconf 90' lang='lat' dir='ltr'><strong>atque</strong></span> <span class='ocrx_word' id='word_1_625' title='bbox 1269 5275 1365 5316; x_wconf 88' lang='lat' dir='ltr'><strong>eos</strong></span> <span class='ocrx_word' id='word_1_626' title='bbox 1391 5260 1692 5331; x_wconf 67' lang='lat' dir='ltr'><strong>praesertim</strong></span> <span class='ocrx_word' id='word_1_627' title='bbox 1728 5259 1817 5329; x_wconf 91' lang='lat' dir='ltr'><strong>qui</strong></span> <span class='ocrx_word' id='word_1_628' title='bbox 1844 5275 1941 5315; x_wconf 82' lang='lat' dir='ltr'><strong>vc-</strong></span> 
     </span>
    </p>
   </div>
   <div class='ocr_carea' id='block_1_87' title="bbox 346 5353 1941 5427">
    <p class='ocr_par' dir='ltr' id='par_1_87' title="bbox 346 5353 1941 5427">
     <span class='ocr_line' id='line_1_88' title="bbox 346 5353 1941 5427; baseline -0.005 -13"><span class='ocrx_word' id='word_1_629' title='bbox 346 5368 524 5414; x_wconf 89' lang='lat' dir='ltr'><strong>terum</strong></span> <span class='ocrx_word' id='word_1_630' title='bbox 576 5365 861 5412; x_wconf 89' lang='lat' dir='ltr'><strong>auctorum</strong></span> <span class='ocrx_word' id='word_1_631' title='bbox 909 5355 1164 5427; x_wconf 88' lang='lat' dir='ltr'><strong>epistolas</strong></span> <span class='ocrx_word' id='word_1_632' title='bbox 1215 5363 1272 5411; x_wconf 89' lang='lat' dir='ltr'><strong>et</strong></span> <span class='ocrx_word' id='word_1_633' title='bbox 1311 5355 1566 5424; x_wconf 89' lang='lat' dir='ltr'><strong>opuscula</strong></span> <span class='ocrx_word' id='word_1_634' title='bbox 1613 5353 1941 5421; x_wconf 88' lang='lat' dir='ltr'><strong>continent,</strong></span> 
     </span>
    </p>
   </div>
   <div class='ocr_carea' id='block_1_88' title="bbox 346 5446 1943 5520">
    <p class='ocr_par' dir='ltr' id='par_1_88' title="bbox 346 5446 1943 5520">
     <span class='ocr_line' id='line_1_89' title="bbox 346 5446 1943 5520; baseline -0.004 -14"><span class='ocrx_word' id='word_1_635' title='bbox 346 5465 492 5520; x_wconf 74' lang='lat' dir='ltr'><strong>sche</strong></span> <span class='ocrx_word' id='word_1_636' title='bbox 518 5449 662 5505; x_wconf 91' lang='lat' dir='ltr'><strong>enim</strong></span> <span class='ocrx_word' id='word_1_637' title='bbox 702 5448 756 5503; x_wconf 91' lang='lat' dir='ltr'><strong>in</strong></span> <span class='ocrx_word' id='word_1_638' title='bbox 806 5447 872 5503; x_wconf 88' lang='lat' dir='ltr'><strong>iis</strong></span> <span class='ocrx_word' id='word_1_639' title='bbox 910 5447 1078 5503; x_wconf 89' lang='lat' dir='ltr'><strong>latent</strong></span> <span class='ocrx_word' id='word_1_640' title='bbox 1117 5446 1368 5517; x_wconf 74' lang='lat' dir='ltr'><strong>pretiosm</strong></span> <span class='ocrx_word' id='word_1_641' title='bbox 1404 5446 1650 5517; x_wconf 63' lang='lat' dir='ltr'><strong>quredam</strong></span> <span class='ocrx_word' id='word_1_642' title='bbox 1697 5454 1943 5500; x_wconf 87' lang='lat' dir='ltr'><strong>veterum</strong></span> 
     </span>
    </p>
   </div>
   <div class='ocr_carea' id='block_1_89' title="bbox 346 5538 1944 5613">
    <p class='ocr_par' dir='ltr' id='par_1_89' title="bbox 346 5538 1944 5613">
     <span class='ocr_line' id='line_1_90' title="bbox 346 5538 1944 5613; baseline -0.003 -17"><span class='ocrx_word' id='word_1_643' title='bbox 346 5543 670 5613; x_wconf 89' lang='lat' dir='ltr'><strong>scriptorum</strong></span> <span class='ocrx_word' id='word_1_644' title='bbox 702 5540 945 5611; x_wconf 82' lang='lat' dir='ltr'><strong>reliquiae</strong></span> <span class='ocrx_word' id='word_1_645' title='bbox 968 5583 982 5606; x_wconf 86' lang='lat'><strong>,</strong></span> <span class='ocrx_word' id='word_1_646' title='bbox 1013 5554 1147 5610; x_wconf 86' lang='lat' dir='ltr'><strong>quas</strong></span> <span class='ocrx_word' id='word_1_647' title='bbox 1178 5538 1433 5609; x_wconf 79' lang='lat' dir='ltr'><strong>colligere</strong></span> <span class='ocrx_word' id='word_1_648' title='bbox 1460 5540 1821 5609; x_wconf 82' lang='lat' dir='ltr'><strong>evulgarcque</strong></span> <span class='ocrx_word' id='word_1_649' title='bbox 1851 5538 1944 5592; x_wconf 87' lang='lat' dir='ltr'><strong>lit-</strong></span> 
     </span>
    </p>
   </div>
   <div class='ocr_carea' id='block_1_90' title="bbox 346 5629 1946 5704">
    <p class='ocr_par' dir='ltr' id='par_1_90' title="bbox 346 5629 1946 5704">
     <span class='ocr_line' id='line_1_91' title="bbox 346 5629 1946 5704; baseline -0.002 -17"><span class='ocrx_word' id='word_1_650' title='bbox 346 5636 561 5689; x_wconf 75' lang='lat' dir='ltr'><strong>terariae</strong></span> <span class='ocrx_word' id='word_1_651' title='bbox 603 5633 915 5704; x_wconf 62' lang='lat' dir='ltr'><strong>reipublicae</strong></span> <span class='ocrx_word' id='word_1_652' title='bbox 952 5631 1163 5701; x_wconf 89' lang='lat' dir='ltr'><strong>plurimi</strong></span> <span class='ocrx_word' id='word_1_653' title='bbox 1204 5630 1460 5695; x_wconf 90' lang='lat' dir='ltr'><strong>interest,</strong></span> <span class='ocrx_word' id='word_1_654' title='bbox 1511 5632 1599 5686; x_wconf 87' lang='lat' dir='ltr'><strong>ubi</strong></span> <span class='ocrx_word' id='word_1_655' title='bbox 1656 5641 1833 5686; x_wconf 89' lang='lat' dir='ltr'><strong>tamen</strong></span> <span class='ocrx_word' id='word_1_656' title='bbox 1878 5629 1946 5684; x_wconf 89' lang='lat' dir='ltr'><strong>ad</strong></span> 
     </span>
    </p>
   </div>
   <div class='ocr_carea' id='block_1_91' title="bbox 347 5723 1945 5797">
    <p class='ocr_par' dir='ltr' id='par_1_91' title="bbox 347 5723 1945 5797">
     <span class='ocr_line' id='line_1_92' title="bbox 347 5723 1945 5797; baseline -0.003 -17"><span class='ocrx_word' id='word_1_657' title='bbox 347 5741 442 5781; x_wconf 87' lang='lat' dir='ltr'><strong>eos</strong></span> <span class='ocrx_word' id='word_1_658' title='bbox 473 5727 716 5796; x_wconf 81' lang='lat' dir='ltr'><strong>perveni,</strong></span> <span class='ocrx_word' id='word_1_659' title='bbox 747 5726 838 5797; x_wconf 89' lang='lat' dir='ltr'><strong>qui</strong></span> <span class='ocrx_word' id='word_1_660' title='bbox 868 5723 1119 5797; x_wconf 84' lang='lat' dir='ltr'><strong>Cypriani</strong></span> <span class='ocrx_word' id='word_1_661' title='bbox 1153 5724 1351 5791; x_wconf 76' lang='lat' dir='ltr'><strong>scripta</strong></span> <span class='ocrx_word' id='word_1_662' title='bbox 1381 5724 1686 5793; x_wconf 89' lang='lat' dir='ltr'><strong>continent,</strong></span> <span class='ocrx_word' id='word_1_663' title='bbox 1719 5724 1945 5793; x_wconf 78' lang='lat' dir='ltr'><strong>diligen-</strong></span> 
     </span>
    </p>
   </div>
   <div class='ocr_carea' id='block_1_92' title="bbox 345 5816 1938 5895">
    <p class='ocr_par' dir='ltr' id='par_1_92' title="bbox 345 5816 1938 5895">
     <span class='ocr_line' id='line_1_93' title="bbox 345 5816 1938 5895; baseline -0.003 -15"><span class='ocrx_word' id='word_1_664' title='bbox 345 5821 478 5881; x_wconf 88' lang='lat' dir='ltr'><strong>tiam</strong></span> <span class='ocrx_word' id='word_1_665' title='bbox 506 5822 664 5892; x_wconf 86' lang='lat' dir='ltr'><strong>auxi,</strong></span> <span class='ocrx_word' id='word_1_666' title='bbox 708 5835 936 5895; x_wconf 87' lang='lat' dir='ltr'><strong>sperans</strong></span> <span class='ocrx_word' id='word_1_667' title='bbox 973 5818 1180 5877; x_wconf 84' lang='lat' dir='ltr'><strong>scilicet</strong></span> <span class='ocrx_word' id='word_1_668' title='bbox 1220 5817 1365 5890; x_wconf 87' lang='lat' dir='ltr'><strong>quod</strong></span> <span class='ocrx_word' id='word_1_669' title='bbox 1405 5817 1635 5877; x_wconf 84' lang='lat' dir='ltr'><strong>Erasmo</strong></span> <span class='ocrx_word' id='word_1_670' title='bbox 1675 5816 1938 5890; x_wconf 74' lang='lat' dir='ltr'><strong>Manutio,</strong></span> 
     </span>
    </p>
   </div>
   <div class='ocr_carea' id='block_1_93' title="bbox 2047 5263 3625 5340">
    <p class='ocr_par' dir='ltr' id='par_1_93' title="bbox 2047 5263 3625 5340">
     <span class='ocr_line' id='line_1_94' title="bbox 2047 5263 3625 5340; baseline -0.005 -17"><span class='ocrx_word' id='word_1_671' title='bbox 2047 5268 2222 5340; x_wconf 88' lang='lat' dir='ltr'><strong>priani</strong></span> <span class='ocrx_word' id='word_1_672' title='bbox 2253 5268 2471 5325; x_wconf 90' lang='lat' dir='ltr'><strong>codices</strong></span> <span class='ocrx_word' id='word_1_673' title='bbox 2509 5282 2632 5323; x_wconf 90' lang='lat' dir='ltr'><strong>eum</strong></span> <span class='ocrx_word' id='word_1_674' title='bbox 2675 5267 2749 5322; x_wconf 92' lang='lat' dir='ltr'><strong>illi</strong></span> <span class='ocrx_word' id='word_1_675' title='bbox 2785 5265 3028 5323; x_wconf 87' lang='lat' dir='ltr'><strong>studiose</strong></span> <span class='ocrx_word' id='word_1_676' title='bbox 3054 5308 3068 5330; x_wconf 86' lang='lat'><strong>,</strong></span> <span class='ocrx_word' id='word_1_677' title='bbox 3111 5263 3484 5334; x_wconf 81' lang='lat' dir='ltr'><strong>quuisiteqne</strong></span> <span class='ocrx_word' id='word_1_678' title='bbox 3528 5275 3625 5332; x_wconf 85' lang='lat' dir='ltr'><strong>per</strong></span> 
     </span>
    </p>
   </div>
   <div class='ocr_carea' id='block_1_94' title="bbox 2049 5358 3653 5434">
    <p class='ocr_par' dir='ltr' id='par_1_94' title="bbox 2049 5358 3653 5434">
     <span class='ocr_line' id='line_1_95' title="bbox 2049 5358 3653 5434; baseline -0.005 -17"><span class='ocrx_word' id='word_1_679' title='bbox 2049 5363 2362 5431; x_wconf 84' lang='lat' dir='ltr'><strong>volverttnt,</strong></span> <span class='ocrx_word' id='word_1_680' title='bbox 2404 5363 2649 5434; x_wconf 77' lang='lat' dir='ltr'><strong>quaedam</strong></span> <span class='ocrx_word' id='word_1_681' title='bbox 2678 5376 2930 5432; x_wconf 89' lang='lat' dir='ltr'><strong>reperere</strong></span> <span class='ocrx_word' id='word_1_682' title='bbox 2951 5402 2967 5428; x_wconf 93' lang='lat'><strong>,</strong></span> <span class='ocrx_word' id='word_1_683' title='bbox 2997 5375 3117 5431; x_wconf 65' lang='lat' dir='ltr'><strong>qua:</strong></span> <span class='ocrx_word' id='word_1_684' title='bbox 3148 5358 3457 5430; x_wconf 85' lang='lat' dir='ltr'><strong>superiores</strong></span> <span class='ocrx_word' id='word_1_685' title='bbox 3494 5367 3653 5429; x_wconf 56' lang='lat' dir='ltr'><strong>typo.</strong></span> 
     </span>
    </p>
   </div>
   <div class='ocr_carea' id='block_1_95' title="bbox 2047 5450 3649 5528">
    <p class='ocr_par' dir='ltr' id='par_1_95' title="bbox 2047 5450 3649 5528">
     <span class='ocr_line' id='line_1_96' title="bbox 2047 5450 3649 5528; baseline -0.004 -17"><span class='ocrx_word' id='word_1_686' title='bbox 2047 5456 2281 5528; x_wconf 82' lang='lat' dir='ltr'><strong>graphos</strong></span> <span class='ocrx_word' id='word_1_687' title='bbox 2309 5457 2604 5521; x_wconf 84' lang='lat' dir='ltr'><strong>latuerant;</strong></span> <span class='ocrx_word' id='word_1_688' title='bbox 2633 5470 2752 5525; x_wconf 78' lang='lat' dir='ltr'><strong>qua:</strong></span> <span class='ocrx_word' id='word_1_689' title='bbox 2788 5462 2967 5509; x_wconf 88' lang='lat' dir='ltr'><strong>tamen</strong></span> <span class='ocrx_word' id='word_1_690' title='bbox 2997 5453 3066 5508; x_wconf 86' lang='lat' dir='ltr'><strong>ob</strong></span> <span class='ocrx_word' id='word_1_691' title='bbox 3106 5450 3470 5522; x_wconf 65' lang='lat' dir='ltr'><strong>praestantiam</strong></span> <span class='ocrx_word' id='word_1_692' title='bbox 3496 5463 3649 5504; x_wconf 86' lang='lat' dir='ltr'><strong>suam</strong></span> 
     </span>
    </p>
   </div>
   <div class='ocr_carea' id='block_1_96' title="bbox 2049 5543 3652 5617">
    <p class='ocr_par' dir='ltr' id='par_1_96' title="bbox 2049 5543 3652 5617">
     <span class='ocr_line' id='line_1_97' title="bbox 2049 5543 3652 5617; baseline -0.005 -13"><span class='ocrx_word' id='word_1_693' title='bbox 2049 5549 2371 5605; x_wconf 88' lang='lat' dir='ltr'><strong>videbantur</strong></span> <span class='ocrx_word' id='word_1_694' title='bbox 2428 5562 2754 5617; x_wconf 87' lang='lat' dir='ltr'><strong>exposcere,</strong></span> <span class='ocrx_word' id='word_1_695' title='bbox 2818 5555 2875 5600; x_wconf 88' lang='lat' dir='ltr'><strong>ut</strong></span> <span class='ocrx_word' id='word_1_696' title='bbox 2941 5545 3311 5614; x_wconf 87' lang='lat' dir='ltr'><strong>proferrentur</strong></span> <span class='ocrx_word' id='word_1_697' title='bbox 3352 5543 3406 5596; x_wconf 88' lang='lat' dir='ltr'><strong>in</strong></span> <span class='ocrx_word' id='word_1_698' title='bbox 3451 5543 3652 5597; x_wconf 85' lang='lat' dir='ltr'><strong>lucem.</strong></span> 
     </span>
    </p>
   </div>
   <div class='ocr_carea' id='block_1_97' title="bbox 2056 5636 3653 5713">
    <p class='ocr_par' dir='ltr' id='par_1_97' title="bbox 2056 5636 3653 5713">
     <span class='ocr_line' id='line_1_98' title="bbox 2056 5636 3653 5713; baseline -0.006 -14"><span class='ocrx_word' id='word_1_699' title='bbox 2056 5643 2171 5699; x_wconf 84' lang='lat' dir='ltr'><strong>Mea</strong></span> <span class='ocrx_word' id='word_1_700' title='bbox 2211 5659 2296 5699; x_wconf 89' lang='lat' dir='ltr'><strong>me</strong></span> <span class='ocrx_word' id='word_1_701' title='bbox 2331 5659 2439 5698; x_wconf 89' lang='lat' dir='ltr'><strong>non</strong></span> <span class='ocrx_word' id='word_1_702' title='bbox 2474 5656 2695 5713; x_wconf 89' lang='lat' dir='ltr'><strong>prorsus</strong></span> <span class='ocrx_word' id='word_1_703' title='bbox 2725 5639 2912 5695; x_wconf 87' lang='lat' dir='ltr'><strong>fefellit</strong></span> <span class='ocrx_word' id='word_1_704' title='bbox 2942 5639 3149 5708; x_wconf 90' lang='lat' dir='ltr'><strong>opinio.</strong></span> <span class='ocrx_word' id='word_1_705' title='bbox 3198 5638 3242 5692; x_wconf 90' lang='lat' dir='ltr'><strong>E</strong></span> <span class='ocrx_word' id='word_1_706' title='bbox 3281 5636 3491 5692; x_wconf 86' lang='lat' dir='ltr'><strong>duobus</strong></span> <span class='ocrx_word' id='word_1_707' title='bbox 3516 5649 3653 5705; x_wconf 87' lang='lat' dir='ltr'><strong>quos</strong></span> 
     </span>
    </p>
   </div>
   <div class='ocr_carea' id='block_1_98' title="bbox 2051 5729 3653 5812">
    <p class='ocr_par' dir='ltr' id='par_1_98' title="bbox 2051 5729 3653 5812">
     <span class='ocr_line' id='line_1_99' title="bbox 2051 5729 3653 5812; baseline -0.008 -15"><span class='ocrx_word' id='word_1_708' title='bbox 2051 5740 2410 5812; x_wconf 86' lang='lat' dir='ltr'><strong>possidemus,</strong></span> <span class='ocrx_word' id='word_1_709' title='bbox 2439 5736 2693 5810; x_wconf 85' lang='lat' dir='ltr'><strong>Cypriani</strong></span> <span class='ocrx_word' id='word_1_710' title='bbox 2722 5732 2998 5792; x_wconf 90' lang='lat' dir='ltr'><strong>codicibus</strong></span> <span class='ocrx_word' id='word_1_711' title='bbox 3023 5734 3159 5788; x_wconf 88' lang='lat' dir='ltr'><strong>alter</strong></span> <span class='ocrx_word' id='word_1_712' title='bbox 3182 5732 3355 5787; x_wconf 88' lang='lat' dir='ltr'><strong>altero</strong></span> <span class='ocrx_word' id='word_1_713' title='bbox 3382 5729 3653 5801; x_wconf 83' lang='lat' dir='ltr'><strong>cupiosior</strong></span> 
     </span>
    </p>
   </div>
   <div class='ocr_carea' id='block_1_99' title="bbox 2046 5823 3653 5908">
    <p class='ocr_par' dir='ltr' id='par_1_99' title="bbox 2046 5823 3653 5908">
     <span class='ocr_line' id='line_1_100' title="bbox 2046 5823 3653 5908; baseline -0.009 -15"><span class='ocrx_word' id='word_1_714' title='bbox 2046 5843 2153 5907; x_wconf 88' lang='lat' dir='ltr'><strong>est,</strong></span> <span class='ocrx_word' id='word_1_715' title='bbox 2185 5843 2349 5908; x_wconf 89' lang='lat' dir='ltr'><strong>atque</strong></span> <span class='ocrx_word' id='word_1_716' title='bbox 2380 5832 2539 5905; x_wconf 87' lang='lat' dir='ltr'><strong>adeo,</strong></span> <span class='ocrx_word' id='word_1_717' title='bbox 2571 5842 2631 5890; x_wconf 89' lang='lat' dir='ltr'><strong>ut</strong></span> <span class='ocrx_word' id='word_1_718' title='bbox 2660 5830 2940 5890; x_wconf 84' lang='lat' dir='ltr'><strong>universas</strong></span> <span class='ocrx_word' id='word_1_719' title='bbox 2967 5828 3078 5888; x_wconf 86' lang='lat' dir='ltr'><strong>fere</strong></span> <span class='ocrx_word' id='word_1_720' title='bbox 3103 5825 3356 5899; x_wconf 81' lang='lat' dir='ltr'><strong>Cypriani</strong></span> <span class='ocrx_word' id='word_1_721' title='bbox 3391 5823 3653 5897; x_wconf 76' lang='lat' dir='ltr'><strong>epistolas</strong></span> 
     </span>
    </p>
   </div>
  </div>
