4142 6256
543 277 685 334 1151
1689 267 2068 327 ΡΒᾹΞΕΔἸΊΟ
2105 270 2156 326 ,1.

2264 313 2268 326 .
2310 266 2754 326 TROMBELLII.
3729 268 3759 320 1
3777 264 3909 322 153

543 403 598 450 et
663 391 921 464 opuscula
955 388 1343 460 complectatur
1380 405 1393 443 :
1437 400 1556 458 quae
1598 386 1725 444 dum
1779 387 2136 444 solertissime
2163 391 2218 450 Α
2316 385 2402 442 111.
2445 385 2599 452 Quod
2624 399 2756 440 vero
2781 396 2940 440 nemo
2967 397 3032 440 ex
3060 383 3353 451 veteribus,
3400 395 3536 455 quos
3582 397 3746 438 nunc
3773 382 3892 437 ba-

544 487 799 559 perquiro
824 496 1184 554 comparoque
1211 496 1333 536 cum
1357 480 1534 549 editis,
1563 495 1622 536 se
1648 481 1778 535 mihi
1813 481 2024 535 libellus
2047 481 2143 534 ob-
2249 480 2458 542 bemus,
2492 479 2728 534 libellum
2758 477 2900 533 hunc
2929 477 3146 548 alleget,
3177 479 3372 533 mirum
3407 493 3516 532 non
3544 485 3650 533 est.
3689 476 3890 531 Desiit

546 580 703 646 tulit,
748 592 908 647 quem
953 576 1094 630 inter
1135 574 1412 645 evulgatos
1460 573 1656 628 frustra
1694 574 1983 644 perquisivi
2015 591 2028 626 :
2063 575 2144 627 in-
2248 573 2392 628 enim
2447 572 2587 626 haud
2642 572 2811 627 multo
2855 579 2976 642 post
3023 570 3275 641 Cypriani
3325 579 3574 642 tempora
3644 570 3888 625 erroris

547 671 800 727 scribitur
836 676 1014 723 autem
1056 669 1107 721 in
1148 667 1293 722 dicto
1321 666 1507 721 codice
1544 685 1557 721 :
1620 683 1640 717 ι
1692 665 2011 721 Exhortatio
2039 663 2144 736 Cy-

548 765 719 838 priani
745 763 813 819 de
841 763 1163 818 Poenitentia
1191 777 1204 814 :
1237 779 1256 812 ι
1299 759 1451 814 titulo
1481 759 1734 814 nimirum
1776 757 1856 830 (ut
1887 759 2144 827 deinceps

549 854 854 926 ostendam)
884 855 952 910 ab
979 854 1296 910 amanueusi
1344 853 1420 907 illi
1451 863 1651 920 aptato.
1685 852 1894 920 Quanta
1921 852 2146 921 hujusce

547 950 791 1022 opusculi
820 948 1128 1019 praestantia
1153 948 1223 1004 sit
1247 955 1406 1016 atque
1434 946 1653 1012 utilitas,
1671 945 1924 1016 deinceps
1946 945 2143 1000 dicam.

549 1043 665 1100 Hoc
694 1058 826 1098 sane
865 1042 1125 1098 audacter
1177 1040 1449 1096 alfirmare
1477 1039 1682 1106 audeo,
1716 1040 1986 1094 immerito
2016 1039 2146 1094 illud

549 1136 813 1192 hactenus
853 1135 908 1190 in
959 1135 1199 1190 tenebris
1228 1133 1549 1190 delituisse:
1595 1134 1806 1189 tametsi
1847 1133 1991 1188 enim
2024 1133 2144 1188 nul-

551 1231 662 1288 lum
686 1229 812 1286 insit
845 1229 1159 1285 historicum
1187 1234 1620 1293 monumentum,
1652 1227 1798 1282 nulla
1830 1226 1885 1281 in
1916 1240 1983 1281 eo
2013 1226 2148 1282 emi—

553 1333 678 1382 neat
704 1322 1032 1393 eloquentia,
1055 1331 1238 1377 careat
1262 1336 1476 1391 quoque
1501 1321 1829 1392 argumentis
1858 1334 1888 1373 a
1917 1319 2145 1384 ratione,

553 1427 644 1475 aut
683 1428 925 1474 veterum
968 1415 1287 1471 auctoritate
1339 1414 1549 1485 petitis,
1595 1413 1691 1470 sed
1723 1413 1997 1483 Scriptura
2030 1423 2149 1467 tan-

555 1524 669 1570 tum
721 1511 1009 1576 innitatur,
1057 1523 1228 1580 eaque
1290 1507 1507 1578 jejune,
1565 1521 1629 1562 ac
1681 1505 1798 1562 sine
1839 1506 1948 1561 ullo
1993 1519 2150 1560 orna-

481 1649 490 1651 -
553 1614 737 1662 mento
759 1603 1035 1674 exposita;
1066 1616 1174 1656 non
1200 1601 1451 1656 continuo
1480 1609 1660 1655 tamen
1681 1609 1765 1657 est
1792 1608 2146 1654 contemnen-

553 1699 685 1755 dum
717 1717 729 1752 :
759 1697 997 1768 alioquin
1032 1702 1350 1751 contemnas
1387 1707 1609 1748 necesse
1649 1703 1734 1749 est
1774 1694 2020 1764 egregios
2057 1706 2151 1747 eos

2249 683 2412 738 quem
2459 667 2674 722 libellus
2706 667 2808 720 iste
2848 664 3092 720 confutat
3125 683 3137 718 :
3173 664 3400 735 ideoque
3437 664 3661 720 occasio
3696 666 3884 720 etiam

2249 761 2447 826 desiit,
2479 759 2550 815 ob
2584 773 2743 828 quam
2772 758 2913 814 idem
2944 757 3160 813 libellus
3184 755 3526 828 allegaretur.
3569 756 3653 811 Ad
3690 756 3820 810 haec
3859 773 3882 812 :

2250 852 2403 909 Unde
2430 853 2674 906 novimus
2707 861 2915 906 veteres
2941 851 3074 905 alios
3095 892 3110 917 ,
3139 866 3366 920 quorum
3399 850 3602 916 libros,
3636 849 3882 906 deside.

2251 963 2450 1015 ramus,
2472 947 2846 1002 minimehuuc
2863 945 3155 1016 allegasse?
3174 945 3331 1000 Levis
3359 945 3537 1016 itaque
3558 954 3645 1001 est
3683 961 3820 1016 quae.
3840 961 3883 1000 a

2251 1051 2490 1097 veterum
2513 1041 2727 1096 silentio
2751 1039 3051 1095 desumitur
3071 1038 3378 1094 difﬁcultas.
3404 1039 3474 1093 At
3498 1053 3878 1110 quamquam,

2253 1139 2326 1192 uti
2356 1137 2490 1203 dixi,
2517 1152 2579 1192 ea
2607 1145 2923 1208 argumenta
2949 1134 3287 1192 dissolubilia
3309 1135 3480 1192 fateor
3499 1176 3514 1201 ,
3550 1133 3883 1206 probabilia

2252 1239 2376 1284 Slllll
2408 1239 2607 1286 tamen.

2323 1323 2414 1379 1V.
2455 1324 2708 1394 Quisquis
2739 1333 2915 1380 tamen
2942 1323 3183 1380 libellum
3211 1323 3775 1394 hunccomposuerit,
3800 1324 3883 1378 si-

2255 1417 2537 1472 millimum
2566 1417 2680 1472 veri
2708 1427 2809 1484 est,
2842 1432 2964 1474 eum
2990 1416 3244 1490 Cypriani
3273 1417 3562 1488 aequalem,
3583 1425 3676 1472 aut
3708 1425 3884 1473 certe

2255 1527 2362 1566 non
2409 1511 2634 1567 multum
2679 1511 2747 1566 ab
2791 1512 2908 1582 ejus
2955 1521 3116 1566 aetate
3168 1519 3435 1568 remotum
3467 1510 3657 1575 fuisse,
3701 1518 3770 1565 et
3825 1510 3883 1564 in

2254 1605 2649 1676 Seripturarum
2685 1604 2933 1673 lectione
2970 1604 3247 1660 detritum.
3295 1605 3378 1659 An
3423 1619 3530 1658 non
3590 1603 3877 1676 Cypriani

2256 1699 2514 1768 atqualem
2536 1738 2550 1762 ,
2581 1707 2673 1753 aut
2708 1708 2856 1755 certe
2887 1698 3026 1753 haud
3058 1698 3287 1754 multum
3315 1699 3383 1753 ab
3409 1697 3554 1752 illius
3580 1707 3755 1753 :etate
3783 1713 3883 1752 re.

555 1793 812 1866 Cypriani
861 1792 1028 1847 iibl‘OS
1053 1830 1069 1856 ν
1117 1789 1209 1861 qui
1263 1808 1283 1841 ί
1341 1787 1643 1843 ιεὶειῖηιοηί³
1697 1786 1764 1841 3d
1810 1787 2092 1855 Quirinum
2126 1803 2146 1838 ι
2185 1796 2232 1856 Β
2262 1802 2468 1847 motum
2497 1790 2736 1847 ostendit
2769 1807 2831 1847 ea
2888 1806 3046 1862 quam
3080 1790 3343 1862 sequitur,
3374 1789 3668 1860 Scriptura:
3695 1789 3884 1844 inter-

555 1889 870 1954 continent;
915 1886 968 1941 in
1000 1885 1065 1941 iis
1099 1885 1299 1956 quippe
1328 1883 1447 1940 sine
1476 1883 1586 1938 ullo
1611 1881 1933 1953 eloquentiae
1962 1880 2157 1937 verbo—

555 1997 783 2052 rumque
821 1987 1110 2050 apparatu,
1169 1977 1288 2032 sine
1347 1975 1456 2031 ullo
1495 1975 1764 2030 rationum
1803 1983 2157 2043 veterumque

557 2073 834 2140 subsidio,
863 2072 977 2128 sola
1014 2071 1291 2142 Scriptura
1322 2069 1586 2126 adversus
1622 2070 2154 2139 crroresjpugnatur,

554 2179 611 2226 et
641 2169 763 2224 fidei
793 2176 989 2222 nostrae
1017 2168 1267 2236 dogmata
1296 2165 1654 2221 stabiliuntur.

629 2261 694 2316 II.
733 2260 880 2316 Idem
912 2274 1076 2330 porro
1103 2259 1389 2315 consilium
1418 2259 1462 2313 is
1494 2258 1634 2324 iniit,
1658 2256 1813 2326 cujus
1836 2253 2156 2325 opusculum

556 2356 645 2412 hic
672 2355 904 2426 profero,
939 2363 1178 2410 vetustus
1210 2352 1300 2407 ille
1326 2351 1568 2422 quidem,
1602 2359 1655 2405 et
1681 2348 1834 2403 valde
1865 2345 2160 2417 probabilis

557 2451 812 2523 scriptor,
842 2457 935 2505 aut
964 2449 1264 2521 Cyprianus
1293 2446 1502 2501 scilicet
1533 2445 1646 2514 ipse
1665 2485 1680 2509 ,
1713 2452 1806 2498 aut
1841 2442 1976 2497 alter
2003 2442 2158 2513 igno-

559 2554 666 2610 tus,
700 2547 746 2599 si
774 2544 888 2607 vis,
916 2542 1188 2615 Cypriano
1217 2549 1394 2594 tamen
1422 2545 1579 2593 aetate
1604 2552 1719 2607 par,
1756 2535 2007 2608 Cypriani
2040 2550 2160 2591 ves—

560 2638 702 2708 tigiis
732 2653 796 2692 ac
825 2636 1006 2692 studio
1034 2636 1306 2690 insistens.
1339 2632 1665 2703 Cyprianum
1693 2631 1898 2687 scilicet
1923 2630 2160 2686 indicare

559 2733 774 2789 videtur
797 2730 1124 2802 disputandi,
1141 2729 1540 2798 Scripturaaque
1563 2725 1871 2782 testimonia
1895 2723 2158 2795 allegandi

559 2826 699 2883 ratio
747 2840 909 2896 quam
951 2823 1202 2889 adhibet,
1261 2821 1537 2877 simillima
1569 2821 1824 2875 nimirum
1858 2817 1965 2884 illi,
1999 2831 2159 2886 quam

559 2920 615 2977 in
670 2920 809 2976 libro
873 2917 1306 2974 Testimonioi'um
1369 2917 1414 2971 is
1456 2913 1782 2970 observavit.
1824 2912 1999 2982 Atque
2038 2911 2160 2966 huic

561 3014 780 3087 quidem
812 3013 1137 3081 conjectura:
1167 3010 1419 3081 Cypriani
1444 3023 1640 3064 nomen
1669 3007 1792 3061 huic
1820 3003 2081 3074 opusculo
2105 3003 2159 3058 in

561 3108 747 3166 codice
778 3107 1126 3180 praepositum
1153 3105 1298 3160 favet
1323 3122 1336 3158 :
1366 3103 1612 3175 quamvis
1641 3101 1784 3157 enim
1815 3115 1879 3156 ea
1907 3101 1962 3154 in
1991 3115 2049 3154 rc
2079 3100 2160 3154 in-

564 3205 772 3262 terdum
800 3202 1036 3259 errarint
1059 3213 1438 3267 amanuenses,
1472 3196 1613 3253 haud
1645 3210 1766 3254 raro
1789 3202 1972 3251 tamen
1995 3208 2154 3252 veros
2182 3197 2226 3258 (ἶ,

563 3297 821 3353 librorum
845 3303 1094 3350 auctores
1117 3293 1444 3348 indicarunt.

636 3392 708 3445 At
733 3404 856 3444 cum
881 3389 1177 3460 Scriptura:
1197 3386 1698 3456 interpretationem
1731 3382 1975 3454 opusculi
1994 3383 2164 3437 nostri

563 3491 754 3539 auctor
782 3481 979 3550 alleget
1015 3479 1172 3534 valde
1202 3478 1471 3532 diversam
1503 3478 1570 3531 ab
1627 3492 1690 3531 ea
1731 3491 1835 3546 qua
1868 3476 2033 3529 utitur
2057 3472 2162 3546 Cy-

562 3575 824 3647 prianus,
893 3585 1057 3628 nemo
1104 3584 1320 3641 quoque
1359 3584 1390 3624 e
1421 3567 1696 3625 veteribus
1737 3566 1975 3622 libellum
2020 3566 2163 3621 hunc

562 3667 834 3743 Cypriane
865 3665 1131 3731 tribuerit,
1160 3677 1361 3734 anceps
1391 3662 1573 3718 haereo
1621 3660 1832 3715 cuinam
1891 3659 2039 3713 illum
2071 3658 2163 3714 ad-

564 3763 820 3821 scribam.
849 3760 984 3816 Novi
1015 3757 1260 3832 equidem
1295 3765 1561 3828 postrema
1592 3753 1708 3810 lucc
1728 3761 2044 3825 argumenta
2077 3751 2161 3807 in-

563 3854 898 3911 dissolubilia
945 3852 1164 3908 minime
1233 3866 1373 3907 esse.
1430 3849 1656 3906 Veteres
1720 3847 1930 3903 scilicet
2002 3845 2163 3901 modo

565 3962 748 4010 unam,
763 3945 926 3999 modo
943 3945 1104 3999 aliam
1126 3945 1420 4012 Scriptura:
1441 3942 1942 4012 interpretationem
1971 3954 2164 4010 seque-

564 4041 780 4096 bantur.
814 4037 982 4106 Cujus
1010 4037 1088 4091 rei
1129 4035 1266 4092 adeo
1291 4035 1455 4090 multa
1473 4079 1486 4103 ,
1514 4035 1650 4090 adeo
1691 4036 1972 4104 perspicua
1998 4050 2162 4105 argu-

565 4141 747 4190 menta
767 4131 1048 4197 habemus,
1074 4139 1130 4184 ut
1153 4129 1220 4184 de
1240 4144 1300 4184 ea
1321 4129 1432 4199 jam
1451 4145 1607 4184 nemo
1620 4129 1830 4184 dubitet
1859 4129 1961 4202 (1).
1994 4129 2162 4186 Ama-

565 4241 801 4285 nuenses
822 4225 982 4281 etiam
1007 4224 1276 4280 licentiam
1312 4237 1443 4278 sane
1469 4238 1578 4278 non
1607 4223 1781 4279 levem
1813 4224 1912 4278 sibi
1945 4240 2164 4295 arroga-

565 4331 723 4388 runt,
772 4318 1279 4388 substitueruntque
1342 4330 1450 4371 non
1501 4331 1624 4372 raro
1663 4315 2164 4386 interpretationem

565 4433 725 4487 quam
778 4418 1101 4490 diligerent,
1166 4419 1594 4491 interpretationi
1646 4433 1753 4488 qua
1811 4433 1940 4475 usus
1993 4417 2166 4473 fuerat

565 4523 755 4571 auctor
782 4515 874 4571 ille
912 4531 1073 4587 quem
1095 4515 1492 4573 exscribebant.

642 4673 725 4747 (1)
762 4673 1002 4747 Unicum
1032 4673 1369 4747 exemplum,
1394 4674 1490 4747 sed
1522 4673 1653 4728 illud
1687 4673 2028 4747 manifestum
2069 4670 2166 4747 ad;

566 4742 745 4800 hibeo.
779 4745 1133 4813 Augustinus,
1155 4742 1319 4801 Serm.
1344 4745 1437 4809 20,
1464 4763 1519 4800 η.
1549 4747 1600 4808 '5,
1627 4747 1705 4800 sic
1727 4744 2050 4798 versiculum
2092 4742 2165 4797 ‘22

565 4818 757 4886 capitis
814 4833 944 4871 xvm
1001 4817 1281 4882 Ezechiel,
1320 4817 1551 4886 allegat:
1605 4816 1670 4870 lu
1723 4830 2036 4886 quacumque
2081 4813 2163 4867 die

564 4904 836 4944 conversus
877 4891 1030 4958 fuerit
1081 4890 1305 4956 iniquus,
1354 4898 1403 4943 et
1451 4888 1626 4957 fecerit
1663 4887 1944 4959 justitiam,
1984 4901 2164 4959 anuos

564 4960 852 5028 iniquitatis
880 4957 1014 5029 ejus
1056 4959 1346 5013 obliviscar.
1413 4960 1480 5012 At
1529 4957 1692 5013 serui.
1741 4959 1829 5025 59,
1881 4973 1935 5011 ιι.
1976 4957 1998 5010 1
2037 4957 2164 5010 citat

567 5031 669 5085 hoc
700 5029 889 5085 modo:
924 5032 1078 5098 (Quo
1119 5031 1206 5086 die
1235 5044 1537 5086 conversus
1585 5029 1770 5095 fueris,
1824 5029 2161 5083 obliviscitur

570 5101 780 5172 (Deus)
813 5103 953 5154 mala
988 5113 1075 5156 tua
1104 5102 1398 5172 prmterita.
1425 5119 1443 5152 ›
1478 5099 1653 5156 Serm.
1687 5115 1813 5154 vero
1839 5099 1930 5164 82,
1963 5101 2051 5170 qui
2078 5107 2162 5172 est

564 5171 632 5229 de
647 5173 827 5227 verbis
841 5171 1124 5240 Evangelf,
1153 5172 1368 5236 Matth,
1393 5188 1510 5241 cap.
1543 5188 1720 5237 xviu.,
1739 5189 1791 5225 η.
1816 5172 1904 5238 14,
1922 5187 2043 5225 cum
2063 5171 2163 5225 ali-

564 5259 668 5369 qua
699 5245 822 5300 licet
854 5245 958 5299 levi
986 5244 1288 5300 differentia
1329 5259 1518 5298 rursus
1547 5244 1795 5307 adducit;
1833 5257 2024 5310 nempe
2052 5243 2162 5297 ita:

599 5317 782 5369 uiauus
813 5318 863 5369 in
900 5333 999 5369 auri
1052 5317 1133 5369 die
1180 5332 1448 5369 conversus
1498 5317 1664 5369 fuerit.
1704 5315 1767 5366 ab
1812 5315 2162 5369 iniquitatibus

599 5317 782 5386 uiquus
813 5318 863 5370 in
900 5333 999 5385 qua
1052 5317 1133 5369 die
1180 5332 1448 5372 conversus
1496 5317 1664 5384 fuerit,
1704 5315 1767 5366 ab
1812 5315 2162 5386 iniquitatibus

562 5384 693 5451 suis,
723 5398 770 5441 et
791 5387 966 5456 fecerit
977 5389 1238 5458 justitiam
1259 5431 1272 5454 ,
1299 5403 1470 5442 omnes
1496 5387 1786 5457 iniquitates
1816 5387 1925 5454 ejus
1955 5384 2163 5439 oblivis-

563 5475 673 5512 car.
705 5458 774 5513 Et
811 5460 934 5513 alibi
967 5457 1128 5514 etiam
1160 5459 1408 5515 eumdem
1432 5459 1753 5514 versiculum
1774 5457 2003 5511 afl‘erens
2035 5471 2158 5510 cum

563 5531 748 5600 aliquo
797 5529 1110 5585 discrimine
1149 5531 1326 5586 affert:
1357 5551 1375 5582 ι
1399 5530 1578 5586 Pulsat
1603 5539 1660 5584 et
1687 5529 1888 5600 clamat
1909 5547 1952 5594 ι,
1988 5528 2160 5598 inquit

563 5601 675 5666 ille,
707 5618 763 5656 ιι.
800 5601 868 5656 10
895 5603 1161 5657 sermonis
1191 5604 1282 5668 87,
1316 5602 1402 5671 qui
1434 5614 1514 5657 e51
1539 5604 1605 5657 de
1636 5601 1813 5655 verbis
1841 5599 2027 5653 Matth.
2064 5615 2154 5655 xx.

569 5690 589 5723 ι
614 5689 708 5742 per
740 5677 1054 5741 prophetam
1071 5673 1405 5730 Ezechielem
1425 5690 1438 5726 :
1457 5695 1475 5726 ι
1515 5673 1580 5729 In
1598 5689 1912 5744 quacumque
1939 5673 2020 5725 die
2035 5687 2157 5725 con-

563 5745 911 5868 versusbcueorit
949 5748 1100 5802 homo
1129 5763 1162 5800 a
1181 5747 1262 5802 via
1289 5761 1382 5801 sua
1402 5747 1642 5816 pessima,
1674 5744 2154 5814 amnesiniquitates

565 5827 678 5868 etus
705 5830 734 5866 ο
790 5829 991 5868 wtscar.

565 5827 678 5878 ejus
705 5827 991 5870 ovtwtscar.

2189 4553 2242 4614 D

2260 1884 2520 1955 pretatio,
2555 1893 2610 1939 et
2651 1883 2934 1954 disciplina
2965 1899 3125 1954 quam
3151 1883 3390 1938 stabilire
3417 1882 3681 1938 canatur?
3713 1881 3885 1936 Indi-

2261 1987 2348 2033 cat
2400 1977 2605 2034 scilicet
2651 1993 2757 2033 non
2811 1978 3040 2035 obscure
3091 1978 3322 2048 scriptor
3368 1977 3471 2034 iste
3518 1976 3884 2048 recipiendos

2262 2070 2477 2142 quidem
2512 2071 2564 2125 in
2597 2071 2894 2126 Ecclesiam
2922 2071 3103 2141 lapsos
3123 2110 3136 2134 ,
3165 2078 3219 2125 et
3246 2085 3278 2124 a
3306 2085 3403 2140 spe
3432 2071 3598 2126 veniae
3630 2072 3882 2127 minime

2259 2162 2522 2218 arcendos
2551 2164 2864 2234 quorumvis
2900 2163 3187 2219 criminum
3241 2177 3398 2230 reos,
3431 2163 3731 2220 dummodo
3773 2181 3884 2221 m-

2261 2259 2470 2314 nonicaz
2515 2259 2844 2328 paenitentiae
2895 2273 3016 2315 sese
3067 2258 3415 2329 subjicerent.
3460 2257 3587 2315 Haec
3649 2259 3880 2316 scilicet

2261 2355 2487 2424 quaestio
2514 2369 2637 2408 cum
2671 2353 2924 2428 Cypriani
2953 2362 3198 2424 tempore
3240 2353 3576 2424 potissimum
3604 2353 3876 2425 viguerit,

2265 2445 2408 2503 haud
2456 2447 2686 2502 obscure
2730 2455 2941 2502 aetatem
2989 2445 3193 2511 innuit,
3243 2461 3349 2517 qua
3393 2447 3738 2517 conscriptus
3789 2457 3881 2502 est

2266 2541 2403 2596 liber
2429 2541 2548 2596 iste.

2336 2633 2401 2688 V.
2445 2633 2574 2701 Quis
2607 2647 2766 2704 porro
2797 2635 2850 2688 in
2885 2633 3281 2705 Seripturarum
3326 2633 3559 2690 lectione
3600 2634 3871 2690 detritum

2262 2743 2384 2785 eum
2442 2735 2618 2798 neget,
2667 2737 2948 2798 postquam
2988 2728 3179 2784 viderit
3223 2742 3540 2798 percurrere
3581 2727 3734 2783 illum
3793 2739 3877 2783 tot

2265 2822 2660 2894 Seripturarum
2684 2823 2873 2891 libros,
2907 2832 2959 2878 et
2986 2838 3052 2878 ex
3079 2823 3142 2878 iis
3169 2823 3397 2892 seligere
3423 2822 3540 2877 loca
3560 2866 3574 2889 ,
3606 2838 3729 2894 quae
3759 2823 3871 2878 mi—

2265 2933 2380 2972 rum
2415 2917 2468 2970 iu
2497 2916 2710 2970 modum
2737 2915 3058 2971 catholicum
3090 2915 3280 2984 dogma
3306 2916 3644 2982 confirment,
3678 2915 3866 2986 illique

2265 3009 2476 3065 faveant
2520 3002 2896 3066 consuetudini
2947 3024 3108 3080 quam
3148 3009 3200 3063 in
3264 3006 3508 3064 Ecclesia
3538 3009 3867 3064 servandam

2264 3106 2472 3162 censuit
2500 3105 2838 3176 Cyprianus?

2333 3198 2418 3253 γι.
2435 3197 2726 3268 Propterea
2742 3211 2869 3253 vero
2883 3196 3328 3252 verisimillimum
3350 3196 3711 3252 tantummodo
3733 3210 3862 3253 esse

2268 3292 2319 3348 id
2341 3292 2596 3356 arbitror,
2631 3291 2769 3363 quod
2797 3291 2865 3347 de
2894 3289 3162 3362 Cypriane
3192 3289 3414 3360 hujusce
3446 3289 3599 3345 libelli
3625 3298 3855 3344 auctore

2266 3387 2396 3450 dixi.
2419 3402 2589 3456 neque
2607 3386 2802 3456 aliquid
2821 3386 2960 3440 certi
2985 3400 3046 3440 ea
3074 3385 3142 3440 de
3165 3400 3221 3440 re
3245 3393 3486 3441 statuere
3509 3399 3662 3442 ausus
3689 3399 3814 3439 sum
3837 3427 3855 3448 ,

2269 3481 2410 3552 quod
2429 3481 2668 3536 noverim
2687 3477 3080 3549 exstitissejam
3099 3478 3305 3549 pridem
3318 3478 3604 3533 nonnullos
3619 3477 3867 3549 (2)etiam

2268 3579 2407 3634 inter
2439 3574 2774 3645 latinos,“qui
2805 3574 3132 3647 Cyprianum
3159 3573 3261 3629 hoc
3282 3575 3333 3628 in
3362 3572 3632 3629 scribendi
3659 3587 3860 3644 genere

2268 3671 2625 3734 imitarentur,
2652 3669 2704 3723 in
2737 3668 2817 3739 (5)
2846 3683 3074 3739 quorum
3094 3683 3315 3723 numero
3340 3667 3588 3739 Pelagius
3616 3667 3708 3723 ille
3736 3668 3867 3723 emi-

2268 3764 2382 3820 nuit
2407 3762 2510 3836 (4),
2538 3763 2628 3833 qui
2651 3761 2859 3817 laudem
2877 3777 3035 3832 quam
3049 3760 3264 3816 aliunde
3279 3759 3659 3832 acquisiverat,
3677 3760 3865 3814 adver-

2267 3872 2358 3912 sus
2371 3856 2604 3912 divinam
2620 3857 2845 3926 gratiam
2865 3863 3049 3925 postea
3066 3855 3347 3912 decertans
3360 3853 3461 3910 sibi
3473 3853 3696 3910 ademit.
3721 3853 3862 3922 Quo-

2267 3952 2410 4008 niam
2439 3965 2598 4021 porro
2628 3965 2689 4005 ea
2719 3966 2838 4021 qua:
2867 3950 3254 4005 verisimillima
3279 3957 3437 4017 sunt,
3471 3942 3693 4005 admitti
3717 3964 3864 4005 com-

2265 4043 2425 4100 mode
2466 4052 2718 4114 possunt,
2747 4043 2867 4113 quis
2906 4042 3039 4098 mihi
3087 4043 3220 4098 vitio
3269 4052 3474 4109 vertet,
3519 4043 3566 4098 si
3616 4043 3863 4114 deinceps

2266 4138 2477 4209 quoties
2505 4137 2575 4193 de
2613 4135 2836 4207 hujusce
2874 4136 3114 4208 opusculi
3163 4145 3386 4194 auctore
3415 4137 3618 4194 incidet
3652 4151 3859 4204 sermo,

2267 4231 2469 4288 incidet
2496 4242 2672 4288 autem
2699 4246 2863 4304 saepe,
2885 4247 3008 4288 eum
3035 4232 3360 4303 Cyprianum
3388 4245 3508 4289 esse
3543 4232 3766 4288 dicam?
3856 4291 3864 4301 ,

3652 4373 3682 4381 -ι
3711 4366 3852 4386 ιιι-κερ

2344 4461 2422 4533 (2)
2474 4461 2554 4516 En
2607 4474 2727 4533 quae
2783 4459 2848 4533 in
2895 4458 3062 4512 libros
3120 4457 3575 4533 testimoniorum
3599 4456 3855 4533 Cypriani

2272 4529 2422 4589 notat
2446 4529 2726 4587 Balnzius:
2761 4551 2777 4580 ι
2800 4531 2853 4584 Si
2880 4545 2982 4600 qua
3009 4539 3134 4584 sunt
3163 4530 3277 4584 loca
3322 4531 3375 4583 in
3411 4529 3653 4600 operibus
3681 4530 3856 4582 sancti

2269 4604 2552 4675 Cypriani,
2582 4603 2648 4657 de
2671 4602 3230 4675 Aquibuspronuutiari
3285 4617 3392 4675 non
3421 4601 3584 4670 possit
3613 4614 3674 4675 ea
3702 4608 3856 4675 certe

2269 4669 2413 4731 illius
2442 4669 2584 4742 esse,
2632 4669 2848 4729 id'vero
2877 4669 3139 4741 imprimis
3180 4674 3349 4728 asseri
3400 4669 3577 4741 potest
3601 4669 3666 4727 de
3702 4669 3863 4726 libris

2267 4748 2722 4804 Testimoniorum
2768 4744 2833 4800 ad
2876 4744 3177 4810 Quirinum.
3223 4745 3412 4800 Plures
3469 4745 3614 4799 enim
3649 4742 3864 4798 codices

2270 4822 2388 4890 plus
2414 4819 2614 4873 habent
2640 4833 2796 4890 quam
2820 4817 3046 4890 vulgatae
3066 4816 3350 4890 editiones,
3377 4817 3736 4890 alimmiuns.)
3757 4814 3864 4869 Cur

2268 4886 2398 4946 vero
2426 4905 2530 4944 non
2572 4889 2726 4960 pauci
2755 4887 2968 4960 codices
3012 4886 3154 4960 adeo,
3198 4889 3402 4956 copiosi
3449 4887 3614 4942 sunt?
3642 4888 3722 4941 An
3755 4902 3862 4941 non

2268 4963 2389 5030 quia
2419 4959 2775 5032 posteriorum
2810 4959 3091 5032 doctorum
3147 4959 3424 5032 laboribus
3473 4961 3862 5032 accreverunt?

2268 5029 2434 5090 Dixif
2471 5033 2632 5088 etiam
2667 5033 2805 5086 inter
2834 5031 3081 5094 Latinos;
3115 5046 3238 5084 nam
3294 5031 3433 5084 inter
3459 5029 3678 5085 Grmcos
3701 5043 3769 5083 eo
3807 5030 3861 5085 in

2269 5104 2540 5160 scribendi
2584 5118 2782 5172 genere
2813 5103 3040 5155 eminuit
3085 5103 3449 5155 Damascenus
3482 5103 3662 5170 plures
3694 5101 3860 5155 libros

2267 5177 2428 5230 simili
2461 5175 2529 5229 de
2557 5184 2874 5245 argumento
2922 5173 3112 5239 edens,
3163 5187 3298 5243 quos
3343 5173 3615 5243 parallela,
3648 5185 3765 5236 seu,
3813 5174 3860 5227 si

2268 5247 2369 5310 vis,
2406 5247 2626 5315 Eclogas
2654 5245 2960 5316 appellavit.

2344 5318 2421 5390 (ὅ)
2460 5337 2477 5369 ι
2501 5314 2750 5386 Ejusdem
2795 5330 2955 5390 porro
2991 5315 3102 5390 fere
3134 5316 3433 5390 argumenti
3463 5331 3583 5370 cum
3623 5316 3726 5390 isto
3754 5314 3859 5390 Cy-

2269 5385 2442 5460 priani
2473 5385 2636 5460 opere
2679 5398 2762 5441 est
2801 5387 2936 5442 liber
2965 5389 3028 5440 de
3057 5385 3490 5460 Promissiouibus
3538 5396 3610 5460 etii
3636 5385 3859 5460 Prwdic—

2265 5458 2483 5515 tionibus
2507 5458 2622 5520 Dei,
2643 5461 2730 5528 qui
2752 5460 2908 5527 vulgo
2928 5459 3181 5513 tribuitur
3221 5458 3512 5527 Prospero.
3541 5478 3558 5509 ι
3587 5458 3853 5524 Balnzius,

2265 5540 2392 5586 nota
2453 5533 2472 5584 1
2545 5533 2596 5585 in
2651 5531 2806 5584 libros
2861 5529 3288 5584 Testimoniorum
3356 5533 3529 5584 sancti
3583 5529 3853 5600 Cypriani.

2337 5602 2413 5673 (4)
2436 5602 2702 5670 Videqua:
2727 5601 2942 5656 tradunt
2972 5601 3194 5655 Vossius
3223 5602 3424 5655 llistor.
3460 5602 3728 5673 Pelagian.
3751 5601 3786 5656 1.
3814 5617 3854 5667 ι,

2261 5689 2306 5729 c.
2325 5674 2378 5739 4,
2397 5672 2400 5673 ⁷
2418 5693 2434 5725 ι
2456 5674 2523 5728 de
2551 5673 2636 5737 iis,
2655 5688 2772 5742 qua:
2789 5673 3034 5744 Pelagius
3052 5673 3289 5744 scripsit.
3316 5690 3332 5723 ι
3361 5673 3645 5744 etCavejin
3667 5672 3852 5744 histor.

2260 5746 2366 5800 litt.
2396 5744 2463 5800 de
2504 5745 2720 5816 Pelagio
2757 5745 2824 5799 ad
2845 5742 3045 5804 annum
3084 5743 3208 5813 £05,
3235 5758 3356 5816 pag.
3390 5743 3518 5810 585,
3553 5742 3594 5803 ις
3629 5744 3683 5810 1,
3717 5742 3848 5800 edit.

2257 5816 2447 5887 Basil.,
2467 5816 2592 5874 anni
2616 5815 2774 5876 1741.
2799 5830 2826 5868 ε
2953 5869 2960 5876 .
