4142 6256
306 328 455 391 1155

1202 329 1658 395 EXHORTATIO
1696 335 1756 397 S.
1781 336 2109 398 CYPRIANI
2147 338 2238 398 DE
2277 334 2755 428 PCENITENTIA.

3473 342 3622 408 IIS-5

378 441 492 501 VII.
532 441 644 501 Nec
686 444 916 513 modica,
948 457 1038 503 me
1081 444 1294 519 quidem
1321 451 1526 521 judice,
1557 453 1786 524 hujusce
1830 453 1897 508 li-
1928 457 1980 518 A
2009 472 2115 512 nuo
2146 457 2197 511 in
2225 471 2292 513 eo
2317 456 2483 514 habes
2520 477 2533 512 :
2570 458 2726 527 Quod
2751 454 2969 530 quidem
3001 456 3090 517 hic
3111 454 3291 517 multis
3316 472 3604 520 commen-

303 539 434 596 belli
464 538 669 596 utilitas
692 549 796 598 est.
826 541 908 598 An
940 558 1047 598 non
1070 558 1200 600 vero
1240 546 1399 602 valde
1440 547 1590 603 utilis
1618 548 1831 605 libellus
1861 549 1908 604 is
2008 549 2139 605 dare
2185 550 2405 606 minime
2445 560 2529 607 est
2567 567 2737 622 opus;
2793 551 2890 607 sed
2933 552 3174 624 profecto
3203 568 3311 610 non
3350 556 3468 613 leve
3504 564 3613 613 est.

304 642 389 689 est
437 632 491 687 in
532 647 640 705 quo
684 635 1066 692 usitatissimus
1107 636 1364 694 Ecclesia:
1421 653 1539 694 mos
1579 640 1814 709 eminet,
1848 650 1909 697 ut

304 726 515 783 scilicet
538 737 758 786 exortus
782 744 937 786 error
960 729 1205 787 adductis
1231 732 1474 803 pluribus
1500 732 1905 806 Scripturarum

305 821 629 878 testimoniis
654 824 834 880 statim
864 826 1221 896 reprimatur;
1252 837 1306 884 et
1333 827 1385 883 in
1416 843 1522 900 quo
1552 837 1695 885 tanta
1721 840 1910 887 vetus-

306 911 532 970 tissimae
561 916 828 973 versionis
862 919 1040 990 portio
1083 918 1266 976 inest?
1313 920 1468 989 Quod
1506 923 1551 977 si
1586 937 1653 979 eo
1693 922 1900 993 ordine,

304 1020 412 1077 quo
426 1007 642 1065 codices
658 1024 847 1066 eorum
868 1019 1174 1084 temporum
1202 1015 1494 1087 conscripti
1524 1026 1701 1084 erant,
1725 1031 1909 1075 sacros

306 1097 475 1157 libros
501 1098 591 1157 hic
616 1101 836 1175 allegari
858 1118 1083 1177 penses,
1107 1105 1527 1165 emolumentum
1554 1108 1700 1166 aliud
1725 1109 1907 1167 conti-

2012 641 2187 697 llabet
2257 643 2418 698 etiam
2469 643 2573 698 hoc
2616 643 2911 713 commodi,
2959 654 3017 700 ut
3064 659 3247 702 sacras
3303 645 3618 718 Scripturas

2011 734 2250 806 allegans
2304 733 2657 791 Ecclesiastici
2681 777 2697 804 ,
2733 736 2933 793 librum
2973 736 3206 795 adducat
3234 736 3486 809 exemplo
3515 754 3619 797 suo

2012 828 2336 895 ostendens,
2365 838 2566 899 quanto
2593 829 2646 884 in
2680 829 2853 899 pretio
2888 830 3163 902 prioribus
3199 830 3331 903 ipsis
3358 832 3617 890 Ecclesia:

2014 922 2230 979 steculis
2260 923 2476 981 habitus
2500 923 2573 978 sit
2599 923 2735 980 liber
2760 924 2874 994 ille,
2897 940 3056 997 quem
3079 941 3225 983 nunc
3250 934 3617 998 protestantes

2016 1015 2225 1071 minimi
2256 1015 2476 1073 faciunt.
2512 1016 2618 1073 Sed
2644 1017 2714 1073 de
2738 1017 2924 1089 (libelli
2951 1028 3174 1076 auctore
3197 1025 3275 1093 [ac
3303 1021 3612 1093 praestantia

2018 1108 2298 1166 hactenus.
2329 1110 2470 1167 Ecce
2499 1119 2675 1167 autem
2709 1111 2948 1170 libellum
2980 1114 3154 1186 ipsum
3181 1132 3195 1170 :

301 1424 1021 1589 EXllollTll'l‘lll
1090 1425 1190 1587 S.
1272 1425 1786 1586 GIPRIAN
1789 1427 1840 1585 Ι
1911 1429 1916 1582 ί

2020 1430 2058 1585 ll
2137 1430 2870 1593 PIENII‘ENTIA
2940 1430 3046 1515 “"
3115 1433 3608 1596 INCIPIT.

1482 1838 2477 1884 ———-e@e_-==-—-—-

380 2097 495 2153 PER
520 2094 893 2168 paenitentiam
939 2106 1100 2165 posse
1142 2093 1323 2149 omnia
1369 2100 1591 2165 peccata
1629 2091 1827 2149 dimitti
1853 2090 1903 2148 ei
1932 2095 1982 2159 B
2009 2092 2167 2149 averti
2202 2091 2390 2164 faciem
2410 2111 2574 2152 meam
2603 2095 2693 2153 abs
2715 2104 2765 2155 te
2792 2112 2811 2154 :
2836 2098 2891 2155 in
2920 2099 3273 2161 misericordia
3298 2113 3488 2164 (eterna
3517 2107 3621 2164 mi-

308 2192 402 2265 qui
428 2190 496 2247 ad
518 2189 686 2246 Deum
714 2197 829 2245 toto
858 2187 1023 2244 corde
1043 2201 1338 2245 conversus
1362 2187 1451 2242 sit.

381 2284 439 2339 In
466 2282 683 2340 Psalmo
712 2279 1077 2353 octuagesimo
1098 2288 1291 2336 octavo
1338 2278 1415 2352 (ν.
1447 2278 1541 2351 51)
1577 2294 1591 2333 :
1617 2276 1706 2334 ἐἰ
1733 2276 1917 2332 dereli-

312 2377 515 2448 querint
551 2376 649 2444 ﬁlii
682 2375 791 2445 ejus
819 2372 980 2444 legem
1012 2386 1207 2439 meam,
1239 2381 1288 2427 et
1328 2372 1382 2426 in
1414 2370 1630 2442 judiciis
1658 2370 1785 2425 meis
1812 2385 1914 2424 non

318 2466 724 2530 ambulaverint,
771 2472 818 2519 ct
847 2464 1092 2519 mandata
1118 2480 1231 2518 mea
1259 2479 1361 2518 non
1399 2461 1733 2516 custodierint
1751 2502 1766 2528 ,
1796 2460 1914 2514 visi-

316 2559 433 2615 tabo
461 2559 516 2613 in
548 2559 693 2630 virga
719 2557 1011 2629 iniquitates
1038 2572 1213 2611 eorum
1236 2564 1282 2610 et
1317 2555 1372 2609 in
1395 2553 1683 2609 uerberibus
1711 2561 1917 2622 peccata

315 2670 493 2711 eorum
510 2669 530 2709 :
546 2651 948 2708 misericordiam
962 2660 1128 2705 autem
1142 2666 1307 2706 meam
1323 2665 1425 2703 non
1438 2649 1727 2720 dispergam
1743 2646 1807 2700 ab
1822 2646 1915 2700 eis.

387 2749 522 2804 Item
568 2745 709 2818 apud
752 2745 942 2815 Isaiam
971 2750 1128 2817 (xxx,
1163 2742 1255 2817 l5)
1287 2761 1300 2799 :
1335 2742 1481 2799 Sicut
1508 2743 1632 2798 dicit
1661 2739 1919 2797 Dominus

314 2854 526 2902 sanctus
550 2840 760 2897 Israel:
789 2840 918 2897 Cum
944 2854 1218 2895 conversus
1242 2836 1573 2909 ingemueris,
1599 2844 1720 2890 tunc
1747 2834 1919 2889 salvus

327 2941 428 2997 eris
448 2948 494 2994 et
517 2938 645 2993 scies
668 2937 754 2992 ubi
784 2936 964 3008 fueris.

388 3032 524 3088 Item
539 3031 646 3087 illic
660 3030 812 3102 (xxx,
830 3027 883 3101 1)
902 3047 916 3086 :
932 3028 1020 3083 Va:
1040 3027 1138 3100 ﬁlii
1154 3025 1471 3091 desertionis,
1494 3024 1616 3079 dicit
1638 3021 1921 3078 Dominus:

317 3125 537 3181 Fecistis
561 3125 830 3180 consilium
856 3139 961 3179 non
986 3138 1184 3195 perme,
1216 3128 1265 3176 et
1291 3120 1613 3191 sponsionem
1630 3132 1794 3171 meam
1818 3131 1921 3170 non

316 3237 409 3292 per
435 3221 671 3293 spiritum
696 3234 885 3288 meum,
914 3218 1141 3289 adjicere
1168 3224 1432 3286 peccatum
1458 3228 1612 3283 super
1639 3219 1919 3283 peccatum.

390 3316 525 3371 Item
561 3311 706 3385 apud
731 3311 1023 3369 Jeremiam
1051 3309 1134 3382 (ιι,
1163 3307 1260 3377 25)
1292 3325 1305 3361 :
1348 3308 1586 3361 Avertere
1629 3303 1707 3376 (2)
1738 3302 1920 3375 pedem

317 3418 460 3466 tuum
496 3409 560 3464 ab
597 3422 783 3479 aspera
817 3406 920 3475 via,
962 3414 1010 3459 et
1048 3404 1232 3476 faciem
1256 3410 1397 3456 tuam
1434 3418 1468 3455 a
1511 3400 1615 3454 siti.
1658 3396 1767 3451 Illa
1802 3411 1922 3452 vero

316 3503 448 3557 dixit
480 3518 499 3556 :
526 3500 902 3573 Confortabor:
928 3497 1042 3555 volo
1068 3514 1088 3553 :
1112 3496 1234 3569 quia
1258 3494 1499 3567 diligebat
1514 3494 1729 3561 alienos,
1753 3500 1801 3548 et
1812 3491 1918 3547 ibat
1944 3523 1990 3591 ο

316 3605 430 3668 post
452 3596 591 3651 illos.
623 3616 633 3648 ι

387 3689 520 3747 Item
547 3687 691 3759 apud
711 3687 904 3744 Isaiam
932 3687 1104 3760 (xxxx,
1136 3683 1192 3759 6)
1219 3701 1232 3740 :
1263 3680 1650 3750 Convertimini,
1680 3683 1801 3747 quia
1828 3675 1909 3751 (5)

315 3782 478 3839 altam
503 3781 861 3854 cogitationem
880 3778 1116 3852 cogitatis
1142 3786 1190 3832 et
1213 3777 1469 3846 iniquam.

385 3872 517 3929 Item
547 3871 658 3928 illic
683 3868 866 3943 (mn,
896 3868 994 3943 25)
1023 3886 1038 3924 :
1067 3867 1181 3941 Ego
1216 3884 1362 3936 sum,
1395 3880 1488 3937 ego
1519 3878 1634 3920 sum
1657 3861 1744 3932 qui
1773 3859 1918 3913 deleo

315 3966 595 4040 injustitias
622 3975 758 4032 tuas,
787 3973 955 4019 etnon
976 3963 1279 4028 recordabar
1301 3978 1319 4014 :
1351 3968 1405 4014 tu
1434 3968 1603 4013 autem
1624 3953 1915 4019 recordare,

313 4071 364 4118 et
381 4062 680 4134 judicemur
700 4058 857 4115 simul
879 4074 897 4112 :
924 4056 1007 4111 dic
1031 4065 1085 4108 tu
1113 4053 1392 4124 injustitias
1420 4062 1536 4105 tuas
1569 4051 1736 4120 prius.

386 4154 520 4211 Item
550 4153 660 4209 illic
686 4151 797 4223 (ιν,
826 4147 882 4219 6)
910 4166 922 4203 :
959 4146 1184 4216 Quaerite
1209 4142 1399 4209 Deum,
1419 4153 1602 4197 etcum
1628 4139 1918 4195 inveneritis

315 4265 456 4317 eum,
484 4249 735 4303 invocate.
761 4245 825 4298 At
850 4244 937 4300 ubi
956 4239 1385 4316 appr0pinquavit
1410 4236 1569 4305 vobis,
1595 4234 1919 4305 derelinquat

313 4342 506 4412 impius
544 4340 653 4394 vias
685 4354 805 4393 suas
824 4345 871 4393 et
896 4338 972 4392 vir
996 4336 1201 4408 iniquus
1227 4332 1560 4405 cogitationes
1578 4345 1700 4385 suas
1720 4337 1768 4382 et
1796 4343 1917 4382 con-

316 4443 547 4491 vertatur
572 4432 643 4487 ad
670 4430 971 4499 Dominum,
1001 4438 1049 4485 et
1080 4425 1430 4485 misericordia
1450 4425 1495 4480 ei
1518 4420 1910 4495 prteparabitur,

315 4528 438 4600 quia
460 4543 566 4582 non
590 4525 808 4580 multum
828 4523 1034 4579 remittit
1054 4530 1261 4594 peccata
1281 4528 1465 4574 vestra.

387 4623 522 4680 Item
551 4621 662 4677 illic
693 4620 859 4691 (κων,
885 4618 940 4687 1)
965 4631 980 4673 :
1010 4617 1301 4673 Recordare
1322 4615 1452 4682 haec,
1477 4611 1700 4685 Jacobpt
1724 4608 1911 4677 Israel,

315 4718 438 4791 quia
477 4732 603 4788 puer
620 4724 771 4769 'meus
799 4730 873 4769 es.
908 4711 1096 4767 Vocavi
1120 4720 1167 4766 te
1194 4724 1405 4782 puerum
1441 4722 1607 4761 meum
1632 4720 1650 4759 :
1676 4712 1723 4758 et
1751 4711 1803 4757 tu
1824 4699 1908 4755 1s-

313 4812 447 4877 rael,
479 4809 586 4866 noli
614 4808 843 4865 obliuisci
869 4807 985 4862 mei.
1031 4804 1160 4860 Ecce
1190 4805 1327 4858 enim
1365 4801 1580 4856 abstersi
1608 4799 1912 4854 sicut.......

2016 2185 2219 2240 serebor
2247 2187 2340 2241 tui.

2088 2277 2220 2335 Item
2248 2280 2357 2337 illic
2384 2279 2540 2354 (LVII,
2565 2282 2656 2356 15)
2690 2301 2704 2339 :
2738 2283 2869 2341 Ha'c
2893 2287 3025 2344 dixit
3050 2287 3303 2348 Excelsus
3323 2292 3379 2349 in
3404 2295 3620 2351 excelsis

2019 2372 2282 2440 habitans,
2328 2376 2383 2429 in
2431 2385 2676 2433 (sternunt
2717 2390 2924 2437 sanctus
2968 2382 3021 2437 in
3065 2386 3254 2439 sanctis
3277 2426 3293 2454 ,
3334 2401 3518 2442 nomen
3547 2396 3622 2443 est

2019 2468 2065 2523 ei
2108 2467 2361 2526 Dominus
2385 2512 2401 2537 ,
2442 2474 2670 2529 excelsus
2714 2476 2770 2530 in
2819 2478 3013 2532 sanctis
3038 2479 3391 2549 requiescens,
3430 2491 3478 2537 et
3515 2498 3620 2554 pu-

2020 2561 2366 2631 pusillanimis
2394 2564 2524 2619 dans
2552 2567 2714 2621 animi
2751 2570 3060 2640 aequitatem,
3080 2580 3130 2625 et
3158 2573 3289 2628 dans
3312 2574 3471 2628 vitam
3498 2591 3622 2631 con-

2021 2653 2278 2708 tribulatis
2304 2656 2477 2712 corde.
2516 2657 2637 2713 Non
2657 2660 2711 2715 in
2733 2664 3098 2732 sempiternum
3124 2664 3322 2721 irascor
3348 2667 3507 2736 vobis,
3531 2685 3623 2724 nec

2022 2762 2114 2816 per
2134 2748 2305 2803 omnia
2342 2752 2608 2808 vindicabo
2631 2756 2686 2809 in
2713 2772 2798 2812 vos
2814 2774 2834 2822 ;
2863 2759 3076 2829 spiritus
3093 2762 3230 2817 enim
3252 2780 3283 2816 a
3310 2779 3390 2817 me
3410 2764 3613 2834 prodiet

2021 2851 2072 2896 et
2100 2842 2487 2912 inspirationem
2517 2863 2718 2905 omnem
2733 2866 2828 2922 ego
2853 2854 2954 2923 feci
2991 2870 3010 2908 :
3036 2863 3085 2909 et
3114 2866 3329 2927 propter
3348 2868 3619 2929 peccatum

2024 2933 2269 3004 pusillum
2292 2938 2589 2993 contristari
2609 2956 2744 3008 eum,
2787 2951 2835 2997 et
2863 2945 3022 2998 averti
3048 2946 3234 3016 faciem
3254 2964 3419 3002 meam
3448 2948 3511 3003 ab
3538 2967 3617 3019 eo,

2023 3036 2073 3083 et
2099 3029 2249 3084 vilem
2274 3048 2456 3098 passus
2479 3043 2551 3088 est
2572 3075 2587 3101 ,
2613 3044 2660 3090 et
2681 3035 2804 3092 abiit
2831 3038 2990 3093 tristis
3017 3040 3073 3094 in
3094 3041 3209 3096 viis.
3246 3041 3368 3097 Vias
3389 3044 3498 3113 ejus
3517 3046 3623 3101 vidi

2024 3130 2070 3177 et
2100 3125 2278 3179 sanavi
2306 3142 2440 3195 eum,
2471 3137 2518 3183 et
2547 3131 2837 3188 consolatus
2883 3150 2996 3187 sum
3023 3150 3137 3207 ego,
3161 3145 3210 3191 et
3238 3136 3358 3193 dedi
3375 3138 3422 3193 ei
3444 3155 3625 3195 conso-

2026 3215 2270 3273 lationem
2292 3235 2482 3289 veram,
2520 3232 2568 3278 et
2592 3241 2769 3293 pacem
2792 3244 2946 3299 super
2972 3245 3152 3299 pacem
3172 3231 3256 3298 iis,
3290 3233 3378 3302 qui
3407 3233 3556 3305 longe
3578 3241 3625 3289 et

2025 3312 2090 3368 iis
2124 3315 2211 3385 qui
2244 3333 2423 3388 prape.
2467 3315 2537 3372 Et
2574 3319 2705 3374 dixit
2737 3320 2990 3378 Dominus
3015 3340 3035 3379 :
3064 3324 3261 3379 Sanavi
3299 3341 3385 3381 eos
3404 3342 3426 3392 ;
3464 3327 3626 3398 iniqui

2025 3415 2215 3475 autem,
2247 3419 2303 3463 ut
2327 3426 2468 3465 mare
2493 3421 2819 3481 commotum,
2847 3416 2921 3469 sic
2947 3416 3351 3486 ﬂuctuabuntur,
3384 3427 3432 3473 et
3456 3419 3625 3488 quies-

2025 3516 2138 3555 cere
2162 3518 2265 3557 non
2278 3513 2509 3573 possunt.
2535 3502 2654 3559 Non
2672 3515 2747 3561 est
2758 3507 2983 3579 gaudere
2997 3508 3189 3580 impiis,
3208 3510 3332 3564 dicit
3348 3509 3622 3568 Dominus.

2093 3594 2227 3653 Item
2248 3597 2390 3667 apud
2417 3596 2705 3655 Jeremiam
2732 3602 2815 3670 (ιι,
2844 3600 2936 3673 52)
2965 3620 2979 3657 :
3009 3600 3276 3673 Numquid
3305 3604 3625 3661 obliviscetur

2020 3703 2212 3759 sponsa
2236 3691 2521 3744 ornamenti
2549 3691 2652 3757 sui,
2684 3700 2771 3745 aut
2798 3692 2938 3762 virgo
2964 3696 3140 3763 fasciae
3170 3696 3445 3763 pectoralis
3477 3698 3625 3751 sum?

2022 3779 2261 3849 Populus
2294 3796 2411 3835 vero
2450 3797 2591 3837 meus
2616 3783 2801 3838 oblitus
2827 3794 2903 3839 est
2937 3787 3035 3840 mei
3057 3786 3253 3844 dierum
3277 3788 3381 3860 (4),
3405 3805 3623 3861 quorum

2021 3886 2125 3925 non
2146 3880 2218 3926 εει
2247 3887 2509 3928 numerus.

2090 3962 2223 4019 Item
2250 3963 2359 4020 illic
2384 3964 2559 4037 (xvm,
2594 3965 2650 4039 7)
2685 3985 2699 4023 :
2747 3966 2818 4023 In
2854 3986 3058 4027 summa
3086 3970 3269 4041 loquar
3305 3990 3463 4046 super
3495 3991 3622 4049 gen-

2021 4063 2121 4111 tem
2139 4066 2227 4111 aut
2246 4073 2400 4128 super
2419 4075 2651 4132 regnum,
2678 4071 2767 4116 aut
2788 4066 3022 4136 auferam
3038 4082 3144 4134 eos,
3162 4076 3209 4122 et
3226 4068 3460 4140 perdam.
3495 4070 3562 4127 Et
3578 4074 3624 4128 si

2021 4164 2263 4206 conversa
2297 4153 2450 4221 fuerit
2482 4170 2605 4225 gens
2639 4171 2672 4209 a
2710 4156 2862 4213 malis
2900 4160 3028 4227 suis,
3074 4161 3322 4231 pmnitebo
3350 4164 3415 4219 de
3449 4167 3619 4236 malis,

2020 4246 2159 4317 quod
2191 4246 2272 4318 (5)
2313 4248 2529 4319 cogitavi
2556 4253 2725 4320 facere
2757 4251 2883 4308 illis.
2921 4251 2990 4308 Et
3021 4271 3220 4311 summa
3252 4257 3434 4327 loquar
3469 4275 3625 4329 super

2021 4346 2241 4410 gentem,
2270 4349 2358 4395 aut
2406 4358 2644 4412 regnum,
2673 4352 2729 4398 ut
2753 4344 3080 4414 recediﬁcem,
3113 4356 3160 4402 et
3188 4349 3436 4418 plantem,
3467 4360 3514 4405 et
3535 4352 3621 4422 fa-

2021 4430 2154 4487 cient
2192 4435 2332 4489 mala
2361 4444 2481 4489 ante
2527 4452 2628 4503 me,
2673 4446 2730 4491 ut
2767 4453 2871 4492 non
2899 4439 3116 4494 audiant
3144 4457 3316 4497 vocem
3343 4461 3528 4514 nteant,
3576 4456 3623 4502 et

2020 4527 2269 4598 panitebo
2298 4528 2362 4581 de
2388 4528 2552 4594 bonis,
2583 4545 2697 4602 qua:
2727 4529 2927 4585 locutus
2950 4547 3065 4586 sum
3092 4536 3262 4605 facere
3289 4536 3381 4592 eis.

2090 4622 2222 4679 Item
2264 4622 2375 4679 illic
2406 4622 2506 4696 (ιιι,
2534 4623 2624 4693 12)
2678 4643 2692 4679 :
2739 4625 3009 4682 Revertere
3035 4629 3105 4682 ad
3126 4645 3224 4698 me,
3258 4631 3506 4688 habitatio
3531 4632 3621 4690 Is-

2020 4716 2162 4783 rael,
2223 4717 2346 4771 dicit
2389 4716 2665 4787 Dominus,
2723 4728 2774 4775 et
2824 4736 2927 4775 non
2968 4721 3184 4792 ﬁrmabo
3225 4726 3413 4797 faciem
3459 4744 3624 4783 nteant

2022 4827 2178 4882 super
2202 4828 2311 4877 vos,
2340 4814 2460 4882 quia
2494 4814 2780 4869 misericors
2807 4831 2900 4885 ego
2930 4816 3075 4886 sum‘,
3104 4818 3229 4874 dicit
3258 4816 3547 4896 Dominus}
3573 4832 3623 4878 et

313 4903 597 4977 injustitias
617 4910 730 4957 tuas
752 4909 798 4957 et
817 4901 949 4956 sicut
979 4897 1189 4953 imbrem
1211 4905 1421 4968 peccata
1455 4904 1564 4949 tua.
1613 4888 1919 4947 Convertere
1942 4930 1999 4992 Β
2025 4922 2128 4961 non
2149 4908 2348 4963 ξταεεαν
2372 4908 2511 4963 vobis
2534 4909 2590 4963 ίη
2618 4918 2885 4967 Merum".
2963 4922 2979 4969 ε

315 4999 386 5053 ad
412 5014 513 5064 me,
537 5004 585 5052 et
606 4995 853 5051 redimam
870 5003 936 5048 te.

385 5091 521 5147 Item
549 5089 659 5145 illic
688 5089 853 5162 (var,
884 5087 941 5160 8)
973 5104 987 5141 :
1020 5086 1087 5140 In
1112 5093 1277 5140 mente
1302 5084 1480 5140 habete
1509 5083 1617 5137 lucc
1642 5089 1689 5136 et
1714 5079 1917 5151 gemite.

318 5183 653 5241 Paenitemini
676 5184 764 5257 qui
791 5183 987 5240 seducti
1016 5182 1154 5247 estis,
1176 5179 1527 5237 convertimini
1549 5176 1701 5234 corde
1727 5175 1795 5229 ad
1816 5190 1917 5240 me,

317 5285 365 5332 et
390 5279 445 5333 in
475 5286 641 5333 mente
668 5276 845 5332 habete
872 5275 1045 5343 priora
1073 5273 1284 5341 uacula,
1307 5271 1425 5343 quia
1455 5286 1547 5342 ego
1577 5268 1735 5323 Deus.

387 5368 518 5425 Item
541 5369 650 5425 illic
679 5368 810 5441 (LIV,
835 5367 890 5437 8)
914 5384 930 5422 :
956 5365 1205 5435 Tempore
1236 5364 1423 5435 pusillo
1446 5361 1711 5432 dereliqui,
1742 5367 1788 5414 et
1805 5374 1920 5413 cum

315 5461 665 5520 misericordia
709 5477 897 5534 magna
940 5459 1213 5515 miserebor
1255 5459 1351 5513 tui.
1404 5455 1472 5513 In
1517 5459 1691 5529 furore
1729 5449 1921 5526 pusillo

390 5715 474 5788 (l)
500 5715 783 5773 Fortasse:
810 5707 1101 5788 exhortatio
1125 5711 1197 5770 ad
1216 5709 1600 5770 Paenitentiam.

320 5859 328 5865 Α
389 5787 473 5865 (2)
506 5788 575 5865 Ut
597 5797 756 5865 puto,
783 5787 983 5843 Averte.
1018 5798 1031 5860 ι

313 5860 352 5941 Ξ,
390 5860 474 5937 (ὅ)
511 5862 635 5931 Qui,
675 5869 737 5918 ut
760 5868 913 5933 puto.

2094 5000 2226 5056 Item
2254 5001 2363 5057 illic
2381 5001 2486 5072 (ut,
2515 5000 2602 5076 14)
2631 5005 3051 5076 :Convertimini,
3077 5008 3195 5079 ﬁlii,
3210 5011 3295 5082 qui
3323 5012 3621 5082 recessistis,

2025 5095 2147 5150 dicit
2173 5093 2447 5164 Dominus,
2487 5100 2727 5169 quoniam
2755 5116 2849 5172 ego
2892 5103 3196 5161 dominabor
3227 5109 3377 5162 vestri
3406 5116 3454 5162 et
3491 5111 3627 5164 acci-

2026 5190 2166 5262 piam
2191 5208 2278 5247 vos
2302 5209 2461 5248 unum
2486 5193 2549 5249 de
2575 5194 2795 5259 civitate,
2819 5203 2867 5249 et
2893 5195 3022 5251 duos
3049 5198 3113 5253 de
3146 5199 3369 5271 familia,
3398 5210 3449 5255 et
3475 5201 3626 5257 indu-

2028 5300 2143 5339 cam
2170 5300 2257 5341 vos
2284 5286 2339 5340 in
2378 5285 2544 5341 Sion:
2576 5296 2623 5342 et
2648 5287 2781 5342 dabo
2807 5287 2947 5344 vobis
2974 5299 3203 5361 pastores
3233 5292 3518 5348 secundant
3541 5308 3628 5350 cor

2028 5392 2221 5445 meum,
2255 5387 2303 5431 et
2332 5386 2540 5449 pascent
2564 5394 2653 5434 vos
2678 5390 2943 5449 pascentes
2968 5397 3083 5437 cum
3109 5383 3405 5458 disciplina.

2098 5469 2230 5527 Item
2260 5469 2369 5527 illic
2400 5470 2501 5543 (ιιι,
2531 5470 2625 5544 22)
2659 5471 3075 5544 :Convertimini,
3108 5477 3225 5547 ﬁlii,
3251 5487 3591 5538 conuertentcs
3610 5522 3626 5554 ,

2030 5569 2075 5619 et
2100 5578 2191 5635 ego
2220 5561 2412 5618 sanabo
2437 5563 2789 5620 contritionem
2815 5576 3052 5626 vestram.

2106 5769 2189 5845 (1)
2221 5769 2357 5845 Puto
2382 5768 2705 5845 legendum:
2724 5767 2929 5842 diebus.

2101 5841 2185 5919 (5)
2208 5843 2354 5912 Que-
