4142 6256
476 280 616 347 1153

1873 276 2012 341 DIVI
2049 276 2375 341 CYPRIANI

3664 285 3841 345 1136

547 401 679 457 Item
706 397 814 457 illic
844 398 941 469 (Iv,
972 395 1063 467 14)
1092 395 1290 453 :Ablue
1313 411 1346 452 a
1389 396 1585 452 malitia
1612 413 1699 452 cor
1722 408 1887 466 tuum,
1917 398 2073 455 Jeru-
2099 405 2148 464 Α
2176 400 2410 455 omnibus
2458 396 2805 467 iniquitatibus
2826 439 2842 466 ,
2892 413 3023 471 quas
3065 400 3182 473 fecit
3222 407 3270 458 et
3309 404 3571 459 custodiat
3627 408 3845 460 omnia

476 501 658 567 salem,
686 508 741 554 ut
766 495 980 552 saneris.
1014 495 1286 567 Usquequo
1312 506 1457 550 erunt
1482 496 1534 549 in
1562 503 1608 551 te
1631 496 1959 568 cogitationes
1986 496 2078 551 do-

478 597 644 651 lorum
672 602 875 648 tuorum
898 592 923 646 ?

549 688 682 744 Item
710 686 824 741 illic
849 684 990 758 (vm,
1022 686 1083 756 I)
1113 702 1125 737 :
1158 682 1284 739 Haec
1314 683 1436 739 dicit
1483 681 1736 738 Dominus
1762 701 1781 738 :
1809 682 2078 754 Numquid

476 784 564 854 qui
590 781 730 837 cadit
753 796 855 836 non
879 778 1133 850 resurgit;
1161 789 1250 833 aut
1276 778 1362 849 qui
1386 778 1564 833 avertit
1587 792 1641 832 se
1682 793 1786 832 non
1823 785 2079 831 converte-

480 879 599 933 tur?
628 877 766 943 Quia
792 874 973 930 avertit
1002 890 1053 929 se
1083 873 1305 943 populus
1329 876 1423 928 iste
1448 890 1480 926 a
1515 872 1709 927 visione
1748 870 2003 942 improba,
2035 877 2082 924 et

480 972 804 1026 obtinuerunt
828 969 1219 1038 praesumptione
1244 982 1338 1020 sua
1363 975 1408 1021 et
1433 964 1703 1019 noluerunt
1730 964 1972 1018 converti.

553 1064 685 1118 Item
707 1062 813 1116 illic
838 1060 978 1132 (vm,
1001 1060 1060 1131 6)
1086 1078 1100 1115 :
1128 1057 1247 1113 Non
1280 1067 1351 1112 est
1389 1057 1540 1111 homo
1563 1056 1909 1126 paenitentiam
1929 1067 2086 1123 agens

481 1177 513 1213 α
543 1158 739 1213 malitia
780 1172 912 1224 sua,
959 1155 1128 1210 dicens
1168 1169 1186 1207 :
1228 1152 1365 1221 Quid
1400 1152 1535 1223 feci?
1564 1150 1763 1222 Defecit
1802 1149 1889 1220 qui
1927 1147 2087 1202 currit

483 1269 634 1308 cursu
662 1267 776 1315 suo,
803 1251 933 1304 sicut
959 1265 1116 1318 equus
1144 1246 1366 1303 suadens
1388 1247 1443 1299 in
1473 1245 1673 1300 hinnitu
1701 1260 1814 1299 suo.

556 1345 687 1401 Item
716 1342 823 1399 illic
854 1340 1010 1415 (mu
1037 1384 1050 1409 ,
1086 1338 1176 1412 11)
1202 1356 1215 1393 :
1240 1339 1510 1395 Avertatur
1539 1355 1661 1410 ergo
1689 1338 2033 1408 unusquisque
2057 1350 2091 1389 a

484 1439 567 1492 via
582 1453 674 1493 sua
691 1435 851 1499 mala,
872 1444 919 1489 et
938 1434 1150 1493 meliora
1167 1432 1320 1502 facite
1334 1431 1507 1487 studia
1529 1440 1715 1487 vestra.
1738 1430 1804 1485 Et
1831 1430 2089 1494 dixerunt,

486 1529 1039 1603 confortabimur,'quiu
1057 1534 1167 1598 post
1186 1526 1566 1580 adinventiones
1578 1534 1767 1579 vestras
1787 1520 1863 1596 (1)
1885 1522 2089 1589 ibimus,

488 1633 535 1679 et
570 1623 913 1695 unusquisque
936 1636 1050 1692 qua:
1096 1618 1297 1689 placent
1343 1617 1486 1672 cordi
1510 1634 1625 1686 suo,
1658 1614 1797 1669 mala
1828 1614 2092 1684 faciemus.

559 1715 689 1770 Item
719 1714 825 1769 illic
851 1711 1003 1782 (Thr.
1036 1727 1094 1773 ιι.
1127 1710 1216 1782 18)
1243 1726 1255 1761 :
1290 1708 1515 1776 Effunde
1542 1709 1672 1761 sicut
1701 1715 1897 1760 torrens
1923 1706 2095 1774 lacry-

2178 495 2421 549 mandata
2446 510 2577 559 mea,
2609 504 2656 550 et
2688 496 2841 566 faciat
2859 496 3118 567 judicium
3144 506 3189 553 et
3223 499 3485 567 justitiam
3512 512 3562 557 et
3589 502 3837 559 miseri-

2178 588 2430 655 cordiam,
2458 589 2558 642 vita
2584 588 2731 654 vivet,
2760 599 2808 644 et
2835 607 2937 646 non
2964 593 3228 648 morietur.
3258 593 3445 651 Omnia
3466 597 3671 655 delicta
3698 599 3841 670 ejus

2180 698 2294 752 qute
2324 682 2463 753 fecit,
2491 698 2593 736 non
2624 691 2768 737 erunt
2805 683 2858 737 in
2890 685 3135 740 memoria
3164 686 3259 741 :in
3295 704 3388 743 sua
3408 690 3618 761 justitia
3648 708 3839 762 quam

2183 778 2323 846 fecit,
2359 776 2506 830 vivet.
2536 774 2809 848 Numquid
2826 778 3088 837 voluntate
3102 780 3217 837 volo
3239 792 3448 838 mortem
3470 785 3701 857 injusti,
3734 787 3844 840 di-

2184 870 2252 925 cit
2280 869 2482 924 Adonai
2512 869 2783 941 Dominus,
2812 890 2964 944 quam
2987 884 3042 930 ut
3068 885 3262 932 avertat
3284 895 3339 934 se
3362 894 3394 933 a
3420 879 3499 933 via
3515 897 3615 935 sua
3638 883 3834 949 male,

2186 973 2233 1019 et
2260 963 2424 1017 vivere
2451 964 2605 1018 eum?

2259 1056 2391 1112 Item
2422 1057 2529 1112 illic
2565 1058 2743 1129 (xvm,
2769 1058 2860 1129 30)
2892 1078 2904 1115 :
2930 1057 3296 1117 Convertimini
3320 1072 3366 1117 et
3390 1066 3599 1120 avertite
3625 1082 3729 1121 vos
3752 1067 3839 1121 ab

2192 1151 2425 1205 omnibus
2461 1150 2809 1220 impietatibus
2837 1155 3035 1221 vestris,
3062 1165 3108 1209 et
3133 1171 3237 1209 non
3261 1166 3407 1211 erunt
3443 1157 3582 1213 vobis
3610 1160 3677 1213 in
3706 1176 3834 1228 pa:-

2193 1260 2333 1297 nam.
2370 1242 2617 1314 Projicite
2646 1261 2678 1297 a
2706 1245 2845 1299 vobis
2885 1262 3058 1302 onmes
3096 1248 3386 1317 iniquitates
3415 1260 3645 1319 vestras,
3682 1268 3836 1321 quas

2191 1336 2349 1409 impie
2375 1337 2566 1408 fecistis
2595 1338 2649 1392 in
2674 1353 2785 1404 me,
2817 1347 2863 1393 et
2892 1339 3043 1409 facite
3070 1342 3210 1397 vobis
3236 1357 3323 1396 cor
3348 1358 3533 1399 novum
3572 1355 3622 1399 et
3651 1346 3842 1414 spiri-

2194 1438 2304 1484 tum
2327 1445 2532 1494 novunu
2568 1428 2632 1485 Et
2654 1440 2706 1487 ut
2729 1432 2854 1501 quid
2878 1433 3200 1499 moriemini,
3221 1435 3399 1491 domus
3425 1435 3638 1492 Israel?
3675 1438 3839 1507 Quia

2198 1523 2316 1577 nolo
2342 1532 2553 1577 mortem
2580 1524 2861 1590 morientis,
2892 1524 3017 1578 dicit
3042 1525 3245 1579 Adonai
3274 1527 3545 1585 Dominus.

2274 1614 2406 1669 Item
2438 1614 2579 1684 apud
2604 1615 2878 1671 Danielem
2903 1615 3001 1688 (tv,
3027 1617 3119 1689 51)
3141 1636 3153 1671 :
3176 1617 3244 1671 Et
3270 1631 3382 1690 post
3401 1622 3557 1690 ﬁnem
3582 1622 3834 1691 dierum,

2200 1725 2290 1780 ego
2327 1707 2806 1764 Nabuchodonosor
2835 1711 3011 1765 oculos
3050 1729 3188 1768 meos
3217 1715 3271 1767 in
3296 1717 3477 1770 caelum
3505 1721 3754 1784 sustuli;
3780 1730 3836 1775 et

492 1829 600 1866 mas
643 1811 726 1864 die
761 1826 820 1862 ac
847 1817 991 1863 nocte
1012 1824 1030 1861 :
1056 1804 1184 1861 Noli
1214 1805 1338 1859 dare
1381 1802 1469 1857 tibi
1511 1803 1774 1872 requiem;
1806 1815 1908 1853 non
1950 1797 2097 1852 sileat
2125 1811 2174 1872 Β
2202 1816 2377 1855 sensus
2406 1816 2546 1853 meus
2568 1801 2621 1853 in
2644 1817 2724 1854 me
2744 1816 3015 1857 conversus
3040 1814 3134 1869 est,
3164 1813 3210 1858 et
3234 1805 3551 1863 Altissimum
3573 1812 3831 1880 laudavi,

494 1904 693 1977 pupilla
723 1902 857 1957 oculi
887 1901 981 1954 lui.

563 1996 693 2052 Item
720 1995 826 2047 illic
848 1991 1062 2064 (Thren.
1086 2005 1165 2054 ιιι,
1187 1986 1313 2060 40);
1342 1986 1723 2042 Pet-scrutemur
1740 1984 1848 2037 vias
1874 1990 2095 2047 nostras,

495 2101 542 2146 et
585 2096 938 2144 convertamur
984 2086 1053 2140 ad
1096 2083 1397 2139 Dominum.
1432 2080 1741 2135 Mundemus
1786 2076 1944 2133 corda
1984 2091 2101 2131 cum

496 2182 727 2239 manibus
757 2181 961 2246 nostris,
994 2189 1040 2234 et
1085 2178 1415 2248 respiciamus
1457 2174 1527 2229 ad
1556 2173 1864 2237 Dominum,
1895 2170 1982 2240 qui
2009 2170 2103 2223 ha-

497 2277 621 2331 bitat
648 2275 700 2330 in
727 2274 886 2329 ccelis.
917 2272 1027 2328 Nos
1054 2272 1371 2344 peccavimus
1396 2278 1444 2324 et
1469 2266 1810 2332 irritavimus,
1840 2273 1889 2318 et
1919 2274 1975 2317 tu
2001 2278 2103 2317 non

498 2386 551 2425 es
580 2369 907 2440 propitiatus.

571 2461 699 2517 Item
727 2461 837 2516 illic
867 2461 966 2532 (ιιι,
998 2457 1053 2531 6)
1079 2474 1092 2513 :
1120 2457 1185 2512 Et
1207 2456 1337 2511 dixit
1367 2453 1616 2508 Dominus
1645 2450 1713 2505 ad
1743 2467 1821 2506 me
1847 2451 1899 2503 in
1930 2447 2106 2505 diebus

499 2557 662 2613 Josia:
680 2556 811 2629 regis
834 2571 852 2609 :
876 2553 1060 2609 Vidisti
1081 2568 1195 2624 qua:
1217 2551 1335 2623 fecit
1370 2548 1496 2603 mihi
1535 2545 1779 2601 habitatio
1823 2544 2002 2598 domus
2027 2537 2105 2616 (2)

501 2667 673 2706 vocem
725 2650 905 2703 domus
935 2646 1141 2703 Israel:
1166 2644 1300 2699 Abiit
1337 2659 1489 2714 super
1531 2656 1731 2696 omnem
1771 2648 1993 2692 montem
2021 2652 2110 2691 ex-

502 2744 726 2807 celsum,
752 2748 801 2795 et
827 2739 977 2794 subiit
1005 2738 1072 2792 ad
1102 2753 1271 2793 omne
1293 2737 1489 2808 lignum
1526 2747 1852 2788 numerosum
1873 2772 1888 2797 ,
1917 2738 1964 2784 et
1995 2728 2108 2801 for-

504 2839 673 2893 nicata
707 2844 783 2891 est
824 2834 952 2890 illic.
983 2832 1051 2889 Et
1093 2832 1203 2887 dixi
1226 2846 1244 2886 :
1269 2829 1550 2901 Postquam
1588 2826 1842 2899 fornicata
1885 2833 1959 2879 est
2001 2822 2111 2877 htec

504 2935 695 3000 omnia,
719 2931 790 2986 ad
815 2947 892 2986 me
918 2938 1201 2985 convertere
1220 2968 1236 2994 ,
1262 2934 1311 2981 et
1340 2941 1442 2980 non
1468 2932 1541 2979 est
1569 2937 1785 2977 reversa.

574 3026 708 3082 Item
738 3024 848 3080 illic
877 3020 1030 3095 (Thr.
1063 3037 1156 3089 ιιι,
1205 3018 1299 3091 51)
1330 3036 1343 3071 :
1372 3014 1494 3071 Non
1524 3014 1733 3087 repellet
1773 3011 1829 3065 in
1868 3018 2113 3064 internum

511 3121 795 3187 Dominus,
826 3126 875 3172 et
914 3133 1031 3172 eum
1071 3111 1447 3179 humiliaverit,
1487 3106 1808 3164 miserabitur
1836 3102 2113 3159 secundant

2204 1903 2249 1946 et
2281 1893 2470 1963 Regem
2496 1892 2609 1946 caeli
2637 1893 2869 1947 benedixi
2887 1935 2901 1959 ,
2935 1905 2979 1949 et
3004 1896 3250 1951 viventem
3272 1900 3326 1952 in
3355 1901 3541 1955 stecula
3561 1903 3796 1959 laudavi
3814 1947 3835 1974 ,

2202 1987 2322 2056 quia
2362 1994 2585 2057 potestas
2627 1988 2739 2058 ejus
2767 1996 2958 2042 teterna
2986 1998 3097 2055 est;
3123 1994 3333 2063 regnum
3360 1994 3468 2064 ejus
3507 1994 3558 2049 iss
3581 2012 3835 2067 ςαα-σ.

2206 2081 2360 2143 tione,
2391 2090 2437 2133 et
2468 2096 2638 2134 omnes
2664 2080 2753 2150 qui
2780 2081 3067 2139 inhabitant
3095 2092 3302 2151 terram,
3334 2087 3485 2143 nihil.
3700 2126 3712 2139 .

2277 2172 2409 2228 Item
2436 2172 2574 2242 apud
2600 2171 2878 2228 Michaeam
2905 2172 3022 2246 (vn,
3047 2175 3098 2242 1,
3128 2176 3259 2247 etc.)
3280 2196 3293 2232 :
3313 2175 3430 2234 Heu
3455 2180 3617 2234 mihi!
3632 2182 3831 2239 ascisua

2206 2282 2349 2333 mea,
2382 2266 2502 2337 quia
2530 2266 2679 2337 periit
2722 2267 2904 2321 veritos
2933 2284 2966 2321 a
2995 2278 3131 2324 terra
3151 2312 3165 2335 ,
3201 2279 3249 2325 et
3274 2271 3364 2342 qui
3388 2274 3614 2346 corrigat
3631 2317 3647 2346 ,
3676 2278 3836 2335 inter

2207 2376 2380 2415 omnes
2407 2377 2511 2415 non
2536 2370 2646 2426 est;
2677 2376 2850 2415 omnes
2880 2361 2934 2416 in
2956 2364 3205 2434 sanguine
3222 2366 3490 2436 judicant.
3520 2368 3832 2443 Παιανιᾶ..

2209 2471 2306 2525 que
2334 2457 2623 2527 proximum
2665 2454 2873 2511 tribulat
2907 2458 3263 2531 tribulatione,
3298 2463 3355 2519 in
3390 2464 3590 2520 malum
3629 2484 3833 2526 manus

2209 2565 2329 2604 suas
2359 2558 2673 2620 praeparant.

2283 2643 2415 2699 Item
2445 2643 2555 2699 illic
2586 2642 2706 2716 (vn,
2738 2645 2797 2718 8)
2822 2663 2836 2699 :
2865 2646 2993 2703 Noli
3028 2649 3250 2720 gaudere
3279 2666 3434 2722 super
3465 2669 3574 2719 me,
3604 2654 3825 2710 inimica

2213 2752 2347 2803 mea,
2379 2736 2499 2806 quia
2520 2737 2715 2803 cecidi;
2740 2739 2831 2793 sed
2855 2756 3142 2813 resurgam,
3174 2751 3380 2814 prOpter
3402 2745 3541 2811 quod
3566 2747 3612 2802 si
3638 2748 3827 2804 sedero

2211 2828 2267 2881 in
2294 2828 2529 2895 tenebris,
2565 2829 2815 2886 Dominus
2843 2832 3042 2903 lucebit,
3066 2834 3213 2890 mihi.
3246 2832 3392 2891 Iram
3417 2835 3635 2894 Domini
3655 2843 3826 2897 usti-

2214 2918 2363 2988 nebo,
2386 2921 2507 2991 quia
2525 2923 2728 2991 peccavi
2742 2926 2811 2990 ei,
2836 2924 3005 2997 donec
3018 2926 3260 2996 iustificet
3275 2928 3608 2999 ipsecausa»:
3628 2949 3821 2990 mm.

2287 3010 2421 3067 Item
2446 3013 2588 3084 apud
2625 3012 2954 3087 Sophoniam
2988 3017 3077 3090 (ιι,
3110 3019 3166 3089 1)
3194 3036 3209 3076 :
3240 3019 3513 3076 Conuenite
3554 3032 3601 3079 et
3633 3042 3825 3095 prm-

2217 3106 2373 3172 mini,
2405 3124 2528 3179 gens
2553 3108 2976 3181 indisciplinata,
3005 3113 3308 3184 priusquam
3353 3117 3639 3188 eﬁciausiui
3679 3122 3820 3174 sicut

507 3213 883 3269 multitudinem
910 3207 1272 3264 misericordia:
1300 3220 1426 3270 suae,
1458 3204 1578 3274 quia
1614 3217 1715 3257 non
1746 3194 2027 3253 humiliabit
2050 3208 2116 3250 ex
2141 3210 2186 3274 ρ
2218 3200 2317 3271 flos
2342 3203 2657 3271 praeteriens,
2689 3204 2987 3275 priusquam
3003 3206 3169 3262 veniat
3192 3223 3347 3277 super
3367 3224 3455 3264 vos
3479 3210 3554 3264 ira
3578 3209 3799 3279 Domini,

510 3315 613 3361 toto
639 3306 791 3360 corde
819 3319 932 3371 suo,
962 3318 1120 3371 neque
1146 3299 1354 3370 repellet
1382 3297 1517 3367 filios
1543 3294 1826 3350 hominum.

582 3397 712 3453 Item
743 3394 885 3465 apud
912 3393 1249 3449 Ezechielem
1281 3391 1500 3462 (χχχιιι,
1531 3386 1622 3459 12)
1653 3404 1665 3441 :
1700 3384 1769 3439 Et
1804 3384 1977 3455 justus
2014 3397 2116 3436 non

512 3490 696 3564 poterit
724 3488 894 3543 salvus
922 3502 1030 3542 esse
1054 3503 1108 3540 in
1128 3486 1212 3540 die
1238 3484 1452 3555 peccati.
1477 3481 1605 3536 Cum
1621 3481 1764 3551 justo
1791 3478 1958 3531 dicam
1982 3476 2119 3530 :vita

513 3586 681 3649 vives;
706 3583 816 3655 ipse
857 3596 973 3635 vero
1017 3578 1237 3651 confidet
1267 3576 1344 3650 (5)
1388 3591 1542 3646 super
1566 3572 1817 3644 justitiam
1860 3586 2043 3636 suam,
2071 3575 2120 3623 et

514 3679 688 3752 fecerit
724 3677 1059 3748 iniquitatem,
1092 3689 1265 3731 omnes
1303 3670 1519 3744 justitiaz
1541 3670 1650 3741 ejus
1687 3683 1787 3721 non
1816 3678 2119 3720 commemo-

514 3775 765 3829 rabuntur
787 3788 806 3827 :
829 3772 884 3827 in
908 3787 1002 3827 sua
1027 3771 1295 3843 iniquitate
1315 3782 1467 3837 quam
1486 3764 1683 3837 fecerit,
1699 3762 1752 3816 in
1771 3777 1830 3816 ea
1856 3759 2116 3815 morietur.

516 3864 588 3922 Et
616 3883 730 3921 cum
762 3867 929 3919 dicam
971 3865 1130 3934 impio
1158 3880 1177 3919 :
1216 3862 1385 3917 Morte
1412 3858 1644 3914 morieris
1668 3899 1684 3925 ,
1725 3865 1772 3911 et
1811 3852 1987 3910 avertit
2015 3868 2068 3907 se
2092 3867 2125 3905 a

520 3966 725 4030 peccato
750 3973 862 4020 suo,
893 3965 940 4010 et
969 3957 1143 4027 fecerit
1161 3954 1443 4024 justitiam,
1475 3959 1520 4006 et
1542 3949 1833 4021 judicium,
1866 3954 1913 4000 et
1939 3944 2124 4016 pignus

522 4049 737 4107 debitori
762 4046 1060 4113 reddiderit,
1092 4054 1137 4100 et
1166 4045 1406 4113 rapinam
1435 4041 1742 4105 restituerit,
1772 4039 1827 4092 in
1856 4034 2123 4108 praeceptis

524 4143 637 4200 vita:
662 4137 1024 4205 ambulaverit,
1058 4153 1120 4191 ne
1149 4136 1307 4205 faciat
1343 4134 1600 4205 iniquum,
1630 4132 1731 4185 vita
1770 4131 1898 4184 vivet
1936 4138 1983 4184 et
2018 4144 2122 4184 non

525 4234 768 4290 morietur
792 4248 810 4287 :
839 4231 1011 4287 omnia
1036 4237 1242 4302 peccata
1267 4229 1375 4300 eius
1405 4242 1519 4299 qua:
1545 4225 1805 4297 peccavit,
1837 4241 1942 4279 non
1979 4240 2126 4278 com-

524 4328 858 4384 movebuntur
876 4326 954 4393 ei,
990 4325 1111 4396 quia
1133 4323 1391 4395 judicium
1416 4330 1461 4378 et
1478 4321 1735 4393 justitiam
1762 4320 1904 4390 fecit,
1926 4320 1981 4374 in
2001 4319 2128 4393 ipsis

526 4429 674 4484 vivet.

2223 3294 2520 3364 priusquam
2548 3296 2715 3350 veniat
2743 3313 2897 3368 super
2924 3314 3015 3354 vos
3038 3298 3147 3354 dies
3179 3301 3372 3372 furoris
3401 3300 3620 3357 Domini.
3650 3304 3815 3371 Que-

2221 3386 2318 3440 rite
2356 3385 2636 3442 Dominum
2665 3405 2838 3445 omnes
2880 3392 3094 3447 Immites
3124 3402 3273 3449 terra:
3293 3435 3312 3462 ,
3349 3396 3602 3465 judicium
3627 3413 3820 3468 apera-

2224 3479 2385 3545 mini,
2422 3489 2470 3534 et
2509 3482 2720 3552 quwrite
2734 3483 3015 3553 justitiam,
3050 3493 3099 3539 et
3123 3488 3334 3556 quaerite
3358 3491 3826 3561 mansuetudinem,

2225 3580 2275 3627 et
2307 3574 2609 3645 respondete
2657 3576 2738 3643 ei,
2770 3586 2825 3631 ut
2871 3580 3211 3650 protegamini
3258 3582 3315 3635 in
3356 3582 3441 3637 die
3470 3584 3563 3639 ira:
3591 3583 3820 3644 Domini.

2296 3665 2426 3719 Item
2456 3664 2597 3737 apud
2637 3665 2954 3725 Zachariam
2983 3668 3022 3743 (ι
3044 3713 3061 3741 ,
3088 3669 3145 3743 5)
3173 3670 3579 3731 :Convertimini
3621 3679 3691 3733 ad
3714 3695 3818 3746 me,

2226 3766 2271 3814 et
2296 3768 2560 3815 convertar
2587 3760 2655 3815 ad
2680 3776 2787 3816 vos.

2296 3852 2432 3909 Item
2460 3853 2599 3924 apud
2625 3852 2932 3930 Ozee.(x1v,
2958 3855 3017 3930 2)
3041 3876 3054 3912 ς
3077 3858 3394 3931 Convertere,
3410 3861 3690 3932 Israel,“
3714 3865 3824 3922 Do-

2200 3974 2206 3980 -
2227 3944 2423 3999 minum
2450 3943 2616 4000 Deum
2641 3955 2808 4014 tuum,
2830 3950 3071 4020 quoniam
3088 3953 3380 4021 inﬁrmatus
3398 3957 3825 4036 es

2227 4039 2348 4095 tuis.
2375 4038 2628 4096 Assumite
2656 4042 2917 4097 vobiscum
2939 4045 3146 4113 multos,
3169 4055 3217 4101 et
3239 4049 3597 4107 convertimini
3618 4054 3687 4107 ad
3716 4051 3823 4108 Do-

2229 4136 2423 4191 minum
2453 4134 2615 4192 Deum
2642 4146 2865 4194 vestrum
2903 4154 2921 4193 :
2956 4139 3108 4195 dicite
3137 4142 3184 4195 ei
3212 4141 3491 4201 adorantes
3512 4161 3531 4199 :
3555 4144 3749 4203 Potens
3772 4162 3827 4205 es

2228 4230 2478 4287 dimittere
2504 4242 2711 4303 peccata
2734 4242 2935 4301 nostra,
2960 4242 3015 4290 ut
3041 4252 3145 4291 non
3178 4237 3445 4309 accipiatis
3474 4239 3827 4312 iniquitatem,

2230 4325 2320 4382 sed
2348 4335 2399 4380 ut
2426 4327 2688 4399 accipiatis
2715 4328 2870 4383 bona.

2305 4419 2439 4477 Item
2470 4420 2525 4476 in
2556 4421 2935 4479 Ecclesiastico
2956 4422 3112 4492 (xvu,
3133 4424 3228 4497 25)
3257 4445 3270 4481 :
3300 4425 3597 4485 Convertere
3617 4430 3686 4483 ad
3705 4427 3819 4485 Do-

599 4518 731 4574 Item
759 4515 868 4573 illic
897 4516 1070 4591 (xvn,
1099 4513 1205 4584 21)
1240 4528 1253 4567 :
1283 4510 1396 4585 Ego
1425 4510 1707 4579 Dominus,
1751 4511 1869 4582 quia
1920 4508 2131 4565 luunilio
2156 4533 2208 4594 D
2236 4514 2449 4581 minum,
2483 4524 2527 4570 et
2557 4516 2785 4586 relinque
2809 4528 3019 4589 peccata
3044 4529 3155 4589 tua,
3180 4531 3227 4575 et
3255 4524 3408 4579 nimis
3438 4525 3571 4580 adite
3604 4540 3806 4580 aecro-

530 4614 723 4685 lignum
752 4611 945 4677 altum,
973 4618 1021 4664 et
1047 4608 1215 4663 exalto
1242 4607 1438 4678 lignum
1469 4605 1660 4660 humile
1680 4647 1695 4669 ,
1726 4613 1771 4658 et
1800 4603 2026 4674 arefacio
2058 4604 2128 4658 li-

531 4723 688 4779 gnum
715 4704 895 4771 viride,
923 4712 970 4758 et
994 4702 1285 4757 reviviscere
1311 4700 1444 4768 facio
1472 4700 1668 4769 lignum
1698 4696 1921 4752 aridum.

604 4799 736 4854 Item
765 4797 871 4852 illic
891 4791 1346 4869 (xxxnt,10):Et
1360 4801 1435 4858 tu,
1468 4791 1545 4861 ﬁli
1571 4790 1809 4857 hominis,
1843 4789 1924 4843 dic
1952 4788 2130 4844 domui

533 4890 741 4948 Israel:
772 4890 920 4946 Sicut
969 4886 1123 4943 locuti
1152 4887 1270 4940 estis
1310 4885 1570 4939 dicentes:
1604 4883 1820 4938 Errores
1867 4883 2027 4937 nostri
2088 4890 2136 4937 et

533 4987 823 5058 iniquitates
850 4991 1037 5037 nostra:
1063 4981 1114 5035 in
1156 4978 1300 5034 nobis
1323 4986 1438 5033 sunt
1465 4986 1512 5032 et
1550 4978 1605 5031 in
1634 4978 1759 5049 ipsis
1802 4994 1894 5032 nos
1920 4977 2134 5034 tabesci-

535 5097 670 5147 mus,
713 5087 760 5134 et
798 5075 1051 5149 quomodo
1088 5071 1345 5129 vivemus?
1384 5069 1482 5125 Dic
1523 5070 1627 5125 illis
1658 5086 1676 5125 :
1709 5067 1828 5123 Vivo
1855 5086 1945 5141 ego
1970 5112 1985 5137 ,
2015 5070 2138 5123 dicit

538 5172 821 5237 Dominus;
847 5171 891 5225 si
908 5168 1023 5225 volo
1045 5174 1256 5222 mortem
1281 5164 1428 5234 impii
1451 5171 1683 5218 :tantum
1707 5178 1739 5216 a
1765 5161 1846 5216 via
1873 5178 1967 5216 sua
1989 5177 2138 5215 aver-

539 5276 695 5331 tatur,
726 5273 771 5319 et
799 5263 945 5320 vivet.

613 5358 741 5417 Item
768 5359 873 5415 illic
902 5356 1106 5430 (χχχιι,
1128 5349 1224 5424 36)
1248 5369 1262 5407 :
1288 5350 1399 5423 Ego
1419 5348 1672 5407 Dominus
1692 5348 1944 5416 tediﬁcavi
1970 5348 2142 5403 demo-

535 5456 655 5522 Iita,
686 5463 732 5509 et
765 5451 987 5524 pluntavi
1014 5448 1369 5504 exterminata.

612 5547 745 5605 Item
774 5544 883 5599 illic
914 5542 1092 5614 (xvm,
1123 5540 1221 5612 21)
1249 5555 1264 5594 :
1298 5537 1365 5593 Et
1390 5537 1606 5611 iniquus
1633 5539 1678 5593 si
1703 5543 1957 5593 convertat
1996 5550 2051 5591 se
2077 5534 2139 5590 ab

647 5683 696 5755 1)
728 5679 970 5755 Nostras,
989 5687 1049 5734 ut
1067 5686 1213 5755 puto.

617 5685 696 5891 (1)
728 5685 970 5742 Nostras,
989 5687 1049 5734 ut
1067 5686 1213 5749 puto.

643 5754 679 5807 2
733 5754 863 5809 Dele
885 5765 1073 5805 vocem
1101 5748 1302 5803 domus.

644 5759 701 5891 ὃ)
726 5824 787 5877 Si
813 5820 1055 5891 confidet,
1090 5827 1146 5873 ut
1171 5825 1301 5885 puto

644 5820 700 5891 5)
726 5824 787 5877 Si
813 5820 1055 5891 confidet,
1090 5827 1146 5873 ut
1171 5825 1321 5885 puto.

2237 4607 2443 4675 tionem,
2477 4618 2525 4661 et
2553 4625 2798 4679 cognosce
2816 4611 3048 4681 justitias
3070 4653 3085 4679 ,
3118 4623 3166 4667 et
3184 4615 3390 4685 judicia
3419 4614 3544 4683 Dei,
3585 4626 3631 4671 et
3667 4627 3744 4672 sta
3767 4618 3829 4673 in.

2236 4710 2370 4754 sorte
2401 4701 2778 4771 propitiationis
2815 4703 3093 4773 Altissimi,
3123 4714 3170 4762 et
3197 4707 3324 4762 vade
3348 4708 3405 4763 in
3430 4719 3632 4780 partem
3657 4710 3828 4767 saeculi

2237 4808 2351 4846 cum
2376 4793 2516 4861 vivis,
2550 4802 2596 4848 et
2626 4793 2864 4848 dantibus
2902 4797 3293 4868 confessionem.
3328 4798 3453 4855 Non
3479 4804 3828 4861 demerisitl

2238 4902 2408 4941 errore
2436 4887 2733 4958 impiorum.
2762 4887 2807 4940 A
2832 4899 3035 4943 mortuo
3055 4893 3203 4961 quasi
3235 4893 3386 4960 nihil,
3410 4897 3543 4965 perit
3560 4897 3825 4968 confessio.

2251 4978 2404 5035 Vivus
2433 4989 2479 5034 et
2504 4997 2661 5037 sanus
2687 4982 3008 5051 conﬁteberis
3040 4984 3163 5053 Deo,
3195 4996 3241 5040 et
3268 4987 3572 5058 gloriaberis
3596 4991 3651 5045 in
3679 4992 3826 5047 miss-

2241 5073 2521 5128 rationibus
2564 5074 2738 5145 illius,
2766 5076 3008 5146 quoniam
3044 5096 3232 5150 magna
3273 5082 3625 5140 misericordia
3667 5083 3759 5140 Dei
3780 5093 3833 5141 et

2244 5166 2535 5237 propitiatio
2561 5164 2700 5222 illius
2740 5169 3138 5226 convertentibus
3166 5171 3234 5226 ad
3261 5188 3335 5229 se.

2316 5257 2445 5314 Item
2477 5259 2585 5316 illic
2614 5260 2732 5332 (xx,
2763 5262 2819 5333 4)
2845 5279 2858 5317 :
2892 5262 3061 5332 Quam
3087 5264 3272 5322 bonum
3301 5276 3375 5323 est
3396 5284 3483 5324 cor
3509 5278 3703 5326 rectum
3730 5288 3830 5327 nsa-

2247 5355 2486 5426 nifestare
2515 5355 2899 5426 paenitentiam!
2941 5358 3030 5414 Sic
3075 5359 3208 5416 enim
3245 5358 3459 5433 effugies
3499 5363 3833 5425 voluntaria

2244 5458 2523 5519 peccatum.

2316 5541 2446 5597 Item
2471 5543 2522 5596 in
2543 5542 2766 5598 Actibus
2794 5544 3177 5615 Apostolorum
3205 5548 3324 5619 (vm
3343 5587 3359 5617 ,
3393 5548 3486 5622 19)
3516 5566 3530 5606 :
3560 5551 3646 5606 Ait
3673 5560 3835 5609 autem

2245 5633 2312 5688 ad
2339 5634 2487 5689 illum
2515 5632 2702 5690 Petrus
2722 5651 2741 5690 :
2770 5636 3007 5694 Pecunia
3032 5647 3122 5694 tua
3149 5649 3315 5696 tecum
3340 5642 3406 5696 sit
3430 5642 3486 5698 in
3515 5644 3826 5717 perditione,

2245 5728 2487 5796 quoniam
2515 5728 2734 5799 gratiam
2760 5727 2859 5787 Dei
2886 5740 3035 5802 putas
3066 5741 3113 5787 te
3141 5750 3232 5804 per
3258 5736 3525 5807 pecuniam
3551 5752 3701 5807 posse
3723 5755 3829 5794 con-

2248 5819 2408 5889 sequi.
2431 5817 2554 5876 Non
2574 5828 2647 5878 est
2669 5837 2811 5892 pars,
2846 5839 3003 5895 neque
3031 5840 3142 5882 sors
3168 5826 3259 5883 tibi
3284 5828 3338 5883 in
3352 5828 3447 5884 hac
3473 5828 3594 5901 fide,
3614 5831 3732 5900 quia
3748 5846 3825 5886 cor
