  <div class='ocr_page' id='page_1' title='image "/cluster/home/n/w/nwhite01/storage/ocr_20150623/4/hvd.32044048207708/584.png"; bbox 0 0 4142 6256; ppageno 0'>
   <div class='ocr_carea' id='block_1_1' title="bbox 224 314 381 383">
    <p class='ocr_par' dir='ltr' id='par_1_1' title="bbox 224 314 381 383">
     <span class='ocr_line' id='line_1_1' title="bbox 224 314 381 383; baseline -0.025 0"><span class='ocrx_word' id='word_1_1' title='bbox 224 327 257 383; x_wconf 68' lang='grc'><strong>1</strong></span> <span class='ocrx_word' id='word_1_2' title='bbox 280 314 381 382; x_wconf 69' lang='grc'><strong><em>157</em></strong></span> 
     </span>
    </p>
   </div>
   <div class='ocr_carea' id='block_1_2' title="bbox 1347 316 2442 382">
    <p class='ocr_par' dir='ltr' id='par_1_2' title="bbox 1347 316 2442 382">
     <span class='ocr_line' id='line_1_2' title="bbox 1347 316 2442 382; baseline 0 -4"><span class='ocrx_word' id='word_1_3' title='bbox 1347 316 1799 379; x_wconf 76' lang='lat' dir='ltr'><strong><em>EXHORTATIO</em></strong></span> <span class='ocrx_word' id='word_1_4' title='bbox 1837 320 1927 379; x_wconf 84' lang='lat' dir='ltr'><strong><em>DE</em></strong></span> <span class='ocrx_word' id='word_1_5' title='bbox 1965 319 2442 382; x_wconf 73' lang='grc' dir='ltr'><strong><em>ΡίΕΝΙΤΕΝΤΙΛ.</em></strong></span> 
     </span>
    </p>
   </div>
   <div class='ocr_carea' id='block_1_3' title="bbox 3406 328 3550 389">
    <p class='ocr_par' dir='ltr' id='par_1_3' title="bbox 3406 328 3550 389">
     <span class='ocr_line' id='line_1_3' title="bbox 3406 328 3550 389; baseline 0.007 -3"><span class='ocrx_word' id='word_1_6' title='bbox 3406 328 3550 389; x_wconf 75' lang='lat' dir='ltr'><strong><em>H58</em></strong></span> 
     </span>
    </p>
   </div>
   <div class='ocr_carea' id='block_1_4' title="bbox 226 432 3551 516">
    <p class='ocr_par' dir='ltr' id='par_1_4' title="bbox 226 432 3551 516">
     <span class='ocr_line' id='line_1_4' title="bbox 226 432 3551 516; baseline 0.002 -25"><span class='ocrx_word' id='word_1_7' title='bbox 226 449 384 493; x_wconf 83' lang='lat' dir='ltr'><strong><em>tuum</em></strong></span> <span class='ocrx_word' id='word_1_8' title='bbox 408 450 512 491; x_wconf 87' lang='lat' dir='ltr'><strong><em>non</em></strong></span> <span class='ocrx_word' id='word_1_9' title='bbox 536 440 610 491; x_wconf 90' lang='lat' dir='ltr'><strong><em>est</em></strong></span> <span class='ocrx_word' id='word_1_10' title='bbox 634 439 828 491; x_wconf 85' lang='lat' dir='ltr'><strong><em>rectum</em></strong></span> <span class='ocrx_word' id='word_1_11' title='bbox 854 432 999 506; x_wconf 79' lang='lat' dir='ltr'><strong><em>apud</em></strong></span> <span class='ocrx_word' id='word_1_12' title='bbox 1033 432 1332 492; x_wconf 83' lang='lat' dir='ltr'><strong><em>Dominum.</em></strong></span> <span class='ocrx_word' id='word_1_13' title='bbox 1363 435 1550 510; x_wconf 85' lang='lat' dir='ltr'><strong><em>Itaque</em></strong></span> <span class='ocrx_word' id='word_1_14' title='bbox 1576 440 1838 511; x_wconf 85' lang='lat' dir='ltr'><strong><em>paeniten-</em></strong></span> <span class='ocrx_word' id='word_1_15' title='bbox 1865 440 1916 500; x_wconf 81' lang='grc' dir='ltr'>Α</span> <span class='ocrx_word' id='word_1_16' title='bbox 1942 438 2192 505; x_wconf 87' lang='lat' dir='ltr'><strong><em>ciderunt,</em></strong></span> <span class='ocrx_word' id='word_1_17' title='bbox 2217 440 2438 496; x_wconf 83' lang='lat' dir='ltr'><strong><em>dicentes</em></strong></span> <span class='ocrx_word' id='word_1_18' title='bbox 2457 439 2872 497; x_wconf 85' lang='lat' dir='ltr'><strong><em>resurrectionem</em></strong></span> <span class='ocrx_word' id='word_1_19' title='bbox 2886 441 3003 513; x_wconf 90' lang='lat' dir='ltr'><strong><em>jam</em></strong></span> <span class='ocrx_word' id='word_1_20' title='bbox 3024 445 3217 515; x_wconf 76' lang='lat' dir='ltr'><strong><em>factam</em></strong></span> <span class='ocrx_word' id='word_1_21' title='bbox 3237 450 3285 499; x_wconf 94' lang='lat' dir='ltr'><strong><em>et</em></strong></span> <span class='ocrx_word' id='word_1_22' title='bbox 3306 460 3551 516; x_wconf 86' lang='lat' dir='ltr'><strong><em>quorum-</em></strong></span> 
     </span>
    </p>
   </div>
   <div class='ocr_carea' id='block_1_5' title="bbox 224 531 1842 604">
    <p class='ocr_par' dir='ltr' id='par_1_5' title="bbox 224 531 1842 604">
     <span class='ocr_line' id='line_1_5' title="bbox 224 531 1842 604; baseline -0.001 -17"><span class='ocrx_word' id='word_1_23' title='bbox 224 535 365 587; x_wconf 86' lang='lat' dir='ltr'><strong><em>tiam</em></strong></span> <span class='ocrx_word' id='word_1_24' title='bbox 394 550 489 604; x_wconf 89' lang='lat' dir='ltr'><strong><em>age</em></strong></span> <span class='ocrx_word' id='word_1_25' title='bbox 511 532 574 587; x_wconf 87' lang='lat' dir='ltr'><strong><em>ab</em></strong></span> <span class='ocrx_word' id='word_1_26' title='bbox 605 532 701 587; x_wconf 85' lang='lat' dir='ltr'><strong><em>hac</em></strong></span> <span class='ocrx_word' id='word_1_27' title='bbox 726 531 951 602; x_wconf 73' lang='lat' dir='ltr'><strong><em>nequitia</em></strong></span> <span class='ocrx_word' id='word_1_28' title='bbox 980 540 1089 596; x_wconf 83' lang='lat' dir='ltr'><strong><em>tua,</em></strong></span> <span class='ocrx_word' id='word_1_29' title='bbox 1132 541 1182 587; x_wconf 88' lang='lat' dir='ltr'><strong><em>et</em></strong></span> <span class='ocrx_word' id='word_1_30' title='bbox 1212 547 1421 603; x_wconf 81' lang='lat' dir='ltr'><strong><em>precare</em></strong></span> <span class='ocrx_word' id='word_1_31' title='bbox 1446 531 1726 586; x_wconf 87' lang='lat' dir='ltr'><strong><em>Dominum</em></strong></span> <span class='ocrx_word' id='word_1_32' title='bbox 1751 574 1766 600; x_wconf 94' lang='lat'><strong><em>,</em></strong></span> <span class='ocrx_word' id='word_1_33' title='bbox 1795 534 1842 587; x_wconf 91' lang='lat' dir='ltr'><strong><em>si</em></strong></span> 
     </span>
    </p>
   </div>
   <div class='ocr_carea' id='block_1_6' title="bbox 229 624 1842 697">
    <p class='ocr_par' dir='ltr' id='par_1_6' title="bbox 229 624 1842 697">
     <span class='ocr_line' id='line_1_6' title="bbox 229 624 1842 697; baseline 0.001 -18"><span class='ocrx_word' id='word_1_34' title='bbox 229 628 375 696; x_wconf 81' lang='lat' dir='ltr'><strong><em>forte</em></strong></span> <span class='ocrx_word' id='word_1_35' title='bbox 401 626 687 679; x_wconf 79' lang='lat' dir='ltr'><strong><em>remittatur</em></strong></span> <span class='ocrx_word' id='word_1_36' title='bbox 714 624 804 678; x_wconf 89' lang='lat' dir='ltr'><strong><em>tibi</em></strong></span> <span class='ocrx_word' id='word_1_37' title='bbox 832 625 1073 696; x_wconf 78' lang='lat' dir='ltr'><strong><em>cogitatio</em></strong></span> <span class='ocrx_word' id='word_1_38' title='bbox 1100 624 1269 680; x_wconf 87' lang='lat' dir='ltr'><strong><em>cordis</em></strong></span> <span class='ocrx_word' id='word_1_39' title='bbox 1296 626 1389 680; x_wconf 88' lang='lat' dir='ltr'><strong><em>tui.</em></strong></span> <span class='ocrx_word' id='word_1_40' title='bbox 1425 624 1493 679; x_wconf 85' lang='lat' dir='ltr'><strong><em>In</em></strong></span> <span class='ocrx_word' id='word_1_41' title='bbox 1530 625 1842 697; x_wconf 89' lang='lat' dir='ltr'><strong><em>obligatione</em></strong></span> 
     </span>
    </p>
   </div>
   <div class='ocr_carea' id='block_1_7' title="bbox 225 718 1699 790">
    <p class='ocr_par' dir='ltr' id='par_1_7' title="bbox 225 718 1699 790">
     <span class='ocr_line' id='line_1_7' title="bbox 225 718 1699 790; baseline 0.001 -18"><span class='ocrx_word' id='word_1_42' title='bbox 225 721 376 775; x_wconf 87' lang='lat' dir='ltr'><strong><em>enim</em></strong></span> <span class='ocrx_word' id='word_1_43' title='bbox 400 718 684 790; x_wconf 76' lang='lat' dir='ltr'><strong><em>iniquitatis</em></strong></span> <span class='ocrx_word' id='word_1_44' title='bbox 710 728 761 774; x_wconf 83' lang='lat' dir='ltr'><strong><em>et</em></strong></span> <span class='ocrx_word' id='word_1_45' title='bbox 786 718 1128 773; x_wconf 80' lang='lat' dir='ltr'><strong><em>amaritudine</em></strong></span> <span class='ocrx_word' id='word_1_46' title='bbox 1156 719 1295 789; x_wconf 81' lang='lat' dir='ltr'><strong><em>[ellis</em></strong></span> <span class='ocrx_word' id='word_1_47' title='bbox 1327 719 1472 775; x_wconf 88' lang='lat' dir='ltr'><strong><em>video</em></strong></span> <span class='ocrx_word' id='word_1_48' title='bbox 1499 729 1547 773; x_wconf 91' lang='lat' dir='ltr'><strong><em>te</em></strong></span> <span class='ocrx_word' id='word_1_49' title='bbox 1569 734 1699 774; x_wconf 90' lang='lat' dir='ltr'><strong><em>esse.</em></strong></span> 
     </span>
    </p>
   </div>
   <div class='ocr_carea' id='block_1_8' title="bbox 308 810 1839 883">
    <p class='ocr_par' dir='ltr' id='par_1_8' title="bbox 308 810 1839 883">
     <span class='ocr_line' id='line_1_8' title="bbox 308 810 1839 883; baseline -0.001 -16"><span class='ocrx_word' id='word_1_50' title='bbox 308 812 443 869; x_wconf 96' lang='lat' dir='ltr'><strong><em>Item</em></strong></span> <span class='ocrx_word' id='word_1_51' title='bbox 474 814 530 867; x_wconf 92' lang='lat' dir='ltr'><strong><em>in</em></strong></span> <span class='ocrx_word' id='word_1_52' title='bbox 560 811 799 882; x_wconf 86' lang='lat' dir='ltr'><strong><em>Epistola</em></strong></span> <span class='ocrx_word' id='word_1_53' title='bbox 827 811 977 866; x_wconf 83' lang='lat' dir='ltr'><strong><em>Pauli</em></strong></span> <span class='ocrx_word' id='word_1_54' title='bbox 1008 811 1134 867; x_wconf 84' lang='lat' dir='ltr'><strong><em>ben.</em></strong></span> <span class='ocrx_word' id='word_1_55' title='bbox 1162 810 1245 883; x_wconf 62' lang='grc' dir='ltr'><strong><em>(τι)</em></strong></span> <span class='ocrx_word' id='word_1_56' title='bbox 1288 811 1355 867; x_wconf 85' lang='lat' dir='ltr'><strong><em>ad</em></strong></span> <span class='ocrx_word' id='word_1_57' title='bbox 1391 810 1703 867; x_wconf 84' lang='lat' dir='ltr'><strong><em>Corinthios</em></strong></span> <span class='ocrx_word' id='word_1_58' title='bbox 1750 824 1839 866; x_wconf 79' lang='lat' dir='ltr'><strong><em>se-</em></strong></span> 
     </span>
    </p>
   </div>
   <div class='ocr_carea' id='block_1_9' title="bbox 228 903 1842 979">
    <p class='ocr_par' dir='ltr' id='par_1_9' title="bbox 228 903 1842 979">
     <span class='ocr_line' id='line_1_9' title="bbox 228 903 1842 979; baseline -0.004 -15"><span class='ocrx_word' id='word_1_59' title='bbox 228 906 417 964; x_wconf 87' lang='lat' dir='ltr'><strong><em>cunda</em></strong></span> <span class='ocrx_word' id='word_1_60' title='bbox 450 906 567 979; x_wconf 86' lang='lat' dir='ltr'><strong><em>(vn,</em></strong></span> <span class='ocrx_word' id='word_1_61' title='bbox 598 903 692 977; x_wconf 65' lang='lat'><strong><em>{0)</em></strong></span> <span class='ocrx_word' id='word_1_62' title='bbox 718 923 734 959; x_wconf 87' lang='lat'><strong>:</strong></span> <span class='ocrx_word' id='word_1_63' title='bbox 765 904 895 970; x_wconf 73' lang='lat' dir='ltr'><strong><em>Qua:</em></strong></span> <span class='ocrx_word' id='word_1_64' title='bbox 919 906 1053 960; x_wconf 88' lang='lat' dir='ltr'><strong><em>enim</em></strong></span> <span class='ocrx_word' id='word_1_65' title='bbox 1075 906 1356 961; x_wconf 87' lang='lat' dir='ltr'><strong><em>secundum</em></strong></span> <span class='ocrx_word' id='word_1_66' title='bbox 1381 903 1549 960; x_wconf 87' lang='lat' dir='ltr'><strong><em>Deum</em></strong></span> <span class='ocrx_word' id='word_1_67' title='bbox 1578 916 1652 961; x_wconf 90' lang='lat' dir='ltr'><strong><em>est</em></strong></span> <span class='ocrx_word' id='word_1_68' title='bbox 1678 906 1842 959; x_wconf 88' lang='lat' dir='ltr'><strong><em>tristi-</em></strong></span> 
     </span>
    </p>
   </div>
   <div class='ocr_carea' id='block_1_10' title="bbox 229 998 1845 1071">
    <p class='ocr_par' dir='ltr' id='par_1_10' title="bbox 229 998 1845 1071">
     <span class='ocr_line' id='line_1_10' title="bbox 229 998 1845 1071; baseline -0.002 -16"><span class='ocrx_word' id='word_1_69' title='bbox 229 1001 335 1068; x_wconf 87' lang='lat' dir='ltr'><strong><em>tia,</em></strong></span> <span class='ocrx_word' id='word_1_70' title='bbox 362 999 713 1071; x_wconf 74' lang='lat' dir='ltr'><strong><em>paenitentiam</em></strong></span> <span class='ocrx_word' id='word_1_71' title='bbox 743 999 801 1052; x_wconf 91' lang='lat' dir='ltr'><strong><em>in</em></strong></span> <span class='ocrx_word' id='word_1_72' title='bbox 838 999 1055 1053; x_wconf 78' lang='lat' dir='ltr'><strong><em>salutem</em></strong></span> <span class='ocrx_word' id='word_1_73' title='bbox 1093 1009 1336 1070; x_wconf 84' lang='lat' dir='ltr'><strong><em>operatur</em></strong></span> <span class='ocrx_word' id='word_1_74' title='bbox 1369 998 1601 1055; x_wconf 88' lang='lat' dir='ltr'><strong><em>stabilem</em></strong></span> <span class='ocrx_word' id='word_1_75' title='bbox 1627 1014 1646 1053; x_wconf 92' lang='grc'><strong><em>.·</em></strong></span> <span class='ocrx_word' id='word_1_76' title='bbox 1666 998 1845 1054; x_wconf 69' lang='lat' dir='ltr'><strong><em>seaculi</em></strong></span> 
     </span>
    </p>
   </div>
   <div class='ocr_carea' id='block_1_11' title="bbox 228 1094 1169 1165">
    <p class='ocr_par' dir='ltr' id='par_1_11' title="bbox 228 1094 1169 1165">
     <span class='ocr_line' id='line_1_11' title="bbox 228 1094 1169 1165; baseline 0.001 -17"><span class='ocrx_word' id='word_1_77' title='bbox 228 1105 409 1149; x_wconf 84' lang='lat' dir='ltr'><strong><em>autem</em></strong></span> <span class='ocrx_word' id='word_1_78' title='bbox 435 1094 642 1149; x_wconf 84' lang='lat' dir='ltr'><strong><em>tristitia</em></strong></span> <span class='ocrx_word' id='word_1_79' title='bbox 668 1101 880 1149; x_wconf 82' lang='lat' dir='ltr'><strong><em>mortem</em></strong></span> <span class='ocrx_word' id='word_1_80' title='bbox 907 1102 1169 1165; x_wconf 82' lang='lat' dir='ltr'><strong><em>operatur.</em></strong></span> 
     </span>
    </p>
   </div>
   <div class='ocr_carea' id='block_1_12' title="bbox 307 1188 1845 1262">
    <p class='ocr_par' dir='ltr' id='par_1_12' title="bbox 307 1188 1845 1262">
     <span class='ocr_line' id='line_1_12' title="bbox 307 1188 1845 1262; baseline -0.001 -18"><span class='ocrx_word' id='word_1_81' title='bbox 307 1189 443 1245; x_wconf 87' lang='lat' dir='ltr'><strong><em>Item</em></strong></span> <span class='ocrx_word' id='word_1_82' title='bbox 471 1188 582 1244; x_wconf 90' lang='lat' dir='ltr'><strong><em>illic</em></strong></span> <span class='ocrx_word' id='word_1_83' title='bbox 608 1189 678 1245; x_wconf 87' lang='lat' dir='ltr'><strong><em>de</em></strong></span> <span class='ocrx_word' id='word_1_84' title='bbox 705 1189 809 1245; x_wconf 88' lang='lat' dir='ltr'><strong><em>hoc</em></strong></span> <span class='ocrx_word' id='word_1_85' title='bbox 838 1189 957 1260; x_wconf 89' lang='lat' dir='ltr'><strong><em>ipso</em></strong></span> <span class='ocrx_word' id='word_1_86' title='bbox 977 1189 1059 1262; x_wconf 86' lang='grc' dir='ltr'><strong><em>(ιι,</em></strong></span> <span class='ocrx_word' id='word_1_87' title='bbox 1092 1189 1185 1260; x_wconf 78' lang='lat' dir='ltr'><strong><em>i0)</em></strong></span> <span class='ocrx_word' id='word_1_88' title='bbox 1211 1208 1225 1245; x_wconf 91' lang='lat'><strong>:</strong></span> <span class='ocrx_word' id='word_1_89' title='bbox 1250 1189 1314 1245; x_wconf 89' lang='lat' dir='ltr'><strong><em>Si</em></strong></span> <span class='ocrx_word' id='word_1_90' title='bbox 1340 1190 1423 1243; x_wconf 85' lang='lat' dir='ltr'><strong><em>cui</em></strong></span> <span class='ocrx_word' id='word_1_91' title='bbox 1449 1198 1620 1244; x_wconf 89' lang='lat' dir='ltr'><strong><em>autem</em></strong></span> <span class='ocrx_word' id='word_1_92' title='bbox 1646 1188 1845 1260; x_wconf 86' lang='lat' dir='ltr'><strong><em>aliquid</em></strong></span> 
     </span>
    </p>
   </div>
   <div class='ocr_carea' id='block_1_13' title="bbox 229 1282 1845 1356">
    <p class='ocr_par' dir='ltr' id='par_1_13' title="bbox 229 1282 1845 1356">
     <span class='ocr_line' id='line_1_13' title="bbox 229 1282 1845 1356; baseline -0.002 -18"><span class='ocrx_word' id='word_1_93' title='bbox 229 1284 466 1339; x_wconf 90' lang='lat' dir='ltr'><strong><em>donastis</em></strong></span> <span class='ocrx_word' id='word_1_94' title='bbox 494 1293 541 1338; x_wconf 93' lang='lat' dir='ltr'><strong><em>et</em></strong></span> <span class='ocrx_word' id='word_1_95' title='bbox 570 1300 663 1356; x_wconf 91' lang='lat' dir='ltr'><strong><em>ego</em></strong></span> <span class='ocrx_word' id='word_1_96' title='bbox 685 1300 704 1338; x_wconf 93' lang='lat'><strong><em>:</em></strong></span> <span class='ocrx_word' id='word_1_97' title='bbox 732 1282 873 1338; x_wconf 88' lang='lat' dir='ltr'><strong><em>Nam</em></strong></span> <span class='ocrx_word' id='word_1_98' title='bbox 899 1294 945 1338; x_wconf 91' lang='lat' dir='ltr'><strong><em>et</em></strong></span> <span class='ocrx_word' id='word_1_99' title='bbox 967 1300 1060 1355; x_wconf 88' lang='lat' dir='ltr'><strong><em>ego</em></strong></span> <span class='ocrx_word' id='word_1_100' title='bbox 1082 1283 1218 1355; x_wconf 87' lang='lat' dir='ltr'><strong><em>quod</em></strong></span> <span class='ocrx_word' id='word_1_101' title='bbox 1238 1283 1424 1338; x_wconf 89' lang='lat' dir='ltr'><strong><em>donavi</em></strong></span> <span class='ocrx_word' id='word_1_102' title='bbox 1452 1294 1657 1354; x_wconf 81' lang='lat' dir='ltr'><strong><em>propter</em></strong></span> <span class='ocrx_word' id='word_1_103' title='bbox 1681 1283 1845 1351; x_wconf 79' lang='lat' dir='ltr'><strong><em>vasin</em></strong></span> 
     </span>
    </p>
   </div>
   <div class='ocr_carea' id='block_1_14' title="bbox 228 1375 1845 1450">
    <p class='ocr_par' dir='ltr' id='par_1_14' title="bbox 228 1375 1845 1450">
     <span class='ocr_line' id='line_1_14' title="bbox 228 1375 1845 1450; baseline -0.002 -17"><span class='ocrx_word' id='word_1_104' title='bbox 228 1379 371 1450; x_wconf 83' lang='lat' dir='ltr'><strong><em>facie</em></strong></span> <span class='ocrx_word' id='word_1_105' title='bbox 413 1376 638 1445; x_wconf 87' lang='lat' dir='ltr'><strong><em>Christi,</em></strong></span> <span class='ocrx_word' id='word_1_106' title='bbox 671 1389 725 1431; x_wconf 87' lang='lat' dir='ltr'><strong><em>ut</em></strong></span> <span class='ocrx_word' id='word_1_107' title='bbox 773 1393 878 1432; x_wconf 89' lang='lat' dir='ltr'><strong><em>non</em></strong></span> <span class='ocrx_word' id='word_1_108' title='bbox 904 1378 1360 1432; x_wconf 83' lang='lat' dir='ltr'><strong><em>circumveniantur</em></strong></span> <span class='ocrx_word' id='word_1_109' title='bbox 1388 1393 1422 1431; x_wconf 91' lang='lat' dir='ltr'><strong><em>a</em></strong></span> <span class='ocrx_word' id='word_1_110' title='bbox 1466 1375 1702 1442; x_wconf 87' lang='lat' dir='ltr'><strong><em>Satana,</em></strong></span> <span class='ocrx_word' id='word_1_111' title='bbox 1751 1390 1845 1430; x_wconf 83' lang='lat' dir='ltr'><strong><em>nec</em></strong></span> 
     </span>
    </p>
   </div>
   <div class='ocr_carea' id='block_1_15' title="bbox 227 1471 1119 1543">
    <p class='ocr_par' dir='ltr' id='par_1_15' title="bbox 227 1471 1119 1543">
     <span class='ocr_line' id='line_1_15' title="bbox 227 1471 1119 1543; baseline -0.004 -15"><span class='ocrx_word' id='word_1_112' title='bbox 227 1471 372 1528; x_wconf 88' lang='lat' dir='ltr'><strong><em>enim</em></strong></span> <span class='ocrx_word' id='word_1_113' title='bbox 398 1472 644 1528; x_wconf 87' lang='lat' dir='ltr'><strong><em>versutias</em></strong></span> <span class='ocrx_word' id='word_1_114' title='bbox 669 1472 780 1543; x_wconf 85' lang='lat' dir='ltr'><strong><em>ejus</em></strong></span> <span class='ocrx_word' id='word_1_115' title='bbox 804 1472 1119 1542; x_wconf 85' lang='lat' dir='ltr'><strong><em>ignoramus.</em></strong></span> 
     </span>
    </p>
   </div>
   <div class='ocr_carea' id='block_1_16' title="bbox 308 1563 1844 1637">
    <p class='ocr_par' dir='ltr' id='par_1_16' title="bbox 308 1563 1844 1637">
     <span class='ocr_line' id='line_1_16' title="bbox 308 1563 1844 1637; baseline -0.001 -17"><span class='ocrx_word' id='word_1_116' title='bbox 308 1564 445 1622; x_wconf 87' lang='lat' dir='ltr'><strong><em>Item</em></strong></span> <span class='ocrx_word' id='word_1_117' title='bbox 477 1565 586 1620; x_wconf 88' lang='lat' dir='ltr'><strong><em>illic</em></strong></span> <span class='ocrx_word' id='word_1_118' title='bbox 618 1565 719 1636; x_wconf 79' lang='grc' dir='ltr'><strong><em>(ιιι</em></strong></span> <span class='ocrx_word' id='word_1_119' title='bbox 743 1605 760 1632; x_wconf 87' lang='grc'><em>,</em></span> <span class='ocrx_word' id='word_1_120' title='bbox 786 1563 920 1637; x_wconf 74' lang='lat'><strong><em>20):</em></strong></span> <span class='ocrx_word' id='word_1_121' title='bbox 951 1563 1126 1619; x_wconf 86' lang='lat' dir='ltr'><strong><em>Timeo</em></strong></span> <span class='ocrx_word' id='word_1_122' title='bbox 1155 1572 1325 1619; x_wconf 82' lang='lat' dir='ltr'><strong><em>autem</em></strong></span> <span class='ocrx_word' id='word_1_123' title='bbox 1353 1580 1419 1619; x_wconf 84' lang='lat' dir='ltr'><strong><em>ne</em></strong></span> <span class='ocrx_word' id='word_1_124' title='bbox 1442 1564 1577 1634; x_wconf 78' lang='lat' dir='ltr'><strong><em>{orte</em></strong></span> <span class='ocrx_word' id='word_1_125' title='bbox 1602 1579 1721 1618; x_wconf 88' lang='lat' dir='ltr'><strong><em>cum</em></strong></span> <span class='ocrx_word' id='word_1_126' title='bbox 1759 1578 1844 1618; x_wconf 85' lang='lat' dir='ltr'><strong><em>ve-</em></strong></span> 
     </span>
    </p>
   </div>
   <div class='ocr_carea' id='block_1_17' title="bbox 231 1656 1842 1729">
    <p class='ocr_par' dir='ltr' id='par_1_17' title="bbox 231 1656 1842 1729">
     <span class='ocr_line' id='line_1_17' title="bbox 231 1656 1842 1729; baseline -0.004 -14"><span class='ocrx_word' id='word_1_127' title='bbox 231 1675 363 1716; x_wconf 90' lang='lat' dir='ltr'><strong><em>nero</em></strong></span> <span class='ocrx_word' id='word_1_128' title='bbox 393 1659 463 1714; x_wconf 88' lang='lat' dir='ltr'><strong><em>ad</em></strong></span> <span class='ocrx_word' id='word_1_129' title='bbox 492 1676 601 1726; x_wconf 90' lang='lat' dir='ltr'><strong><em>vos,</em></strong></span> <span class='ocrx_word' id='word_1_130' title='bbox 634 1659 822 1714; x_wconf 83' lang='lat' dir='ltr'><strong><em>iterum</em></strong></span> <span class='ocrx_word' id='word_1_131' title='bbox 849 1660 1081 1715; x_wconf 87' lang='lat' dir='ltr'><strong><em>humiliet</em></strong></span> <span class='ocrx_word' id='word_1_132' title='bbox 1108 1674 1185 1714; x_wconf 87' lang='lat' dir='ltr'><strong><em>me</em></strong></span> <span class='ocrx_word' id='word_1_133' title='bbox 1208 1656 1348 1714; x_wconf 84' lang='lat' dir='ltr'><strong><em>Deus</em></strong></span> <span class='ocrx_word' id='word_1_134' title='bbox 1374 1659 1515 1729; x_wconf 84' lang='lat' dir='ltr'><strong><em>apud</em></strong></span> <span class='ocrx_word' id='word_1_135' title='bbox 1543 1674 1651 1722; x_wconf 88' lang='lat' dir='ltr'><strong><em>vos.</em></strong></span> <span class='ocrx_word' id='word_1_136' title='bbox 1677 1666 1726 1713; x_wconf 91' lang='lat' dir='ltr'><strong><em>et</em></strong></span> <span class='ocrx_word' id='word_1_137' title='bbox 1756 1658 1842 1710; x_wconf 88' lang='lat' dir='ltr'><strong><em>lu-</em></strong></span> 
     </span>
    </p>
   </div>
   <div class='ocr_carea' id='block_1_18' title="bbox 230 1755 1845 1826">
    <p class='ocr_par' dir='ltr' id='par_1_18' title="bbox 230 1755 1845 1826">
     <span class='ocr_line' id='line_1_18' title="bbox 230 1755 1845 1826; baseline -0.002 -16"><span class='ocrx_word' id='word_1_138' title='bbox 230 1772 383 1826; x_wconf 90' lang='lat' dir='ltr'><strong><em>geam</em></strong></span> <span class='ocrx_word' id='word_1_139' title='bbox 405 1756 595 1810; x_wconf 88' lang='lat' dir='ltr'><strong><em>multos</em></strong></span> <span class='ocrx_word' id='word_1_140' title='bbox 618 1770 683 1810; x_wconf 78' lang='lat' dir='ltr'><strong><em>ea:</em></strong></span> <span class='ocrx_word' id='word_1_141' title='bbox 703 1755 784 1809; x_wconf 81' lang='lat' dir='ltr'><strong><em>his</em></strong></span> <span class='ocrx_word' id='word_1_142' title='bbox 803 1756 892 1824; x_wconf 86' lang='lat' dir='ltr'><strong><em>qui</em></strong></span> <span class='ocrx_word' id='word_1_143' title='bbox 917 1765 1038 1810; x_wconf 83' lang='lat' dir='ltr'><strong><em>ante</em></strong></span> <span class='ocrx_word' id='word_1_144' title='bbox 1058 1763 1411 1826; x_wconf 87' lang='lat' dir='ltr'><strong><em>peccaverunt,</em></strong></span> <span class='ocrx_word' id='word_1_145' title='bbox 1438 1763 1486 1808; x_wconf 91' lang='lat' dir='ltr'><strong><em>et</em></strong></span> <span class='ocrx_word' id='word_1_146' title='bbox 1508 1770 1611 1809; x_wconf 88' lang='lat' dir='ltr'><strong><em>non</em></strong></span> <span class='ocrx_word' id='word_1_147' title='bbox 1633 1761 1845 1825; x_wconf 88' lang='lat' dir='ltr'><strong><em>egerunt</em></strong></span> 
     </span>
    </p>
   </div>
   <div class='ocr_carea' id='block_1_19' title="bbox 1946 532 3550 605">
    <p class='ocr_par' dir='ltr' id='par_1_19' title="bbox 1946 532 3550 605">
     <span class='ocr_line' id='line_1_19' title="bbox 1946 532 3550 605; baseline 0.004 -20"><span class='ocrx_word' id='word_1_148' title='bbox 1946 533 2065 585; x_wconf 86' lang='lat' dir='ltr'><strong><em>dam</em></strong></span> <span class='ocrx_word' id='word_1_149' title='bbox 2088 534 2240 601; x_wconf 81' lang='lat' dir='ltr'><strong><em>ﬁdem</em></strong></span> <span class='ocrx_word' id='word_1_150' title='bbox 2262 533 2631 590; x_wconf 82' lang='lat' dir='ltr'><strong><em>subuerterant.</em></strong></span> <span class='ocrx_word' id='word_1_151' title='bbox 2662 532 2769 589; x_wconf 86' lang='lat' dir='ltr'><strong><em>Sed</em></strong></span> <span class='ocrx_word' id='word_1_152' title='bbox 2795 534 3000 603; x_wconf 72' lang='lat' dir='ltr'><strong><em>ﬁrmum</em></strong></span> <span class='ocrx_word' id='word_1_153' title='bbox 3033 535 3421 605; x_wconf 73' lang='lat' dir='ltr'><strong><em>fundamentum</em></strong></span> <span class='ocrx_word' id='word_1_154' title='bbox 3456 535 3550 592; x_wconf 79' lang='lat' dir='ltr'><strong><em>Dei</em></strong></span> 
     </span>
    </p>
   </div>
   <div class='ocr_carea' id='block_1_20' title="bbox 1942 626 3548 699">
    <p class='ocr_par' dir='ltr' id='par_1_20' title="bbox 1942 626 3548 699">
     <span class='ocr_line' id='line_1_20' title="bbox 1942 626 3548 699; baseline 0.003 -20"><span class='ocrx_word' id='word_1_155' title='bbox 1942 634 2042 679; x_wconf 88' lang='lat' dir='ltr'><strong><em>stat</em></strong></span> <span class='ocrx_word' id='word_1_156' title='bbox 2067 626 2254 682; x_wconf 82' lang='lat' dir='ltr'><strong><em>habens</em></strong></span> <span class='ocrx_word' id='word_1_157' title='bbox 2278 628 2598 697; x_wconf 84' lang='lat' dir='ltr'><strong><em>signaculum</em></strong></span> <span class='ocrx_word' id='word_1_158' title='bbox 2621 629 2735 683; x_wconf 83' lang='lat' dir='ltr'><strong><em>hoc.</em></strong></span> <span class='ocrx_word' id='word_1_159' title='bbox 2756 627 3001 699; x_wconf 81' lang='lat' dir='ltr'><strong><em>Cognovit</em></strong></span> <span class='ocrx_word' id='word_1_160' title='bbox 3024 627 3163 683; x_wconf 87' lang='lat' dir='ltr'><strong><em>Deus</em></strong></span> <span class='ocrx_word' id='word_1_161' title='bbox 3176 630 3262 698; x_wconf 88' lang='lat' dir='ltr'><strong><em>qui</em></strong></span> <span class='ocrx_word' id='word_1_162' title='bbox 3275 641 3392 683; x_wconf 85' lang='lat' dir='ltr'><strong><em>sunt</em></strong></span> <span class='ocrx_word' id='word_1_163' title='bbox 3414 632 3548 699; x_wconf 83' lang='lat' dir='ltr'><strong><em>ejus,</em></strong></span> 
     </span>
    </p>
   </div>
   <div class='ocr_carea' id='block_1_21' title="bbox 1944 719 3553 799">
    <p class='ocr_par' dir='ltr' id='par_1_21' title="bbox 1944 719 3553 799">
     <span class='ocr_line' id='line_1_21' title="bbox 1944 719 3553 799; baseline 0.004 -26"><span class='ocrx_word' id='word_1_164' title='bbox 1944 729 1989 773; x_wconf 92' lang='lat' dir='ltr'><strong><em>et</em></strong></span> <span class='ocrx_word' id='word_1_165' title='bbox 2016 719 2235 773; x_wconf 84' lang='lat' dir='ltr'><strong><em>discedet</em></strong></span> <span class='ocrx_word' id='word_1_166' title='bbox 2263 719 2326 773; x_wconf 92' lang='lat' dir='ltr'><strong><em>ab</em></strong></span> <span class='ocrx_word' id='word_1_167' title='bbox 2355 721 2492 774; x_wconf 89' lang='lat' dir='ltr'><strong><em>omni</em></strong></span> <span class='ocrx_word' id='word_1_168' title='bbox 2513 721 2778 799; x_wconf 73' lang='lat' dir='ltr'><strong><em>iniquitate</em></strong></span> <span class='ocrx_word' id='word_1_169' title='bbox 2802 722 2967 775; x_wconf 87' lang='lat' dir='ltr'><strong><em>omnis</em></strong></span> <span class='ocrx_word' id='word_1_170' title='bbox 2988 722 3077 792; x_wconf 87' lang='lat' dir='ltr'><strong><em>qui</em></strong></span> <span class='ocrx_word' id='word_1_171' title='bbox 3106 723 3336 776; x_wconf 88' lang='lat' dir='ltr'><strong><em>nominat</em></strong></span> <span class='ocrx_word' id='word_1_172' title='bbox 3363 738 3553 780; x_wconf 83' lang='lat' dir='ltr'><strong><em>nomen</em></strong></span> 
     </span>
    </p>
   </div>
   <div class='ocr_carea' id='block_1_22' title="bbox 1946 792 3555 885">
    <p class='ocr_par' dir='ltr' id='par_1_22' title="bbox 1946 792 3555 885">
     <span class='ocr_line' id='line_1_22' title="bbox 1946 792 3555 885; baseline 0.004 -21"><span class='ocrx_word' id='word_1_173' title='bbox 1946 810 2177 866; x_wconf 81' lang='lat' dir='ltr'><strong><em>Domini.</em></strong></span> <span class='ocrx_word' id='word_1_174' title='bbox 2207 810 2274 866; x_wconf 82' lang='lat' dir='ltr'><strong><em>In</em></strong></span> <span class='ocrx_word' id='word_1_175' title='bbox 2305 830 2493 885; x_wconf 88' lang='lat' dir='ltr'><strong><em>magna</em></strong></span> <span class='ocrx_word' id='word_1_176' title='bbox 2537 823 2706 868; x_wconf 88' lang='lat' dir='ltr'><strong><em>autem</em></strong></span> <span class='ocrx_word' id='word_1_177' title='bbox 2743 792 2896 870; x_wconf 73' lang='lat' dir='ltr'><strong><em>domo</em></strong></span> <span class='ocrx_word' id='word_1_178' title='bbox 2941 831 3042 870; x_wconf 91' lang='lat' dir='ltr'><strong><em>non</em></strong></span> <span class='ocrx_word' id='word_1_179' title='bbox 3071 815 3238 870; x_wconf 87' lang='lat' dir='ltr'><strong><em>solum</em></strong></span> <span class='ocrx_word' id='word_1_180' title='bbox 3270 825 3391 871; x_wconf 89' lang='lat' dir='ltr'><strong><em>sunt</em></strong></span> <span class='ocrx_word' id='word_1_181' title='bbox 3431 833 3555 871; x_wconf 89' lang='lat' dir='ltr'><strong><em>vasa</em></strong></span> 
     </span>
    </p>
   </div>
   <div class='ocr_carea' id='block_1_23' title="bbox 1945 908 3556 981">
    <p class='ocr_par' dir='ltr' id='par_1_23' title="bbox 1945 908 3556 981">
     <span class='ocr_line' id='line_1_23' title="bbox 1945 908 3556 981; baseline 0.005 -24"><span class='ocrx_word' id='word_1_182' title='bbox 1945 920 2103 959; x_wconf 91' lang='lat' dir='ltr'><strong><em>aurea</em></strong></span> <span class='ocrx_word' id='word_1_183' title='bbox 2126 915 2174 961; x_wconf 91' lang='lat' dir='ltr'><strong><em>et</em></strong></span> <span class='ocrx_word' id='word_1_184' title='bbox 2206 918 2475 977; x_wconf 85' lang='lat' dir='ltr'><strong><em>argentea,</em></strong></span> <span class='ocrx_word' id='word_1_185' title='bbox 2508 908 2599 962; x_wconf 86' lang='lat' dir='ltr'><strong><em>sed</em></strong></span> <span class='ocrx_word' id='word_1_186' title='bbox 2628 919 2676 962; x_wconf 86' lang='lat' dir='ltr'><strong><em>et</em></strong></span> <span class='ocrx_word' id='word_1_187' title='bbox 2714 909 2884 979; x_wconf 87' lang='lat' dir='ltr'><strong><em>lignea</em></strong></span> <span class='ocrx_word' id='word_1_188' title='bbox 2926 919 2973 963; x_wconf 89' lang='lat' dir='ltr'><strong><em>et</em></strong></span> <span class='ocrx_word' id='word_1_189' title='bbox 3002 910 3216 979; x_wconf 71' lang='lat' dir='ltr'><strong><em>ﬁctilia,</em></strong></span> <span class='ocrx_word' id='word_1_190' title='bbox 3247 920 3291 964; x_wconf 87' lang='lat' dir='ltr'><strong><em>et</em></strong></span> <span class='ocrx_word' id='word_1_191' title='bbox 3318 911 3556 981; x_wconf 70' lang='lat' dir='ltr'><strong><em>quadam</em></strong></span> 
     </span>
    </p>
   </div>
   <div class='ocr_carea' id='block_1_24' title="bbox 1944 999 3556 1070">
    <p class='ocr_par' dir='ltr' id='par_1_24' title="bbox 1944 999 3556 1070">
     <span class='ocr_line' id='line_1_24' title="bbox 1944 999 3556 1070; baseline 0.004 -19"><span class='ocrx_word' id='word_1_192' title='bbox 1944 999 2152 1069; x_wconf 84' lang='lat' dir='ltr'><strong><em>quidem</em></strong></span> <span class='ocrx_word' id='word_1_193' title='bbox 2176 1000 2230 1053; x_wconf 86' lang='lat' dir='ltr'><strong><em>in</em></strong></span> <span class='ocrx_word' id='word_1_194' title='bbox 2258 1000 2523 1067; x_wconf 83' lang='lat' dir='ltr'><strong><em>honorem,</em></strong></span> <span class='ocrx_word' id='word_1_195' title='bbox 2550 1002 2789 1070; x_wconf 66' lang='lat' dir='ltr'><strong><em>quadam</em></strong></span> <span class='ocrx_word' id='word_1_196' title='bbox 2817 1012 2987 1056; x_wconf 83' lang='lat' dir='ltr'><strong><em>autem</em></strong></span> <span class='ocrx_word' id='word_1_197' title='bbox 3010 1003 3062 1057; x_wconf 89' lang='lat' dir='ltr'><strong><em>iu</em></strong></span> <span class='ocrx_word' id='word_1_198' title='bbox 3083 1004 3466 1058; x_wconf 82' lang='lat' dir='ltr'><strong><em>contumeliam.</em></strong></span> <span class='ocrx_word' id='word_1_199' title='bbox 3493 1004 3556 1059; x_wconf 89' lang='lat' dir='ltr'><strong><em>Si</em></strong></span> 
     </span>
    </p>
   </div>
   <div class='ocr_carea' id='block_1_25' title="bbox 1944 1094 3558 1167">
    <p class='ocr_par' dir='ltr' id='par_1_25' title="bbox 1944 1094 3558 1167">
     <span class='ocr_line' id='line_1_25' title="bbox 1944 1094 3558 1167; baseline 0.003 -20"><span class='ocrx_word' id='word_1_200' title='bbox 1944 1094 2059 1163; x_wconf 85' lang='lat' dir='ltr'><strong><em>quis</em></strong></span> <span class='ocrx_word' id='word_1_201' title='bbox 2087 1110 2212 1165; x_wconf 90' lang='lat' dir='ltr'><strong><em>ergo</em></strong></span> <span class='ocrx_word' id='word_1_202' title='bbox 2237 1094 2580 1149; x_wconf 85' lang='lat' dir='ltr'><strong><em>emendaverit</em></strong></span> <span class='ocrx_word' id='word_1_203' title='bbox 2612 1094 2692 1167; x_wconf 84' lang='lat' dir='ltr'><strong><em>(I)</em></strong></span> <span class='ocrx_word' id='word_1_204' title='bbox 2719 1112 2772 1150; x_wconf 89' lang='lat' dir='ltr'><strong><em>se</em></strong></span> <span class='ocrx_word' id='word_1_205' title='bbox 2800 1096 2863 1149; x_wconf 88' lang='lat' dir='ltr'><strong><em>ab</em></strong></span> <span class='ocrx_word' id='word_1_206' title='bbox 2894 1096 3034 1161; x_wconf 84' lang='lat' dir='ltr'><strong><em>istis,</em></strong></span> <span class='ocrx_word' id='word_1_207' title='bbox 3068 1097 3164 1150; x_wconf 86' lang='lat' dir='ltr'><strong><em>erit</em></strong></span> <span class='ocrx_word' id='word_1_208' title='bbox 3190 1110 3278 1151; x_wconf 90' lang='lat' dir='ltr'><strong><em>vas</em></strong></span> <span class='ocrx_word' id='word_1_209' title='bbox 3308 1096 3363 1150; x_wconf 85' lang='lat' dir='ltr'><strong><em>in</em></strong></span> <span class='ocrx_word' id='word_1_210' title='bbox 3392 1096 3558 1152; x_wconf 89' lang='lat' dir='ltr'><strong><em>hono-</em></strong></span> 
     </span>
    </p>
   </div>
   <div class='ocr_carea' id='block_1_26' title="bbox 1944 1187 3557 1259">
    <p class='ocr_par' dir='ltr' id='par_1_26' title="bbox 1944 1187 3557 1259">
     <span class='ocr_line' id='line_1_26' title="bbox 1944 1187 3557 1259; baseline 0.002 -19"><span class='ocrx_word' id='word_1_211' title='bbox 1944 1202 2052 1242; x_wconf 85' lang='lat' dir='ltr'><strong><em>rent</em></strong></span> <span class='ocrx_word' id='word_1_212' title='bbox 2071 1188 2471 1256; x_wconf 76' lang='lat' dir='ltr'><strong><em>sanctiﬁcatum,</em></strong></span> <span class='ocrx_word' id='word_1_213' title='bbox 2496 1198 2545 1243; x_wconf 91' lang='lat' dir='ltr'><strong><em>et</em></strong></span> <span class='ocrx_word' id='word_1_214' title='bbox 2566 1189 2691 1243; x_wconf 84' lang='lat' dir='ltr'><strong><em>utile</em></strong></span> <span class='ocrx_word' id='word_1_215' title='bbox 2714 1187 2935 1244; x_wconf 83' lang='lat' dir='ltr'><strong><em>Domino</em></strong></span> <span class='ocrx_word' id='word_1_216' title='bbox 2956 1191 3025 1243; x_wconf 86' lang='lat' dir='ltr'><strong><em>ad</em></strong></span> <span class='ocrx_word' id='word_1_217' title='bbox 3045 1204 3193 1244; x_wconf 86' lang='lat' dir='ltr'><strong><em>omne</em></strong></span> <span class='ocrx_word' id='word_1_218' title='bbox 3213 1189 3402 1244; x_wconf 86' lang='lat' dir='ltr'><strong><em>bonum</em></strong></span> <span class='ocrx_word' id='word_1_219' title='bbox 3425 1205 3557 1259; x_wconf 90' lang='lat' dir='ltr'><strong><em>opus</em></strong></span> 
     </span>
    </p>
   </div>
   <div class='ocr_carea' id='block_1_27' title="bbox 1946 1282 3558 1354">
    <p class='ocr_par' dir='ltr' id='par_1_27' title="bbox 1946 1282 3558 1354">
     <span class='ocr_line' id='line_1_27' title="bbox 1946 1282 3558 1354; baseline -0.001 -16"><span class='ocrx_word' id='word_1_220' title='bbox 1946 1294 2203 1349; x_wconf 88' lang='lat' dir='ltr'><strong><em>paratam.</em></strong></span> <span class='ocrx_word' id='word_1_221' title='bbox 2241 1282 2506 1338; x_wconf 80' lang='lat' dir='ltr'><strong><em>Juvenilia</em></strong></span> <span class='ocrx_word' id='word_1_222' title='bbox 2544 1293 2716 1338; x_wconf 82' lang='lat' dir='ltr'><strong><em>autem</em></strong></span> <span class='ocrx_word' id='word_1_223' title='bbox 2742 1284 2999 1339; x_wconf 87' lang='lat' dir='ltr'><strong><em>desideria</em></strong></span> <span class='ocrx_word' id='word_1_224' title='bbox 3027 1286 3167 1354; x_wconf 79' lang='lat' dir='ltr'><strong><em>fuge.</em></strong></span> <span class='ocrx_word' id='word_1_225' title='bbox 3201 1282 3411 1338; x_wconf 88' lang='lat' dir='ltr'><strong><em>Sectare</em></strong></span> <span class='ocrx_word' id='word_1_226' title='bbox 3438 1298 3558 1337; x_wconf 84' lang='lat' dir='ltr'><strong><em>vero</em></strong></span> 
     </span>
    </p>
   </div>
   <div class='ocr_carea' id='block_1_28' title="bbox 1944 1378 3558 1449">
    <p class='ocr_par' dir='ltr' id='par_1_28' title="bbox 1944 1378 3558 1449">
     <span class='ocr_line' id='line_1_28' title="bbox 1944 1378 3558 1449; baseline -0.002 -14"><span class='ocrx_word' id='word_1_227' title='bbox 1944 1379 2403 1449; x_wconf 74' lang='lat' dir='ltr'><strong><em>iustitiam,§ﬁdem,</em></strong></span> <span class='ocrx_word' id='word_1_228' title='bbox 2424 1380 2749 1443; x_wconf 89' lang='lat' dir='ltr'><strong><em>charitatem,</em></strong></span> <span class='ocrx_word' id='word_1_229' title='bbox 2767 1394 2945 1449; x_wconf 86' lang='lat' dir='ltr'><strong><em>pacem</em></strong></span> <span class='ocrx_word' id='word_1_230' title='bbox 2962 1395 3081 1433; x_wconf 88' lang='lat' dir='ltr'><strong><em>cum</em></strong></span> <span class='ocrx_word' id='word_1_231' title='bbox 3099 1378 3198 1445; x_wconf 87' lang='lat' dir='ltr'><strong><em>his,</em></strong></span> <span class='ocrx_word' id='word_1_232' title='bbox 3214 1379 3301 1448; x_wconf 86' lang='lat' dir='ltr'><strong><em>qui</em></strong></span> <span class='ocrx_word' id='word_1_233' title='bbox 3319 1378 3558 1433; x_wconf 79' lang='lat' dir='ltr'><strong><em>invocant</em></strong></span> 
     </span>
    </p>
   </div>
   <div class='ocr_carea' id='block_1_29' title="bbox 1944 1470 3559 1542">
    <p class='ocr_par' dir='ltr' id='par_1_29' title="bbox 1944 1470 3559 1542">
     <span class='ocr_line' id='line_1_29' title="bbox 1944 1470 3559 1542; baseline -0.001 -16"><span class='ocrx_word' id='word_1_234' title='bbox 1944 1470 2227 1527; x_wconf 86' lang='lat' dir='ltr'><strong><em>Dominum</em></strong></span> <span class='ocrx_word' id='word_1_235' title='bbox 2252 1473 2315 1526; x_wconf 87' lang='lat' dir='ltr'><strong><em>de</em></strong></span> <span class='ocrx_word' id='word_1_236' title='bbox 2336 1472 2491 1527; x_wconf 87' lang='lat' dir='ltr'><strong><em>corde</em></strong></span> <span class='ocrx_word' id='word_1_237' title='bbox 2523 1488 2673 1542; x_wconf 85' lang='lat' dir='ltr'><strong><em>puro.</em></strong></span> <span class='ocrx_word' id='word_1_238' title='bbox 2709 1471 2913 1527; x_wconf 85' lang='lat' dir='ltr'><strong><em>Stultus</em></strong></span> <span class='ocrx_word' id='word_1_239' title='bbox 2936 1481 3105 1527; x_wconf 81' lang='lat' dir='ltr'><strong><em>autem</em></strong></span> <span class='ocrx_word' id='word_1_240' title='bbox 3125 1511 3141 1537; x_wconf 93' lang='lat'><strong><em>,</em></strong></span> <span class='ocrx_word' id='word_1_241' title='bbox 3171 1481 3220 1525; x_wconf 91' lang='lat' dir='ltr'><strong><em>et</em></strong></span> <span class='ocrx_word' id='word_1_242' title='bbox 3246 1472 3357 1526; x_wconf 85' lang='lat' dir='ltr'><strong><em>sine</em></strong></span> <span class='ocrx_word' id='word_1_243' title='bbox 3400 1471 3559 1527; x_wconf 89' lang='lat' dir='ltr'><strong><em>disci-</em></strong></span> 
     </span>
    </p>
   </div>
   <div class='ocr_carea' id='block_1_30' title="bbox 1947 1563 3559 1637">
    <p class='ocr_par' dir='ltr' id='par_1_30' title="bbox 1947 1563 3559 1637">
     <span class='ocr_line' id='line_1_30' title="bbox 1947 1563 3559 1637; baseline -0.001 -17"><span class='ocrx_word' id='word_1_244' title='bbox 1947 1566 2092 1633; x_wconf 87' lang='lat' dir='ltr'><strong><em>plina</em></strong></span> <span class='ocrx_word' id='word_1_245' title='bbox 2120 1566 2425 1637; x_wconf 76' lang='lat' dir='ltr'><strong><em>quatstiones</em></strong></span> <span class='ocrx_word' id='word_1_246' title='bbox 2446 1565 2634 1630; x_wconf 84' lang='lat' dir='ltr'><strong><em>devita,</em></strong></span> <span class='ocrx_word' id='word_1_247' title='bbox 2667 1565 2829 1621; x_wconf 89' lang='lat' dir='ltr'><strong><em>sciens</em></strong></span> <span class='ocrx_word' id='word_1_248' title='bbox 2853 1565 2973 1636; x_wconf 80' lang='lat' dir='ltr'><strong><em>quia</em></strong></span> <span class='ocrx_word' id='word_1_249' title='bbox 2993 1573 3234 1635; x_wconf 83' lang='lat' dir='ltr'><strong><em>generant</em></strong></span> <span class='ocrx_word' id='word_1_250' title='bbox 3263 1563 3397 1618; x_wconf 87' lang='lat' dir='ltr'><strong><em>lites.</em></strong></span> <span class='ocrx_word' id='word_1_251' title='bbox 3427 1563 3559 1621; x_wconf 86' lang='lat' dir='ltr'><strong><em>Ser-</em></strong></span> 
     </span>
    </p>
   </div>
   <div class='ocr_carea' id='block_1_31' title="bbox 1946 1657 3561 1730">
    <p class='ocr_par' dir='ltr' id='par_1_31' title="bbox 1946 1657 3561 1730">
     <span class='ocr_line' id='line_1_31' title="bbox 1946 1657 3561 1730; baseline -0.001 -17"><span class='ocrx_word' id='word_1_252' title='bbox 1946 1676 2065 1714; x_wconf 89' lang='lat' dir='ltr'><strong><em>vum</em></strong></span> <span class='ocrx_word' id='word_1_253' title='bbox 2088 1672 2259 1715; x_wconf 90' lang='lat' dir='ltr'><strong><em>autem</em></strong></span> <span class='ocrx_word' id='word_1_254' title='bbox 2291 1660 2501 1715; x_wconf 90' lang='lat' dir='ltr'><strong><em>Domini</em></strong></span> <span class='ocrx_word' id='word_1_255' title='bbox 2522 1676 2623 1715; x_wconf 88' lang='lat' dir='ltr'><strong><em>non</em></strong></span> <span class='ocrx_word' id='word_1_256' title='bbox 2648 1669 2847 1730; x_wconf 87' lang='lat' dir='ltr'><strong><em>oportet</em></strong></span> <span class='ocrx_word' id='word_1_257' title='bbox 2872 1659 3096 1728; x_wconf 81' lang='lat' dir='ltr'><strong><em>litigare,</em></strong></span> <span class='ocrx_word' id='word_1_258' title='bbox 3126 1657 3216 1713; x_wconf 90' lang='lat' dir='ltr'><strong><em>sed</em></strong></span> <span class='ocrx_word' id='word_1_259' title='bbox 3242 1664 3561 1713; x_wconf 89' lang='lat' dir='ltr'><strong><em>mansuetum</em></strong></span> 
     </span>
    </p>
   </div>
   <div class='ocr_carea' id='block_1_32' title="bbox 1948 1752 3554 1824">
    <p class='ocr_par' dir='ltr' id='par_1_32' title="bbox 1948 1752 3554 1824">
     <span class='ocr_line' id='line_1_32' title="bbox 1948 1752 3554 1824; baseline -0.002 -14"><span class='ocrx_word' id='word_1_260' title='bbox 1948 1772 2055 1811; x_wconf 87' lang='lat' dir='ltr'><strong><em>esse</em></strong></span> <span class='ocrx_word' id='word_1_261' title='bbox 2079 1756 2148 1809; x_wconf 89' lang='lat' dir='ltr'><strong><em>ad</em></strong></span> <span class='ocrx_word' id='word_1_262' title='bbox 2172 1771 2343 1810; x_wconf 88' lang='lat' dir='ltr'><strong><em>omnes</em></strong></span> <span class='ocrx_word' id='word_1_263' title='bbox 2376 1752 2663 1820; x_wconf 86' lang='lat' dir='ltr'><strong><em>docibilem,</em></strong></span> <span class='ocrx_word' id='word_1_264' title='bbox 2691 1755 2985 1824; x_wconf 79' lang='lat' dir='ltr'><strong><em>patientem,</em></strong></span> <span class='ocrx_word' id='word_1_265' title='bbox 3016 1769 3131 1807; x_wconf 80' lang='lat' dir='ltr'><strong><em>cunt</em></strong></span> <span class='ocrx_word' id='word_1_266' title='bbox 3161 1752 3411 1806; x_wconf 84' lang='lat' dir='ltr'><strong><em>modestia</em></strong></span> <span class='ocrx_word' id='word_1_267' title='bbox 3433 1767 3554 1806; x_wconf 91' lang='lat' dir='ltr'><strong><em>cor-</em></strong></span> 
     </span>
    </p>
   </div>
   <div class='ocr_carea' id='block_1_33' title="bbox 229 1843 3566 1920">
    <p class='ocr_par' dir='ltr' id='par_1_33' title="bbox 229 1843 3566 1920">
     <span class='ocr_line' id='line_1_33' title="bbox 229 1843 3566 1920; baseline -0 -19"><span class='ocrx_word' id='word_1_268' title='bbox 229 1848 580 1918; x_wconf 77' lang='lat' dir='ltr'><strong><em>paenitentiam</em></strong></span> <span class='ocrx_word' id='word_1_269' title='bbox 601 1863 758 1919; x_wconf 87' lang='lat' dir='ltr'><strong><em>super</em></strong></span> <span class='ocrx_word' id='word_1_270' title='bbox 783 1863 899 1917; x_wconf 74' lang='lat' dir='ltr'><strong><em>qua:</em></strong></span> <span class='ocrx_word' id='word_1_271' title='bbox 927 1857 1192 1919; x_wconf 83' lang='lat' dir='ltr'><strong><em>gesserunt</em></strong></span> <span class='ocrx_word' id='word_1_272' title='bbox 1223 1847 1615 1918; x_wconf 80' lang='lat' dir='ltr'><strong><em>fornicationem</em></strong></span> <span class='ocrx_word' id='word_1_273' title='bbox 1658 1855 1706 1899; x_wconf 93' lang='lat' dir='ltr'><strong><em>et</em></strong></span> <span class='ocrx_word' id='word_1_274' title='bbox 1742 1845 1844 1899; x_wconf 87' lang='lat' dir='ltr'><strong><em>im-</em></strong></span> <span class='ocrx_word' id='word_1_275' title='bbox 1874 1843 1923 1903; x_wconf 90' lang='grc' dir='ltr'><strong>Β</strong></span> <span class='ocrx_word' id='word_1_276' title='bbox 1951 1850 2219 1920; x_wconf 81' lang='lat' dir='ltr'><strong><em>ripientem</em></strong></span> <span class='ocrx_word' id='word_1_277' title='bbox 2259 1865 2343 1903; x_wconf 85' lang='lat' dir='ltr'><strong><em>eos</em></strong></span> <span class='ocrx_word' id='word_1_278' title='bbox 2377 1849 2465 1918; x_wconf 85' lang='lat' dir='ltr'><strong><em>qui</em></strong></span> <span class='ocrx_word' id='word_1_279' title='bbox 2489 1848 2769 1913; x_wconf 87' lang='lat' dir='ltr'><strong><em>resistunt,</em></strong></span> <span class='ocrx_word' id='word_1_280' title='bbox 2818 1863 2881 1900; x_wconf 91' lang='lat' dir='ltr'><strong><em>ne</em></strong></span> <span class='ocrx_word' id='word_1_281' title='bbox 2909 1847 3115 1917; x_wconf 88' lang='lat' dir='ltr'><strong><em>quando</em></strong></span> <span class='ocrx_word' id='word_1_282' title='bbox 3156 1846 3239 1899; x_wconf 86' lang='lat' dir='ltr'><strong><em>det</em></strong></span> <span class='ocrx_word' id='word_1_283' title='bbox 3279 1846 3386 1900; x_wconf 89' lang='lat' dir='ltr'><strong><em>illis</em></strong></span> <span class='ocrx_word' id='word_1_284' title='bbox 3424 1844 3566 1900; x_wconf 85' lang='lat' dir='ltr'><strong><em>Deus</em></strong></span> 
     </span>
    </p>
   </div>
   <div class='ocr_carea' id='block_1_34' title="bbox 230 1938 561 2010">
    <p class='ocr_par' dir='ltr' id='par_1_34' title="bbox 230 1938 561 2010">
     <span class='ocr_line' id='line_1_34' title="bbox 230 1938 561 2010; baseline 0.003 -18"><span class='ocrx_word' id='word_1_285' title='bbox 230 1938 561 2010; x_wconf 84' lang='lat' dir='ltr'><strong><em>pudicitiam.</em></strong></span> 
     </span>
    </p>
   </div>
   <div class='ocr_carea' id='block_1_35' title="bbox 305 2030 1848 2103">
    <p class='ocr_par' dir='ltr' id='par_1_35' title="bbox 305 2030 1848 2103">
     <span class='ocr_line' id='line_1_35' title="bbox 305 2030 1848 2103; baseline -0.001 -17"><span class='ocrx_word' id='word_1_286' title='bbox 305 2031 442 2088; x_wconf 91' lang='lat' dir='ltr'><strong><em>Item</em></strong></span> <span class='ocrx_word' id='word_1_287' title='bbox 472 2032 581 2088; x_wconf 91' lang='lat' dir='ltr'><strong><em>illic</em></strong></span> <span class='ocrx_word' id='word_1_288' title='bbox 606 2031 750 2103; x_wconf 82' lang='lat' dir='ltr'><strong><em>(xm,</em></strong></span> <span class='ocrx_word' id='word_1_289' title='bbox 780 2031 839 2103; x_wconf 72' lang='grc'><strong>2)</strong></span> <span class='ocrx_word' id='word_1_290' title='bbox 864 2050 879 2087; x_wconf 87' lang='lat'><strong>:</strong></span> <span class='ocrx_word' id='word_1_291' title='bbox 904 2030 1137 2087; x_wconf 62' lang='lat' dir='ltr'><strong><em>Praedixi</em></strong></span> <span class='ocrx_word' id='word_1_292' title='bbox 1177 2040 1226 2088; x_wconf 87' lang='lat' dir='ltr'><strong><em>et</em></strong></span> <span class='ocrx_word' id='word_1_293' title='bbox 1266 2031 1491 2103; x_wconf 73' lang='lat' dir='ltr'><strong><em>pradico</em></strong></span> <span class='ocrx_word' id='word_1_294' title='bbox 1533 2039 1592 2086; x_wconf 90' lang='lat' dir='ltr'><strong><em>ut</em></strong></span> <span class='ocrx_word' id='word_1_295' title='bbox 1622 2045 1848 2101; x_wconf 81' lang='lat' dir='ltr'><strong><em>prtesens</em></strong></span> 
     </span>
    </p>
   </div>
   <div class='ocr_carea' id='block_1_36' title="bbox 232 2123 1851 2194">
    <p class='ocr_par' dir='ltr' id='par_1_36' title="bbox 232 2123 1851 2194">
     <span class='ocr_line' id='line_1_36' title="bbox 232 2123 1851 2194; baseline -0.001 -16"><span class='ocrx_word' id='word_1_296' title='bbox 232 2123 407 2188; x_wconf 90' lang='lat' dir='ltr'><strong><em>sedeo,</em></strong></span> <span class='ocrx_word' id='word_1_297' title='bbox 437 2133 485 2177; x_wconf 92' lang='lat' dir='ltr'><strong><em>et</em></strong></span> <span class='ocrx_word' id='word_1_298' title='bbox 508 2123 688 2178; x_wconf 88' lang='lat' dir='ltr'><strong><em>absens</em></strong></span> <span class='ocrx_word' id='word_1_299' title='bbox 716 2139 851 2177; x_wconf 90' lang='lat' dir='ltr'><strong><em>nunc</em></strong></span> <span class='ocrx_word' id='word_1_300' title='bbox 877 2124 956 2178; x_wconf 88' lang='lat' dir='ltr'><strong><em>his</em></strong></span> <span class='ocrx_word' id='word_1_301' title='bbox 984 2125 1072 2194; x_wconf 87' lang='lat' dir='ltr'><strong><em>qui</em></strong></span> <span class='ocrx_word' id='word_1_302' title='bbox 1097 2133 1216 2178; x_wconf 89' lang='lat' dir='ltr'><strong><em>ante</em></strong></span> <span class='ocrx_word' id='word_1_303' title='bbox 1244 2132 1596 2192; x_wconf 85' lang='lat' dir='ltr'><strong><em>peccaverunt,</em></strong></span> <span class='ocrx_word' id='word_1_304' title='bbox 1626 2131 1674 2177; x_wconf 84' lang='lat' dir='ltr'><strong><em>et</em></strong></span> <span class='ocrx_word' id='word_1_305' title='bbox 1699 2130 1851 2179; x_wconf 68' lang='lat' dir='ltr'><strong><em>cate-</em></strong></span> 
     </span>
    </p>
   </div>
   <div class='ocr_carea' id='block_1_37' title="bbox 234 2217 1647 2289">
    <p class='ocr_par' dir='ltr' id='par_1_37' title="bbox 234 2217 1647 2289">
     <span class='ocr_line' id='line_1_37' title="bbox 234 2217 1647 2289; baseline 0 -18"><span class='ocrx_word' id='word_1_306' title='bbox 234 2218 310 2272; x_wconf 88' lang='lat' dir='ltr'><strong><em>ris</em></strong></span> <span class='ocrx_word' id='word_1_307' title='bbox 335 2217 584 2285; x_wconf 87' lang='lat' dir='ltr'><strong><em>omnibus,</em></strong></span> <span class='ocrx_word' id='word_1_308' title='bbox 618 2219 738 2289; x_wconf 89' lang='lat' dir='ltr'><strong><em>quia</em></strong></span> <span class='ocrx_word' id='word_1_309' title='bbox 765 2218 810 2273; x_wconf 91' lang='lat' dir='ltr'><strong><em>si</em></strong></span> <span class='ocrx_word' id='word_1_310' title='bbox 834 2233 1038 2285; x_wconf 90' lang='lat' dir='ltr'><strong><em>venero,</em></strong></span> <span class='ocrx_word' id='word_1_311' title='bbox 1068 2218 1254 2272; x_wconf 87' lang='lat' dir='ltr'><strong><em>iterum</em></strong></span> <span class='ocrx_word' id='word_1_312' title='bbox 1280 2233 1383 2272; x_wconf 88' lang='lat' dir='ltr'><strong><em>non</em></strong></span> <span class='ocrx_word' id='word_1_313' title='bbox 1413 2234 1647 2289; x_wconf 88' lang='lat' dir='ltr'><strong><em>parcam.</em></strong></span> 
     </span>
    </p>
   </div>
   <div class='ocr_carea' id='block_1_38' title="bbox 311 2312 1843 2387">
    <p class='ocr_par' dir='ltr' id='par_1_38' title="bbox 311 2312 1843 2387">
     <span class='ocr_line' id='line_1_38' title="bbox 311 2312 1843 2387; baseline -0.001 -18"><span class='ocrx_word' id='word_1_314' title='bbox 311 2313 444 2370; x_wconf 89' lang='lat' dir='ltr'><strong><em>Item</em></strong></span> <span class='ocrx_word' id='word_1_315' title='bbox 490 2315 558 2369; x_wconf 89' lang='lat' dir='ltr'><strong><em>ad</em></strong></span> <span class='ocrx_word' id='word_1_316' title='bbox 601 2314 944 2370; x_wconf 84' lang='lat' dir='ltr'><strong><em>Timotheum</em></strong></span> <span class='ocrx_word' id='word_1_317' title='bbox 982 2314 1219 2370; x_wconf 89' lang='lat' dir='ltr'><strong><em>secunda</em></strong></span> <span class='ocrx_word' id='word_1_318' title='bbox 1260 2315 1369 2384; x_wconf 85' lang='lat' dir='ltr'><strong><em>(ll,</em></strong></span> <span class='ocrx_word' id='word_1_319' title='bbox 1399 2315 1465 2370; x_wconf 74' lang='grc'><strong><em>21</em></strong></span> <span class='ocrx_word' id='word_1_320' title='bbox 1489 2314 1548 2387; x_wconf 87' lang='lat'><strong><em>):</em></strong></span> <span class='ocrx_word' id='word_1_321' title='bbox 1583 2312 1843 2385; x_wconf 75' lang='lat' dir='ltr'><strong><em>Profanas</em></strong></span> 
     </span>
    </p>
   </div>
   <div class='ocr_carea' id='block_1_39' title="bbox 239 2406 1844 2476">
    <p class='ocr_par' dir='ltr' id='par_1_39' title="bbox 239 2406 1844 2476">
     <span class='ocr_line' id='line_1_39' title="bbox 239 2406 1844 2476; baseline 0.001 -17"><span class='ocrx_word' id='word_1_322' title='bbox 239 2414 409 2459; x_wconf 88' lang='lat' dir='ltr'><strong><em>autem</em></strong></span> <span class='ocrx_word' id='word_1_323' title='bbox 436 2407 681 2461; x_wconf 86' lang='lat' dir='ltr'><strong><em>novitates</em></strong></span> <span class='ocrx_word' id='word_1_324' title='bbox 706 2422 884 2460; x_wconf 89' lang='lat' dir='ltr'><strong><em>vocum</em></strong></span> <span class='ocrx_word' id='word_1_325' title='bbox 908 2406 1076 2460; x_wconf 90' lang='lat' dir='ltr'><strong><em>devita</em></strong></span> <span class='ocrx_word' id='word_1_326' title='bbox 1099 2420 1117 2459; x_wconf 91' lang='lat'><strong><em>:</em></strong></span> <span class='ocrx_word' id='word_1_327' title='bbox 1138 2406 1360 2460; x_wconf 90' lang='lat' dir='ltr'><strong><em>multum</em></strong></span> <span class='ocrx_word' id='word_1_328' title='bbox 1399 2407 1535 2461; x_wconf 91' lang='lat' dir='ltr'><strong><em>enim</em></strong></span> <span class='ocrx_word' id='word_1_329' title='bbox 1565 2406 1844 2476; x_wconf 82' lang='lat' dir='ltr'><strong><em>proﬁciunt</em></strong></span> 
     </span>
    </p>
   </div>
   <div class='ocr_carea' id='block_1_40' title="bbox 241 2498 1840 2571">
    <p class='ocr_par' dir='ltr' id='par_1_40' title="bbox 241 2498 1840 2571">
     <span class='ocr_line' id='line_1_40' title="bbox 241 2498 1840 2571; baseline 0.001 -19"><span class='ocrx_word' id='word_1_330' title='bbox 241 2500 312 2552; x_wconf 88' lang='lat' dir='ltr'><strong><em>ad</em></strong></span> <span class='ocrx_word' id='word_1_331' title='bbox 338 2498 645 2571; x_wconf 89' lang='lat' dir='ltr'><strong><em>impietatem</em></strong></span> <span class='ocrx_word' id='word_1_332' title='bbox 669 2514 688 2554; x_wconf 93' lang='lat'><strong><em>:</em></strong></span> <span class='ocrx_word' id='word_1_333' title='bbox 709 2516 829 2555; x_wconf 90' lang='lat' dir='ltr'><strong><em>nam</em></strong></span> <span class='ocrx_word' id='word_1_334' title='bbox 854 2516 1021 2555; x_wconf 88' lang='lat' dir='ltr'><strong><em>sermo</em></strong></span> <span class='ocrx_word' id='word_1_335' title='bbox 1059 2515 1232 2554; x_wconf 87' lang='lat' dir='ltr'><strong><em>eorum</em></strong></span> <span class='ocrx_word' id='word_1_336' title='bbox 1261 2500 1392 2554; x_wconf 88' lang='lat' dir='ltr'><strong><em>sicut</em></strong></span> <span class='ocrx_word' id='word_1_337' title='bbox 1435 2515 1617 2553; x_wconf 88' lang='lat' dir='ltr'><strong><em>cancer</em></strong></span> <span class='ocrx_word' id='word_1_338' title='bbox 1645 2500 1840 2569; x_wconf 88' lang='lat' dir='ltr'><strong><em>serpit,</em></strong></span> 
     </span>
    </p>
   </div>
   <div class='ocr_carea' id='block_1_41' title="bbox 243 2591 1847 2664">
    <p class='ocr_par' dir='ltr' id='par_1_41' title="bbox 243 2591 1847 2664">
     <span class='ocr_line' id='line_1_41' title="bbox 243 2591 1847 2664; baseline 0.001 -17"><span class='ocrx_word' id='word_1_339' title='bbox 243 2606 307 2647; x_wconf 74' lang='lat' dir='ltr'><strong><em>ea:</em></strong></span> <span class='ocrx_word' id='word_1_340' title='bbox 332 2592 514 2664; x_wconf 89' lang='lat' dir='ltr'><strong><em>quibus</em></strong></span> <span class='ocrx_word' id='word_1_341' title='bbox 543 2602 637 2661; x_wconf 87' lang='lat' dir='ltr'><strong><em>est,</em></strong></span> <span class='ocrx_word' id='word_1_342' title='bbox 657 2591 974 2664; x_wconf 67' lang='lat' dir='ltr'><strong><em>Hymenaeus</em></strong></span> <span class='ocrx_word' id='word_1_343' title='bbox 996 2602 1042 2647; x_wconf 90' lang='lat' dir='ltr'><strong><em>et</em></strong></span> <span class='ocrx_word' id='word_1_344' title='bbox 1062 2592 1317 2661; x_wconf 84' lang='lat' dir='ltr'><strong><em>Philetas,</em></strong></span> <span class='ocrx_word' id='word_1_345' title='bbox 1351 2594 1439 2664; x_wconf 89' lang='lat' dir='ltr'><strong><em>qui</em></strong></span> <span class='ocrx_word' id='word_1_346' title='bbox 1465 2609 1495 2647; x_wconf 92' lang='lat' dir='ltr'><strong><em>a</em></strong></span> <span class='ocrx_word' id='word_1_347' title='bbox 1522 2594 1733 2648; x_wconf 89' lang='lat' dir='ltr'><strong><em>veritate</em></strong></span> <span class='ocrx_word' id='word_1_348' title='bbox 1759 2608 1847 2648; x_wconf 76' lang='lat' dir='ltr'><strong><em>ea:-</em></strong></span> 
     </span>
    </p>
   </div>
   <div class='ocr_carea' id='block_1_42' title="bbox 326 2730 1130 2805">
    <p class='ocr_par' dir='ltr' id='par_1_42' title="bbox 326 2730 1130 2805">
     <span class='ocr_line' id='line_1_42' title="bbox 326 2730 1130 2805; baseline 0.006 -17"><span class='ocrx_word' id='word_1_349' title='bbox 326 2730 410 2805; x_wconf 82' lang='lat' dir='ltr'><strong><em>(I)</em></strong></span> <span class='ocrx_word' id='word_1_350' title='bbox 434 2731 719 2803; x_wconf 83' lang='lat' dir='ltr'><strong><em>Benedicti,</em></strong></span> <span class='ocrx_word' id='word_1_351' title='bbox 743 2735 844 2791; x_wconf 83' lang='lat' dir='ltr'><strong><em>nisi</em></strong></span> <span class='ocrx_word' id='word_1_352' title='bbox 872 2734 1130 2793; x_wconf 81' lang='lat' dir='ltr'><strong><em>fallimur.</em></strong></span> 
     </span>
    </p>
   </div>
   <div class='ocr_carea' id='block_1_43' title="bbox 260 3034 953 3061">
    <p class='ocr_par' dir='ltr' id='par_1_43' title="bbox 260 3034 953 3061">
     <span class='ocr_line' id='line_1_43' title="bbox 260 3034 953 3061; baseline -0.003 -4"><span class='ocrx_word' id='word_1_353' title='bbox 260 3034 953 3061; x_wconf 68' lang='lat'><strong><em>-————-———-\</em></strong></span> 
     </span>
    </p>
   </div>
   <div class='ocr_carea' id='block_1_44' title="bbox 1952 1939 3567 2012">
    <p class='ocr_par' dir='ltr' id='par_1_44' title="bbox 1952 1939 3567 2012">
     <span class='ocr_line' id='line_1_44' title="bbox 1952 1939 3567 2012; baseline -0.002 -16"><span class='ocrx_word' id='word_1_354' title='bbox 1952 1942 2297 2012; x_wconf 74' lang='lat' dir='ltr'><strong><em>paenitentiam</em></strong></span> <span class='ocrx_word' id='word_1_355' title='bbox 2324 1942 2391 1993; x_wconf 88' lang='lat' dir='ltr'><strong><em>ad</em></strong></span> <span class='ocrx_word' id='word_1_356' title='bbox 2417 1939 2823 2011; x_wconf 86' lang='lat' dir='ltr'><strong><em>cognoscendam</em></strong></span> <span class='ocrx_word' id='word_1_357' title='bbox 2852 1940 3114 1993; x_wconf 84' lang='lat' dir='ltr'><strong><em>veritatem</em></strong></span> <span class='ocrx_word' id='word_1_358' title='bbox 3134 1980 3151 2005; x_wconf 89' lang='lat'><strong><em>,</em></strong></span> <span class='ocrx_word' id='word_1_359' title='bbox 3183 1948 3231 1993; x_wconf 90' lang='lat' dir='ltr'><strong><em>et</em></strong></span> <span class='ocrx_word' id='word_1_360' title='bbox 3255 1939 3567 2011; x_wconf 80' lang='lat' dir='ltr'><strong><em>resipiscam</em></strong></span> 
     </span>
    </p>
   </div>
   <div class='ocr_carea' id='block_1_45' title="bbox 1949 2030 3568 2105">
    <p class='ocr_par' dir='ltr' id='par_1_45' title="bbox 1949 2030 3568 2105">
     <span class='ocr_line' id='line_1_45' title="bbox 1949 2030 3568 2105; baseline -0.002 -16"><span class='ocrx_word' id='word_1_361' title='bbox 1949 2038 2012 2090; x_wconf 87' lang='lat' dir='ltr'><strong><em>de</em></strong></span> <span class='ocrx_word' id='word_1_362' title='bbox 2041 2034 2234 2089; x_wconf 87' lang='lat' dir='ltr'><strong><em>diaboli</em></strong></span> <span class='ocrx_word' id='word_1_363' title='bbox 2246 2033 2463 2105; x_wconf 85' lang='lat' dir='ltr'><strong><em>laqueis,</em></strong></span> <span class='ocrx_word' id='word_1_364' title='bbox 2482 2049 2515 2086; x_wconf 93' lang='lat' dir='ltr'><strong><em>a</em></strong></span> <span class='ocrx_word' id='word_1_365' title='bbox 2535 2048 2635 2104; x_wconf 88' lang='lat' dir='ltr'><strong><em>quo</em></strong></span> <span class='ocrx_word' id='word_1_366' title='bbox 2656 2032 2793 2104; x_wconf 89' lang='lat' dir='ltr'><strong><em>capti</em></strong></span> <span class='ocrx_word' id='word_1_367' title='bbox 2819 2040 3075 2100; x_wconf 84' lang='lat' dir='ltr'><strong><em>tenentur,</em></strong></span> <span class='ocrx_word' id='word_1_368' title='bbox 3102 2030 3172 2085; x_wconf 89' lang='lat' dir='ltr'><strong><em>ad</em></strong></span> <span class='ocrx_word' id='word_1_369' title='bbox 3196 2032 3360 2102; x_wconf 86' lang='lat' dir='ltr'><strong><em>ipsius</em></strong></span> <span class='ocrx_word' id='word_1_370' title='bbox 3384 2031 3539 2087; x_wconf 84' lang='lat' dir='ltr'><strong><em>volun</em></strong></span> <span class='ocrx_word' id='word_1_371' title='bbox 3555 2060 3568 2074; x_wconf 87' lang='lat'><strong>-</strong></span> 
     </span>
    </p>
   </div>
   <div class='ocr_carea' id='block_1_46' title="bbox 1954 2141 2127 2187">
    <p class='ocr_par' dir='ltr' id='par_1_46' title="bbox 1954 2141 2127 2187">
     <span class='ocr_line' id='line_1_46' title="bbox 1954 2141 2127 2187; baseline -0.012 0"><span class='ocrx_word' id='word_1_372' title='bbox 1954 2141 2127 2187; x_wconf 88' lang='lat' dir='ltr'><strong><em>tatem.</em></strong></span> 
     </span>
    </p>
   </div>
   <div class='ocr_carea' id='block_1_47' title="bbox 2026 2220 3564 2298">
    <p class='ocr_par' dir='ltr' id='par_1_47' title="bbox 2026 2220 3564 2298">
     <span class='ocr_line' id='line_1_47' title="bbox 2026 2220 3564 2298; baseline -0.005 -15"><span class='ocrx_word' id='word_1_373' title='bbox 2026 2230 2155 2285; x_wconf 86' lang='lat' dir='ltr'><strong><em>Item</em></strong></span> <span class='ocrx_word' id='word_1_374' title='bbox 2188 2227 2241 2282; x_wconf 89' lang='lat' dir='ltr'><strong><em>in</em></strong></span> <span class='ocrx_word' id='word_1_375' title='bbox 2270 2225 2593 2298; x_wconf 85' lang='lat' dir='ltr'><strong><em>Apocalypsi</em></strong></span> <span class='ocrx_word' id='word_1_376' title='bbox 2622 2227 2709 2298; x_wconf 88' lang='lat' dir='ltr'><strong><em>(II,</em></strong></span> <span class='ocrx_word' id='word_1_377' title='bbox 2734 2223 2791 2295; x_wconf 84' lang='lat'><strong><em>5)</em></strong></span> <span class='ocrx_word' id='word_1_378' title='bbox 2816 2240 2831 2279; x_wconf 92' lang='lat'><strong>:</strong></span> <span class='ocrx_word' id='word_1_379' title='bbox 2858 2223 3116 2279; x_wconf 74' lang='lat' dir='ltr'><strong><em>Memento</em></strong></span> <span class='ocrx_word' id='word_1_380' title='bbox 3135 2222 3271 2278; x_wconf 82' lang='lat' dir='ltr'><strong><em>unde</em></strong></span> <span class='ocrx_word' id='word_1_381' title='bbox 3296 2220 3564 2289; x_wconf 85' lang='lat' dir='ltr'><strong><em>cecideris,</em></strong></span> 
     </span>
    </p>
   </div>
   <div class='ocr_carea' id='block_1_48' title="bbox 1948 2315 3565 2397">
    <p class='ocr_par' dir='ltr' id='par_1_48' title="bbox 1948 2315 3565 2397">
     <span class='ocr_line' id='line_1_48' title="bbox 1948 2315 3565 2397; baseline -0.008 -17"><span class='ocrx_word' id='word_1_382' title='bbox 1948 2334 1995 2384; x_wconf 91' lang='lat' dir='ltr'><strong><em>et</em></strong></span> <span class='ocrx_word' id='word_1_383' title='bbox 2024 2340 2119 2397; x_wconf 90' lang='lat' dir='ltr'><strong><em>age</em></strong></span> <span class='ocrx_word' id='word_1_384' title='bbox 2149 2322 2495 2393; x_wconf 72' lang='lat' dir='ltr'><strong><em>paenitentiam</em></strong></span> <span class='ocrx_word' id='word_1_385' title='bbox 2519 2335 2537 2373; x_wconf 90' lang='lat'><strong><em>:</em></strong></span> <span class='ocrx_word' id='word_1_386' title='bbox 2563 2320 2644 2373; x_wconf 91' lang='lat' dir='ltr'><strong><em>sin</em></strong></span> <span class='ocrx_word' id='word_1_387' title='bbox 2663 2326 2853 2386; x_wconf 88' lang='lat' dir='ltr'><strong><em>autem,</em></strong></span> <span class='ocrx_word' id='word_1_388' title='bbox 2882 2317 3078 2372; x_wconf 89' lang='lat' dir='ltr'><strong><em>veniam</em></strong></span> <span class='ocrx_word' id='word_1_389' title='bbox 3105 2315 3195 2371; x_wconf 90' lang='lat' dir='ltr'><strong><em>tibi</em></strong></span> <span class='ocrx_word' id='word_1_390' title='bbox 3214 2316 3335 2385; x_wconf 86' lang='lat' dir='ltr'><strong><em>cito,</em></strong></span> <span class='ocrx_word' id='word_1_391' title='bbox 3363 2324 3411 2369; x_wconf 93' lang='lat' dir='ltr'><strong><em>et</em></strong></span> <span class='ocrx_word' id='word_1_392' title='bbox 3439 2330 3565 2369; x_wconf 86' lang='lat' dir='ltr'><strong><em>can-</em></strong></span> 
     </span>
    </p>
   </div>
   <div class='ocr_carea' id='block_1_49' title="bbox 1951 2411 2819 2475">
    <p class='ocr_par' dir='ltr' id='par_1_49' title="bbox 1951 2411 2819 2475">
     <span class='ocr_line' id='line_1_49' title="bbox 1951 2411 2819 2475; baseline -0.01 0"><span class='ocrx_word' id='word_1_393' title='bbox 1951 2420 2221 2475; x_wconf 80' lang='lat' dir='ltr'><strong><em>delubrum</em></strong></span> <span class='ocrx_word' id='word_1_394' title='bbox 2249 2416 2313 2470; x_wconf 87' lang='lat' dir='ltr'><strong><em>de</em></strong></span> <span class='ocrx_word' id='word_1_395' title='bbox 2335 2416 2446 2470; x_wconf 88' lang='lat' dir='ltr'><strong><em>loco</em></strong></span> <span class='ocrx_word' id='word_1_396' title='bbox 2476 2429 2568 2468; x_wconf 90' lang='lat' dir='ltr'><strong><em>suo</em></strong></span> <span class='ocrx_word' id='word_1_397' title='bbox 2591 2411 2819 2468; x_wconf 86' lang='lat' dir='ltr'><strong><em>movebo.</em></strong></span> 
     </span>
    </p>
   </div>
   <div class='ocr_carea' id='block_1_50' title="bbox 2024 2554 3571 2672">
    <p class='ocr_par' dir='ltr' id='par_1_50' title="bbox 2024 2554 3571 2672">
     <span class='ocr_line' id='line_1_50' title="bbox 2024 2554 3571 2672; baseline -0.008 -20"><span class='ocrx_word' id='word_1_398' title='bbox 2024 2597 2102 2671; x_wconf 88' lang='lat' dir='ltr'><strong><em>(l)</em></strong></span> <span class='ocrx_word' id='word_1_399' title='bbox 2134 2596 2381 2672; x_wconf 77' lang='lat' dir='ltr'><strong><em>Vulgata,</em></strong></span> <span class='ocrx_word' id='word_1_400' title='bbox 2410 2554 2569 2672; x_wconf 72' lang='lat' dir='ltr'><strong><em>quam</em></strong></span> <span class='ocrx_word' id='word_1_401' title='bbox 2596 2588 2901 2672; x_wconf 37' lang='lat' dir='ltr'><strong><em>caste-requi</em></strong></span> <span class='ocrx_word' id='word_1_402' title='bbox 2921 2587 3167 2660; x_wconf 82' lang='lat' dir='ltr'><strong><em>sequitur</em></strong></span> <span class='ocrx_word' id='word_1_403' title='bbox 3206 2584 3312 2642; x_wconf 87' lang='lat' dir='ltr'><strong><em>hoc</em></strong></span> <span class='ocrx_word' id='word_1_404' title='bbox 3348 2584 3406 2641; x_wconf 88' lang='lat' dir='ltr'><strong><em>in</em></strong></span> <span class='ocrx_word' id='word_1_405' title='bbox 3447 2583 3571 2640; x_wconf 88' lang='lat' dir='ltr'><strong><em>loco</em></strong></span> 
     </span>
    </p>
   </div>
   <div class='ocr_carea' id='block_1_51' title="bbox 1953 2664 2926 2734">
    <p class='ocr_par' dir='ltr' id='par_1_51' title="bbox 1953 2664 2926 2734">
     <span class='ocr_line' id='line_1_51' title="bbox 1953 2664 2926 2734; baseline -0.011 -8"><span class='ocrx_word' id='word_1_406' title='bbox 1953 2664 2340 2734; x_wconf 83' lang='lat' dir='ltr'><strong><em>Amauuensis,</em></strong></span> <span class='ocrx_word' id='word_1_407' title='bbox 2367 2667 2525 2722; x_wconf 87' lang='lat' dir='ltr'><strong><em>habet</em></strong></span> <span class='ocrx_word' id='word_1_408' title='bbox 2547 2664 2926 2722; x_wconf 88' lang='lat' dir='ltr'><strong><em>emundaverit.</em></strong></span> 
     </span>
    </p>
   </div>
   <div class='ocr_carea' id='block_1_52' title="bbox 968 3013 3457 3052">
    <p class='ocr_par' dir='ltr' id='par_1_52' title="bbox 968 3013 3457 3052">
     <span class='ocr_line' id='line_1_52' title="bbox 968 3013 3457 3052; baseline -0.001 -16"><span class='ocrx_word' id='word_1_409' title='bbox 968 3013 3457 3052; x_wconf 60' lang='lat' dir='ltr'>W</span> 
     </span>
    </p>
   </div>
   <div class='ocr_carea' id='block_1_53' title="bbox 524 3291 3301 3413">
    <p class='ocr_par' dir='ltr' id='par_1_53' title="bbox 524 3291 3301 3413">
     <span class='ocr_line' id='line_1_53' title="bbox 524 3291 3301 3413; baseline -0.005 -15"><span class='ocrx_word' id='word_1_410' title='bbox 524 3311 694 3397; x_wconf 90' lang='lat' dir='ltr'><strong><em>DE</em></strong></span> <span class='ocrx_word' id='word_1_411' title='bbox 770 3310 1319 3413; x_wconf 85' lang='lat' dir='ltr'><strong><em>TITULO,</em></strong></span> <span class='ocrx_word' id='word_1_412' title='bbox 1396 3307 1561 3395; x_wconf 88' lang='lat' dir='ltr'><strong><em>AC</em></strong></span> <span class='ocrx_word' id='word_1_413' title='bbox 1637 3305 2043 3408; x_wconf 83' lang='lat' dir='ltr'><strong><em>META,</em></strong></span> <span class='ocrx_word' id='word_1_414' title='bbox 2121 3300 2368 3387; x_wconf 90' lang='lat' dir='ltr'><strong><em>SEU</em></strong></span> <span class='ocrx_word' id='word_1_415' title='bbox 2465 3291 3301 3383; x_wconf 81' lang='lat' dir='ltr'><strong><em>ARGUMENTO</em></strong></span> 
     </span>
    </p>
   </div>
   <div class='ocr_carea' id='block_1_54' title="bbox 1451 3639 2366 3714">
    <p class='ocr_par' dir='ltr' id='par_1_54' title="bbox 1451 3639 2366 3714">
     <span class='ocr_line' id='line_1_54' title="bbox 1451 3639 2366 3714; baseline -0.016 1"><span class='ocrx_word' id='word_1_416' title='bbox 1451 3644 1919 3714; x_wconf 82' lang='lat' dir='ltr'><strong><em>SUPERIORIS</em></strong></span> <span class='ocrx_word' id='word_1_417' title='bbox 1960 3639 2366 3709; x_wconf 86' lang='lat' dir='ltr'><strong><em>OPUSCULI.</em></strong></span> 
     </span>
    </p>
   </div>
   <div class='ocr_carea' id='block_1_55' title="bbox 819 4256 1403 4323">
    <p class='ocr_par' dir='ltr' id='par_1_55' title="bbox 819 4256 1403 4323">
     <span class='ocr_line' id='line_1_55' title="bbox 819 4256 1403 4323; baseline -0.012 0"><span class='ocrx_word' id='word_1_418' title='bbox 819 4264 1045 4323; x_wconf 83' lang='lat' dir='ltr'><strong><em>CAPUT</em></strong></span> <span class='ocrx_word' id='word_1_419' title='bbox 1084 4260 1373 4320; x_wconf 74' lang='lat' dir='ltr'><strong><em>PRIMUM.</em></strong></span> <span class='ocrx_word' id='word_1_420' title='bbox 1391 4256 1403 4284; x_wconf 72' lang='grc'><em>³</em></span> 
     </span>
    </p>
   </div>
   <div class='ocr_carea' id='block_1_56' title="bbox 333 4415 1863 4505">
    <p class='ocr_par' dir='ltr' id='par_1_56' title="bbox 333 4415 1863 4505">
     <span class='ocr_line' id='line_1_56' title="bbox 333 4415 1863 4505; baseline -0.008 -24"><span class='ocrx_word' id='word_1_421' title='bbox 333 4425 373 4481; x_wconf 87' lang='grc' dir='ltr'><strong><em>Ι.</em></strong></span> <span class='ocrx_word' id='word_1_422' title='bbox 415 4423 678 4493; x_wconf 84' lang='lat' dir='ltr'><strong><em>Quoniam</em></strong></span> <span class='ocrx_word' id='word_1_423' title='bbox 706 4423 930 4479; x_wconf 82' lang='lat' dir='ltr'><strong><em>invaluit</em></strong></span> <span class='ocrx_word' id='word_1_424' title='bbox 959 4438 1097 4490; x_wconf 90' lang='lat' dir='ltr'><strong><em>mos,</em></strong></span> <span class='ocrx_word' id='word_1_425' title='bbox 1133 4430 1192 4476; x_wconf 90' lang='lat' dir='ltr'><strong><em>ut</em></strong></span> <span class='ocrx_word' id='word_1_426' title='bbox 1220 4420 1311 4491; x_wconf 86' lang='lat' dir='ltr'><strong><em>qui</em></strong></span> <span class='ocrx_word' id='word_1_427' title='bbox 1356 4432 1500 4473; x_wconf 89' lang='lat' dir='ltr'><strong><em>nunc</em></strong></span> <span class='ocrx_word' id='word_1_428' title='bbox 1543 4415 1863 4505; x_wconf 56' lang='lat' dir='ltr'><strong><em>evulgantur</em></strong></span> 
     </span>
    </p>
   </div>
   <div class='ocr_carea' id='block_1_57' title="bbox 261 4513 1860 4588">
    <p class='ocr_par' dir='ltr' id='par_1_57' title="bbox 261 4513 1860 4588">
     <span class='ocr_line' id='line_1_57' title="bbox 261 4513 1860 4588; baseline -0.008 -11"><span class='ocrx_word' id='word_1_429' title='bbox 261 4531 500 4579; x_wconf 86' lang='lat' dir='ltr'><strong><em>veterum</em></strong></span> <span class='ocrx_word' id='word_1_430' title='bbox 530 4520 650 4576; x_wconf 85' lang='lat' dir='ltr'><strong><em>libri</em></strong></span> <span class='ocrx_word' id='word_1_431' title='bbox 682 4520 748 4576; x_wconf 86' lang='lat' dir='ltr'><strong><em>ab</em></strong></span> <span class='ocrx_word' id='word_1_432' title='bbox 791 4535 858 4576; x_wconf 87' lang='lat' dir='ltr'><strong><em>eo</em></strong></span> <span class='ocrx_word' id='word_1_433' title='bbox 905 4520 1261 4582; x_wconf 81' lang='lat' dir='ltr'><strong><em>illustrentur,</em></strong></span> <span class='ocrx_word' id='word_1_434' title='bbox 1293 4514 1385 4588; x_wconf 89' lang='lat' dir='ltr'><strong><em>qui</em></strong></span> <span class='ocrx_word' id='word_1_435' title='bbox 1432 4514 1553 4569; x_wconf 90' lang='lat' dir='ltr'><strong><em>illos</em></strong></span> <span class='ocrx_word' id='word_1_436' title='bbox 1584 4513 1637 4567; x_wconf 91' lang='lat' dir='ltr'><strong><em>in</em></strong></span> <span class='ocrx_word' id='word_1_437' title='bbox 1686 4513 1860 4567; x_wconf 87' lang='lat' dir='ltr'><strong><em>lucem</em></strong></span> 
     </span>
    </p>
   </div>
   <div class='ocr_carea' id='block_1_58' title="bbox 262 4603 1864 4686">
    <p class='ocr_par' dir='ltr' id='par_1_58' title="bbox 262 4603 1864 4686">
     <span class='ocr_line' id='line_1_58' title="bbox 262 4603 1864 4686; baseline -0.01 -12"><span class='ocrx_word' id='word_1_438' title='bbox 262 4618 391 4686; x_wconf 88' lang='lat' dir='ltr'><strong><em>edit,</em></strong></span> <span class='ocrx_word' id='word_1_439' title='bbox 420 4614 798 4673; x_wconf 77' lang='lat' dir='ltr'><strong><em>consuetudini</em></strong></span> <span class='ocrx_word' id='word_1_440' title='bbox 824 4614 1116 4682; x_wconf 88' lang='lat' dir='ltr'><strong><em>obsequor,</em></strong></span> <span class='ocrx_word' id='word_1_441' title='bbox 1145 4627 1208 4667; x_wconf 88' lang='lat' dir='ltr'><strong><em>ac</em></strong></span> <span class='ocrx_word' id='word_1_442' title='bbox 1237 4611 1416 4683; x_wconf 88' lang='lat' dir='ltr'><strong><em>primo</em></strong></span> <span class='ocrx_word' id='word_1_443' title='bbox 1442 4606 1660 4680; x_wconf 81' lang='lat' dir='ltr'><strong><em>quidem</em></strong></span> <span class='ocrx_word' id='word_1_444' title='bbox 1694 4604 1764 4660; x_wconf 90' lang='lat' dir='ltr'><strong><em>de</em></strong></span> <span class='ocrx_word' id='word_1_445' title='bbox 1794 4603 1864 4659; x_wconf 87' lang='lat' dir='ltr'><strong><em>ti-</em></strong></span> 
     </span>
    </p>
   </div>
   <div class='ocr_carea' id='block_1_59' title="bbox 264 4695 1863 4780">
    <p class='ocr_par' dir='ltr' id='par_1_59' title="bbox 264 4695 1863 4780">
     <span class='ocr_line' id='line_1_59' title="bbox 264 4695 1863 4780; baseline -0.009 -16"><span class='ocrx_word' id='word_1_446' title='bbox 264 4711 372 4766; x_wconf 91' lang='lat' dir='ltr'><strong><em>tulo</em></strong></span> <span class='ocrx_word' id='word_1_447' title='bbox 395 4709 687 4780; x_wconf 84' lang='lat' dir='ltr'><strong><em>superioris</em></strong></span> <span class='ocrx_word' id='word_1_448' title='bbox 728 4707 1003 4776; x_wconf 89' lang='lat' dir='ltr'><strong><em>opusculi,</em></strong></span> <span class='ocrx_word' id='word_1_449' title='bbox 1036 4705 1212 4776; x_wconf 86' lang='lat' dir='ltr'><strong><em>deque</em></strong></span> <span class='ocrx_word' id='word_1_450' title='bbox 1259 4708 1614 4773; x_wconf 83' lang='lat' dir='ltr'><strong><em>argumento,</em></strong></span> <span class='ocrx_word' id='word_1_451' title='bbox 1640 4695 1785 4769; x_wconf 87' lang='lat' dir='ltr'><strong><em>quod</em></strong></span> <span class='ocrx_word' id='word_1_452' title='bbox 1811 4695 1863 4750; x_wconf 90' lang='lat' dir='ltr'><strong><em>in</em></strong></span> 
     </span>
    </p>
   </div>
   <div class='ocr_carea' id='block_1_60' title="bbox 262 4792 1868 4875">
    <p class='ocr_par' dir='ltr' id='par_1_60' title="bbox 262 4792 1868 4875">
     <span class='ocr_line' id='line_1_60' title="bbox 262 4792 1868 4875; baseline -0.011 -15"><span class='ocrx_word' id='word_1_453' title='bbox 262 4818 327 4860; x_wconf 89' lang='lat' dir='ltr'><strong><em>eo</em></strong></span> <span class='ocrx_word' id='word_1_454' title='bbox 353 4805 691 4875; x_wconf 87' lang='lat' dir='ltr'><strong><em>persequitur</em></strong></span> <span class='ocrx_word' id='word_1_455' title='bbox 718 4802 859 4857; x_wconf 90' lang='lat' dir='ltr'><strong><em>illius</em></strong></span> <span class='ocrx_word' id='word_1_456' title='bbox 890 4811 1096 4866; x_wconf 83' lang='lat' dir='ltr'><strong><em>auctor,</em></strong></span> <span class='ocrx_word' id='word_1_457' title='bbox 1135 4798 1331 4863; x_wconf 88' lang='lat' dir='ltr'><strong><em>dicam,</em></strong></span> <span class='ocrx_word' id='word_1_458' title='bbox 1374 4804 1487 4852; x_wconf 90' lang='lat' dir='ltr'><strong><em>tum</em></strong></span> <span class='ocrx_word' id='word_1_459' title='bbox 1527 4792 1701 4849; x_wconf 85' lang='lat' dir='ltr'><strong><em>eidem</em></strong></span> <span class='ocrx_word' id='word_1_460' title='bbox 1734 4805 1868 4860; x_wconf 88' lang='lat' dir='ltr'><strong><em>opu-</em></strong></span> 
     </span>
    </p>
   </div>
   <div class='ocr_carea' id='block_1_61' title="bbox 261 4890 1869 4969">
    <p class='ocr_par' dir='ltr' id='par_1_61' title="bbox 261 4890 1869 4969">
     <span class='ocr_line' id='line_1_61' title="bbox 261 4890 1869 4969; baseline -0.009 -12"><span class='ocrx_word' id='word_1_461' title='bbox 261 4901 408 4957; x_wconf 90' lang='lat' dir='ltr'><strong><em>sculo</em></strong></span> <span class='ocrx_word' id='word_1_462' title='bbox 436 4900 812 4956; x_wconf 84' lang='lat' dir='ltr'><strong><em>annotationes</em></strong></span> <span class='ocrx_word' id='word_1_463' title='bbox 842 4896 1101 4969; x_wconf 82' lang='lat' dir='ltr'><strong><em>quasdam</em></strong></span> <span class='ocrx_word' id='word_1_464' title='bbox 1116 4895 1426 4966; x_wconf 81' lang='lat' dir='ltr'><strong><em>adjungam,</em></strong></span> <span class='ocrx_word' id='word_1_465' title='bbox 1459 4890 1653 4962; x_wconf 87' lang='lat' dir='ltr'><strong><em>quibus</em></strong></span> <span class='ocrx_word' id='word_1_466' title='bbox 1679 4903 1739 4946; x_wconf 84' lang='lat' dir='ltr'><strong><em>ea</em></strong></span> <span class='ocrx_word' id='word_1_467' title='bbox 1771 4902 1869 4943; x_wconf 79' lang='lat' dir='ltr'><strong><em>ex-</em></strong></span> 
     </span>
    </p>
   </div>
   <div class='ocr_carea' id='block_1_62' title="bbox 263 4983 1873 5063">
    <p class='ocr_par' dir='ltr' id='par_1_62' title="bbox 263 4983 1873 5063">
     <span class='ocr_line' id='line_1_62' title="bbox 263 4983 1873 5063; baseline -0.007 -16"><span class='ocrx_word' id='word_1_468' title='bbox 263 4993 522 5062; x_wconf 88' lang='lat' dir='ltr'><strong><em>plicentur</em></strong></span> <span class='ocrx_word' id='word_1_469' title='bbox 542 4992 679 5057; x_wconf 88' lang='lat' dir='ltr'><strong><em>loca,</em></strong></span> <span class='ocrx_word' id='word_1_470' title='bbox 710 5006 830 5063; x_wconf 79' lang='lat' dir='ltr'><strong><em>quae</em></strong></span> <span class='ocrx_word' id='word_1_471' title='bbox 857 4989 1187 5046; x_wconf 87' lang='lat' dir='ltr'><strong><em>subobscura</em></strong></span> <span class='ocrx_word' id='word_1_472' title='bbox 1209 4986 1480 5057; x_wconf 85' lang='lat' dir='ltr'><strong><em>aliquibus</em></strong></span> <span class='ocrx_word' id='word_1_473' title='bbox 1501 4983 1615 5039; x_wconf 87' lang='lat' dir='ltr'><strong><em>visa</em></strong></span> <span class='ocrx_word' id='word_1_474' title='bbox 1644 4989 1788 5046; x_wconf 88' lang='lat' dir='ltr'><strong><em>sunt,</em></strong></span> <span class='ocrx_word' id='word_1_475' title='bbox 1814 4986 1873 5036; x_wconf 92' lang='lat' dir='ltr'><strong><em>et</em></strong></span> 
     </span>
    </p>
   </div>
   <div class='ocr_carea' id='block_1_63' title="bbox 264 5075 1868 5154">
    <p class='ocr_par' dir='ltr' id='par_1_63' title="bbox 264 5075 1868 5154">
     <span class='ocr_line' id='line_1_63' title="bbox 264 5075 1868 5154; baseline -0.008 -13"><span class='ocrx_word' id='word_1_476' title='bbox 264 5098 342 5141; x_wconf 80' lang='lat' dir='ltr'><strong><em>eae</em></strong></span> <span class='ocrx_word' id='word_1_477' title='bbox 369 5086 628 5141; x_wconf 86' lang='lat' dir='ltr'><strong><em>tollantur</em></strong></span> <span class='ocrx_word' id='word_1_478' title='bbox 670 5084 1074 5150; x_wconf 83' lang='lat' dir='ltr'><strong><em>dubitationes,</em></strong></span> <span class='ocrx_word' id='word_1_479' title='bbox 1109 5097 1231 5154; x_wconf 72' lang='lat' dir='ltr'><strong><em>qua:</em></strong></span> <span class='ocrx_word' id='word_1_480' title='bbox 1261 5083 1315 5136; x_wconf 89' lang='lat' dir='ltr'><strong><em>in</em></strong></span> <span class='ocrx_word' id='word_1_481' title='bbox 1360 5077 1581 5137; x_wconf 83' lang='lat' dir='ltr'><strong><em>lectoris</em></strong></span> <span class='ocrx_word' id='word_1_482' title='bbox 1626 5075 1868 5131; x_wconf 89' lang='lat' dir='ltr'><strong><em>animum</em></strong></span> 
     </span>
    </p>
   </div>
   <div class='ocr_carea' id='block_1_64' title="bbox 264 5178 771 5251">
    <p class='ocr_par' dir='ltr' id='par_1_64' title="bbox 264 5178 771 5251">
     <span class='ocr_line' id='line_1_64' title="bbox 264 5178 771 5251; baseline 0 -16"><span class='ocrx_word' id='word_1_483' title='bbox 264 5178 501 5251; x_wconf 86' lang='lat' dir='ltr'><strong><em>irrepere</em></strong></span> <span class='ocrx_word' id='word_1_484' title='bbox 530 5190 771 5250; x_wconf 86' lang='lat' dir='ltr'><strong><em>possent.</em></strong></span> 
     </span>
    </p>
   </div>
   <div class='ocr_carea' id='block_1_65' title="bbox 330 5264 1875 5344">
    <p class='ocr_par' dir='ltr' id='par_1_65' title="bbox 330 5264 1875 5344">
     <span class='ocr_line' id='line_1_65' title="bbox 330 5264 1875 5344; baseline -0.005 -16"><span class='ocrx_word' id='word_1_485' title='bbox 330 5273 393 5328; x_wconf 89' lang='lat' dir='ltr'><strong><em>Il.</em></strong></span> <span class='ocrx_word' id='word_1_486' title='bbox 438 5275 579 5330; x_wconf 88' lang='lat' dir='ltr'><strong><em>Ecce</em></strong></span> <span class='ocrx_word' id='word_1_487' title='bbox 604 5283 785 5331; x_wconf 85' lang='lat' dir='ltr'><strong><em>autem</em></strong></span> <span class='ocrx_word' id='word_1_488' title='bbox 814 5274 867 5329; x_wconf 91' lang='lat' dir='ltr'><strong><em>in</em></strong></span> <span class='ocrx_word' id='word_1_489' title='bbox 895 5274 1052 5330; x_wconf 88' lang='lat' dir='ltr'><strong><em>titulo</em></strong></span> <span class='ocrx_word' id='word_1_490' title='bbox 1081 5273 1223 5344; x_wconf 89' lang='lat' dir='ltr'><strong><em>ipso,</em></strong></span> <span class='ocrx_word' id='word_1_491' title='bbox 1256 5270 1404 5342; x_wconf 90' lang='lat' dir='ltr'><strong><em>quod</em></strong></span> <span class='ocrx_word' id='word_1_492' title='bbox 1434 5267 1691 5326; x_wconf 88' lang='lat' dir='ltr'><strong><em>studiosis</em></strong></span> <span class='ocrx_word' id='word_1_493' title='bbox 1721 5264 1875 5322; x_wconf 80' lang='lat' dir='ltr'><strong><em>codi-</em></strong></span> 
     </span>
    </p>
   </div>
   <div class='ocr_carea' id='block_1_66' title="bbox 264 5356 1873 5434">
    <p class='ocr_par' dir='ltr' id='par_1_66' title="bbox 264 5356 1873 5434">
     <span class='ocr_line' id='line_1_66' title="bbox 264 5356 1873 5434; baseline -0.007 -13"><span class='ocrx_word' id='word_1_494' title='bbox 264 5379 381 5421; x_wconf 89' lang='lat' dir='ltr'><strong><em>cum</em></strong></span> <span class='ocrx_word' id='word_1_495' title='bbox 411 5364 627 5422; x_wconf 83' lang='lat' dir='ltr'><strong><em>lectioni</em></strong></span> <span class='ocrx_word' id='word_1_496' title='bbox 660 5366 880 5421; x_wconf 89' lang='lat' dir='ltr'><strong><em>minime</em></strong></span> <span class='ocrx_word' id='word_1_497' title='bbox 911 5364 1142 5421; x_wconf 86' lang='lat' dir='ltr'><strong><em>assuetis</em></strong></span> <span class='ocrx_word' id='word_1_498' title='bbox 1169 5364 1443 5434; x_wconf 75' lang='lat' dir='ltr'><strong><em>negotium</em></strong></span> <span class='ocrx_word' id='word_1_499' title='bbox 1485 5362 1731 5416; x_wconf 78' lang='lat' dir='ltr'><strong><em>lacessat.</em></strong></span> <span class='ocrx_word' id='word_1_500' title='bbox 1764 5356 1873 5411; x_wconf 84' lang='lat' dir='ltr'><strong><em>Pu-</em></strong></span> 
     </span>
    </p>
   </div>
   <div class='ocr_carea' id='block_1_67' title="bbox 265 5451 1876 5530">
    <p class='ocr_par' dir='ltr' id='par_1_67' title="bbox 265 5451 1876 5530">
     <span class='ocr_line' id='line_1_67' title="bbox 265 5451 1876 5530; baseline -0.004 -17"><span class='ocrx_word' id='word_1_501' title='bbox 265 5466 375 5514; x_wconf 88' lang='lat' dir='ltr'><strong><em>tare</em></strong></span> <span class='ocrx_word' id='word_1_502' title='bbox 399 5458 606 5515; x_wconf 90' lang='lat' dir='ltr'><strong><em>scilicet</em></strong></span> <span class='ocrx_word' id='word_1_503' title='bbox 649 5459 805 5515; x_wconf 81' lang='lat' dir='ltr'><strong><em>facile</em></strong></span> <span class='ocrx_word' id='word_1_504' title='bbox 857 5466 1158 5530; x_wconf 86' lang='lat' dir='ltr'><strong><em>poterunt,</em></strong></span> <span class='ocrx_word' id='word_1_505' title='bbox 1191 5456 1355 5513; x_wconf 90' lang='lat' dir='ltr'><strong><em>verba</em></strong></span> <span class='ocrx_word' id='word_1_506' title='bbox 1398 5456 1516 5513; x_wconf 74' lang='lat' dir='ltr'><strong><em>lucc</em></strong></span> <span class='ocrx_word' id='word_1_507' title='bbox 1561 5451 1876 5509; x_wconf 74' lang='lat' dir='ltr'><strong><em>Exhortatio</em></strong></span> 
     </span>
    </p>
   </div>
   <div class='ocr_carea' id='block_1_68' title="bbox 265 5547 1876 5625">
    <p class='ocr_par' dir='ltr' id='par_1_68' title="bbox 265 5547 1876 5625">
     <span class='ocr_line' id='line_1_68' title="bbox 265 5547 1876 5625; baseline -0.002 -19"><span class='ocrx_word' id='word_1_508' title='bbox 265 5550 324 5606; x_wconf 91' lang='lat' dir='ltr'><strong><em>de</em></strong></span> <span class='ocrx_word' id='word_1_509' title='bbox 342 5550 672 5618; x_wconf 76' lang='lat' dir='ltr'><strong><em>Paenitentia,</em></strong></span> <span class='ocrx_word' id='word_1_510' title='bbox 713 5560 808 5607; x_wconf 91' lang='lat' dir='ltr'><strong><em>aut</em></strong></span> <span class='ocrx_word' id='word_1_511' title='bbox 854 5568 887 5607; x_wconf 90' lang='lat' dir='ltr'><strong><em>a</em></strong></span> <span class='ocrx_word' id='word_1_512' title='bbox 930 5551 1200 5625; x_wconf 83' lang='lat' dir='ltr'><strong><em>Cypriano</em></strong></span> <span class='ocrx_word' id='word_1_513' title='bbox 1241 5551 1358 5619; x_wconf 88' lang='lat' dir='ltr'><strong><em>ipso</em></strong></span> <span class='ocrx_word' id='word_1_514' title='bbox 1406 5551 1572 5607; x_wconf 71' lang='lat' dir='ltr'><strong><em>fuisse</em></strong></span> <span class='ocrx_word' id='word_1_515' title='bbox 1608 5547 1876 5620; x_wconf 85' lang='lat' dir='ltr'><strong><em>opusculo</em></strong></span> 
     </span>
    </p>
   </div>
   <div class='ocr_carea' id='block_1_69' title="bbox 264 5641 1873 5714">
    <p class='ocr_par' dir='ltr' id='par_1_69' title="bbox 264 5641 1873 5714">
     <span class='ocr_line' id='line_1_69' title="bbox 264 5641 1873 5714; baseline -0.003 -17"><span class='ocrx_word' id='word_1_516' title='bbox 264 5656 294 5697; x_wconf 87' lang='lat' dir='ltr'><strong><em>a</em></strong></span> <span class='ocrx_word' id='word_1_517' title='bbox 320 5657 377 5699; x_wconf 89' lang='lat' dir='ltr'><strong><em>se</em></strong></span> <span class='ocrx_word' id='word_1_518' title='bbox 406 5642 550 5698; x_wconf 91' lang='lat' dir='ltr'><strong><em>edito</em></strong></span> <span class='ocrx_word' id='word_1_519' title='bbox 577 5644 887 5714; x_wconf 69' lang='lat' dir='ltr'><strong><em>prmposita,</em></strong></span> <span class='ocrx_word' id='word_1_520' title='bbox 916 5652 1010 5698; x_wconf 88' lang='lat' dir='ltr'><strong><em>aut</em></strong></span> <span class='ocrx_word' id='word_1_521' title='bbox 1039 5650 1188 5698; x_wconf 89' lang='lat' dir='ltr'><strong><em>certe</em></strong></span> <span class='ocrx_word' id='word_1_522' title='bbox 1208 5641 1434 5697; x_wconf 88' lang='lat' dir='ltr'><strong><em>multum</em></strong></span> <span class='ocrx_word' id='word_1_523' title='bbox 1463 5641 1779 5704; x_wconf 86' lang='lat' dir='ltr'><strong><em>vetustatis,</em></strong></span> <span class='ocrx_word' id='word_1_524' title='bbox 1810 5645 1873 5695; x_wconf 85' lang='lat' dir='ltr'><strong><em>et</em></strong></span> 
     </span>
    </p>
   </div>
   <div class='ocr_carea' id='block_1_70' title="bbox 266 5733 1873 5807">
    <p class='ocr_par' dir='ltr' id='par_1_70' title="bbox 266 5733 1873 5807">
     <span class='ocr_line' id='line_1_70' title="bbox 266 5733 1873 5807; baseline 0.001 -17"><span class='ocrx_word' id='word_1_525' title='bbox 266 5736 595 5793; x_wconf 88' lang='lat' dir='ltr'><strong><em>auctoritatis</em></strong></span> <span class='ocrx_word' id='word_1_526' title='bbox 632 5736 906 5793; x_wconf 82' lang='lat' dir='ltr'><strong><em>habentia.</em></strong></span> <span class='ocrx_word' id='word_1_527' title='bbox 940 5735 1079 5793; x_wconf 89' lang='lat' dir='ltr'><strong><em>Tum</em></strong></span> <span class='ocrx_word' id='word_1_528' title='bbox 1102 5750 1231 5792; x_wconf 87' lang='lat' dir='ltr'><strong><em>vero</em></strong></span> <span class='ocrx_word' id='word_1_529' title='bbox 1260 5750 1355 5793; x_wconf 90' lang='lat' dir='ltr'><strong><em>eos</em></strong></span> <span class='ocrx_word' id='word_1_530' title='bbox 1392 5746 1552 5807; x_wconf 80' lang='lat' dir='ltr'><strong><em>anget</em></strong></span> <span class='ocrx_word' id='word_1_531' title='bbox 1578 5733 1873 5794; x_wconf 79' lang='lat' dir='ltr'><strong><em>verborum</em></strong></span> 
     </span>
    </p>
   </div>
   <div class='ocr_carea' id='block_1_71' title="bbox 265 5828 1533 5904">
    <p class='ocr_par' dir='ltr' id='par_1_71' title="bbox 265 5828 1533 5904">
     <span class='ocr_line' id='line_1_71' title="bbox 265 5828 1533 5904; baseline -0.002 -17"><span class='ocrx_word' id='word_1_532' title='bbox 265 5829 476 5888; x_wconf 90' lang='lat' dir='ltr'><strong><em>illorum</em></strong></span> <span class='ocrx_word' id='word_1_533' title='bbox 506 5830 750 5904; x_wconf 80' lang='lat' dir='ltr'><strong><em>syntaxis</em></strong></span> <span class='ocrx_word' id='word_1_534' title='bbox 774 5830 936 5892; x_wconf 81' lang='lat' dir='ltr'><strong><em>valde</em></strong></span> <span class='ocrx_word' id='word_1_535' title='bbox 963 5846 998 5889; x_wconf 84' lang='lat' dir='ltr'><strong><em>a</em></strong></span> <span class='ocrx_word' id='word_1_536' title='bbox 1023 5830 1189 5890; x_wconf 84' lang='lat' dir='ltr'><strong><em>latina</em></strong></span> <span class='ocrx_word' id='word_1_537' title='bbox 1213 5828 1533 5890; x_wconf 80' lang='lat' dir='ltr'><strong><em>abhorrens.</em></strong></span> 
     </span>
    </p>
   </div>
   <div class='ocr_carea' id='block_1_72' title="bbox 1888 4242 3585 4315">
    <p class='ocr_par' dir='ltr' id='par_1_72' title="bbox 1888 4242 3585 4315">
     <span class='ocr_line' id='line_1_72' title="bbox 1888 4242 3585 4315; baseline 0.002 -14"><span class='ocrx_word' id='word_1_538' title='bbox 1888 4250 1934 4315; x_wconf 65' lang='grc' dir='ltr'><strong><em>(ζ</em></strong></span> <span class='ocrx_word' id='word_1_539' title='bbox 2040 4244 2129 4301; x_wconf 83' lang='lat' dir='ltr'><strong><em>Ill.</em></strong></span> <span class='ocrx_word' id='word_1_540' title='bbox 2173 4246 2242 4300; x_wconf 80' lang='lat' dir='ltr'><strong><em>At</em></strong></span> <span class='ocrx_word' id='word_1_541' title='bbox 2269 4242 2541 4302; x_wconf 83' lang='lat' dir='ltr'><strong><em>levissima</em></strong></span> <span class='ocrx_word' id='word_1_542' title='bbox 2567 4251 2651 4302; x_wconf 86' lang='lat' dir='ltr'><strong><em>est</em></strong></span> <span class='ocrx_word' id='word_1_543' title='bbox 2680 4243 2797 4305; x_wconf 83' lang='lat' dir='ltr'><strong><em>haec</em></strong></span> <span class='ocrx_word' id='word_1_544' title='bbox 2814 4242 3136 4312; x_wconf 78' lang='lat' dir='ltr'><strong><em>difﬁcultas;</em></strong></span> <span class='ocrx_word' id='word_1_545' title='bbox 3167 4257 3321 4303; x_wconf 87' lang='lat' dir='ltr'><strong><em>error</em></strong></span> <span class='ocrx_word' id='word_1_546' title='bbox 3350 4245 3499 4303; x_wconf 86' lang='lat' dir='ltr'><strong><em>enim</em></strong></span> <span class='ocrx_word' id='word_1_547' title='bbox 3528 4244 3585 4304; x_wconf 88' lang='lat' dir='ltr'><strong><em>in</em></strong></span> 
     </span>
    </p>
   </div>
   <div class='ocr_carea' id='block_1_73' title="bbox 1968 4336 3589 4408">
    <p class='ocr_par' dir='ltr' id='par_1_73' title="bbox 1968 4336 3589 4408">
     <span class='ocr_line' id='line_1_73' title="bbox 1968 4336 3589 4408; baseline -0.001 -13"><span class='ocrx_word' id='word_1_548' title='bbox 1968 4352 2353 4396; x_wconf 87' lang='lat' dir='ltr'><strong><em>amanuensem</em></strong></span> <span class='ocrx_word' id='word_1_549' title='bbox 2405 4345 2489 4393; x_wconf 90' lang='lat' dir='ltr'><strong><em>est</em></strong></span> <span class='ocrx_word' id='word_1_550' title='bbox 2527 4337 2890 4408; x_wconf 82' lang='lat' dir='ltr'><strong><em>rejiciendus;</em></strong></span> <span class='ocrx_word' id='word_1_551' title='bbox 2934 4351 3267 4394; x_wconf 88' lang='lat' dir='ltr'><strong><em>consuevere</em></strong></span> <span class='ocrx_word' id='word_1_552' title='bbox 3306 4338 3448 4392; x_wconf 90' lang='lat' dir='ltr'><strong><em>enim</em></strong></span> <span class='ocrx_word' id='word_1_553' title='bbox 3492 4336 3589 4407; x_wconf 88' lang='lat' dir='ltr'><strong><em>qui</em></strong></span> 
     </span>
    </p>
   </div>
   <div class='ocr_carea' id='block_1_74' title="bbox 1970 4428 3580 4501">
    <p class='ocr_par' dir='ltr' id='par_1_74' title="bbox 1970 4428 3580 4501">
     <span class='ocr_line' id='line_1_74' title="bbox 1970 4428 3580 4501; baseline 0 -15"><span class='ocrx_word' id='word_1_554' title='bbox 1970 4432 2142 4488; x_wconf 84' lang='lat' dir='ltr'><strong><em>libros</em></strong></span> <span class='ocrx_word' id='word_1_555' title='bbox 2188 4430 2553 4501; x_wconf 73' lang='lat' dir='ltr'><strong><em>exscripsere,</em></strong></span> <span class='ocrx_word' id='word_1_556' title='bbox 2587 4430 2634 4487; x_wconf 89' lang='lat' dir='ltr'><strong><em>si</em></strong></span> <span class='ocrx_word' id='word_1_557' title='bbox 2679 4428 2819 4487; x_wconf 86' lang='lat' dir='ltr'><strong><em>forte</em></strong></span> <span class='ocrx_word' id='word_1_558' title='bbox 2866 4430 3033 4489; x_wconf 86' lang='lat' dir='ltr'><strong><em>titulis</em></strong></span> <span class='ocrx_word' id='word_1_559' title='bbox 3073 4430 3360 4488; x_wconf 88' lang='lat' dir='ltr'><strong><em>destitutos</em></strong></span> <span class='ocrx_word' id='word_1_560' title='bbox 3409 4430 3580 4486; x_wconf 89' lang='lat' dir='ltr'><strong><em>libros</em></strong></span> 
     </span>
    </p>
   </div>
   <div class='ocr_carea' id='block_1_75' title="bbox 1973 4522 3584 4597">
    <p class='ocr_par' dir='ltr' id='par_1_75' title="bbox 1973 4522 3584 4597">
     <span class='ocr_line' id='line_1_75' title="bbox 1973 4522 3584 4597; baseline 0.001 -17"><span class='ocrx_word' id='word_1_561' title='bbox 1973 4525 2124 4597; x_wconf 89' lang='lat' dir='ltr'><strong><em>ipsos</em></strong></span> <span class='ocrx_word' id='word_1_562' title='bbox 2162 4526 2500 4596; x_wconf 89' lang='lat' dir='ltr'><strong><em>reperirent,</em></strong></span> <span class='ocrx_word' id='word_1_563' title='bbox 2530 4522 2715 4579; x_wconf 87' lang='lat' dir='ltr'><strong><em>titulos</em></strong></span> <span class='ocrx_word' id='word_1_564' title='bbox 2741 4538 2811 4579; x_wconf 84' lang='lat' dir='ltr'><strong><em>ex</em></strong></span> <span class='ocrx_word' id='word_1_565' title='bbox 2853 4523 3069 4595; x_wconf 77' lang='lat' dir='ltr'><strong><em>ingenio</em></strong></span> <span class='ocrx_word' id='word_1_566' title='bbox 3096 4537 3389 4595; x_wconf 76' lang='lat' dir='ltr'><strong><em>apponere.</em></strong></span> <span class='ocrx_word' id='word_1_567' title='bbox 3423 4525 3584 4596; x_wconf 71' lang='lat' dir='ltr'><strong><em>Smpe</em></strong></span> 
     </span>
    </p>
   </div>
   <div class='ocr_carea' id='block_1_76' title="bbox 1972 4615 3587 4687">
    <p class='ocr_par' dir='ltr' id='par_1_76' title="bbox 1972 4615 3587 4687">
     <span class='ocr_line' id='line_1_76' title="bbox 1972 4615 3587 4687; baseline 0 -14"><span class='ocrx_word' id='word_1_568' title='bbox 1972 4619 2136 4673; x_wconf 88' lang='lat' dir='ltr'><strong><em>etiam</em></strong></span> <span class='ocrx_word' id='word_1_569' title='bbox 2166 4629 2397 4680; x_wconf 85' lang='lat' dir='ltr'><strong><em>veteres,</em></strong></span> <span class='ocrx_word' id='word_1_570' title='bbox 2426 4629 2563 4687; x_wconf 90' lang='lat' dir='ltr'><strong><em>quos</em></strong></span> <span class='ocrx_word' id='word_1_571' title='bbox 2592 4615 2646 4669; x_wconf 86' lang='lat' dir='ltr'><strong><em>hi</em></strong></span> <span class='ocrx_word' id='word_1_572' title='bbox 2675 4615 2897 4671; x_wconf 88' lang='lat' dir='ltr'><strong><em>minime</em></strong></span> <span class='ocrx_word' id='word_1_573' title='bbox 2924 4615 3351 4686; x_wconf 87' lang='lat' dir='ltr'><strong><em>approbasseut,</em></strong></span> <span class='ocrx_word' id='word_1_574' title='bbox 3381 4617 3587 4673; x_wconf 84' lang='lat' dir='ltr'><strong><em>immu-</em></strong></span> 
     </span>
    </p>
   </div>
   <div class='ocr_carea' id='block_1_77' title="bbox 1974 4709 3578 4781">
    <p class='ocr_par' dir='ltr' id='par_1_77' title="bbox 1974 4709 3578 4781">
     <span class='ocr_line' id='line_1_77' title="bbox 1974 4709 3578 4781; baseline -0.001 -14"><span class='ocrx_word' id='word_1_575' title='bbox 1974 4722 2108 4779; x_wconf 87' lang='lat' dir='ltr'><strong><em>tare,</em></strong></span> <span class='ocrx_word' id='word_1_576' title='bbox 2142 4726 2422 4781; x_wconf 85' lang='lat' dir='ltr'><strong><em>novosque</em></strong></span> <span class='ocrx_word' id='word_1_577' title='bbox 2449 4724 2545 4781; x_wconf 90' lang='lat' dir='ltr'><strong><em>pro</em></strong></span> <span class='ocrx_word' id='word_1_578' title='bbox 2574 4710 2744 4766; x_wconf 90' lang='lat' dir='ltr'><strong><em>lubito</em></strong></span> <span class='ocrx_word' id='word_1_579' title='bbox 2770 4709 3119 4767; x_wconf 86' lang='lat' dir='ltr'><strong><em>substituere.</em></strong></span> <span class='ocrx_word' id='word_1_580' title='bbox 3150 4709 3325 4778; x_wconf 87' lang='lat' dir='ltr'><strong><em>Quam</em></strong></span> <span class='ocrx_word' id='word_1_581' title='bbox 3351 4711 3422 4768; x_wconf 91' lang='lat' dir='ltr'><strong><em>ob</em></strong></span> <span class='ocrx_word' id='word_1_582' title='bbox 3448 4725 3578 4766; x_wconf 88' lang='lat' dir='ltr'><strong><em>cau-</em></strong></span> 
     </span>
    </p>
   </div>
   <div class='ocr_carea' id='block_1_78' title="bbox 1975 4803 3589 4877">
    <p class='ocr_par' dir='ltr' id='par_1_78' title="bbox 1975 4803 3589 4877">
     <span class='ocr_line' id='line_1_78' title="bbox 1975 4803 3589 4877; baseline -0.001 -15"><span class='ocrx_word' id='word_1_583' title='bbox 1975 4821 2089 4862; x_wconf 88' lang='lat' dir='ltr'><strong><em>sam</em></strong></span> <span class='ocrx_word' id='word_1_584' title='bbox 2118 4806 2251 4862; x_wconf 87' lang='lat' dir='ltr'><strong><em>varii</em></strong></span> <span class='ocrx_word' id='word_1_585' title='bbox 2279 4804 2571 4860; x_wconf 87' lang='lat' dir='ltr'><strong><em>admodum</em></strong></span> <span class='ocrx_word' id='word_1_586' title='bbox 2590 4814 2715 4860; x_wconf 91' lang='lat' dir='ltr'><strong><em>sunt</em></strong></span> <span class='ocrx_word' id='word_1_587' title='bbox 2738 4806 2791 4860; x_wconf 91' lang='lat' dir='ltr'><strong><em>in</em></strong></span> <span class='ocrx_word' id='word_1_588' title='bbox 2812 4803 3090 4862; x_wconf 85' lang='lat' dir='ltr'><strong><em>codicibus</em></strong></span> <span class='ocrx_word' id='word_1_589' title='bbox 3117 4805 3255 4871; x_wconf 83' lang='lat' dir='ltr'><strong><em>tituli</em></strong></span> <span class='ocrx_word' id='word_1_590' title='bbox 3277 4806 3427 4862; x_wconf 87' lang='lat' dir='ltr'><strong><em>libris</em></strong></span> <span class='ocrx_word' id='word_1_591' title='bbox 3450 4822 3589 4877; x_wconf 77' lang='lat' dir='ltr'><strong><em>pra:-</em></strong></span> 
     </span>
    </p>
   </div>
   <div class='ocr_carea' id='block_1_79' title="bbox 1978 4898 3593 4972">
    <p class='ocr_par' dir='ltr' id='par_1_79' title="bbox 1978 4898 3593 4972">
     <span class='ocr_line' id='line_1_79' title="bbox 1978 4898 3593 4972; baseline 0 -15"><span class='ocrx_word' id='word_1_592' title='bbox 1978 4901 2170 4972; x_wconf 89' lang='lat' dir='ltr'><strong><em>positi,</em></strong></span> <span class='ocrx_word' id='word_1_593' title='bbox 2217 4898 2486 4956; x_wconf 88' lang='lat' dir='ltr'><strong><em>interdum</em></strong></span> <span class='ocrx_word' id='word_1_594' title='bbox 2517 4898 2677 4955; x_wconf 87' lang='lat' dir='ltr'><strong><em>etiam</em></strong></span> <span class='ocrx_word' id='word_1_595' title='bbox 2723 4898 3109 4970; x_wconf 89' lang='lat' dir='ltr'><strong><em>putridissimi,</em></strong></span> <span class='ocrx_word' id='word_1_596' title='bbox 3149 4908 3204 4958; x_wconf 90' lang='lat' dir='ltr'><strong><em>et</em></strong></span> <span class='ocrx_word' id='word_1_597' title='bbox 3243 4899 3314 4957; x_wconf 88' lang='lat' dir='ltr'><strong><em>ab</em></strong></span> <span class='ocrx_word' id='word_1_598' title='bbox 3350 4901 3593 4958; x_wconf 84' lang='lat' dir='ltr'><strong><em>auctoris</em></strong></span> 
     </span>
    </p>
   </div>
   <div class='ocr_carea' id='block_1_80' title="bbox 1977 4991 2560 5049">
    <p class='ocr_par' dir='ltr' id='par_1_80' title="bbox 1977 4991 2560 5049">
     <span class='ocr_line' id='line_1_80' title="bbox 1977 4991 2560 5049; baseline -0.003 0"><span class='ocrx_word' id='word_1_599' title='bbox 1977 5003 2160 5049; x_wconf 87' lang='lat' dir='ltr'><strong><em>mente</em></strong></span> <span class='ocrx_word' id='word_1_600' title='bbox 2190 4991 2560 5048; x_wconf 90' lang='lat' dir='ltr'><strong><em>remotissimi.</em></strong></span> 
     </span>
    </p>
   </div>
   <div class='ocr_carea' id='block_1_81' title="bbox 2050 5083 3586 5159">
    <p class='ocr_par' dir='ltr' id='par_1_81' title="bbox 2050 5083 3586 5159">
     <span class='ocr_line' id='line_1_81' title="bbox 2050 5083 3586 5159; baseline 0.001 -17"><span class='ocrx_word' id='word_1_601' title='bbox 2050 5085 2140 5142; x_wconf 82' lang='lat' dir='ltr'><strong><em>IV.</em></strong></span> <span class='ocrx_word' id='word_1_602' title='bbox 2186 5085 2392 5141; x_wconf 90' lang='lat' dir='ltr'><strong><em>Titulus</em></strong></span> <span class='ocrx_word' id='word_1_603' title='bbox 2419 5085 2600 5157; x_wconf 89' lang='lat' dir='ltr'><strong><em>itaque</em></strong></span> <span class='ocrx_word' id='word_1_604' title='bbox 2624 5083 2791 5141; x_wconf 82' lang='lat' dir='ltr'><strong><em>libelli</em></strong></span> <span class='ocrx_word' id='word_1_605' title='bbox 2818 5084 2975 5157; x_wconf 85' lang='lat' dir='ltr'><strong><em>hujus</em></strong></span> <span class='ocrx_word' id='word_1_606' title='bbox 3005 5086 3052 5144; x_wconf 89' lang='lat' dir='ltr'><strong><em>is</em></strong></span> <span class='ocrx_word' id='word_1_607' title='bbox 3079 5100 3198 5144; x_wconf 85' lang='lat' dir='ltr'><strong><em>esse</em></strong></span> <span class='ocrx_word' id='word_1_608' title='bbox 3219 5085 3452 5154; x_wconf 85' lang='lat' dir='ltr'><strong><em>videtur,</em></strong></span> <span class='ocrx_word' id='word_1_609' title='bbox 3490 5086 3586 5159; x_wconf 88' lang='lat' dir='ltr'><strong><em>qui</em></strong></span> 
     </span>
    </p>
   </div>
   <div class='ocr_carea' id='block_1_82' title="bbox 1981 5177 3587 5250">
    <p class='ocr_par' dir='ltr' id='par_1_82' title="bbox 1981 5177 3587 5250">
     <span class='ocr_line' id='line_1_82' title="bbox 1981 5177 3587 5250; baseline 0.001 -16"><span class='ocrx_word' id='word_1_610' title='bbox 1981 5178 2227 5250; x_wconf 75' lang='lat' dir='ltr'><strong><em>proxime</em></strong></span> <span class='ocrx_word' id='word_1_611' title='bbox 2270 5178 2549 5249; x_wconf 88' lang='lat' dir='ltr'><strong><em>sequitur;</em></strong></span> <span class='ocrx_word' id='word_1_612' title='bbox 2600 5177 2689 5233; x_wconf 89' lang='lat' dir='ltr'><strong><em>hic</em></strong></span> <span class='ocrx_word' id='word_1_613' title='bbox 2717 5178 2965 5235; x_wconf 86' lang='lat' dir='ltr'><strong><em>scilicet:</em></strong></span> <span class='ocrx_word' id='word_1_614' title='bbox 3001 5197 3021 5232; x_wconf 73' lang='grc' dir='ltr'><strong><em>ι</em></strong></span> <span class='ocrx_word' id='word_1_615' title='bbox 3069 5178 3173 5236; x_wconf 88' lang='lat' dir='ltr'><strong><em>Per</em></strong></span> <span class='ocrx_word' id='word_1_616' title='bbox 3209 5180 3587 5250; x_wconf 70' lang='lat' dir='ltr'><strong><em>pmnitentiam</em></strong></span> 
     </span>
    </p>
   </div>
   <div class='ocr_carea' id='block_1_83' title="bbox 1988 5270 3594 5342">
    <p class='ocr_par' dir='ltr' id='par_1_83' title="bbox 1988 5270 3594 5342">
     <span class='ocr_line' id='line_1_83' title="bbox 1988 5270 3594 5342; baseline 0.002 -18"><span class='ocrx_word' id='word_1_617' title='bbox 1988 5289 2007 5324; x_wconf 72' lang='grc' dir='ltr'><strong>ε</strong></span> <span class='ocrx_word' id='word_1_618' title='bbox 2046 5282 2205 5342; x_wconf 88' lang='lat' dir='ltr'><strong><em>posse</em></strong></span> <span class='ocrx_word' id='word_1_619' title='bbox 2232 5270 2411 5327; x_wconf 89' lang='lat' dir='ltr'><strong><em>omnia</em></strong></span> <span class='ocrx_word' id='word_1_620' title='bbox 2438 5279 2661 5341; x_wconf 86' lang='lat' dir='ltr'><strong><em>peccata</em></strong></span> <span class='ocrx_word' id='word_1_621' title='bbox 2700 5270 2899 5325; x_wconf 89' lang='lat' dir='ltr'><strong><em>dimitti</em></strong></span> <span class='ocrx_word' id='word_1_622' title='bbox 2927 5271 3008 5339; x_wconf 89' lang='lat' dir='ltr'><strong><em>ei,</em></strong></span> <span class='ocrx_word' id='word_1_623' title='bbox 3040 5272 3134 5341; x_wconf 89' lang='lat' dir='ltr'><strong><em>qui</em></strong></span> <span class='ocrx_word' id='word_1_624' title='bbox 3171 5271 3237 5327; x_wconf 89' lang='lat' dir='ltr'><strong><em>ad</em></strong></span> <span class='ocrx_word' id='word_1_625' title='bbox 3280 5272 3447 5329; x_wconf 89' lang='lat' dir='ltr'><strong><em>Deum</em></strong></span> <span class='ocrx_word' id='word_1_626' title='bbox 3478 5279 3594 5327; x_wconf 91' lang='lat' dir='ltr'><strong><em>toto</em></strong></span> 
     </span>
    </p>
   </div>
   <div class='ocr_carea' id='block_1_84' title="bbox 1991 5362 3593 5437">
    <p class='ocr_par' dir='ltr' id='par_1_84' title="bbox 1991 5362 3593 5437">
     <span class='ocr_line' id='line_1_84' title="bbox 1991 5362 3593 5437; baseline 0.002 -19"><span class='ocrx_word' id='word_1_627' title='bbox 1991 5383 2011 5418; x_wconf 76' lang='grc' dir='ltr'>ι</span> <span class='ocrx_word' id='word_1_628' title='bbox 2049 5365 2214 5422; x_wconf 86' lang='lat' dir='ltr'><strong><em>corde</em></strong></span> <span class='ocrx_word' id='word_1_629' title='bbox 2265 5378 2561 5421; x_wconf 85' lang='lat' dir='ltr'><strong><em>conversus</em></strong></span> <span class='ocrx_word' id='word_1_630' title='bbox 2604 5363 2696 5418; x_wconf 88' lang='lat' dir='ltr'><strong><em>sit.</em></strong></span> <span class='ocrx_word' id='word_1_631' title='bbox 2749 5381 2769 5415; x_wconf 72' lang='grc' dir='ltr'><strong><em>ι</em></strong></span> <span class='ocrx_word' id='word_1_632' title='bbox 2822 5362 2933 5419; x_wconf 86' lang='lat' dir='ltr'><strong><em>Hoc</em></strong></span> <span class='ocrx_word' id='word_1_633' title='bbox 2979 5379 3175 5435; x_wconf 89' lang='lat' dir='ltr'><strong><em>nempe</em></strong></span> <span class='ocrx_word' id='word_1_634' title='bbox 3215 5372 3593 5437; x_wconf 77' lang='lat' dir='ltr'><strong><em>argumentum</em></strong></span> 
     </span>
    </p>
   </div>
   <div class='ocr_carea' id='block_1_85' title="bbox 1982 5454 3597 5529">
    <p class='ocr_par' dir='ltr' id='par_1_85' title="bbox 1982 5454 3597 5529">
     <span class='ocr_line' id='line_1_85' title="bbox 1982 5454 3597 5529; baseline 0.002 -18"><span class='ocrx_word' id='word_1_635' title='bbox 1982 5456 2416 5529; x_wconf 87' lang='lat' dir='ltr'><strong><em>pertractandum</em></strong></span> <span class='ocrx_word' id='word_1_636' title='bbox 2439 5497 2457 5526; x_wconf 89' lang='lat'><strong><em>,</em></strong></span> <span class='ocrx_word' id='word_1_637' title='bbox 2488 5464 2543 5512; x_wconf 92' lang='lat' dir='ltr'><strong><em>et</em></strong></span> <span class='ocrx_word' id='word_1_638' title='bbox 2569 5454 2966 5527; x_wconf 84' lang='lat' dir='ltr'><strong><em>Scripturarum</em></strong></span> <span class='ocrx_word' id='word_1_639' title='bbox 2992 5457 3314 5513; x_wconf 87' lang='lat' dir='ltr'><strong><em>auctoritate</em></strong></span> <span class='ocrx_word' id='word_1_640' title='bbox 3342 5471 3597 5529; x_wconf 85' lang='lat' dir='ltr'><strong><em>compro-</em></strong></span> 
     </span>
    </p>
   </div>
   <div class='ocr_carea' id='block_1_86' title="bbox 1984 5548 3598 5621">
    <p class='ocr_par' dir='ltr' id='par_1_86' title="bbox 1984 5548 3598 5621">
     <span class='ocr_line' id='line_1_86' title="bbox 1984 5548 3598 5621; baseline 0.003 -17"><span class='ocrx_word' id='word_1_641' title='bbox 1984 5548 2221 5605; x_wconf 85' lang='lat' dir='ltr'><strong><em>bandum</em></strong></span> <span class='ocrx_word' id='word_1_642' title='bbox 2267 5549 2506 5621; x_wconf 89' lang='lat' dir='ltr'><strong><em>suscepit</em></strong></span> <span class='ocrx_word' id='word_1_643' title='bbox 2540 5548 2773 5621; x_wconf 85' lang='lat' dir='ltr'><strong><em>scriptor</em></strong></span> <span class='ocrx_word' id='word_1_644' title='bbox 2819 5549 2958 5615; x_wconf 90' lang='lat' dir='ltr'><strong><em>iste,</em></strong></span> <span class='ocrx_word' id='word_1_645' title='bbox 2999 5549 3242 5621; x_wconf 85' lang='lat' dir='ltr'><strong><em>quisquis</em></strong></span> <span class='ocrx_word' id='word_1_646' title='bbox 3292 5551 3338 5606; x_wconf 91' lang='lat' dir='ltr'><strong><em>is</em></strong></span> <span class='ocrx_word' id='word_1_647' title='bbox 3382 5558 3483 5608; x_wconf 89' lang='lat' dir='ltr'><strong><em>est.</em></strong></span> <span class='ocrx_word' id='word_1_648' title='bbox 3539 5550 3598 5609; x_wconf 70' lang='grc' dir='ltr'><strong><em>ιιι</em></strong></span> 
     </span>
    </p>
   </div>
   <div class='ocr_carea' id='block_1_87' title="bbox 1988 5642 3595 5716">
    <p class='ocr_par' dir='ltr' id='par_1_87' title="bbox 1988 5642 3595 5716">
     <span class='ocr_line' id='line_1_87' title="bbox 1988 5642 3595 5716; baseline 0 -16"><span class='ocrx_word' id='word_1_649' title='bbox 1988 5657 2152 5713; x_wconf 88' lang='lat' dir='ltr'><strong><em>porro</em></strong></span> <span class='ocrx_word' id='word_1_650' title='bbox 2174 5643 2373 5699; x_wconf 87' lang='lat' dir='ltr'><strong><em>mirum</em></strong></span> <span class='ocrx_word' id='word_1_651' title='bbox 2400 5657 2509 5701; x_wconf 82' lang='lat' dir='ltr'><strong><em>non</em></strong></span> <span class='ocrx_word' id='word_1_652' title='bbox 2549 5650 2670 5701; x_wconf 89' lang='lat' dir='ltr'><strong><em>est:</em></strong></span> <span class='ocrx_word' id='word_1_653' title='bbox 2701 5642 2900 5700; x_wconf 83' lang='lat' dir='ltr'><strong><em>etenim</em></strong></span> <span class='ocrx_word' id='word_1_654' title='bbox 2930 5651 2989 5705; x_wconf 84' lang='lat' dir='ltr'><strong><em>ut</em></strong></span> <span class='ocrx_word' id='word_1_655' title='bbox 3014 5642 3069 5699; x_wconf 89' lang='lat' dir='ltr'><strong><em>in</em></strong></span> <span class='ocrx_word' id='word_1_656' title='bbox 3107 5642 3377 5716; x_wconf 82' lang='lat' dir='ltr'><strong><em>Cypriano</em></strong></span> <span class='ocrx_word' id='word_1_657' title='bbox 3408 5643 3595 5701; x_wconf 80' lang='lat' dir='ltr'><strong><em>censi-</em></strong></span> 
     </span>
    </p>
   </div>
   <div class='ocr_carea' id='block_1_88' title="bbox 1982 5737 3601 5812">
    <p class='ocr_par' dir='ltr' id='par_1_88' title="bbox 1982 5737 3601 5812">
     <span class='ocr_line' id='line_1_88' title="bbox 1982 5737 3601 5812; baseline 0.003 -21"><span class='ocrx_word' id='word_1_658' title='bbox 1982 5749 2151 5806; x_wconf 77' lang='lat' dir='ltr'><strong><em>stant,</em></strong></span> <span class='ocrx_word' id='word_1_659' title='bbox 2208 5738 2429 5805; x_wconf 85' lang='lat' dir='ltr'><strong><em>libello,</em></strong></span> <span class='ocrx_word' id='word_1_660' title='bbox 2484 5754 2646 5812; x_wconf 88' lang='lat' dir='ltr'><strong><em>quem</em></strong></span> <span class='ocrx_word' id='word_1_661' title='bbox 2695 5738 2759 5793; x_wconf 91' lang='lat' dir='ltr'><strong><em>de</em></strong></span> <span class='ocrx_word' id='word_1_662' title='bbox 2794 5738 3053 5795; x_wconf 89' lang='lat' dir='ltr'><strong><em>idolorum</em></strong></span> <span class='ocrx_word' id='word_1_663' title='bbox 3117 5737 3359 5797; x_wconf 84' lang='lat' dir='ltr'><strong><em>Vanitate</em></strong></span> <span class='ocrx_word' id='word_1_664' title='bbox 3408 5738 3601 5796; x_wconf 84' lang='lat' dir='ltr'><strong><em>inscri-</em></strong></span> 
     </span>
    </p>
   </div>
   <div class='ocr_carea' id='block_1_89' title="bbox 1991 5830 3598 5906">
    <p class='ocr_par' dir='ltr' id='par_1_89' title="bbox 1991 5830 3598 5906">
     <span class='ocr_line' id='line_1_89' title="bbox 1991 5830 3598 5906; baseline 0.001 -17"><span class='ocrx_word' id='word_1_665' title='bbox 1991 5830 2123 5889; x_wconf 86' lang='lat' dir='ltr'><strong><em>herc</em></strong></span> <span class='ocrx_word' id='word_1_666' title='bbox 2150 5832 2552 5901; x_wconf 83' lang='lat' dir='ltr'><strong><em>consuevimus,</em></strong></span> <span class='ocrx_word' id='word_1_667' title='bbox 2583 5848 2690 5891; x_wconf 85' lang='lat' dir='ltr'><strong><em>non</em></strong></span> <span class='ocrx_word' id='word_1_668' title='bbox 2708 5831 2969 5891; x_wconf 82' lang='lat' dir='ltr'><strong><em>absimilis</em></strong></span> <span class='ocrx_word' id='word_1_669' title='bbox 2996 5831 3187 5891; x_wconf 90' lang='lat' dir='ltr'><strong><em>titulus</em></strong></span> <span class='ocrx_word' id='word_1_670' title='bbox 3209 5834 3463 5906; x_wconf 66' lang='lat' dir='ltr'><strong><em>pratlixus</em></strong></span> <span class='ocrx_word' id='word_1_671' title='bbox 3489 5841 3598 5904; x_wconf 70' lang='lat' dir='ltr'><strong><em>est;</em></strong></span> 
     </span>
    </p>
   </div>
  </div>
