4156 6248
629 309 770 366 1159

1983 303 2072 361 DE
2110 301 2561 364 ARGUMENTO'

3801 309 3935 368 1160

619 425 707 481 hic
731 422 984 480 nimirum
1011 436 1026 478 :
1059 437 1080 473 ‹
1115 419 1273 489 Quod
1297 418 1440 478 idola
1469 418 1542 477 dii
1575 431 1682 476 non
1709 419 1850 486 sint,
1879 428 1934 476 et
1958 419 2102 491 quod
2132 435 2230 491 per
2255 427 2306 488 Α
2331 420 2568 486 mittere,
2613 417 2705 489 qui
2728 417 2797 474 ab
2821 431 2881 474 ea
2899 416 3016 475 sine
3039 417 3459 488 schimate,'sive
3485 432 3584 493 per
3599 419 3843 492 libellos,
3861 425 3935 479 si-

622 539 643 571 ς
678 519 951 574 Christum
1001 516 1147 573 salus
1177 516 1522 574 credentibus
1561 515 1683 570 data
1731 524 1834 570 est.
1877 534 1894 567 ι
1930 513 2040 570 Nec
2066 513 2222 570 valde

614 611 778 667 distat
823 610 1046 677 titulus,
1101 610 1194 681 qui
1263 609 1416 667 libris
1481 607 1912 663 Testimoniorum
1953 607 2222 678 praeponi-

615 714 720 761 tur.

686 797 748 852 ν.
793 799 864 854 At
893 796 1054 869 hujus
1080 796 1227 852 modi
1259 795 1479 862 titulus,
1511 794 1720 866 inquies
1740 835 1756 863 ,
1790 809 1897 848 non
1928 791 2218 848 admodum

612 893 860 965 congruit
915 907 1039 948 eum
1083 891 1348 964 aliquibus
1391 889 1714 946 testimoniis
1765 903 1885 959 quae
1928 887 1980 942 in
2027 885 2218 942 eodem

612 988 796 1044 libello
840 986 1161 1058 allegantur,
1191 993 1248 1040 et
1283 984 1586 1055 praesertim
1611 997 1732 1038 cum
1775 980 1842 1037 12
1869 988 1920 1036 et
1952 979 2041 1034 45.
2071 978 2218 1046 Qua-

613 1097 759 1148 nam,
793 1081 1022 1136 obsecro
1045 1122 1061 1148 ,
1103 1081 1313 1134 ratione
1365 1092 1558 1134 eruere
1601 1075 1822 1146 peteris,
1863 1093 1881 1126 ι
1918 1074 2017 1128 Per
2049 1071 2221 1143 puerti-

618 1193 638 1228 ι
678 1175 898 1230 tentiam
926 1173 1124 1229 dimitti
1153 1187 1310 1244 posse
1341 1181 1559 1243 peccata
1576 1171 1625 1227 ei
1651 1213 1662 1237 ,
1693 1171 1782 1241 qui
1814 1168 1880 1224 ad
1912 1169 2079 1224 Deum
2106 1175 2218 1221 toto

617 1285 636 1321 ι
675 1266 854 1337 corde,
883 1267 1237 1333 convertitur,
1293 1286 1311 1318 ›
1371 1282 1438 1322 ex
1478 1281 1545 1322 eo
1597 1265 1737 1336 quod
1773 1282 1790 1314 ‹
1831 1263 2073 1318 oblivisci
2110 1276 2216 1316 non

616 1382 635 1416 ι
677 1362 845 1433 possit
868 1376 1063 1432 sponsa
1091 1361 1395 1416 ornamenti
1422 1362 1502 1414 sui
1526 1401 1540 1427 ,
1578 1374 1677 1414 nec
1703 1359 1854 1430 virgo
1879 1357 2064 1412 fasciaa
2093 1370 2217 1427 pec-

617 1475 636 1508 ι
678 1455 865 1510 toralis
896 1470 1008 1510 sua:
1042 1472 1054 1508 :
1085 1454 1312 1525 populus
1341 1468 1470 1508 vero
1501 1467 1595 1523 per
1621 1466 1791 1506 annos
1821 1448 2083 1520 plurimos
2116 1448 2217 1502 ob-

616 1569 636 1601 ι
676 1549 802 1605 litus
837 1549 907 1604 sit
951 1547 1086 1602 Dei?
1121 1566 1139 1600 ι
1177 1547 1384 1602 Rursus
1427 1560 1660 1618 quanam
1710 1545 1923 1600 ratione
1971 1542 2215 1599 eamdem

611 1641 806 1696 thesim
834 1639 1084 1695 derivare
1113 1640 1315 1710 poteris
1344 1654 1410 1695 ex
1453 1654 1521 1695 eo
1551 1638 1694 1710 quod
1726 1635 1842 1694 haec
1871 1637 2048 1692 tradat
2084 1650 2215 1705 apo-

607 1732 776 1788 stolus
805 1731 1043 1788 Paulus?
1075 1730 1308 1786 Prtedixi
1338 1739 1386 1784 et
1416 1731 1662 1800 prtedico,
1696 1739 1749 1783 ut
1791 1745 2013 1798 prwsens
2041 1730 2213 1796 sedeo,

2327 528 2390 568 ve
2412 512 2518 566 alia
2547 514 2755 568 ratione
2806 512 3098 584 aliquando
3127 513 3438 572 defecerant
3464 516 3569 588 (5).
3609 517 3718 572 Alii
3749 528 3935 576 contra

2326 605 2582 661 facillime
2610 606 2665 660 in
2697 605 2814 677 ipso
2842 607 3231 676 persecutionis
3261 607 3472 665 fervore
3511 618 3638 666 ante
3663 611 3932 682 paeniten-

2328 699 2458 754 tiam
2490 709 2766 772 peractam
2801 700 2919 756 sine
2944 701 3188 773 episcopi
3224 717 3491 761 consensu
3533 705 3603 761 ad
3623 720 3934 763 sacramen-

2324 799 2498 846 torum
2540 793 2972 848 communionem
3021 793 3202 864 lapsos
3246 794 3603 852 admittebant
3631 797 3748 870 (4).
3807 798 3933 856 [line

2327 887 2608 954 nonnulli,
2641 887 2855 944 tametsi
2889 888 3046 944 valde
3075 889 3331 960 gravibus
3361 891 3677 948 criminibus
3724 893 3931 963 polluti,

2327 979 2466 1036 adeo
2495 978 2744 1051 prompte
2766 1023 2780 1047 ,
2817 979 2976 1036 facile
3002 982 3142 1038 adeo
3190 984 3292 1039 sibi
3335 983 3604 1056 indulgeri
3631 987 3933 1056 volebant,

2333 1082 2390 1128 ut
2417 1073 2598 1128 statim
2652 1083 2706 1128 et
2752 1073 2870 1130 sine
2920 1074 3028 1130 ulla
3069 1075 3332 1131 canonica
3382 1078 3706 1147 poenitentia
3735 1078 3758 1152 (
3785 1079 3932 1152 longe

2325 1165 2484 1221 aliter
2516 1181 2578 1221 ac
2605 1175 2818 1222 veteres
2857 1181 3096 1224 canones
3121 1176 3178 1223 et
3201 1169 3538 1226 consuetudo
3558 1171 3930 1228 ecclesiastica

2324 1259 2685 1330 praeciperent.
2731 1261 2749 1329 )
2803 1260 2906 1316 sibi
2962 1261 3166 1316 remitti
3217 1270 3506 1331 poscerent
3569 1279 3929 1336 quaecumque

2326 1362 2648 1422 peccassent
2693 1361 2891 1420 antea,
2943 1368 3014 1408 ne
3061 1353 3181 1424 ipso
3223 1353 3440 1424 quidem
3487 1364 3728 1427 excepto
3767 1356 3929 1413 schis-

2327 1446 2488 1500 matis
2533 1456 2695 1516 atque
2737 1445 3025 1516 apostasia:
3069 1446 3318 1503 crimine.
3349 1445 3577 1503 Veniam
3625 1458 3819 1504 autem
3879 1461 3928 1505 ut

2323 1539 2662 1609 promptius,
2694 1539 3007 1610 certiusque
3050 1539 3438 1610 impetrarent,
3485 1540 3550 1596 ad
3580 1541 3922 1600 confessores

2325 1646 2388 1688 ac
2417 1641 2684 1704 martyres
2710 1633 3131 1702 confugiebant,
3162 1643 3222 1689 ut
3247 1634 3714 1692 commendatitiis
3744 1651 3920 1692 eorum

2327 1725 2529 1782 litteris
2555 1767 2570 1794 ,
2601 1726 2770 1782 veluti
2802 1727 3040 1782 subsidio
3079 1726 3311 1798 quodam
3337 1737 3430 1795 et;
3471 1728 3520 1785 si
3549 1728 3707 1800 loqui
3736 1729 3808 1785 ita
3834 1747 3922 1787 vo-

607 1835 655 1880 et
680 1825 861 1880 absens
890 1840 1026 1879 nunc
1053 1825 1117 1880 iis
1142 1826 1230 1894 qui
1260 1834 1378 1877 ante
1407 1831 1768 1894 peccaverunt,
1800 1834 1845 1877 et
1875 1824 2069 1878 caeteris
2100 1839 2212 1876 om-
2245 1803 2294 1864 Β
2325 1817 2538 1886 lumus,
2579 1839 2598 1871 ι
2638 1819 2974 1889 poenitentiae
3025 1819 3090 1874 iis
3135 1819 3332 1877 debita:
3381 1821 3774 1892 supplemento
3808 1842 3826 1874 ι
3873 1823 3917 1878 in

607 1919 780 1987 nibus,
810 1918 932 1990 quia
957 1919 1001 1973 si
1032 1933 1213 1972 renero
1244 1932 1347 1970 non
1373 1933 1606 1986 parcam.

681 2011 772 2066 VI.
807 2010 957 2065 Haud
983 2011 1118 2066 levis
1149 2009 1364 2064 videtur
1403 2023 1527 2064 esse
1562 2010 1676 2063 haec
1701 2008 2008 2073 difficultas,
2053 2022 2211 2076 quam

607 2114 784 2161 tamen
806 2104 961 2159 facile
983 2103 1267 2171 dissolves,
1287 2103 1331 2157 si
1347 2102 1592 2158 advertes
1616 2119 1720 2159 non
1741 2103 1808 2158 de
1830 2104 2016 2173 quavis
2040 2103 2214 2174 poeni-

606 2199 771 2254 tentia
804 2198 1013 2254 locutos
1039 2195 1208 2252 fuisse
1240 2206 1453 2253 veteres
1487 2197 1676 2253 Patres
1723 2199 1813 2267 qui
1859 2197 2061 2252 remitti
2115 2212 2212 2267 per

607 2306 727 2347 cam
759 2305 920 2360 posse
967 2289 1274 2346 docuerunt
1324 2289 1583 2360 qumlibet
1617 2289 1845 2343 crimina
1867 2331 1880 2355 ,
1923 2289 2018 2344 sed
2049 2289 2116 2344 de
2146 2304 2210 2344 ca

606 2399 768 2455 quam
796 2384 1055 2455 poscebat
1086 2383 1328 2440 Ecclesia
1349 2424 1364 2450 ,
1398 2392 1607 2439 vetusta
1634 2383 1916 2454 disciplina
1939 2426 1952 2448 ,
1987 2399 2050 2438 ac
2079 2398 2210 2439 con-

605 2475 894 2536 suetudine
931 2476 1114 2532 innixa
1150 2495 1164 2530 :
1197 2477 1275 2532 sic
1297 2485 1354 2531 ut
1384 2485 1494 2531 tres
1521 2491 1736 2554 erro_res
1774 2475 2058 2532 evitandos
2087 2491 2206 2531 mo-

608 2577 849 2624 nerent:
893 2585 1016 2625 eum
1070 2584 1231 2640 quem
1283 2569 1704 2624 Novatianorum
1762 2569 2090 2635 crudelitas,
2147 2579 2208 2624 et

605 2663 907 2732 pervicacia
935 2661 1195 2717 adversus
1224 2662 1483 2718 Ecclesiae
1526 2669 1850 2732 potestatem
1885 2671 2154 2717 struxerat
2188 2680 2202 2716 :

608 2774 627 2808 ι
664 2753 924 2810 Graviora
954 2764 1174 2825 peccata
1205 2755 1401 2811 dimitti
1432 2771 1590 2826 posse
1642 2756 1949 2826 negantium
1979 2773 1993 2809 :
2031 2775 2050 2807 ι
2079 2771 2202 2812 eum

601 2847 804 2918 pariter
843 2863 1004 2918 quem
1033 2849 1198 2904 nimia
1238 2849 1504 2905 severitas
1533 2849 1917 2904 nonnullorum
1962 2849 2204 2904 Catholi-

601 2958 788 2998 corum
815 2951 1057 2999 statuere
1087 2942 1366 3009 studebat,
1402 2942 1681 2998 fatentium
1721 2943 1931 2998 scilicet
1962 2942 2202 2998 remissio

601 3037 726 3093 bilia
754 3052 876 3094 esse
906 3037 1123 3109 quidem
1155 3038 1381 3093 crimina
1404 3038 1609 3108 quaevis
1640 3055 1653 3091 :
1680 3038 1992 3108 negantium
2019 3046 2198 3094 tamen

602 3130 946 3186 tribuendam
981 3130 1358 3186 remissionem
1398 3138 1452 3186 et
1487 3131 1700 3185 veniam
1733 3131 1785 3184 in
1815 3141 2032 3199 peccata
2075 3147 2198 3201 gra-

601 3224 751 3279 viora
797 3223 961 3294 lapsis
981 3267 996 3291 ,
1049 3238 1251 3294 eosque
1291 3223 1359 3278 ab
1387 3222 1630 3278 Ecclesia
1657 3231 1712 3278 et
1735 3237 1764 3277 a
1787 3237 1883 3292 spe
1911 3223 2082 3278 venite
2113 3240 2196 3279 re-

605 3317 953 3387 pellentium;
988 3331 1112 3372 eum
1142 3316 1376 3386 denique
1403 3331 1561 3386 quem
1592 3315 1754 3368 nimia
1788 3314 2116 3386 indulgentia
2143 3323 2198 3370 et

601 3410 798 3465 lenitas
825 3411 1052 3465 aliorum
1103 3410 1360 3466 inducere
1406 3409 1687 3476 studebat;
1736 3408 2092 3465 admittebant
2141 3410 2195 3464 lii

597 3517 795 3572 nempe
849 3502 902 3558 in
958 3501 1291 3568 Ecclesiam,
1343 3503 1783 3572 recipiebantque
1839 3502 1905 3557 ad
1953 3518 2195 3557 commu-

597 3601 815 3652 nionem
855 3596 1034 3667 lapsos
1055 3638 1070 3663 ,
1104 3596 1305 3650 nullam
1327 3637 1341 3661 ,
1376 3607 1466 3650 aut
1493 3605 1638 3651 certe
1664 3595 1992 3651 levissimam
2026 3597 2196 3668 ι)ωηὶ-

603 3688 828 3744 tentiam
869 3688 938 3744 ab
991 3687 1056 3742 iis
1105 3695 1498 3758 exposcentes,
1550 3703 1650 3742 nec
1683 3703 1804 3742 eam
1857 3704 1986 3745 sane
2034 3704 2193 3760 quam

597 3779 964 3836 ecclesiastica
1020 3777 1390 3846 consuetudo,
1419 3779 1884 3851 etsapientiornm
1932 3788 2198 3851 praestan-

595 3874 906 3944 tiorumque
928 3873 1312 3945 episcoporum
1341 3875 1644 3930 constantia
1675 3873 2023 3945 efflagitabat.

682 3965 796 4020 VII.
826 3966 906 4020 Ac
959 3966 1287 4021 Novatianos
1334 3967 1550 4036 quidem
1574 4007 1589 4033 ,
1623 3975 1905 4037 postquam
1962 3967 2195 4022 scltisma

592 4058 929 4124 conflarant,
977 4068 1031 4113 et
1074 4069 1275 4114 sectam
1304 4074 1333 4113 a
1363 4058 1624 4114 catholica
1675 4059 2057 4115 communione
2101 4075 2183 4115 se-

588 4151 874 4222 junctam,
933 4149 1186 4205 docuisse
1237 4159 1458 4220 peccata
1508 4150 1754 4221 quaedam
1801 4153 2189 4208 irremissibilia

590 4253 736 4308 esse,
764 4241 1065 4296 indubitata
1081 4256 1168 4297 res
1187 4251 1296 4308 est;
1329 4251 1384 4298 et
1409 4241 1553 4297 hunc
1574 4256 1705 4298 Sane
1722 4259 1962 4300 errorem
1992 4245 2191 4300 indicat

589 4336 907 4409 Cyprianus,
927 4336 1087 4408 epist.
1121 4334 1304 4407 Ln(1).
1339 4335 1445 4392 Sed
1462 4337 1749 4393 manifesto
1771 4353 1892 4392 eum
1917 4338 2191 4410 redarguit

589 4442 780 4488 auctor
828 4430 999 4487 libelli
1043 4430 1111 4486 ad
1164 4430 1517 4487 Novatianum
1576 4433 1874 4489 hwreticum
1931 4432 2187 4506 Cypriani

589 4525 834 4597 teqnalis,
887 4541 954 4580 ex
983 4539 1093 4596 quo
1133 4541 1232 4580 nos
1259 4539 1403 4596 saspe
1443 4526 1608 4582 verba
1639 4527 2025 4597 allegabimus,
2060 4528 2184 4584 red-
2210 4521 2264 4581 D

587 4619 765 4691 arguit
789 4633 1004 4690 quoque
1056 4619 1322 4676 Pacianus
1343 4662 1358 4688 ,
1411 4636 1571 4692 quem
1603 4621 1860 4694 deinceps
1894 4622 2184 4693 aliquando

585 4713 895 4770 citabimus.

657 4805 792 4861 Vill.
821 4803 1009 4878 Neque
1034 4820 1164 4863 vero
1190 4815 1396 4863 temere
1421 4806 1563 4876 dixi,
1600 4807 1768 4863 nimio
1799 4808 1916 4880 plus
1961 4823 2182 4866 severos

585 4898 757 4957 fuisse
795 4897 1052 4971 Cypriani
1101 4907 1264 4955 aetate
1313 4901 1634 4967 nonnullos,
1684 4901 1822 4957 adeo
1861 4903 2067 4958 scilicet
2124 4911 2183 4958 ut

585 4994 894 5050 criminosis
923 4995 1140 5051 veniam
1169 5009 1392 5066 prorsus
1423 4995 1789 5067 denegarent,
1833 5007 1889 5052 et
1913 4997 2178 5053 ecclesia-

582 5091 774 5148 sticam
803 5091 1239 5146 communionem
1263 5108 1275 5145 :
1297 5098 1484 5145 contra
1512 5089 1854 5162 indulgentes
1871 5091 2007 5147 adeo
2023 5091 2177 5159 alios,

580 5195 642 5243 ut
713 5185 1012 5242 sceleribus
1073 5185 1414 5256 gravissimis
1469 5185 1701 5255 pollutos
1764 5185 1816 5240 in
1876 5185 2177 5242 Ecclesiam

579 5279 762 5336 Statim
794 5279 1133 5349 reciperent,
1163 5293 1338 5349 neque
1363 5277 1432 5333 ab
1460 5278 1525 5333 iis
1557 5278 1820 5334 salutares
1853 5278 1970 5335 illas
2001 5279 2176 5336 afﬂic-

576 5374 812 5430 tationes
828 5381 1212 5444 exposcerent,
1245 5387 1380 5444 quas
1405 5371 1648 5428 Ecclesia
1677 5381 1954 5428 statuerat.
2009 5373 2178 5428 Nimi-

577 5485 699 5528 rum
721 5513 734 5538 ,
769 5478 829 5526 ut
857 5485 925 5526 ex
955 5468 1213 5541 Cypriani
1243 5467 1398 5523 libris
1429 5467 1804 5538 asscquimur,
1833 5466 1997 5536 aliqui
2032 5466 2176 5537 quod

572 5563 684 5637 jam
709 5567 854 5635 dixi,
893 5565 1137 5636 recipere
1165 5562 1423 5620 nolebant
1468 5575 1689 5632 prorsus
1709 5560 1777 5615 ad
1807 5560 2174 5631 pmnitentiam

575 5662 818 5732 gravium
845 5660 1137 5717 criminum
1178 5672 1335 5724 reos,
1360 5655 1440 5731 (2)
1466 5671 1642 5728 neque
1665 5655 1721 5712 in
1747 5653 2046 5711 Ecclesiam
2077 5651 2174 5710 ad-

569 5794 593 5846 ;
649 5775 731 5846 (Ι)
754 5777 816 5832 Ρ.
847 5775 974 5842 157,
999 5774 1156 5844 cujus
1176 5772 1338 5846 verba
1366 5770 1592 5827 consule
1613 5770 1680 5826 ad
1706 5769 1884 5828 locum
1911 5787 2027 5826 vm.

683 5777 731 5846 l)
754 5777 816 5832 P.
847 5775 974 5842 157,
999 5775 1156 5844 cujus
1176 5775 1338 5830 verba
1366 5775 1592 5827 consule
1613 5775 1680 5826 ad
1706 5775 1884 5828 locum
1911 5787 2027 5826 vm.

649 5775 730 5921 ΣΞ)
761 5865 781 5902 ι
811 5847 878 5904 Ει
903 5847 1119 5921 quidem
1145 5845 1286 5918 apud
1312 5852 1686 5902 antecessores
1718 5851 1930 5900 nostros
1957 5841 2174 5915 quidam

2321 1911 2563 1970 fidelium
2592 1923 2791 1969 emtum
2810 1956 2824 1980 ,
2858 1922 3018 1984 atque
3039 1914 3460 1991 ecclesiasticam
3483 1917 3916 1972 communionem

2319 2007 2732 2064 admitterentur
2757 2007 2862 2080 (5).
2892 2008 3046 2076 Quod
3069 2009 3114 2064 si
3145 2009 3379 2081 episcopi
3421 2025 3531 2065 non
3552 2024 3651 2067 eos
3681 2011 3918 2082 pretinus

2316 2101 2648 2171 recipiebant
2699 2101 3169 2172 exposcebantque
3192 2145 3207 2168 ,
3245 2113 3302 2157 ut
3335 2103 3562 2159 vetustis
3591 2105 3915 2174 ptenitentia:

2315 2192 2524 2264 legibus
2557 2208 2617 2248 se
2671 2193 2998 2261 subderent,
3041 2193 3108 2249 ad
3161 2201 3362 2250 tantam
3407 2193 3706 2266 aliquando
3735 2211 3915 2265 perve-

2317 2286 2542 2342 niebant
2571 2286 2932 2357 postulatores
2961 2285 3049 2341 isti
3082 2287 3470 2354 temeritatem,
3501 2296 3558 2341 ut
3578 2287 3910 2344 minarentur

2318 2378 2536 2434 easdem
2567 2379 2774 2434 litteras
2795 2393 2854 2434 se
2881 2378 3114 2434 lecturos
3140 2393 3323 2434 coram
3355 2379 3575 2450 populo,
3606 2395 3636 2434 a
3661 2394 3771 2451 quo
3798 2395 3905 2435 eam

2310 2474 2750 2530 communionem
2808 2489 2871 2530 ac
2923 2477 3178 2542 veniam,
3233 2489 3366 2544 quas
3426 2485 3622 2545 Sponte
3669 2475 3896 2545 episc0pi

2309 2567 2588 2638 impartire
2617 2568 2918 2637 noluerant,
2961 2567 3118 2624 facile
3153 2578 3572 2640 assequerentur
3593 2569 3704 2642 (6).
3751 2569 3904 2639 Hujus

2308 2663 2384 2718 rei
2427 2663 2563 2720 adeo
2611 2663 2894 2720 manifesta
2944 2663 3210 2720 habemus
3249 2663 3496 2735 exempla
3542 2664 3596 2719 in
3641 2665 3898 2735 quinqua-

2305 2757 2510 2826 gesima
2540 2758 2726 2828 quinta
2757 2756 3015 2829 Cypriani
3049 2757 3309 2828 epistola,
3367 2767 3424 2812 ut
3468 2758 3538 2814 de
3567 2773 3632 2814 ea
3669 2759 3899 2815 dubitare

2316 2850 2502 2919 utique
2530 2865 2636 2906 non
2659 2852 2950 2920 possimus.
2970 2850 3162 2921 Aliqua
3188 2862 3390 2917 tamen,
3413 2849 3648 2908 fortasse
3681 2853 3891 2922 poliam,

2305 2941 2546 3010 ejusdem
2588 2943 2830 3013 epistola:
2860 2943 2975 2999 loca
3025 2943 3078 2999 in
3111 2943 3318 3015 pagina:
3356 2945 3502 3000 calce
3547 2946 3753 3013 indico;
3794 2947 3887 3000 alia

2305 3047 2401 3103 per
2426 3048 2486 3088 se
2515 3032 2634 3104 ipse
2663 3035 2952 3091 consulere
2980 3036 3179 3106 poterit
3203 3035 3507 3110 lector.(7).

2223 3202 2267 3266 ρ
2308 3208 2327 3242 ι
2361 3191 2430 3247 de
2454 3191 2720 3266 episcopis
2749 3192 2887 3260 istis,
2919 3193 2972 3246 in
2997 3191 3270 3262 provincia
3302 3202 3508 3257 nostra,
3535 3193 3760 3250 dandam
3787 3210 3883 3266 pa-

2307 3281 2326 3314 r
2363 3279 2480 3336 cem
2497 3263 2722 3320 moechis
2742 3279 2845 3319 non
2874 3273 3276 3334 putaverunt,et
3299 3266 3352 3319 in
3377 3274 3542 3320 totum
3570 3263 3879 3336 pmniten'tia:

2306 3351 2326 3406 ι
2365 3335 2538 3390 locum
2569 3346 2756 3390 contra
2783 3335 3044 3391 adulteria
3066 3336 3376 3391 clauserunt
3399 3335 3588 3406 (Epist.
3624 3351 3707 3399 Lit,
3751 3352 3872 3406 pag.

2301 3405 2450 3477 155).
2482 3425 2500 3458 ι
2541 3405 2671 3461 Vide
2722 3407 2930 3461 Bulnzii
2971 3419 3150 3461 notam
3197 3407 3266 3462 59
3294 3420 3349 3463 et
3383 3408 3445 3462 6-3
3473 3405 3536 3477 in
3590 3405 3879 3476 Epistulam

2301 3475 2459 3533 hanc.
2493 3477 2696 3532 Horum
2739 3479 3106 3533 austeritatem
3159 3479 3436 3534 renovavit
3461 3476 3735 3534 Ianuarius
3760 3479 3880 3545 ille,

2299 3549 2389 3619 qui
2423 3549 2742 3622 monachum
2769 3549 3053 3622 quemdam
3077 3551 3246 3619 Stupri
3278 3566 3400 3605 cmn
3449 3552 3663 3622 moniali
3691 3551 3882 3622 virgine

2299 3621 2574 3675 commissi
2625 3637 2798 3684 reum,
2829 3620 2895 3674 ad
2953 3623 3322 3690 paenitentiam
3348 3621 3634 3677 admittere
3681 3620 3876 3677 noluit:

2299 3691 2659 3757 Quamobrem
2693 3692 3055 3761 reprehensus
3083 3701 3165 3747 est
3207 3708 3236 3746 a
3277 3692 3580 3759 Baebiario,
3629 3695 3736 3748 viro
3761 3694 3878 3748 doc-

2299 3763 2529 3831 tissimo,
2563 3763 2652 3833 qui
2673 3763 2920 3818 eumdem
2955 3763 3276 3834 monachum
3304 3763 3371 3818 ad
3423 3767 3782 3834 paenitentiam
3807 3779 3878 3819 re-

2298 3834 2603 3904 cipiendum
2653 3835 2882 3890 censuit.
2925 3833 3060 3890 Vide
3085 3849 3176 3905 op.
3208 3833 3435 3890 Baebia.
3468 3835 3625 3891 Edita
3646 3853 3674 3891 a
3723 3837 3873 3892 Fran-

2298 3905 2442 3960 cisco
2472 3907 2676 3973 Florio,
2710 3920 2765 3975 p.
2797 3906 2888 3961 56.

2371 3975 2451 4048 (5)
2487 3997 2505 4029 ι
2530 3977 2600 4032 Ει
2627 3976 2748 4032 ideo
2780 3976 3000 4047 placuit,
3026 3977 3194 4034 frater
3219 3977 3556 4046 charissime,
3581 3978 3876 4035 examinatis

2303 4065 2321 4100 ι
2351 4056 2527 4103 causis
2557 4048 2910 4119 singulorum,
2940 4048 3255 4105 libellaticos
3285 4050 3500 4105 interim
3529 4050 3756 4106 admitti.
3787 4053 3874 4107 Sa-

2305 4137 2323 4172 ι
2361 4120 2615 4192 crificatis
2663 4123 2917 4192 inexitu
2969 4121 3334 4192 subveniri....
3364 4121 3474 4177 Nec
3507 4133 3700 4192 putes,
3733 4123 3877 4178 frater

2303 4209 2322 4244 ι
2357 4190 2697 4256 charissime,
2733 4190 2859 4246 hinc
2880 4201 2973 4245 aut
2998 4191 3248 4248 virtutem
3280 4190 3522 4248 fratrnm'
3564 4195 3751 4259 minui,
3795 4202 3876 4248 aut

2300 4280 2319 4314 ι
2359 4265 2611 4336 martyria
2631 4263 2883 4336 deiicere,
2903 4263 3045 4336 quod
3063 4263 3228 4333 lapsis
3251 4264 3426 4318 laxata
3454 4265 3528 4336 sit
3553 4266 3872 4336 pmnitentia,

2300 4351 2319 4385 ‹
2355 4345 2411 4390 et
2435 4334 2576 4409 quod
2627 4334 3011 4409 paenitentibus
3049 4349 3180 4409 spes
3221 4338 3375 4409 pacis
3417 4334 3618 4409 oblata.
3649 4357 3666 4389 ι
3698 4337 3871 4409 (Epist.

2301 4420 2392 4469 ιιι,
2419 4407 2484 4461 ad
2518 4406 2912 4474 Antonianum,
2945 4406 3013 4462 de
3040 4405 3294 4464 Cornelio
3332 4417 3386 4462 et
3423 4405 3737 4472 Novatiano,
3763 4405 3875 4479 pag.

2295 4477 2398 4533 155
2425 4489 2480 4533 et
2508 4475 2663 4533 154.)

2425 4489 2480 4533 et
2508 4489 2633 4532 154.

2364 4549 2438 4623 (4)
2471 4548 2605 4623 Vide
2638 4548 2810 4619 Epist.
2834 4565 2909 4616 ιχ,
2933 4564 3053 4623 pag.
3069 4549 3222 4623 {17,et
3245 4551 3404 4623 epist.
3434 4566 3530 4617 χιι,
3551 4551 3775 4623 pag._57.
3809 4549 3874 4623 Et

2288 4621 2474 4676 rursus
2522 4621 2661 4688 epist
2692 4637 2783 4688 LII,
2817 4636 2939 4691 pag.
2995 4621 3114 4676 1-10.
3175 4639 3194 4672 ι
3231 4622 3470 4692 Denique
3495 4621 3708 4676 cum’de
3752 4621 3872 4692 qui-

2293 4710 2313 4744 ‹
2345 4692 2570 4749 busdam
2593 4692 2658 4746 ad
2687 4709 2773 4748 me
2804 4693 3103 4764 presbyteri
3155 4700 3211 4748 et
3261 4693 3471 4764 diaconi
3521 4694 3874 4762 scripsissent,

2292 4782 2311 4816 ι
2347 4779 2440 4819 eos
2485 4764 2866 4819 immoderatos
2921 4763 3077 4831 eSse,
3143 4771 3200 4820 et
3235 4763 3302 4820 ad
3344 4766 3874 4820 communicationem

2292 4855 2311 4889 ι
2346 4836 2710 4906 accipiendam
2744 4836 3057 4891 festinanter
3081 4850 3293 4905 urgere,
3316 4845 3420 4892 etc.
3438 4855 3456 4888 ι

2357 4908 2440 4980 (5)
2468 4906 2526 4962 1d
2569 4907 2907 4980 apertissime
2963 4907 3190 4980 traditur
3221 4907 3272 4962 in
3321 4908 3480 4980 epist.
3515 4924 3601 4972 ιν,
3632 4907 3875 4980 Cypriani

2280 4979 2347 5034 ad
2386 4979 2696 5034 Cornelium
2745 4979 2849 5032 illis
2889 4979 3189 5048 praesertim
3245 4979 3444 5034 verbis.
3505 4997 3523 5030 ι
3568 4979 3689 5036 Sed
3736 4980 3874 5036 enim

2287 5068 2304 5102 ι
2340 5051 2474 5108 lecta
2502 5052 2602 5104 alia
2635 5059 2723 5104 tua
2767 5050 3016 5120 epistola,
3053 5050 3235 5115 frater,
3268 5066 3430 5121 quam
3474 5052 3660 5120 primis
3692 5051 3875 5106 litteris

2287 5140 2307 5174 ι
2343 5122 2684 5192 subjnnxisti,
2725 5124 2856 5177 satis
2879 5122 3103 5176 miratus
3131 5137 3274 5188 sum,
3301 5137 3424 5176 cum
3468 5123 3872 5178 animadvertis-

2288 5212 2306 5246 ι
2338 5209 2451 5249 sem
2480 5204 2530 5248 te
2557 5194 2738 5259 minis,
2761 5203 2920 5264 atque
2951 5194 3248 5248 terroribus
3264 5209 3474 5260 eorum,
3505 5194 3595 5264 qui
3625 5202 3874 5264 venerant

2288 5283 2306 5316 ι
2339 5265 2669 5334 aliquantum
2685 5279 2809 5320 esse
2833 5273 3161 5319 commotum
3179 5279 3302 5320 cum
3319 5273 3391 5327 te.
3414 5263 3712 5320 secundum
3739 5263 3873 5336 quod

2287 5354 2306 5390 ι
2343 5337 2606 5407 scripsisti
2637 5337 2876 5407 aggressi
2903 5346 3106 5403 essent,
3136 5351 3259 5392 cum
3278 5351 3488 5390 summa
3505 5336 3873 5406 desperatione

2287 5427 2306 5462 ‹
2342 5410 2747 5471 comminantes,
2775 5407 2915 5476 quod
2944 5408 2990 5462 si
3013 5408 3240 5472 litteras,
3270 5423 3403 5477 quas
3429 5409 3742 5471 attulerunt.
3773 5422 3871 5462 non

2287 5499 2305 5534 ι
2342 5481 2644 5551 accepisses
2671 5479 2884 5550 publice
2922 5493 3014 5534 eas
3041 5481 3348 5551 recitarem,
3383 5489 3438 5534 et
3474 5480 3642 5534 multa
3683 5480 3868 5551 turpia,

2287 5569 2307 5604 ι
2341 5568 2404 5607 ac
2434 5550 2713 5623 probrosa,
2737 5561 2791 5606 et
2827 5566 2923 5605 ore
2953 5565 3050 5606 suo
3075 5550 3233 5621 digna
3265 5551 3586 5620 proferrent.
3613 5570 3632 5602 ι

2352 5623 2436 5694 (6)
2470 5623 2956 5694 Videsuperiorem
2982 5624 3408 5678 annotationem.

2353 5693 2434 5768 (7)
2471 5714 2491 5747 ‹
2517 5693 2622 5751 Sed
2644 5695 2788 5768 enim
2821 5695 2979 5768 lecta,
3013 5704 3116 5768 etc.
3161 5713 3180 5747 ι
3217 5695 3420 5750 Recole
3443 5694 3750 5766 superiores
3779 5709 3871 5750 an-

2280 5766 2606 5826 notationes.
2633 5785 2651 5818 ι
2675 5766 2740 5821 Ει
2768 5767 2844 5822 illi
2865 5777 3050 5839 contra
3078 5767 3246 5823 Deum
3273 5768 3542 5839 sacrilegi,
3566 5777 3753 5824 contra
3784 5781 3869 5839 sa-

2287 5862 2308 5896 (
2345 5840 2594 5900 cerdotes
2625 5839 2720 5898 Dei
2746 5839 2914 5912 impio
2961 5838 3141 5897 furore
3167 5841 3438 5896 temerarii
3456 5837 3488 5910 ,'
3513 5840 3579 5896 de
3603 5837 3867 5899 Eccclesia
