  <div class='ocr_page' id='page_1' title='image "/cluster/home/n/w/nwhite01/storage/ocr_20150623/4/hvd.32044048207708/586.png"; bbox 0 0 4156 6248; ppageno 0'>
   <div class='ocr_carea' id='block_1_1' title="bbox 294 236 428 296">
    <p class='ocr_par' dir='ltr' id='par_1_1' title="bbox 294 236 428 296">
     <span class='ocr_line' id='line_1_1' title="bbox 294 236 428 296; baseline 0.015 -2"><span class='ocrx_word' id='word_1_1' title='bbox 294 236 428 296; x_wconf 71' lang='grc'><strong>1161</strong></span> 
     </span>
    </p>
   </div>
   <div class='ocr_carea' id='block_1_2' title="bbox 1499 240 2314 303">
    <p class='ocr_par' dir='ltr' id='par_1_2' title="bbox 1499 240 2314 303">
     <span class='ocr_line' id='line_1_2' title="bbox 1499 240 2314 303; baseline -0.002 -2"><span class='ocrx_word' id='word_1_2' title='bbox 1499 241 1911 303; x_wconf 75' lang='lat' dir='ltr'><strong>SUPEBIORIS</strong></span> <span class='ocrx_word' id='word_1_3' title='bbox 1948 242 2084 302; x_wconf 87' lang='lat' dir='ltr'><strong>OPU</strong></span> <span class='ocrx_word' id='word_1_4' title='bbox 2093 240 2173 302; x_wconf 86' lang='lat' dir='ltr'><strong>SC</strong></span> <span class='ocrx_word' id='word_1_5' title='bbox 2184 243 2314 303; x_wconf 87' lang='lat' dir='ltr'><strong>UL].</strong></span> 
     </span>
    </p>
   </div>
   <div class='ocr_carea' id='block_1_3' title="bbox 3453 258 3597 319">
    <p class='ocr_par' dir='ltr' id='par_1_3' title="bbox 3453 258 3597 319">
     <span class='ocr_line' id='line_1_3' title="bbox 3453 258 3597 319; baseline 0 0"><span class='ocrx_word' id='word_1_6' title='bbox 3453 258 3597 319; x_wconf 73' lang='grc'><strong>1162</strong></span> 
     </span>
    </p>
   </div>
   <div class='ocr_carea' id='block_1_4' title="bbox 363 355 3591 444">
    <p class='ocr_par' dir='ltr' id='par_1_4' title="bbox 363 355 3591 444">
     <span class='ocr_line' id='line_1_4' title="bbox 363 355 3591 444; baseline 0.009 -41"><span class='ocrx_word' id='word_1_7' title='bbox 363 355 666 427; x_wconf 83' lang='lat' dir='ltr'><strong>Utrumque</strong></span> <span class='ocrx_word' id='word_1_8' title='bbox 709 369 873 427; x_wconf 83' lang='lat' dir='ltr'><strong>porro</strong></span> <span class='ocrx_word' id='word_1_9' title='bbox 916 356 1193 429; x_wconf 70' lang='lat' dir='ltr'><strong>displicuit</strong></span> <span class='ocrx_word' id='word_1_10' title='bbox 1217 358 1513 433; x_wconf 75' lang='lat' dir='ltr'><strong>Cypriano,</strong></span> <span class='ocrx_word' id='word_1_11' title='bbox 1557 363 1714 433; x_wconf 82' lang='lat' dir='ltr'><strong>cujus</strong></span> <span class='ocrx_word' id='word_1_12' title='bbox 1754 379 1883 421; x_wconf 71' lang='lat' dir='ltr'><strong>seu-</strong></span> <span class='ocrx_word' id='word_1_13' title='bbox 1911 366 1963 425; x_wconf 74' lang='grc' dir='ltr'><strong>Α</strong></span> <span class='ocrx_word' id='word_1_14' title='bbox 1996 379 2015 413; x_wconf 83' lang='grc'><strong>‹</strong></span> <span class='ocrx_word' id='word_1_15' title='bbox 2054 362 2389 430; x_wconf 91' lang='lat' dir='ltr'><strong>charissime,</strong></span> <span class='ocrx_word' id='word_1_16' title='bbox 2415 361 2817 422; x_wconf 89' lang='lat' dir='ltr'><strong>isticinteresse</strong></span> <span class='ocrx_word' id='word_1_17' title='bbox 2832 364 3141 437; x_wconf 90' lang='lat' dir='ltr'><strong>nobiscum,</strong></span> <span class='ocrx_word' id='word_1_18' title='bbox 3175 382 3299 426; x_wconf 90' lang='lat' dir='ltr'><strong>cum</strong></span> <span class='ocrx_word' id='word_1_19' title='bbox 3324 374 3476 444; x_wconf 87' lang='lat' dir='ltr'><strong>parvi</strong></span> <span class='ocrx_word' id='word_1_20' title='bbox 3497 378 3591 434; x_wconf 90' lang='lat' dir='ltr'><strong>isti</strong></span> 
     </span>
    </p>
   </div>
   <div class='ocr_carea' id='block_1_5' title="bbox 292 449 1885 524">
    <p class='ocr_par' dir='ltr' id='par_1_5' title="bbox 292 449 1885 524">
     <span class='ocr_line' id='line_1_5' title="bbox 292 449 1885 524; baseline 0.006 -22"><span class='ocrx_word' id='word_1_21' title='bbox 292 449 517 504; x_wconf 88' lang='lat' dir='ltr'><strong>tentiam</strong></span> <span class='ocrx_word' id='word_1_22' title='bbox 564 460 621 504; x_wconf 87' lang='lat' dir='ltr'><strong>et</strong></span> <span class='ocrx_word' id='word_1_23' title='bbox 675 450 907 521; x_wconf 80' lang='lat' dir='ltr'><strong>amplexi</strong></span> <span class='ocrx_word' id='word_1_24' title='bbox 936 462 1065 507; x_wconf 89' lang='lat' dir='ltr'><strong>sunt</strong></span> <span class='ocrx_word' id='word_1_25' title='bbox 1109 452 1357 524; x_wconf 82' lang='lat' dir='ltr'><strong>plerique</strong></span> <span class='ocrx_word' id='word_1_26' title='bbox 1405 454 1532 511; x_wconf 92' lang='lat' dir='ltr'><strong>dum</strong></span> <span class='ocrx_word' id='word_1_27' title='bbox 1581 456 1758 511; x_wconf 89' lang='lat' dir='ltr'><strong>adhuc</strong></span> <span class='ocrx_word' id='word_1_28' title='bbox 1801 457 1885 512; x_wconf 89' lang='lat' dir='ltr'><strong>vi-</strong></span> 
     </span>
    </p>
   </div>
   <div class='ocr_carea' id='block_1_6' title="bbox 289 539 1889 619">
    <p class='ocr_par' dir='ltr' id='par_1_6' title="bbox 289 539 1889 619">
     <span class='ocr_line' id='line_1_6' title="bbox 289 539 1889 619; baseline 0.007 -26"><span class='ocrx_word' id='word_1_29' title='bbox 289 549 443 597; x_wconf 90' lang='lat' dir='ltr'><strong>veret</strong></span> <span class='ocrx_word' id='word_1_30' title='bbox 465 539 570 615; x_wconf 77' lang='lat'><strong>(1),</strong></span> <span class='ocrx_word' id='word_1_31' title='bbox 598 551 652 598; x_wconf 91' lang='lat' dir='ltr'><strong>et</strong></span> <span class='ocrx_word' id='word_1_32' title='bbox 681 544 851 599; x_wconf 91' lang='lat' dir='ltr'><strong>secuti</strong></span> <span class='ocrx_word' id='word_1_33' title='bbox 880 542 1031 600; x_wconf 87' lang='lat' dir='ltr'><strong>fuere</strong></span> <span class='ocrx_word' id='word_1_34' title='bbox 1070 556 1255 615; x_wconf 86' lang='lat' dir='ltr'><strong>postea</strong></span> <span class='ocrx_word' id='word_1_35' title='bbox 1279 547 1392 613; x_wconf 90' lang='lat' dir='ltr'><strong>alii,</strong></span> <span class='ocrx_word' id='word_1_36' title='bbox 1434 558 1597 618; x_wconf 90' lang='lat' dir='ltr'><strong>atque</strong></span> <span class='ocrx_word' id='word_1_37' title='bbox 1623 549 1889 619; x_wconf 88' lang='lat' dir='ltr'><strong>imprimis</strong></span> 
     </span>
    </p>
   </div>
   <div class='ocr_carea' id='block_1_7' title="bbox 290 634 1886 711">
    <p class='ocr_par' dir='ltr' id='par_1_7' title="bbox 290 634 1886 711">
     <span class='ocr_line' id='line_1_7' title="bbox 290 634 1886 711; baseline 0.003 -20"><span class='ocrx_word' id='word_1_38' title='bbox 290 634 582 701; x_wconf 86' lang='lat' dir='ltr'><strong>Paeianus,</strong></span> <span class='ocrx_word' id='word_1_39' title='bbox 631 650 779 708; x_wconf 73' lang='lat' dir='ltr'><strong>saepe</strong></span> <span class='ocrx_word' id='word_1_40' title='bbox 839 636 1170 709; x_wconf 84' lang='lat' dir='ltr'><strong>Cyprianum</strong></span> <span class='ocrx_word' id='word_1_41' title='bbox 1224 639 1467 711; x_wconf 83' lang='lat' dir='ltr'><strong>allegans</strong></span> <span class='ocrx_word' id='word_1_42' title='bbox 1508 660 1520 695; x_wconf 91' lang='lat'><strong>:</strong></span> <span class='ocrx_word' id='word_1_43' title='bbox 1566 650 1619 696; x_wconf 89' lang='lat' dir='ltr'><strong>et</strong></span> <span class='ocrx_word' id='word_1_44' title='bbox 1666 641 1886 696; x_wconf 88' lang='lat' dir='ltr'><strong>nimiam</strong></span> 
     </span>
    </p>
   </div>
   <div class='ocr_carea' id='block_1_8' title="bbox 288 730 1884 807">
    <p class='ocr_par' dir='ltr' id='par_1_8' title="bbox 288 730 1884 807">
     <span class='ocr_line' id='line_1_8' title="bbox 288 730 1884 807; baseline 0.004 -22"><span class='ocrx_word' id='word_1_45' title='bbox 288 730 505 802; x_wconf 87' lang='lat' dir='ltr'><strong>quidem</strong></span> <span class='ocrx_word' id='word_1_46' title='bbox 535 730 849 788; x_wconf 71' lang='lat' dir='ltr'><strong>facilitatem</strong></span> <span class='ocrx_word' id='word_1_47' title='bbox 879 733 1233 790; x_wconf 78' lang='lat' dir='ltr'><strong>vehementer</strong></span> <span class='ocrx_word' id='word_1_48' title='bbox 1262 734 1538 806; x_wconf 86' lang='lat' dir='ltr'><strong>redarguit</strong></span> <span class='ocrx_word' id='word_1_49' title='bbox 1559 736 1884 807; x_wconf 88' lang='lat' dir='ltr'><strong>Cyprianus,</strong></span> 
     </span>
    </p>
   </div>
   <div class='ocr_carea' id='block_1_9' title="bbox 287 825 1881 901">
    <p class='ocr_par' dir='ltr' id='par_1_9' title="bbox 287 825 1881 901">
     <span class='ocr_line' id='line_1_9' title="bbox 287 825 1881 901; baseline 0.003 -20"><span class='ocrx_word' id='word_1_50' title='bbox 287 834 402 882; x_wconf 89' lang='lat' dir='ltr'><strong>tum</strong></span> <span class='ocrx_word' id='word_1_51' title='bbox 428 825 548 881; x_wconf 89' lang='lat' dir='ltr'><strong>aliis</strong></span> <span class='ocrx_word' id='word_1_52' title='bbox 576 826 627 880; x_wconf 92' lang='lat' dir='ltr'><strong>in</strong></span> <span class='ocrx_word' id='word_1_53' title='bbox 660 826 794 883; x_wconf 86' lang='lat' dir='ltr'><strong>locis</strong></span> <span class='ocrx_word' id='word_1_54' title='bbox 815 869 830 895; x_wconf 94' lang='lat'><strong>,</strong></span> <span class='ocrx_word' id='word_1_55' title='bbox 862 835 975 883; x_wconf 90' lang='lat' dir='ltr'><strong>tum</strong></span> <span class='ocrx_word' id='word_1_56' title='bbox 1022 837 1172 885; x_wconf 90' lang='lat' dir='ltr'><strong>certe</strong></span> <span class='ocrx_word' id='word_1_57' title='bbox 1217 829 1270 883; x_wconf 93' lang='lat' dir='ltr'><strong>in</strong></span> <span class='ocrx_word' id='word_1_58' title='bbox 1314 829 1542 899; x_wconf 88' lang='lat' dir='ltr'><strong>epistola</strong></span> <span class='ocrx_word' id='word_1_59' title='bbox 1570 845 1658 897; x_wconf 83' lang='lat' dir='ltr'><strong>LV,</strong></span> <span class='ocrx_word' id='word_1_60' title='bbox 1692 829 1745 885; x_wconf 94' lang='lat' dir='ltr'><strong>in</strong></span> <span class='ocrx_word' id='word_1_61' title='bbox 1778 845 1881 901; x_wconf 87' lang='lat' dir='ltr'><strong>qua</strong></span> 
     </span>
    </p>
   </div>
   <div class='ocr_carea' id='block_1_10' title="bbox 283 919 1882 986">
    <p class='ocr_par' dir='ltr' id='par_1_10' title="bbox 283 919 1882 986">
     <span class='ocr_line' id='line_1_10' title="bbox 283 919 1882 986; baseline 0.003 -12"><span class='ocrx_word' id='word_1_62' title='bbox 283 934 409 975; x_wconf 90' lang='lat' dir='ltr'><strong>cum</strong></span> <span class='ocrx_word' id='word_1_63' title='bbox 439 919 543 973; x_wconf 89' lang='lat' dir='ltr'><strong>alia</strong></span> <span class='ocrx_word' id='word_1_64' title='bbox 572 920 773 986; x_wconf 90' lang='lat' dir='ltr'><strong>multa,</strong></span> <span class='ocrx_word' id='word_1_65' title='bbox 829 929 937 975; x_wconf 92' lang='lat' dir='ltr'><strong>tum</strong></span> <span class='ocrx_word' id='word_1_66' title='bbox 985 921 1102 977; x_wconf 68' lang='lat' dir='ltr'><strong>haec</strong></span> <span class='ocrx_word' id='word_1_67' title='bbox 1147 937 1279 979; x_wconf 88' lang='lat' dir='ltr'><strong>sane</strong></span> <span class='ocrx_word' id='word_1_68' title='bbox 1330 924 1486 979; x_wconf 84' lang='lat' dir='ltr'><strong>valde</strong></span> <span class='ocrx_word' id='word_1_69' title='bbox 1534 924 1701 979; x_wconf 89' lang='lat' dir='ltr'><strong>multa</strong></span> <span class='ocrx_word' id='word_1_70' title='bbox 1755 931 1882 980; x_wconf 91' lang='lat' dir='ltr'><strong>sunt</strong></span> 
     </span>
    </p>
   </div>
   <div class='ocr_carea' id='block_1_11' title="bbox 279 1012 1881 1087">
    <p class='ocr_par' dir='ltr' id='par_1_11' title="bbox 279 1012 1881 1087">
     <span class='ocr_line' id='line_1_11' title="bbox 279 1012 1881 1087; baseline 0.002 -18"><span class='ocrx_word' id='word_1_71' title='bbox 279 1028 404 1084; x_wconf 69' lang='lat' dir='ltr'><strong>quae</strong></span> <span class='ocrx_word' id='word_1_72' title='bbox 451 1012 737 1084; x_wconf 89' lang='lat' dir='ltr'><strong>legantur:</strong></span> <span class='ocrx_word' id='word_1_73' title='bbox 776 1033 797 1067; x_wconf 71' lang='grc' dir='ltr'><strong><em>ι</em></strong></span> <span class='ocrx_word' id='word_1_74' title='bbox 829 1012 1015 1086; x_wconf 86' lang='lat' dir='ltr'><strong>Neque</strong></span> <span class='ocrx_word' id='word_1_75' title='bbox 1071 1016 1215 1072; x_wconf 91' lang='lat' dir='ltr'><strong>enim</strong></span> <span class='ocrx_word' id='word_1_76' title='bbox 1264 1016 1343 1072; x_wconf 92' lang='lat' dir='ltr'><strong>sic</strong></span> <span class='ocrx_word' id='word_1_77' title='bbox 1382 1017 1687 1087; x_wconf 88' lang='lat' dir='ltr'><strong>putramina</strong></span> <span class='ocrx_word' id='word_1_78' title='bbox 1734 1032 1881 1087; x_wconf 82' lang='lat' dir='ltr'><strong>qua:-</strong></span> 
     </span>
    </p>
   </div>
   <div class='ocr_carea' id='block_1_12' title="bbox 287 1107 1876 1184">
    <p class='ocr_par' dir='ltr' id='par_1_12' title="bbox 287 1107 1876 1184">
     <span class='ocr_line' id='line_1_12' title="bbox 287 1107 1876 1184; baseline 0.005 -25"><span class='ocrx_word' id='word_1_79' title='bbox 287 1125 307 1159; x_wconf 82' lang='grc'><em>‹</em></span> <span class='ocrx_word' id='word_1_80' title='bbox 344 1107 469 1163; x_wconf 91' lang='lat' dir='ltr'><strong>dam</strong></span> <span class='ocrx_word' id='word_1_81' title='bbox 501 1107 804 1180; x_wconf 89' lang='lat' dir='ltr'><strong>colligenda</strong></span> <span class='ocrx_word' id='word_1_82' title='bbox 826 1118 982 1178; x_wconf 93' lang='lat' dir='ltr'><strong>sunt,</strong></span> <span class='ocrx_word' id='word_1_83' title='bbox 1016 1119 1077 1166; x_wconf 93' lang='lat' dir='ltr'><strong>ut</strong></span> <span class='ocrx_word' id='word_1_84' title='bbox 1102 1127 1224 1183; x_wconf 70' lang='lat' dir='ltr'><strong>qua:</strong></span> <span class='ocrx_word' id='word_1_85' title='bbox 1252 1115 1461 1184; x_wconf 89' lang='lat' dir='ltr'><strong>integra</strong></span> <span class='ocrx_word' id='word_1_86' title='bbox 1487 1122 1682 1169; x_wconf 89' lang='lat' dir='ltr'><strong>etsana</strong></span> <span class='ocrx_word' id='word_1_87' title='bbox 1716 1123 1876 1182; x_wconf 91' lang='lat' dir='ltr'><strong>sunt,</strong></span> 
     </span>
    </p>
   </div>
   <div class='ocr_carea' id='block_1_13' title="bbox 284 1201 1882 1277">
    <p class='ocr_par' dir='ltr' id='par_1_13' title="bbox 284 1201 1882 1277">
     <span class='ocr_line' id='line_1_13' title="bbox 284 1201 1882 1277; baseline 0.006 -24"><span class='ocrx_word' id='word_1_88' title='bbox 284 1219 303 1253; x_wconf 90' lang='grc'><strong>‹</strong></span> <span class='ocrx_word' id='word_1_89' title='bbox 347 1201 731 1269; x_wconf 74' lang='lat' dir='ltr'><strong>vulnerentur;</strong></span> <span class='ocrx_word' id='word_1_90' title='bbox 785 1218 887 1259; x_wconf 90' lang='lat' dir='ltr'><strong>nec</strong></span> <span class='ocrx_word' id='word_1_91' title='bbox 933 1204 1081 1260; x_wconf 94' lang='lat' dir='ltr'><strong>utilis</strong></span> <span class='ocrx_word' id='word_1_92' title='bbox 1123 1215 1217 1261; x_wconf 89' lang='lat' dir='ltr'><strong>aut</strong></span> <span class='ocrx_word' id='word_1_93' title='bbox 1244 1206 1526 1261; x_wconf 85' lang='lat' dir='ltr'><strong>consultus</strong></span> <span class='ocrx_word' id='word_1_94' title='bbox 1566 1216 1652 1262; x_wconf 89' lang='lat' dir='ltr'><strong>est</strong></span> <span class='ocrx_word' id='word_1_95' title='bbox 1697 1215 1882 1277; x_wconf 84' lang='lat' dir='ltr'><strong>pastor</strong></span> 
     </span>
    </p>
   </div>
   <div class='ocr_carea' id='block_1_14' title="bbox 284 1294 1876 1371">
    <p class='ocr_par' dir='ltr' id='par_1_14' title="bbox 284 1294 1876 1371">
     <span class='ocr_line' id='line_1_14' title="bbox 284 1294 1876 1371; baseline 0.005 -25"><span class='ocrx_word' id='word_1_96' title='bbox 284 1313 303 1346; x_wconf 70' lang='grc' dir='ltr'>ι</span> <span class='ocrx_word' id='word_1_97' title='bbox 340 1295 431 1364; x_wconf 87' lang='lat' dir='ltr'><strong>qui</strong></span> <span class='ocrx_word' id='word_1_98' title='bbox 460 1295 532 1350; x_wconf 86' lang='lat' dir='ltr'><strong>ita</strong></span> <span class='ocrx_word' id='word_1_99' title='bbox 563 1294 837 1351; x_wconf 85' lang='lat' dir='ltr'><strong>morbidas</strong></span> <span class='ocrx_word' id='word_1_100' title='bbox 863 1305 918 1351; x_wconf 89' lang='lat' dir='ltr'><strong>et</strong></span> <span class='ocrx_word' id='word_1_101' title='bbox 940 1306 1218 1355; x_wconf 88' lang='lat' dir='ltr'><strong>contactas</strong></span> <span class='ocrx_word' id='word_1_102' title='bbox 1246 1314 1375 1354; x_wconf 84' lang='lat' dir='ltr'><strong>oves</strong></span> <span class='ocrx_word' id='word_1_103' title='bbox 1396 1300 1549 1371; x_wconf 84' lang='lat' dir='ltr'><strong>gregi</strong></span> <span class='ocrx_word' id='word_1_104' title='bbox 1577 1300 1876 1368; x_wconf 89' lang='lat' dir='ltr'><strong>admiscet,</strong></span> 
     </span>
    </p>
   </div>
   <div class='ocr_carea' id='block_1_15' title="bbox 284 1390 1880 1458">
    <p class='ocr_par' dir='ltr' id='par_1_15' title="bbox 284 1390 1880 1458">
     <span class='ocr_line' id='line_1_15' title="bbox 284 1390 1880 1458; baseline 0.007 -18"><span class='ocrx_word' id='word_1_105' title='bbox 284 1406 303 1438; x_wconf 73' lang='grc' dir='ltr'>ι</span> <span class='ocrx_word' id='word_1_106' title='bbox 344 1396 400 1442; x_wconf 91' lang='lat' dir='ltr'><strong>ut</strong></span> <span class='ocrx_word' id='word_1_107' title='bbox 454 1401 671 1458; x_wconf 81' lang='lat' dir='ltr'><strong>gregem</strong></span> <span class='ocrx_word' id='word_1_108' title='bbox 727 1397 896 1443; x_wconf 92' lang='lat' dir='ltr'><strong>totum</strong></span> <span class='ocrx_word' id='word_1_109' title='bbox 948 1390 1072 1446; x_wconf 84' lang='lat' dir='ltr'><strong>ntali</strong></span> <span class='ocrx_word' id='word_1_110' title='bbox 1142 1392 1470 1449; x_wconf 62' lang='lat' dir='ltr'><strong>cobaarentis</strong></span> <span class='ocrx_word' id='word_1_111' title='bbox 1524 1394 1880 1452; x_wconf 81' lang='lat' dir='ltr'><strong>afﬂictatione</strong></span> 
     </span>
    </p>
   </div>
   <div class='ocr_carea' id='block_1_16' title="bbox 280 1480 1876 1543">
    <p class='ocr_par' dir='ltr' id='par_1_16' title="bbox 280 1480 1876 1543">
     <span class='ocr_line' id='line_1_16' title="bbox 280 1480 1876 1543; baseline 0.004 -9"><span class='ocrx_word' id='word_1_112' title='bbox 280 1499 300 1534; x_wconf 82' lang='lat'><strong>(</strong></span> <span class='ocrx_word' id='word_1_113' title='bbox 341 1480 693 1537; x_wconf 89' lang='lat' dir='ltr'><strong>contaminet.</strong></span> <span class='ocrx_word' id='word_1_114' title='bbox 744 1480 863 1536; x_wconf 90' lang='lat' dir='ltr'><strong>Non</strong></span> <span class='ocrx_word' id='word_1_115' title='bbox 909 1483 1159 1540; x_wconf 89' lang='lat' dir='ltr'><strong>attendas</strong></span> <span class='ocrx_word' id='word_1_116' title='bbox 1202 1485 1268 1541; x_wconf 91' lang='lat' dir='ltr'><strong>ad</strong></span> <span class='ocrx_word' id='word_1_117' title='bbox 1297 1502 1583 1543; x_wconf 91' lang='lat' dir='ltr'><strong>numerum</strong></span> <span class='ocrx_word' id='word_1_118' title='bbox 1613 1487 1876 1543; x_wconf 90' lang='lat' dir='ltr'><strong>illorum:</strong></span> 
     </span>
    </p>
   </div>
   <div class='ocr_carea' id='block_1_17' title="bbox 280 1572 1879 1651">
    <p class='ocr_par' dir='ltr' id='par_1_17' title="bbox 280 1572 1879 1651">
     <span class='ocr_line' id='line_1_17' title="bbox 280 1572 1879 1651; baseline 0.006 -23"><span class='ocrx_word' id='word_1_119' title='bbox 280 1594 300 1628; x_wconf 69' lang='grc' dir='ltr'>ί</span> <span class='ocrx_word' id='word_1_120' title='bbox 339 1572 530 1629; x_wconf 78' lang='lat' dir='ltr'><strong>Melior</strong></span> <span class='ocrx_word' id='word_1_121' title='bbox 581 1582 653 1629; x_wconf 87' lang='lat' dir='ltr'><strong>est</strong></span> <span class='ocrx_word' id='word_1_122' title='bbox 705 1575 841 1630; x_wconf 84' lang='lat' dir='ltr'><strong>enim</strong></span> <span class='ocrx_word' id='word_1_123' title='bbox 885 1593 1020 1631; x_wconf 85' lang='lat' dir='ltr'><strong>unus</strong></span> <span class='ocrx_word' id='word_1_124' title='bbox 1058 1578 1240 1635; x_wconf 86' lang='lat' dir='ltr'><strong>timens</strong></span> <span class='ocrx_word' id='word_1_125' title='bbox 1287 1578 1477 1648; x_wconf 87' lang='lat' dir='ltr'><strong>Deum,</strong></span> <span class='ocrx_word' id='word_1_126' title='bbox 1534 1597 1688 1651; x_wconf 86' lang='lat' dir='ltr'><strong>quam</strong></span> <span class='ocrx_word' id='word_1_127' title='bbox 1737 1583 1879 1637; x_wconf 83' lang='lat' dir='ltr'><strong>mille</strong></span> 
     </span>
    </p>
   </div>
   <div class='ocr_carea' id='block_1_18' title="bbox 278 1665 1876 1745">
    <p class='ocr_par' dir='ltr' id='par_1_18' title="bbox 278 1665 1876 1745">
     <span class='ocr_line' id='line_1_18' title="bbox 278 1665 1876 1745; baseline 0.008 -27"><span class='ocrx_word' id='word_1_128' title='bbox 278 1683 299 1717; x_wconf 77' lang='grc' dir='ltr'>ι</span> <span class='ocrx_word' id='word_1_129' title='bbox 338 1665 437 1736; x_wconf 81' lang='lat' dir='ltr'><strong>ﬁlii</strong></span> <span class='ocrx_word' id='word_1_130' title='bbox 485 1667 669 1737; x_wconf 80' lang='lat' dir='ltr'><strong>impii,</strong></span> <span class='ocrx_word' id='word_1_131' title='bbox 717 1667 858 1722; x_wconf 86' lang='lat' dir='ltr'><strong>sicut</strong></span> <span class='ocrx_word' id='word_1_132' title='bbox 906 1667 1121 1727; x_wconf 90' lang='lat' dir='ltr'><strong>locutus</strong></span> <span class='ocrx_word' id='word_1_133' title='bbox 1165 1682 1249 1727; x_wconf 91' lang='lat' dir='ltr'><strong>est</strong></span> <span class='ocrx_word' id='word_1_134' title='bbox 1293 1672 1554 1729; x_wconf 88' lang='lat' dir='ltr'><strong>Dominus</strong></span> <span class='ocrx_word' id='word_1_135' title='bbox 1604 1691 1700 1745; x_wconf 90' lang='lat' dir='ltr'><strong>per</strong></span> <span class='ocrx_word' id='word_1_136' title='bbox 1744 1674 1876 1731; x_wconf 89' lang='lat' dir='ltr'><strong>Pro-</strong></span> 
     </span>
    </p>
   </div>
   <div class='ocr_carea' id='block_1_19' title="bbox 277 1759 861 1830">
    <p class='ocr_par' dir='ltr' id='par_1_19' title="bbox 277 1759 861 1830">
     <span class='ocr_line' id='line_1_19' title="bbox 277 1759 861 1830; baseline 0.01 -18"><span class='ocrx_word' id='word_1_137' title='bbox 277 1778 297 1812; x_wconf 75' lang='grc' dir='ltr'><strong><em>ι</em></strong></span> <span class='ocrx_word' id='word_1_138' title='bbox 341 1761 556 1830; x_wconf 89' lang='lat' dir='ltr'><strong>phetam</strong></span> <span class='ocrx_word' id='word_1_139' title='bbox 615 1759 805 1817; x_wconf 90' lang='lat' dir='ltr'><strong>dicens</strong></span> <span class='ocrx_word' id='word_1_140' title='bbox 849 1781 861 1817; x_wconf 93' lang='lat'>:</span> 
     </span>
    </p>
   </div>
   <div class='ocr_carea' id='block_1_20' title="bbox 276 1853 1877 1928">
    <p class='ocr_par' dir='ltr' id='par_1_20' title="bbox 276 1853 1877 1928">
     <span class='ocr_line' id='line_1_20' title="bbox 276 1853 1877 1928; baseline 0.008 -23"><span class='ocrx_word' id='word_1_141' title='bbox 276 1870 298 1903; x_wconf 73' lang='grc' dir='ltr'><strong><em>ι</em></strong></span> <span class='ocrx_word' id='word_1_142' title='bbox 331 1853 504 1924; x_wconf 84' lang='lat' dir='ltr'><strong>impiis</strong></span> <span class='ocrx_word' id='word_1_143' title='bbox 547 1854 595 1908; x_wconf 97' lang='lat' dir='ltr'><strong>si</strong></span> <span class='ocrx_word' id='word_1_144' title='bbox 639 1855 1045 1928; x_wconf 80' lang='lat' dir='ltr'><strong>multiplicemur</strong></span> <span class='ocrx_word' id='word_1_145' title='bbox 1083 1860 1192 1926; x_wconf 80' lang='lat' dir='ltr'><strong>tibi,</strong></span> <span class='ocrx_word' id='word_1_146' title='bbox 1223 1877 1339 1915; x_wconf 89' lang='lat' dir='ltr'><strong>cum</strong></span> <span class='ocrx_word' id='word_1_147' title='bbox 1382 1878 1485 1917; x_wconf 83' lang='lat' dir='ltr'><strong>non</strong></span> <span class='ocrx_word' id='word_1_148' title='bbox 1528 1863 1683 1928; x_wconf 74' lang='lat' dir='ltr'><strong>fuerit</strong></span> <span class='ocrx_word' id='word_1_149' title='bbox 1725 1863 1877 1917; x_wconf 87' lang='lat' dir='ltr'><strong>timor</strong></span> 
     </span>
    </p>
   </div>
   <div class='ocr_carea' id='block_1_21' title="bbox 272 1945 1878 2026">
    <p class='ocr_par' dir='ltr' id='par_1_21' title="bbox 272 1945 1878 2026">
     <span class='ocr_line' id='line_1_21' title="bbox 272 1945 1878 2026; baseline 0.007 -26"><span class='ocrx_word' id='word_1_150' title='bbox 272 1964 294 1999; x_wconf 73' lang='grc' dir='ltr'><strong><em>ι</em></strong></span> <span class='ocrx_word' id='word_1_151' title='bbox 338 1945 434 2002; x_wconf 84' lang='lat' dir='ltr'><strong>Dei</strong></span> <span class='ocrx_word' id='word_1_152' title='bbox 492 1948 547 2002; x_wconf 84' lang='lat' dir='ltr'><strong>in</strong></span> <span class='ocrx_word' id='word_1_153' title='bbox 596 1948 724 2020; x_wconf 87' lang='lat' dir='ltr'><strong>ipsis</strong></span> <span class='ocrx_word' id='word_1_154' title='bbox 766 1948 998 2022; x_wconf 87' lang='lat' dir='ltr'><strong>(Eccl.,</strong></span> <span class='ocrx_word' id='word_1_155' title='bbox 1053 1953 1208 2025; x_wconf 75' lang='lat' dir='ltr'><strong>xw).</strong></span> <span class='ocrx_word' id='word_1_156' title='bbox 1267 1954 1312 2010; x_wconf 92' lang='grc'>0</span> <span class='ocrx_word' id='word_1_157' title='bbox 1348 1957 1393 2011; x_wconf 92' lang='lat' dir='ltr'><strong>si</strong></span> <span class='ocrx_word' id='word_1_158' title='bbox 1447 1971 1659 2026; x_wconf 89' lang='lat' dir='ltr'><strong>posses,</strong></span> <span class='ocrx_word' id='word_1_159' title='bbox 1706 1955 1878 2013; x_wconf 81' lang='lat' dir='ltr'><strong>frater</strong></span> 
     </span>
    </p>
   </div>
   <div class='ocr_carea' id='block_1_22' title="bbox 271 2106 1871 2183">
    <p class='ocr_par' dir='ltr' id='par_1_22' title="bbox 271 2106 1871 2183">
     <span class='ocr_line' id='line_1_22' title="bbox 271 2106 1871 2183; baseline 0.009 -24"><span class='ocrx_word' id='word_1_160' title='bbox 271 2124 294 2159; x_wconf 85' lang='grc'><strong><em>‹</em></strong></span> <span class='ocrx_word' id='word_1_161' title='bbox 332 2106 667 2183; x_wconf 80' lang='lat' dir='ltr'><strong>recedentes,</strong></span> <span class='ocrx_word' id='word_1_162' title='bbox 698 2118 753 2183; x_wconf 87' lang='lat' dir='ltr'><strong>et</strong></span> <span class='ocrx_word' id='word_1_163' title='bbox 782 2118 970 2164; x_wconf 92' lang='lat' dir='ltr'><strong>contra</strong></span> <span class='ocrx_word' id='word_1_164' title='bbox 1000 2111 1297 2167; x_wconf 83' lang='lat' dir='ltr'><strong>Ecclesiam</strong></span> <span class='ocrx_word' id='word_1_165' title='bbox 1332 2116 1676 2183; x_wconf 75' lang='lat' dir='ltr'><strong>parricidalis</strong></span> <span class='ocrx_word' id='word_1_166' title='bbox 1721 2134 1871 2173; x_wconf 90' lang='lat' dir='ltr'><strong>arma</strong></span> 
     </span>
    </p>
   </div>
   <div class='ocr_carea' id='block_1_23' title="bbox 270 2179 1874 2253">
    <p class='ocr_par' dir='ltr' id='par_1_23' title="bbox 270 2179 1874 2253">
     <span class='ocr_line' id='line_1_23' title="bbox 270 2179 1874 2253; baseline 0.012 -26"><span class='ocrx_word' id='word_1_167' title='bbox 270 2195 291 2227; x_wconf 72' lang='grc' dir='ltr'>σ</span> <span class='ocrx_word' id='word_1_168' title='bbox 331 2179 591 2235; x_wconf 83' lang='lat' dir='ltr'><strong>tollentes</strong></span> <span class='ocrx_word' id='word_1_169' title='bbox 621 2182 926 2244; x_wconf 84' lang='lat' dir='ltr'><strong>elaborant,</strong></span> <span class='ocrx_word' id='word_1_170' title='bbox 957 2192 1012 2236; x_wconf 92' lang='lat' dir='ltr'><strong>ut</strong></span> <span class='ocrx_word' id='word_1_171' title='bbox 1044 2196 1182 2253; x_wconf 83' lang='lat' dir='ltr'><strong>Opus</strong></span> <span class='ocrx_word' id='word_1_172' title='bbox 1233 2179 1392 2241; x_wconf 81' lang='lat' dir='ltr'><strong>suum</strong></span> <span class='ocrx_word' id='word_1_173' title='bbox 1423 2187 1622 2243; x_wconf 88' lang='lat' dir='ltr'><strong>diaboli</strong></span> <span class='ocrx_word' id='word_1_174' title='bbox 1669 2190 1874 2246; x_wconf 86' lang='lat' dir='ltr'><strong>malitia</strong></span> 
     </span>
    </p>
   </div>
   <div class='ocr_carea' id='block_1_24' title="bbox 271 2256 1870 2317">
    <p class='ocr_par' dir='ltr' id='par_1_24' title="bbox 271 2256 1870 2317">
     <span class='ocr_line' id='line_1_24' title="bbox 271 2256 1870 2317; baseline 0.01 -17"><span class='ocrx_word' id='word_1_175' title='bbox 271 2265 289 2300; x_wconf 73' lang='grc' dir='ltr'>ι</span> <span class='ocrx_word' id='word_1_176' title='bbox 327 2261 725 2317; x_wconf 87' lang='lat' dir='ltr'><strong>consumment,</strong></span> <span class='ocrx_word' id='word_1_177' title='bbox 783 2268 849 2308; x_wconf 91' lang='lat' dir='ltr'><strong>ne</strong></span> <span class='ocrx_word' id='word_1_178' title='bbox 903 2256 1215 2310; x_wconf 78' lang='lat' dir='ltr'><strong>vulneratos</strong></span> <span class='ocrx_word' id='word_1_179' title='bbox 1255 2257 1433 2312; x_wconf 89' lang='lat' dir='ltr'><strong>divina</strong></span> <span class='ocrx_word' id='word_1_180' title='bbox 1480 2258 1766 2315; x_wconf 90' lang='lat' dir='ltr'><strong>clementia</strong></span> <span class='ocrx_word' id='word_1_181' title='bbox 1819 2263 1870 2316; x_wconf 91' lang='lat' dir='ltr'><strong>in</strong></span> 
     </span>
    </p>
   </div>
   <div class='ocr_carea' id='block_1_25' title="bbox 271 2321 1875 2398">
    <p class='ocr_par' dir='ltr' id='par_1_25' title="bbox 271 2321 1875 2398">
     <span class='ocr_line' id='line_1_25' title="bbox 271 2321 1875 2398; baseline 0.01 -26"><span class='ocrx_word' id='word_1_182' title='bbox 271 2338 291 2372; x_wconf 69' lang='grc' dir='ltr'><strong>ε</strong></span> <span class='ocrx_word' id='word_1_183' title='bbox 334 2321 572 2398; x_wconf 79' lang='lat' dir='ltr'><strong>Ecclesia</strong></span> <span class='ocrx_word' id='word_1_184' title='bbox 598 2338 694 2378; x_wconf 88' lang='lat' dir='ltr'><strong>sua</strong></span> <span class='ocrx_word' id='word_1_185' title='bbox 723 2334 907 2398; x_wconf 89' lang='lat' dir='ltr'><strong>curet._</strong></span> <span class='ocrx_word' id='word_1_186' title='bbox 940 2325 1256 2398; x_wconf 80' lang='lat' dir='ltr'><strong>Miserarum</strong></span> <span class='ocrx_word' id='word_1_187' title='bbox 1308 2330 1676 2398; x_wconf 71' lang='lat' dir='ltr'><strong>paenitentiam</strong></span> <span class='ocrx_word' id='word_1_188' title='bbox 1724 2349 1875 2388; x_wconf 89' lang='lat' dir='ltr'><strong>men-</strong></span> 
     </span>
    </p>
   </div>
   <div class='ocr_carea' id='block_1_26' title="bbox 271 2393 1872 2465">
    <p class='ocr_par' dir='ltr' id='par_1_26' title="bbox 271 2393 1872 2465">
     <span class='ocr_line' id='line_1_26' title="bbox 271 2393 1872 2465; baseline 0.01 -22"><span class='ocrx_word' id='word_1_189' title='bbox 271 2409 290 2443; x_wconf 85' lang='grc'><em>‹</em></span> <span class='ocrx_word' id='word_1_190' title='bbox 328 2393 604 2465; x_wconf 88' lang='lat' dir='ltr'><strong>daciorum</strong></span> <span class='ocrx_word' id='word_1_191' title='bbox 634 2409 853 2450; x_wconf 88' lang='lat' dir='ltr'><strong>suorum</strong></span> <span class='ocrx_word' id='word_1_192' title='bbox 884 2396 1074 2452; x_wconf 81' lang='lat' dir='ltr'><strong>fraude</strong></span> <span class='ocrx_word' id='word_1_193' title='bbox 1100 2393 1477 2465; x_wconf 74' lang='lat' dir='ltr'><strong>corrumpunt,</strong></span> <span class='ocrx_word' id='word_1_194' title='bbox 1520 2417 1590 2457; x_wconf 88' lang='lat' dir='ltr'><strong>ne</strong></span> <span class='ocrx_word' id='word_1_195' title='bbox 1644 2402 1755 2458; x_wconf 91' lang='lat' dir='ltr'><strong>Deo</strong></span> <span class='ocrx_word' id='word_1_196' title='bbox 1785 2406 1872 2459; x_wconf 84' lang='lat' dir='ltr'><strong>in-</strong></span> 
     </span>
    </p>
   </div>
   <div class='ocr_carea' id='block_1_27' title="bbox 271 2464 1869 2542">
    <p class='ocr_par' dir='ltr' id='par_1_27' title="bbox 271 2464 1869 2542">
     <span class='ocr_line' id='line_1_27' title="bbox 271 2464 1869 2542; baseline 0.011 -28"><span class='ocrx_word' id='word_1_197' title='bbox 271 2481 290 2514; x_wconf 73' lang='lat' dir='ltr'><strong>t</strong></span> <span class='ocrx_word' id='word_1_198' title='bbox 328 2464 633 2542; x_wconf 72' lang='lat' dir='ltr'><strong>indignanti</strong></span> <span class='ocrx_word' id='word_1_199' title='bbox 660 2466 907 2529; x_wconf 81' lang='lat' dir='ltr'><strong>satisfiat,</strong></span> <span class='ocrx_word' id='word_1_200' title='bbox 943 2484 1011 2523; x_wconf 91' lang='lat' dir='ltr'><strong>ne</strong></span> <span class='ocrx_word' id='word_1_201' title='bbox 1038 2464 1630 2542; x_wconf 83' lang='lat' dir='ltr'><strong>Cbristanominum</strong></span> <span class='ocrx_word' id='word_1_202' title='bbox 1679 2489 1869 2542; x_wconf 92' lang='lat' dir='ltr'><strong>suum,</strong></span> 
     </span>
    </p>
   </div>
   <div class='ocr_carea' id='block_1_28' title="bbox 270 2536 1866 2613">
    <p class='ocr_par' dir='ltr' id='par_1_28' title="bbox 270 2536 1866 2613">
     <span class='ocr_line' id='line_1_28' title="bbox 270 2536 1866 2613; baseline 0.008 -26"><span class='ocrx_word' id='word_1_203' title='bbox 270 2552 291 2587; x_wconf 85' lang='grc'><strong><em>‹</em></strong></span> <span class='ocrx_word' id='word_1_204' title='bbox 330 2537 419 2606; x_wconf 87' lang='lat' dir='ltr'><strong>qtti</strong></span> <span class='ocrx_word' id='word_1_205' title='bbox 447 2536 774 2613; x_wconf 77' lang='lat' dir='ltr'><strong>Christianus</strong></span> <span class='ocrx_word' id='word_1_206' title='bbox 800 2552 926 2594; x_wconf 91' lang='lat' dir='ltr'><strong>esse</strong></span> <span class='ocrx_word' id='word_1_207' title='bbox 981 2540 1064 2613; x_wconf 80' lang='lat' dir='ltr'><strong>vel</strong></span> <span class='ocrx_word' id='word_1_208' title='bbox 1092 2542 1323 2613; x_wconf 81' lang='lat' dir='ltr'><strong>_erubuit</strong></span> <span class='ocrx_word' id='word_1_209' title='bbox 1353 2554 1500 2607; x_wconf 87' lang='lat' dir='ltr'><strong>ante,</strong></span> <span class='ocrx_word' id='word_1_210' title='bbox 1536 2545 1619 2600; x_wconf 91' lang='lat' dir='ltr'><strong>vel</strong></span> <span class='ocrx_word' id='word_1_211' title='bbox 1671 2536 1866 2613; x_wconf 76' lang='lat' dir='ltr'><strong>timuit,</strong></span> 
     </span>
    </p>
   </div>
   <div class='ocr_carea' id='block_1_29' title="bbox 268 2608 1873 2685">
    <p class='ocr_par' dir='ltr' id='par_1_29' title="bbox 268 2608 1873 2685">
     <span class='ocr_line' id='line_1_29' title="bbox 268 2608 1873 2685; baseline 0.008 -25"><span class='ocrx_word' id='word_1_212' title='bbox 268 2624 290 2658; x_wconf 70' lang='grc' dir='ltr'><strong><em>ι</em></strong></span> <span class='ocrx_word' id='word_1_213' title='bbox 327 2608 665 2677; x_wconf 86' lang='lat' dir='ltr'><strong>postmodum</strong></span> <span class='ocrx_word' id='word_1_214' title='bbox 676 2618 900 2685; x_wconf 70' lang='lat' dir='ltr'><strong>quaerat,</strong></span> <span class='ocrx_word' id='word_1_215' title='bbox 918 2626 988 2685; x_wconf 81' lang='lat' dir='ltr'><strong>ne</strong></span> <span class='ocrx_word' id='word_1_216' title='bbox 1001 2611 1066 2665; x_wconf 88' lang='lat' dir='ltr'><strong>ad</strong></span> <span class='ocrx_word' id='word_1_217' title='bbox 1090 2611 1407 2681; x_wconf 80' lang='lat' dir='ltr'><strong>Ecclesiam,</strong></span> <span class='ocrx_word' id='word_1_218' title='bbox 1431 2616 1519 2685; x_wconf 91' lang='lat' dir='ltr'><strong>qui</strong></span> <span class='ocrx_word' id='word_1_219' title='bbox 1548 2615 1616 2671; x_wconf 89' lang='lat' dir='ltr'><strong>de</strong></span> <span class='ocrx_word' id='word_1_220' title='bbox 1632 2608 1873 2674; x_wconf 83' lang='lat' dir='ltr'><strong>Ecclesia</strong></span> 
     </span>
    </p>
   </div>
   <div class='ocr_carea' id='block_1_30' title="bbox 268 2681 1873 2753">
    <p class='ocr_par' dir='ltr' id='par_1_30' title="bbox 268 2681 1873 2753">
     <span class='ocr_line' id='line_1_30' title="bbox 268 2681 1873 2753; baseline 0.009 -22"><span class='ocrx_word' id='word_1_221' title='bbox 268 2696 289 2731; x_wconf 75' lang='grc' dir='ltr'>ι</span> <span class='ocrx_word' id='word_1_222' title='bbox 326 2689 646 2753; x_wconf 72' lang='lat' dir='ltr'><strong>recesserat.</strong></span> <span class='ocrx_word' id='word_1_223' title='bbox 677 2681 883 2737; x_wconf 88' lang='lat' dir='ltr'><strong>redeat.</strong></span> <span class='ocrx_word' id='word_1_224' title='bbox 917 2683 1081 2737; x_wconf 85' lang='lat' dir='ltr'><strong>Datur</strong></span> <span class='ocrx_word' id='word_1_225' title='bbox 1105 2699 1293 2753; x_wconf 76' lang='lat' dir='ltr'><strong>opera,</strong></span> <span class='ocrx_word' id='word_1_226' title='bbox 1329 2701 1395 2740; x_wconf 89' lang='lat' dir='ltr'><strong>ne</strong></span> <span class='ocrx_word' id='word_1_227' title='bbox 1416 2681 1873 2745; x_wconf 81' lang='lat' dir='ltr'><strong>satisfactionibus</strong></span> 
     </span>
    </p>
   </div>
   <div class='ocr_carea' id='block_1_31' title="bbox 270 2752 1872 2825">
    <p class='ocr_par' dir='ltr' id='par_1_31' title="bbox 270 2752 1872 2825">
     <span class='ocr_line' id='line_1_31' title="bbox 270 2752 1872 2825; baseline 0.01 -23"><span class='ocrx_word' id='word_1_228' title='bbox 270 2769 291 2802; x_wconf 75' lang='lat' dir='ltr'><strong>r</strong></span> <span class='ocrx_word' id='word_1_229' title='bbox 324 2759 378 2806; x_wconf 92' lang='lat' dir='ltr'><strong>et</strong></span> <span class='ocrx_word' id='word_1_230' title='bbox 401 2752 894 2825; x_wconf 79' lang='lat' dir='ltr'><strong>lamentationibus</strong></span> <span class='ocrx_word' id='word_1_231' title='bbox 941 2754 1102 2825; x_wconf 88' lang='lat' dir='ltr'><strong>justis</strong></span> <span class='ocrx_word' id='word_1_232' title='bbox 1146 2752 1347 2811; x_wconf 82' lang='lat' dir='ltr'><strong>delicta</strong></span> <span class='ocrx_word' id='word_1_233' title='bbox 1388 2757 1740 2823; x_wconf 89' lang='lat' dir='ltr'><strong>redimantur,</strong></span> <span class='ocrx_word' id='word_1_234' title='bbox 1802 2777 1872 2818; x_wconf 92' lang='lat' dir='ltr'><strong>ne</strong></span> 
     </span>
    </p>
   </div>
   <div class='ocr_carea' id='block_1_32' title="bbox 270 2823 1873 2901">
    <p class='ocr_par' dir='ltr' id='par_1_32' title="bbox 270 2823 1873 2901">
     <span class='ocr_line' id='line_1_32' title="bbox 270 2823 1873 2901; baseline 0.008 -26"><span class='ocrx_word' id='word_1_235' title='bbox 270 2841 290 2876; x_wconf 71' lang='grc' dir='ltr'><strong><em>ι</em></strong></span> <span class='ocrx_word' id='word_1_236' title='bbox 326 2823 548 2901; x_wconf 56' lang='lat' dir='ltr'><strong>vulnera</strong></span> <span class='ocrx_word' id='word_1_237' title='bbox 599 2824 865 2901; x_wconf 62' lang='lat' dir='ltr'><strong>lacrymis</strong></span> <span class='ocrx_word' id='word_1_238' title='bbox 894 2823 1252 2901; x_wconf 76' lang='lat' dir='ltr'><strong>abluantur...</strong></span> <span class='ocrx_word' id='word_1_239' title='bbox 1304 2828 1486 2882; x_wconf 90' lang='lat' dir='ltr'><strong>llonor</strong></span> <span class='ocrx_word' id='word_1_240' title='bbox 1539 2846 1670 2901; x_wconf 89' lang='lat' dir='ltr'><strong>ergo</strong></span> <span class='ocrx_word' id='word_1_241' title='bbox 1713 2831 1873 2889; x_wconf 90' lang='lat' dir='ltr'><strong>datur</strong></span> 
     </span>
    </p>
   </div>
   <div class='ocr_carea' id='block_1_33' title="bbox 269 2894 1873 2969">
    <p class='ocr_par' dir='ltr' id='par_1_33' title="bbox 269 2894 1873 2969">
     <span class='ocr_line' id='line_1_33' title="bbox 269 2894 1873 2969; baseline 0.007 -20"><span class='ocrx_word' id='word_1_242' title='bbox 269 2913 289 2949; x_wconf 76' lang='grc' dir='ltr'>ι</span> <span class='ocrx_word' id='word_1_243' title='bbox 326 2894 454 2969; x_wconf 82' lang='lat' dir='ltr'><strong>Deo,</strong></span> <span class='ocrx_word' id='word_1_244' title='bbox 484 2894 804 2965; x_wconf 34' lang='lat' dir='ltr'><strong>quando’sic</strong></span> <span class='ocrx_word' id='word_1_245' title='bbox 838 2896 928 2969; x_wconf 89' lang='lat' dir='ltr'><strong>Dei</strong></span> <span class='ocrx_word' id='word_1_246' title='bbox 978 2898 1231 2969; x_wconf 88' lang='lat' dir='ltr'><strong>majestas</strong></span> <span class='ocrx_word' id='word_1_247' title='bbox 1277 2910 1332 2955; x_wconf 90' lang='lat' dir='ltr'><strong>et</strong></span> <span class='ocrx_word' id='word_1_248' title='bbox 1372 2894 1873 2960; x_wconf 52' lang='lat' dir='ltr'><strong>censura&#39;contem-</strong></span> 
     </span>
    </p>
   </div>
   <div class='ocr_carea' id='block_1_34' title="bbox 268 2968 1871 3039">
    <p class='ocr_par' dir='ltr' id='par_1_34' title="bbox 268 2968 1871 3039">
     <span class='ocr_line' id='line_1_34' title="bbox 268 2968 1871 3039; baseline 0.007 -20"><span class='ocrx_word' id='word_1_249' title='bbox 268 2986 289 3019; x_wconf 82' lang='grc'><strong><em>‹</em></strong></span> <span class='ocrx_word' id='word_1_250' title='bbox 325 2968 492 3039; x_wconf 84' lang='lat' dir='ltr'><strong>nitur,</strong></span> <span class='ocrx_word' id='word_1_251' title='bbox 522 2975 580 3039; x_wconf 93' lang='lat' dir='ltr'><strong>ut</strong></span> <span class='ocrx_word' id='word_1_252' title='bbox 607 2982 731 3022; x_wconf 91' lang='lat' dir='ltr'><strong>cum</strong></span> <span class='ocrx_word' id='word_1_253' title='bbox 759 2982 819 3022; x_wconf 91' lang='lat' dir='ltr'><strong>se</strong></span> <span class='ocrx_word' id='word_1_254' title='bbox 847 2968 940 3024; x_wconf 91' lang='lat' dir='ltr'><strong>ille</strong></span> <span class='ocrx_word' id='word_1_255' title='bbox 974 2968 1239 3039; x_wconf 87' lang='lat' dir='ltr'><strong>indignari</strong></span> <span class='ocrx_word' id='word_1_256' title='bbox 1279 2981 1332 3025; x_wconf 89' lang='lat' dir='ltr'><strong>et</strong></span> <span class='ocrx_word' id='word_1_257' title='bbox 1360 2972 1519 3027; x_wconf 83' lang='lat' dir='ltr'><strong>irasci</strong></span> <span class='ocrx_word' id='word_1_258' title='bbox 1558 2975 1871 3030; x_wconf 77' lang='lat' dir='ltr'><strong>sacriﬁcan-</strong></span> 
     </span>
    </p>
   </div>
   <div class='ocr_carea' id='block_1_35' title="bbox 268 3038 1869 3115">
    <p class='ocr_par' dir='ltr' id='par_1_35' title="bbox 268 3038 1869 3115">
     <span class='ocr_line' id='line_1_35' title="bbox 268 3038 1869 3115; baseline 0.006 -22"><span class='ocrx_word' id='word_1_259' title='bbox 268 3058 289 3093; x_wconf 77' lang='lat' dir='ltr'><strong>t</strong></span> <span class='ocrx_word' id='word_1_260' title='bbox 331 3038 476 3092; x_wconf 87' lang='lat' dir='ltr'><strong>tibus</strong></span> <span class='ocrx_word' id='word_1_261' title='bbox 500 3038 662 3105; x_wconf 87' lang='lat' dir='ltr'><strong>dicat,</strong></span> <span class='ocrx_word' id='word_1_262' title='bbox 692 3047 889 3115; x_wconf 82' lang='lat' dir='ltr'><strong>etcum</strong></span> <span class='ocrx_word' id='word_1_263' title='bbox 915 3038 1107 3110; x_wconf 69' lang='lat' dir='ltr'><strong>ptenas</strong></span> <span class='ocrx_word' id='word_1_264' title='bbox 1129 3051 1362 3097; x_wconf 78' lang='lat' dir='ltr'><strong>aeternas</strong></span> <span class='ocrx_word' id='word_1_265' title='bbox 1384 3055 1437 3098; x_wconf 91' lang='lat' dir='ltr'><strong>et</strong></span> <span class='ocrx_word' id='word_1_266' title='bbox 1463 3045 1725 3114; x_wconf 87' lang='lat' dir='ltr'><strong>supplicia</strong></span> <span class='ocrx_word' id='word_1_267' title='bbox 1750 3062 1869 3115; x_wconf 85' lang='lat' dir='ltr'><strong>per-</strong></span> 
     </span>
    </p>
   </div>
   <div class='ocr_carea' id='block_1_36' title="bbox 269 3109 1870 3188">
    <p class='ocr_par' dir='ltr' id='par_1_36' title="bbox 269 3109 1870 3188">
     <span class='ocr_line' id='line_1_36' title="bbox 269 3109 1870 3188; baseline 0.008 -26"><span class='ocrx_word' id='word_1_268' title='bbox 269 3129 289 3162; x_wconf 74' lang='grc' dir='ltr'><strong><em>ι</em></strong></span> <span class='ocrx_word' id='word_1_269' title='bbox 328 3119 487 3188; x_wconf 77' lang='lat' dir='ltr'><strong>petua</strong></span> <span class='ocrx_word' id='word_1_270' title='bbox 519 3109 1272 3188; x_wconf 70' lang='lat' dir='ltr'><strong>comminetur,proppnatur</strong></span> <span class='ocrx_word' id='word_1_271' title='bbox 1316 3129 1346 3188; x_wconf 82' lang='lat' dir='ltr'><strong>a</strong></span> <span class='ocrx_word' id='word_1_272' title='bbox 1374 3109 1666 3187; x_wconf 76' lang='lat' dir='ltr'><strong>sacrilegis,</strong></span> <span class='ocrx_word' id='word_1_273' title='bbox 1709 3109 1870 3188; x_wconf 78' lang='lat' dir='ltr'><strong>atque</strong></span> 
     </span>
    </p>
   </div>
   <div class='ocr_carea' id='block_1_37' title="bbox 268 3181 1939 3271">
    <p class='ocr_par' dir='ltr' id='par_1_37' title="bbox 268 3181 1939 3271">
     <span class='ocr_line' id='line_1_37' title="bbox 268 3181 1939 3271; baseline 0.007 -36"><span class='ocrx_word' id='word_1_274' title='bbox 268 3201 288 3235; x_wconf 70' lang='grc' dir='ltr'>ί</span> <span class='ocrx_word' id='word_1_275' title='bbox 321 3181 551 3271; x_wconf 59' lang='lat' dir='ltr'><strong>dicatur,</strong></span> <span class='ocrx_word' id='word_1_276' title='bbox 579 3198 646 3237; x_wconf 92' lang='lat' dir='ltr'><strong>ne</strong></span> <span class='ocrx_word' id='word_1_277' title='bbox 671 3183 747 3271; x_wconf 74' lang='lat' dir='ltr'><strong>ira</strong></span> <span class='ocrx_word' id='word_1_278' title='bbox 776 3185 1039 3271; x_wconf 46' lang='lat' dir='ltr'><strong>cogitetur</strong></span> <span class='ocrx_word' id='word_1_279' title='bbox 1068 3184 1283 3271; x_wconf 26' lang='lat' dir='ltr'><strong>Deipne</strong></span> <span class='ocrx_word' id='word_1_280' title='bbox 1310 3181 1867 3271; x_wconf 58' lang='lat' dir='ltr'><strong>timeatur&#39;iudicium</strong></span> <span class='ocrx_word' id='word_1_281' title='bbox 1893 3206 1939 3271; x_wconf 72' lang='grc' dir='ltr'>ο</span> 
     </span>
    </p>
   </div>
   <div class='ocr_carea' id='block_1_38' title="bbox 266 3254 1865 3324">
    <p class='ocr_par' dir='ltr' id='par_1_38' title="bbox 266 3254 1865 3324">
     <span class='ocr_line' id='line_1_38' title="bbox 266 3254 1865 3324; baseline 0.007 -18"><span class='ocrx_word' id='word_1_282' title='bbox 266 3272 288 3306; x_wconf 72' lang='grc' dir='ltr'><strong>ε</strong></span> <span class='ocrx_word' id='word_1_283' title='bbox 323 3254 633 3319; x_wconf 90' lang='lat' dir='ltr'><strong>Domini,ne</strong></span> <span class='ocrx_word' id='word_1_284' title='bbox 648 3254 889 3324; x_wconf 86' lang='lat' dir='ltr'><strong>pulsetur</strong></span> <span class='ocrx_word' id='word_1_285' title='bbox 901 3254 967 3309; x_wconf 92' lang='lat' dir='ltr'><strong>ad</strong></span> <span class='ocrx_word' id='word_1_286' title='bbox 1001 3255 1293 3310; x_wconf 85' lang='lat' dir='ltr'><strong>Ecclesiam</strong></span> <span class='ocrx_word' id='word_1_287' title='bbox 1311 3254 1633 3323; x_wconf 88' lang='lat' dir='ltr'><strong>Christi,sed</strong></span> <span class='ocrx_word' id='word_1_288' title='bbox 1656 3263 1865 3317; x_wconf 82' lang='lat' dir='ltr'><strong>sublata</strong></span> 
     </span>
    </p>
   </div>
   <div class='ocr_carea' id='block_1_39' title="bbox 268 3326 1869 3400">
    <p class='ocr_par' dir='ltr' id='par_1_39' title="bbox 268 3326 1869 3400">
     <span class='ocr_line' id='line_1_39' title="bbox 268 3326 1869 3400; baseline 0.007 -22"><span class='ocrx_word' id='word_1_289' title='bbox 268 3344 287 3378; x_wconf 73' lang='grc' dir='ltr'><em>α</em></span> <span class='ocrx_word' id='word_1_290' title='bbox 318 3326 653 3400; x_wconf 64' lang='lat' dir='ltr'><strong>paenitentia,</strong></span> <span class='ocrx_word' id='word_1_291' title='bbox 683 3326 904 3400; x_wconf 10' lang='lat' dir='ltr'><strong>neciulla</strong></span> <span class='ocrx_word' id='word_1_292' title='bbox 943 3326 1307 3400; x_wconf 82' lang='lat' dir='ltr'><strong>exomologesi</strong></span> <span class='ocrx_word' id='word_1_293' title='bbox 1329 3330 1569 3384; x_wconf 89' lang='lat' dir='ltr'><strong>criminis</strong></span> <span class='ocrx_word' id='word_1_294' title='bbox 1588 3330 1745 3400; x_wconf 89' lang='lat' dir='ltr'><strong>facta,</strong></span> <span class='ocrx_word' id='word_1_295' title='bbox 1773 3334 1869 3389; x_wconf 92' lang='lat' dir='ltr'><strong>de-</strong></span> 
     </span>
    </p>
   </div>
   <div class='ocr_carea' id='block_1_40' title="bbox 267 3396 1866 3476">
    <p class='ocr_par' dir='ltr' id='par_1_40' title="bbox 267 3396 1866 3476">
     <span class='ocr_line' id='line_1_40' title="bbox 267 3396 1866 3476; baseline 0.007 -26"><span class='ocrx_word' id='word_1_296' title='bbox 267 3418 288 3450; x_wconf 82' lang='grc'><strong><em>‹</em></strong></span> <span class='ocrx_word' id='word_1_297' title='bbox 321 3396 522 3476; x_wconf 66' lang='lat' dir='ltr'><strong>spectis</strong></span> <span class='ocrx_word' id='word_1_298' title='bbox 539 3398 826 3476; x_wconf 35' lang='lat' dir='ltr'><strong>“episcopis</strong></span> <span class='ocrx_word' id='word_1_299' title='bbox 870 3407 1029 3476; x_wconf 75' lang='lat' dir='ltr'><strong>atque</strong></span> <span class='ocrx_word' id='word_1_300' title='bbox 1067 3396 1318 3465; x_wconf 85' lang='lat' dir='ltr'><strong>calcatis,</strong></span> <span class='ocrx_word' id='word_1_301' title='bbox 1351 3415 1450 3476; x_wconf 88' lang='lat' dir='ltr'><strong>pax</strong></span> <span class='ocrx_word' id='word_1_302' title='bbox 1479 3416 1510 3476; x_wconf 81' lang='lat' dir='ltr'><strong>a</strong></span> <span class='ocrx_word' id='word_1_303' title='bbox 1538 3396 1866 3476; x_wconf 76' lang='lat' dir='ltr'><strong>presbyteris</strong></span> 
     </span>
    </p>
   </div>
   <div class='ocr_carea' id='block_1_41' title="bbox 267 3466 1881 3544">
    <p class='ocr_par' dir='ltr' id='par_1_41' title="bbox 267 3466 1881 3544">
     <span class='ocr_line' id='line_1_41' title="bbox 267 3466 1881 3544; baseline 0.007 -24"><span class='ocrx_word' id='word_1_304' title='bbox 267 3486 287 3520; x_wconf 71' lang='grc' dir='ltr'>ι</span> <span class='ocrx_word' id='word_1_305' title='bbox 327 3466 507 3544; x_wconf 75' lang='lat' dir='ltr'><strong>verbis</strong></span> <span class='ocrx_word' id='word_1_306' title='bbox 535 3466 1176 3544; x_wconf 61' lang='lat' dir='ltr'><strong>fallacibjts_prmdicetur,</strong></span> <span class='ocrx_word' id='word_1_307' title='bbox 1200 3479 1255 3544; x_wconf 84' lang='lat' dir='ltr'><strong>et</strong></span> <span class='ocrx_word' id='word_1_308' title='bbox 1274 3466 1497 3542; x_wconf 76' lang='lat' dir='ltr'><strong>nelapsi</strong></span> <span class='ocrx_word' id='word_1_309' title='bbox 1518 3466 1757 3544; x_wconf 70' lang='lat' dir='ltr'><strong>surgant.</strong></span> <span class='ocrx_word' id='word_1_310' title='bbox 1773 3484 1881 3531; x_wconf 88' lang='lat' dir='ltr'><strong>aut</strong></span> 
     </span>
    </p>
   </div>
   <div class='ocr_carea' id='block_1_42' title="bbox 266 3539 1864 3608">
    <p class='ocr_par' dir='ltr' id='par_1_42' title="bbox 266 3539 1864 3608">
     <span class='ocr_line' id='line_1_42' title="bbox 266 3539 1864 3608; baseline 0.008 -16"><span class='ocrx_word' id='word_1_311' title='bbox 266 3558 287 3592; x_wconf 82' lang='grc'><strong><em>‹</em></strong></span> <span class='ocrx_word' id='word_1_312' title='bbox 328 3539 458 3593; x_wconf 91' lang='lat' dir='ltr'><strong>foris</strong></span> <span class='ocrx_word' id='word_1_313' title='bbox 490 3539 649 3607; x_wconf 86' lang='lat' dir='ltr'><strong>positi</strong></span> <span class='ocrx_word' id='word_1_314' title='bbox 692 3539 759 3593; x_wconf 88' lang='lat' dir='ltr'><strong>ad</strong></span> <span class='ocrx_word' id='word_1_315' title='bbox 809 3539 1103 3596; x_wconf 74' lang='lat' dir='ltr'><strong>Ecclesiam</strong></span> <span class='ocrx_word' id='word_1_316' title='bbox 1158 3539 1864 3608; x_wconf 52' lang='lat' dir='ltr'><strong>redeant,&#39;c0tnufunicatio</strong></span> 
     </span>
    </p>
   </div>
   <div class='ocr_carea' id='block_1_43' title="bbox 266 3611 1868 3682">
    <p class='ocr_par' dir='ltr' id='par_1_43' title="bbox 266 3611 1868 3682">
     <span class='ocr_line' id='line_1_43' title="bbox 266 3611 1868 3682; baseline 0.007 -17"><span class='ocrx_word' id='word_1_317' title='bbox 266 3631 286 3665; x_wconf 73' lang='grc' dir='ltr'>ι</span> <span class='ocrx_word' id='word_1_318' title='bbox 328 3625 438 3666; x_wconf 88' lang='lat' dir='ltr'><strong>non</strong></span> <span class='ocrx_word' id='word_1_319' title='bbox 465 3611 985 3667; x_wconf 89' lang='lat' dir='ltr'><strong>communicantibus</strong></span> <span class='ocrx_word' id='word_1_320' title='bbox 1000 3611 1288 3667; x_wconf 79' lang='lat' dir='ltr'><strong>offeratur?</strong></span> <span class='ocrx_word' id='word_1_321' title='bbox 1316 3614 1519 3682; x_wconf 79' lang='lat' dir='ltr'><strong>Quibus</strong></span> <span class='ocrx_word' id='word_1_322' title='bbox 1542 3619 1703 3673; x_wconf 80' lang='lat' dir='ltr'><strong>etiam</strong></span> <span class='ocrx_word' id='word_1_323' title='bbox 1734 3622 1868 3677; x_wconf 83' lang='lat' dir='ltr'><strong>satis</strong></span> 
     </span>
    </p>
   </div>
   <div class='ocr_carea' id='block_1_44' title="bbox 266 3682 1864 3758">
    <p class='ocr_par' dir='ltr' id='par_1_44' title="bbox 266 3682 1864 3758">
     <span class='ocr_line' id='line_1_44' title="bbox 266 3682 1864 3758; baseline 0.005 -20"><span class='ocrx_word' id='word_1_324' title='bbox 266 3704 287 3738; x_wconf 71' lang='grc' dir='ltr'><strong><em>ι</em></strong></span> <span class='ocrx_word' id='word_1_325' title='bbox 321 3698 430 3758; x_wconf 72' lang='lat' dir='ltr'><strong>non</strong></span> <span class='ocrx_word' id='word_1_326' title='bbox 462 3682 563 3758; x_wconf 81' lang='lat' dir='ltr'><strong>fuit</strong></span> <span class='ocrx_word' id='word_1_327' title='bbox 587 3682 656 3758; x_wconf 74' lang='lat' dir='ltr'><strong>ab</strong></span> <span class='ocrx_word' id='word_1_328' title='bbox 686 3682 978 3754; x_wconf 80' lang='lat' dir='ltr'><strong>Evangelia</strong></span> <span class='ocrx_word' id='word_1_329' title='bbox 1016 3685 1333 3758; x_wconf 66' lang='lat' dir='ltr'><strong>recessisse,</strong></span> <span class='ocrx_word' id='word_1_330' title='bbox 1378 3704 1529 3757; x_wconf 85' lang='lat' dir='ltr'><strong>spem</strong></span> <span class='ocrx_word' id='word_1_331' title='bbox 1559 3690 1722 3758; x_wconf 85' lang='lat' dir='ltr'><strong>lapsis</strong></span> <span class='ocrx_word' id='word_1_332' title='bbox 1773 3708 1864 3746; x_wconf 84' lang='lat' dir='ltr'><strong>sa-</strong></span> 
     </span>
    </p>
   </div>
   <div class='ocr_carea' id='block_1_45' title="bbox 266 3754 1864 3826">
    <p class='ocr_par' dir='ltr' id='par_1_45' title="bbox 266 3754 1864 3826">
     <span class='ocr_line' id='line_1_45' title="bbox 266 3754 1864 3826; baseline 0.006 -17"><span class='ocrx_word' id='word_1_333' title='bbox 266 3775 287 3809; x_wconf 75' lang='grc'><strong>(</strong></span> <span class='ocrx_word' id='word_1_334' title='bbox 319 3754 634 3810; x_wconf 91' lang='lat' dir='ltr'><strong>tisfaetionis</strong></span> <span class='ocrx_word' id='word_1_335' title='bbox 685 3763 740 3809; x_wconf 91' lang='lat' dir='ltr'><strong>et</strong></span> <span class='ocrx_word' id='word_1_336' title='bbox 768 3757 1096 3826; x_wconf 64' lang='lat' dir='ltr'><strong>pmnitentiae</strong></span> <span class='ocrx_word' id='word_1_337' title='bbox 1121 3754 1426 3825; x_wconf 76' lang='lat' dir='ltr'><strong>sustulisse,</strong></span> <span class='ocrx_word' id='word_1_338' title='bbox 1466 3754 1743 3817; x_wconf 74' lang='lat' dir='ltr'><strong>fraudibus</strong></span> <span class='ocrx_word' id='word_1_339' title='bbox 1782 3764 1864 3817; x_wconf 87' lang='lat' dir='ltr'><strong>in-</strong></span> 
     </span>
    </p>
   </div>
   <div class='ocr_carea' id='block_1_46' title="bbox 268 3826 1864 3898">
    <p class='ocr_par' dir='ltr' id='par_1_46' title="bbox 268 3826 1864 3898">
     <span class='ocr_line' id='line_1_46' title="bbox 268 3826 1864 3898; baseline 0.004 -16"><span class='ocrx_word' id='word_1_340' title='bbox 268 3845 288 3882; x_wconf 76' lang='lat' dir='ltr'><strong>t</strong></span> <span class='ocrx_word' id='word_1_341' title='bbox 320 3828 557 3893; x_wconf 87' lang='lat' dir='ltr'><strong>volutos,</strong></span> <span class='ocrx_word' id='word_1_342' title='bbox 588 3826 693 3898; x_wconf 84' lang='lat' dir='ltr'><strong>vel</strong></span> <span class='ocrx_word' id='word_1_343' title='bbox 736 3827 1016 3883; x_wconf 89' lang='lat' dir='ltr'><strong>adulteriis</strong></span> <span class='ocrx_word' id='word_1_344' title='bbox 1073 3830 1516 3898; x_wconf 87' lang='lat' dir='ltr'><strong>commaculatos,</strong></span> <span class='ocrx_word' id='word_1_345' title='bbox 1539 3833 1623 3887; x_wconf 87' lang='lat' dir='ltr'><strong>vel</strong></span> <span class='ocrx_word' id='word_1_346' title='bbox 1657 3834 1864 3888; x_wconf 79' lang='lat' dir='ltr'><strong>sacrifi-</strong></span> 
     </span>
    </p>
   </div>
   <div class='ocr_carea' id='block_1_47' title="bbox 266 3897 1864 3968">
    <p class='ocr_par' dir='ltr' id='par_1_47' title="bbox 266 3897 1864 3968">
     <span class='ocr_line' id='line_1_47' title="bbox 266 3897 1864 3968; baseline 0.003 -16"><span class='ocrx_word' id='word_1_347' title='bbox 266 3918 287 3952; x_wconf 77' lang='lat'><strong>¢</strong></span> <span class='ocrx_word' id='word_1_348' title='bbox 315 3899 524 3955; x_wconf 90' lang='lat' dir='ltr'><strong>ciorum</strong></span> <span class='ocrx_word' id='word_1_349' title='bbox 572 3897 783 3953; x_wconf 88' lang='lat' dir='ltr'><strong>funesta</strong></span> <span class='ocrx_word' id='word_1_350' title='bbox 817 3899 1139 3968; x_wconf 79' lang='lat' dir='ltr'><strong>contagione</strong></span> <span class='ocrx_word' id='word_1_351' title='bbox 1171 3901 1426 3968; x_wconf 86' lang='lat' dir='ltr'><strong>pollutos,</strong></span> <span class='ocrx_word' id='word_1_352' title='bbox 1464 3897 1533 3958; x_wconf 89' lang='lat' dir='ltr'><strong>ne</strong></span> <span class='ocrx_word' id='word_1_353' title='bbox 1562 3904 1730 3958; x_wconf 91' lang='lat' dir='ltr'><strong>Deum</strong></span> <span class='ocrx_word' id='word_1_354' title='bbox 1772 3920 1864 3959; x_wconf 87' lang='lat' dir='ltr'><strong>ro-</strong></span> 
     </span>
    </p>
   </div>
   <div class='ocr_carea' id='block_1_48' title="bbox 267 3969 1864 4041">
    <p class='ocr_par' dir='ltr' id='par_1_48' title="bbox 267 3969 1864 4041">
     <span class='ocr_line' id='line_1_48' title="bbox 267 3969 1864 4041; baseline 0.004 -16"><span class='ocrx_word' id='word_1_355' title='bbox 267 3991 287 4025; x_wconf 75' lang='grc' dir='ltr'>ι</span> <span class='ocrx_word' id='word_1_356' title='bbox 323 3980 538 4041; x_wconf 88' lang='lat' dir='ltr'><strong>garent,</strong></span> <span class='ocrx_word' id='word_1_357' title='bbox 565 3985 634 4026; x_wconf 92' lang='lat' dir='ltr'><strong>ne</strong></span> <span class='ocrx_word' id='word_1_358' title='bbox 664 3969 717 4024; x_wconf 91' lang='lat' dir='ltr'><strong>in</strong></span> <span class='ocrx_word' id='word_1_359' title='bbox 736 3969 973 4024; x_wconf 84' lang='lat' dir='ltr'><strong>Ecclesia</strong></span> <span class='ocrx_word' id='word_1_360' title='bbox 994 3971 1393 4040; x_wconf 87' lang='lat' dir='ltr'><strong>exomologesin</strong></span> <span class='ocrx_word' id='word_1_361' title='bbox 1415 3973 1696 4029; x_wconf 89' lang='lat' dir='ltr'><strong>criminum</strong></span> <span class='ocrx_word' id='word_1_362' title='bbox 1720 3976 1864 4032; x_wconf 74' lang='lat' dir='ltr'><strong>face-</strong></span> 
     </span>
    </p>
   </div>
   <div class='ocr_carea' id='block_1_49' title="bbox 266 4041 1866 4111">
    <p class='ocr_par' dir='ltr' id='par_1_49' title="bbox 266 4041 1866 4111">
     <span class='ocr_line' id='line_1_49' title="bbox 266 4041 1866 4111; baseline 0.004 -16"><span class='ocrx_word' id='word_1_363' title='bbox 266 4062 287 4095; x_wconf 69' lang='grc' dir='ltr'><strong>ε</strong></span> <span class='ocrx_word' id='word_1_364' title='bbox 323 4054 466 4107; x_wconf 88' lang='lat' dir='ltr'><strong>rent,</strong></span> <span class='ocrx_word' id='word_1_365' title='bbox 497 4043 565 4098; x_wconf 91' lang='lat' dir='ltr'><strong>ab</strong></span> <span class='ocrx_word' id='word_1_366' title='bbox 592 4045 739 4097; x_wconf 93' lang='lat' dir='ltr'><strong>omni</strong></span> <span class='ocrx_word' id='word_1_367' title='bbox 767 4049 823 4096; x_wconf 92' lang='lat' dir='ltr'><strong>et</strong></span> <span class='ocrx_word' id='word_1_368' title='bbox 839 4055 1002 4097; x_wconf 92' lang='lat' dir='ltr'><strong>sensu</strong></span> <span class='ocrx_word' id='word_1_369' title='bbox 1028 4050 1083 4095; x_wconf 91' lang='lat' dir='ltr'><strong>et</strong></span> <span class='ocrx_word' id='word_1_370' title='bbox 1114 4041 1290 4111; x_wconf 87' lang='lat' dir='ltr'><strong>fructu</strong></span> <span class='ocrx_word' id='word_1_371' title='bbox 1323 4045 1655 4111; x_wconf 72' lang='lat' dir='ltr'><strong>pmnitentite</strong></span> <span class='ocrx_word' id='word_1_372' title='bbox 1685 4061 1866 4102; x_wconf 90' lang='lat' dir='ltr'><strong>remo-</strong></span> 
     </span>
    </p>
   </div>
   <div class='ocr_carea' id='block_1_50' title="bbox 266 4110 1865 4189">
    <p class='ocr_par' dir='ltr' id='par_1_50' title="bbox 266 4110 1865 4189">
     <span class='ocr_line' id='line_1_50' title="bbox 266 4110 1865 4189; baseline 0.004 -20"><span class='ocrx_word' id='word_1_373' title='bbox 266 4134 287 4169; x_wconf 83' lang='grc'>‹</span> <span class='ocrx_word' id='word_1_374' title='bbox 323 4117 466 4169; x_wconf 87' lang='lat' dir='ltr'><strong>visse</strong></span> <span class='ocrx_word' id='word_1_375' title='bbox 514 4115 592 4185; x_wconf 91' lang='lat' dir='ltr'><strong>(p.</strong></span> <span class='ocrx_word' id='word_1_376' title='bbox 642 4111 1143 4189; x_wconf 66' lang='lat' dir='ltr'><strong>181_et_182)......</strong></span> <span class='ocrx_word' id='word_1_377' title='bbox 1172 4110 1227 4167; x_wconf 90' lang='lat' dir='ltr'><strong>Si</strong></span> <span class='ocrx_word' id='word_1_378' title='bbox 1270 4113 1361 4184; x_wconf 90' lang='lat' dir='ltr'><strong>qtti</strong></span> <span class='ocrx_word' id='word_1_379' title='bbox 1387 4124 1565 4189; x_wconf 86' lang='lat' dir='ltr'><strong>autem</strong></span> <span class='ocrx_word' id='word_1_380' title='bbox 1601 4126 1729 4173; x_wconf 87' lang='lat' dir='ltr'><strong>sunt.</strong></span> <span class='ocrx_word' id='word_1_381' title='bbox 1774 4121 1865 4189; x_wconf 87' lang='lat' dir='ltr'><strong>qui</strong></span> 
     </span>
    </p>
   </div>
   <div class='ocr_carea' id='block_1_51' title="bbox 265 4182 1864 4255">
    <p class='ocr_par' dir='ltr' id='par_1_51' title="bbox 265 4182 1864 4255">
     <span class='ocr_line' id='line_1_51' title="bbox 265 4182 1864 4255; baseline 0.006 -17"><span class='ocrx_word' id='word_1_382' title='bbox 265 4205 286 4238; x_wconf 82' lang='grc'><em>‹</em></span> <span class='ocrx_word' id='word_1_383' title='bbox 322 4182 600 4255; x_wconf 52' lang='grc' dir='ltr'><strong>ρυιθηῐεθ</strong></span> <span class='ocrx_word' id='word_1_384' title='bbox 636 4183 701 4237; x_wconf 90' lang='lat' dir='ltr'><strong>ad</strong></span> <span class='ocrx_word' id='word_1_385' title='bbox 747 4182 1043 4240; x_wconf 90' lang='lat' dir='ltr'><strong>Ecclesiam</strong></span> <span class='ocrx_word' id='word_1_386' title='bbox 1100 4198 1208 4239; x_wconf 93' lang='lat' dir='ltr'><strong>non</strong></span> <span class='ocrx_word' id='word_1_387' title='bbox 1260 4182 1530 4255; x_wconf 82' lang='lat' dir='ltr'><strong>precibus,</strong></span> <span class='ocrx_word' id='word_1_388' title='bbox 1562 4190 1655 4244; x_wconf 91' lang='lat' dir='ltr'><strong>sed</strong></span> <span class='ocrx_word' id='word_1_389' title='bbox 1700 4182 1864 4248; x_wconf 80' lang='lat' dir='ltr'><strong>minis</strong></span> 
     </span>
    </p>
   </div>
   <div class='ocr_carea' id='block_1_52' title="bbox 265 4255 1859 4327">
    <p class='ocr_par' dir='ltr' id='par_1_52' title="bbox 265 4255 1859 4327">
     <span class='ocr_line' id='line_1_52' title="bbox 265 4255 1859 4327; baseline 0.006 -17"><span class='ocrx_word' id='word_1_390' title='bbox 265 4275 287 4310; x_wconf 74' lang='grc' dir='ltr'>σ</span> <span class='ocrx_word' id='word_1_391' title='bbox 327 4255 536 4327; x_wconf 76' lang='lat' dir='ltr'><strong>regredi</strong></span> <span class='ocrx_word' id='word_1_392' title='bbox 566 4268 746 4325; x_wconf 88' lang='lat' dir='ltr'><strong>posse,</strong></span> <span class='ocrx_word' id='word_1_393' title='bbox 776 4265 869 4310; x_wconf 89' lang='lat' dir='ltr'><strong>aut</strong></span> <span class='ocrx_word' id='word_1_394' title='bbox 912 4257 1223 4313; x_wconf 86' lang='lat' dir='ltr'><strong>existimant</strong></span> <span class='ocrx_word' id='word_1_395' title='bbox 1267 4257 1471 4313; x_wconf 91' lang='lat' dir='ltr'><strong>aditum</strong></span> <span class='ocrx_word' id='word_1_396' title='bbox 1502 4274 1561 4316; x_wconf 90' lang='lat' dir='ltr'><strong>se</strong></span> <span class='ocrx_word' id='word_1_397' title='bbox 1614 4262 1719 4318; x_wconf 89' lang='lat' dir='ltr'><strong>sibi</strong></span> <span class='ocrx_word' id='word_1_398' title='bbox 1753 4280 1859 4319; x_wconf 93' lang='lat' dir='ltr'><strong>non</strong></span> 
     </span>
    </p>
   </div>
   <div class='ocr_carea' id='block_1_53' title="bbox 266 4326 1861 4396">
    <p class='ocr_par' dir='ltr' id='par_1_53' title="bbox 266 4326 1861 4396">
     <span class='ocr_line' id='line_1_53' title="bbox 266 4326 1861 4396; baseline 0.006 -15"><span class='ocrx_word' id='word_1_399' title='bbox 266 4347 286 4381; x_wconf 74' lang='grc' dir='ltr'><strong><em>ι</em></strong></span> <span class='ocrx_word' id='word_1_400' title='bbox 325 4326 797 4384; x_wconf 78' lang='lat' dir='ltr'><strong>lamentationibus</strong></span> <span class='ocrx_word' id='word_1_401' title='bbox 822 4335 877 4382; x_wconf 89' lang='lat' dir='ltr'><strong>et</strong></span> <span class='ocrx_word' id='word_1_402' title='bbox 918 4327 1404 4396; x_wconf 86' lang='lat' dir='ltr'><strong>satisfactionibus,</strong></span> <span class='ocrx_word' id='word_1_403' title='bbox 1429 4331 1525 4386; x_wconf 89' lang='lat' dir='ltr'><strong>sed</strong></span> <span class='ocrx_word' id='word_1_404' title='bbox 1565 4336 1861 4390; x_wconf 85' lang='lat' dir='ltr'><strong>terroribus</strong></span> 
     </span>
    </p>
   </div>
   <div class='ocr_carea' id='block_1_54' title="bbox 265 4398 1860 4468">
    <p class='ocr_par' dir='ltr' id='par_1_54' title="bbox 265 4398 1860 4468">
     <span class='ocr_line' id='line_1_54' title="bbox 265 4398 1860 4468; baseline 0.006 -15"><span class='ocrx_word' id='word_1_405' title='bbox 265 4420 286 4453; x_wconf 75' lang='grc' dir='ltr'><strong>σ</strong></span> <span class='ocrx_word' id='word_1_406' title='bbox 318 4399 517 4464; x_wconf 78' lang='lat' dir='ltr'><strong>facere,</strong></span> <span class='ocrx_word' id='word_1_407' title='bbox 551 4414 646 4468; x_wconf 88' lang='lat' dir='ltr'><strong>pro</strong></span> <span class='ocrx_word' id='word_1_408' title='bbox 667 4408 815 4454; x_wconf 88' lang='lat' dir='ltr'><strong>certo</strong></span> <span class='ocrx_word' id='word_1_409' title='bbox 843 4398 1270 4455; x_wconf 86' lang='lat' dir='ltr'><strong>babeantcontra</strong></span> <span class='ocrx_word' id='word_1_410' title='bbox 1300 4403 1434 4458; x_wconf 90' lang='lat' dir='ltr'><strong>tales</strong></span> <span class='ocrx_word' id='word_1_411' title='bbox 1454 4404 1690 4459; x_wconf 89' lang='lat' dir='ltr'><strong>clausam</strong></span> <span class='ocrx_word' id='word_1_412' title='bbox 1714 4418 1860 4462; x_wconf 90' lang='lat' dir='ltr'><strong>stare</strong></span> 
     </span>
    </p>
   </div>
   <div class='ocr_carea' id='block_1_55' title="bbox 267 4470 1855 4544">
    <p class='ocr_par' dir='ltr' id='par_1_55' title="bbox 267 4470 1855 4544">
     <span class='ocr_line' id='line_1_55' title="bbox 267 4470 1855 4544; baseline 0.003 -19"><span class='ocrx_word' id='word_1_413' title='bbox 267 4492 286 4525; x_wconf 74' lang='grc' dir='ltr'>ι</span> <span class='ocrx_word' id='word_1_414' title='bbox 325 4470 620 4544; x_wconf 83' lang='lat' dir='ltr'><strong>Ecclesiam</strong></span> <span class='ocrx_word' id='word_1_415' title='bbox 632 4470 974 4544; x_wconf 10' lang='lat' dir='ltr'><strong>Dominic,nec</strong></span> <span class='ocrx_word' id='word_1_416' title='bbox 985 4485 1158 4526; x_wconf 79' lang='lat' dir='ltr'><strong>eaStra</strong></span> <span class='ocrx_word' id='word_1_417' title='bbox 1177 4473 1378 4528; x_wconf 80' lang='lat' dir='ltr'><strong>Christi</strong></span> <span class='ocrx_word' id='word_1_418' title='bbox 1400 4476 1594 4529; x_wconf 86' lang='lat' dir='ltr'><strong>invicta</strong></span> <span class='ocrx_word' id='word_1_419' title='bbox 1608 4487 1659 4530; x_wconf 93' lang='lat' dir='ltr'><strong>et</strong></span> <span class='ocrx_word' id='word_1_420' title='bbox 1677 4477 1855 4544; x_wconf 84' lang='lat' dir='ltr'><strong>fortia,</strong></span> 
     </span>
    </p>
   </div>
   <div class='ocr_carea' id='block_1_56' title="bbox 266 4543 1858 4608">
    <p class='ocr_par' dir='ltr' id='par_1_56' title="bbox 266 4543 1858 4608">
     <span class='ocr_line' id='line_1_56' title="bbox 266 4543 1858 4608; baseline 0.006 -12"><span class='ocrx_word' id='word_1_421' title='bbox 266 4562 285 4596; x_wconf 78' lang='grc' dir='ltr'>ι</span> <span class='ocrx_word' id='word_1_422' title='bbox 325 4543 551 4599; x_wconf 88' lang='lat' dir='ltr'><strong>Domino</strong></span> <span class='ocrx_word' id='word_1_423' title='bbox 576 4554 757 4599; x_wconf 88' lang='lat' dir='ltr'><strong>tuente</strong></span> <span class='ocrx_word' id='word_1_424' title='bbox 781 4543 983 4599; x_wconf 90' lang='lat' dir='ltr'><strong>minuta</strong></span> <span class='ocrx_word' id='word_1_425' title='bbox 1003 4585 1018 4608; x_wconf 96' lang='lat'><strong>,</strong></span> <span class='ocrx_word' id='word_1_426' title='bbox 1049 4545 1209 4600; x_wconf 89' lang='lat' dir='ltr'><strong>minis</strong></span> <span class='ocrx_word' id='word_1_427' title='bbox 1233 4546 1445 4601; x_wconf 87' lang='lat' dir='ltr'><strong>cedere.</strong></span> <span class='ocrx_word' id='word_1_428' title='bbox 1472 4544 1737 4603; x_wconf 84' lang='lat' dir='ltr'><strong>Sacerdos</strong></span> <span class='ocrx_word' id='word_1_429' title='bbox 1765 4549 1858 4605; x_wconf 90' lang='lat' dir='ltr'><strong>Dei</strong></span> 
     </span>
    </p>
   </div>
   <div class='ocr_carea' id='block_1_57' title="bbox 266 4614 1855 4689">
    <p class='ocr_par' dir='ltr' id='par_1_57' title="bbox 266 4614 1855 4689">
     <span class='ocr_line' id='line_1_57' title="bbox 266 4614 1855 4689; baseline 0.004 -22"><span class='ocrx_word' id='word_1_430' title='bbox 266 4634 284 4667; x_wconf 78' lang='grc' dir='ltr'>ι</span> <span class='ocrx_word' id='word_1_431' title='bbox 322 4614 669 4689; x_wconf 86' lang='lat' dir='ltr'><strong>Evangelinm</strong></span> <span class='ocrx_word' id='word_1_432' title='bbox 701 4626 911 4689; x_wconf 83' lang='lat' dir='ltr'><strong>tenens,</strong></span> <span class='ocrx_word' id='word_1_433' title='bbox 942 4624 998 4669; x_wconf 94' lang='lat' dir='ltr'><strong>et</strong></span> <span class='ocrx_word' id='word_1_434' title='bbox 1022 4616 1217 4671; x_wconf 90' lang='lat' dir='ltr'><strong>Christi</strong></span> <span class='ocrx_word' id='word_1_435' title='bbox 1242 4626 1507 4689; x_wconf 65' lang='lat' dir='ltr'><strong>praecepta</strong></span> <span class='ocrx_word' id='word_1_436' title='bbox 1526 4620 1855 4689; x_wconf 90' lang='lat' dir='ltr'><strong>custodiens,</strong></span> 
     </span>
    </p>
   </div>
   <div class='ocr_carea' id='block_1_58' title="bbox 266 4687 1860 4761">
    <p class='ocr_par' dir='ltr' id='par_1_58' title="bbox 266 4687 1860 4761">
     <span class='ocr_line' id='line_1_58' title="bbox 266 4687 1860 4761; baseline 0.004 -22"><span class='ocrx_word' id='word_1_437' title='bbox 266 4706 286 4739; x_wconf 74' lang='grc' dir='ltr'>ι</span> <span class='ocrx_word' id='word_1_438' title='bbox 324 4687 496 4761; x_wconf 83' lang='lat' dir='ltr'><strong>occidi</strong></span> <span class='ocrx_word' id='word_1_439' title='bbox 527 4697 723 4761; x_wconf 78' lang='lat' dir='ltr'><strong>potest,</strong></span> <span class='ocrx_word' id='word_1_440' title='bbox 754 4687 892 4743; x_wconf 92' lang='lat' dir='ltr'><strong>vinci</strong></span> <span class='ocrx_word' id='word_1_441' title='bbox 916 4702 1021 4761; x_wconf 81' lang='lat' dir='ltr'><strong>non</strong></span> <span class='ocrx_word' id='word_1_442' title='bbox 1050 4697 1245 4761; x_wconf 86' lang='lat' dir='ltr'><strong>potest.</strong></span> <span class='ocrx_word' id='word_1_443' title='bbox 1288 4687 1535 4761; x_wconf 25' lang='lat' dir='ltr'><strong>Suga‘et-it</strong></span> <span class='ocrx_word' id='word_1_444' title='bbox 1563 4700 1619 4745; x_wconf 91' lang='lat' dir='ltr'><strong>et</strong></span> <span class='ocrx_word' id='word_1_445' title='bbox 1657 4687 1860 4746; x_wconf 80' lang='lat' dir='ltr'><strong>submi-</strong></span> 
     </span>
    </p>
   </div>
   <div class='ocr_carea' id='block_1_59' title="bbox 266 4758 1856 4833">
    <p class='ocr_par' dir='ltr' id='par_1_59' title="bbox 266 4758 1856 4833">
     <span class='ocr_line' id='line_1_59' title="bbox 266 4758 1856 4833; baseline 0.005 -22"><span class='ocrx_word' id='word_1_446' title='bbox 266 4776 288 4811; x_wconf 83' lang='grc'><strong>‹</strong></span> <span class='ocrx_word' id='word_1_447' title='bbox 326 4759 519 4833; x_wconf 83' lang='lat' dir='ltr'><strong>nistrat</strong></span> <span class='ocrx_word' id='word_1_448' title='bbox 566 4758 721 4833; x_wconf 76' lang='lat' dir='ltr'><strong>nobis</strong></span> <span class='ocrx_word' id='word_1_449' title='bbox 772 4760 1018 4833; x_wconf 78' lang='lat' dir='ltr'><strong>exempla</strong></span> <span class='ocrx_word' id='word_1_450' title='bbox 1051 4760 1264 4815; x_wconf 89' lang='lat' dir='ltr'><strong>virtutis</strong></span> <span class='ocrx_word' id='word_1_451' title='bbox 1314 4758 1524 4825; x_wconf 54' lang='lat' dir='ltr'><strong>ac&#39;tidei</strong></span> <span class='ocrx_word' id='word_1_452' title='bbox 1546 4762 1856 4833; x_wconf 84' lang='lat' dir='ltr'><strong>Zacharias,</strong></span> 
     </span>
    </p>
   </div>
   <div class='ocr_carea' id='block_1_60' title="bbox 269 4830 1858 4904">
    <p class='ocr_par' dir='ltr' id='par_1_60' title="bbox 269 4830 1858 4904">
     <span class='ocr_line' id='line_1_60' title="bbox 269 4830 1858 4904; baseline 0.006 -21"><span class='ocrx_word' id='word_1_453' title='bbox 269 4848 288 4883; x_wconf 83' lang='lat'><strong>(</strong></span> <span class='ocrx_word' id='word_1_454' title='bbox 316 4830 541 4885; x_wconf 84' lang='lat' dir='ltr'><strong>antistes</strong></span> <span class='ocrx_word' id='word_1_455' title='bbox 585 4830 707 4904; x_wconf 75' lang='lat' dir='ltr'><strong>Dei,</strong></span> <span class='ocrx_word' id='word_1_456' title='bbox 738 4830 830 4900; x_wconf 89' lang='lat' dir='ltr'><strong>qui</strong></span> <span class='ocrx_word' id='word_1_457' title='bbox 874 4832 1213 4904; x_wconf 11' lang='lat' dir='ltr'><strong>cumctcrreri</strong></span> <span class='ocrx_word' id='word_1_458' title='bbox 1250 4833 1408 4887; x_wconf 87' lang='lat' dir='ltr'><strong>minis</strong></span> <span class='ocrx_word' id='word_1_459' title='bbox 1435 4841 1489 4888; x_wconf 91' lang='lat' dir='ltr'><strong>et</strong></span> <span class='ocrx_word' id='word_1_460' title='bbox 1535 4830 1858 4904; x_wconf 78' lang='lat' dir='ltr'><strong>lapidatione</strong></span> 
     </span>
    </p>
   </div>
   <div class='ocr_carea' id='block_1_61' title="bbox 268 4902 1859 4971">
    <p class='ocr_par' dir='ltr' id='par_1_61' title="bbox 268 4902 1859 4971">
     <span class='ocr_line' id='line_1_61' title="bbox 268 4902 1859 4971; baseline 0.008 -20"><span class='ocrx_word' id='word_1_461' title='bbox 268 4919 287 4951; x_wconf 83' lang='grc'><em>‹</em></span> <span class='ocrx_word' id='word_1_462' title='bbox 325 4916 429 4955; x_wconf 89' lang='lat' dir='ltr'><strong>non</strong></span> <span class='ocrx_word' id='word_1_463' title='bbox 455 4910 656 4969; x_wconf 83' lang='lat' dir='ltr'><strong>posset,</strong></span> <span class='ocrx_word' id='word_1_464' title='bbox 687 4902 738 4953; x_wconf 92' lang='lat' dir='ltr'><strong>in</strong></span> <span class='ocrx_word' id='word_1_465' title='bbox 763 4903 965 4971; x_wconf 89' lang='lat' dir='ltr'><strong>templo</strong></span> <span class='ocrx_word' id='word_1_466' title='bbox 1009 4902 1100 4956; x_wconf 91' lang='lat' dir='ltr'><strong>Dei</strong></span> <span class='ocrx_word' id='word_1_467' title='bbox 1129 4904 1339 4959; x_wconf 77' lang='lat' dir='ltr'><strong>occisus</strong></span> <span class='ocrx_word' id='word_1_468' title='bbox 1377 4915 1481 4970; x_wconf 88' lang='lat' dir='ltr'><strong>est,</strong></span> <span class='ocrx_word' id='word_1_469' title='bbox 1511 4902 1752 4962; x_wconf 83' lang='lat' dir='ltr'><strong>clamans</strong></span> <span class='ocrx_word' id='word_1_470' title='bbox 1803 4916 1859 4963; x_wconf 91' lang='lat' dir='ltr'><strong>et</strong></span> 
     </span>
    </p>
   </div>
   <div class='ocr_carea' id='block_1_62' title="bbox 269 4972 1857 5044">
    <p class='ocr_par' dir='ltr' id='par_1_62' title="bbox 269 4972 1857 5044">
     <span class='ocr_line' id='line_1_62' title="bbox 269 4972 1857 5044; baseline 0.006 -21"><span class='ocrx_word' id='word_1_471' title='bbox 269 4989 289 5023; x_wconf 73' lang='grc' dir='ltr'>ι</span> <span class='ocrx_word' id='word_1_472' title='bbox 320 4972 596 5027; x_wconf 88' lang='lat' dir='ltr'><strong>itentidetn</strong></span> <span class='ocrx_word' id='word_1_473' title='bbox 627 4973 813 5027; x_wconf 89' lang='lat' dir='ltr'><strong>dicens</strong></span> <span class='ocrx_word' id='word_1_474' title='bbox 851 4974 994 5043; x_wconf 88' lang='lat' dir='ltr'><strong>quod</strong></span> <span class='ocrx_word' id='word_1_475' title='bbox 1024 4989 1122 5028; x_wconf 89' lang='lat' dir='ltr'><strong>nos</strong></span> <span class='ocrx_word' id='word_1_476' title='bbox 1165 4990 1380 5044; x_wconf 85' lang='lat' dir='ltr'><strong>quoque</strong></span> <span class='ocrx_word' id='word_1_477' title='bbox 1406 4987 1590 5031; x_wconf 87' lang='lat' dir='ltr'><strong>contra</strong></span> <span class='ocrx_word' id='word_1_478' title='bbox 1639 4978 1857 5035; x_wconf 68' lang='lat' dir='ltr'><strong>lucreti-</strong></span> 
     </span>
    </p>
   </div>
   <div class='ocr_carea' id='block_1_63' title="bbox 268 5044 1859 5119">
    <p class='ocr_par' dir='ltr' id='par_1_63' title="bbox 268 5044 1859 5119">
     <span class='ocr_line' id='line_1_63' title="bbox 268 5044 1859 5119; baseline 0.007 -24"><span class='ocrx_word' id='word_1_479' title='bbox 268 5061 288 5095; x_wconf 71' lang='grc' dir='ltr'><strong>α</strong></span> <span class='ocrx_word' id='word_1_480' title='bbox 324 5058 419 5119; x_wconf 80' lang='lat' dir='ltr'><strong>c_os</strong></span> <span class='ocrx_word' id='word_1_481' title='bbox 447 5045 747 5119; x_wconf 82' lang='lat' dir='ltr'><strong>clamamus</strong></span> <span class='ocrx_word' id='word_1_482' title='bbox 774 5053 837 5119; x_wconf 70' lang='lat' dir='ltr'><strong>ct</strong></span> <span class='ocrx_word' id='word_1_483' title='bbox 883 5045 1113 5119; x_wconf 85' lang='lat' dir='ltr'><strong>dicimus</strong></span> <span class='ocrx_word' id='word_1_484' title='bbox 1147 5044 1316 5119; x_wconf 18' lang='lat' dir='ltr'><strong>:Aﬂwc</strong></span> <span class='ocrx_word' id='word_1_485' title='bbox 1344 5049 1468 5102; x_wconf 81' lang='lat' dir='ltr'><strong>dicit</strong></span> <span class='ocrx_word' id='word_1_486' title='bbox 1495 5047 1745 5105; x_wconf 80' lang='lat' dir='ltr'><strong>Dominus</strong></span> <span class='ocrx_word' id='word_1_487' title='bbox 1782 5050 1859 5119; x_wconf 87' lang='lat' dir='ltr'><strong>(ll</strong></span> 
     </span>
    </p>
   </div>
   <div class='ocr_carea' id='block_1_64' title="bbox 268 5114 1859 5187">
    <p class='ocr_par' dir='ltr' id='par_1_64' title="bbox 268 5114 1859 5187">
     <span class='ocr_line' id='line_1_64' title="bbox 268 5114 1859 5187; baseline 0.007 -21"><span class='ocrx_word' id='word_1_488' title='bbox 268 5133 288 5166; x_wconf 73' lang='grc' dir='ltr'><strong><em>ι</em></strong></span> <span class='ocrx_word' id='word_1_489' title='bbox 326 5114 508 5187; x_wconf 70' lang='lat' dir='ltr'><strong>Parui.</strong></span> <span class='ocrx_word' id='word_1_490' title='bbox 547 5116 738 5186; x_wconf 81' lang='lat' dir='ltr'><strong>xxiv):</strong></span> <span class='ocrx_word' id='word_1_491' title='bbox 764 5114 1117 5187; x_wconf 78' lang='lat' dir='ltr'><strong>Dereliquistis</strong></span> <span class='ocrx_word' id='word_1_492' title='bbox 1137 5117 1242 5170; x_wconf 83' lang='lat' dir='ltr'><strong>vias</strong></span> <span class='ocrx_word' id='word_1_493' title='bbox 1274 5119 1501 5184; x_wconf 87' lang='lat' dir='ltr'><strong>Domini,</strong></span> <span class='ocrx_word' id='word_1_494' title='bbox 1533 5130 1582 5174; x_wconf 85' lang='lat' dir='ltr'><strong>et</strong></span> <span class='ocrx_word' id='word_1_495' title='bbox 1605 5114 1859 5177; x_wconf 78' lang='lat' dir='ltr'><strong>Dominus</strong></span> 
     </span>
    </p>
   </div>
   <div class='ocr_carea' id='block_1_65' title="bbox 269 5186 1861 5258">
    <p class='ocr_par' dir='ltr' id='par_1_65' title="bbox 269 5186 1861 5258">
     <span class='ocr_line' id='line_1_65' title="bbox 269 5186 1861 5258; baseline 0.006 -20"><span class='ocrx_word' id='word_1_496' title='bbox 269 5206 288 5238; x_wconf 74' lang='grc' dir='ltr'>ι</span> <span class='ocrx_word' id='word_1_497' title='bbox 323 5186 632 5258; x_wconf 75' lang='lat' dir='ltr'><strong>derelinquat</strong></span> <span class='ocrx_word' id='word_1_498' title='bbox 663 5203 766 5241; x_wconf 82' lang='lat' dir='ltr'><strong>vos.</strong></span> <span class='ocrx_word' id='word_1_499' title='bbox 799 5186 984 5257; x_wconf 84' lang='lat' dir='ltr'><strong>Neque</strong></span> <span class='ocrx_word' id='word_1_500' title='bbox 1012 5188 1155 5243; x_wconf 88' lang='lat' dir='ltr'><strong>enim</strong></span> <span class='ocrx_word' id='word_1_501' title='bbox 1195 5189 1284 5258; x_wconf 86' lang='lat' dir='ltr'><strong>qui</strong></span> <span class='ocrx_word' id='word_1_502' title='bbox 1322 5190 1472 5258; x_wconf 91' lang='lat' dir='ltr'><strong>pauci</strong></span> <span class='ocrx_word' id='word_1_503' title='bbox 1516 5193 1784 5247; x_wconf 87' lang='lat' dir='ltr'><strong>temerarii</strong></span> <span class='ocrx_word' id='word_1_504' title='bbox 1804 5203 1861 5248; x_wconf 89' lang='lat' dir='ltr'><strong>et</strong></span> 
     </span>
    </p>
   </div>
   <div class='ocr_carea' id='block_1_66' title="bbox 268 5257 1858 5320">
    <p class='ocr_par' dir='ltr' id='par_1_66' title="bbox 268 5257 1858 5320">
     <span class='ocr_line' id='line_1_66' title="bbox 268 5257 1858 5320; baseline 0.005 -8"><span class='ocrx_word' id='word_1_505' title='bbox 268 5277 286 5312; x_wconf 73' lang='grc' dir='ltr'>ι</span> <span class='ocrx_word' id='word_1_506' title='bbox 325 5259 413 5313; x_wconf 79' lang='lat' dir='ltr'><strong>im.</strong></span> <span class='ocrx_word' id='word_1_507' title='bbox 441 5257 558 5312; x_wconf 90' lang='lat' dir='ltr'><strong>robi</strong></span> <span class='ocrx_word' id='word_1_508' title='bbox 585 5260 835 5315; x_wconf 77' lang='lat' dir='ltr'><strong>caelestes</strong></span> <span class='ocrx_word' id='word_1_509' title='bbox 858 5268 914 5313; x_wconf 90' lang='lat' dir='ltr'><strong>et</strong></span> <span class='ocrx_word' id='word_1_510' title='bbox 938 5259 1202 5314; x_wconf 85' lang='lat' dir='ltr'><strong>salutares</strong></span> <span class='ocrx_word' id='word_1_511' title='bbox 1216 5257 1336 5315; x_wconf 30' lang='lat' dir='ltr'><strong>’vias</strong></span> <span class='ocrx_word' id='word_1_512' title='bbox 1366 5260 1573 5316; x_wconf 86' lang='lat' dir='ltr'><strong>Domini</strong></span> <span class='ocrx_word' id='word_1_513' title='bbox 1621 5263 1858 5320; x_wconf 88' lang='lat' dir='ltr'><strong>derelin-</strong></span> 
     </span>
    </p>
   </div>
   <div class='ocr_carea' id='block_1_67' title="bbox 269 5333 1859 5403">
    <p class='ocr_par' dir='ltr' id='par_1_67' title="bbox 269 5333 1859 5403">
     <span class='ocr_line' id='line_1_67' title="bbox 269 5333 1859 5403; baseline 0.006 -23"><span class='ocrx_word' id='word_1_514' title='bbox 269 5349 287 5380; x_wconf 77' lang='grc' dir='ltr'><em>σ</em></span> <span class='ocrx_word' id='word_1_515' title='bbox 324 5337 518 5400; x_wconf 90' lang='lat' dir='ltr'><strong>quunt,</strong></span> <span class='ocrx_word' id='word_1_516' title='bbox 546 5337 602 5385; x_wconf 92' lang='lat' dir='ltr'><strong>et</strong></span> <span class='ocrx_word' id='word_1_517' title='bbox 626 5339 810 5403; x_wconf 84' lang='lat' dir='ltr'><strong>sancta</strong></span> <span class='ocrx_word' id='word_1_518' title='bbox 839 5344 944 5383; x_wconf 88' lang='lat' dir='ltr'><strong>non</strong></span> <span class='ocrx_word' id='word_1_519' title='bbox 967 5340 1207 5403; x_wconf 81' lang='lat' dir='ltr'><strong>agentes,</strong></span> <span class='ocrx_word' id='word_1_520' title='bbox 1238 5344 1268 5385; x_wconf 88' lang='lat' dir='ltr'><strong>a</strong></span> <span class='ocrx_word' id='word_1_521' title='bbox 1311 5341 1499 5403; x_wconf 87' lang='lat' dir='ltr'><strong>saneto</strong></span> <span class='ocrx_word' id='word_1_522' title='bbox 1528 5333 1729 5403; x_wconf 88' lang='lat' dir='ltr'><strong>Spiritu</strong></span> <span class='ocrx_word' id='word_1_523' title='bbox 1760 5335 1859 5389; x_wconf 88' lang='lat' dir='ltr'><strong>de-</strong></span> 
     </span>
    </p>
   </div>
   <div class='ocr_carea' id='block_1_68' title="bbox 268 5401 1858 5467">
    <p class='ocr_par' dir='ltr' id='par_1_68' title="bbox 268 5401 1858 5467">
     <span class='ocr_line' id='line_1_68' title="bbox 268 5401 1858 5467; baseline 0.004 -14"><span class='ocrx_word' id='word_1_524' title='bbox 268 5421 287 5453; x_wconf 78' lang='lat' dir='ltr'><strong>tt</strong></span> <span class='ocrx_word' id='word_1_525' title='bbox 326 5411 594 5467; x_wconf 86' lang='lat' dir='ltr'><strong>seruntur,</strong></span> <span class='ocrx_word' id='word_1_526' title='bbox 642 5401 762 5457; x_wconf 90' lang='lat' dir='ltr'><strong>ideo</strong></span> <span class='ocrx_word' id='word_1_527' title='bbox 789 5408 844 5455; x_wconf 90' lang='lat' dir='ltr'><strong>et</strong></span> <span class='ocrx_word' id='word_1_528' title='bbox 879 5415 977 5456; x_wconf 93' lang='lat' dir='ltr'><strong>nos</strong></span> <span class='ocrx_word' id='word_1_529' title='bbox 1017 5402 1210 5455; x_wconf 71' lang='lat' dir='ltr'><strong>divina:</strong></span> <span class='ocrx_word' id='word_1_530' title='bbox 1244 5402 1546 5459; x_wconf 85' lang='lat' dir='ltr'><strong>traditionis</strong></span> <span class='ocrx_word' id='word_1_531' title='bbox 1572 5401 1858 5460; x_wconf 84' lang='lat' dir='ltr'><strong>immemo-</strong></span> 
     </span>
    </p>
   </div>
   <div class='ocr_carea' id='block_1_69' title="bbox 268 5472 1853 5544">
    <p class='ocr_par' dir='ltr' id='par_1_69' title="bbox 268 5472 1853 5544">
     <span class='ocr_line' id='line_1_69' title="bbox 268 5472 1853 5544; baseline 0.001 -16"><span class='ocrx_word' id='word_1_532' title='bbox 268 5492 288 5527; x_wconf 72' lang='grc' dir='ltr'>ί</span> <span class='ocrx_word' id='word_1_533' title='bbox 324 5487 412 5528; x_wconf 88' lang='lat' dir='ltr'><strong>res</strong></span> <span class='ocrx_word' id='word_1_534' title='bbox 433 5487 554 5528; x_wconf 82' lang='lat' dir='ltr'><strong>esse</strong></span> <span class='ocrx_word' id='word_1_535' title='bbox 571 5472 847 5535; x_wconf 89' lang='lat' dir='ltr'><strong>debemus,</strong></span> <span class='ocrx_word' id='word_1_536' title='bbox 879 5473 1153 5544; x_wconf 5' lang='lat' dir='ltr'><strong>utgmajora</strong></span> <span class='ocrx_word' id='word_1_537' title='bbox 1169 5488 1292 5529; x_wconf 91' lang='lat' dir='ltr'><strong>esse</strong></span> <span class='ocrx_word' id='word_1_538' title='bbox 1325 5476 1612 5530; x_wconf 87' lang='lat' dir='ltr'><strong>furentium</strong></span> <span class='ocrx_word' id='word_1_539' title='bbox 1628 5478 1853 5544; x_wconf 84' lang='lat' dir='ltr'><strong>scelera,</strong></span> 
     </span>
    </p>
   </div>
   <div class='ocr_carea' id='block_1_70' title="bbox 269 5542 1859 5614">
    <p class='ocr_par' dir='ltr' id='par_1_70' title="bbox 269 5542 1859 5614">
     <span class='ocr_line' id='line_1_70' title="bbox 269 5542 1859 5614; baseline 0.004 -18"><span class='ocrx_word' id='word_1_540' title='bbox 269 5564 288 5596; x_wconf 71' lang='grc' dir='ltr'><strong><em>ι</em></strong></span> <span class='ocrx_word' id='word_1_541' title='bbox 322 5559 482 5614; x_wconf 89' lang='lat' dir='ltr'><strong>quam</strong></span> <span class='ocrx_word' id='word_1_542' title='bbox 506 5544 845 5600; x_wconf 85' lang='lat' dir='ltr'><strong>sacerdotum</strong></span> <span class='ocrx_word' id='word_1_543' title='bbox 860 5542 1061 5612; x_wconf 88' lang='lat' dir='ltr'><strong>judicia</strong></span> <span class='ocrx_word' id='word_1_544' title='bbox 1089 5559 1429 5613; x_wconf 80' lang='lat' dir='ltr'><strong>eenseamus,</strong></span> <span class='ocrx_word' id='word_1_545' title='bbox 1452 5558 1545 5602; x_wconf 82' lang='lat' dir='ltr'><strong>aut</strong></span> <span class='ocrx_word' id='word_1_546' title='bbox 1574 5542 1859 5603; x_wconf 81' lang='lat' dir='ltr'><strong>existime-</strong></span> 
     </span>
    </p>
   </div>
   <div class='ocr_carea' id='block_1_71' title="bbox 269 5614 1859 5692">
    <p class='ocr_par' dir='ltr' id='par_1_71' title="bbox 269 5614 1859 5692">
     <span class='ocr_line' id='line_1_71' title="bbox 269 5614 1859 5692; baseline 0.003 -23"><span class='ocrx_word' id='word_1_547' title='bbox 269 5634 289 5669; x_wconf 70' lang='grc' dir='ltr'><strong>α</strong></span> <span class='ocrx_word' id='word_1_548' title='bbox 326 5630 447 5670; x_wconf 91' lang='lat' dir='ltr'><strong>mus</strong></span> <span class='ocrx_word' id='word_1_549' title='bbox 465 5615 581 5685; x_wconf 92' lang='lat' dir='ltr'><strong>plus</strong></span> <span class='ocrx_word' id='word_1_550' title='bbox 598 5614 665 5692; x_wconf 82' lang='lat' dir='ltr'><strong>ad</strong></span> <span class='ocrx_word' id='word_1_551' title='bbox 690 5614 1102 5692; x_wconf 79' lang='lat' dir='ltr'><strong>impugnanduin</strong></span> <span class='ocrx_word' id='word_1_552' title='bbox 1123 5630 1282 5685; x_wconf 88' lang='lat' dir='ltr'><strong>posse</strong></span> <span class='ocrx_word' id='word_1_553' title='bbox 1304 5615 1533 5692; x_wconf 84' lang='lat' dir='ltr'><strong>humana</strong></span> <span class='ocrx_word' id='word_1_554' title='bbox 1556 5621 1859 5692; x_wconf 83' lang='lat' dir='ltr'><strong>conamina,</strong></span> 
     </span>
    </p>
   </div>
   <div class='ocr_carea' id='block_1_72' title="bbox 270 5686 1862 5758">
    <p class='ocr_par' dir='ltr' id='par_1_72' title="bbox 270 5686 1862 5758">
     <span class='ocr_line' id='line_1_72' title="bbox 270 5686 1862 5758; baseline 0.004 -17"><span class='ocrx_word' id='word_1_555' title='bbox 270 5706 290 5741; x_wconf 71' lang='grc' dir='ltr'><strong>ε</strong></span> <span class='ocrx_word' id='word_1_556' title='bbox 326 5702 486 5757; x_wconf 88' lang='lat' dir='ltr'><strong>quam</strong></span> <span class='ocrx_word' id='word_1_557' title='bbox 517 5687 659 5757; x_wconf 89' lang='lat' dir='ltr'><strong>quod</strong></span> <span class='ocrx_word' id='word_1_558' title='bbox 699 5686 765 5758; x_wconf 82' lang='lat' dir='ltr'><strong>ad</strong></span> <span class='ocrx_word' id='word_1_559' title='bbox 809 5686 1191 5757; x_wconf 83' lang='lat' dir='ltr'><strong>protegendum</strong></span> <span class='ocrx_word' id='word_1_560' title='bbox 1234 5688 1489 5758; x_wconf 72' lang='lat' dir='ltr'><strong>praevalet</strong></span> <span class='ocrx_word' id='word_1_561' title='bbox 1541 5688 1723 5746; x_wconf 87' lang='lat' dir='ltr'><strong>divina</strong></span> <span class='ocrx_word' id='word_1_562' title='bbox 1770 5686 1862 5747; x_wconf 51' lang='lat' dir='ltr'><strong>tu;</strong></span> 
     </span>
    </p>
   </div>
   <div class='ocr_carea' id='block_1_73' title="bbox 270 5756 852 5833">
    <p class='ocr_par' dir='ltr' id='par_1_73' title="bbox 270 5756 852 5833">
     <span class='ocr_line' id='line_1_73' title="bbox 270 5756 852 5833; baseline -0.012 -16"><span class='ocrx_word' id='word_1_563' title='bbox 270 5778 290 5817; x_wconf 79' lang='grc' dir='ltr'>ι</span> <span class='ocrx_word' id='word_1_564' title='bbox 325 5756 428 5815; x_wconf 83' lang='lat' dir='ltr'><strong>tela</strong></span> <span class='ocrx_word' id='word_1_565' title='bbox 459 5756 599 5833; x_wconf 75' lang='lat' dir='ltr'><strong>(pag.</strong></span> <span class='ocrx_word' id='word_1_566' title='bbox 634 5756 796 5830; x_wconf 75' lang='lat' dir='ltr'><strong>iet).</strong></span> <span class='ocrx_word' id='word_1_567' title='bbox 831 5776 852 5810; x_wconf 76' lang='grc' dir='ltr'><strong><em>ι</em></strong></span> 
     </span>
    </p>
   </div>
   <div class='ocr_carea' id='block_1_74' title="bbox 663 5853 1558 5919">
    <p class='ocr_par' dir='ltr' id='par_1_74' title="bbox 663 5853 1558 5919">
     <span class='ocr_line' id='line_1_74' title="bbox 663 5853 1558 5919; baseline 0 -3"><span class='ocrx_word' id='word_1_568' title='bbox 663 5853 941 5918; x_wconf 73' lang='lat' dir='ltr'><strong>PA&#39;raOL.</strong></span> <span class='ocrx_word' id='word_1_569' title='bbox 988 5855 1097 5917; x_wconf 87' lang='lat' dir='ltr'><strong>IV.</strong></span> <span class='ocrx_word' id='word_1_570' title='bbox 1145 5853 1208 5918; x_wconf 72' lang='lat'><strong>5.</strong></span> <span class='ocrx_word' id='word_1_571' title='bbox 1252 5853 1558 5919; x_wconf 63' lang='lat' dir='ltr'><strong>Cyrnus.</strong></span> 
     </span>
    </p>
   </div>
   <div class='ocr_carea' id='block_1_75' title="bbox 1998 457 3594 541">
    <p class='ocr_par' dir='ltr' id='par_1_75' title="bbox 1998 457 3594 541">
     <span class='ocr_line' id='line_1_75' title="bbox 1998 457 3594 541; baseline 0.013 -35"><span class='ocrx_word' id='word_1_572' title='bbox 1998 474 2017 506; x_wconf 76' lang='grc' dir='ltr'><strong><em>ι</em></strong></span> <span class='ocrx_word' id='word_1_573' title='bbox 2054 466 2110 513; x_wconf 90' lang='lat' dir='ltr'><strong>et</strong></span> <span class='ocrx_word' id='word_1_574' title='bbox 2137 457 2373 527; x_wconf 89' lang='lat' dir='ltr'><strong>perversi</strong></span> <span class='ocrx_word' id='word_1_575' title='bbox 2402 458 2469 513; x_wconf 90' lang='lat' dir='ltr'><strong>de</strong></span> <span class='ocrx_word' id='word_1_576' title='bbox 2499 458 2791 517; x_wconf 86' lang='lat' dir='ltr'><strong>schismate</strong></span> <span class='ocrx_word' id='word_1_577' title='bbox 2818 468 3192 520; x_wconf 88' lang='lat' dir='ltr'><strong>revertuntur!</strong></span> <span class='ocrx_word' id='word_1_578' title='bbox 3220 465 3446 524; x_wconf 78' lang='lat' dir='ltr'><strong>Videres</strong></span> <span class='ocrx_word' id='word_1_579' title='bbox 3470 472 3594 541; x_wconf 88' lang='lat' dir='ltr'><strong>quis</strong></span> 
     </span>
    </p>
   </div>
   <div class='ocr_carea' id='block_1_76' title="bbox 1998 548 3591 626">
    <p class='ocr_par' dir='ltr' id='par_1_76' title="bbox 1998 548 3591 626">
     <span class='ocr_line' id='line_1_76' title="bbox 1998 548 3591 626; baseline 0.011 -24"><span class='ocrx_word' id='word_1_580' title='bbox 1998 566 2017 600; x_wconf 74' lang='grc' dir='ltr'>ι</span> <span class='ocrx_word' id='word_1_581' title='bbox 2057 548 2186 605; x_wconf 90' lang='lat' dir='ltr'><strong>mihi</strong></span> <span class='ocrx_word' id='word_1_582' title='bbox 2214 550 2368 605; x_wconf 91' lang='lat' dir='ltr'><strong>labor</strong></span> <span class='ocrx_word' id='word_1_583' title='bbox 2395 550 2466 606; x_wconf 91' lang='lat' dir='ltr'><strong>sit</strong></span> <span class='ocrx_word' id='word_1_584' title='bbox 2497 552 2825 621; x_wconf 88' lang='lat' dir='ltr'><strong>persuadere</strong></span> <span class='ocrx_word' id='word_1_585' title='bbox 2859 557 3176 626; x_wconf 86' lang='lat' dir='ltr'><strong>patientiam</strong></span> <span class='ocrx_word' id='word_1_586' title='bbox 3203 563 3458 618; x_wconf 85' lang='lat' dir='ltr'><strong>fratribus</strong></span> <span class='ocrx_word' id='word_1_587' title='bbox 3486 580 3591 619; x_wconf 86' lang='lat' dir='ltr'><strong>no-</strong></span> 
     </span>
    </p>
   </div>
   <div class='ocr_carea' id='block_1_77' title="bbox 1998 641 3595 722">
    <p class='ocr_par' dir='ltr' id='par_1_77' title="bbox 1998 641 3595 722">
     <span class='ocr_line' id='line_1_77' title="bbox 1998 641 3595 722; baseline 0.013 -29"><span class='ocrx_word' id='word_1_588' title='bbox 1998 658 2017 693; x_wconf 77' lang='lat'><strong>¢</strong></span> <span class='ocrx_word' id='word_1_589' title='bbox 2054 641 2324 710; x_wconf 52' lang='lat' dir='ltr'><strong>stris,,ut,</strong></span> <span class='ocrx_word' id='word_1_590' title='bbox 2367 643 2531 698; x_wconf 92' lang='lat' dir='ltr'><strong>animi</strong></span> <span class='ocrx_word' id='word_1_591' title='bbox 2586 644 2776 700; x_wconf 91' lang='lat' dir='ltr'><strong>dolore</strong></span> <span class='ocrx_word' id='word_1_592' title='bbox 2820 647 3018 717; x_wconf 86' lang='lat' dir='ltr'><strong>sopito,</strong></span> <span class='ocrx_word' id='word_1_593' title='bbox 3066 652 3392 722; x_wconf 86' lang='lat' dir='ltr'><strong>recipiendis</strong></span> <span class='ocrx_word' id='word_1_594' title='bbox 3438 658 3595 714; x_wconf 89' lang='lat' dir='ltr'><strong>malis</strong></span> 
     </span>
    </p>
   </div>
   <div class='ocr_carea' id='block_1_78' title="bbox 1996 733 3596 816">
    <p class='ocr_par' dir='ltr' id='par_1_78' title="bbox 1996 733 3596 816">
     <span class='ocr_line' id='line_1_78' title="bbox 1996 733 3596 816; baseline 0.012 -30"><span class='ocrx_word' id='word_1_595' title='bbox 1996 752 2016 784; x_wconf 84' lang='grc'><em>‹</em></span> <span class='ocrx_word' id='word_1_596' title='bbox 2052 733 2416 805; x_wconf 88' lang='lat' dir='ltr'><strong>curandisque</strong></span> <span class='ocrx_word' id='word_1_597' title='bbox 2458 738 2821 792; x_wconf 87' lang='lat' dir='ltr'><strong>consentiant.</strong></span> <span class='ocrx_word' id='word_1_598' title='bbox 2864 739 3107 812; x_wconf 84' lang='lat' dir='ltr'><strong>Namque</strong></span> <span class='ocrx_word' id='word_1_599' title='bbox 3155 754 3214 799; x_wconf 93' lang='lat' dir='ltr'><strong>ut</strong></span> <span class='ocrx_word' id='word_1_600' title='bbox 3255 746 3495 816; x_wconf 80' lang='lat' dir='ltr'><strong>gaudent</strong></span> <span class='ocrx_word' id='word_1_601' title='bbox 3539 758 3596 805; x_wconf 89' lang='lat' dir='ltr'><strong>et</strong></span> 
     </span>
    </p>
   </div>
   <div class='ocr_carea' id='block_1_79' title="bbox 1998 826 3591 912">
    <p class='ocr_par' dir='ltr' id='par_1_79' title="bbox 1998 826 3591 912">
     <span class='ocr_line' id='line_1_79' title="bbox 1998 826 3591 912; baseline 0.015 -34"><span class='ocrx_word' id='word_1_602' title='bbox 1998 844 2019 877; x_wconf 71' lang='grc' dir='ltr'><strong><em>ι</em></strong></span> <span class='ocrx_word' id='word_1_603' title='bbox 2060 826 2334 893; x_wconf 86' lang='lat' dir='ltr'><strong>laetantur,</strong></span> <span class='ocrx_word' id='word_1_604' title='bbox 2364 843 2485 884; x_wconf 92' lang='lat' dir='ltr'><strong>cum</strong></span> <span class='ocrx_word' id='word_1_605' title='bbox 2535 830 2847 886; x_wconf 90' lang='lat' dir='ltr'><strong>tolerabiles</strong></span> <span class='ocrx_word' id='word_1_606' title='bbox 2881 842 2936 889; x_wconf 91' lang='lat' dir='ltr'><strong>et</strong></span> <span class='ocrx_word' id='word_1_607' title='bbox 2964 836 3141 892; x_wconf 90' lang='lat' dir='ltr'><strong>minus</strong></span> <span class='ocrx_word' id='word_1_608' title='bbox 3171 840 3471 912; x_wconf 89' lang='lat' dir='ltr'><strong>culpabiles</strong></span> <span class='ocrx_word' id='word_1_609' title='bbox 3503 862 3591 902; x_wconf 89' lang='lat' dir='ltr'><strong>re—</strong></span> 
     </span>
    </p>
   </div>
   <div class='ocr_carea' id='block_1_80' title="bbox 1993 918 3595 1007">
    <p class='ocr_par' dir='ltr' id='par_1_80' title="bbox 1993 918 3595 1007">
     <span class='ocr_line' id='line_1_80' title="bbox 1993 918 3595 1007; baseline 0.015 -37"><span class='ocrx_word' id='word_1_610' title='bbox 1993 936 2012 970; x_wconf 74' lang='lat' dir='ltr'><strong>t</strong></span> <span class='ocrx_word' id='word_1_611' title='bbox 2052 918 2258 987; x_wconf 91' lang='lat' dir='ltr'><strong>deunt,</strong></span> <span class='ocrx_word' id='word_1_612' title='bbox 2297 921 2368 975; x_wconf 87' lang='lat' dir='ltr'><strong>ita</strong></span> <span class='ocrx_word' id='word_1_613' title='bbox 2394 932 2584 978; x_wconf 88' lang='lat' dir='ltr'><strong>contra</strong></span> <span class='ocrx_word' id='word_1_614' title='bbox 2627 922 2868 980; x_wconf 85' lang='lat' dir='ltr'><strong>fremunt</strong></span> <span class='ocrx_word' id='word_1_615' title='bbox 2895 938 2951 982; x_wconf 91' lang='lat' dir='ltr'><strong>et</strong></span> <span class='ocrx_word' id='word_1_616' title='bbox 2974 928 3329 1001; x_wconf 86' lang='lat' dir='ltr'><strong>reluctantur,</strong></span> <span class='ocrx_word' id='word_1_617' title='bbox 3381 939 3595 1007; x_wconf 89' lang='lat' dir='ltr'><strong>quoties</strong></span> 
     </span>
    </p>
   </div>
   <div class='ocr_carea' id='block_1_81' title="bbox 1991 1013 3592 1095">
    <p class='ocr_par' dir='ltr' id='par_1_81' title="bbox 1991 1013 3592 1095">
     <span class='ocr_line' id='line_1_81' title="bbox 1991 1013 3592 1095; baseline 0.014 -29"><span class='ocrx_word' id='word_1_618' title='bbox 1991 1030 2011 1064; x_wconf 87' lang='grc'><strong><em>‹</em></strong></span> <span class='ocrx_word' id='word_1_619' title='bbox 2047 1013 2476 1071; x_wconf 86' lang='lat' dir='ltr'><strong>inemendabiles</strong></span> <span class='ocrx_word' id='word_1_620' title='bbox 2515 1026 2569 1071; x_wconf 90' lang='lat' dir='ltr'><strong>et</strong></span> <span class='ocrx_word' id='word_1_621' title='bbox 2596 1020 2856 1088; x_wconf 83' lang='lat' dir='ltr'><strong>protervi,</strong></span> <span class='ocrx_word' id='word_1_622' title='bbox 2906 1030 2964 1077; x_wconf 89' lang='lat' dir='ltr'><strong>et</strong></span> <span class='ocrx_word' id='word_1_623' title='bbox 3011 1023 3096 1078; x_wconf 88' lang='lat' dir='ltr'><strong>vel</strong></span> <span class='ocrx_word' id='word_1_624' title='bbox 3143 1026 3461 1095; x_wconf 89' lang='lat' dir='ltr'><strong>adulteriis,</strong></span> <span class='ocrx_word' id='word_1_625' title='bbox 3502 1033 3592 1090; x_wconf 89' lang='lat' dir='ltr'><strong>vel</strong></span> 
     </span>
    </p>
   </div>
   <div class='ocr_carea' id='block_1_82' title="bbox 1989 1107 3590 1197">
    <p class='ocr_par' dir='ltr' id='par_1_82' title="bbox 1989 1107 3590 1197">
     <span class='ocr_line' id='line_1_82' title="bbox 1989 1107 3590 1197; baseline 0.015 -37"><span class='ocrx_word' id='word_1_626' title='bbox 1989 1125 2010 1160; x_wconf 73' lang='grc' dir='ltr'>ι</span> <span class='ocrx_word' id='word_1_627' title='bbox 2048 1107 2331 1164; x_wconf 80' lang='lat' dir='ltr'><strong>sacriﬁciis</strong></span> <span class='ocrx_word' id='word_1_628' title='bbox 2356 1112 2730 1177; x_wconf 87' lang='lat' dir='ltr'><strong>contaminati,</strong></span> <span class='ocrx_word' id='word_1_629' title='bbox 2756 1123 2812 1169; x_wconf 92' lang='lat' dir='ltr'><strong>et</strong></span> <span class='ocrx_word' id='word_1_630' title='bbox 2841 1116 3107 1184; x_wconf 75' lang='lat' dir='ltr'><strong>posthaec</strong></span> <span class='ocrx_word' id='word_1_631' title='bbox 3156 1121 3335 1178; x_wconf 87' lang='lat' dir='ltr'><strong>adhuc</strong></span> <span class='ocrx_word' id='word_1_632' title='bbox 3363 1125 3590 1197; x_wconf 89' lang='lat' dir='ltr'><strong>insuper</strong></span> 
     </span>
    </p>
   </div>
   <div class='ocr_carea' id='block_1_83' title="bbox 1990 1205 3587 1284">
    <p class='ocr_par' dir='ltr' id='par_1_83' title="bbox 1990 1205 3587 1284">
     <span class='ocr_line' id='line_1_83' title="bbox 1990 1205 3587 1284; baseline 0.014 -29"><span class='ocrx_word' id='word_1_633' title='bbox 1990 1222 2009 1255; x_wconf 73' lang='grc' dir='ltr'>ι</span> <span class='ocrx_word' id='word_1_634' title='bbox 2044 1212 2099 1259; x_wconf 90' lang='lat' dir='ltr'><strong>et</strong></span> <span class='ocrx_word' id='word_1_635' title='bbox 2138 1205 2379 1275; x_wconf 89' lang='lat' dir='ltr'><strong>superbi,</strong></span> <span class='ocrx_word' id='word_1_636' title='bbox 2428 1207 2508 1263; x_wconf 87' lang='lat' dir='ltr'><strong>sic</strong></span> <span class='ocrx_word' id='word_1_637' title='bbox 2559 1207 2628 1262; x_wconf 88' lang='lat' dir='ltr'><strong>ad</strong></span> <span class='ocrx_word' id='word_1_638' title='bbox 2679 1209 2979 1265; x_wconf 86' lang='lat' dir='ltr'><strong>Ecclesiam</strong></span> <span class='ocrx_word' id='word_1_639' title='bbox 3026 1227 3292 1284; x_wconf 88' lang='lat' dir='ltr'><strong>remeant,</strong></span> <span class='ocrx_word' id='word_1_640' title='bbox 3339 1230 3396 1274; x_wconf 94' lang='lat' dir='ltr'><strong>ut</strong></span> <span class='ocrx_word' id='word_1_641' title='bbox 3442 1221 3587 1278; x_wconf 79' lang='lat' dir='ltr'><strong>bona</strong></span> 
     </span>
    </p>
   </div>
   <div class='ocr_carea' id='block_1_84' title="bbox 1989 1296 3245 1379">
    <p class='ocr_par' dir='ltr' id='par_1_84' title="bbox 1989 1296 3245 1379">
     <span class='ocr_line' id='line_1_84' title="bbox 1989 1296 3245 1379; baseline 0.013 -31"><span class='ocrx_word' id='word_1_642' title='bbox 1989 1313 2008 1347; x_wconf 75' lang='grc' dir='ltr'>ι</span> <span class='ocrx_word' id='word_1_643' title='bbox 2046 1296 2191 1351; x_wconf 90' lang='lat' dir='ltr'><strong>intus</strong></span> <span class='ocrx_word' id='word_1_644' title='bbox 2237 1298 2450 1369; x_wconf 89' lang='lat' dir='ltr'><strong>ingenia</strong></span> <span class='ocrx_word' id='word_1_645' title='bbox 2486 1304 3000 1377; x_wconf 84' lang='lat' dir='ltr'><strong>corrumpant(pag.</strong></span> <span class='ocrx_word' id='word_1_646' title='bbox 3035 1307 3187 1379; x_wconf 77' lang='grc'><strong>185).</strong></span> <span class='ocrx_word' id='word_1_647' title='bbox 3222 1329 3245 1358; x_wconf 73' lang='grc' dir='ltr'><strong><em>ι</em></strong></span> 
     </span>
    </p>
   </div>
   <div class='ocr_carea' id='block_1_85' title="bbox 2052 1390 3586 1474">
    <p class='ocr_par' dir='ltr' id='par_1_85' title="bbox 2052 1390 3586 1474">
     <span class='ocr_line' id='line_1_85' title="bbox 2052 1390 3586 1474; baseline 0.014 -29"><span class='ocrx_word' id='word_1_648' title='bbox 2052 1390 2206 1446; x_wconf 85' lang='lat' dir='ltr'><strong>Adde</strong></span> <span class='ocrx_word' id='word_1_649' title='bbox 2262 1407 2323 1447; x_wconf 87' lang='lat' dir='ltr'><strong>ea</strong></span> <span class='ocrx_word' id='word_1_650' title='bbox 2369 1409 2488 1464; x_wconf 63' lang='lat' dir='ltr'><strong>quae</strong></span> <span class='ocrx_word' id='word_1_651' title='bbox 2541 1394 2595 1449; x_wconf 92' lang='lat' dir='ltr'><strong>in</strong></span> <span class='ocrx_word' id='word_1_652' title='bbox 2655 1395 2795 1452; x_wconf 91' lang='lat' dir='ltr'><strong>libro</strong></span> <span class='ocrx_word' id='word_1_653' title='bbox 2850 1399 2914 1453; x_wconf 81' lang='lat' dir='ltr'><strong>de</strong></span> <span class='ocrx_word' id='word_1_654' title='bbox 2956 1399 3145 1474; x_wconf 84' lang='lat' dir='ltr'><strong>Lapsis</strong></span> <span class='ocrx_word' id='word_1_655' title='bbox 3189 1403 3453 1465; x_wconf 83' lang='lat' dir='ltr'><strong>adversus</strong></span> <span class='ocrx_word' id='word_1_656' title='bbox 3498 1410 3586 1466; x_wconf 91' lang='lat' dir='ltr'><strong>ni-</strong></span> 
     </span>
    </p>
   </div>
   <div class='ocr_carea' id='block_1_86' title="bbox 1981 1486 3585 1570">
    <p class='ocr_par' dir='ltr' id='par_1_86' title="bbox 1981 1486 3585 1570">
     <span class='ocr_line' id='line_1_86' title="bbox 1981 1486 3585 1570; baseline 0.013 -34"><span class='ocrx_word' id='word_1_657' title='bbox 1981 1486 2143 1538; x_wconf 88' lang='lat' dir='ltr'><strong>miam</strong></span> <span class='ocrx_word' id='word_1_658' title='bbox 2177 1486 2334 1553; x_wconf 91' lang='lat' dir='ltr'><strong>banc,</strong></span> <span class='ocrx_word' id='word_1_659' title='bbox 2368 1486 2695 1556; x_wconf 78' lang='lat' dir='ltr'><strong>noxiamque</strong></span> <span class='ocrx_word' id='word_1_660' title='bbox 2721 1487 3034 1548; x_wconf 82' lang='lat' dir='ltr'><strong>facilitatem</strong></span> <span class='ocrx_word' id='word_1_661' title='bbox 3061 1496 3281 1566; x_wconf 89' lang='lat' dir='ltr'><strong>c0piose</strong></span> <span class='ocrx_word' id='word_1_662' title='bbox 3313 1500 3585 1570; x_wconf 87' lang='lat' dir='ltr'><strong>disputat:</strong></span> 
     </span>
    </p>
   </div>
   <div class='ocr_carea' id='block_1_87' title="bbox 1987 1577 3588 1664">
    <p class='ocr_par' dir='ltr' id='par_1_87' title="bbox 1987 1577 3588 1664">
     <span class='ocr_line' id='line_1_87' title="bbox 1987 1577 3588 1664; baseline 0.016 -36"><span class='ocrx_word' id='word_1_663' title='bbox 1987 1594 2005 1628; x_wconf 75' lang='grc' dir='ltr'><strong><em>ι</em></strong></span> <span class='ocrx_word' id='word_1_664' title='bbox 2046 1577 2334 1649; x_wconf 86' lang='lat' dir='ltr'><strong>Imperitos</strong></span> <span class='ocrx_word' id='word_1_665' title='bbox 2360 1591 2444 1637; x_wconf 89' lang='lat' dir='ltr'><strong>est</strong></span> <span class='ocrx_word' id='word_1_666' title='bbox 2483 1582 2728 1638; x_wconf 91' lang='lat' dir='ltr'><strong>medicus</strong></span> <span class='ocrx_word' id='word_1_667' title='bbox 2748 1626 2762 1649; x_wconf 91' lang='lat'><strong>,</strong></span> <span class='ocrx_word' id='word_1_668' title='bbox 2792 1595 2897 1641; x_wconf 90' lang='lat' dir='ltr'><strong>etc.</strong></span> <span class='ocrx_word' id='word_1_669' title='bbox 2928 1585 3086 1660; x_wconf 83' lang='lat' dir='ltr'><strong>(pag.</strong></span> <span class='ocrx_word' id='word_1_670' title='bbox 3114 1592 3218 1645; x_wconf 78' lang='lat'><strong>377</strong></span> <span class='ocrx_word' id='word_1_671' title='bbox 3240 1591 3279 1664; x_wconf 93' lang='lat'><strong>).</strong></span> <span class='ocrx_word' id='word_1_672' title='bbox 3304 1594 3421 1649; x_wconf 91' lang='lat' dir='ltr'><strong>Non</strong></span> <span class='ocrx_word' id='word_1_673' title='bbox 3453 1612 3588 1653; x_wconf 89' lang='lat' dir='ltr'><strong>con-</strong></span> 
     </span>
    </p>
   </div>
   <div class='ocr_carea' id='block_1_88' title="bbox 1986 1671 3577 1760">
    <p class='ocr_par' dir='ltr' id='par_1_88' title="bbox 1986 1671 3577 1760">
     <span class='ocr_line' id='line_1_88' title="bbox 1986 1671 3577 1760; baseline 0.017 -41"><span class='ocrx_word' id='word_1_674' title='bbox 1986 1686 2005 1719; x_wconf 83' lang='grc'><strong><em>‹</em></strong></span> <span class='ocrx_word' id='word_1_675' title='bbox 2044 1671 2186 1725; x_wconf 91' lang='lat' dir='ltr'><strong>cedit</strong></span> <span class='ocrx_word' id='word_1_676' title='bbox 2215 1685 2403 1740; x_wconf 85' lang='lat' dir='ltr'><strong>pacem</strong></span> <span class='ocrx_word' id='word_1_677' title='bbox 2438 1672 2666 1728; x_wconf 85' lang='lat' dir='ltr'><strong>facilitas</strong></span> <span class='ocrx_word' id='word_1_678' title='bbox 2684 1674 2805 1743; x_wconf 88' lang='lat' dir='ltr'><strong>ista,</strong></span> <span class='ocrx_word' id='word_1_679' title='bbox 2826 1678 2919 1732; x_wconf 92' lang='lat' dir='ltr'><strong>sed</strong></span> <span class='ocrx_word' id='word_1_680' title='bbox 2951 1680 3109 1747; x_wconf 88' lang='lat' dir='ltr'><strong>tollit,</strong></span> <span class='ocrx_word' id='word_1_681' title='bbox 3128 1691 3235 1738; x_wconf 91' lang='lat' dir='ltr'><strong>etc.</strong></span> <span class='ocrx_word' id='word_1_682' title='bbox 3270 1685 3348 1757; x_wconf 84' lang='lat' dir='ltr'><strong>(p.</strong></span> <span class='ocrx_word' id='word_1_683' title='bbox 3373 1688 3527 1760; x_wconf 81' lang='lat'><strong>578).</strong></span> <span class='ocrx_word' id='word_1_684' title='bbox 3558 1711 3577 1744; x_wconf 77' lang='grc' dir='ltr'><strong><em>ι</em></strong></span> 
     </span>
    </p>
   </div>
   <div class='ocr_carea' id='block_1_89' title="bbox 919 1760 3575 1853">
    <p class='ocr_par' dir='ltr' id='par_1_89' title="bbox 919 1760 3575 1853">
     <span class='ocr_line' id='line_1_89' title="bbox 919 1760 3575 1853; baseline 0.012 -47"><span class='ocrx_word' id='word_1_685' title='bbox 919 1762 1030 1818; x_wconf 69' lang='lat' dir='ltr'><strong>Fili</strong></span> <span class='ocrx_word' id='word_1_686' title='bbox 1062 1807 1077 1833; x_wconf 62' lang='lat'><strong>,</strong></span> <span class='ocrx_word' id='word_1_687' title='bbox 1136 1783 1199 1821; x_wconf 68' lang='lat' dir='ltr'><strong>ne</strong></span> <span class='ocrx_word' id='word_1_688' title='bbox 1252 1768 1556 1839; x_wconf 55' lang='lat' dir='ltr'><strong>jucundam</strong></span> <span class='ocrx_word' id='word_1_689' title='bbox 1622 1771 1677 1825; x_wconf 74' lang='grc' dir='ltr'><strong>ίη</strong></span> <span class='ocrx_word' id='word_1_690' title='bbox 1752 1771 1874 1839; x_wconf 64' lang='lat' dir='ltr'><strong>ﬁlii.</strong></span> <span class='ocrx_word' id='word_1_691' title='bbox 1903 1774 1952 1834; x_wconf 79' lang='grc' dir='ltr'><strong>Β</strong></span> <span class='ocrx_word' id='word_1_692' title='bbox 1980 1760 2154 1832; x_wconf 86' lang='lat' dir='ltr'><strong>Atque</strong></span> <span class='ocrx_word' id='word_1_693' title='bbox 2179 1762 2283 1819; x_wconf 89' lang='lat' dir='ltr'><strong>hoc</strong></span> <span class='ocrx_word' id='word_1_694' title='bbox 2311 1764 2528 1834; x_wconf 89' lang='lat' dir='ltr'><strong>quidem</strong></span> <span class='ocrx_word' id='word_1_695' title='bbox 2547 1765 2601 1820; x_wconf 92' lang='lat' dir='ltr'><strong>in</strong></span> <span class='ocrx_word' id='word_1_696' title='bbox 2630 1766 2750 1823; x_wconf 90' lang='lat' dir='ltr'><strong>loco</strong></span> <span class='ocrx_word' id='word_1_697' title='bbox 2779 1784 2874 1824; x_wconf 88' lang='lat' dir='ltr'><strong>eos</strong></span> <span class='ocrx_word' id='word_1_698' title='bbox 2901 1784 3170 1845; x_wconf 86' lang='lat' dir='ltr'><strong>martyres</strong></span> <span class='ocrx_word' id='word_1_699' title='bbox 3191 1781 3575 1853; x_wconf 88' lang='lat' dir='ltr'><strong>reprehendit,</strong></span> 
     </span>
    </p>
   </div>
   <div class='ocr_carea' id='block_1_90' title="bbox 1979 1856 3581 1947">
    <p class='ocr_par' dir='ltr' id='par_1_90' title="bbox 1979 1856 3581 1947">
     <span class='ocr_line' id='line_1_90' title="bbox 1979 1856 3581 1947; baseline 0.016 -37"><span class='ocrx_word' id='word_1_700' title='bbox 1979 1856 2073 1926; x_wconf 91' lang='lat' dir='ltr'><strong>qui</strong></span> <span class='ocrx_word' id='word_1_701' title='bbox 2102 1859 2559 1915; x_wconf 87' lang='lat' dir='ltr'><strong>commendatitiis</strong></span> <span class='ocrx_word' id='word_1_702' title='bbox 2580 1862 2776 1918; x_wconf 87' lang='lat' dir='ltr'><strong>litteris</strong></span> <span class='ocrx_word' id='word_1_703' title='bbox 2798 1865 3174 1926; x_wconf 89' lang='lat' dir='ltr'><strong>vehementius</strong></span> <span class='ocrx_word' id='word_1_704' title='bbox 3192 1878 3581 1947; x_wconf 85' lang='lat' dir='ltr'><strong>exposcebant,</strong></span> 
     </span>
    </p>
   </div>
   <div class='ocr_carea' id='block_1_91' title="bbox 1980 1949 3578 2030">
    <p class='ocr_par' dir='ltr' id='par_1_91' title="bbox 1980 1949 3578 2030">
     <span class='ocr_line' id='line_1_91' title="bbox 1980 1949 3578 2030; baseline 0.018 -28"><span class='ocrx_word' id='word_1_705' title='bbox 1980 1957 2038 2003; x_wconf 93' lang='lat' dir='ltr'><strong>ut</strong></span> <span class='ocrx_word' id='word_1_706' title='bbox 2061 1949 2375 2007; x_wconf 88' lang='lat' dir='ltr'><strong>criminibus</strong></span> <span class='ocrx_word' id='word_1_707' title='bbox 2400 1952 2673 2009; x_wconf 83' lang='lat' dir='ltr'><strong>obnoxios</strong></span> <span class='ocrx_word' id='word_1_708' title='bbox 2718 1958 2837 2014; x_wconf 91' lang='lat' dir='ltr'><strong>sine</strong></span> <span class='ocrx_word' id='word_1_709' title='bbox 2857 1962 3177 2030; x_wconf 67' lang='lat' dir='ltr'><strong>paenitentia</strong></span> <span class='ocrx_word' id='word_1_710' title='bbox 3225 1967 3471 2026; x_wconf 90' lang='lat' dir='ltr'><strong>Ecclesia</strong></span> <span class='ocrx_word' id='word_1_711' title='bbox 3523 1975 3578 2030; x_wconf 90' lang='lat' dir='ltr'><strong>in</strong></span> 
     </span>
    </p>
   </div>
   <div class='ocr_carea' id='block_1_92' title="bbox 1978 2040 3582 2138">
    <p class='ocr_par' dir='ltr' id='par_1_92' title="bbox 1978 2040 3582 2138">
     <span class='ocr_line' id='line_1_92' title="bbox 1978 2040 3582 2138; baseline 0.018 -41"><span class='ocrx_word' id='word_1_712' title='bbox 1978 2040 2155 2097; x_wconf 89' lang='lat' dir='ltr'><strong>sinum</strong></span> <span class='ocrx_word' id='word_1_713' title='bbox 2187 2044 2478 2116; x_wconf 89' lang='lat' dir='ltr'><strong>reciperet.</strong></span> <span class='ocrx_word' id='word_1_714' title='bbox 2512 2065 2532 2097; x_wconf 85' lang='grc'><em>‹</em></span> <span class='ocrx_word' id='word_1_715' title='bbox 2574 2046 2798 2107; x_wconf 83' lang='lat' dir='ltr'><strong>Veniam</strong></span> <span class='ocrx_word' id='word_1_716' title='bbox 2828 2057 3098 2124; x_wconf 90' lang='lat' dir='ltr'><strong>peccatis,</strong></span> <span class='ocrx_word' id='word_1_717' title='bbox 3128 2076 3251 2131; x_wconf 87' lang='lat' dir='ltr'><strong>quae</strong></span> <span class='ocrx_word' id='word_1_718' title='bbox 3301 2064 3354 2119; x_wconf 92' lang='lat' dir='ltr'><strong>in</strong></span> <span class='ocrx_word' id='word_1_719' title='bbox 3406 2068 3582 2138; x_wconf 90' lang='lat' dir='ltr'><strong>ipsum</strong></span> 
     </span>
    </p>
   </div>
   <div class='ocr_carea' id='block_1_93' title="bbox 1983 2136 3580 2232">
    <p class='ocr_par' dir='ltr' id='par_1_93' title="bbox 1983 2136 3580 2232">
     <span class='ocr_line' id='line_1_93' title="bbox 1983 2136 3580 2232; baseline 0.022 -47"><span class='ocrx_word' id='word_1_720' title='bbox 1983 2152 2003 2185; x_wconf 83' lang='grc'><strong>‹</strong></span> <span class='ocrx_word' id='word_1_721' title='bbox 2040 2136 2331 2192; x_wconf 90' lang='lat' dir='ltr'><strong>commissa</strong></span> <span class='ocrx_word' id='word_1_722' title='bbox 2361 2147 2523 2207; x_wconf 90' lang='lat' dir='ltr'><strong>sunt,</strong></span> <span class='ocrx_word' id='word_1_723' title='bbox 2556 2142 2708 2198; x_wconf 92' lang='lat' dir='ltr'><strong>solus</strong></span> <span class='ocrx_word' id='word_1_724' title='bbox 2732 2156 2911 2216; x_wconf 90' lang='lat' dir='ltr'><strong>potest</strong></span> <span class='ocrx_word' id='word_1_725' title='bbox 2937 2149 3031 2206; x_wconf 90' lang='lat' dir='ltr'><strong>ille</strong></span> <span class='ocrx_word' id='word_1_726' title='bbox 3056 2152 3280 2225; x_wconf 87' lang='lat' dir='ltr'><strong>largiri,</strong></span> <span class='ocrx_word' id='word_1_727' title='bbox 3329 2136 3580 2232; x_wconf 28' lang='lat' dir='ltr'><strong>quivpec-</strong></span> 
     </span>
    </p>
   </div>
   <div class='ocr_carea' id='block_1_94' title="bbox 1984 2236 2867 2305">
    <p class='ocr_par' dir='ltr' id='par_1_94' title="bbox 1984 2236 2867 2305">
     <span class='ocr_line' id='line_1_94' title="bbox 1984 2236 2867 2305; baseline 0.011 -20"><span class='ocrx_word' id='word_1_728' title='bbox 1984 2246 2004 2279; x_wconf 75' lang='grc' dir='ltr'><strong><em>ι</em></strong></span> <span class='ocrx_word' id='word_1_729' title='bbox 2036 2240 2156 2286; x_wconf 90' lang='lat' dir='ltr'><strong>cata</strong></span> <span class='ocrx_word' id='word_1_730' title='bbox 2187 2242 2371 2287; x_wconf 88' lang='lat' dir='ltr'><strong>nostra</strong></span> <span class='ocrx_word' id='word_1_731' title='bbox 2405 2236 2674 2305; x_wconf 84' lang='lat' dir='ltr'><strong>portavit,</strong></span> <span class='ocrx_word' id='word_1_732' title='bbox 2706 2251 2810 2297; x_wconf 89' lang='lat' dir='ltr'><strong>etc.</strong></span> <span class='ocrx_word' id='word_1_733' title='bbox 2848 2261 2867 2295; x_wconf 76' lang='grc' dir='ltr'><strong><em>ι</em></strong></span> 
     </span>
    </p>
   </div>
   <div class='ocr_carea' id='block_1_95' title="bbox 2054 2324 3582 2412">
    <p class='ocr_par' dir='ltr' id='par_1_95' title="bbox 2054 2324 3582 2412">
     <span class='ocr_line' id='line_1_95' title="bbox 2054 2324 3582 2412; baseline 0.024 -35"><span class='ocrx_word' id='word_1_734' title='bbox 2054 2324 2196 2379; x_wconf 87' lang='lat' dir='ltr'><strong>Alibi</strong></span> <span class='ocrx_word' id='word_1_735' title='bbox 2264 2342 2395 2382; x_wconf 88' lang='lat' dir='ltr'><strong>vero</strong></span> <span class='ocrx_word' id='word_1_736' title='bbox 2459 2330 2681 2389; x_wconf 90' lang='lat' dir='ltr'><strong>eosdem</strong></span> <span class='ocrx_word' id='word_1_737' title='bbox 2720 2346 2989 2409; x_wconf 84' lang='lat' dir='ltr'><strong>martyres</strong></span> <span class='ocrx_word' id='word_1_738' title='bbox 3010 2351 3066 2397; x_wconf 90' lang='lat' dir='ltr'><strong>et</strong></span> <span class='ocrx_word' id='word_1_739' title='bbox 3108 2346 3452 2408; x_wconf 90' lang='lat' dir='ltr'><strong>confessores</strong></span> <span class='ocrx_word' id='word_1_740' title='bbox 3485 2371 3582 2412; x_wconf 87' lang='lat' dir='ltr'><strong>ve-</strong></span> 
     </span>
    </p>
   </div>
   <div class='ocr_carea' id='block_1_96' title="bbox 1978 2413 3579 2503">
    <p class='ocr_par' dir='ltr' id='par_1_96' title="bbox 1978 2413 3579 2503">
     <span class='ocr_line' id='line_1_96' title="bbox 1978 2413 3579 2503; baseline 0.023 -36"><span class='ocrx_word' id='word_1_741' title='bbox 1978 2413 2261 2474; x_wconf 91' lang='lat' dir='ltr'><strong>hementer</strong></span> <span class='ocrx_word' id='word_1_742' title='bbox 2315 2431 2465 2488; x_wconf 85' lang='lat' dir='ltr'><strong>orat,</strong></span> <span class='ocrx_word' id='word_1_743' title='bbox 2515 2434 2572 2477; x_wconf 91' lang='lat' dir='ltr'><strong>ut</strong></span> <span class='ocrx_word' id='word_1_744' title='bbox 2633 2428 2903 2485; x_wconf 88' lang='lat' dir='ltr'><strong>cautiores</strong></span> <span class='ocrx_word' id='word_1_745' title='bbox 2954 2432 3065 2489; x_wconf 90' lang='lat' dir='ltr'><strong>sint</strong></span> <span class='ocrx_word' id='word_1_746' title='bbox 3126 2437 3178 2491; x_wconf 91' lang='lat' dir='ltr'><strong>in</strong></span> <span class='ocrx_word' id='word_1_747' title='bbox 3230 2449 3579 2503; x_wconf 88' lang='lat' dir='ltr'><strong>commenda—</strong></span> 
     </span>
    </p>
   </div>
   <div class='ocr_carea' id='block_1_97' title="bbox 1976 2510 3609 2603">
    <p class='ocr_par' dir='ltr' id='par_1_97' title="bbox 1976 2510 3609 2603">
     <span class='ocr_line' id='line_1_97' title="bbox 1976 2510 3609 2603; baseline 0.025 -41"><span class='ocrx_word' id='word_1_748' title='bbox 1976 2510 2109 2566; x_wconf 88' lang='lat' dir='ltr'><strong>titiis</strong></span> <span class='ocrx_word' id='word_1_749' title='bbox 2140 2512 2339 2568; x_wconf 89' lang='lat' dir='ltr'><strong>litteris</strong></span> <span class='ocrx_word' id='word_1_750' title='bbox 2368 2518 2732 2577; x_wconf 88' lang='lat' dir='ltr'><strong>concedendis</strong></span> <span class='ocrx_word' id='word_1_751' title='bbox 2763 2523 2841 2599; x_wconf 74' lang='grc'><strong>(2)</strong></span> <span class='ocrx_word' id='word_1_752' title='bbox 2872 2545 2885 2581; x_wconf 94' lang='lat'><strong>:</strong></span> <span class='ocrx_word' id='word_1_753' title='bbox 2913 2526 2998 2585; x_wconf 84' lang='lat' dir='ltr'><strong>his</strong></span> <span class='ocrx_word' id='word_1_754' title='bbox 3025 2532 3168 2586; x_wconf 91' lang='lat' dir='ltr'><strong>enim</strong></span> <span class='ocrx_word' id='word_1_755' title='bbox 3209 2535 3576 2599; x_wconf 89' lang='lat' dir='ltr'><strong>abutebantur</strong></span> <span class='ocrx_word' id='word_1_756' title='bbox 3608 2600 3609 2603; x_wconf 44' lang='grc' dir='ltr'><strong>η</strong></span> 
     </span>
    </p>
   </div>
   <div class='ocr_carea' id='block_1_98' title="bbox 1974 2607 3566 2692">
    <p class='ocr_par' dir='ltr' id='par_1_98' title="bbox 1974 2607 3566 2692">
     <span class='ocr_line' id='line_1_98' title="bbox 1974 2607 3566 2692; baseline 0.023 -36"><span class='ocrx_word' id='word_1_757' title='bbox 1974 2616 2081 2657; x_wconf 91' lang='lat' dir='ltr'><strong>non</strong></span> <span class='ocrx_word' id='word_1_758' title='bbox 2109 2607 2261 2673; x_wconf 90' lang='lat' dir='ltr'><strong>pauci</strong></span> <span class='ocrx_word' id='word_1_759' title='bbox 2296 2607 2607 2666; x_wconf 91' lang='lat' dir='ltr'><strong>immanium</strong></span> <span class='ocrx_word' id='word_1_760' title='bbox 2636 2616 2924 2676; x_wconf 88' lang='lat' dir='ltr'><strong>criminum</strong></span> <span class='ocrx_word' id='word_1_761' title='bbox 2955 2624 3057 2691; x_wconf 90' lang='lat' dir='ltr'><strong>rei,</strong></span> <span class='ocrx_word' id='word_1_762' title='bbox 3093 2634 3152 2680; x_wconf 92' lang='lat' dir='ltr'><strong>ut</strong></span> <span class='ocrx_word' id='word_1_763' title='bbox 3181 2629 3232 2684; x_wconf 92' lang='lat' dir='ltr'><strong>in</strong></span> <span class='ocrx_word' id='word_1_764' title='bbox 3267 2629 3566 2692; x_wconf 87' lang='lat' dir='ltr'><strong>Ecclesiam</strong></span> 
     </span>
    </p>
   </div>
   <div class='ocr_carea' id='block_1_99' title="bbox 1973 2694 2857 2773">
    <p class='ocr_par' dir='ltr' id='par_1_99' title="bbox 1973 2694 2857 2773">
     <span class='ocr_line' id='line_1_99' title="bbox 1973 2694 2857 2773; baseline 0.016 -22"><span class='ocrx_word' id='word_1_765' title='bbox 1973 2694 2092 2751; x_wconf 87' lang='lat' dir='ltr'><strong>sine</strong></span> <span class='ocrx_word' id='word_1_766' title='bbox 2119 2697 2434 2766; x_wconf 73' lang='lat' dir='ltr'><strong>ptenitentia</strong></span> <span class='ocrx_word' id='word_1_767' title='bbox 2463 2704 2857 2773; x_wconf 89' lang='lat' dir='ltr'><strong>reciperentur.</strong></span> 
     </span>
    </p>
   </div>
   <div class='ocr_carea' id='block_1_100' title="bbox 2046 2789 3574 2891">
    <p class='ocr_par' dir='ltr' id='par_1_100' title="bbox 2046 2789 3574 2891">
     <span class='ocr_line' id='line_1_100' title="bbox 2046 2789 3574 2891; baseline 0.022 -47"><span class='ocrx_word' id='word_1_768' title='bbox 2046 2789 2136 2845; x_wconf 82' lang='lat' dir='ltr'><strong>1X.</strong></span> <span class='ocrx_word' id='word_1_769' title='bbox 2169 2792 2388 2849; x_wconf 88' lang='lat' dir='ltr'><strong>Summa</strong></span> <span class='ocrx_word' id='word_1_770' title='bbox 2421 2798 2680 2855; x_wconf 88' lang='lat' dir='ltr'><strong>severitas</strong></span> <span class='ocrx_word' id='word_1_771' title='bbox 2711 2818 2926 2873; x_wconf 88' lang='lat' dir='ltr'><strong>quoque</strong></span> <span class='ocrx_word' id='word_1_772' title='bbox 2984 2808 3059 2863; x_wconf 88' lang='lat' dir='ltr'><strong>illi</strong></span> <span class='ocrx_word' id='word_1_773' title='bbox 3108 2812 3413 2886; x_wconf 88' lang='lat' dir='ltr'><strong>displicuit,</strong></span> <span class='ocrx_word' id='word_1_774' title='bbox 3469 2836 3574 2891; x_wconf 89' lang='lat' dir='ltr'><strong>qua</strong></span> 
     </span>
    </p>
   </div>
   <div class='ocr_carea' id='block_1_101' title="bbox 1972 2884 3577 2979">
    <p class='ocr_par' dir='ltr' id='par_1_101' title="bbox 1972 2884 3577 2979">
     <span class='ocr_line' id='line_1_101' title="bbox 1972 2884 3577 2979; baseline 0.021 -43"><span class='ocrx_word' id='word_1_775' title='bbox 1972 2884 2231 2940; x_wconf 89' lang='lat' dir='ltr'><strong>nimirum</strong></span> <span class='ocrx_word' id='word_1_776' title='bbox 2288 2886 2341 2942; x_wconf 93' lang='lat' dir='ltr'><strong>in</strong></span> <span class='ocrx_word' id='word_1_777' title='bbox 2399 2887 2835 2960; x_wconf 86' lang='lat' dir='ltr'><strong>desperationem</strong></span> <span class='ocrx_word' id='word_1_778' title='bbox 2894 2897 3090 2956; x_wconf 90' lang='lat' dir='ltr'><strong>adduci</strong></span> <span class='ocrx_word' id='word_1_779' title='bbox 3134 2905 3298 2963; x_wconf 89' lang='lat' dir='ltr'><strong>facile</strong></span> <span class='ocrx_word' id='word_1_780' title='bbox 3353 2884 3577 2979; x_wconf 76' lang='lat' dir='ltr'><strong>possent</strong></span> 
     </span>
    </p>
   </div>
   <div class='ocr_carea' id='block_1_102' title="bbox 1971 2977 3574 3073">
    <p class='ocr_par' dir='ltr' id='par_1_102' title="bbox 1971 2977 3574 3073">
     <span class='ocr_line' id='line_1_102' title="bbox 1971 2977 3574 3073; baseline 0.021 -44"><span class='ocrx_word' id='word_1_781' title='bbox 1971 2977 2064 3048; x_wconf 90' lang='lat' dir='ltr'><strong>qui</strong></span> <span class='ocrx_word' id='word_1_782' title='bbox 2124 2979 2176 3033; x_wconf 89' lang='lat' dir='ltr'><strong>in</strong></span> <span class='ocrx_word' id='word_1_783' title='bbox 2204 2980 2432 3037; x_wconf 91' lang='lat' dir='ltr'><strong>crimina</strong></span> <span class='ocrx_word' id='word_1_784' title='bbox 2484 2985 2723 3056; x_wconf 83' lang='lat' dir='ltr'><strong>prolapsi</strong></span> <span class='ocrx_word' id='word_1_785' title='bbox 2774 2988 3026 3057; x_wconf 90' lang='lat' dir='ltr'><strong>fuerant,</strong></span> <span class='ocrx_word' id='word_1_786' title='bbox 3083 3006 3138 3052; x_wconf 89' lang='lat' dir='ltr'><strong>et</strong></span> <span class='ocrx_word' id='word_1_787' title='bbox 3191 2999 3244 3053; x_wconf 94' lang='lat' dir='ltr'><strong>in</strong></span> <span class='ocrx_word' id='word_1_788' title='bbox 3295 2977 3574 3073; x_wconf 86' lang='lat' dir='ltr'><strong>impietate</strong></span> 
     </span>
    </p>
   </div>
   <div class='ocr_carea' id='block_1_103' title="bbox 1972 3073 3578 3160">
    <p class='ocr_par' dir='ltr' id='par_1_103' title="bbox 1972 3073 3578 3160">
     <span class='ocr_line' id='line_1_103' title="bbox 1972 3073 3578 3160; baseline 0.022 -36"><span class='ocrx_word' id='word_1_789' title='bbox 1972 3073 2280 3141; x_wconf 81' lang='lat' dir='ltr'><strong>persistere.</strong></span> <span class='ocrx_word' id='word_1_790' title='bbox 2307 3073 2529 3133; x_wconf 88' lang='lat' dir='ltr'><strong>Censuit</strong></span> <span class='ocrx_word' id='word_1_791' title='bbox 2552 3078 2730 3152; x_wconf 84' lang='lat' dir='ltr'><strong>itaque</strong></span> <span class='ocrx_word' id='word_1_792' title='bbox 2758 3088 3162 3155; x_wconf 89' lang='lat' dir='ltr'><strong>temperandam</strong></span> <span class='ocrx_word' id='word_1_793' title='bbox 3194 3108 3315 3152; x_wconf 91' lang='lat' dir='ltr'><strong>esse</strong></span> <span class='ocrx_word' id='word_1_794' title='bbox 3354 3098 3578 3160; x_wconf 86' lang='lat' dir='ltr'><strong>lenitate</strong></span> 
     </span>
    </p>
   </div>
   <div class='ocr_carea' id='block_1_104' title="bbox 1972 3165 3577 3260">
    <p class='ocr_par' dir='ltr' id='par_1_104' title="bbox 1972 3165 3577 3260">
     <span class='ocr_line' id='line_1_104' title="bbox 1972 3165 3577 3260; baseline 0.021 -43"><span class='ocrx_word' id='word_1_795' title='bbox 1972 3165 2313 3222; x_wconf 89' lang='lat' dir='ltr'><strong>severitatem</strong></span> <span class='ocrx_word' id='word_1_796' title='bbox 2342 3208 2356 3233; x_wconf 90' lang='lat'><strong>,</strong></span> <span class='ocrx_word' id='word_1_797' title='bbox 2408 3177 2466 3224; x_wconf 90' lang='lat' dir='ltr'><strong>ttt</strong></span> <span class='ocrx_word' id='word_1_798' title='bbox 2514 3173 2715 3228; x_wconf 90' lang='lat' dir='ltr'><strong>nemini</strong></span> <span class='ocrx_word' id='word_1_799' title='bbox 2771 3179 3103 3245; x_wconf 74' lang='lat' dir='ltr'><strong>poenitentia:</strong></span> <span class='ocrx_word' id='word_1_800' title='bbox 3152 3184 3303 3243; x_wconf 87' lang='lat' dir='ltr'><strong>locus</strong></span> <span class='ocrx_word' id='word_1_801' title='bbox 3346 3194 3577 3260; x_wconf 71' lang='lat' dir='ltr'><strong>praeclu-</strong></span> 
     </span>
    </p>
   </div>
   <div class='ocr_carea' id='block_1_105' title="bbox 1970 3255 3566 3356">
    <p class='ocr_par' dir='ltr' id='par_1_105' title="bbox 1970 3255 3566 3356">
     <span class='ocr_line' id='line_1_105' title="bbox 1970 3255 3566 3356; baseline 0.021 -45"><span class='ocrx_word' id='word_1_802' title='bbox 1970 3255 2226 3327; x_wconf 89' lang='lat' dir='ltr'><strong>deretur,</strong></span> <span class='ocrx_word' id='word_1_803' title='bbox 2283 3260 2511 3334; x_wconf 91' lang='lat' dir='ltr'><strong>ideoque</strong></span> <span class='ocrx_word' id='word_1_804' title='bbox 2567 3267 2733 3337; x_wconf 90' lang='lat' dir='ltr'><strong>recipi</strong></span> <span class='ocrx_word' id='word_1_805' title='bbox 2784 3272 3007 3340; x_wconf 91' lang='lat' dir='ltr'><strong>quidem</strong></span> <span class='ocrx_word' id='word_1_806' title='bbox 3051 3290 3276 3346; x_wconf 89' lang='lat' dir='ltr'><strong>possent</strong></span> <span class='ocrx_word' id='word_1_807' title='bbox 3338 3255 3566 3356; x_wconf 78' lang='lat' dir='ltr'><strong>omnes,</strong></span> 
     </span>
    </p>
   </div>
   <div class='ocr_carea' id='block_1_106' title="bbox 1968 3350 3573 3443">
    <p class='ocr_par' dir='ltr' id='par_1_106' title="bbox 1968 3350 3573 3443">
     <span class='ocr_line' id='line_1_106' title="bbox 1968 3350 3573 3443; baseline 0.022 -41"><span class='ocrx_word' id='word_1_808' title='bbox 1968 3350 2183 3404; x_wconf 85' lang='lat' dir='ltr'><strong>tametsi</strong></span> <span class='ocrx_word' id='word_1_809' title='bbox 2234 3361 2388 3408; x_wconf 89' lang='lat' dir='ltr'><strong>antea</strong></span> <span class='ocrx_word' id='word_1_810' title='bbox 2455 3356 2729 3413; x_wconf 89' lang='lat' dir='ltr'><strong>atrocibus</strong></span> <span class='ocrx_word' id='word_1_811' title='bbox 2776 3362 3091 3423; x_wconf 85' lang='lat' dir='ltr'><strong>criminibus</strong></span> <span class='ocrx_word' id='word_1_812' title='bbox 3130 3371 3358 3443; x_wconf 88' lang='lat' dir='ltr'><strong>polluti,</strong></span> <span class='ocrx_word' id='word_1_813' title='bbox 3410 3350 3573 3437; x_wconf 55' lang='lat' dir='ltr'><strong>dum;</strong></span> 
     </span>
    </p>
   </div>
   <div class='ocr_carea' id='block_1_107' title="bbox 1970 3442 3578 3535">
    <p class='ocr_par' dir='ltr' id='par_1_107' title="bbox 1970 3442 3578 3535">
     <span class='ocr_line' id='line_1_107' title="bbox 1970 3442 3578 3535; baseline 0.022 -40"><span class='ocrx_word' id='word_1_814' title='bbox 1970 3442 2133 3499; x_wconf 90' lang='lat' dir='ltr'><strong>modo</strong></span> <span class='ocrx_word' id='word_1_815' title='bbox 2161 3447 2529 3514; x_wconf 75' lang='lat' dir='ltr'><strong>paenitentiam</strong></span> <span class='ocrx_word' id='word_1_816' title='bbox 2556 3466 2716 3521; x_wconf 88' lang='lat' dir='ltr'><strong>quam</strong></span> <span class='ocrx_word' id='word_1_817' title='bbox 2748 3455 3039 3529; x_wconf 87' lang='lat' dir='ltr'><strong>episcopus</strong></span> <span class='ocrx_word' id='word_1_818' title='bbox 3085 3442 3387 3535; x_wconf 90' lang='lat' dir='ltr'><strong>imponeret</strong></span> <span class='ocrx_word' id='word_1_819' title='bbox 3427 3475 3578 3532; x_wconf 89' lang='lat' dir='ltr'><strong>subi-</strong></span> 
     </span>
    </p>
   </div>
   <div class='ocr_carea' id='block_1_108' title="bbox 1970 3535 3574 3631">
    <p class='ocr_par' dir='ltr' id='par_1_108' title="bbox 1970 3535 3574 3631">
     <span class='ocr_line' id='line_1_108' title="bbox 1970 3535 3574 3631; baseline 0.022 -42"><span class='ocrx_word' id='word_1_820' title='bbox 1970 3543 2110 3591; x_wconf 90' lang='lat' dir='ltr'><strong>rent.</strong></span> <span class='ocrx_word' id='word_1_821' title='bbox 2158 3535 2395 3596; x_wconf 86' lang='lat' dir='ltr'><strong>Consule</strong></span> <span class='ocrx_word' id='word_1_822' title='bbox 2448 3558 2570 3613; x_wconf 74' lang='lat' dir='ltr'><strong>quze</strong></span> <span class='ocrx_word' id='word_1_823' title='bbox 2620 3561 2793 3617; x_wconf 92' lang='lat' dir='ltr'><strong>nuper</strong></span> <span class='ocrx_word' id='word_1_824' title='bbox 2840 3548 3106 3622; x_wconf 84' lang='lat' dir='ltr'><strong>allegavi;</strong></span> <span class='ocrx_word' id='word_1_825' title='bbox 3154 3568 3315 3631; x_wconf 86' lang='lat' dir='ltr'><strong>atque</strong></span> <span class='ocrx_word' id='word_1_826' title='bbox 3353 3579 3415 3619; x_wconf 90' lang='lat' dir='ltr'><strong>ea</strong></span> <span class='ocrx_word' id='word_1_827' title='bbox 3442 3581 3574 3626; x_wconf 87' lang='lat' dir='ltr'><strong>sane</strong></span> 
     </span>
    </p>
   </div>
   <div class='ocr_carea' id='block_1_109' title="bbox 1969 3631 3574 3715">
    <p class='ocr_par' dir='ltr' id='par_1_109' title="bbox 1969 3631 3574 3715">
     <span class='ocr_line' id='line_1_109' title="bbox 1969 3631 3574 3715; baseline 0.022 -35"><span class='ocrx_word' id='word_1_828' title='bbox 1969 3641 2092 3697; x_wconf 71' lang='lat' dir='ltr'><strong>quae</strong></span> <span class='ocrx_word' id='word_1_829' title='bbox 2117 3644 2183 3685; x_wconf 80' lang='lat' dir='ltr'><strong>ex</strong></span> <span class='ocrx_word' id='word_1_830' title='bbox 2214 3631 2352 3687; x_wconf 90' lang='lat' dir='ltr'><strong>libro</strong></span> <span class='ocrx_word' id='word_1_831' title='bbox 2402 3633 2467 3687; x_wconf 85' lang='lat' dir='ltr'><strong>de</strong></span> <span class='ocrx_word' id='word_1_832' title='bbox 2500 3634 2687 3706; x_wconf 81' lang='lat' dir='ltr'><strong>Lapst&#39;s</strong></span> <span class='ocrx_word' id='word_1_833' title='bbox 2738 3640 2911 3709; x_wconf 92' lang='lat' dir='ltr'><strong>innui,</strong></span> <span class='ocrx_word' id='word_1_834' title='bbox 2970 3660 3247 3705; x_wconf 89' lang='lat' dir='ltr'><strong>merentur</strong></span> <span class='ocrx_word' id='word_1_835' title='bbox 3273 3664 3330 3708; x_wconf 89' lang='lat' dir='ltr'><strong>ttt</strong></span> <span class='ocrx_word' id='word_1_836' title='bbox 3376 3657 3464 3713; x_wconf 90' lang='lat' dir='ltr'><strong>hic</strong></span> <span class='ocrx_word' id='word_1_837' title='bbox 3486 3660 3574 3715; x_wconf 86' lang='lat' dir='ltr'><strong>in-</strong></span> 
     </span>
    </p>
   </div>
   <div class='ocr_carea' id='block_1_110' title="bbox 1968 3721 3575 3821">
    <p class='ocr_par' dir='ltr' id='par_1_110' title="bbox 1968 3721 3575 3821">
     <span class='ocr_line' id='line_1_110' title="bbox 1968 3721 3575 3821; baseline 0.024 -48"><span class='ocrx_word' id='word_1_838' title='bbox 1968 3727 2118 3789; x_wconf 90' lang='lat' dir='ltr'><strong>tegra</strong></span> <span class='ocrx_word' id='word_1_839' title='bbox 2145 3721 2544 3780; x_wconf 84' lang='lat' dir='ltr'><strong>describantur.</strong></span> <span class='ocrx_word' id='word_1_840' title='bbox 2569 3745 2588 3777; x_wconf 75' lang='grc' dir='ltr'><strong><em>ι</em></strong></span> <span class='ocrx_word' id='word_1_841' title='bbox 2625 3728 2912 3799; x_wconf 87' lang='lat' dir='ltr'><strong>Imperitos</strong></span> <span class='ocrx_word' id='word_1_842' title='bbox 2950 3746 3035 3792; x_wconf 89' lang='lat' dir='ltr'><strong>est</strong></span> <span class='ocrx_word' id='word_1_843' title='bbox 3075 3743 3337 3814; x_wconf 88' lang='lat' dir='ltr'><strong>medicus,</strong></span> <span class='ocrx_word' id='word_1_844' title='bbox 3369 3752 3459 3821; x_wconf 92' lang='lat' dir='ltr'><strong>qui</strong></span> <span class='ocrx_word' id='word_1_845' title='bbox 3491 3764 3575 3812; x_wconf 90' lang='lat' dir='ltr'><strong>tu-</strong></span> 
     </span>
    </p>
   </div>
   <div class='ocr_carea' id='block_1_111' title="bbox 1968 3814 3575 3914">
    <p class='ocr_par' dir='ltr' id='par_1_111' title="bbox 1968 3814 3575 3914">
     <span class='ocr_line' id='line_1_111' title="bbox 1968 3814 3575 3914; baseline 0.026 -51"><span class='ocrx_word' id='word_1_846' title='bbox 1968 3820 2179 3867; x_wconf 87' lang='lat' dir='ltr'><strong>mentes</strong></span> <span class='ocrx_word' id='word_1_847' title='bbox 2208 3814 2489 3871; x_wconf 85' lang='lat' dir='ltr'><strong>vulnerum</strong></span> <span class='ocrx_word' id='word_1_848' title='bbox 2517 3819 2669 3876; x_wconf 89' lang='lat' dir='ltr'><strong>sinus</strong></span> <span class='ocrx_word' id='word_1_849' title='bbox 2690 3838 2852 3879; x_wconf 90' lang='lat' dir='ltr'><strong>manu</strong></span> <span class='ocrx_word' id='word_1_850' title='bbox 2882 3841 3138 3898; x_wconf 87' lang='lat' dir='ltr'><strong>parcente</strong></span> <span class='ocrx_word' id='word_1_851' title='bbox 3166 3814 3484 3914; x_wconf 74' lang='lat' dir='ltr'><strong>contrectat,</strong></span> <span class='ocrx_word' id='word_1_852' title='bbox 3518 3858 3575 3906; x_wconf 92' lang='lat' dir='ltr'><strong>et</strong></span> 
     </span>
    </p>
   </div>
   <div class='ocr_carea' id='block_1_112' title="bbox 1966 3900 3569 4006">
    <p class='ocr_par' dir='ltr' id='par_1_112' title="bbox 1966 3900 3569 4006">
     <span class='ocr_line' id='line_1_112' title="bbox 1966 3900 3569 4006; baseline 0.028 -51"><span class='ocrx_word' id='word_1_853' title='bbox 1966 3900 2023 3956; x_wconf 91' lang='lat' dir='ltr'><strong>in</strong></span> <span class='ocrx_word' id='word_1_854' title='bbox 2071 3903 2196 3959; x_wconf 90' lang='lat' dir='ltr'><strong>altis</strong></span> <span class='ocrx_word' id='word_1_855' title='bbox 2245 3909 2549 3966; x_wconf 90' lang='lat' dir='ltr'><strong>recessibus</strong></span> <span class='ocrx_word' id='word_1_856' title='bbox 2605 3914 2870 3973; x_wconf 88' lang='lat' dir='ltr'><strong>viscerum</strong></span> <span class='ocrx_word' id='word_1_857' title='bbox 2919 3922 3067 3980; x_wconf 84' lang='lat' dir='ltr'><strong>virus</strong></span> <span class='ocrx_word' id='word_1_858' title='bbox 3102 3928 3401 4006; x_wconf 89' lang='lat' dir='ltr'><strong>inclusum,</strong></span> <span class='ocrx_word' id='word_1_859' title='bbox 3440 3900 3569 3999; x_wconf 72' lang='lat' dir='ltr'><strong>dum</strong></span> 
     </span>
    </p>
   </div>
   <div class='ocr_carea' id='block_1_113' title="bbox 1967 4004 3573 4093">
    <p class='ocr_par' dir='ltr' id='par_1_113' title="bbox 1967 4004 3573 4093">
     <span class='ocr_line' id='line_1_113' title="bbox 1967 4004 3573 4093; baseline 0.028 -45"><span class='ocrx_word' id='word_1_860' title='bbox 1967 4004 2168 4093; x_wconf 76' lang='lat' dir='ltr'><strong>servat,</strong></span> <span class='ocrx_word' id='word_1_861' title='bbox 2202 4011 2510 4071; x_wconf 81' lang='lat' dir='ltr'><strong>exaggerat.</strong></span> <span class='ocrx_word' id='word_1_862' title='bbox 2537 4006 2904 4075; x_wconf 88' lang='lat' dir='ltr'><strong>Aperiendum</strong></span> <span class='ocrx_word' id='word_1_863' title='bbox 2942 4018 3138 4076; x_wconf 89' lang='lat' dir='ltr'><strong>vulnus</strong></span> <span class='ocrx_word' id='word_1_864' title='bbox 3163 4034 3274 4093; x_wconf 92' lang='lat' dir='ltr'><strong>est,</strong></span> <span class='ocrx_word' id='word_1_865' title='bbox 3308 4039 3363 4085; x_wconf 92' lang='lat' dir='ltr'><strong>et</strong></span> <span class='ocrx_word' id='word_1_866' title='bbox 3388 4004 3573 4091; x_wconf 86' lang='lat' dir='ltr'><strong>secan-</strong></span> 
     </span>
    </p>
   </div>
   <div class='ocr_carea' id='block_1_114' title="bbox 1969 4084 3570 4184">
    <p class='ocr_par' dir='ltr' id='par_1_114' title="bbox 1969 4084 3570 4184">
     <span class='ocr_line' id='line_1_114' title="bbox 1969 4084 3570 4184; baseline 0.028 -45"><span class='ocrx_word' id='word_1_867' title='bbox 1969 4084 2096 4142; x_wconf 89' lang='lat' dir='ltr'><strong>dum</strong></span> <span class='ocrx_word' id='word_1_868' title='bbox 2124 4099 2258 4184; x_wconf 56' lang='lat' dir='ltr'><strong>,_et,</strong></span> <span class='ocrx_word' id='word_1_869' title='bbox 2295 4097 2688 4163; x_wconf 90' lang='lat' dir='ltr'><strong>putraminibus</strong></span> <span class='ocrx_word' id='word_1_870' title='bbox 2738 4109 3053 4177; x_wconf 92' lang='lat' dir='ltr'><strong>amputatis,</strong></span> <span class='ocrx_word' id='word_1_871' title='bbox 3084 4084 3293 4173; x_wconf 76' lang='lat' dir='ltr'><strong>medela</strong></span> <span class='ocrx_word' id='word_1_872' title='bbox 3343 4084 3570 4184; x_wconf 46' lang='lat' dir='ltr'><strong>mnia};</strong></span> 
     </span>
    </p>
   </div>
   <div class='ocr_carea' id='block_1_115' title="bbox 1967 4182 3570 4284">
    <p class='ocr_par' dir='ltr' id='par_1_115' title="bbox 1967 4182 3570 4284">
     <span class='ocr_line' id='line_1_115' title="bbox 1967 4182 3570 4284; baseline 0.026 -51"><span class='ocrx_word' id='word_1_873' title='bbox 1967 4182 2288 4239; x_wconf 89' lang='lat' dir='ltr'><strong>curandum.</strong></span> <span class='ocrx_word' id='word_1_874' title='bbox 2322 4184 2664 4246; x_wconf 79' lang='lat' dir='ltr'><strong>Vociferetur</strong></span> <span class='ocrx_word' id='word_1_875' title='bbox 2691 4202 2746 4249; x_wconf 92' lang='lat' dir='ltr'><strong>et</strong></span> <span class='ocrx_word' id='word_1_876' title='bbox 2770 4197 2971 4255; x_wconf 88' lang='lat' dir='ltr'><strong>clamet</strong></span> <span class='ocrx_word' id='word_1_877' title='bbox 3006 4203 3155 4273; x_wconf 89' lang='lat' dir='ltr'><strong>licet,</strong></span> <span class='ocrx_word' id='word_1_878' title='bbox 3189 4218 3245 4265; x_wconf 90' lang='lat' dir='ltr'><strong>et</strong></span> <span class='ocrx_word' id='word_1_879' title='bbox 3270 4182 3570 4284; x_wconf 57' lang='lat' dir='ltr'><strong>conquera;</strong></span> 
     </span>
    </p>
   </div>
   <div class='ocr_carea' id='block_1_116' title="bbox 1968 4280 3571 4378">
    <p class='ocr_par' dir='ltr' id='par_1_116' title="bbox 1968 4280 3571 4378">
     <span class='ocr_line' id='line_1_116' title="bbox 1968 4280 3571 4378; baseline 0.023 -51"><span class='ocrx_word' id='word_1_880' title='bbox 1968 4280 2059 4330; x_wconf 90' lang='lat' dir='ltr'><strong>tur</strong></span> <span class='ocrx_word' id='word_1_881' title='bbox 2077 4291 2227 4378; x_wconf 50' lang='lat' dir='ltr'><strong>inger</strong></span> <span class='ocrx_word' id='word_1_882' title='bbox 2256 4281 2545 4350; x_wconf 83' lang='lat' dir='ltr'><strong>impatiens</strong></span> <span class='ocrx_word' id='word_1_883' title='bbox 2574 4299 2672 4354; x_wconf 87' lang='lat' dir='ltr'><strong>per</strong></span> <span class='ocrx_word' id='word_1_884' title='bbox 2709 4287 2977 4359; x_wconf 90' lang='lat' dir='ltr'><strong>dolorem,</strong></span> <span class='ocrx_word' id='word_1_885' title='bbox 3005 4297 3207 4365; x_wconf 85' lang='lat' dir='ltr'><strong>gratias</strong></span> <span class='ocrx_word' id='word_1_886' title='bbox 3254 4280 3571 4378; x_wconf 32' lang='lat' dir='ltr'><strong>aget&#39;post-</strong></span> 
     </span>
    </p>
   </div>
   <div class='ocr_carea' id='block_1_117' title="bbox 1965 4369 3569 4464">
    <p class='ocr_par' dir='ltr' id='par_1_117' title="bbox 1965 4369 3569 4464">
     <span class='ocr_line' id='line_1_117' title="bbox 1965 4369 3569 4464; baseline 0.023 -42"><span class='ocrx_word' id='word_1_887' title='bbox 1965 4369 2207 4439; x_wconf 91' lang='lat' dir='ltr'><strong>modum,</strong></span> <span class='ocrx_word' id='word_1_888' title='bbox 2238 4388 2363 4429; x_wconf 92' lang='lat' dir='ltr'><strong>cum</strong></span> <span class='ocrx_word' id='word_1_889' title='bbox 2392 4378 2628 4433; x_wconf 90' lang='lat' dir='ltr'><strong>senserit</strong></span> <span class='ocrx_word' id='word_1_890' title='bbox 2651 4381 2939 4440; x_wconf 89' lang='lat' dir='ltr'><strong>sanitatem</strong></span> <span class='ocrx_word' id='word_1_891' title='bbox 2974 4404 2989 4440; x_wconf 89' lang='lat'><strong><em>:</em></strong></span> <span class='ocrx_word' id='word_1_892' title='bbox 3018 4393 3244 4449; x_wconf 91' lang='lat' dir='ltr'><strong>emersit</strong></span> <span class='ocrx_word' id='word_1_893' title='bbox 3271 4369 3435 4464; x_wconf 58' lang='lat' dir='ltr'><strong>enim;</strong></span> <span class='ocrx_word' id='word_1_894' title='bbox 3459 4401 3569 4459; x_wconf 84' lang='lat' dir='ltr'><strong>fra-</strong></span> 
     </span>
    </p>
   </div>
   <div class='ocr_carea' id='block_1_118' title="bbox 1966 4464 3564 4561">
    <p class='ocr_par' dir='ltr' id='par_1_118' title="bbox 1966 4464 3564 4561">
     <span class='ocr_line' id='line_1_118' title="bbox 1966 4464 3564 4561; baseline 0.022 -43"><span class='ocrx_word' id='word_1_895' title='bbox 1966 4472 2077 4519; x_wconf 88' lang='lat' dir='ltr'><strong>tres</strong></span> <span class='ocrx_word' id='word_1_896' title='bbox 2098 4464 2457 4535; x_wconf 86' lang='lat' dir='ltr'><strong>dilectissimi,</strong></span> <span class='ocrx_word' id='word_1_897' title='bbox 2489 4485 2687 4527; x_wconf 90' lang='lat' dir='ltr'><strong>novum</strong></span> <span class='ocrx_word' id='word_1_898' title='bbox 2717 4488 2890 4544; x_wconf 86' lang='lat' dir='ltr'><strong>genus</strong></span> <span class='ocrx_word' id='word_1_899' title='bbox 2914 4478 3084 4537; x_wconf 90' lang='lat' dir='ltr'><strong>eladis</strong></span> <span class='ocrx_word' id='word_1_900' title='bbox 3110 4494 3165 4540; x_wconf 92' lang='lat' dir='ltr'><strong>et</strong></span> <span class='ocrx_word' id='word_1_901' title='bbox 3189 4491 3339 4558; x_wconf 89' lang='lat' dir='ltr'><strong>quasi</strong></span> <span class='ocrx_word' id='word_1_902' title='bbox 3370 4507 3564 4561; x_wconf 89' lang='lat' dir='ltr'><strong>parum</strong></span> 
     </span>
    </p>
   </div>
   <div class='ocr_carea' id='block_1_119' title="bbox 1963 4560 3565 4646">
    <p class='ocr_par' dir='ltr' id='par_1_119' title="bbox 1963 4560 3565 4646">
     <span class='ocr_line' id='line_1_119' title="bbox 1963 4560 3565 4646; baseline 0.021 -34"><span class='ocrx_word' id='word_1_903' title='bbox 1963 4560 2363 4626; x_wconf 86' lang='lat' dir='ltr'><strong>persecutionis</strong></span> <span class='ocrx_word' id='word_1_904' title='bbox 2395 4564 2630 4631; x_wconf 89' lang='lat' dir='ltr'><strong>procella</strong></span> <span class='ocrx_word' id='word_1_905' title='bbox 2657 4568 2912 4633; x_wconf 65' lang='lat' dir='ltr'><strong>saevicrit,</strong></span> <span class='ocrx_word' id='word_1_906' title='bbox 2945 4578 3175 4633; x_wconf 89' lang='lat' dir='ltr'><strong>accessit</strong></span> <span class='ocrx_word' id='word_1_907' title='bbox 3198 4580 3263 4635; x_wconf 86' lang='lat' dir='ltr'><strong>ad</strong></span> <span class='ocrx_word' id='word_1_908' title='bbox 3290 4560 3565 4646; x_wconf 84' lang='lat' dir='ltr'><strong>cumulum</strong></span> 
     </span>
    </p>
   </div>
   <div class='ocr_carea' id='block_1_120' title="bbox 1963 4649 3567 4750">
    <p class='ocr_par' dir='ltr' id='par_1_120' title="bbox 1963 4649 3567 4750">
     <span class='ocr_line' id='line_1_120' title="bbox 1963 4649 3567 4750; baseline 0.021 -47"><span class='ocrx_word' id='word_1_909' title='bbox 1963 4649 2068 4704; x_wconf 91' lang='lat' dir='ltr'><strong>sub</strong></span> <span class='ocrx_word' id='word_1_910' title='bbox 2096 4653 2489 4710; x_wconf 70' lang='lat' dir='ltr'><strong>misericordia:</strong></span> <span class='ocrx_word' id='word_1_911' title='bbox 2510 4657 2663 4712; x_wconf 88' lang='lat' dir='ltr'><strong>titulo</strong></span> <span class='ocrx_word' id='word_1_912' title='bbox 2686 4659 2885 4716; x_wconf 88' lang='lat' dir='ltr'><strong>malum</strong></span> <span class='ocrx_word' id='word_1_913' title='bbox 2920 4664 3130 4733; x_wconf 86' lang='lat' dir='ltr'><strong>fallens,</strong></span> <span class='ocrx_word' id='word_1_914' title='bbox 3146 4680 3201 4725; x_wconf 91' lang='lat' dir='ltr'><strong>et</strong></span> <span class='ocrx_word' id='word_1_915' title='bbox 3226 4672 3419 4733; x_wconf 89' lang='lat' dir='ltr'><strong>blanda</strong></span> <span class='ocrx_word' id='word_1_916' title='bbox 3447 4696 3567 4750; x_wconf 84' lang='lat' dir='ltr'><strong>per-</strong></span> 
     </span>
    </p>
   </div>
   <div class='ocr_carea' id='block_1_121' title="bbox 1963 4741 3565 4830">
    <p class='ocr_par' dir='ltr' id='par_1_121' title="bbox 1963 4741 3565 4830">
     <span class='ocr_line' id='line_1_121' title="bbox 1963 4741 3565 4830; baseline 0.022 -36"><span class='ocrx_word' id='word_1_917' title='bbox 1963 4741 2154 4798; x_wconf 86' lang='lat' dir='ltr'><strong>uicies.</strong></span> <span class='ocrx_word' id='word_1_918' title='bbox 2199 4744 2399 4800; x_wconf 83' lang='lat' dir='ltr'><strong>Contra</strong></span> <span class='ocrx_word' id='word_1_919' title='bbox 2442 4746 2719 4819; x_wconf 90' lang='lat' dir='ltr'><strong>Evangelii</strong></span> <span class='ocrx_word' id='word_1_920' title='bbox 2758 4752 3018 4825; x_wconf 86' lang='lat' dir='ltr'><strong>vigorem,</strong></span> <span class='ocrx_word' id='word_1_921' title='bbox 3052 4770 3236 4819; x_wconf 90' lang='lat' dir='ltr'><strong>contra</strong></span> <span class='ocrx_word' id='word_1_922' title='bbox 3266 4741 3475 4825; x_wconf 73' lang='lat' dir='ltr'><strong>Domini</strong></span> <span class='ocrx_word' id='word_1_923' title='bbox 3498 4788 3565 4830; x_wconf 89' lang='lat' dir='ltr'><strong>ac</strong></span> 
     </span>
    </p>
   </div>
   <div class='ocr_carea' id='block_1_122' title="bbox 1963 4832 3559 4920">
    <p class='ocr_par' dir='ltr' id='par_1_122' title="bbox 1963 4832 3559 4920">
     <span class='ocr_line' id='line_1_122' title="bbox 1963 4832 3559 4920; baseline 0.022 -34"><span class='ocrx_word' id='word_1_924' title='bbox 1963 4832 2058 4888; x_wconf 87' lang='lat' dir='ltr'><strong>Dei</strong></span> <span class='ocrx_word' id='word_1_925' title='bbox 2107 4834 2282 4906; x_wconf 90' lang='lat' dir='ltr'><strong>legem</strong></span> <span class='ocrx_word' id='word_1_926' title='bbox 2331 4840 2633 4896; x_wconf 87' lang='lat' dir='ltr'><strong>temeritate</strong></span> <span class='ocrx_word' id='word_1_927' title='bbox 2663 4847 3018 4914; x_wconf 89' lang='lat' dir='ltr'><strong>quorumdam</strong></span> <span class='ocrx_word' id='word_1_928' title='bbox 3074 4852 3283 4913; x_wconf 87' lang='lat' dir='ltr'><strong>laxatur</strong></span> <span class='ocrx_word' id='word_1_929' title='bbox 3329 4862 3559 4920; x_wconf 89' lang='lat' dir='ltr'><strong>incautis</strong></span> 
     </span>
    </p>
   </div>
   <div class='ocr_carea' id='block_1_123' title="bbox 1962 4931 3563 5016">
    <p class='ocr_par' dir='ltr' id='par_1_123' title="bbox 1962 4931 3563 5016">
     <span class='ocr_line' id='line_1_123' title="bbox 1962 4931 3563 5016; baseline 0.019 -33"><span class='ocrx_word' id='word_1_930' title='bbox 1962 4931 2383 4989; x_wconf 89' lang='lat' dir='ltr'><strong>communicatio</strong></span> <span class='ocrx_word' id='word_1_931' title='bbox 2412 4933 2560 4989; x_wconf 84' lang='lat' dir='ltr'><strong>irrita</strong></span> <span class='ocrx_word' id='word_1_932' title='bbox 2608 4947 2663 4992; x_wconf 92' lang='lat' dir='ltr'><strong>et</strong></span> <span class='ocrx_word' id='word_1_933' title='bbox 2705 4938 2839 4995; x_wconf 86' lang='lat' dir='ltr'><strong>falsa</strong></span> <span class='ocrx_word' id='word_1_934' title='bbox 2889 4957 3011 5010; x_wconf 87' lang='lat' dir='ltr'><strong>pax,</strong></span> <span class='ocrx_word' id='word_1_935' title='bbox 3044 4950 3342 5016; x_wconf 88' lang='lat' dir='ltr'><strong>periculosa</strong></span> <span class='ocrx_word' id='word_1_936' title='bbox 3384 4957 3563 5013; x_wconf 86' lang='lat' dir='ltr'><strong>danti-</strong></span> 
     </span>
    </p>
   </div>
   <div class='ocr_carea' id='block_1_124' title="bbox 1961 5021 3559 5120">
    <p class='ocr_par' dir='ltr' id='par_1_124' title="bbox 1961 5021 3559 5120">
     <span class='ocr_line' id='line_1_124' title="bbox 1961 5021 3559 5120; baseline 0.02 -42"><span class='ocrx_word' id='word_1_937' title='bbox 1961 5021 2082 5090; x_wconf 87' lang='lat' dir='ltr'><strong>bus,</strong></span> <span class='ocrx_word' id='word_1_938' title='bbox 2115 5035 2171 5079; x_wconf 90' lang='lat' dir='ltr'><strong>et</strong></span> <span class='ocrx_word' id='word_1_939' title='bbox 2199 5024 2333 5080; x_wconf 90' lang='lat' dir='ltr'><strong>nihil</strong></span> <span class='ocrx_word' id='word_1_940' title='bbox 2363 5028 2752 5098; x_wconf 89' lang='lat' dir='ltr'><strong>accipientibus</strong></span> <span class='ocrx_word' id='word_1_941' title='bbox 2775 5036 3124 5105; x_wconf 87' lang='lat' dir='ltr'><strong>profutura...</strong></span> <span class='ocrx_word' id='word_1_942' title='bbox 3157 5044 3233 5115; x_wconf 86' lang='lat' dir='ltr'><strong>(p.</strong></span> <span class='ocrx_word' id='word_1_943' title='bbox 3265 5048 3418 5120; x_wconf 82' lang='lat'><strong>577).</strong></span> <span class='ocrx_word' id='word_1_944' title='bbox 3442 5052 3559 5109; x_wconf 88' lang='lat' dir='ltr'><strong>Non</strong></span> 
     </span>
    </p>
   </div>
   <div class='ocr_carea' id='block_1_125' title="bbox 1960 5115 3564 5205">
    <p class='ocr_par' dir='ltr' id='par_1_125' title="bbox 1960 5115 3564 5205">
     <span class='ocr_line' id='line_1_125' title="bbox 1960 5115 3564 5205; baseline 0.02 -36"><span class='ocrx_word' id='word_1_945' title='bbox 1960 5115 2212 5172; x_wconf 89' lang='lat' dir='ltr'><strong>concedit</strong></span> <span class='ocrx_word' id='word_1_946' title='bbox 2256 5134 2442 5191; x_wconf 76' lang='lat' dir='ltr'><strong>pacem</strong></span> <span class='ocrx_word' id='word_1_947' title='bbox 2499 5123 2726 5181; x_wconf 89' lang='lat' dir='ltr'><strong>facilitas</strong></span> <span class='ocrx_word' id='word_1_948' title='bbox 2770 5129 2893 5195; x_wconf 89' lang='lat' dir='ltr'><strong>ista,</strong></span> <span class='ocrx_word' id='word_1_949' title='bbox 2928 5133 3022 5187; x_wconf 89' lang='lat' dir='ltr'><strong>sed</strong></span> <span class='ocrx_word' id='word_1_950' title='bbox 3072 5136 3250 5205; x_wconf 88' lang='lat' dir='ltr'><strong>tollit;</strong></span> <span class='ocrx_word' id='word_1_951' title='bbox 3284 5115 3386 5197; x_wconf 82' lang='lat' dir='ltr'><strong>nec</strong></span> <span class='ocrx_word' id='word_1_952' title='bbox 3412 5160 3564 5200; x_wconf 87' lang='lat' dir='ltr'><strong>com-</strong></span> 
     </span>
    </p>
   </div>
   <div class='ocr_carea' id='block_1_126' title="bbox 1964 5212 3564 5294">
    <p class='ocr_par' dir='ltr' id='par_1_126' title="bbox 1964 5212 3564 5294">
     <span class='ocr_line' id='line_1_126' title="bbox 1964 5212 3564 5294; baseline 0.019 -31"><span class='ocrx_word' id='word_1_953' title='bbox 1964 5212 2382 5269; x_wconf 89' lang='lat' dir='ltr'><strong>municationem</strong></span> <span class='ocrx_word' id='word_1_954' title='bbox 2429 5216 2634 5285; x_wconf 88' lang='lat' dir='ltr'><strong>tribuit,</strong></span> <span class='ocrx_word' id='word_1_955' title='bbox 2687 5221 2784 5275; x_wconf 90' lang='lat' dir='ltr'><strong>scd</strong></span> <span class='ocrx_word' id='word_1_956' title='bbox 2814 5223 3034 5293; x_wconf 88' lang='lat' dir='ltr'><strong>impedit</strong></span> <span class='ocrx_word' id='word_1_957' title='bbox 3065 5229 3129 5283; x_wconf 93' lang='lat' dir='ltr'><strong>ad</strong></span> <span class='ocrx_word' id='word_1_958' title='bbox 3160 5231 3405 5289; x_wconf 88' lang='lat' dir='ltr'><strong>salutem.</strong></span> <span class='ocrx_word' id='word_1_959' title='bbox 3430 5237 3564 5294; x_wconf 83' lang='lat' dir='ltr'><strong>Per-</strong></span> 
     </span>
    </p>
   </div>
   <div class='ocr_carea' id='block_1_127' title="bbox 1961 5305 3605 5396">
    <p class='ocr_par' dir='ltr' id='par_1_127' title="bbox 1961 5305 3605 5396">
     <span class='ocr_line' id='line_1_127' title="bbox 1961 5305 3605 5396; baseline 0.018 -37"><span class='ocrx_word' id='word_1_960' title='bbox 1961 5305 2169 5362; x_wconf 89' lang='lat' dir='ltr'><strong>secutio</strong></span> <span class='ocrx_word' id='word_1_961' title='bbox 2200 5317 2283 5361; x_wconf 89' lang='lat' dir='ltr'><strong>est</strong></span> <span class='ocrx_word' id='word_1_962' title='bbox 2310 5307 2426 5363; x_wconf 65' lang='lat' dir='ltr'><strong>haec</strong></span> <span class='ocrx_word' id='word_1_963' title='bbox 2453 5309 2580 5378; x_wconf 89' lang='lat' dir='ltr'><strong>alia,</strong></span> <span class='ocrx_word' id='word_1_964' title='bbox 2607 5320 2664 5368; x_wconf 91' lang='lat' dir='ltr'><strong>et</strong></span> <span class='ocrx_word' id='word_1_965' title='bbox 2692 5313 2795 5368; x_wconf 88' lang='lat' dir='ltr'><strong>alia</strong></span> <span class='ocrx_word' id='word_1_966' title='bbox 2826 5320 3071 5386; x_wconf 87' lang='lat' dir='ltr'><strong>tentatio,</strong></span> <span class='ocrx_word' id='word_1_967' title='bbox 3104 5337 3203 5393; x_wconf 89' lang='lat' dir='ltr'><strong>per</strong></span> <span class='ocrx_word' id='word_1_968' title='bbox 3230 5341 3390 5396; x_wconf 89' lang='lat' dir='ltr'><strong>quam</strong></span> <span class='ocrx_word' id='word_1_969' title='bbox 3427 5332 3561 5388; x_wconf 84' lang='lat' dir='ltr'><strong>sub-</strong></span> <span class='ocrx_word' id='word_1_970' title='bbox 3598 5358 3605 5363; x_wconf 85' lang='grc'><strong>-</strong></span> 
     </span>
    </p>
   </div>
   <div class='ocr_carea' id='block_1_128' title="bbox 1965 5397 3566 5495">
    <p class='ocr_par' dir='ltr' id='par_1_128' title="bbox 1965 5397 3566 5495">
     <span class='ocr_line' id='line_1_128' title="bbox 1965 5397 3566 5495; baseline 0.017 -44"><span class='ocrx_word' id='word_1_971' title='bbox 1965 5397 2074 5454; x_wconf 92' lang='lat' dir='ltr'><strong>tilis</strong></span> <span class='ocrx_word' id='word_1_972' title='bbox 2119 5397 2366 5455; x_wconf 88' lang='lat' dir='ltr'><strong>inimicus</strong></span> <span class='ocrx_word' id='word_1_973' title='bbox 2398 5401 2777 5474; x_wconf 85' lang='lat' dir='ltr'><strong>impugnandis</strong></span> <span class='ocrx_word' id='word_1_974' title='bbox 2823 5407 3001 5465; x_wconf 89' lang='lat' dir='ltr'><strong>adhuc</strong></span> <span class='ocrx_word' id='word_1_975' title='bbox 3045 5412 3206 5483; x_wconf 86' lang='lat' dir='ltr'><strong>lapsis</strong></span> <span class='ocrx_word' id='word_1_976' title='bbox 3227 5419 3434 5474; x_wconf 85' lang='lat' dir='ltr'><strong>occulta</strong></span> <span class='ocrx_word' id='word_1_977' title='bbox 3466 5439 3566 5495; x_wconf 86' lang='lat' dir='ltr'><strong>po-</strong></span> 
     </span>
    </p>
   </div>
   <div class='ocr_carea' id='block_1_129' title="bbox 1965 5489 3565 5582">
    <p class='ocr_par' dir='ltr' id='par_1_129' title="bbox 1965 5489 3565 5582">
     <span class='ocr_line' id='line_1_129' title="bbox 1965 5489 3565 5582; baseline 0.019 -40"><span class='ocrx_word' id='word_1_978' title='bbox 1965 5489 2236 5559; x_wconf 90' lang='lat' dir='ltr'><strong>pulatione</strong></span> <span class='ocrx_word' id='word_1_979' title='bbox 2278 5501 2571 5563; x_wconf 86' lang='lat' dir='ltr'><strong>grassatur.</strong></span> <span class='ocrx_word' id='word_1_980' title='bbox 2608 5494 2674 5551; x_wconf 91' lang='lat' dir='ltr'><strong>Ut</strong></span> <span class='ocrx_word' id='word_1_981' title='bbox 2730 5496 3043 5559; x_wconf 89' lang='lat' dir='ltr'><strong>lamentatio</strong></span> <span class='ocrx_word' id='word_1_982' title='bbox 3090 5510 3437 5578; x_wconf 88' lang='lat' dir='ltr'><strong>conquiescat</strong></span> <span class='ocrx_word' id='word_1_983' title='bbox 3457 5489 3484 5582; x_wconf 57' lang='grc' dir='ltr'><em>ξ</em></span> <span class='ocrx_word' id='word_1_984' title='bbox 3507 5527 3565 5574; x_wconf 85' lang='lat' dir='ltr'><strong>ut</strong></span> 
     </span>
    </p>
   </div>
   <div class='ocr_carea' id='block_1_130' title="bbox 2038 5625 3564 5721">
    <p class='ocr_par' dir='ltr' id='par_1_130' title="bbox 2038 5625 3564 5721">
     <span class='ocr_line' id='line_1_130' title="bbox 2038 5625 3564 5721; baseline 0.015 -40"><span class='ocrx_word' id='word_1_985' title='bbox 2038 5625 2308 5721; x_wconf 39' lang='lat' dir='ltr'><strong>(liful:</strong></span> <span class='ocrx_word' id='word_1_986' title='bbox 2326 5628 2627 5721; x_wconf 26' lang='grc' dir='ltr'><strong>φρὶξ-χι.ξῇ</strong></span> <span class='ocrx_word' id='word_1_987' title='bbox 2670 5649 2791 5705; x_wconf 74' lang='lat' dir='ltr'><strong>qua:</strong></span> <span class='ocrx_word' id='word_1_988' title='bbox 2841 5637 3132 5696; x_wconf 90' lang='lat' dir='ltr'><strong>multorum</strong></span> <span class='ocrx_word' id='word_1_989' title='bbox 3183 5645 3564 5721; x_wconf 90' lang='lat' dir='ltr'><strong>episcoporum</strong></span> 
     </span>
    </p>
   </div>
   <div class='ocr_carea' id='block_1_131' title="bbox 1967 5710 2642 5772">
    <p class='ocr_par' dir='ltr' id='par_1_131' title="bbox 1967 5710 2642 5772">
     <span class='ocr_line' id='line_1_131' title="bbox 1967 5710 2642 5772; baseline 0.006 -20"><span class='ocrx_word' id='word_1_990' title='bbox 1967 5710 2187 5772; x_wconf 75' lang='lat' dir='ltr'><strong>nomine</strong></span> <span class='ocrx_word' id='word_1_991' title='bbox 2211 5710 2514 5772; x_wconf 85' lang='lat' dir='ltr'><strong>conscripta</strong></span> <span class='ocrx_word' id='word_1_992' title='bbox 2541 5711 2642 5760; x_wconf 84' lang='lat' dir='ltr'><strong>est.</strong></span> 
     </span>
    </p>
   </div>
   <div class='ocr_carea' id='block_1_132' title="bbox 2042 5768 3186 5856">
    <p class='ocr_par' dir='ltr' id='par_1_132' title="bbox 2042 5768 3186 5856">
     <span class='ocr_line' id='line_1_132' title="bbox 2042 5768 3186 5856; baseline 0.016 -32"><span class='ocrx_word' id='word_1_993' title='bbox 2042 5768 2124 5842; x_wconf 74' lang='lat'><strong>(2)</strong></span> <span class='ocrx_word' id='word_1_994' title='bbox 2152 5771 2321 5843; x_wconf 90' lang='lat' dir='ltr'><strong>Epist.</strong></span> <span class='ocrx_word' id='word_1_995' title='bbox 2350 5788 2404 5842; x_wconf 74' lang='grc' dir='ltr'><strong>ι,</strong></span> <span class='ocrx_word' id='word_1_996' title='bbox 2427 5768 2508 5828; x_wconf 74' lang='grc' dir='ltr'><em>ἀα</em></span> <span class='ocrx_word' id='word_1_997' title='bbox 2533 5772 2777 5850; x_wconf 62' lang='lat' dir='ltr'><strong>Martyn,</strong></span> <span class='ocrx_word' id='word_1_998' title='bbox 2810 5790 2915 5839; x_wconf 87' lang='lat' dir='ltr'><strong>etc.</strong></span> <span class='ocrx_word' id='word_1_999' title='bbox 2940 5797 3063 5856; x_wconf 88' lang='lat' dir='ltr'><strong>pag.</strong></span> <span class='ocrx_word' id='word_1_1000' title='bbox 3095 5784 3186 5842; x_wconf 77' lang='lat'><strong>51.</strong></span> 
     </span>
    </p>
   </div>
   <div class='ocr_carea' id='block_1_133' title="bbox 3093 5879 3175 5944">
    <p class='ocr_par' dir='ltr' id='par_1_133' title="bbox 3093 5879 3175 5944">
     <span class='ocr_line' id='line_1_133' title="bbox 3093 5879 3175 5944; baseline 0.049 -3"><span class='ocrx_word' id='word_1_1001' title='bbox 3093 5879 3175 5944; x_wconf 88' lang='lat'><strong>37</strong></span> 
     </span>
    </p>
   </div>
  </div>
