4156 6248
1992 243 2080 304 DE
2119 245 2553 312 ARGUMENTO
3809 268 3970 329 1164

626 358 786 414 dolor
813 355 1011 420 sileat,
1040 360 1101 410 ιιι
1147 352 1330 411 delicti
1363 355 1623 413 memoria
1662 367 1971 428 evanescat,
2000 369 2058 416 ut
2085 377 2231 417 com-
2255 365 2309 428 Α
2402 367 2507 424 Sed
2532 369 2644 440 jam
2683 370 2940 445 denique,
2963 386 3100 449 quas
3129 376 3485 448 promisimus
3531 379 3965 451 annotationes,

616 456 891 524 primatur
919 459 1265 519 peccatorum
1291 452 1543 522 gemitus,
1576 460 1843 509 statuatur
1871 452 2028 509 ﬂetus
2054 455 2234 511 oculo-
2337 462 2699 531 publicamus,

626 561 769 610 rum,
801 559 901 599 nec
933 544 1220 599 Dominum
1251 545 1487 616 graviter
1510 544 1775 600 oﬂ‘ensum
1805 545 1962 619 longa
1990 558 2044 603 et
2072 548 2228 618 plena
2408 554 2666 626 Allegatis
2692 559 2743 613 in
2778 560 3045 631 superiori
3076 565 3343 634 opusculo
3371 563 3788 642 Scripturarum
3822 571 3970 631 locis

623 637 949 710 pmnitentia
973 637 1318 708 deprecetur,
1342 654 1465 694 cum
1518 640 1780 710 scriptum
1822 641 1893 695 sit
1926 657 1940 694 :
1973 640 2230 697 Memento
2335 648 2715 707 annotationes
2739 652 3001 723 quasdam
3016 657 3364 728 apponimus.

621 732 761 786 unde
788 730 1063 797 cecideris,
1096 740 1145 786 et
1179 748 1273 803 age
1315 732 1685 799 paenitentiam.
1733 731 1906 789 Nemo
1946 748 2006 790 se
2055 734 2227 804 fallat,

622 839 788 880 nemo
814 838 873 879 se
901 823 1133 894 decipiat
1162 823 1238 896 (p.
1272 822 1422 895 378).
1454 841 1473 875 ι

697 918 854 987 Quod
893 917 939 972 si
972 917 1344 987 paenitentiam
1373 932 1533 989 agere
1561 932 1669 973 non
1720 928 2083 989 recusassent,
2106 936 2227 977 eas-

625 1025 731 1082 que
789 1009 1083 1066 subiissent
1122 1024 1333 1080 poenas,
1364 1024 1497 1080 quas
1535 1009 1651 1080 ipse
1698 1012 2136 1083 praescripsisset,
2167 1027 2227 1068 se

620 1102 1088 1173 promptissimum
1123 1102 1419 1172 praebebat,
1454 1111 1513 1157 ut
1532 1102 1813 1159 lenitatem
1846 1120 2006 1176 quam
2039 1114 2227 1177 posset

617 1196 910 1251 maximam
930 1210 1059 1266 erga
1094 1209 1189 1250 eos
1210 1195 1493 1265 adhiberet
1525 1213 1539 1248 :
1568 1195 1721 1265 cujus
1751 1196 1987 1252 lenitatis
2012 1198 2224 1268 perspi-

619 1303 780 1344 cuum
811 1296 1190 1359 argumentum
1239 1286 1508 1344 habemus
1562 1288 1614 1343 in
1655 1289 1885 1360 epistola
1933 1305 2031 1360 xu,
2059 1306 2222 1362 quam

615 1384 779 1454 legat,
802 1383 1051 1450 obsecro,
1080 1383 1251 1439 lector
1278 1381 1356 1457 (p.
1390 1383 1506 1456 55).

688 1474 758 1530 Χ.
792 1475 929 1532 Hinc
953 1476 1022 1532 de
1068 1477 1199 1546 ipsis
1241 1477 1594 1548 iniquissimis
1622 1478 1942 1535 Felicissimi
1974 1478 2220 1547 asseclis,

2981 833 3209 893 CAPUT
3248 838 3317 895 Il.

2404 990 2580 1050 Nolim
2607 1007 2740 1050 vero
2768 994 3061 1053 arbitretur
3086 997 3281 1066 lector,
3304 1012 3369 1057 ea
3394 1002 3786 1060 tantummodo
3813 1002 3974 1059 Scri-

2335 1092 2615 1154 pturarum
2667 1086 2810 1157 loca,
2843 1105 2964 1161 quas
2991 1092 3046 1147 in
3076 1091 3182 1149 hoc
3209 1093 3475 1164 opusculo
3502 1094 3814 1165 habentur,
3843 1112 3971 1168 pas-

2333 1178 2615 1237 nitentiam
2646 1184 2941 1253 respicere.
2973 1184 3114 1253 Alia,
3149 1201 3320 1257 eaque
3344 1203 3452 1245 non
3476 1204 3668 1259 pauca,
3692 1191 3971 1249 invenies

2331 1272 2385 1328 in
2441 1273 2711 1333 Baebiarii
2778 1276 2922 1335 libro
2972 1280 3041 1336 ad
3108 1280 3430 1339 Januarium
3472 1285 3661 1350 misso,
3711 1285 3780 1341 in
3854 1286 3969 1341 Pa-

2331 1366 2541 1425 rallelis
2596 1384 2811 1440 quoque
2857 1371 3178 1431 Damasceni
3207 1375 3350 1445 (litt.
3375 1402 3433 1444 μ,
3459 1378 3539 1433 tit.
3573 1394 3652 1443 tu,
3701 1383 3835 1450 περὶ
3867 1404 3966 1448 μυ

2328 1470 2547 1529 esset“,
2581 1464 2719 1536 etc.)
2749 1465 2802 1521 in
2831 1480 2899 1521 eo
2928 1467 3126 1537 capite,
3159 1468 3305 1539 quod
3337 1470 3391 1525 in
3420 1471 3632 1541 pagina:
3674 1472 3850 1528 calce
3887 1472 3968 1526 al-

618 1583 847 1639 quorum
913 1570 1169 1624 immania
1237 1570 1447 1625 scelera
1497 1579 1551 1625 et
1608 1572 1967 1628 execrabilem
2033 1574 2220 1640 vitam,
2331 1554 2475 1627 ιθεο.
2506 1558 2758 1631 ψιοάίιυθ
2786 1561 2831 1616 εί
2862 1576 2986 1617 cum
3017 1562 3329 1620 ῧοοιίίιείίο
3354 1566 3967 1638 conferas-iucundi?

630 1661 867 1717 schisma
887 1678 1123 1733 quoque,
1154 1675 1207 1718 et
1235 1664 1302 1717 ab
1324 1662 1566 1718 Ecclesia
1601 1665 1959 1721 defectionem
1979 1666 2213 1736 proxime

2330 1650 2527 1706 simum
2579 1652 2631 1706 id
2661 1652 2758 1708 tibi
2807 1654 2932 1719 erit,
2964 1665 3020 1711 et
3058 1656 3217 1712 valde
3266 1658 3419 1735 utile.
3454 1660 3528 1715 Ea
3584 1661 3775 1733 itaque
3834 1663 3961 1718 loca

622 1765 749 1811 ante
777 1754 1144 1827 descripserat
1170 1799 1183 1822 ,
1217 1756 1332 1811 lucc
1358 1759 1709 1827 pronuntiare
1738 1774 1844 1814 non
1873 1759 2084 1815 dubitat
2113 1760 2213 1832 (ep.

2330 1760 2451 1815 qua:
2483 1744 2571 1800 hic
2612 1757 2969 1804 recensentur
2989 1791 3004 1816 ,
3037 1759 3131 1805 aut
3177 1752 3357 1821 portio
3384 1753 3642 1809 nonnulla
3670 1765 3813 1811 sunt
3838 1768 3963 1808 am-

617 1867 707 1917 Lv,
735 1870 789 1923 ρ.
813 1851 943 1923 84);
981 1870 1000 1904 ι
1031 1850 1365 1922 Sijudicium
1396 1861 1638 1906 nostrum
1669 1854 1936 1908 voluerint
1957 1854 2213 1923 experiri,

2327 1835 2515 1906 plioris
2544 1836 2691 1901 libri,
2723 1840 2817 1910 qui
2847 1840 3021 1896 multo
3045 1842 3196 1912 plura
3227 1845 3708 1914 complectebatur,
3739 1856 3871 1912 aut,
3905 1848 3959 1903 si

618 1945 860 1998 veniant.
899 1944 1141 2012 Denique
1187 1945 1231 1997 si
1279 1959 1384 2015 qua
1413 1944 1519 2000 illis
1569 1946 1847 2000 excusatio
1877 1954 1932 2001 et
1978 1945 2213 2000 detensis

2325 1929 2431 1996 vis,
2471 1930 2673 1987 selecta
2701 1948 2764 1987 ea
2815 1942 2943 1989 sunt
2991 1935 3156 1992 veluti
3198 1938 3419 2007 reliquis
3464 1940 3697 2010 aptiora,
3724 1956 3852 1997 non
3884 1942 3957 1998 ad

615 2047 795 2107 potest
835 2052 977 2103 esse,
1009 2038 1290 2093 videamus
1333 2053 1494 2109 quem
1544 2039 1784 2093 habeant
1832 2036 2213 2095 satisfactionis

2326 2023 2615 2079 utilitatem
2647 2024 2887 2095 quidem,
2924 2029 3416 2101 necessitatemque
3468 2034 3810 2101 paenitentia:
3852 2050 3953 2106 ge-

615 2144 728 2184 sum
748 2145 991 2197 sensmn,
1018 2145 1177 2200 quem
1216 2130 1446 2184 all‘erant
1476 2132 1809 2201 pmoitentiaz
1838 2130 2213 2186 fruetum.Nec

2326 2116 2557 2170 ncratim
2600 2117 2861 2189 inspectae
2890 2121 3264 2187 asserendam,
3306 2124 3401 2179 sed
3428 2124 3494 2180 ad
3522 2126 3819 2183 utilitatem
3851 2144 3956 2184 ne-

615 2226 858 2282 Ecclesia
910 2226 1031 2281 istic
1060 2228 1256 2297 cuique
1285 2226 1575 2291 clauditur,
1607 2242 1708 2281 nec
1736 2226 2025 2298 episcopus
2053 2225 2213 2281 alicui

2324 2210 2745 2283 cessitatemque
2768 2212 2913 2269 illius
2942 2214 3159 2285 generis
3189 2216 3524 2289 poenitentiae
3554 2221 3953 2293 asserendam,

614 2319 934 2391 denegatur.
960 2321 1308 2386 Pmniteutia,
1340 2329 1394 2375 et
1423 2320 1672 2387 facilitas,
1702 2330 1756 2377 et
1788 2320 2094 2375 humanitas
2122 2334 2219 2375 no-

618 2421 731 2469 stra
761 2413 1104 2468 venientibus
1160 2422 1358 2483 prmsto
1386 2420 1488 2468 est.
1533 2410 1678 2484 Opto
1718 2427 1906 2468 omnes
1938 2415 1990 2467 in
2032 2412 2219 2468 Eccle-

617 2507 754 2561 siam
783 2505 1021 2577 regredi,
1063 2514 1192 2575 opto
1239 2506 1525 2559 universos
1574 2503 1975 2560 commilitones
2002 2513 2218 2560 nostros

617 2602 762 2655 intra
789 2598 994 2655 Christi
1029 2609 1202 2654 castra
1227 2606 1279 2653 et
1311 2598 1404 2653 Dei
1438 2597 1611 2652 Patris
1641 2597 1912 2653 domicilia
1939 2596 2215 2653 concludi.

610 2694 852 2751 Remitto
881 2695 1063 2748 omnia
1086 2734 1100 2757 ,
1147 2694 1314 2747 multa
1345 2691 1627 2747 dissimulo
1658 2692 1841 2747 studio
1867 2702 1923 2747 et
1949 2702 2077 2747 voto
2104 2693 2219 2748 col—

612 2785 844 2856 ligendae
872 2784 1250 2840 fraternitatis.
1282 2784 1455 2839 Etiam
1482 2799 1604 2854 quae
1626 2787 1678 2839 in
1711 2784 1881 2840 Deum
1925 2785 2216 2841 commissa

610 2888 757 2947 sunt,
792 2896 899 2935 non
929 2880 1091 2949 pleno
1120 2878 1324 2948 judicio
1368 2877 1647 2950 religionis
1669 2880 1940 2934 examino.
1995 2879 2217 2935 Delictis

610 2972 895 3043 plusquam
941 2979 1158 3043 oportet
1200 2971 1540 3027 remittendis
1592 2987 1729 3040 pene
1782 2974 1897 3042 ipse
1932 2971 2212 3041 delinquo.

609 3066 927 3136 Amplector
972 3071 1218 3135 prompta
1249 3078 1313 3119 ac
1342 3064 1502 3134 plena
1551 3063 1845 3120 dilectione
1892 3081 2014 3120 cum
2046 3064 2219 3137 pinni-

608 3157 775 3212 tentia
798 3164 1137 3213 revertentes
1164 3165 1445 3225 peccatum
1470 3170 1627 3211 suum
1656 3155 1997 3213 satifactione
2023 3157 2215 3212 humili
2244 3176 2290 3240 ρ

610 3257 663 3303 et
694 3248 926 3317 simplici
943 3247 1289 3302 confitentes.
1328 3265 1347 3298 ι

680 3339 772 3398 XI.
826 3340 950 3394 llaec
988 3355 1105 3410 qua:
1143 3339 1300 3394 retuli
1331 3340 1463 3394 satis
1491 3348 1613 3408 apta
1644 3339 1713 3394 ad
1768 3340 1819 3394 id
1866 3340 2010 3411 quod
2040 3350 2220 3397 osteno

608 3433 845 3489 dandum
875 3433 1007 3487 mihi
1033 3433 1312 3503 proposui,
1336 3447 1560 3487 censeo.
1584 3430 1855 3487 Caeterum
1898 3434 1943 3488 si
1974 3433 2075 3488 alia
2114 3434 2213 3488 ad.

607 3529 714 3586 buc
736 3536 891 3598 optas
910 3526 1155 3597 ejusdem
1188 3525 1445 3597 Cypriani
1482 3526 1620 3580 hanc
1648 3525 1700 3579 iu
1730 3540 1845 3581 rem
1879 3527 2211 3595 testimonia,

606 3634 671 3676 ea
698 3618 924 3675 consule
951 3634 1072 3690 qua:
1118 3616 1279 3673 tradit
1333 3618 1450 3689 ipse
1496 3617 1546 3671 in
1598 3617 1738 3673 libro
1796 3618 1861 3673 de
1912 3618 2100 3690 Lapsis
2158 3629 2217 3675 et

606 3714 662 3768 in
691 3713 919 3784 epistola
938 3728 1026 3767 LV.
1051 3712 1352 3782 Utrumque
1375 3723 1538 3782 porro
1559 3709 1993 3781 comprehendit,
2023 3725 2211 3766 suam-

606 3820 715 3874 que
770 3806 1096 3860 seutentiam
1144 3804 1490 3873 apertissime
1520 3801 1756 3873 explicat
1802 3802 1856 3856 in
1884 3802 2112 3873 epistola
2140 3817 2213 3857 ιιι

607 3898 689 3970 (ρ.
717 3896 850 3967 155)
874 3898 1140 3952 verbisiis
1169 3915 1181 3950 :
1220 3916 1240 3948 ι
1271 3896 1440 3952 Miror
1464 3905 1643 3951 autem
1661 3897 1921 3968 quosdam
1940 3899 2018 3953 sic
2045 3896 2213 3952 obsti-

605 3999 788 4056 natos,
818 3998 966 4055 etc.;
995 4008 1014 4040 ι
1043 4004 1165 4060 quae
1193 3990 1362 4044 verba
1392 3990 1445 4044 in
1463 3991 1904 4045 annotationibus
1918 3991 1984 4046 ad
2009 4002 2214 4061 postre—

604 4096 754 4138 mum
782 4081 1149 4137 testimonium
1181 4080 1259 4154 (id
1283 4089 1369 4136 est
1388 4081 1639 4151 Apocal.,
1662 4098 1722 4150 ιι,
1755 4082 1810 4154 5)
1836 4083 2206 4155 allegabimus.

677 4175 791 4231 XII.
817 4175 890 4232 Ut
914 4190 1044 4247 ergo
1073 4184 1128 4230 et
1153 4172 1576 4229 Novatianorum
1603 4190 1866 4242 errorem,
1890 4188 1944 4232 et
1973 4178 2211 4233 schisma

600 4269 1047 4341 reprehenderet,
1081 4276 1137 4324 et
1175 4266 1509 4339 pr0positum
1538 4284 1719 4338 suum,
1762 4277 1818 4325 et
1866 4269 2210 4341 disciplinam

602 4379 764 4435 quam
798 4364 849 4418 in
897 4361 1194 4418 Ecclesiam
1236 4363 1562 4431 invexerat,
1615 4378 1646 4417 a
1693 4364 2211 4435 reprehensionibus

603 4456 920 4524 vindicaret,
956 4456 1194 4513 libellum
1229 4457 1372 4512 hunc
1418 4466 1510 4513 aut
1558 4459 1864 4528 composuit
1902 4458 2210 4531 Cyprianus

603 4549 719 4621 ipse
748 4560 840 4605 aut
868 4559 1019 4606 certe
1069 4550 1207 4605 alter
1258 4566 1358 4620 pro
1413 4549 1671 4623 Cypriani
1709 4555 1975 4609 sententia
2026 4555 2210 4611 decero

605 4655 749 4712 tans,
774 4660 838 4699 ea
877 4645 1138 4715 colligens
1164 4660 1283 4715 qua:
1330 4645 1382 4699 in
1423 4646 1545 4710 tria,
1590 4647 1634 4700 si
1666 4647 1768 4713 vis,
1802 4659 2118 4719 argumenta
2153 4657 2208 4707 et

603 4734 986 4806 disputationis
1042 4738 1216 4805 capita
1264 4744 1420 4791 erant
1502 4737 1762 4809 deinceps
1837 4740 2206 4798 distribueuda

604 4845 833 4899 quorum
863 4828 1094 4883 alterum
1140 4827 1560 4883 Novatianorum
1608 4830 1842 4887 schisma
1883 4848 2208 4907 erroresque

604 4921 930 4985 damnaret;
981 4919 1260 4976 refelleret
1302 4921 1534 4976 alterum
1591 4927 1914 4981 sententiam
1962 4928 2202 4998 illorttm,

603 5017 697 5087 qui
728 5016 855 5069 fassi
886 5015 1112 5069 subesse
1144 5015 1401 5070 Ecclesia:
1435 5020 1690 5085 potestati
1717 5022 1943 5077 crimina
1970 5024 2197 5094 qumvis,

603 5110 926 5164 criminosos
979 5118 1158 5163 tamen
1211 5108 1281 5161 ab
1312 5108 1555 5164 Ecclesia
1577 5152 1591 5175 ,
1622 5120 1678 5166 et
1706 5127 1735 5166 a
1766 5116 2083 5182 poenitentia
2115 5118 2201 5172 in-

600 5204 800 5269 eunda;
821 5204 1078 5259 arcebant
1096 5204 1424 5273 approbaret
1446 5207 1660 5261 tertium
1682 5207 2018 5281 disciplinam
2050 5229 2080 5268 a
2097 5213 2203 5287 Cy-

596 5299 788 5370 priauo
818 5300 1173 5369 propositam.
1204 5297 1357 5364 Quod
1387 5306 1568 5355 autem
1594 5310 1720 5373 apte
1764 5305 1865 5360 sub
1894 5304 2088 5362 horum
2114 5311 2197 5363 al-

596 5399 714 5446 tero
743 5389 1276 5461 comprehendantur
1322 5390 1411 5444 illa
1466 5392 1579 5461 ipsa
1629 5394 1737 5449 duo
1782 5412 1903 5463 qum
1958 5399 2198 5459 diximus

594 5482 903 5539 testimonia
930 5522 947 5549 ,
980 5483 1033 5537 in
1075 5482 1520 5539 annotationibus
1574 5486 1639 5540 ad
1677 5487 1768 5543 illa
1818 5494 2192 5550 ostendemus.

591 5579 772 5647 Atque
823 5573 967 5630 hunc
1016 5574 1232 5647 quidem
1304 5576 1543 5637 libellum
1600 5583 1849 5654 suspicor
1896 5598 1957 5641 ea
2017 5596 2197 5643 mente

588 5669 759 5725 fuisse
789 5668 1173 5735 compositum,
1208 5679 1261 5723 ut
1322 5670 1376 5725 in
1428 5670 1592 5731 tertio
1642 5673 2065 5736 Testimoniorum
2130 5681 2195 5736 Ii-

583 5765 682 5822 ιηιο
708 5757 938 5828 reliquis
960 5758 1106 5821 illius
1134 5763 1369 5835 partibus
1389 5769 1798 5844 adjungeretur.

2324 2300 2392 2356 de
2422 2318 2528 2371 quo
2548 2319 2747 2373 genere
2771 2321 3000 2364 numero
3025 2305 3078 2375 6,
3112 2307 3168 2375 7,
3191 2317 3249 2363 et
3277 2308 3736 2379 subsequentibus
3765 2328 3948 2385 snpe-

2327 2395 2489 2449 rioris
2516 2396 2709 2466 capitis
2735 2399 2857 2469 egi;
2893 2399 3075 2455 recole
3103 2401 3282 2472 itaque
3310 2417 3433 2473 quae
3453 2402 3519 2458 iis
3539 2404 3789 2460 numeris
3822 2415 3943 2462 tra-

2324 2486 2581 2549 didimus.

2395 2579 2514 2639 iam
2541 2596 2668 2638 vero
2696 2583 2765 2640 ad
2797 2599 2919 2645 eum
2947 2588 3123 2642 locum
3142 2588 3325 2656 venio,
3359 2589 3451 2660 qui
3483 2590 3717 2661 primum
3747 2592 3805 2649 in
3836 2596 3945 2651 hoc

2324 2675 2589 2744 opusculo
2617 2692 2677 2731 se
2703 2676 2884 2743 offert,
2904 2680 3104 2750 quique
3133 2696 3195 2736 se
3222 2681 3385 2738 habet
3411 2699 3427 2736 :

2392 2766 2431 2820 l.
2461 2767 2523 2823 Si
2544 2768 2899 2841 dereliquerint
2935 2773 3031 2842 ﬁlii
3054 2775 3162 2845 ejus
3183 2775 3345 2848 legem
3371 2793 3559 2848 meam,
3582 2788 3631 2835 et
3655 2780 3703 2847 in
3721 2779 3942 2849 iudiciis

2323 2859 2450 2917 meis
2465 2877 2564 2915 non
2580 2863 2967 2929 articulaverint,
2990 2875 3035 2919 et
3058 2868 3303 2922 mandata
3331 2885 3443 2923 mea
3461 2886 3565 2924 non
3578 2870 3938 2943 custodierint,

2320 2950 2534 3006 visitabo
2582 2954 2636 3009 in
2682 2956 2826 3026 virga
2872 2957 3164 3027 iniquitates
3210 2976 3386 3014 eorum
3436 2971 3485 3015 et
3534 2964 3589 3018 in
3643 2966 3941 3021 verberibus

2322 3052 2533 3112 peccata
2554 3060 2727 3100 eorum
2752 3062 2771 3101 :
2789 3047 3191 3104 misericordiam
3216 3061 3385 3106 autem
3406 3070 3573 3108 meam
3603 3072 3706 3110 non
3730 3056 3937 3128 disper-

2322 3153 2439 3208 gant
2460 3138 2523 3192 ab
2546 3138 2618 3193 eis
2646 3138 2761 3209 (Ps.
2786 3158 3057 3211 Lxxxvtu,
3086 3144 3203 3218 51).

2396 3231 2700 3291 Arbitratus
2717 3249 2835 3293 sunt
2852 3237 3163 3308 aliquando,
3179 3243 3518 3300 amanuensis
3535 3244 3749 3301 licentia
3776 3260 3933 3316 qua-

2324 3324 2472 3393 dam,
2506 3327 2846 3385 immutatum
2884 3347 3007 3387 eum
3036 3333 3223 3397 fuisse,
3251 3346 3308 3392 et
3333 3338 3443 3393 loco
3470 3346 3692 3393 vetustae
3715 3339 3935 3396 substi-

2323 3429 2492 3477 tutam
2511 3421 2960 3494 fuisseVulgalam
2973 3426 3491 3498 interpretationem,
3503 3431 3647 3501 quod
3662 3446 3765 3503 ego
3780 3447 3929 3504 ωερε

2322 3516 2378 3572 in
2391 3516 2669 3573 codicibus
2692 3516 2892 3574 factunt
2915 3522 3268 3592 perspexi.At
3281 3539 3481 3594 anceps
3492 3524 3754 3595 deinceps
3772 3525 3925 3590 basi,

2321 3626 2445 3666 cum
2464 3612 2714 3667 eumdem
2744 3612 2920 3669 locmn
2942 3613 3008 3669 ad
3024 3630 3146 3670 eum
3172 3616 3289 3674 fere
3316 3617 3539 3673 modum
3568 3619 3790 3674 citatum
3816 3619 3923 3675 vidi

2320 3704 2373 3758 in
2393 3704 2815 3774 Bachiariilibro
2839 3707 2917 3781 (l)
2944 3724 3045 3777 quo
3067 3708 3289 3766 alfertur
3311 3713 3363 3779 in
3388 3711 3491 3767 hoc
3520 3710 3795 3785 opusculo.
3812 3712 3922 3768 Aut

2326 3815 2461 3871 ergo
2481 3811 2707 3872 uterque
2733 3804 3082 3863 amanuensis
3109 3805 3354 3869 eamdem
3381 3806 3654 3863 licentiam
3667 3810 3761 3865 sibi
3779 3822 3924 3865 arro-

2318 3894 2485 3963 gavit,
2526 3900 2620 3947 aut
2645 3893 2825 3963 potius
2855 3896 3082 3953 vetustis
3108 3896 3244 3967 ipsis
3271 3900 3617 3969 temporibus
3638 3901 3806 3957 altera
3834 3903 3918 3955 in-

2322 3986 2637 4056 terpretatio
2667 3985 2827 4057 hujus
2858 3987 2961 4044 loci
2991 3988 3199 4058 aderat,
3236 4006 3355 4062 quae
3379 4006 3445 4046 ea
3478 3993 3693 4055 ratione
3740 3994 3917 4049 locum

2322 4076 2466 4135 hunc
2490 4077 2762 4146 redderet,
2779 4094 2886 4151 qua
2912 4096 3055 4141 nunc
3084 4081 3524 4153 redditVulgata.

2389 4166 2656 4225 Cancrum
2676 4170 2764 4228 hic
2795 4172 2985 4241 psalmi
3016 4173 3333 4245 octogesimi
3365 4176 3542 4232 octavi
3561 4177 3718 4235 locus
3746 4177 3800 4235 in
3820 4193 3916 4234 re-

2320 4261 2617 4317 tustissimo
2645 4262 2737 4318 illo
2791 4264 2976 4320 libello
3005 4264 3109 4338 (2),
3141 4268 3230 4338 qui
3256 4267 3515 4325 adversus
3535 4269 3915 4337 Novatianum,

2319 4355 2437 4426 ipso
2450 4356 2868 4415 Novatiauorum
2885 4370 3044 4433 atque
3058 4342 3309 4433 Cypriani
3326 4374 3569 4435 tempore
3580 4368 3922 4438 conscriptus

2319 4448 2439 4517 fuit,
2455 4450 2521 4505 ad
2542 4451 2685 4508 hunc
2706 4453 2923 4511 modum
2940 4469 3000 4510 se
3017 4455 3178 4511 habet
3197 4475 3209 4511 :
3226 4457 3287 4515 Si
3308 4458 3668 4528 dereliqtmint
3679 4460 3783 4527 ﬁlii
3804 4461 3924 4530 ejus

2318 4544 2478 4615 legem
2495 4563 2676 4615 meam,
2702 4550 2824 4602 etin
2847 4550 3103 4605 mandatis
3125 4553 3247 4606 meis
3273 4570 3375 4608 non
3388 4556 3766 4617 ambulaverint,
3798 4565 3851 4610 et
3879 4557 3925 4611 si

2307 4636 2705 4709 justiﬁcationes
2733 4660 2870 4699 meas
2898 4643 3306 4715 profanaverint,
3329 4658 3377 4701 et
3398 4659 3649 4720 prtccepta
3678 4666 3799 4711 mea
3812 4635 3923 4707 ἶιοιι

2315 4732 2683 4802 custodierint,
2715 4736 2929 4792 visitabo
2979 4738 3031 4792 in
3057 4739 3201 4809 virga
3215 4740 3449 4812 facinora
3475 4758 3649 4796 eorum
3664 4753 3710 4799 et
3736 4743 3797 4801 in
3824 4746 3923 4814 ﬂa-

2313 4825 2462 4895 gellis
2487 4827 2674 4881 delicta
2707 4845 2881 4883 eorum
2906 4847 2926 4895 ;
2952 4832 3355 4887 misericordiam
3385 4846 3557 4889 autem
3596 4852 3767 4891 meum
3815 4855 3921 4893 non

2316 4918 2609 4992 dispergant
2643 4921 2705 4975 ab
2734 4924 2827 4977 eis.
2856 4921 2967 4979 Nec
3012 4924 3237 4979 multum
3284 4926 3438 4982 abest
3480 4928 3804 5000 Cyprianus,
3840 4932 3922 4987 sic

2314 5014 2565 5071 cumdem
2611 5016 2787 5071 locum
2842 5018 3080 5088 allegans
3119 5019 3238 5091 (5):
3271 5018 3334 5075 Si
3360 5021 3722 5091 dereliquerint
3753 5025 3919 5095 legent

2310 5121 2512 5173 meam,
2546 5117 2590 5161 et
2608 5107 2659 5161 in
2683 5109 2891 5177 iudiciis
2923 5112 3045 5167 meis
3068 5127 3172 5167 non
3200 5114 3571 5170 ambulaverint
3598 5116 3688 5180 ,‘ss'
3706 5117 3919 5187 justi/io

2311 5199 2536 5255 catioues
2566 5217 2702 5257 meas
2734 5204 3135 5274 profanaverint,
3168 5215 3215 5259 et
3253 5217 3509 5278 prtecepta
3538 5224 3651 5263 mea
3687 5225 3796 5265 non
3821 5211 3916 5265 ob-

2392 5424 2471 5499 (1)
2495 5424 2583 5499 Νίο.
2622 5422 2714 5493 9.9.,
2747 5441 2801 5499 p.
2832 5428 2955 5498 115,
2988 5426 3139 5482 editt.
3168 5426 3446 5499 Francisci
3478 5430 3664 5489 Florii.

2387 5495 2472 5563 (2)
2508 5495 2764 5551 Constat'
2824 5495 3097 5553 auctorem
3165 5497 3290 5554 libri
3378 5500 3447 5555 ad
3552 5504 3913 5564 Horatianus

2304 5570 2570 5650 mqualcm
2609 5569 3069 5653 .essenCypriaui,
3118 5581 3234 5653 etc;
3268 5570 3349 5653 in
3406 5571 3563 5653 Vita‘
3678 5576 3915 5653 Cypria-

2308 5641 2364 5695 ni
2389 5640 2679 5719 ‘p_t:.t-_posit-a
2706 5640 2928 5697 editioni
2950 5640 3174 5719 _B_aluzi_i,
3207 5640 3236 5715 §
3265 5643 3358 5719 :55,
3392 5660 3517 5719 pag,
3538 5649 3629 5711 94,

2380 5711 2463 5793 (ξ)
2487 5710 2728 5793 I_t_t_epist.
2750 5729 2841 5793 v_u,
2866 5728 2918 5793 p.
2936 5712 3029 5780 M,
3044 5710 3354 5793 et_i_n_e'pist;
3378 5710 3550 5793 ιξιιξι).
3572 5710 3697 5791 {55,
3713 5732 3770 5781 ει
3791 5741 3909 5783 ως-

2306 5780 2399 5846 sus
2419 5783 2471 5838 in
2504 5780 2644 5840 libro
2673 5783 2736 5840 de
2759 5780 2964 5855 Lapsis,
2997 5799 3049 5859 p.
3084 5784 3211 5842 3N.
