4156 6248
233 238 388 310 1163

1460 254 1875 320 SUPERIORIS
1909 251 2273 325 OPUSCULI.

3405 279 3551 341 M66

234 359 570 466 seruaverint,
610 359 824 419 uisitabo
849 361 904 419 in
930 358 1075 451 virga
1106 363 1341 466 facinora
1362 383 1559 437 eorum,
1585 380 1631 428 et
1659 372 1713 428 in
1740 375 1840 445 βα-
1865 375 1921 435 Α
2021 375 2291 434 Cmterum
2320 379 2374 435 id
2418 380 2595 453 ipsUm
2623 384 2767 457 quod
2795 400 2862 444 ex
2894 390 3140 460 proxime
3166 394 3450 466 superiore
3476 409 3555 456 te-

234 456 385 528 gellis
416 456 604 510 delicta
631 472 806 513 eorum
846 474 864 513 :
893 459 1298 516 misericordiam
1325 473 1498 519 autem
1538 482 1701 523 meam
1740 477 1861 523 non'

235 550 535 622 dispergam
564 550 626 604 ab
651 551 744 619 eis,
776 561 885 608 etc.
1788 620 1793 625 ,

308 644 502 700 Mirum
531 662 693 715 porro
719 664 824 703 non
844 656 950 715 est,
964 649 1008 704 si
1027 649 1200 720 primo
1215 650 1432 720 quidem
1448 652 1699 709 locushic
1714 653 1844 710 all'e-

234 745 416 796 ratur:
434 740 634 795 etenim
651 741 1000 797 severitatem
1024 729 1658 817 illorum'redarguitqui,
1677 748 1843 804 nimio

233 831 361 903 plus
382 832 608 897 austeri,
635 834 880 905 recipere
908 837 1234 906 ptenitentes
1261 838 1313 892 in
1344 838 1642 894 Ecclesiam
1695 840 1845 897 nole-

237 923 389 980 bant.
423 924 559 981 Hinc
605 935 797 982 auctor
843 928 962 984 libri
1003 929 1069 984 ad
1120 928 1478 986 Novatianum
1523 930 1841 990 hzereticum

233 1018 314 1093 (p.
347 1016 437 1090 Il)
465 1036 478 1073 :
509 1037 530 1071 ι
563 1018 822 1088 Quaenam
858 1033 942 1078 est
970 1031 1056 1078 tua
1082 1021 1404 1094 Novatiane,
1459 1024 1754 1091 dementia,
1785 1038 1843 1083 ut

236 1111 352 1180 illa,
380 1129 501 1184 qua:
530 1112 599 1169 ad
627 1116 855 1170 exitium
907 1116 1098 1172 salutis
1153 1118 1482 1189 pertineant,
1509 1128 1715 1185 tantum
1764 1119 1843 1177 Ie-

234 1219 352 1275 gas,
385 1214 439 1261 et
459 1222 581 1277 quae
619 1208 687 1262 ad
725 1192 1161 1265 misericordiam;
1185 1221 1479 1281 praetereas
1509 1214 1532 1266 ?
1560 1213 1842 1270 Clamante

231 1296 538 1369 Scriptura,
570 1308 624 1355 et
672 1300 927 1358 dicente:
975 1300 1338 1359 Paenitentiam
1390 1305 1649 1377 agite.....
1690 1308 1842 1363 Adeo

234 1393 358 1466 quia
386 1395 572 1450 multas
592 1397 957 1453 miserationis
977 1407 1063 1453 est
1085 1398 1364 1469 Dominus,
1388 1401 1723 1456 audivimus:
1749 1416 1843 1469 au-

238 1486 456 1543 diamus
480 1488 608 1560 quid
640 1504 735 1560 per
760 1489 927 1546 David
954 1500 1290 1548 contestatur
1317 1491 1552 1563 Spiritus
1578 1503 1797 1550 sanctus
1824 1511 1840 1557 ;

235 1577 301 1634 Si
354 1580 715 1652 dereliquerint
744 1583 844 1647 filii
891 1584 1024 1655 ejus,
1056 1594 1162 1640 etc.
1206 1603 1226 1638 ι
1261 1584 1578 1640 Bachiarius
1604 1600 1840 1657 quoque,

233 1671 397 1728 valde
427 1683 672 1731 vetustus
699 1675 921 1747 (quippe
946 1677 1037 1747 qui
1065 1678 1305 1734 creditur
1333 1679 1618 1750 Augustini
1661 1694 1844 1752 asqua-

1947 472 2203 528 stimonio
2253 473 2596 547 deduximus,
2626 478 2778 536 facile
2817 483 2978 538 etiam
3034 486 3318 544 deducitur
3369 507 3435 547 ex
3486 509 3553 550 co

1947 566 2091 635 quod
2142 566 2229 622 hic
2269 568 2561 638 allcgamus
2592 571 2789 629 :debet
2818 576 2960 633 enim
2992 578 3344 650 ingemiscere
3371 582 3447 657 (id
3470 592 3555 643 est

1946 673 2153 727 veram,
2205 674 2312 716 non
2367 662 2620 731 fucatam,
2654 668 3022 737 pmnitentiam
3058 674 3238 746 agere)
3292 675 3337 731 is
3364 680 3452 750 qui
3484 680 3555 736 ad

1948 748 2119 806 Deum
2176 754 2531 811 convertitur.
2564 757 2621 812 Id
2670 759 2717 813 si
2750 772 2986 832 peraget,
3036 765 3333 824 salvabitur
3370 748 3400 826 a
3447 772 3553 831 Do-

1947 845 2117 909 mino,
2136 858 2522 921 agnoscetque,
2540 866 2662 907 cum
2687 855 3022 924 ptenituerit,
3053 858 3424 923 detestabilem
3452 880 3554 927 sta-

1950 948 2061 994 tum
2094 941 2147 995 in
2173 958 2280 1012 quo
2302 954 2457 999 antea
2482 944 2657 1002 fuerat
2689 964 2702 1001 :
2737 948 2805 1003 Et
2827 952 2953 1008 scies
2975 953 3061 1007 ubi
3083 960 3264 1027 fueris.

2022 1033 2091 1086 At
2133 1032 2289 1089 facile
2337 1050 2551 1105 posces,
2585 1038 2803 1094 ubinam
2834 1053 3047 1102 exstent
3100 1048 3325 1118 allegata
3359 1060 3550 1129 verba,

1947 1139 2068 1221 qua:
2084 1126 2320 1221 citantur
2331 1130 2490 1184 etiam
2506 1147 2534 1185 a
2551 1130 2821 1205 Cypriano
2840 1138 2919 1207 (I)
2941 1148 2995 1193 et
3012 1140 3241 1197 Paciauo
3255 1144 3361 1218 (2),
3374 1126 3554 1221 atque

1946 1215 2106 1282 adeo,
2139 1218 2182 1272 si
2214 1221 2430 1291 egregio
2476 1222 2720 1279 Calmeto
2761 1228 2960 1295 credis,
2993 1231 3060 1285 ab
3083 1215 3334 1306 Origene,
3368 1215 3556 1296 Hiero-

1948 1322 2114 1378 nymo
2140 1317 2194 1364 et
2221 1310 2551 1383 Fulgentio?
2583 1315 2822 1388 Require
2861 1334 2924 1374 ea
2962 1322 3014 1377 in
3060 1336 3271 1383 vetusta
3302 1332 3555 1389 versione

1949 1398 2301 1473 Septuaginta
2335 1405 2721 1478 interpretibus
2750 1411 3080 1483 adhazrente,
3119 1429 3174 1472 et
3225 1421 3468 1479 invenies
3501 1427 3555 1481 in

1947 1493 2218 1549 versiculo
2244 1496 2310 1553 15
2338 1500 2529 1569 capitis
2557 1518 2663 1558 xxx
2693 1503 2865 1561 Isaiae.
2917 1507 3046 1564 Ilzec
3094 1527 3258 1581 porro
3288 1530 3352 1570 eo
3384 1518 3557 1574 liben-

1948 1588 2056 1644 tius
2096 1594 2399 1691 annotavi,
2436 1599 2580 1691 quod
2628 1601 2856 1660 viderim
2909 1607 2961 1662 in
3013 1610 3251 1669 editione
3276 1613 3553 1691 Cypriani,

1948 1695 2107 1751 quam
2140 1684 2427 1744 adornavit
2449 1690 2715 1762 Baluzius,
2743 1697 2899 1753 citari
2927 1700 2978 1755 in
3007 1711 3247 1777 margine
3280 1725 3294 1761 :
3322 1684 3554 1779 Ezecbs,

234 1762 328 1836 Iis)
355 1775 409 1821 et
435 1766 593 1822 valde
618 1767 916 1872 probabilis
936 1770 1191 1876 scriptor,
1225 1771 1413 1876 iisdem
1445 1773 1647 1876 pariter
1667 1771 1849 1876 verbis
1876 1776 1927 1838 B
1955 1789 2083 1831 xvm
2111 1788 2166 1833 et
2196 1796 2383 1837 xxxm.
2426 1785 2503 1840 Ex
2551 1786 2685 1844 Isaia
2742 1806 2875 1847 sane
2926 1762 3154 1868 allegat”
3173 1762 3555 1876 Hieronymus:

236 1870 427 1914 eorum
480 1860 827 1916 severitatem
874 1861 1099 1929 refellit,
1127 1865 1214 1934 qui
1241 1864 1582 1936 gravioribus
1608 1865 1847 1937 quibus—

233 1950 361 2007 dam
408 1952 643 2024 peccatis
690 1955 1023 2024 prenitentiae
1051 1956 1229 2012 locum
1269 1958 1646 2030 denegabant:
1677 1977 1696 2009 ι
1731 1959 1847 2028 Age

233 2058 387 2116 ergo,
413 2045 607 2113 amice,
641 2048 815 2117 inquit
841 2048 934 2103 ille
962 2048 1043 2118 (I)
1074 2050 1127 2104 in
1157 2049 1386 2120 epistola
1415 2051 1482 2106 ad
1504 2051 1841 2120 Ianuarium,

233 2153 524 2212 consurge,
547 2149 622 2207 et,
656 2141 868 2211 perdita
897 2141 1038 2196 inter
1054 2141 1245 2199 ﬂuetus
1257 2143 1440 2199 smeuli
1468 2143 1740 2210 mercede,
1758 2152 1845 2197 at-

236 2249 341 2305 que
366 2233 667 2290 substantia
713 2235 862 2291 velut
909 2237 1203 2309 naufragus
1256 2238 1417 2293 imam
1447 2238 1706 2306 tabulam,
1740 2236 1846 2294 hoc

236 2334 323 2382 est
350 2328 631 2383 scientiam
663 2327 1098 2396 diviniCanonis,
1130 2340 1275 2396 tene,
1300 2346 1421 2402 quae
1452 2340 1505 2386 te
1527 2331 1757 2386 adducat
1778 2330 1847 2385 ad

235 2419 390 2477 littus
418 2421 511 2476 ubi
551 2423 668 2477 ait:
703 2422 764 2478 Si
811 2423 1172 2493 dereliqucrint
1201 2424 1300 2492 ﬁlii
1321 2424 1429 2495 ejus
1468 2425 1629 2496 legem
1657 2441 1843 2492 meam,

236 2521 285 2569 et
303 2513 360 2567 in
377 2514 592 2585 judiciis
621 2517 745 2570 meis
772 2532 876 2571 non
905 2515 1317 2580 ambulaverint;
1361 2516 1407 2569 si
1447 2517 1849 2588 justiﬁcationes

237 2620 380 2660 meas
407 2607 813 2678 profanaverint,
848 2616 895 2662 et
926 2607 1174 2661 mandata
1204 2623 1316 2661 mea
1355 2623 1459 2661 non
1488 2608 1846 2674 custodiertnt,

238 2696 454 2754 visitabo
466 2700 519 2753 in
550 2700 693 2772 uirga
716 2701 1009 2772 iniquitates
1029 2717 1227 2767 eorum,
1258 2709 1305 2755 et
1330 2701 1385 2755 in
1412 2701 1700 2756 uerberibus
1732 2717 1850 2773 pec-

240 2803 356 2845 cata
371 2807 586 2859 eorum;
615 2794 1020 2849 misericordiam
1037 2804 1206 2849 autem
1235 2810 1397 2849 meam
1423 2811 1525 2849 non
1557 2794 1851 2866 dispergam

243 2884 306 2938 ab
332 2885 424 2952 eis,
457 2901 621 2952 neque
637 2886 827 2942 nocebo
856 2888 910 2942 in
925 2888 1136 2943 veritate
1156 2903 1288 2942 mea.
1317 2887 1397 2943 De
1423 2889 1576 2958 cujus
1604 2885 1707 2944 hoc
1728 2887 1853 2942 ﬁliis

249 2977 452 3034 dicitur
480 2980 505 3034 ?
534 2979 725 3037 Nonne
754 2981 968 3037 Domini
996 2981 1165 3037 nostri
1186 2980 1314 3036 Iesu
1338 2980 1563 3049 Christi,
1591 2996 1730 3052 quos
1763 2982 1857 3037 Ec-

242 3069 536 3128 clesiastici
583 3072 748 3128 fontis
778 3083 966 3129 uterus
1003 3083 1059 3130 et
1100 3072 1297 3129 secreti
1326 3088 1389 3127 ac
1417 3073 1663 3144 perplexi
1695 3073 1853 3129 vulva

1951 1881 2114 1937 quem
2140 1885 2196 1925 ιι.
2227 1871 2263 1925 4
2288 1872 2527 1931 ali'eram.

2024 1960 2115 2060 Ill:
2168 1963 2300 2020 Item
2333 1968 2443 2060 illic
2477 1969 2626 2043 (xxx,
2656 1975 2712 2048 I)
2742 1994 2755 2031 :
2808 1977 2897 2034 νω
2934 1981 3035 2051 ﬁlii
3070 1984 3400 2060 desertionis,
3435 1993 3560 2049 dicit

1952 2050 2231 2124 Dominus,
2262 2059 2456 2130 fecistis
2480 2066 2754 2122 consilium
2784 2087 2885 2126 non
2924 2092 3015 2146 per
3052 2094 3133 2133 me
3157 2090 3205 2134 et
3230 2086 3560 2153 sponsionem

1951 2160 2139 2215 meam,
2164 2165 2266 2204 non
2297 2168 2388 2223 per
2416 2154 2673 2227 Spiritum
2699 2178 2888 2235 meum,
2914 2168 3142 2240 adjicere
3169 2187 3435 2245 peccatum
3471 2198 3561 2236 su-

1954 2255 2045 2309 per
2066 2254 2350 2311 peccatum.

2024 2331 2200 2442 Dacus
2222 2337 2323 2442 iste
2350 2341 2437 2442 ille
2460 2343 2572 2442 ipse
2594 2358 2697 2442 est,
2727 2355 2915 2422 procul
2936 2356 3121 2427 dubio,
3140 2364 3229 2434 qui
3252 2365 3305 2421 in
3335 2367 3561 2442 Vulgata

1952 2434 2130 2480 exstat
2158 2432 2427 2522 versiculo
2459 2436 2699 2509 Icapitis
2729 2460 2837 2500 xxx
2884 2448 3058 2522 Isaia),
3090 2432 3170 2510 sic
3222 2459 3275 2514 in
3334 2432 3560 2520 latinum

1953 2530 2144 2622 versus
2167 2521 2316 2625 :the
2342 2526 2441 2594 ﬁlii
2485 2530 2786 2606 desertores,
2819 2540 2943 2597 dicit
2982 2543 3259 2617 Dominus,
3284 2563 3341 2609 ut
3369 2555 3562 2625 facere-

1955 2610 2020 2663 tis
2040 2614 2335 2713 coasilium,
2360 2629 2408 2672 et
2438 2637 2541 2676 non
2562 2642 2627 2680 ea;
2662 2646 2759 2693 me,
2788 2643 2834 2689 et
2856 2638 3157 2696 ordiremini
3183 2610 3432 2713 telam,'et
3458 2664 3562 2703 non

1954 2719 2046 2811 per
2072 2703 2328 2778 Spiritum
2373 2729 2561 2786 meum,
2585 2732 2641 2775 ut
2668 2725 2922 2784 adderetis
2945 2738 3208 2804 peccatum
3238 2703 3392 2810 super
3438 2758 3562 2811 pec-

1955 2805 2147 2853 catum.

2027 2889 2282 2998 Sequitur
2326 2913 2489 2971 porro
2535 2907 2771 2980 scriptor
2825 2924 3031 2985 noster,
3086 2930 3327 2978 veterum
3384 2941 3560 2999 more,

1958 2979 2310 3080 Septuaginta
2351 2979 2699 3068 interpretes.
2736 3004 2957 3064 Videtur
2989 2979 3165 3071 autem
3216 3018 3340 3074 ideo
3365 2979 3562 3080 allatus

1958 3072 2046 3173 hic
2067 3075 2239 3146 locus,
2267 3091 2326 3138 ut
2354 3101 2722 3163 moneremur,
2757 3113 2865 3153 non
2892 3105 3182 3173 approbari
3210 3124 3240 3164 a
3287 3110 3399 3166 Deo
3425 3128 3564 3169 con-

242 3168 488 3239 mysterii
518 3168 983 3240 parturivit;quos
1011 3176 1167 3224 natos
1196 3168 1376 3277 crucis
1406 3182 1546 3271 cuna
1591 3169 1851 3277 suscepit,
1880 3178 1926 3244 ρ
1959 3169 2138 3226 silium
2165 3190 2355 3233 eorum
2381 3184 2492 3252 qui,
2546 3195 2604 3240 ut
2632 3190 2811 3267 verbis
2862 3168 3118 3267 Cypriani
3164 3214 3283 3258 otar
3328 3205 3435 3277 (ep.
3469 3168 3536 3262 Lv

245 3259 524 3334 Evangelii
563 3262 857 3318 matnmilla
893 3261 1154 3318 Iactavit?
1197 3260 1291 3317 Vis
1341 3260 1485 3316 seire
1540 3261 1661 3333 quia
1690 3260 1857 3332 bapti-

244 3356 376 3421 zati,
406 3372 512 3411 non
538 3365 717 3412 autem
745 3356 1114 3412 catechumeni
1139 3354 1231 3410 lilii
1252 3351 1635 3425 appellantur?
1656 3353 1854 3424 Aspice

252 3447 400 3519 quod
447 3448 562 3517 ipse
606 3448 880 3519 Apostolis
918 3448 1031 3505 suis
1083 3446 1405 3505 dicitzlam
1426 3462 1530 3501 non
1569 3446 1738 3501 dicam
1766 3462 1854 3502 vos

244 3556 439 3609 servos,
461 3540 553 3595 sed
581 3541 740 3610 ﬁlios.
782 3560 802 3594 ι

321 3633 525 3690 Eorum
557 3648 772 3705 quoque
820 3634 1093 3690 lenitatem
1122 3631 1274 3688 locus
1299 3632 1404 3688 iste
1434 3631 1853 3704 facilitatemque

244 3726 468 3797 refellit,
488 3727 577 3799 qui
605 3728 722 3782 sine
749 3727 857 3783 ulla
886 3726 1201 3798 paenitentia
1230 3727 1513 3798 prolapsos
1543 3728 1595 3782 in
1625 3728 1849 3783 crimina

248 3820 585 3891 recipiebant
614 3822 667 3876 in
701 3819 1022 3877 Ecclesiam.
1071 3825 1155 3874 An
1188 3833 1296 3888 non
1328 3820 1492 3886 Deus,
1533 3819 1659 3874 dum
1691 3818 1854 3874 mise-

247 3912 539 3969 ricordiam
589 3914 877 3985 nepotibus
904 3911 1126 3967 Davidis
1155 3913 1459 3982 pollicetur,
1486 3910 1851 3979 pceoitentiam

254 4007 334 4064 eis
360 4023 419 4064 se
444 4006 777 4063 inﬂicturum
805 4019 928 4061 esse
959 4003 1262 4075 promittit?
1305 4002 1531 4069 visitabo
1557 4005 1610 4057 in
1636 4005 1850 4076 virga...

247 4101 649 4158 misericordiam
672 4110 841 4154 autem
859 4112 1021 4151 meam
1048 4112 1150 4151 non
1178 4096 1492 4168 dispergam.
1512 4095 1740 4154 Pulchre
1757 4095 1864 4168 Cy-

246 4197 470 4270 prianus
493 4194 667 4267 (epist.
693 4209 785 4261 LII,
803 4209 856 4263 p.
878 4189 1004 4265 155)
1031 4209 1044 4246 :
1070 4210 1088 4242 ι
1117 4190 1175 4247 In
1202 4189 1432 4246 Psalmis
1457 4190 1617 4245 etiam
1637 4189 1864 4261 legimus

254 4306 543 4350 censuram
574 4290 794 4365 pariter,
811 4297 867 4345 et
894 4288 1236 4344 clementiam
1262 4287 1354 4343 Dei
1385 4289 1765 4344 comminantis
1785 4288 1863 4344 si-

255 4384 388 4455 mul,
416 4393 580 4455 atque
627 4383 918 4456 parcentis,
946 4381 1221 4454 punientis
1250 4390 1310 4436 ut
1358 4384 1618 4454 corrigat,
1661 4392 1864 4439 etcum

1960 3278 2013 3359 p.
2046 3265 2175 3359 I81)
2204 3286 2217 3323 :
2256 3287 2275 3322 ι
2304 3272 2502 3331 Contra
2532 3265 2703 3337 Deum
2732 3265 3004 3359 sacrilegi,
3035 3302 3220 3349 contra
3253 3265 3564 3357 sacerdotes

1958 3357 2055 3412 Dei
2106 3361 2275 3434 impio
2318 3367 2502 3429 furore
2533 3381 2830 3446 temerarii,
2860 3382 2930 3438 de
2976 3386 3219 3443 Ecclesia
3245 3393 3565 3451 recedentes

1957 3459 2015 3552 et
2055 3464 2242 3511 contra
2262 3459 2562 3524 Ecclesiam
2592 3472 2935 3541 parricidalia
2963 3494 3113 3534 arma
3147 3483 3418 3552 tollentes,
3446 3488 3564 3543 ela-

1956 3543 2153 3650 borant
2209 3560 2267 3606 ut
2314 3569 2451 3625 Opus
2482 3575 2638 3617 suum
2681 3565 2877 3623 diaboli
2911 3573 3112 3627 malitia
3163 3589 3562 3650 consumment,

1956 3654 2027 3694 ne
2058 3642 2371 3702 vulneratos
2392 3651 2571 3709 divina
2606 3658 2892 3716 clementia
2917 3665 2970 3717 in
2997 3665 3240 3724 Ecclesia
3266 3687 3361 3725 sua
3389 3642 3564 3727 curet;

1955 3730 2274 3791 Miserorum
2292 3744 2667 3810 paenitentiam
2696 3754 3099 3811 mendaciorum
3137 3776 3353 3817 suorum
3377 3763 3567 3822 fraude

1957 3838 2351 3925 corrumpunt,
2402 3850 2472 3890 ne
2523 3838 2633 3893 Deo
2672 3840 2972 3914 indignanti
3018 3851 3266 3908 satisﬁat.
3300 3873 3319 3908 ι
3359 3856 3569 3925 Quibus

1956 3918 2174 3987 quidem
2223 3926 2403 3984 verbis
2446 3929 2798 4007 Novatianos,
2831 3950 2889 3996 ιιι
2928 3956 3081 4014 puto,
3132 3946 3325 4018 innuit,
3367 3918 3460 4024 qui
3507 3962 3571 4010 ut

1961 4016 2292 4112 asseclarum
2324 4039 2608 4085 numerum
2637 4046 2917 4103 augerent,
2945 4038 3126 4111 lapsos
3164 4054 3219 4098 et
3244 4016 3569 4103 criminosos

1964 4119 2020 4156 ιιι
2045 4120 2244 4209 castum
2273 4129 2428 4171 suum
2476 4120 2631 4178 facile
2658 4125 3009 4198 recipiebant,
3040 4148 3142 4189 nec
3167 4134 3236 4190 ab
3269 4137 3349 4193 eis
3379 4152 3571 4209 preces

1965 4210 2080 4298 eas,
2122 4202 2554 4298 afﬂictioncsque
2597 4222 3003 4293 exposcebant,
3057 4240 3191 4296 quas
3243 4202 3571 4298 exposcebat

1966 4295 2228 4355 catholica
2254 4302 2519 4362 Ecclesia.
2566 4309 2899 4383 Quamquam
2953 4295 3114 4371 etiam
3163 4295 3414 4388 arbitror,
3444 4337 3572 4378 eos-

1967 4389 2090 4446 dem
2121 4394 2448 4456 Novatianos
2494 4416 2780 4474 propterea
2812 4424 3027 4477 quoque
3075 4412 3392 4482 reprehendi
3423 4415 3570 4484 quod

248 4479 568 4547 correxerit,
618 4476 950 4534 reservantis
982 4494 994 4529 :
1022 4473 1269 4545 Visitabo,
1306 4474 1500 4546 inquit,
1528 4475 1582 4529 in
1607 4479 1749 4547 virga
1774 4475 1849 4546 fa-

1966 4486 2320 4549 descivissent
2348 4496 2415 4552 ab
2447 4496 2707 4565 Ecclesia,
2742 4500 3103 4556 schismaticis
3130 4507 3445 4573 praesidibus
3465 4507 3568 4565 ad-

250 4573 427 4627 cinora
454 4588 649 4637 eorum,
682 4577 728 4625 et
756 4571 809 4624 in
838 4568 1063 4641 ﬂagellis
1101 4567 1288 4622 delicta
1316 4583 1507 4621 eorum.
1555 4566 1853 4623 Misericor-

252 4664 391 4719 diam
420 4673 587 4719 autem
614 4680 779 4718 meam
805 4680 906 4717 non
934 4662 1229 4734 dispergam
1259 4659 1323 4714 ab
1351 4660 1442 4716 eis.

322 4754 391 4810 II.
415 4753 545 4810 Item
567 4754 707 4827 apud
748 4754 940 4810 Isaiam
962 4755 1114 4827 (xxx,
1144 4752 1236 4827 15)
1256 4772 1267 4808 :
1287 4752 1436 4810 Sicut
1453 4754 1574 4808 dicit
1605 4752 1861 4809 Dominus

251 4855 461 4903 sanctus
497 4846 686 4904 Israel.
717 4848 846 4903 Cum
875 4863 1147 4903 conversus
1171 4848 1497 4920 ingemueris,
1533 4857 1653 4902 tunc
1681 4847 1857 4903 salvus

252 4943 372 5011 eris,
396 4952 443 4997 et
472 4943 598 4997 scies
620 4943 703 4996 ubi
726 4941 902 5012 fueris.

256 5060 259 5065 -
327 5036 625 5092 Invitantur
646 5035 732 5091 his
758 5036 936 5092 verbis
961 5034 1245 5095 Novatiani
1272 5034 1340 5091 ad
1371 5036 1693 5106 Ecclesiam,
1717 5052 1855 5110 qua-

254 5138 415 5187 tenus
460 5131 596 5186 certi
646 5129 960 5198 redduntur,
991 5131 1035 5186 si
1086 5130 1465 5201 ingemuerint,
1502 5130 1553 5185 id
1582 5139 1667 5186 est
1713 5131 1758 5185 si
1789 5129 1856 5185 de

256 5224 549 5283 schismate
569 5233 624 5281 et
649 5224 965 5281 criminibus
984 5223 1207 5297 reliquis
1234 5223 1599 5294 ptenitentiam
1624 5221 1852 5295 egerint,

256 5317 546 5376 salvandos
595 5319 728 5374 fore.
780 5316 1032 5373 Restituti
1061 5333 1192 5374 vero
1225 5317 1480 5373 Ecclesia:
1531 5328 1585 5373 et
1637 5315 1858 5373 salutari

256 5410 576 5483 pmnitentia
599 5409 869 5482 prioribus
897 5410 1173 5466 erroribus
1223 5410 1435 5477 deletis,
1467 5418 1579 5467 tum
1629 5409 1859 5480 denique

260 5512 577 5576 agnoscent,
610 5503 918 5560 schismatis
942 5513 1102 5575 atque
1137 5503 1384 5569 hmresis,
1416 5518 1522 5573 qua
1568 5513 1695 5557 ante
1734 5501 1872 5557 irre-

258 5597 343 5653 titi
364 5596 597 5663 fuerant,
628 5596 942 5669 gravitatem
984 5614 998 5652 :
1033 5596 1104 5649 Et
1129 5595 1255 5649 scies
1275 5594 1359 5648 ubi
1388 5596 1565 5666 fueris.

331 5709 411 5784 (I)
428 5709 711 5784 :I'om._tn.
732 5708 958 5784 ﬁibliot.
988 5709 1164 5784 Paris.
1189 5702 1427 5784 Patr._p_.
1469 5708 1615 5784 I33
1659 5708 1713 5771 in
1745 5706 1864 5777 edi-

257 5778 406 5840 tione
425 5782 701 5840 Francisci
731 5780 917 5852 Florii,
951 5783 1028 5840 uti
1056 5781 1189 5850 dixi,
1219 5795 1275 5853 p.
1308 5778 1437 5849 H5,
1466 5794 1526 5835 ιι.
1551 5780 1643 5835 22.

1959 4610 2150 4651 versus
2191 4595 2487 4652 catholicos
2517 4598 2847 4654 constitutis.
2879 4598 2936 4654 Id
2966 4614 3096 4657 sane
3125 4602 3321 4658 indicat
3344 4604 3570 4678 Cypria-

1956 4704 2079 4757 nus,
2112 4705 2231 4744 cum
2265 4690 2382 4745 haec
2425 4690 2500 4745 ait
2542 4693 2713 4762 (epist.
2766 4707 2852 4759 LV,
2900 4710 2953 4762 p.
2998 4693 3124 4765 178)
3154 4712 3166 4748 :
3198 4713 3217 4745 ι
3248 4695 3413 4752 Plane
3455 4696 3570 4769 epi-

1959 4783 2130 4855 scopi,
2159 4798 2266 4838 non
2297 4784 2364 4839 de
2412 4785 2692 4840 voluntate
2736 4784 2827 4841 Dei
2861 4784 3014 4850 ﬁunt,
3048 4788 3143 4843 sed
3171 4790 3259 4861 qui
3287 4800 3437 4845 extra
3464 4791 3570 4848 Ec-

1959 4876 2180 4932 clesium
2246 4876 2426 4944 Iiunt,
2486 4876 2583 4933 sed
2639 4877 2732 4949 qui
2785 4889 2974 4933 contra
3030 4879 3441 4951 dispositionem
3510 4890 3569 4940 et

1961 4972 2303 5027 traditionem
2354 4971 2631 5043 Evangelii
2662 4970 2835 5040 ﬁunt,
2886 4973 3030 5029 sicut
3074 4974 3190 5045 ipse
3224 4975 3480 5031 Dominus
3508 4975 3570 5032 in

1958 5064 2247 5125 duodecim
2271 5065 2557 5137 I’rophetis
2613 5066 2764 5137 ponit
2796 5074 2849 5121 et
2893 5065 3021 5121 dicit
3055 5084 3067 5118 :
3100 5068 3439 5139 Sibimetipsis
3486 5084 3568 5123 re-

1960 5175 2073 5233 gem
2102 5160 2505 5230 constituerunt,
2531 5170 2578 5216 et
2604 5176 2706 5216 non
2733 5176 2827 5232 per
2854 5175 2954 5216 me.
2979 5160 3047 5216 Et
3070 5160 3269 5217 iterum
3298 5177 3311 5214 :
3345 5160 3568 5233 Sacriﬁ-

2034 5342 2114 5417 (ι)
2144 5344 2200 5417 In
2228 5343 2367 5401 libro
2396 5344 2460 5398 de
2474 5343 2680 5417 Lapsis.
2704 5359 2758 5413 p.
2792 5344 2917 5400 586.

2046 5415 2126 5488 (Ξ)
2167 5416 2363 5472 Contra
2417 5426 2575 5471 tract.
2630 5415 2921 5488 Novatian.
2959 5424 3014 5470 et
3068 5424 3196 5470 tom.
3248 5432 3305 5471 ιιι
3346 5416 3566 5473 ΒῖΜίοι.

1969 5486 2143 5543 Paris.
2178 5488 2348 5553 Patr.,
2404 5504 2457 5557 p.
2505 5488 2596 5542 (il.
2627 5486 2763 5555 Quid
2791 5489 2833 5541 si
2862 5487 3181 5557 adjecissem
3214 5488 3343 5543 illud
3371 5488 3520 5543 Laiae
3550 5507 3566 5544 :

1969 5557 2097 5615 Cum
2125 5576 2397 5614 conuersus
2424 5560 2748 5629 ingemueris,
2781 5569 2899 5612 tunc
2936 5560 3233 5627 salvaberis,
3266 5571 3310 5614 et
3337 5563 3464 5616 scies
3484 5561 3572 5616 ubi

1968 5633 2127 5703 fueris
2149 5633 2174 5684 ?
2200 5633 2267 5687 Et
2292 5632 2343 5685 in
2369 5631 2581 5707 Puram.
2629 5630 2696 5685 ad
2732 5632 2962 5707 _pq‘nit.,
2994 5646 3119 5707 pag.
3147 5632 3261 5707 ‘75;
3296 5631 3361 5687 Et
3386 5633 3571 5688 iterant

2139 5718 2410 5829 congeram
2465 5701 2789 5775 ingemueris,
2824 5712 2945 5758 tunc
2994 5701 3293 5773 saluqberis,
3350 5711 3399 5759 et
3443 5706 3573 5767 scies

1969 5790 2000 5828 ιι
2035 5791 2050 5829 ι
2078 5788 2211 5830 ueris

1966 5775 2211 5831 ubifueris
