4142 6256
713 220 858 282 1167

2074 224 2161 283 DE
2208 223 2638 287 ARGUMENTO

3904 235 4012 301 ιιςδ

711 344 794 398 cia
823 354 999 396 eorum
1046 343 1307 410 tamquam
1336 337 1484 408 panis
1506 338 1709 407 luctus;
1740 354 1932 405 omnes,
1964 340 2050 410 qui
2084 340 2303 394 mandu-
2337 347 2388 405 Α
2414 340 2681 396 consilium
2722 339 3090 396 consultabatis
3136 349 3185 395 et
3235 341 3492 414 iniquum.
3536 345 3661 403 Vox
3730 348 3920 422 itaque
3942 354 4006 411 ili:

715 444 835 488 cant
887 450 945 487 ea
1008 430 1507 486 contaminabuntur.
1564 430 1634 487 Et
1684 447 1780 501 per
1854 431 2044 487 Isaiam
2099 448 2315 504 quoque

720 525 886 597 (lsa.
918 525 1075 594 xxx)
1124 522 1356 593 Spiritus
1404 533 1619 579 sanctus
1673 524 1887 589 clamat,
1918 535 1966 579 et
2010 524 2181 580 dicit:
2228 524 2317 580 Va:

721 620 879 685 vobis,
905 617 1003 687 filii
1034 616 1334 672 desertores.
1379 616 1507 671 Htec
1562 617 1683 672 dicit
1723 616 1979 672 Dominus
2000 634 2018 670 :
2052 616 2315 674 Habuistis

713 716 985 771 consilium
1014 726 1062 770 et
1110 732 1211 770 non
1241 733 1332 787 per
1360 732 1457 785 me,
1501 725 1550 771 et
1580 718 1771 789 fecistis
1808 719 2210 786 conventionem,
2268 726 2316 773 et

714 830 816 868 non
840 828 932 881 per
947 811 1198 883 Spiritum
1217 828 1401 876 meum,
1421 812 1647 883 adjicere
1676 820 1882 883 peccata
1908 830 2060 884 super
2084 820 2308 883 peccata.

783 906 991 961 Eodem
1043 920 1259 976 quoque
1312 915 1557 975 spectare
1611 906 1824 961 videtur
1876 906 1922 961 is
1970 921 2129 977 quem
2167 920 2312 978 sape

710 999 971 1071 allogavi,
1017 1008 1205 1054 auctor
1265 998 1388 1055 libri
1430 999 1500 1053 ad
1571 999 1921 1055 Novatianum
1993 1001 2307 1069 hwreticum,

703 1095 821 1151 hate
842 1094 1058 1164 scriptis
1106 1092 1323 1148 tradens
1376 1094 1456 1161 (p.
1510 1094 1567 1166 8)
1602 1111 1615 1148 :
1650 1092 1785 1162 Quia
1816 1094 1903 1164 qui
1949 1110 2049 1148 non
2080 1094 2310 1148 introivit

707 1206 798 1260 per
847 1189 1033 1243 ostium
1060 1188 1112 1241 in
1151 1187 1279 1243 ovile
1308 1187 1499 1251 ovium,
1532 1188 1622 1242 sed
1660 1188 1917 1243 descendit
1966 1204 2056 1255 per
2095 1188 2309 1243 alteram

701 1291 921 1351 partem,
950 1278 1041 1334 ille
1063 1283 1149 1351 fur
1178 1288 1225 1334 et
1266 1278 1397 1333 latro
1425 1287 1519 1335 est.
1548 1278 1679 1334 Item
1706 1280 1757 1333 iu
1790 1278 1982 1336 eodem
2012 1279 2308 1351 Evangelio

697 1388 913 1445 quoque
941 1372 1064 1427 ait:
1101 1370 1289 1426 Omnes
1342 1372 1429 1442 qui
1475 1382 1737 1436 venerunt,
1767 1374 1905 1443 fures
1963 1381 2081 1426 sunt
2132 1382 2178 1427 et
2227 1375 2310 1427 la-

697 1476 888 1521 trones.
922 1464 1025 1534 Qui
1063 1464 1151 1519 iSti
1192 1472 1341 1531 sunt,
1377 1464 1479 1518 nisi
1507 1464 1819 1520 desertores
1860 1464 2005 1532 fidei,
2037 1475 2091 1522 et
2124 1473 2306 1521 trans-

702 1571 985 1628 gressores
1016 1555 1274 1611 Ecclesiae
1298 1555 1414 1621 Dei,
1445 1555 1533 1624 qui
1565 1563 1749 1611 contra
1781 1555 2173 1613 ordinationem
2208 1556 2306 1613 Dei

699 1648 987 1703 nituntur?
1017 1647 1163 1714 Quos
1189 1646 1384 1702 merito
1415 1645 1652 1715 Spiritus
1683 1658 1905 1703 sanctus
1932 1663 2028 1718 per
2059 1648 2302 1718 Prophe-

699 1749 807 1795 tam
862 1740 1140 1809 increpat,
1189 1739 1375 1794 dicens
1429 1755 1441 1791 :

699 1849 799 1900 ine,
829 1841 874 1887 et
912 1831 1293 1887 conventionem
1322 1846 1424 1885 non
1452 1848 1542 1902 per
1572 1830 1826 1902 Spiritum
1852 1848 2044 1899 meum,
2077 1831 2301 1901 adjicere

696 1934 909 1996 peccata
968 1940 1124 1992 super
1165 1932 1394 1994 peccata.
1471 1923 1609 1991 Quid
1664 1922 1731 1977 ad
1782 1923 1881 1977 ista
1934 1924 2302 1993 respondeant

689 2018 1088 2091 perversissimi
1123 2018 1209 2072 isti
1261 2012 1700 2085 Novatiani,'vcl
1746 2032 1889 2072 nunc
1944 2017 2299 2073 infelicissimi

693 2113 873 2181 pauci,
900 2114 988 2181 qui
1011 2109 1076 2164 ad
1101 2118 1302 2164 tantam
1325 2109 1523 2165 furoris
1550 2109 1877 2164 dementiam
1909 2119 2294 2179 proruperunt,

692 2214 749 2259 ut
779 2219 882 2259 nec
906 2204 1038 2270 Deo,
1068 2218 1170 2259 nec
1202 2203 1407 2258 homini
1438 2204 1801 2259 reverentiam
1832 2202 2159 2259 habuerint?
2198 2221 2215 2255 ι

757 2296 848 2352 1V.
883 2294 1014 2352 Item
1042 2296 1181 2368 apud
1196 2295 1483 2352 Jeremiam
1506 2295 1587 2369 (ll,
1605 2295 1702 2366 25)
1730 2296 2001 2350 :Avertere
2025 2294 2102 2369 (l)
2119 2296 2296 2365 pedem

685 2401 831 2445 tuum
868 2390 930 2445 ab
978 2406 1163 2459 aspera
1193 2391 1297 2458 via,
1328 2399 1376 2443 et
1424 2389 1611 2461 faciem
1663 2399 1803 2442 tuam
1830 2406 1862 2442 a
1890 2390 2010 2455 siti;
2060 2390 2152 2443 illa
2178 2405 2295 2444 vero

683 2483 815 2537 dixit
838 2499 856 2536 :
880 2500 899 2534 ι
921 2481 1260 2554 Confortabor
1285 2497 1302 2545 ;
1328 2481 1441 2536 volo
1463 2496 1481 2534 :
1507 2499 1526 2532 ι
1559 2480 1680 2551 quia
1704 2480 1948 2554 diligebat
1988 2484 2204 2551 alienos,
2245 2490 2294 2538 et

683 2576 789 2629 ibat
818 2586 933 2646 post
966 2575 1103 2629 illos.

757 2666 840 2720 Ad
868 2665 1286 2720 Novatianorum
1336 2665 1695 2722 Pertinaciam
1749 2668 2144 2724 retundendam
2175 2669 2291 2740 plu-

680 2760 879 2817 rimum
904 2759 1048 2814 valet
1075 2759 1223 2813 locus
1252 2759 1341 2815 ille
1368 2758 1637 2830 Jeremite,
1669 2762 1758 2832 qui
1789 2776 1932 2816 nunc
1971 2760 2208 2827 affertur,
2237 2772 2292 2819 et

681 2873 844 2930 quem
876 2859 930 2912 in
970 2856 1194 2928 Vulgata
1243 2857 1322 2912 sic
1363 2857 1546 2928 leges:
1593 2856 1820 2912 Prohibe
1858 2857 2036 2928 pedem
2088 2867 2231 2911 tuum
2257 2875 2289 2912 a

680 2952 912 3007 nuditate
954 2962 1003 3007 et
1036 2961 1213 3023 guttur
1261 2960 1407 3004 tuum
1436 2967 1468 3004 a
1494 2950 1581 3005 siti
1608 2967 1628 3017 ;
1656 2959 1702 3004 et
1749 2950 1927 3004 dixisti
1945 2947 2285 3020 :Desperavi,

2420 432 2580 486 altam
2629 429 2814 505 (altam
2861 432 3243 507 cogitationem)
3297 435 3383 493 hic
3436 437 3583 494 idem
3639 440 4006 513 signiﬁcata,

2422 527 2735 597 profundam
2765 542 2784 580 :
2828 542 2930 598 qua
2980 527 3196 598 quidem
3244 529 3638 601 signiﬁcatione
3684 534 3828 589 alibi
3860 536 4005 605 etim,

2413 617 2597 688 judice
2624 618 2946 690 Augustino,
2977 621 3208 676 sumitur
3244 639 3257 674 :
3283 623 3361 678 sic
3390 624 3532 679 enim
3562 637 3817 682 sanctus
3861 629 4005 687 doctu

2418 713 2740 768 versiculum
2769 715 3061 781 septimum
3084 716 3277 784 psalmi
3300 720 3627 791 sexagesimi
3651 721 3824 776 tertii
3848 739 3862 772 :
3894 724 4007 780 Act:-

2416 796 2499 861 det
2538 805 2688 862 homo
2717 807 2786 860 ad
2816 823 2903 862 cor
2947 807 3132 878 altum,
3161 817 3296 877 etc.,
3328 812 3581 882 explicat,
3612 814 3871 871 Accessit
3897 818 4007 871 tam

2416 897 2487 951 ad
2513 914 2603 953 cor
2627 900 2812 965 altum,
2842 900 2897 954 id
2919 911 2992 955 est
3021 918 3110 956 cor
3152 915 3402 959 secretum
3452 905 3473 975 (
3492 917 3772 962 secretum
3806 925 3931 965 vero
3952 912 4009 966 hic
4052 916 4053 975 ξ

2421 991 2562 1047 idem
2614 992 2920 1064 signiﬁcare
2968 995 3182 1051 videtur
3235 1011 3300 1052 ac
3347 998 3673 1069 profundum
3726 999 3752 1073 )
3806 1004 4009 1073 obium

2412 1083 2700 1154 aspectibus
2722 1084 2995 1152 hominem,
3025 1103 3231 1144 servans
3250 1088 3388 1144 intus
3404 1090 3586 1147 Deum.

2485 1175 2729 1232 Vl.'Item
2755 1177 2866 1234 illic
2887 1179 3062 1252 (mn,
3084 1180 3180 1252 25)
3211 1196 3225 1232 :
3256 1181 3513 1253 Egosum,
3533 1189 3879 1259 egasumqui
3898 1190 4007 1245 deleo

2409 1270 2692 1336 iniustitias
2717 1283 2850 1342 tuas,
2876 1284 2922 1329 et
2949 1291 3052 1330 non
3078 1277 3387 1334 recordabar
3411 1295 3430 1334 :
3457 1289 3511 1333 tu
3524 1293 3711 1337 autem
3741 1288 4007 1353 recordari,

2409 1375 2457 1419 et
2486 1365 2787 1435 judicemur
2809 1370 2983 1424 simul.
3010 1370 3121 1439 Dic
3137 1382 3191 1427 tu
3216 1373 3493 1444 injustitias
3524 1386 3647 1433 tuas
3679 1382 3860 1449 prius.

2479 1461 2705 1535 Vulgata
2736 1464 2853 1521 haec
2882 1465 3081 1523 habet:
3116 1468 3224 1541 Ego
3253 1487 3385 1538 sum,
3419 1490 3511 1546 ego
3539 1492 3664 1530 sum
3688 1477 3915 1548 ipsequi
3936 1482 4005 1533 dt-

2407 1555 2485 1610 leo
2506 1557 2796 1628 iniquitates
2814 1569 2929 1615 tuas
2947 1573 3155 1632 prapler
3166 1581 3263 1631 me,
3285 1577 3332 1620 et
3347 1579 3682 1638 peccatorum
3706 1584 3915 1628 tuorum
3926 1592 4001 1629 nos
4052 1572 4053 1575 “

2405 1650 2731 1706 recordabar.
2773 1652 2951 1708 Reduc
2976 1672 3056 1710 me
3095 1657 3149 1711 in
3179 1662 3497 1729 memoriam,
3526 1673 3575 1718 et
3611 1666 3916 1732 iudicentur
3951 1671 4002 1721 si-

1493 1737 1709 1793 Fecistis
1769 1740 2043 1794 consilium
2085 1756 2185 1794 non
2214 1757 2305 1811 per
2331 1743 2379 1804 B
2408 1742 2515 1796 mul
2542 1759 2557 1795 :
2589 1761 2765 1809 narra,
2794 1746 2840 1799 si
2863 1747 2989 1816 quid
3017 1749 3193 1818 habes,
3226 1762 3282 1806 ut
3304 1754 3641 1823 justi/iceris.
3674 1760 3752 1815 At
3779 1763 3993 1833 scriptori

2403 1845 2590 1890 nostro
2624 1835 2738 1893 fere
2761 1841 3013 1911 congruit
3043 1842 3111 1909 is,
3143 1860 3303 1915 quem
3332 1848 3534 1918 saepius
3563 1851 3819 1923 laudavi,
3841 1866 3996 1911 auctet

2401 1927 2565 1984 libelli
2593 1929 2661 1985 ad
2688 1929 3044 2010 Novatianum
3068 1934 3407 1996 hmreticum.
3434 1941 3513 1996 En
3536 1948 3826 2015 quomodo
3844 1949 3993 2005 locum

2401 2020 2546 2079 hunc
2584 2024 2714 2095 legit
2744 2025 2865 2098 (5):
2894 2025 3009 2100 Ego
3034 2047 3170 2100 sum,
3196 2049 3287 2104 ego
3332 2051 3442 2089 sum
3472 2038 3561 2107 qui
3604 2040 3760 2096 deleo
3785 2045 3995 2115 facinora

2402 2124 2510 2179 tua,
2544 2126 2591 2170 et
2615 2133 2718 2171 non
2738 2123 3174 2177 commemorabor
3196 2134 3243 2179 te
3276 2141 3295 2179 :
3317 2135 3370 2180 tu
3395 2139 3567 2185 autem
3595 2131 3653 2187 in
3679 2144 3847 2190 mente
3862 2135 3991 2204 Iade,

2399 2209 2767 2280 etjudicemus.
2797 2210 2894 2266 Dic
2915 2222 2969 2267 tu
2985 2215 3221 2286 facinora
3236 2219 3400 2287 prius,
3424 2232 3483 2275 ut
3496 2224 3822 2294 justi/icen's.

2474 2301 2674 2358 Eadem
2704 2304 2862 2373 plane
2886 2306 3016 2361 mihi
3042 2308 3250 2366 videtur
3275 2312 3380 2369 loci
3408 2315 3570 2386 hujus
3589 2330 3728 2374 meta
3748 2328 3909 2393 atque
3929 2337 3988 2378 ea

2397 2410 2557 2464 quam
2586 2397 2688 2452 loci
2710 2397 2959 2455 Jeremiaa
3005 2404 3165 2471 paulo
3180 2414 3305 2462 ante
3321 2407 3468 2463 allati
3491 2425 3618 2468 esse
3637 2413 3769 2469 dixi.
3784 2415 3989 2472 Saueeo

2395 2489 2623 2546 recitato
2634 2502 2820 2548 auctor
2837 2493 3006 2550 libelli
3020 2497 3089 2550 ad
3101 2495 3452 2583 ovatianum
3467 2503 3583 2562 haec
3596 2509 3785 2565 statim
3798 2510 3981 2582 subdit:

2402 2582 2568 2637 «Dum
2596 2595 2763 2654 patet,
2792 2584 3007 2656 fratres,
3032 2576 3380 2663 indulgentiae
3401 2596 3600 2667 aditus,
3636 2601 3807 2658 Deum
3834 2576 3985 2674 plenis

2395 2676 2855 2733 satisfactionibus
2876 2678 3768 2761 deprecemur.l)eprecemurnos,
3789 2695 3980 2751 utexal-
4052 2722 4053 2763 ι

2397 2769 2498 2824 tari
2528 2770 2818 2840 possimus.
2846 2790 2866 2824 ι
2906 2773 3196 2845 Propterea
3228 2779 3390 2847 etiam
3413 2784 3607 2843 allatus
3631 2788 3981 2845 videturlocus

2392 2860 2519 2929 istc,
2540 2872 2599 2916 ut
2619 2861 2913 2920 doceamur
2933 2866 3328 2938 copiosissime,
3353 2883 3407 2930 et
3433 2891 3647 2935 summa
3663 2896 3790 2937 cum
3809 2882 3976 2938 libet-ao

2389 2950 2541 3008 litate
2568 2957 2741 3011 nostri
2766 2958 3013 3014 misereri
3035 2959 3229 3028 Deum,
3253 2963 3381 3022 dum
3406 2973 3858 3039 peccatorum,de
3879 2974 3976 3045 qui-

679 3060 999 3118 nequaquam
1055 3044 1293 3115 faciam:
1325 3043 1564 3097 adamavi
1609 3041 1800 3110 quippe
1832 3041 2029 3097 alienos
2070 3051 2117 3097 et
2173 3051 2288 3113 post
2389 3043 2490 3100 bus
2506 3045 2773 3112 dolemus,
2789 3049 3012 3106 omnino
3032 3051 3390 3113 obliviscitur.
3409 3059 3590 3118 Monet
3608 3075 3813 3136 tamen,
3831 3041 3973 3123 utiuti

676 3153 763 3192 eos
789 3134 1083 3192 ambulabo.
1112 3133 1288 3191 Utitur
1310 3133 1410 3189 hoc
1435 3134 1558 3189 loco
1579 3132 1647 3188 ad
1677 3132 2011 3189 invitandum
2030 3132 2095 3187 ad
2116 3134 2287 3204 pteni-
2311 3146 2357 3209 ρ
2390 3152 2581 3195 eorum
2603 3141 3033 3213 meminerimus,
3050 3146 3303 3205 deflendo
3324 3154 3744 3217 scilicet.Monet
3771 3132 3969 3233 pariter.

676 3230 901 3283 tentiam
930 3227 1209 3282 Rusticum
1264 3225 1473 3295 lapsum
1497 3224 1879 3296 Hieronymus,
1912 3224 2027 3280 haec
2060 3225 2128 3280 ad
2158 3241 2282 3281 eum

676 3318 1015 3391 scribens(2)
1048 3335 1061 3372 :
1098 3318 1270 3374 «Nihil
1300 3320 1371 3373 ita
1394 3318 1622 3373 oﬂ'endit
1652 3319 1817 3373 Deum
1841 3333 2001 3389 quam
2025 3318 2283 3388 despera-

674 3412 825 3468 tione
850 3412 1136 3466 meliorum
1160 3414 1366 3467 haerere
1389 3414 1663 3482 pejoribus
1689 3431 1701 3467 :
1731 3413 1857 3468 licet
1873 3424 1927 3467 ct
1948 3414 2063 3483 ipsa
2081 3413 2277 3484 despe-

673 3504 815 3560 ratio
847 3501 1234 3559 iucredulitatis
1262 3503 1518 3558 indicium
1558 3504 1648 3558 sit.
1697 3503 1799 3571 Qui
1849 3506 1993 3559 enim
2024 3505 2281 3575 desperat

664 3599 932 3664 ‘salutem,
967 3612 1072 3652 non
1101 3605 1252 3668 putat
1288 3596 1525 3652 futurum
1557 3612 1678 3654 esse
1724 3597 2009 3667 judicium.
2046 3598 2200 3667 Quod
2232 3600 2279 3657 si

672 3691 1164 3763 metueret,utique
1184 3692 1337 3749 bonis
1364 3689 1619 3763 operibus
1649 3706 1708 3748 se
1729 3691 1897 3763 judici
1926 3704 2276 3765 praepararet.

2390 3243 2447 3287 ut
2478 3244 2694 3303 peccata
2743 3248 2926 3294 nostra
2973 3241 3123 3311 prius
3163 3243 3465 3305 defleamus
3492 3267 3648 3322 quam
3678 3270 3856 3311 eorum
3886 3272 3971 3313 ve-

2386 3324 2530 3380 niam
2558 3326 2628 3381 ab
2653 3327 2893 3385 Ecclesia
2943 3347 3322 3403 exposeamus.
3364 3338 3466 3396 Dic
3494 3352 3548 3398 tu
3570 3345 3841 3412 iujustitias
3865 3358 3965 3403 tuas

2387 3417 2579 3513 ρξ’ἱαε,Δ
2619 3430 2727 3475 etc.
2776 3420 3186 3495 Prteproperam
3228 3430 3410 3502 itaque
3455 3439 3830 3497 nonnullorum
3867 3457 3963 3513 pce-

2391 3508 2669 3565 nitentiam
2691 3522 2745 3568 et
2767 3516 2989 3571 nimiam
3013 3522 3374 3589 quorumdam
3403 3528 3836 3602 presbyterorum

2392 3600 2597 3658 litatem
2649 3606 2702 3660 in
2762 3606 3118 3678 impertienda
3171 3615 3337 3685 lapsis
3406 3600 3611 3687 venia,
3681 3628 3838 3683 verba
3875 3628 3954 3681 ista

2386 3695 2774 3778 condemnant.
2804 3700 3005 3759 Locum
3036 3704 3180 3763 hunc
3226 3710 3292 3765 ad
3321 3715 3656 3782 paenitentia:
3698 3722 3953 3778 necessita-

671 3786 967 3844 Audiamus
990 3800 1091 3857 per
1115 3785 1405 3843 Jeremiam
1438 3787 1747 3858 loquentem
1780 3787 1945 3844 Deum
1985 3808 1998 3844 :
2030 3788 2282 3845 Converte
2384 3772 2894 3885 temninculcandam
2917 3772 3830 3885 adducitetiam-Damascenus‘itih

676 3883 857 3948 pedem
886 3891 1027 3934 tuum
1048 3898 1079 3934 a
1100 3882 1182 3934 via
1210 3898 1415 3952 aspera,
1435 3892 1482 3935 et
1506 3892 1681 3952 guttur
1707 3892 1853 3936 tuum
1880 3884 2034 3939 asiti.
2066 3884 2136 3939 Et
2171 3885 2274 3940 ite.

668 3988 792 4028 rum
819 3989 833 4025 :
867 3971 1133 4042 Numquid
1157 3976 1245 4043 qui
1265 3975 1422 4037 cadit,
1451 3990 1554 4029 non
1586 3986 1813 4046 resurget
1848 3992 1866 4030 :
1892 3986 1979 4030 aut
2008 3977 2096 4046 qui
2122 3994 2272 4032 aver-

670 4081 761 4119 sus
791 4073 882 4129 est,
910 4080 1013 4119 non
1039 4074 1313 4119 revertetur
1333 4066 1359 4119 ?
1392 4066 1461 4121 Et
1488 4082 1584 4136 per
1615 4068 1805 4123 Isaiam
1840 4084 1853 4120 :
1899 4068 2119 4134 Quando
2146 4087 2272 4126 eam

671 4173 844 4213 versus
866 4157 1191 4230 ingemueris,
1224 4168 1344 4212 tunc
1370 4158 1544 4214 salvus
1573 4162 1694 4227 eris,
1718 4171 1766 4216 et
1792 4162 1920 4217 scies
1941 4163 2026 4218 ubi
2051 4165 2231 4236 fueris.

744 4250 811 4306 ν.
845 4251 977 4306 Item
1011 4250 1153 4320 apud
1176 4251 1366 4306 Isaiam
1402 4267 1415 4303 :
1451 4250 1835 4321 Convertimini,
1854 4255 1975 4324 quia
2002 4255 2080 4328 (5)
2111 4257 2272 4312 altam

674 4345 1035 4417 cogitationem
1057 4343 1312 4416 cogitatis,
1342 4351 1389 4398 et
1418 4343 1644 4413 iniquam
1676 4342 1823 4416 (Isai.
1846 4360 2001 4412 xxxx,
2025 4346 2106 4420 6).

2454 3878 2563 3935 vn.
2593 3882 2725 3975 Item
2757 3883 2870 3943 illic
2897 3887 3054 3960 (Isai.
3085 3890 3197 3961 LV,
3228 3894 3321 3965 6):
3349 3878 3832 3975 QuwriteDeuni,et
3853 3923 3948 3961 tum

2378 3968 2671 4067 inveneritis
2697 3992 2833 4042 eum,
2857 3979 3104 4037 invocate.
3150 3986 3217 4039 At
3245 3986 3330 4042 ubi
3368 3968 3945 4067 appropinquavitwbit,

2378 4060 2695 4135 derelinquat
2723 4069 2910 4142 impius
2937 4074 3045 4129 vias
3078 4092 3219 4144 suas,
3243 4088 3290 4133 et
3320 4060 3945 4164 viriniquus‘eogitstioact

2375 4169 2587 4225 suas,et
2633 4173 2957 4220 convertatur
2994 4168 3064 4222 ad
3092 4169 3394 4241 Dominum,
3454 4188 3505 4232 et
3551 4183 3877 4240 misericordia
3905 4183 3945 4238 ei

2375 4254 2774 4325 prteparabitur,
2790 4259 2913 4326 quia
2953 4277 3056 4316 non
3080 4263 3296 4320 multant
3322 4271 3530 4326 remittit
3558 4288 3769 4342 peccata
3791 4287 3940 4334 vestra.

2455 4351 2642 4440 Atque,
2680 4349 2819 4408 hanc
2872 4354 3042 4425 ipsam
3080 4372 3478 4434 praeproperam
3509 4372 3945 4440 ptenitentiam,et

743 4437 878 4492 Tum
927 4437 994 4492 ad
1044 4436 1314 4491 vocandos
1364 4446 1677 4507 peccatores
1734 4436 1802 4492 ad
1830 4453 2034 4503 veram,
2067 4455 2172 4495 non
2203 4442 2272 4498 ad
2296 4459 2351 4520 Ι)
2377 4438 2600 4494 nimiam
2622 4439 2936 4501 facilitatem
2969 4462 3055 4512 ea,
3089 4448 3157 4506 de
3181 4453 3378 4522 quibus
3409 4436 3552 4517 nunc
3569 4464 3792 4533 agimus,
3814 4436 3943 4519 Isaia.

670 4532 927 4598 [υωιεηη⁹
950 4531 1321 4601 mummium
1343 4575 1358 4600 ν
1393 4540 1501 4585 tum
1547 4532 1614 4586 ad
1661 4532 1991 4590 revocandos
2034 4550 2064 4590 ει
2108 4536 2278 4592 senis;
2380 4531 2544 4587 verba
2570 4534 2956 4593 condemnant.
2987 4540 3248 4607 Quaerere
3276 4547 3488 4606 scilicet
3523 4531 3673 4609 debet
3716 4566 3945 4626 peccator

668 4634 818 4683 male
845 4624 912 4679 ad
949 4624 1249 4680 Ecclesiam
1293 4624 1626 4680 Novatianos
1670 4625 1814 4681 valet
1844 4627 1994 4684 locus
2026 4632 2162 4687 iste:
2185 4634 2271 4689 cui

2397 4624 2569 4693 )eum,
2600 4641 2776 4700 eoque
2803 4645 2900 4687 cor
2945 4634 3188 4703 ejusdem
3245 4646 3544 4711 peccatoris
3566 4623 3733 4720 gratia
3770 4666 3862 4707 sua
3886 4650 3941 4705 il-

668 4717 977 4774 simillimus
1011 4727 1093 4775 est
1122 4718 1283 4784 alter,
1314 4732 1472 4788 quem
1501 4733 1570 4773 ex
1597 4717 1747 4775 Joele
1792 4719 1945 4776 atlert
1971 4720 2272 4795 Cyprianus
2352 4715 2664 4787 ,IUSll‘allle.
2693 4735 2756 4777 ac
2804 4738 3178 4799 Ρεηηονθιηθν
3208 4715 3593 4809 derelinquere
3629 4740 3790 4800 debet
3824 4742 3936 4799 viam

667 4813 725 4867 in
758 4811 894 4867 mm)
919 4809 987 4866 de
1004 4809 1194 4880 Lapsis
1221 4806 1332 4881 (ηε
1361 4807 1779 4866 ηευενιεηηηξαά
1804 4810 2086 4869 Dominum
2106 4814 2270 4873 Deum
2373 4822 2525 4865 suam
2555 4828 2569 4878 ;
2602 4823 2713 4868 tum
2737 4830 2869 4872 vero
2891 4819 3262 4880 misericordia
3292 4830 3342 4882 ei
3382 4806 3789 4904 prinparabitur,
3809 4850 3934 4909 quam

664 4914 909 4971 vmmm’
928 4912 1034 4959 etc.
1363 4994 1394 5001 .-
1435 4994 1447 5001 .
2372 4901 2866 5001 αυιίδξδηὶ-ηφῖείηθ
2898 4912 3170 4982 Precibus,
3200 4926 3256 4973 et
3281 4922 3478 4991 pinnis,
3497 4901 3701 4997 quibus
3721 4901 3935 5001 peccator

734 4999 892 5054 Notat
944 5004 1122 5052 autem
1169 4995 1300 5051 clar.
1355 4994 1565 5051 Calmet
1614 4996 1786 5054 locum
1828 5000 1987 5056 istum
2024 5017 2054 5057 a
2101 5002 2263 5075 Sym-
2370 4993 2829 5071 subsil,indulget
2852 5001 3016 5072 Deus,
3043 5008 3133 5077 qui
3163 5009 3246 5082 (ut
3274 4993 3558 5084 scriptoris
3599 4993 3773 5079 nostri
3793 5022 3932 5081 verbis

661 5092 859 5149 macho
898 5090 963 5146 ad
995 5090 1135 5145 hunc
1162 5088 1379 5144 modum
1409 5088 1575 5145 fuisse
1609 5091 1975 5161 explicatum:
2005 5094 2263 5152 Ρωηῑιεη-
2369 5091 2603 5165 mamur)
2629 5110 2731 5150 non
2758 5100 2975 5153 multant
3014 5105 3264 5174 remittit;
3305 5108 3358 5164 id
3399 5122 3484 5167 est
3511 5129 3618 5170 non
3647 5117 3768 5174 sine
3792 5120 3932 5190 aliquo

655 5187 783 5241 tiam
819 5186 975 5257 agite,
1008 5184 1138 5239 sicut
1189 5181 1454 5254 profunda
1485 5187 1890 5256 transgressione
1928 5191 2205 5246 recessistis
2229 5207 2262 5246 a

2397 5193 2556 5240 nostro
2610 5188 2878 5258 supplicio
2906 5203 2960 5247 et
2998 5192 3314 5256 afﬂictione.
3366 5204 3517 5261 Alios
3562 5210 3729 5266 etiam
3776 5181 3929 5269 sensus

667 5279 800 5336 Deo,
830 5278 1183 5351 Septuaginta
1218 5291 1345 5333 vero
1374 5293 1386 5329 :
1419 5274 1801 5347 Convertimini,
1828 5281 1913 5352 qui
1944 5283 2260 5353 profundum
2362 5276 2525 5331 verba
2538 5278 2639 5373 illa
2672 5297 2774 5335 non
2811 5285 3029 5340 multum
3063 5288 3266 5348 habere
3293 5293 3525 5356 fortasse
3564 5317 3794 5372 possunt
3819 5322 3833 5373 ;
3855 5301 3927 5360 sed

2357 5378 2507 5425 certe
2538 5368 2701 5469 hosce
2716 5373 2879 5469 duos.
2923 5377 3077 5436 Prior
3102 5382 3190 5440 hic
3214 5396 3297 5441 est
3325 5404 3340 5440 :
3370 5368 3577 5449 Statim
3600 5410 3666 5453 ac
3705 5368 3925 5469 peccator

761 5459 810 5513 Ι)
841 5459 1149 5510 chcnuum
1180 5459 1308 5506 puto
1344 5459 1356 5488 ἰ
1388 5459 1588 5492 averte.
2280 5459 2285 5464 '

755 5512 1009 5591 ΞλξΞ-ρίει.
1057 5508 1185 5565 olim
1240 5509 1311 5563 46
1348 5507 1403 5562 in
1436 5507 1635 5566 Veron.
1666 5510 1893 5570 edition.
1950 5515 2075 5588 122,
2108 5535 2160 5577 u.
2196 5522 2248 5591 i,

2397 5476 2423 5515 κ
2453 5463 2618 5519 corde
2638 5462 2832 5523 deﬂeat
2863 5482 3141 5540 peccatum
3164 5491 3342 5545 suum,
3372 5485 3614 5543 remittet
3637 5459 3785 5549 Deus
3805 5504 3921 5563 quie-

650 5584 952 5803 ωἵὲξᾷἓὲ
1106 5645 1395 5723 probabilis
1420 5652 1732 5725 conjectura
1761 5672 1849 5716 me
1872 5658 2030 5719 fallit.

2399 5598 2791 5803 υξιὲξέἕξὲιιέῗ
2812 5680 2919 5740 litt.
2966 5709 3026 5757 μ,
3077 5686 3160 5746 tit.
3192 5703 3350 5765 ut,p.
3380 5693 3507 5767 578,
3554 5706 3595 5756 t.
3623 5700 3665 5760 ii
3712 5705 3841 5764 edit.
3883 5701 3919 5758 le

748 5724 807 5801 4)
835 5725 965 5797 Pag.
986 5724 1114 5781 586.
1526 5724 1533 5725 7

2574 5724 2781 5735 -----ν--
2812 5724 2919 5740 ιιι-υ
2966 5724 3026 5757 μ,
3079 5724 3160 5746 ιιι.
3192 5724 3272 5761 ιιι,
3295 5724 3350 5765 γ.
3380 5724 3507 5767 uso,
3555 5724 3595 5756 ιο
3623 5724 3665 5760 ιι
3712 5724 3841 5764 east.

761 5438 810 5513 Ι)
841 5436 1149 5510 Legendum
1180 5443 1308 5506 puto
1344 5452 1356 5488 :
1388 5435 1588 5492 Averte.

729 5440 1009 5587 iﬁiEpist.
1057 5508 1185 5565 olim
1240 5509 1311 5563 46
1348 5507 1403 5562 in
1436 5507 1588 5566 Vero:
