4156 6248
250 404 392 463 1169

1513 401 1924 463 SUPERIORIS
1962 400 2323 461 OPUSCULI.

3412 405 3554 462 H70

245 534 479 592 cumque
506 519 728 590 erravit,
760 519 898 578 adeo
927 530 989 577 ut
1038 538 1142 577 non
1186 521 1405 577 multum
1434 521 1576 577 orari
1599 535 1659 575 se
1682 520 1842 587 sinat,
1872 520 1927 581 Α
1952 534 2143 575 senum
2171 519 2477 586 adhaerens,
2507 519 2585 575 sic
2603 519 2809 576 reddit:
2829 517 2983 575 Nunc
3010 527 3180 575 autem
3201 520 3344 588 audi,
3368 520 3555 592 Iacob,

245 623 306 670 ut
336 613 551 670 veniam
578 613 872 685 indulgeat.
905 614 1057 670 Alter
1085 633 1098 669 :
1128 614 1266 670 Dum
1295 615 1435 670 Deus
1460 623 1623 684 atque
1651 612 1844 668 Eccle-

243 708 324 763 sia
358 720 455 760 vos
486 705 552 760 ad
596 720 656 761 se
682 716 861 774 vocat,
892 722 923 761 ο
943 706 1245 773 Novatiani,
1275 705 1489 763 vocanti
1515 713 1716 776 parete,
1748 720 1843 761 ne—

242 812 351 869 que
369 797 514 853 enim
544 797 634 851 diu
673 796 799 870 (non
836 796 1074 870 multum)
1102 798 1471 869 pertinaciam
1512 807 1744 853 vestram
1765 804 1846 851 at-

246 905 355 962 que
379 889 724 946 insolentiam
749 890 1025 946 tolerabit.
1055 890 1263 946 Calmet
1292 899 1576 960 postremae
1602 889 1728 945 huic
1748 905 1844 945 ex—

242 983 523 1055 plicationi
574 982 736 1053 lavet,
768 984 896 1039 dum
952 985 1213 1042 lcetorem
1261 995 1467 1053 monet,
1503 995 1560 1040 ut
1598 983 1845 1041 conferat

241 1079 418 1133 locum
442 1078 585 1133 hunc
610 1092 731 1133 cum
761 1079 933 1133 altero
958 1077 1184 1134 Joannis
1213 1094 1306 1143 xu,
1333 1079 1404 1136 55
1429 1079 1644 1134 :Adhuc
1673 1080 1841 1134 modi-

240 1183 358 1222 cum
387 1167 559 1222 lunten
589 1171 643 1222 in
672 1168 810 1223 vobis
853 1177 945 1235 est,
977 1169 1235 1224 ambulate
1261 1171 1383 1225 dum
1414 1170 1584 1225 lumen
1623 1169 1838 1225 habetis.

242 1262 547 1334 Utcumque
603 1261 705 1329 sit,
742 1263 899 1330 audi,
934 1264 1211 1333 quomodo
1264 1264 1523 1336 Vulgatus
1571 1265 1841 1335 interpres

240 1356 360 1412 haec
392 1400 408 1423 ,
455 1356 525 1412 de
569 1357 765 1428 quibus
824 1358 1032 1428 agimus
1076 1359 1237 1414 verba
1285 1360 1546 1416 latinitate
1585 1360 1836 1415 donarit:

242 1449 471 1519 Quaerite
500 1449 798 1516 Dominum,
823 1450 945 1505 dum
973 1451 1190 1506 inveniri
1219 1461 1420 1521 potest:
1451 1453 1680 1507 invocate
1703 1468 1837 1520 eum,

238 1542 361 1597 dum
407 1559 566 1616 prape
591 1554 699 1598 est:
735 1542 1054 1615 derelinquat
1093 1544 1279 1615 impius
1312 1546 1445 1599 viam
1473 1561 1640 1612 suam,
1670 1554 1719 1599 et
1765 1545 1843 1599 vir

235 1635 443 1705 iniquus
468 1636 799 1707 cogitationes
851 1654 995 1704 suas,
1025 1647 1071 1693 et
1099 1647 1385 1693 revertatur
1413 1638 1482 1693 ad
1532 1638 1838 1707 Dominum,

235 1737 286 1783 et
313 1728 631 1784 miserebitur
652 1731 785 1798 eius,
805 1740 852 1784 et
878 1731 947 1784 ad
974 1730 1141 1786 Deum
1166 1740 1415 1796 nostrum,
1431 1732 1675 1802 quoniam
1700 1731 1839 1785 mul-

234 1830 316 1877 tus
361 1831 435 1877 est
467 1823 536 1876 ad
583 1824 968 1896 ignoscendum.
999 1824 1116 1881 Non
1183 1826 1425 1895 praeterit
1467 1826 1643 1882 locum
1693 1826 1840 1882 hunc

1950 628 2078 679 puer
2117 628 2288 680 nteus,
2319 622 2367 666 et
2412 609 2603 677 Israel.
2633 629 2781 683 quem
2824 612 2955 684 elegi
2980 628 2997 667 :
3021 613 3095 669 sic
3135 613 3260 667 dicit
3303 613 3559 669 Dominus

1947 705 2089 760 Deus
2114 706 2200 776 qui
2229 706 2350 777 fecit
2374 715 2441 770 te,
2471 715 2517 761 et
2543 706 2627 776 qui
2653 706 2912 760 adamavit
2958 715 3006 760 te
3029 707 3093 761 de
3129 717 3299 763 ventre
3319 724 3338 761 :
3369 709 3557 764 Adhuc

1948 798 2152 853 habebis
2180 798 2451 854 auxilium.
2504 797 2631 854 Noli
2675 800 2870 866 timere,
2914 817 3041 871 puer
3084 818 3224 857 meus
3268 800 3451 871 Iacob,
3513 814 3567 860 et

1947 890 2127 945 dilecte
2148 890 2338 957 Israel,
2356 909 2501 959 quem
2521 893 2669 963 elegi.
2705 892 2841 960 Quia
2860 909 2953 963 ego
2975 892 3107 948 dabo
3142 910 3328 965 aquam
3351 897 3405 949 in
3444 896 3553 962 siti,

1944 984 2008 1038 iis
2034 986 2121 1055 qui
2157 984 2420 1040 ambulant
2459 986 2513 1039 in
2556 1002 2771 1056 aquosa,
2816 987 3077 1056 imponam
3112 986 3364 1057 Spiritum
3390 1005 3558 1042 meum

1944 1093 2088 1148 super
2139 1094 2309 1133 semen
2352 1087 2516 1140 tuum,
2565 1090 2610 1133 et
2650 1078 3019 1134 benedictiones
3046 1096 3186 1135 meas
3223 1097 3376 1151 super
3419 1082 3558 1151 ﬁlios

1946 1179 2077 1224 tuos.
2110 1169 2178 1224 Et
2204 1171 2433 1224 orientur
2461 1181 2514 1225 ut
2546 1172 2599 1224 in
2621 1171 2787 1226 medio
2809 1187 2956 1242 aquae
2995 1175 3206 1243 (mnum,
3238 1183 3284 1228 et
3309 1175 3439 1229 sicut
3468 1192 3560 1229 sa-

1946 1261 2021 1315 lix
2046 1278 2200 1331 super
2230 1263 2656 1332 praeterﬂuentem
2698 1280 2906 1335 aquam.
2937 1262 3044 1318 Iste
3068 1266 3198 1319 dicet
3225 1281 3243 1319 :
3268 1265 3361 1321 Dei
3400 1283 3511 1321 sum
3538 1283 3560 1321 :

1944 1362 1990 1407 et
2015 1354 2110 1408 iste
2130 1354 2369 1408 clamabit
2395 1356 2448 1409 in
2471 1355 2677 1410 nomine
2704 1354 2889 1423 Iacob,
2919 1366 2966 1409 et
2987 1356 3122 1411 alius
3141 1356 3323 1411 scribet
3353 1358 3407 1413 in
3438 1374 3554 1411 ma-

1944 1462 2015 1500 nu
2040 1462 2154 1513 sua,
2179 1445 2277 1501 Dei
2297 1465 2433 1515 sum,
2459 1460 2507 1502 et
2533 1449 2587 1502 in
2614 1451 2819 1503 nomine
2846 1447 3015 1504 Israel
3055 1450 3315 1505 clamabit.
3354 1450 3561 1506 Discri-

1947 1554 2070 1595 men
2127 1548 2306 1596 autem
2360 1539 2505 1612 quod
2556 1540 2655 1596 bas
2724 1544 2867 1597 inter
2916 1543 3392 1612 interpretationes
3443 1559 3556 1599 non

1945 1630 2064 1687 leve
2092 1630 2319 1688 interest
2347 1675 2363 1701 ,
2403 1634 2563 1689 retuli
2606 1634 2660 1688 in
2697 1634 3051 1705 exemplaria,
3100 1650 3220 1705 quae
3252 1634 3433 1691 habuit
3468 1634 3558 1690 in-

1946 1735 2159 1795 terpres
2202 1725 2326 1794 ille,
2375 1742 2536 1798 quem
2593 1727 2870 1783 consuluit
2923 1736 3114 1783 nnstcr
3157 1729 3409 1799 scriptor,
3459 1729 3556 1799 qui

1941 1816 2173 1873 fortasse
2199 1819 2363 1874 etiam
2395 1834 2494 1889 per
2523 1834 2584 1874 se
2610 1819 2726 1890 ipse
2750 1820 3034 1891 superiora
3064 1819 3228 1876 verba
3254 1821 3307 1875 in
3339 1819 3559 1877 hebrteo

231 1924 456 1972 sanctus
518 1916 782 1973 Pacianus
846 1918 1109 1975 adversus
1161 1918 1491 1976 Novatianos
1560 1919 1842 1991 disputans
1868 1918 1919 1979 B
1945 1921 2058 1979 θυι,
2083 1914 2127 1969 εἰ
2157 1914 2257 1982 τῖε,
2294 1914 2346 1969 in
2370 1929 2549 1985 SNBCO
2588 1914 2832 1970 nonnihil
2855 1915 3104 1985 ambigua
3151 1914 3217 1969 ad
3262 1930 3385 1971 eum
3432 1930 3556 1970 m0-

237 2006 415 2080 (epist.
452 2008 557 2081 Ill),
602 2024 780 2081 neque
825 2010 987 2067 etiam
1035 2013 1274 2081 praeterit
1318 2010 1842 2085 Damascenus(Pa-

230 2102 379 2169 rall.,
415 2102 514 2157 litt.
539 2128 600 2172 μ,
628 2102 706 2157 tit.
733 2103 836 2175 ιιι).

307 2214 437 2270 VIII.
457 2215 587 2272 Item
611 2215 721 2272 illic
741 2214 1084 2291 (Isai.,xmv,
1106 2218 1161 2291 1)
1187 2219 1502 2275 :Recordare
1519 2221 1646 2285 lucc,
1671 2218 1836 2275 Iacob

232 2321 279 2367 et
307 2310 493 2380 Israel,
524 2312 645 2384 quia
674 2330 800 2384 puer
823 2330 965 2369 meus
992 2330 1082 2381 es;
1119 2315 1296 2368 vocavi
1321 2324 1370 2368 te
1392 2330 1607 2385 puerum
1638 2330 1829 2381 meum,

233 2414 282 2458 et
330 2414 405 2471 tu,
458 2403 641 2471 Israel,
672 2406 777 2460 noli
824 2407 1054 2461 oblivisci
1090 2407 1227 2473 mei;
1274 2422 1390 2461 ecce
1436 2407 1571 2461 enim
1622 2406 1838 2461 abstersi

231 2500 482 2555 sicut.....
511 2500 791 2572 injustitias
821 2510 955 2572 tuas,
985 2512 1031 2557 et
1064 2503 1196 2558 sicut
1237 2503 1448 2557 imbrem
1476 2512 1685 2574 peccata
1723 2513 1833 2558 tua.

234 2589 535 2647 Convertere
557 2593 626 2646 ad
655 2610 754 2663 me,
785 2604 832 2650 et
850 2594 1098 2651 redimam
1127 2605 1195 2653 te.

306 2728 405 2783 Diu
450 2730 742 2800 perquisivi
786 2739 894 2786 tum
940 2733 993 2787 in
1050 2731 1277 2803 Vulgata
1323 2733 1592 2801 versione,
1624 2741 1737 2789 tum
1784 2735 1839 2790 in

231 2819 425 2876 Bibliis
455 2837 519 2877 ex
551 2822 1001 2893 interpretatione
1062 2824 1409 2896 Septuaginta
1439 2825 1702 2881 latinitate
1737 2825 1837 2882 do—

231 2914 371 2969 natis
398 2929 520 2970 cum
539 2954 558 2983 ,
589 2915 681 2986 qui
711 2916 975 2988 allegatur
1005 2917 1114 2983 hic,
1150 2918 1325 2973 locum
1351 2934 1365 2983 ;
1395 2925 1453 2972 at
1480 2917 1677 2973 frustra
1713 2934 1836 2988 per—

231 3009 445 3073 quisivi.
477 3008 810 3080 Quamquam
840 3009 986 3066 enim
1017 3011 1218 3081 aliquid
1248 3012 1372 3067 huic
1412 3012 1578 3068 aliine
1624 3022 1833 3082 exstat,

229 3104 406 3173 capite
422 3119 529 3169 xu,
548 3103 581 3159 8
597 3114 649 3160 et
664 3103 777 3170 9,et
793 3118 913 3175 cap.
930 3121 1059 3170 xui,
1080 3107 1334 3173 I;rur3us
1352 3122 1473 3179 cap.
1494 3124 1642 3174 thn,
1666 3109 1691 3163 1
1709 3118 1763 3163 et
1780 3109 1835 3175 5;

231 3208 285 3255 et
309 3199 435 3255 alibi
464 3201 661 3267 etiam;
693 3201 798 3256 alia
833 3212 1009 3257 tamen
1043 3202 1097 3257 in
1131 3203 1213 3258 bis
1239 3202 1374 3259 locis
1406 3203 1668 3271 invenies,
1715 3219 1836 3274 quae

230 3292 298 3348 ab
321 3293 500 3349 allatis
540 3295 720 3352 verbis
759 3296 1051 3367 plurimum
1102 3297 1325 3353 distant.
1373 3298 1629 3369 Suspicor
1661 3303 1837 3371 itaque

229 3382 319 3438 hic
347 3384 539 3441 adduci
572 3402 638 3441 ex
682 3396 893 3443 vetusta
942 3388 1117 3459 aliqua
1165 3390 1613 3459 interpretatione
1665 3391 1837 3446 versi-

229 3474 412 3529 culum
463 3476 717 3545 primum,
751 3479 1048 3535 secundum
1100 3488 1150 3536 cl
1210 3483 1426 3536 tertium
1458 3482 1650 3553 capitis
1705 3472 1834 3538 ituri

234 3567 409 3633 Isaiae,
431 3569 520 3639 qui
553 3584 617 3625 ex
644 3571 878 3629 lectione
899 3573 1249 3646 Septuaginta
1275 3576 1354 3633 sic
1380 3576 1545 3633 latine
1570 3577 1832 3633 vertitur:

232 3660 298 3717 Et
334 3680 472 3717 nunc
523 3664 598 3719 sic
638 3666 761 3720 dicit
790 3666 1043 3722 Dominus
1076 3668 1228 3733 Deus,
1258 3671 1345 3740 qui
1392 3671 1512 3741 fecit
1554 3681 1621 3739 te,
1644 3670 1830 3738 Iacob,

230 3768 278 3811 et
329 3759 419 3828 qui
471 3760 710 3829 formavit
760 3770 807 3815 te
855 3759 1068 3816 Israel:
1111 3761 1241 3817 Noli
1308 3765 1523 3833 timere,
1590 3766 1833 3835 quoniam

228 3849 420 3904 redemi
446 3861 524 3915 te;
554 3851 727 3907 vocavi
755 3862 803 3907 te
829 3854 1031 3908 nomine
1077 3863 1184 3909 tuo.
1237 3854 1382 3911 Meus
1433 3874 1486 3910 es
1540 3867 1594 3910 tu
1629 3873 1647 3910 :
1692 3866 1739 3910 et
1790 3858 1836 3911 si

233 3944 495 3999 transieris
545 3962 636 4016 per
693 3962 901 4017 aquam,
958 3958 1119 4001 tecum
1165 3964 1314 4014 sum,
1370 3957 1415 4002 et
1468 3948 1685 4018 ﬂumina
1732 3963 1834 4002 non

229 4040 520 4109 cooperth
542 4048 609 4094 te.
644 4039 711 4093 Et
751 4041 795 4094 si
825 4040 1088 4093 transieris
1128 4056 1219 4109 per
1246 4041 1437 4109 ignem,
1478 4057 1578 4094 non
1624 4045 1831 4095 combu-

229 4131 378 4197 reris,
426 4132 639 4201 flantum
683 4147 783 4185 non
811 4141 985 4185 exuret
1013 4140 1080 4197 te,
1116 4132 1239 4201 quia
1267 4149 1357 4203 ego
1400 4133 1652 4187 Dominus
1695 4133 1834 4189 Deus

226 4233 365 4289 tuus,
396 4233 603 4278 sanctus
636 4222 821 4290 Israel,
858 4223 1099 4280 Salvator
1113 4233 1248 4280 tuus.
1282 4228 1351 4281 At
1376 4226 1428 4281 in
1444 4226 1669 4300 Vulgata
1698 4228 1831 4300 legi-

226 4323 314 4370 tur
360 4315 426 4370 ad
480 4315 621 4371 hunc
666 4315 883 4372 modum
923 4336 935 4370 ε
980 4316 1047 4372 Et
1097 4334 1230 4373 nunc
1260 4318 1368 4373 haec
1414 4319 1534 4374 dicit
1585 4320 1877 4377 Dominus'

224 4424 404 4462 creans
444 4416 507 4473 te,
556 4407 739 4474 Iacob,
762 4416 809 4463 et
838 4411 1067 4480 formans
1111 4420 1178 4477 te,
1222 4408 1435 4465 Israel:
1473 4408 1593 4466 Noli
1635 4413 1829 4481 timere,

223 4502 345 4571 quia
380 4502 572 4555 redemi
602 4511 667 4563 te.
700 4509 747 4557 et
777 4502 947 4557 vocavi
994 4512 1040 4557 te
1078 4505 1283 4559 nomine
1323 4514 1430 4560 tuo.
1464 4502 1615 4559 Meus
1661 4521 1713 4561 es
1753 4515 1828 4561 tu.

1943 2003 2068 2060 dum
2104 2005 2397 2071 transtulit,
2442 2020 2603 2077 quem
2649 2005 2783 2061 vidit
2806 2015 2990 2077 aptum
3018 2006 3087 2061 ad
3118 2005 3457 2063 revocandos
3484 2007 3556 2062 ad

1945 2096 2240 2153 Ecclesium
2287 2106 2552 2154 errantes.
2611 2097 2905 2165 Caeterum,
2950 2099 2996 2154 si
3050 2099 3155 2166 vis,
3206 2099 3370 2155 verba
3415 2098 3546 2154 illa:

1942 2195 2250 2252 Convertere
2290 2197 2359 2250 ad
2401 2213 2483 2252 me
2520 2207 2569 2251 et
2610 2196 2862 2251 redimam
2910 2205 2975 2265 te,
3014 2196 3296 2266 desumpta
3326 2210 3447 2252 esse
3490 2210 3560 2251 ex

1939 2292 2047 2348 alio
2102 2290 2394 2361 Scripturae
2440 2288 2591 2357 loco,
2644 2304 2807 2360 quem
2870 2289 3150 2360 negligens
3199 2287 3553 2344 amanuensis

1941 2387 2164 2441 minime
2202 2383 2530 2455 designavit,
2567 2399 2670 2440 nec
2700 2382 2937 2454 sejunxit
2961 2398 2993 2438 a
3017 2382 3414 2453 superioribus,
3446 2381 3551 2437 mi-

1944 2482 2089 2536 nime
2114 2480 2396 2535 obsistam.

2015 2595 2107 2650 IX.
2135 2596 2264 2650 Item
2288 2594 2397 2649 illic
2423 2593 2600 2664 (Isai.,
2634 2609 2778 2660 XLVI,
2801 2594 2879 2665 8),
2911 2593 2979 2649 In
3002 2603 3166 2649 mente
3192 2592 3367 2649 habete
3382 2594 3490 2648 Itazc
3510 2601 3560 2647 et

1944 2689 2166 2761 gemite:
2209 2687 2521 2756 pwnitemini
2562 2688 2649 2758 qui
2686 2688 2882 2742 seducti
2919 2689 3061 2753 estis,
3113 2696 3159 2741 et
3198 2686 3552 2743 convertimini

1946 2784 2104 2838 corde
2126 2782 2194 2836 ad
2223 2797 2321 2848 me,
2367 2790 2413 2836 et
2460 2781 2515 2834 in
2554 2790 2720 2835 mente
2760 2782 2937 2837 habete
2966 2783 3140 2853 priora
3168 2783 3380 2851 stecula,
3429 2782 3553 2854 quia

1942 2891 2035 2947 ego
2062 2874 2223 2929 Deus.

2011 2988 2067 3045 In
2100 2989 2322 3061 Vulgata
2350 2989 2429 3045 sic
2446 2988 2743 3045 redduntur
2772 2989 2934 3045 verba
2960 2988 3109 3045 haec:
3142 2989 3451 3046 Mementote
3476 2991 3554 3047 is-

1941 3082 2055 3146 tud,
2098 3092 2144 3137 et
2186 3082 2615 3153 confundamini;
2659 3083 2820 3137 redite
2858 3084 3271 3154 praevaricatores
3315 3084 3386 3137 ad
3424 3099 3533 3139 cor.

1943 3175 2309 3232 Recordamini
2341 3176 2527 3246 prioris
2553 3177 2749 3244 swculi,
2800 3177 3040 3247 quoniam
3085 3193 3177 3248 ego
3226 3193 3339 3231 sum
3382 3174 3545 3232 Deus.

1941 3271 2046 3328 Sed
2078 3278 2263 3326 noster
2307 3270 2545 3339 scriptor
2574 3269 2810 3325 versioni
2865 3268 3217 3339 Septuaginta
3258 3268 3553 3324 adhaerens

1940 3365 2100 3437 paulo
2142 3365 2297 3420 aliter
2340 3363 2521 3419 vertit.
2593 3362 2676 3418 Ad
2727 3378 2905 3418 veram
2954 3362 3326 3433 paenitentiam
3383 3361 3550 3417 verba

1939 3460 2055 3515 haec
2093 3459 2323 3515 invitant
2374 3474 2470 3514 eos
2504 3459 2593 3530 qui
2635 3460 2688 3514 in
2736 3459 2916 3527 gravia
2961 3457 3188 3513 crimina
3234 3456 3544 3514 inciderant

1940 3553 2326 3628 (Convertimini
2363 3554 2517 3609 corde
2542 3554 2611 3607 ad
2630 3552 2766 3623 me),
2794 3552 3007 3622 illisque
3050 3560 3358 3608 memorant
3402 3552 3551 3622 prio-

1936 3663 2057 3703 rum
2080 3646 2514 3702 Christianorum
2548 3646 2892 3715 disciplinam
2944 3654 2997 3699 ct
3040 3644 3240 3713 judicia
3287 3643 3407 3709 Dei,
3440 3644 3533 3711 qui

1936 3740 2101 3796 inulta
2131 3755 2237 3794 non
2264 3739 2392 3793 sinit
2413 3739 2639 3793 crimina
2666 3755 2680 3789 :
2709 3737 2779 3791 In
2805 3746 2969 3790 mente
2991 3737 3166 3790 habete
3187 3736 3360 3806 priora
3380 3749 3548 3789 saecu-

1937 3824 2009 3891 la,
2038 3825 2157 3894 quia
2191 3839 2283 3894 ego
2332 3821 2490 3876 Deus.
2519 3820 2753 3876 Invitant
2779 3821 2963 3886 etiam,
2997 3821 3043 3875 si
3065 3822 3165 3886 vis,
3198 3818 3536 3875 Novatianos

1937 3915 2005 3970 ad
2032 3914 2359 3980 Ecclesium,
2387 3929 2551 3984 quam
2595 3912 3022 3984 dereliquerant,
3074 3927 3275 3983 eosque
3316 3921 3545 3967 monent

1937 4021 2006 4061 ne
2053 4006 2221 4061 Deum
2265 4006 2421 4061 novis
2465 4004 2765 4061 sceleribus
2803 4012 2859 4059 et
2885 4004 3181 4076 pertinacia
3210 4003 3263 4059 in
3291 4013 3546 4075 suscepto

1933 4097 2249 4164 schismate,
2280 4098 2493 4153 irritare
2522 4097 2698 4152 adhuc
2730 4107 2975 4169 pergant.

2008 4213 2079 4268 X.
2113 4211 2245 4269 Item
2262 4213 2370 4268 illic
2392 4211 2546 4287 (Isai.
2568 4229 2655 4268 LIV
2679 4213 2737 4283 8)
2760 4230 2773 4268 :
2795 4211 3043 4285 Tempore
3069 4213 3255 4282 pusillo
3273 4212 3543 4282 dereliqui,

1935 4322 1986 4364 et
2032 4325 2147 4363 cum
2185 4306 2537 4362 misericordia
2579 4322 2769 4378 magna
2815 4305 3090 4360 miserebor
3130 4305 3223 4359 tui.
3273 4302 3342 4358 In
3369 4305 3546 4373 furore

1936 4403 2126 4476 pusillo
2184 4403 2341 4458 averti
2388 4402 2572 4473 faciem
2622 4416 2788 4454 meam
2838 4399 2927 4453 abs
2951 4408 3042 4454 te:
3086 4399 3139 4452 in
3193 4395 3544 4453 misericordia

1933 4506 2124 4554 (eterna
2144 4494 2417 4551 miserebor
2437 4491 2529 4548 tui.

230 4592 357 4648 Cant
388 4596 651 4651 transieris
676 4612 766 4666 per
805 4613 985 4666 aquas,
1017 4606 1179 4651 tecum
1222 4614 1331 4666 ero,
1374 4608 1421 4652 et
1464 4599 1682 4669 [Iuntina
1725 4615 1827 4653 non

2004 4610 2229 4676 Iudicat,
2289 4608 2391 4664 nisi
2440 4605 2709 4671 fallimur,
2770 4603 2922 4660 locus
2969 4602 3102 4669 iste,
3160 4616 3260 4673 per
3320 4601 3540 4658 brevem

222 4689 450 4759 operient
491 4699 556 4744 te.
588 4692 691 4745 Aut
719 4689 898 4761 potius
927 4689 1120 4746 adduci
1166 4692 1253 4746 hic
1297 4692 1544 4763 suspicor
1587 4692 1824 4764 quinque

225 4779 431 4849 priores
469 4780 766 4836 versiculos
802 4783 995 4853 capitis
1031 4797 1157 4837 XLIV
1200 4782 1370 4850 Isaiae,
1403 4785 1493 4855 qui
1540 4793 1720 4841 tamen
1767 4785 1823 4840 in

227 4872 450 4945 Vulgata
481 4877 653 4931 multo
697 4876 855 4932 aliter
881 4878 1154 4947 leguntur,
1184 4878 1249 4932 ad
1283 4879 1426 4934 hunc
1455 4880 1661 4934 scilicet
1691 4895 1823 4934 mo-

222 4966 349 5021 dum
376 4987 389 5022 :
421 4967 489 5022 Et
511 4986 645 5023 nunc
668 4970 810 5038 audi,
839 4969 1003 5024 Iacob
1022 4985 1162 5026 serve
1188 4987 1349 5038 meus,
1371 4982 1419 5027 et
1463 4971 1632 5027 Israel
1676 4989 1822 5043 quem

223 5058 371 5130 elegi.
428 5059 552 5115 Ilaec
600 5061 722 5115 dicit
770 5060 1022 5118 Dominus
1077 5063 1271 5133 faciens
1299 5073 1344 5118 et
1387 5068 1618 5135 formans
1659 5074 1725 5130 te,
1758 5065 1822 5120 ab

221 5161 363 5206 utero
388 5153 666 5208 auxiliator
707 5163 821 5209 tuus
845 5170 865 5209 :
898 5153 1023 5209 Noli
1049 5155 1242 5222 timere,
1274 5172 1414 5211 serve
1454 5174 1594 5212 meus
1634 5156 1818 5225 Iacob,

223 5254 270 5300 et
317 5245 617 5312 rectissime,
646 5264 793 5318 quem
831 5249 983 5320 elegi;
1007 5249 1272 5317 e/fundam
1304 5251 1440 5306 enim
1482 5268 1643 5322 aquas
1669 5269 1825 5323 super

222 5339 496 5407 sitientem,
515 5352 561 5395 et
581 5342 779 5411 ﬂuenta
809 5358 967 5411 super
1007 5342 1207 5397 aridam
1234 5359 1252 5397 :
1282 5343 1545 5413 e/fundam
1566 5345 1823 5417 Spiritum

221 5450 388 5488 meum
432 5452 587 5507 super
615 5453 783 5491 semen
814 5447 979 5503 tuum,
1025 5446 1071 5492 et
1100 5437 1497 5494 benedictionem
1525 5457 1691 5495 meam
1730 5457 1821 5496 su-

222 5544 312 5597 per
341 5528 551 5597 stirpem
573 5540 735 5584 tuam.
778 5528 848 5583 Et
876 5530 1231 5601 germinabunt
1275 5533 1407 5587 inter
1454 5533 1637 5589 herbas
1675 5536 1823 5605 quasi

222 5620 387 5676 silices
430 5622 583 5692 juxta
623 5624 1016 5693 prtem/luentes
1050 5641 1227 5695 aquas.
1272 5625 1379 5681 Iste
1420 5627 1587 5682 dicet:
1613 5626 1824 5685 Domini

223 5730 313 5786 ego
333 5730 488 5769 sum:
514 5725 561 5769 et
586 5714 673 5769 ille
709 5715 903 5770 vocabit
928 5718 982 5770 in
1022 5720 1223 5772 nomine
1246 5717 1429 5785 Iacob,
1456 5729 1502 5774 et
1522 5720 1607 5775 hic
1643 5724 1825 5780 scribet

224 5826 379 5864 manu
408 5826 541 5864 sua:
570 5807 914 5867 Dontino.....
944 5811 1059 5867 Rex
1092 5811 1264 5867 Israel
1289 5823 1335 5869 et
1366 5814 1658 5885 redemptor
1688 5818 1817 5888 ejus.

226 5904 605 5978 lnterpretatio
630 5919 795 5977 porro
816 5905 1004 5977 latina,
1025 5906 1456 5979 interpretationi
1475 5908 1824 5983 Septuaginta

1931 4703 2331 4777 paenitentiam,
2380 4702 2432 4756 in
2479 4714 2585 4771 qua
2619 4697 2863 4755 Ecclesia
2906 4697 3289 4768 derelinquere
3326 4695 3541 4751 videtur

1928 4812 2075 4862 reos,
2109 4810 2231 4851 cum
2260 4809 2290 4849 a
2321 4792 2703 4850 communione
2729 4799 2784 4845 et
2809 4789 3046 4846 ﬁdelium
3075 4798 3222 4846 coetu
3258 4803 3355 4845 eos
3386 4803 3544 4844 aver—

1928 4892 2033 4958 tit,
2080 4891 2412 4947 uberrimam
2458 4886 2879 4957 diuturnamque
2936 4883 3367 4941 misericordiam
3420 4882 3543 4939 illos

1932 4985 2050 5041 fore
2089 4991 2501 5039 consecuturos.
2554 4979 2759 5036 Iudicat
2811 4979 2995 5045 etiam,
3025 4978 3072 5033 si
3100 4978 3204 5044 vis,
3237 4992 3346 5032 non
3376 4975 3541 5032 dere-

1925 5078 2092 5149 linqui
2121 5077 2344 5132 omnino
2382 5091 2410 5130 a
2445 5076 2555 5131 Deo
2583 5083 2914 5147 peccatores,
2947 5073 3061 5143 qui,
3108 5073 3154 5127 si
3196 5072 3409 5127 vocanti
3440 5086 3542 5142 pa-

1923 5172 2152 5235 ruerint,
2182 5169 2610 5226 misericordiam
2651 5167 2978 5224 uberrimam
3019 5165 3361 5222 obtinebunt.
3398 5163 3534 5220 Vul-

1924 5279 2047 5336 gata
2091 5264 2209 5318 haec
2238 5264 2316 5318 sic
2366 5261 2526 5317 habet
2570 5260 2682 5315 :ln
2713 5271 2966 5315 momento
3003 5257 3370 5331 indignationis
3417 5256 3541 5312 abs-

1924 5359 2074 5414 condi
2107 5357 2289 5429 faciem
2317 5372 2481 5410 meam
2518 5370 2791 5425 parumper
2830 5370 2862 5407 a
2906 5362 2973 5420 te,
3000 5361 3048 5407 et
3086 5351 3142 5406 in
3183 5348 3538 5406 misericordia

1925 5447 2233 5515 sempiterna
2264 5447 2498 5501 misertus
2524 5462 2637 5499 sum
2666 5445 2761 5498 tui.

1998 5539 2237 5595 XLItem
2270 5539 2398 5594 illic.
2428 5537 2583 5611 (Isai.
2630 5552 2757 5602 LVII,
2812 5533 2937 5605 15):
2975 5534 3101 5591 licet:
3129 5534 3261 5590 dixit
3288 5533 3537 5590 Excelsus

1923 5637 1978 5689 in
2009 5634 2220 5690 excelsis
2238 5631 2472 5686 habitans
2492 5631 2545 5685 in
2560 5639 2821 5696 teter-num,
2863 5639 3067 5684 sanctus
3094 5629 3147 5682 in
3172 5628 3400 5692 sanctis;
3439 5642 3537 5681 no-

1925 5745 2039 5783 men
2069 5737 2140 5782 est
2169 5728 2214 5781 ei
2233 5725 2481 5780 Dominus
2503 5741 2522 5790 ;
2550 5722 2801 5778 Excelsus
2821 5722 2876 5776 in
2902 5722 3091 5779 sanctis
3113 5723 3453 5793 requiescens,
3484 5730 3539 5777 et

1927 5821 2268 5893 pusillanimis
2297 5820 2425 5874 dans
2441 5819 2601 5874 animi
2624 5817 2932 5886 aequitatem,
2949 5825 2995 5872 et
3024 5816 3152 5871 dans
3179 5814 3548 5872 vitamcontri-

1927 5914 2113 5970 bulatis
2140 5913 2312 5973 corde.
2345 5910 2469 5970 Non
2512 5912 2565 5970 in
2595 5911 2962 5984 sempiternum
3013 5910 3211 5969 irascor
3250 5913 3417 5981 vobis,
3458 5925 3556 5966 nec
