4142 6256
608 386 739 442 ΗΠ
1988 375 2075 430 DE
2111 370 2545 430 ARGUMENTO
3799 355 3961 411 “7%

607 524 699 581 per
723 506 894 561 omnia
921 501 1183 556 vindicabo
1212 501 1267 554 in
1292 516 1422 567 vos;
1451 499 1661 570 spiritus
1688 498 1823 552 enim
1845 512 1879 550 a
1914 511 1994 551 me
2019 494 2218 566 prodiet
2244 494 2297 556 Α
2321 490 2638 548 ostendatur
2665 500 2869 558 cupere
2894 485 3087 547 Deum.
3116 491 3176 537 ut
3192 481 3239 537 si
3264 478 3393 553 quis
3416 474 3493 533 ab
3518 488 3593 532 eo
3616 470 3957 563 deiecisset,

606 565 658 655 et
686 596 1078 666 inspirationem
1101 608 1302 647 onmem
1331 565 1422 663 ego
1448 565 1567 662 feci,
1612 599 1661 644 et
1687 596 1898 661 propter
1928 565 2211 657 peccatum,
2320 586 2387 643 ad
2418 601 2542 642 eum
2598 582 2833 652 denique
2888 583 3292 639 reverteretur;
3335 581 3393 630 et
3411 577 3727 644 propterea
3754 565 3959 621 diebus

608 689 855 763 pusillum
873 688 1170 743 contristari
1193 702 1329 752 eum,
1376 694 1423 739 et
1446 684 1602 739 averti
1626 683 1811 751 faciem
1838 698 2001 736 meum
2030 681 2093 734 ab
2121 696 2212 749 eo,
2318 682 2618 741 innumeris
2638 687 2986 749 exspectasse
3015 693 3028 731 :
3058 670 3318 744 conqueri
3347 682 3569 741 quoque
3595 663 3911 721 Dominum
3934 704 3951 727 ,

620 760 668 840 et
704 782 856 837 vilem
897 796 1082 853 passus
1112 787 1208 845 est,
1250 786 1298 831 et
1326 776 1449 830 abiit
1497 775 1656 829 tristis
1687 774 1741 827 in
1781 773 1896 828 viis.
1940 770 2064 827 Vias
2104 772 2216 843 ejus
2321 777 2465 851 quod
2488 776 2683 846 impios
2713 771 2891 828 videat
2921 771 2977 825 in
3010 769 3196 839 iniquo
3221 763 3503 837 proposito
3532 760 3857 832 persistere
3899 765 3955 811 et

618 876 749 941 vidi,
800 884 847 929 et
895 851 1075 927 sanavi
1104 887 1241 939 eum,
1271 880 1317 924 et
1346 868 1643 924 consolatus
1667 882 1780 921 sum
1815 881 1930 937 ego,
1954 875 2000 919 et
2026 863 2145 920 dedi
2173 864 2220 918 ei
2324 872 2493 930 veteri
2524 868 2850 941 pervicacia.
2898 863 3009 919 Cur
3037 878 3140 933 ego
3172 859 3502 930 repellentur
3524 855 3611 922 hi,
3635 855 3690 909 si
3725 851 3961 907 tandem

621 967 1023 1025 consolationem
1079 981 1271 1045 veram,
1329 972 1375 1016 et
1431 977 1610 1034 pacem
1634 976 1789 1031 super
1819 975 1997 1029 pacem
2030 958 2096 1013 iis
2133 957 2222 1028 qui

2384 964 2616 1038 iquando
2637 962 2705 1017 ad
2734 959 3032 1019 Ecclesiam
3054 954 3392 1025 confugiant,
3415 959 3473 1005 ut
3499 949 3691 1021 priora
3717 944 3965 1000 crimina

619 1062 789 1134 longe,
819 1070 866 1116 et
888 1061 950 1115 iis
979 1059 1065 1130 qui
1082 1040 1272 1129 prope.
1290 1055 1358 1111 Et
1385 1056 1516 1109 dixit
1544 1053 1837 1109 Dominus:
1874 1053 2071 1108 Sanavi
2091 1067 2174 1106 eos
2202 1066 2221 1105 :

2384 1059 2608 1118 :lieant?
2663 1056 2781 1113 Non
2813 1054 3045 1110 multum
3072 1050 3237 1106 distat
3262 1046 3331 1101 ab
3358 1060 3445 1110 ea,
3469 1057 3577 1114 qua
3606 1040 3798 1098 utitur
3824 1052 3967 1092 nos.

619 1156 782 1226 iniqui
824 1165 996 1208 autem
1038 1161 1094 1205 ut
1124 1168 1265 1205 mare
1315 1160 1642 1215 commotum,
1698 1148 1770 1202 sic
1809 1146 2219 1217 ﬂuctuabunmr,
2331 1166 2414 1211 lel-
2438 1154 2695 1223 εει-ίριοιι,
2725 1147 2958 1217 vulgata
3001 1143 3215 1207 νει-δῖος
3257 1154 3381 1195 nam
3435 1134 3771 1207 lmjusmodi
3829 1141 3963 1186 est:

621 1258 672 1304 et
723 1250 985 1319 quiescere
1036 1262 1139 1300 non
1195 1253 1424 1316 possunt.
1492 1241 1617 1296 Non
1654 1250 1727 1296 est
1765 1240 1989 1313 gaudere
2028 1237 2222 1308 impiis,

2384 1246 2603 1317 "nmquid
2649 1243 2974 1299 obliviscetur
3017 1238 3162 1308 virgo
3190 1232 3477 1289 ornamenti
3504 1229 3611 1294 sui,
3641 1234 3744 1281 aut
3765 1240 3974 1293 spem

624 1318 749 1400 4505i
772 1342 1048 1398 Ποηιίηιιεο
2334 1341 2509 1412 {ascite
2547 1334 2821 1408 pectoralis
2870 1331 3019 1388 suae?
3048 1326 3286 1400 Populus
3312 1339 3429 1380 vero
3480 1337 3624 1377 meus
3654 1318 3873 1374 oblitus
3899 1326 3973 1370 est

708 1438 941 1497 Aflinem
963 1437 1230 1508 superiori
1253 1435 1668 1507 explicationem
1698 1431 1901 1505 excipit
1926 1431 2078 1487 locus
2102 1429 2227 1496 iste,
2336 1438 2435 1492 mea
2463 1433 2641 1489 diebus
2670 1427 2973 1485 innumeris.

628 1549 737 1607 quo
765 1534 836 1589 ad
888 1506 1127 1588 divinam
1161 1532 1417 1602 pietatem
1449 1546 1577 1601 erga
1608 1529 1825 1601 iniquos
1855 1540 2232 1599 quoscumque
2409 1526 2553 1583 XIII.
2577 1524 2708 1580 Item
2747 1521 2858 1576 illic
2888 1513 3368 1591 (Jerem.xvnt,7.)
3400 1528 3413 1564 :
3439 1507 3505 1564 in
3530 1522 3754 1607 summa
3786 1506 3976 1573 loquar

630 1601 1140 1693 commendandam,
1163 1601 1375 1695 VGOSqIIe
1406 1622 1713 1678 invitandos
1737 1621 1806 1677 ad
1835 1618 2232 1691 penitentiam,
2338 1637 2493 1694 super
2529 1628 2748 1691 gentem,
2775 1623 2864 1668 aut
2894 1626 3047 1683 super
3071 1622 3315 1680 regnum,
3362 1612 3454 1658 aut
3504 1601 3759 1673 auferam
3784 1615 3905 1666 eos,
3936 1612 3980 1651 et

632 1718 803 1775 utitur
851 1730 1042 1774 auctor
1087 1718 1210 1773 libri
1267 1692 1336 1771 ad
1380 1702 1753 1770 Novatianuin.
1807 1734 1827 1767 ι
1866 1715 1930 1769 Et
1954 1711 2232 1783 quoniam,
2344 1692 2577 1787 perdam.
2603 1708 2731 1764 Etsi
2751 1701 3159 1775 conversafuerit
3178 1695 3516 1770 gensamalis
3538 1694 3685 1761 suis,
3713 1692 3978 1764 panacis

640 1830 661 1864 ι
698 1810 871 1881 inquit
920 1810 1013 1865 ille
1039 1809 1185 1882 (pag.
1217 1808 1331 1876 il),
1377 1806 1643 1863 Jeremias
1683 1805 1948 1876 propheta
1988 1805 2043 1859 in
2111 1818 2240 1875 per-
2344 1804 2591 1866 demalis,
2618 1801 2754 1872 quod
2772 1798 2853 1871 (ﬂ)
2873 1795 3092 1867 cogitavi
3106 1792 3275 1863 facere
3297 1789 3425 1882 illis.
3453 1787 3519 1882 Et
3546 1803 3766 1842 summa
3791 1790 3981 1856 loqur

642 1920 663 1955 ι
700 1879 836 1958 sona
890 1879 1076 1973 pepuli
1135 1879 1472 1969 peccatoris
1528 1898 1852 1969 depreCatur
1901 1896 2192 1952 Dominum
2221 1933 2239 1962 ,
2271 1899 2322 1961 B
2348 1915 2502 1968 super
2530 1904 2749 1969 gentem,
2777 1899 2866 1945 aut
2903 1903 3140 1959 regnum,
3171 1892 3229 1939 ut
3279 1881 3593 1951 rewdiﬁcem
3628 1888 3678 1933 et
3713 1879 3977 1948 plantam,

646 2014 666 2049 ι
700 1995 928 2050 dicens:
962 1994 1199 2048 Emenda
1248 2009 1379 2059 nos,
1426 1991 1669 2060 Domine,
1715 1995 1807 2047 sed
1847 1993 1901 2046 in
1937 1992 2143 2063 judicio
2193 2002 2243 2047 et

648 2105 669 2141 ι
705 2104 809 2143 non
844 2088 898 2142 in
938 2088 1041 2151 ira,
1084 2104 1146 2141 ne
1175 2102 1366 2157 paucos
1394 2088 1557 2159 facias
1588 2101 1720 2150 nos;
1747 2084 1981 2156 adjecit,
2010 2096 2063 2141 et
2109 2084 2241 2140 dixit

649 2200 671 2235 ι
702 2179 906 2236 Isaias:
941 2178 1164 2249 Pmpter
1213 2189 1475 2250 peccatum
1524 2177 2067 2247 modice.contristavi
2107 2192 2242 2243 eum,

653 2294 674 2330 ι
704 2285 753 2332 et
778 2276 1004 2347 percussi
1051 2291 1188 2342 eum,
1240 2284 1289 2329 et
1342 2274 1502 2330 averti
1542 2272 1727 2343 {aciem
1759 2287 1921 2326 meam
1966 2272 2031 2325 ab
2081 2287 2171 2336 eo,
2202 2278 2250 2325 et

654 2386 674 2423 ι
709 2368 1039 2423 contristatus
1067 2376 1161 2435 est,
1208 2376 1255 2421 et
1285 2366 1409 2421 abiit
1436 2365 1598 2420 tristis
1640 2365 1695 2418 in
1734 2363 1829 2417 viis
1869 2362 2019 2429 suis;
2044 2373 2098 2419 et
2124 2362 2249 2432 quia

658 2482 679 2517 ‹
718 2473 996 2535 operatur,
1024 2462 1219 2532 adjecit
1261 2472 1316 2516 et
1365 2460 1541 2515 dixit:
1584 2457 1706 2513 Vias
1757 2460 1868 2531 ejus
1911 2458 2037 2523 vidi.
2065 2466 2111 2512 et
2161 2473 2252 2511 cu-

658 2576 678 2610 r
714 2559 824 2612 ravi
840 2574 973 2623 eum,
991 2566 1038 2611 et
1059 2556 1173 2610 dedi
1198 2556 1243 2610 ei
1265 2554 1666 2611 exhortationem
1690 2567 1879 2619 veram,
1902 2559 2079 2622 pacem
2094 2566 2256 2621 super

661 2667 682 2702 ι
717 2666 934 2722 pacem;
992 2648 1396 2719 prenitenttbus,
1445 2644 1862 2717 deprecantibus
1916 2651 1971 2699 et
2018 2658 2256 2716 operan-

663 2762 683 2796 ι
720 2744 886 2808 tibus,
924 2744 1131 2799 restitui
1173 2758 1334 2815 posse
1363 2739 1508 2812 quod
1537 2739 1677 2796 male
1705 2737 2009 2811 perierint,
2039 2735 2258 2809 quodve

667 2860 686 2893 ι
723 2857 754 2897 a
780 2840 999 2897 ChriSto
1024 2841 1430 2897 declinaverint.
1466 2858 1487 2892 ι

744 2937 967 3008 Vulgata
1001 2951 1163 3008 porro
1187 2935 1264 2990 sic
1292 2934 1470 2989 locum
1522 2930 1669 2986 hunc
1720 2927 1940 2986 reddit:
1975 2925 2101 2983 Htec
2131 2926 2264 2981 dixit

665 3036 937 3101 Excelsus,
965 3042 1012 3088 et
1036 3031 1268 3086 sublimis
1288 3028 1525 3084 habitans
1551 3025 1889 3081 aeternitatem
1912 3040 1930 3078 :
1952 3033 1999 3077 et
2030 3031 2267 3078 sanciunt

663 3146 850 3185 nomen
877 3127 1021 3199 ejus:
1048 3127 1100 3180 in
1128 3124 1328 3179 excelso
1356 3130 1404 3178 et
1454 3120 1510 3174 in
1561 3127 1738 3174 sancto
1786 3114 2043 3180 habitans,
2078 3124 2124 3168 et
2150 3130 2269 3168 cum

665 3225 883 3281 contrito
902 3221 1145 3276 ethumili
1171 3216 1376 3291 spiritu,
1406 3227 1462 3271 ut
1483 3215 1697 3284 viviﬁcet
1720 3212 1957 3284 spiritum
1971 3208 2265 3274 humilium,

2349 2003 2396 2050 et
2425 1991 2613 2063 facient
2644 1985 2781 2041 mala
2819 1992 2939 2038 ante
2965 1998 3067 2048 me,
3109 1990 3165 2033 ut
3195 1993 3295 2032 non
3326 1974 3538 2030 audiant
3570 1989 3753 2028 vocern
3780 1987 3981 2037 meum,

2351 2093 2398 2139 et
2441 2081 2691 2156 pteuitebo
2737 2078 2800 2132 de
2850 2075 3030 2141 bonis,
3096 2086 3210 2142 qua:
3257 2070 3458 2124 locutus
3511 2082 3631 2121 sum
3678 2069 3863 2136 facere
3882 2063 3980 2118 eis.

2421 2176 2564 2232 Mela
2614 2171 2828 2244 allegati
2869 2169 2998 2234 loci.
3038 2182 3127 2223 me
3166 2164 3386 2237 quidem
3419 2161 3629 2233 judice,
3666 2159 3800 2215 haec
3845 2166 3980 2214 est:

2355 2272 2608 2328 Testatur
2633 2267 2894 2323 Dominus
2912 2277 2972 2318 se
2995 2262 3256 2316 minatum
3282 2271 3404 2313 esse
3418 2253 3639 2327 quidem
3668 2251 3983 2323 perniciem

2357 2366 2681 2438 populorum
2736 2364 2793 2417 et
2820 2357 3083 2433 gentium,
3112 2364 3294 2410 tamen
3328 2352 3375 2407 si
3405 2365 3503 2406 eos
3527 2364 3761 2405 suorum
3792 2345 3980 2403 crimi-

2360 2474 2489 2514 num
2531 2456 2812 2528 poeniteat,
2862 2467 2921 2508 se
2991 2450 3173 2505 statim
3228 2459 3543 2501 aversurum
3596 2455 3802 2514 pinnas
3848 2455 3985 2512 quas

2362 2562 2517 2609 antea
2561 2550 2795 2605 minatus
2824 2545 3019 2601 fuerat.
3051 2543 3253 2599 Contra
3285 2540 3330 2596 si
3359 2554 3390 2593 a
3420 2538 3634 2608 iustitia
3670 2534 3991 2591 defecerint

2362 2647 2467 2703 viri
2501 2645 2683 2716 probi,
2739 2656 2799 2696 se
2830 2637 3052 2711 prmmia
3085 2636 3310 2691 minime
3351 2626 3628 2697 daturum,
3659 2645 3789 2699 quae
3820 2637 3983 2683 antea

2367 2739 2642 2812 pollicitus
2668 2735 2859 2790 fuerat.
2886 2730 3080 2788 Paucis
3127 2736 3354 2784 testatur
3398 2739 3460 2780 se
3501 2724 3789 2779 neminem
3813 2722 3987 2793 peni-

2368 2840 2571 2889 tentem
2629 2828 2831 2895 odisse,
2890 2823 3162 2880 neminem
3206 2835 3237 2876 a
3271 2818 3546 2891 probitate
3575 2816 3984 2873 desciscean

2370 2926 2665 2995 i‘ESpICOI'e.
2718 2919 2827 2975 Cur
2872 2926 3005 2988 ergo
3059 2932 3086 2969 a
3119 2912 3441 2986 poenitentia
3515 2919 3747 2981 propter
3804 2908 3983 2978 priora

2374 3019 2626 3082 crimina,
2657 3028 2777 3088 quae
2808 3028 2952 3069 nunc
2984 3009 3205 3072 deﬂent,
3239 3017 3293 3064 et
3319 3002 3776 3076 castigationibus
3814 3001 3986 3057 afﬂic-

2375 3106 2724 3181 iiunibusque
2773 3108 2959 3163 delere
3009 3103 3184 3176 parati
3211 3110 3363 3166 sunt,
3394 3100 3724 3154 uertentur
3750 3095 3985 3165 pOpnIi?

2376 3206 2486 3261 Cur
2515 3205 2569 3260 in
2599 3198 2893 3274 pertinacia
2916 3208 2971 3255 et
2994 3196 3290 3252 schismate
3320 3192 3617 3264 persisteut
3644 3196 3697 3243 et
3719 3186 3987 3242 Novati:-

666 3328 711 3371 et
739 3314 949 3384 viviﬁcel
990 3330 1077 3368 cor
1107 3277 1464 3366 con'trilorum.
1500 3277 1623 3362 Non
1661 3277 1795 3361 enim
1826 3304 1879 3359 in
1907 3303 2272 3372 sempiternum
2298 3297 2345 3360 C
2400 3306 2503 3354 nus
2522 3305 2579 3352 et
2605 3296 2694 3366 qui
2724 3292 3025 3349 Novatiauo
3047 3286 3421 3350 adhaeserunt;
3455 3281 3731 3384 iidemque
3747 3278 3805 3332 in
3840 3277 3989 3347 prio-

670 3407 904 3477 litigabo,
934 3422 1093 3476 neque
1139 3419 1295 3473 usque
1319 3392 1385 3456 ad
1407 3396 1564 3471 linem
1610 3400 1828 3464 irascar,
1855 3397 1976 3468 quia
2004 3397 2215 3466 spiritus
2242 3412 2273 3449 a

673 3497 808 3568 facie
857 3498 969 3550 mea
1025 3498 1331 3567 egrcdietur,
1365 3498 1411 3548 el
1440 3496 1598 3564 ﬂatus
1640 3509 1730 3562 ego
1788 3492 1999 3562 faciam.
2051 3484 2275 3561 Propter

674 3590 997 3661 iniquitatem
1028 3588 1257 3642 avaritiae
1283 3585 1395 3657 ejus
1436 3584 1598 3639 iratus
1627 3598 1763 3647 sum,
1795 3595 1839 3638 et
1871 3584 2099 3654 percussi
2119 3588 2232 3638 eum
2256 3601 2275 3639 :

675 3685 920 3742 abscondi
940 3702 971 3738 a
998 3694 1047 3739 te
1074 3684 1259 3753 facient
1290 3688 1453 3736 ineant
1483 3688 1529 3735 et
1559 3680 1861 3751 indignatus
1897 3695 2048 3739 sum;
2074 3687 2122 3732 et
2152 3678 2277 3732 abiit

676 3796 835 3849 vagus
862 3776 915 3832 in
942 3776 1023 3831 via
1051 3776 1223 3832 cordis
1251 3775 1352 3831 sui.
1398 3762 1520 3828 i’ias
1555 3774 1664 3845 ejus
1689 3766 1810 3839 vidi,
1862 3782 1907 3826 et
1936 3772 2117 3826 sanavi
2143 3784 2276 3841 eum,

678 3872 925 3929 etreduxi
946 3889 1082 3941 eum,
1110 3882 1157 3926 et
1183 3870 1385 3926 reddidi
1397 3868 1767 3925 consolationes
1798 3867 1897 3938 ipsi
1915 3856 1962 3921 el
1999 3865 2283 3939 lugentibus

681 3966 819 4035 ejus.
858 3964 1038 4018 Creavi
1067 3968 1286 4033 fructum
1315 3963 1563 4017 labiorum
1613 3978 1805 4032 pacem,
1872 3977 2048 4032 pacem
2101 3960 2146 4015 ei
2197 3960 2285 4031 qui

684 4056 835 4124 longe
859 4066 953 4119 est,
978 4066 1024 4108 et
1046 4056 1132 4124 qui
1163 4071 1354 4125 prope,
1389 4055 1517 4109 dixit
1564 4051 1837 4121 Dominus,
1868 4064 1914 4107 et
1942 4054 2119 4108 sanavi
2146 4070 2283 4108 eum.

684 4147 844 4218 [mpii
873 4158 1063 4212 autem,
1086 4149 1231 4218 quasi
1246 4166 1385 4202 mare
1396 4149 1614 4217 fervens,
1643 4148 1778 4219 quod
1789 4150 2041 4219 quiescere
2055 4167 2155 4205 non
2194 4166 2290 4219 po-

687 4248 888 4308 test,'et
935 4238 1222 4297 redundanl
1276 4243 1463 4313 ﬂuctus
1523 4245 1633 4315 ejus
1688 4243 1741 4297 in
1781 4246 2212 4300 conculcationem
2240 4255 2288 4300 et

689 4336 873 4391 lutum.
911 4334 1032 4389 Non
1054 4344 1126 4390 est
1156 4348 1259 4406 pax
1280 4334 1471 4406 impiis,
1520 4314 1642 4390 dicit
1675 4328 1929 4391 Dbminus
1960 4334 2123 4392 Deus.
2153 4314 2341 4394 Vide.

688 4430 1014 4499 interpretes
1046 4430 1098 4484 in
1124 4430 1297 4485 locum
1323 4424 1485 4485 hunc.

750 4520 869 4578 XII.
896 4521 1028 4576 Item
1068 4522 1207 4593 apud
1236 4522 1525 4581 Jeremiam
1557 4521 1716 4596 (Jer.,
1747 4537 1806 4588 Il,
1838 4513 1992 4593 52.):
2023 4518 2292 4592 Numquid

691 4615 1007 4672 obliviscetur
1026 4634 1214 4689 sponsa
1235 4619 1515 4672 ornamenti
1536 4617 1635 4684 sui,
1660 4618 1747 4671 aul
1770 4616 1910 4689 virgo
1934 4617 2109 4687 fascia:
2125 4626 2293 4688 pecto-

691 4712 818 4767 ralis
846 4712 996 4767 suae?
1022 4711 1252 4783 Populus
1276 4727 1390 4768 vero
1410 4724 1547 4768 meus
1561 4713 1746 4767 oblitus
1769 4721 1843 4767 est
1868 4713 1963 4767 mei
1986 4712 2183 4766 dierum
2205 4709 2286 4782 (I)

694 4816 908 4877 quorum
936 4822 1037 4860 non
1063 4815 1136 4861 σοι
1167 4820 1429 4860 numerus.

765 4897 822 4954 Si
851 4898 1110 4954 adversus
1134 4898 1483 4963 Novatianos,
1515 4899 1607 4969 qui
1632 4900 1741 4971 jam
1780 4898 1849 4955 ab
1869 4895 2114 4955 Ecclesia
2142 4896 2294 4955 defe-

696 5000 905 5057 cerant,
931 4991 1282 5063 plurimisque
1327 5006 1387 5047 se
1442 4991 1801 5047 devinxerant
1851 4992 2190 5056 criminibus,
2221 4988 2291 5046 li-

698 5084 855 5141 brum
900 5083 1045 5139 hunc
1082 5087 1340 5153 scriptum
1373 5092 1547 5155 putas,
1598 5085 1755 5140 facile
1784 5084 1932 5140 vides
1982 5098 2090 5155 quo
2121 5082 2293 5153 respi-

697 5178 845 5234 ciant
888 5180 1095 5233 mouita
1151 5177 1268 5232 ιιωο
1310 5198 1324 5234 :
1374 5178 1583 5233 scilicet
1635 5187 1694 5233 ut
1738 5188 1926 5234 eorum
1971 5177 2199 5233 crimina
2242 5186 2299 5233 et

701 5271 1056 5343 pertinaciam
1102 5270 1374 5338 indicent,
1449 5271 1787 5343 doceantque
1832 5268 1995 5327 stulte
2048 5270 2172 5326 illos
2228 5269 2298 5325 ab

702 5364 945 5453 Ecclesia
994 5365 1280 5431 defecisse,
1337 5378 1458 5434 qua:
1512 5364 1683 5420 multo
1728 5364 1841 5435 jam
1906 5374 2149 5433 tempore
2205 5377 2300 5419 eos

704 5459 1055 5531 exspectabat
1097 5458 1464 5533 invitabatque
1526 5459 1594 5514 ad
1672 5458 2081 5529 pmuitentiam,
2137 5456 2303 5514 stulte

705 5566 920 5625 quoque
952 5562 1058 5607 tam
1090 5552 1181 5608 diu
1205 5550 1421 5625 (diebus
1451 5550 1771 5623 innumeris)
1795 5553 1847 5606 in
1877 5562 2066 5607 errore
2097 5551 2302 5622 persis-

707 5652 846 5701 tere.
903 5644 960 5700 Si
1012 5659 1141 5699 vero
1185 5646 1552 5716 conscriptum
1599 5654 1777 5717 putas,
1818 5652 1877 5699 ut
1904 5642 2099 5700 lenitas
2130 5659 2159 5698 a
2188 5643 2302 5716 Cy—

705 5739 897 5810 priano
923 5737 1141 5794 inducta
1183 5738 1618 5809 conﬁrmaretur,
1650 5739 1774 5798 ideo
1799 5737 1981 5796 alieni
2009 5738 2204 5806 dicito,

698 5969 753 5987 ζ
788 5889 869 5959 (1)
888 5890 1100 5964 Diebus,
1122 5902 1182 5952 ut
1201 5903 1349 5965 puto.
1377 5877 1384 5897 ι

1393 5989 1419 5997 φ

2243 5701 2306 5796 ﬁt
2404 5705 2729 5768 sententiam
2775 5701 2915 5771 Joel,

2376 3392 2527 3447 ribus
2555 3389 2761 3445 meritis
2802 3385 2958 3441 suis?
2988 3398 3050 3437 ca
3095 3394 3216 3450 qua:
3254 3377 3325 3433 ad
3354 3378 3527 3433 locum
3553 3388 3618 3427 xv
3652 3369 3979 3433 ademntus,

2378 3483 2555 3536 locum
2609 3479 2751 3534 hunc
2798 3479 2977 3547 ipsum
3031 3472 3322 3528 illustrant.
3375 3465 3742 3536 SiVulgatam
3805 3465 3980 3533 cupis,

2381 3589 2511 3631 ecce
2555 3572 2699 3627 illam
2729 3588 2744 3634 ;
2778 3568 3007 3638 Repente
3054 3565 3239 3633 loquar
3278 3560 3547 3615 adversum
3588 3567 3796 3628 gentem
3824 3554 3985 3607 etad-

2380 3672 2575 3722 versum
2626 3677 2870 3733 regnum,
2920 3668 2974 3714 ut
3029 3656 3314 3716 eradicem,
3362 3660 3412 3706 et
3460 3651 3758 3713 destruant,
3798 3657 3848 3700 et
3884 3645 3988 3699 dis-

2388 3759 2601 3831 perdam
2644 3755 2801 3809 illud.
2837 3753 2898 3809 Si
2928 3750 3279 3824 paenitentiam
3320 3745 3474 3817 egerit
3511 3759 3637 3813 gens
3666 3741 3756 3795 illa
3793 3756 3829 3793 ει
3854 3738 3985 3792 male

2348 3894 2353 3898 »
2387 3868 2500 3918 suo,
2525 3850 2659 3921 quod
2686 3849 2884 3903 locutus
2907 3860 3027 3917 sunt
3050 3844 3290 3896 adversus
3318 3854 3453 3903 eam,
3486 3851 3642 3906 agam
3676 3843 3724 3888 et
3766 3847 3859 3901 ego
3880 3847 3987 3901 pc.

2389 3944 2653 3997 nitentiam
2682 3948 2836 4011 Super
2863 3936 3023 4003 malo,
3073 3932 3211 4005 quod
3243 3930 3463 4002 cogitavi
3494 3937 3549 3982 ut
3576 3931 3802 3997 [acerem
3830 3926 3898 3979 ei.
3926 3922 3989 3976 Et

2389 4035 2555 4091 subito
2603 4034 2786 4101 loquar
2832 4031 2896 4084 de
2947 4038 3095 4101 gente
3138 4035 3185 4080 et
3230 4025 3291 4077 de
3336 4036 3518 4092 regno,
3548 4028 3604 4073 ut
3652 4017 3901 4085 aediﬁcem
3947 4024 3991 4068 et

2391 4129 2615 4199 plantam
2644 4124 2798 4179 illud.
2832 4121 2894 4178 Si
2921 4120 3096 4194 fecerit
3126 4117 3320 4171 malum
3347 4115 3402 4169 in
3427 4113 3591 4168 oculis
3621 4111 3741 4165 meis
3759 4150 3775 4177 ,
3805 4118 3863 4162 ut
3891 4124 3992 4163 nat

2393 4222 2578 4277 audiat
2623 4233 2794 4273 vocem
2836 4231 3021 4278 meam,
3052 4209 3399 4280 paenitentiam
3435 4216 3588 4277 agam
3638 4219 3788 4273 super
3840 4202 3993 4269 bons,

2397 4314 2534 4385 quod
2562 4312 2761 4367 locutus
2788 4325 2900 4364 sum
2939 4319 2995 4363 ut
3038 4310 3259 4378 [acerem
3298 4304 3365 4357 ei.
3400 4299 3604 4356 Locum
3630 4295 3778 4351 hunc
3805 4294 3998 4365 allegat

2405 4407 2569 4463 etiam
2600 4405 2965 4459 DamaSCenus
2992 4396 3093 4469 (5).

2467 4496 2608 4552 XIV.
2641 4495 2774 4551 Item
2807 4492 2918 4548 illic
2965 4489 3179 4565 (Jerem.
3210 4501 3268 4542 ιιι
3301 4526 3317 4553 ,
3346 4484 3479 4556 η)ι
3508 4482 3776 4538 Revertere
3798 4479 3872 4533 ad
3900 4494 3997 4546 me,

2398 4590 2642 4647 habitatio
2670 4587 2837 4643 Israel
2857 4627 2873 4654 ,
2905 4586 3029 4639 dicit
3077 4582 3352 4646 Dominus,
3393 4589 3442 4634 et
3469 4594 3563 4632 non
3577 4573 3793 4644 ﬁrmabo
3807 4575 3999 4644 [aciem

2397 4692 2562 4738 meam
2591 4697 2743 4752 super
2775 4695 2883 4743 vos,
2914 4676 3035 4746 quia
3063 4673 3352 4729 misericors
3399 4686 3491 4742 ego
3543 4683 3682 4733 sum,
3704 4664 3838 4719 dicit
3892 4664 3997 4719 Ds-

2397 4778 2565 4831 minus
2583 4816 2597 4843 ,
2631 4782 2675 4828 et
2704 4789 2806 4827 non
2833 4772 3029 4824 irascar
3054 4766 3192 4822 vobis
3215 4767 3270 4820 in
3294 4772 3562 4821 internum.

2469 4868 2715 4924 Praesens
2744 4863 2992 4921 Jeremite
3021 4861 3170 4916 locus
3210 4857 3400 4914 eodem
3430 4861 3673 4927 spectat,
3713 4867 3824 4923 quo
3848 4865 3997 4923 sape.
4098 4930 4099 4937 γ

2396 4962 2554 5020 rioris
2583 4960 2684 5016 loci
2738 4973 2859 5029 pars
2891 4956 3071 5026 prior;
3115 4967 3291 5023 neque
3322 4965 3450 5004 vero
3474 4946 3752 5017 peculiare
3780 4955 3997 4999 annota-

2399 5056 2550 5120 tioue
2580 5053 2802 5123 indiget.
2837 5050 3095 5119 Vulgalus
3135 5055 3319 5117 noster
3339 5044 3607 5111 interpres
3621 5038 3692 5093 ad
3720 5038 3863 5092 hunc
3883 5052 3992 5091 mo.

2402 5148 2530 5205 dum
2559 5145 2721 5202 verba
2741 5159 2804 5199 ea
2834 5143 2994 5197 vertit
3018 5158 3031 5194 :
3066 5139 3353 5203 Revertere,
3385 5131 3674 5189 aversatria:
3700 5127 3890 5195 israel,
3931 5129 3992 5182 ait

2403 5242 2656 5299 Dominus
2683 5280 2698 5308 ,
2727 5249 2772 5294 et
2800 5250 2902 5293 non
2941 5243 3161 5291 avertam
3194 5232 3375 5303 faciem
3420 5244 3587 5284 meam
3628 5243 3663 5281 a
3688 5223 3828 5281 vobis
3848 5265 3866 5291 ,
3885 5224 3990 5293 quis

2399 5348 2609 5395 sanctus
2640 5350 2731 5404 ego
2759 5342 2892 5397 sum,
2915 5330 3038 5385 dicit
3074 5325 3346 5391 Dominus,
3371 5332 3416 5379 et
3446 5338 3551 5378 non
3583 5321 3784 5375 irascar
3810 5319 3859 5371 in
3883 5332 3990 5387 per-

2406 5440 2632 5503 petuum.
2662 5422 2915 5489 Consule,
2946 5436 3044 5476 oro
3063 5458 3079 5486 ,
3109 5432 3231 5490 quae
3253 5416 3411 5472 docet
3436 5411 3773 5469 clarissimus
3794 5405 3989 5463 Calme—

2408 5532 2493 5580 tus
2518 5522 2570 5576 in
2600 5520 2776 5574 locum
2801 5515 2945 5571 hunc
2988 5526 3147 5584 quem
3175 5525 3283 5566 non
3338 5505 3576 5579 prteterit
3618 5504 3988 5559 Damascenis.

2407 5616 2598 5673 Mirum
2622 5626 2780 5683 porro
2805 5606 2949 5679 quod
2981 5620 3086 5661 non
3102 5603 3364 5674 ailcgetur
3390 5599 3647 5668 deinceps
3676 5596 3731 5650 in
3761 5592 3986 5650 eamdem

2965 5713 3088 5757 cum
3135 5711 3259 5754 eum
3301 5707 3447 5767 saepe
3502 5688 3854 5762 allegaver'mt
3902 5684 3988 5757 Cy-

2500 5823 2560 5887 2)
2593 5819 2741 5887 Qute.

2586 5823 2782 5954 ιῼὲιξίι.
2810 5892 2914 5954 litt.
2942 5915 3002 5966 μ,
3041 5886 3123 5947 tit.
3149 5900 3230 5957 ru,
3248 5898 3303 5958 p.
3332 5879 3458 5952 578,
3480 5886 3608 5940 tom.
3634 5890 3690 5933 ιι.
