4142 6256
286 321 430 379 1175

1527 313 1938 374 SUPERIORIS
1991 313 2351 376 OPUSCULI.

3454 322 3595 378 H74-

286 438 505 510 prianus
527 435 632 511 (l),
660 437 918 494 Paclanus
937 447 992 494 et
1017 438 1411 503 Damascenus;
1445 435 1542 493 sed
1572 435 1624 491 id
1654 434 1883 492 fortasse
1909 438 1959 498 Α
1988 444 2149 502 tuum,
2174 435 2489 505 Jerusalem,
2518 446 2574 491 ut
2595 438 2810 493 sanet-is.
2841 436 3113 508 Usqttequo
3138 437 3353 494 eruntin
3383 446 3432 494 te
3451 441 3596 511 cogi-

287 530 489 589 librarii
513 531 647 587 vitio
665 539 725 587 et
753 530 1470 604 negligentiaejribnendu‘tn
1491 539 1595 586 est.

359 627 477 686 XV.
532 626 664 684 Item
714 628 826 683 illic
857 627 1074 701 (larem.
1113 643 1192 695 III,
1230 626 1361 695 I4):
1395 624 1760 682 Convertimini
1790 624 1889 695 filii

284 724 375 795 qui
400 724 701 789 recessistis,
722 724 846 778 dicit
870 723 1147 780 Dominus.
1175 723 1435 791 Quoniam
1462 738 1555 793 ego
1587 720 1889 776 dominabor

284 818 440 873 vestri
502 825 548 872 et
594 818 842 889 accipiam
888 833 975 872 vos
1001 834 1162 872 unum
1212 818 1275 872 de
1319 817 1522 871 civitate
1563 824 1610 870 et
1644 815 1773 869 duos
1826 815 1889 868 de

288 909 516 981 familia,
546 919 592 963 et
619 909 859 964 inducam
878 925 967 965 vos
992 911 1045 964 in
1075 909 1225 977 Sion,
1254 919 1305 965 et
1335 908 1467 963 dabo
1493 907 1633 962 vobis
1660 916 1888 979 pastores

287 1007 569 1062 secundum
613 1022 703 1061 cor
751 1021 939 1072 meum,
987 1014 1034 1060 et
1087 1012 1297 1076 pascant
1345 1019 1434 1059 vos
1460 1004 1751 1075 ipascentes
1773 1008 1890 1055 cum

288 1098 584 1169 disciplina.

360 1190 478 1246 Non
506 1190 775 1246 absimilis
821 1199 906 1246 est
925 1202 1121 1247 sensus
1165 1191 1456 1247 verborum
1501 1188 1736 1253 illorum,
1770 1200 1891 1257 quae

290 1285 453 1343 modo
480 1285 731 1356 allegavi,
758 1285 1174 1356 qumqueunius
1205 1292 1410 1339 tantum
1438 1282 1696 1339 versiculi
1726 1282 1893 1339 inter-

291 1380 438 1436 vallo
495 1396 523 1433 a
579 1380 947 1451 superioribus
994 1378 1217 1435 distant.
1269 1377 1329 1433 In
1379 1375 1609 1447 Vulgata
1648 1384 1812 1447 porro
1837 1375 1892 1431 in

288 1475 512 1531 latinum
543 1475 622 1531 sic
649 1490 804 1531 versa
835 1485 990 1531 sunt:
1014 1473 1395 1543 Convertimini,
1419 1474 1535 1544 ﬁlii,
1564 1481 1890 1542 revertentes,

289 1571 414 1627 dicit
467 1570 743 1637 Dominus,
801 1572 920 1642 quia
958 1587 1053 1644 ego
1100 1572 1178 1626 vir
1226 1580 1409 1634 vester,
1438 1579 1486 1624 et
1520 1582 1778 1624 assumatn
1805 1583 1893 1623 vos

287 1682 454 1721 unum
507 1666 573 1720 de
599 1665 827 1734 civitate,
860 1675 906 1719 et
954 1664 1085 1720 duos
1134 1664 1200 1719 de
1236 1665 1558 1737 cognatione,
1586 1673 1634 1717 et
1660 1661 1894 1718 introdu-

288 1773 403 1813 cam
453 1775 541 1814 vos
588 1758 645 1813 in
674 1758 827 1824 Sion,
883 1766 929 1812 et
983 1759 1115 1814 dabo
1162 1757 1301 1813 vobis
1344 1766 1573 1827 pastores
1592 1759 1753 1829 juxta
1804 1772 1893 1811 cor

289 1866 476 1916 meum,
508 1862 557 1907 et
585 1862 795 1923 pascant
824 1868 911 1907 vos
938 1853 1152 1908 scientia
1186 1862 1234 1906 et
1260 1853 1517 1906 doctrina.

361 1944 418 2001 Si
475 1947 598 2017 quis
643 1945 901 2014 aﬂlrmet,
933 1945 1002 2001 ad
1043 1942 1373 2001 Novatiauos
1424 1957 1685 2015 expresse
1730 1941 1894 2014 dirigi

289 2038 459 2094 verba
514 2038 653 2104 haec,
686 2037 902 2109 illisque
942 2039 1184 2108 promitti
1215 2038 1261 2094 si
1290 2038 1358 2093 ab
1397 2037 1592 2093 haeresi
1629 2045 1685 2092 et
1714 2035 1893 2091 schis-

289 2140 435 2186 mate
459 2132 805 2202 resipuerint,
855 2130 1168 2202 reversique
1214 2131 1416 2187 iuerint
1462 2132 1530 2187 ad
1570 2130 1890 2197 Ecclesium,

288 2228 559 2300 legitimos
589 2242 855 2300 verosque
880 2238 1148 2300 pastores,
1171 2228 1298 2283 dum
1329 2227 1639 2299 illegitimos
1653 2226 1895 2297 spurius-

289 2337 394 2393 que
449 2321 821 2377 tantummodo
847 2322 1130 2387 haberent,
1166 2321 1220 2375 id
1253 2336 1384 2376 sane
1414 2320 1728 2385 afﬁrmabit,
1749 2318 1895 2391 quod

291 2427 392 2485 ego
440 2413 892 2469 verisimillimum
945 2422 1094 2482 puto.
1145 2413 1311 2485 Lege,
1357 2413 1608 2480 obsecro,
1657 2428 1778 2483 quae
1825 2413 1894 2469 de

291 2505 519 2562 scelesta
542 2504 883 2561 ordinatione
907 2504 1212 2572 Novatiani,
1253 2506 1593 2577 aliorumque
1622 2506 1890 2560 scltisma~

294 2605 521 2661 ticorttm
581 2604 802 2659 tradunt
868 2603 1175 2676 Cyprianus
1238 2602 1323 2676 (1)
1375 2611 1431 2659 et
1487 2602 1753 2659 Pacianus
1788 2600 1890 2675 (εἰ),

292 2698 488 2769 quibus
515 2697 684 2752 addas
709 2704 859 2766 opto,
891 2708 1010 2766 quae
1039 2696 1144 2751 hoc
1173 2708 1337 2766 super
1361 2702 1680 2765 argumento
1706 2703 1896 2749 anetor

296 2792 419 2848 libri
447 2792 516 2847 ad
546 2791 895 2847 Novatiauum
925 2791 1144 2862 copiose
1166 2790 1386 2847 disserit
1422 2790 1538 2863 (5):

362 2885 506 2943 XVI.
539 2886 672 2943 Item
723 2887 832 2943 illic
859 2885 1076 2959 (lerant.
1108 2902 1185 2951 nt,
1234 2883 1331 2957 22)
1356 2904 1370 2941 :
1398 2884 1767 2941 Convertimini
1796 2884 1895 2955 ﬁlii

292 2989 615 3047 revertentes,
645 2990 692 3035 et
721 2997 812 3053 ego
833 2982 1025 3035 sanabo
1048 2980 1401 3035 contritionem
1439 2991 1677 3034 vestram.

367 3072 515 3129 Idem
549 3089 715 3145 porro
739 3074 882 3146 quod
911 3074 978 3130 de
1006 3074 1216 3131 duobus
1257 3075 1506 3146 proxime
1534 3074 1892 3144 praecedenti-

294 3166 397 3222 bus
434 3166 732 3237 Scriptura:
770 3167 905 3222 locis
930 3167 1065 3233 dixi,
1094 3166 1162 3223 de
1189 3183 1255 3223 eo
1284 3168 1443 3223 etiam
1484 3167 1755 3224 afﬁrmare
1786 3185 1892 3225 non

1993 532 2206 586 taliones
2232 532 2471 587 dolorum
2499 542 2701 588 tuorum
2726 535 2751 588 ?

2068 622 2138 679 Ut
2169 624 2273 678 vim
2296 625 2604 695 assequeris
2634 624 2927 680 testimonii
2955 625 3123 693 illius,
3167 625 3311 696 quod
3340 625 3431 682 hic
3458 627 3597 683 alle-

1991 724 2167 785 gatttr,
2200 731 2263 770 ea
2292 717 2538 783 consule,
2575 733 2696 788 quas
2726 716 2795 771 ad
2846 716 3000 771 lucos
3038 717 3336 787 Scriptura:
3367 734 3448 786 tv,
3477 735 3511 774 ν
3541 728 3597 775 et.

1994 826 2048 865 ιι
2086 810 2276 865 tradita
2325 819 2466 867 sunt.
2516 811 2738 882 Vulgata
2772 811 2852 866 sic
2882 810 3015 865 illud
3068 811 3290 867 exhibet
3331 829 3345 865 :
3395 811 3535 866 Lava
3565 830 3600 865 α

1992 906 2192 959 malitia
2219 921 2308 960 cor
2334 917 2497 974 tuum,
2522 905 2835 973 Jerusalem,
2891 915 2948 958 ut
2995 905 3140 960 salva
3170 906 3288 974 fias.
3324 904 3597 979 Usquequo

1995 999 2324 1054 morabuntur
2351 1001 2407 1055 in
2434 1010 2481 1054 te
2507 1001 2838 1071 cogitationes
2865 999 3072 1054 noxias?

2066 1093 2250 1150 XVIII.
2290 1095 2423 1151 Item
2492 1096 2604 1151 illic
2669 1095 2883 1167 (larem.
2964 1111 3078 1159 vui,
3132 1095 3191 1166 4)
3232 1111 3246 1148 :
3292 1094 3420 1150 Htac
3472 1096 3598 1151 dicit

1998 1186 2247 1241 Dominus
2268 1203 2287 1240 :
2317 1185 2585 1257 Numquid
2609 1187 2697 1257 qui
2716 1186 2872 1254 cadit,
2921 1202 3023 1240 non
3051 1195 3318 1257 resurget;
3373 1195 3464 1241 aut
3502 1189 3593 1257 qui

1995 1281 2173 1335 avertit
2203 1296 2276 1347 se,
2300 1297 2400 1335 non
2422 1280 2776 1336 convertatur?
2809 1280 2930 1350 quia
2955 1280 3135 1335 avertit
3175 1296 3229 1333 se
3253 1279 3475 1351 papulas
3498 1281 3597 1335 ista

1995 1391 2028 1427 a
2054 1373 2246 1427 visione
2268 1373 2501 1444 improba
2524 1414 2540 1440 ,
2589 1383 2636 1429 et
2684 1372 3006 1428 obtinuerunt
3055 1373 3452 1443 priesumptione
3479 1380 3596 1439 sua,

1996 1476 2045 1522 et
2072 1469 2342 1522 noluerunt
2363 1469 2603 1522 converti.

2068 1560 2395 1631 lpsissimam
2409 1561 2823 1632 explicationem
2839 1559 3059 1616 adhibet
3077 1560 3140 1615 iis
3155 1559 3403 1616 leremite
3418 1559 3601 1617 verbis

1996 1669 2117 1725 quae
2178 1653 2342 1708 modo
2391 1654 2641 1725 allegavi,
2692 1652 3008 1709 Bachiarius
3054 1653 3134 1726 (5)
3177 1653 3293 1708 haec
3335 1652 3599 1709 tradens:

1994 1746 2065 1801 Et
2091 1746 2214 1801 alibi
2237 1762 2256 1800 :
2287 1743 2553 1817 Numquid
2568 1747 2655 1815 qui
2681 1746 2817 1799 cadit
2838 1763 2940 1800 non
2960 1754 3209 1817 resurget,
3251 1754 3339 1800 aut
3364 1756 3595 1801 avertens

1918 1847 1967 1909 Β
1995 1854 2099 1894 non
2163 1839 2522 1906 convertitur!
2576 1837 2658 1892 Ad
2708 1836 2854 1893 hunc
2898 1853 3031 1893 vero
3092 1838 3310 1893 modunt
3375 1838 3597 1910 Vulgata

1998 1934 2166 1988 refert
2194 1954 2207 1988 :
2242 1931 2371 1987 lltec
2414 1931 2539 1985 dicit
2582 1930 2836 1986 Dominus
2865 1948 2884 1985 :
2916 1929 3187 2002 Numquid
3222 1932 3309 2002 qui
3327 1932 3467 1986 cadit
3496 1948 3602 1988 non

1995 2025 2267 2097 resurget?
2320 2034 2368 2079 et
2416 2025 2503 2094 qtti
2542 2036 2748 2079 aversus
2775 2033 2870 2092 est,
2932 2039 3035 2078 non
3064 2033 3339 2078 revertetur
3359 2024 3385 2077 ?
3427 2025 3602 2091 Quare

1997 2135 2118 2190 ergo
2149 2134 2356 2173 aversus
2404 2126 2479 2173 est
2520 2118 2742 2188 populus
2787 2116 2885 2171 ista
2919 2117 2975 2171 in
3021 2116 3314 2172 Jerusalem
3339 2115 3605 2171 aversione

1997 2214 2312 2269 contentiosa
2329 2212 2354 2266 ?

2067 2306 2373 2365 XIX..Item
2424 2305 2534 2361 illic
2565 2303 2783 2378 (lerant.
2844 2317 2959 2372 vtu,
3012 2301 3116 2375 6):
3148 2300 3273 2356 Non
3324 2312 3398 2357 est
3450 2302 3602 2356 homo

1996 2406 2343 2476 paenitentiam
2372 2420 2528 2475 agens
2567 2420 2599 2456 a
2654 2401 2853 2456 malitia
2892 2416 3004 2464 sua,
3056 2400 3230 2454 dicens
3255 2416 3274 2454 :
3301 2400 3426 2471 quid
3449 2400 3547 2469 feci
3574 2400 3601 2453 ?

1994 2494 2191 2566 Deiecit
2219 2498 2307 2566 qui
2340 2496 2501 2550 currit
2539 2510 2697 2549 cursu
2724 2509 2840 2562 suo,
2876 2493 3006 2547 sicut
3053 2508 3213 2563 equus
3255 2491 3480 2547 suadens
3513 2491 3598 2563 (6)

1994 2591 2051 2645 in
2076 2589 2280 2643 hinnitu
2309 2605 2422 2644 suo.

2067 2685 2221 2754 Quod
2236 2684 2338 2739 hoc
2360 2685 2478 2739 loco
2494 2684 2726 2754 positum
2750 2694 2855 2750 est,
2883 2681 3023 2738 istud
3048 2681 3115 2737 ad
3141 2696 3262 2736 eum
3287 2679 3457 2737 ferme
3480 2693 3602 2734 mo-

1996 2780 2124 2835 dum
2137 2778 2434 2849 explicatur
2447 2792 2554 2845 quo
2566 2775 2862 2846 explicatur
2879 2775 3199 2831 duodecimo
3213 2774 3330 2829 loco
3344 2774 3601 2845 positum.

2002 2873 2101 2928 Ilic
2115 2871 2297 2943 itaque
2318 2884 2380 2925 ea
2407 2869 2609 2935 recole,
2637 2882 2757 2938 qua:
2778 2867 2853 2922 ibi
2875 2867 3177 2923 suntdicta.
3197 2866 3422 2935 Vulgata
3445 2864 3603 2935 paqu

1995 2966 2156 3022 aliter
2188 2980 2250 3019 ea
2288 2964 2453 3019 verba
2496 2960 2708 3028 reddit;
2750 2960 3002 3016 nimirum
3059 2961 3130 3014 ita
3154 2976 3167 3012 :
3194 2957 3388 3012 Nullus
3413 2967 3485 3011 est
3512 2957 3605 3026 qui

1995 3067 2117 3130 agat
2144 3055 2488 3127 paenitentiam
2505 3070 2659 3124 super
2680 3062 2885 3123 peccato
2921 3069 3034 3119 suo,
3060 3050 3254 3117 dicens,
3291 3048 3429 3115 Quid
3458 3047 3601 3117 feci?

2001 3149 2188 3204 Omnes
2226 3148 2453 3203 conversi
2495 3156 2614 3202 sunt
2658 3145 2725 3199 ad
2770 3160 2973 3199 cursum
3027 3158 3196 3208 suum,
3245 3140 3390 3210 quasi
3443 3154 3602 3207 equus

295 3272 511 3328 vereor,
558 3232 719 3331 quem
760 3274 934 3330 nuper
976 3260 1152 3328 attuli,
1204 3262 1405 3331 quique
1450 3261 1502 3314 in
1542 3260 1767 3331 Vulgata
1812 3261 1892 3317 sic
1918 3254 1962 3317 ο
1995 3244 2188 3313 impetu
2215 3241 2406 3297 vadens
2454 3240 2523 3294 ad
2564 3238 2821 3331 praelium.
2858 3237 2932 3291 Ea
2976 3236 3157 3331 itaque
3206 3232 3599 3331 interpretatio,

294 3351 490 3424 legitur
521 3369 535 3407 :
569 3351 953 3419 Convertimini,
984 3352 1079 3421 ﬁlii
1106 3362 1430 3420 revertentes,
1463 3361 1512 3407 et
1533 3354 1725 3409 sanabo
1746 3366 1895 3409 aver-

298 3445 464 3499 siones
484 3456 694 3501 vestras.
738 3446 875 3502 Vide
904 3447 1226 3517 interpretes
1254 3446 1305 3500 in
1337 3445 1479 3501 hunc
1511 3446 1709 3502 locum.

369 3536 531 3593 XVII.
567 3538 698 3594 Item
726 3538 836 3595 illic
855 3539 1066 3607 (larem.
1096 3556 1170 3607 tv,
1195 3538 1284 3602 14)
1313 3558 1324 3595 :
1355 3536 1563 3596 Abluea
1587 3541 1785 3596 malitia
1810 3559 1900 3599 cor

372 3714 451 3790 (1)
498 3736 518 3770 ι
547 3716 613 3772 Et
639 3716 791 3773 Johel
816 3720 1074 3787 propheta
1106 3719 1358 3786 pietatem
1388 3720 1633 3782 Domini,
1668 3720 1893 3775 Domino

300 3788 683 3861 ipsumonente
712 3790 947 3846 declarat
1004 3811 1016 3846 :
1080 3792 1430 3857 Reverlimini,
1466 3792 1655 3861 inquit,
1689 3792 1757 3845 ad
1787 3792 1893 3845 Do-

302 3863 498 3915 minum
528 3860 690 3916 Deum
712 3873 947 3921 vestrum,
982 3865 1223 3935 quoniam
1250 3860 1557 3928 misericors,
1581 3875 1626 3917 et
1656 3864 1769 3933 pius
1792 3875 1887 3935 est,

301 3941 347 3985 et
373 3935 588 4002 patiens,
620 3942 666 3987 et
686 3936 861 3988 multa:
888 3933 1225 3988 miserationis
1244 3978 1258 3999 ,
1289 3944 1332 3987 et
1360 3935 1447 4004 qui
1473 3936 1767 3987 sententiam
1795 3933 1891 4003 ﬂe-

301 4013 404 4058 ctat
423 4006 665 4060 adversus
705 4006 931 4075 malitias
958 4006 1229 4075 irrogatas.
1272 4023 1289 4075 ι
1320 4004 1522 4070 Quibus
1551 4005 1766 4071 quidem
1802 4020 1886 4057 re-

302 4077 498 4141 citatis,
528 4076 643 4131 haec
671 4076 819 4131 addit
842 4074 1141 4143 Cyprianus
1171 4092 1183 4126 :
1221 4094 1238 4125 ι
1273 4074 1453 4128 Potest
1483 4076 1572 4129 ille
1610 4075 1889 4144 indulgen-

307 4167 328 4199 ι
366 4146 492 4201 tiam
519 4148 668 4213 dare,
725 4148 1045 4201 sententiam
1075 4161 1225 4200 suam
1258 4156 1432 4213 potest
1458 4145 1546 4200 ille
1575 4145 1885 4202 deﬂectere.

310 4236 329 4268 ι
364 4218 684 4281 Poenitenti,
743 4217 1019 4279 οιιειιιιιιιί,
1078 4217 1287 4287 roganti
1355 4224 1530 4285 potest
1597 4218 1890 4273 clementer

312 4305 330 4339 ι
366 4288 663 4357 ignoscvre.
703 4306 719 4339 t
753 4286 844 4352 (In
872 4289 999 4343 libro
1031 4289 1092 4342 de
1120 4286 1324 4357 Lapsis,
1350 4305 1402 4355 ρ.
1431 4288 1581 4357 586.)

378 4359 521 4413 Alibi
546 4359 736 4424 etiam,
774 4363 902 4415 uim.
945 4362 1105 4431 epist.
1148 4377 1239 4424 LII,
1273 4376 1324 4428 p.
1372 4360 1502 4414 155:
1539 4380 1558 4413 ι
1595 4359 1727 4415 Nam
1767 4376 1888 4417 cum

314 4452 331 4484 ς
369 4432 625 4496 scriptum
658 4432 728 4487 sit
759 4450 769 4484 :
802 4431 938 4486 Deus
982 4444 1189 4487 mortem
1237 4448 1339 4485 non
1380 4432 1517 4503 fecit,
1543 4449 1633 4487 nec
1662 4434 1891 4487 delecta-

312 4522 333 4556 ι
368 4512 450 4556 tur
476 4503 528 4557 in
559 4503 842 4574 perditione
870 4506 1095 4557 vivorum
1116 4522 1133 4570 ;
1158 4503 1342 4573 utique
1365 4502 1453 4572 qui
1484 4506 1752 4557 nemiuem
1782 4505 1893 4560 vult

313 4594 332 4628 s
370 4580 565 4645 perire,
599 4574 744 4643 cupit
772 4580 1079 4644 peccatores
1104 4577 1469 4643 pteuitentiam
1498 4588 1676 4640 agere,
1714 4586 1766 4629 et
1797 4590 1890 4643 per

313 4665 332 4700 ι
369 4648 743 4715 pteuitentiam
774 4646 951 4701 denuo
973 4648 1037 4700 ad
1070 4647 1231 4701 vitam
1282 4647 1479 4702 redire.
1521 4646 1647 4701 Ideo
1694 4656 1749 4701 et
1798 4662 1892 4715 per

315 4737 334 4770 (
367 4716 522 4773 Johcl
552 4720 862 4785 pt‘Olillelttm
887 4718 1081 4771 clamat
1102 4730 1155 4773 et
1181 4718 1310 4772 dicit
1342 4735 1353 4769 :
1380 4716 1457 4771 Et’
1475 4734 1610 4771 nunc
1641 4717 1747 4772 [nec
1774 4719 1898 4771 dicit

316 4808 335 4842 t
372 4787 622 4843 Dominus
643 4788 775 4842 Deus
798 4804 958 4843 vester
973 4807 991 4842 .'
1014 4786 1337 4843 Revertimini
1357 4788 1517 4842 adma
1535 4805 1595 4843 ea:
1615 4798 1719 4842 toto
1745 4789 1898 4843 corde

316 4878 335 4913 t
372 4869 557 4928 vestro,
589 4859 838 4931 simulque
866 4870 912 4914 et
935 4860 1131 4931 jejunio
1158 4872 1203 4914 et
1229 4860 1351 4926 [Ictu
1379 4869 1424 4913 et
1451 4859 1678 4926 planctu,
1710 4868 1754 4914 et
1786 4860 1895 4913 dis-

316 4950 337 4986 s
372 4932 558 4986 cindite
582 4934 735 4986 corda
756 4941 917 4987 vestra
941 4940 986 4985 et
1013 4947 1112 4984 non
1135 4947 1191 4985 ve
1208 4934 1429 4985 .timenta
1451 4942 1634 4996 vestra,
1660 4942 1703 4985 et
1731 4944 1898 4984 rever-

316 5023 336 5056 t
375 5004 541 5058 limini
575 5007 643 5058 ad
685 5002 958 5064 Dotnmum
1004 5002 1165 5057 Deum
1192 5014 1428 5069 vestrum,
1455 5005 1572 5071 quia
1612 5003 1898 5057 misericors

318 5093 337 5127 ι
372 5088 417 5130 et
456 5077 570 5145 pius
612 5086 704 5140 est,
745 5088 790 5128 et
825 5076 1016 5142 patiens
1046 5083 1089 5127 et
1138 5075 1309 5127 multa:
1347 5076 1704 5140 miserationis,
1738 5082 1785 5127 et
1814 5075 1900 5145 qui

320 5164 339 5199 t
372 5148 669 5201 sententiam
702 5147 874 5217 ﬂectat
901 5147 1145 5200 adversus
1177 5145 1423 5217 malitiam
1451 5146 1745 5216 irrogatam.
1790 5165 1808 5197 ι

387 5218 602 5273 I’aciaui
653 5216 812 5287 porro
870 5218 1113 5275 Joh‘elem
1170 5216 1454 5285 allegantis
1505 5219 1670 5271 verba
1730 5217 1897 5271 hahes

313 5289 473 5358 epist.
503 5306 537 5355 ι,
568 5306 688 5360 pag.
722 5290 809 5355 5i,
839 5301 893 5344 et
915 5288 1076 5358 epist.
1118 5304 1196 5353 tu,
1230 5287 1462 5360 pag.65.
1493 5287 1647 5354 Quod
1688 5288 1753 5341 ad
1793 5289 1900 5342 Da~

314 5359 880 5433 mascenum’attinet,
935 5360 1156 5433 consule
1208 5359 1418 5429 parall.,
1466 5360 1569 5414 litt.
1608 5384 1669 5433 μ,
1721 5361 1801 5414 tit.
1839 5361 1893 5429 5,

315 5446 368 5502 p.
402 5432 527 5499 578,
563 5443 689 5486 tum.
724 5448 758 5486 Il
786 5428 911 5487 edit.
940 5432 988 5486 le
1015 5431 1209 5497 Quien.

390 5502 469 5576 (2)
521 5504 595 5558 De
645 5503 856 5560 Uttitate
912 5503 1207 5576 Ecclesim;
1261 5502 1420 5570 epist.
1477 5518 1595 5567 xu,
1648 5518 1701 5573 p.
1760 5500 1895 5571 19.5;

318 5574 479 5647 epist.
504 5591 694 5647 ltum,
724 5590 778 5645 p.
814 5575 935 5647 t50_,
961 5586 1013 5628 et
1036 5574 1192 5643 epist.
1219 5589 1451 5647 remp.
1485 5575 1742 5647 “Leto.

416 5648 471 5716 3)
501 5645 673 5716 Epist.
704 5661 782 5710 Ill,
810 5663 861 5715 p.
895 5645 982 5709 60,
1011 5655 1138 5699 tum.
1173 5660 1232 5710 ll,
1263 5645 1476 5699 Bihliot.
1508 5646 1677 5702 Paris.

412 5716 471 5781 4)
500 5737 519 5769 ι
558 5718 885 5788 Praedixerat
938 5717 1154 5788 quidem
1185 5725 1239 5770 et
1266 5716 1522 5773 Dominus
1564 5720 1758 5774 multos
1787 5732 1907 5774 esse

319 5780 724 5918 zel;l§2(:51:llb
772 5780 1002 5861 pellibus
1058 5788 1237 5844 ovium
1283 5802 1507 5859 rapaces
1550 5789 1726 5862 lupos,
1762 5797 1904 5847 etc.»

318 5875 372 5933 p.
405 5871 472 5918 ta
491 5871 546 5918 et
569 5871 675 5918 M.’

1999 3351 2160 3407 quam
2196 3335 2442 3405 sequitur
2486 3340 2673 3387 noster
2710 3330 2963 3400 scriptor,
2985 3344 3015 3381 a
3049 3325 3397 3396 Septuaginta
3436 3325 3603 3379 inter-

2002 3429 2247 3499 pretibus
2303 3425 2544 3498 proﬂuit.
2601 3425 2690 3481 Sic
2732 3433 2911 3479 autem
2958 3437 3022 3478 ea
3073 3419 3306 3489 erplicat
3355 3416 3604 3473 Theodo-

2001 3531 2149 3577 retus
2172 3520 2285 3593 ('7):
2311 3537 2329 3571 ι
2354 3518 2541 3589 Equus
2565 3518 2788 3588 impetu,
2819 3526 2873 3572 et
2890 3515 3100 3570 hinnitu
3116 3526 3363 3578 currens,
3380 3520 3501 3582 post
3525 3512 3604 3566 1a—

2010 3633 2030 3668 t
2062 3614 2245 3670 liorem
2269 3613 2442 3679 sistit;
2467 3612 2521 3666 hi
2559 3626 2687 3665 vero
2714 3609 2885 3680 (impii
2922 3607 3133 3663 scilicet
3161 3614 3217 3662 et
3255 3600 3601 3675 iniquissimi)

2014 3729 2032 3762 ι
2067 3709 2290 3763 minime
2327 3706 2690 3762 constiterunt
2710 3704 2763 3759 in
2793 3702 3061 3759 scelerum
3108 3715 3329 3755 suorum
3357 3712 3538 3756 cursu.
3575 3716 3596 3748 ι

1998 3803 2203 3858 Locum
2233 3800 2379 3854 hunc
2405 3799 2605 3868 allegat
2630 3798 2790 3850 etiam
2818 3796 3183 3849 Damascenus
3211 3790 3315 3865 (8).

2070 3894 2188 3949 ΧΧ.
2228 3893 2359 3948 Item
2391 3892 2502 3949 illic
2544 3890 2787 3959 (lerem.,
2824 3904 2976 3955 xvnt,
3040 3888 3127 3951 11,
3164 3886 3254 3957 12)
3285 3903 3299 3940 :
3330 3885 3603 3941 Avertatur

1996 4007 2113 4061 ergo
2143 3986 2489 4056 unusquisque
2506 4001 2538 4037 a
2556 3984 2636 4038 via
2665 3999 2759 4039 sua
2773 3982 2930 4049 mala,
2951 3990 2996 4035 et
3018 3980 3231 4034 meliora
3253 3979 3409 4051 facile
3434 3979 3604 4033 studia

1994 4091 2179 4138 vestra.
2211 4078 2280 4133 Et
2307 4079 2544 4133 dixerunt
2573 4093 2591 4130 :
2613 4073 3048 4145 Confortabimur,
3072 4072 3192 4144 quia
3211 4080 3325 4143 post
3357 4069 3602 4125 adiuven-

1995 4178 2155 4232 tiones
2183 4183 2374 4229 vestras
2415 4172 2493 4247 (9)
2519 4172 2725 4238 ibimus,
2767 4178 2813 4224 et
2843 4168 3210 4240 unusquisque,
3239 4180 3353 4237 qua:
3398 4166 3603 4236 placant

1994 4270 2139 4325 cordi
2165 4285 2279 4333 suo,
2314 4267 2452 4322 mala
2481 4266 2745 4339 faciemus.

2068 4363 2123 4420 Si
2148 4376 2339 4419 eorum
2365 4357 2699 4424 memineris,
2757 4370 2879 4426 quae
2905 4353 2971 4409 ad
3024 4354 3201 4408 locum
3254 4367 3353 4417 xu,
3408 4365 3600 4405 eorum

1994 4475 2232 4531 quoque,
2255 4473 2374 4529 qua:
2401 4455 2468 4510 ad
2496 4469 2606 4521 xiv,
2656 4466 2743 4517 xv,
2771 4458 2828 4505 et
2861 4447 3257 4517 subsequentes
3309 4443 3598 4499 annotavi-

1914 4571 1968 4635 Ι)
1995 4569 2114 4609 mus
2133 4596 2149 4621 ,
2185 4551 2338 4607 facile
2356 4546 2642 4621 percipies,
2667 4558 2776 4615 quo
2790 4541 3072 4611 superiora
3094 4538 3256 4594 verba
3281 4537 3596 4593 collineent.

1997 4649 2291 4718 Propterea
2342 4657 2505 4713 porro
2540 4655 2602 4695 ea
2652 4638 2810 4694 allata
2843 4637 2931 4691 hic
2971 4643 3122 4705 puto,
3173 4641 3232 4687 ut
3276 4631 3415 4688 sicut
3466 4631 3599 4686 olim

2000 4742 2213 4797 vocanti
2262 4738 2492 4795 Domino
2535 4733 2604 4789 ad
2650 4729 3022 4803 paenitentiam
3065 4727 3323 4784 Hebraeus
3370 4726 3600 4797 pupulus

2000 4833 2296 4891 sceleribus
2349 4830 2464 4886 suis
2508 4825 2800 4882 obstrictus
2838 4837 3032 4894 parere
3081 4820 3388 4887 recusabat,
3432 4818 3600 4873 male-

2001 4929 2203 4997 batque
2250 4924 2355 4979 diis
2401 4920 2596 4977 alienis
2630 4920 2917 4991 pravisque
2968 4913 3406 4971 inclinationibus
3430 4912 3602 4967 inser-

2003 5020 2139 5083 viro,
2170 5031 2331 5088 quam
2355 5015 2504 5079 Deo;
2552 5013 2626 5067 ita
2654 5011 2822 5081 iniqui
2851 5010 2946 5077 illi,
2996 5023 3135 5077 quos
3165 5005 3388 5077 corripit
3415 5013 3603 5061 noster

2004 5116 2238 5184 scriptor
2293 5108 2617 5183 (Novatiani
2678 5106 2905 5168 scilicet,
2951 5104 3055 5159 nisi
3105 5103 3266 5173 plane
3314 5097 3597 5171 fallimur),

2002 5206 2297 5262 schismate
2318 5212 2373 5258 et
2397 5200 2674 5258 erroribus
2723 5197 2835 5253 suis
2867 5194 3131 5264 impediti,
3159 5193 3368 5249 vocanti
3412 5191 3523 5247 Deo
3547 5200 3604 5247 et;

2003 5296 2267 5355 Ecclesia:
2295 5308 2489 5367 parere
2513 5301 2829 5357 renuerunt,
2880 5288 3228 5361 pertinaciter
3274 5286 3520 5341 volentes
3544 5285 3603 5340 in

2003 5391 2293 5448 schismate
2316 5398 2371 5445 et
2400 5394 2651 5457 suscepto
2680 5397 2871 5441 errore
2913 5382 3226 5453 persistere.
3284 5375 3454 5434 Valde
3484 5374 3602 5433 alti-

2078 5568 2158 5639 (5)
2182 5568 2312 5638 Pag.
2342 5568 2376 5639 '5
2406 5564 2546 5639 edit._
2562 5562 2841 5639 Francisci
2861 5561 3050 5617 Florii.

2110 5634 2166 5712 6)
2192 5634 2329 5712 Polo
2361 5635 2642 5712 legendum
2679 5654 2693 5690 :
2729 5634 2958 5712 Sudans.

2110 5641 2166 5712 6)
2192 5641 2329 5695 Puto
2361 5641 2642 5708 legendum
2679 5654 2693 5690 :
2729 5641 2958 5691 Sudans.

2082 5641 2171 5787 ᾖ)
2204 5710 2320 5787 ιλιι).
2346 5725 2389 5787 ιι
2414 5710 2783 5787 ροηιῐιιθιιιπ.
2808 5707 2863 5761 in
2878 5702 3216 5773 Jeremiam.,
3236 5716 3356 5775 cap.
3380 5715 3496 5757 vut.

2091 5719 2143 5787 ('7
2204 5719 2320 5766 Lib.
2351 5725 2389 5765 ιι
2414 5719 2783 5765 Uttntmettlar.
2808 5723 2823 5761 ι

2091 5719 2173 5854 (8i
2209 5781 2402 5854 Parati.
2426 5781 2530 5835 litt.
2557 5801 2617 5852 μ,
2643 5778 2725 5833 tit.
2750 5792 2829 5835 ιιι.

2084 5857 2164 5928 (9)
2194 5853 2436 5927 Nostras,
2468 5862 2528 5909 ut
2554 5861 2722 5925 puto.,
2738 5882 2794 5924 δέ
