4142 6256
632 302 773 358 1175

1995 310 2086 369 DE
2127 312 2555 373 ARGUMENTO

3822 324 3960 380 “76

637 417 719 471 nis
775 417 1205 485 interpretationi
1254 433 1415 489 quam
1461 421 1697 491 scriptor
1741 432 1926 480 noster
1957 428 2227 498 proponit,
2259 428 2629 499 Apertinacia
2683 425 2740 483 hi
2783 426 3145 498 perstiterint,
3197 432 3413 487 tametsi
3448 433 3660 489 veniam
3712 436 3809 492 eis
3849 446 3958 493 tam

636 524 699 563 ea
730 518 810 563 est
857 525 1014 579 quam
1048 509 1207 567 habet
1230 509 1478 582 Vulgata,
1517 513 1773 570 nimirum
1805 516 1959 574 haec:
1993 518 2235 577 Reverta-

638 611 723 655 tur
748 603 1134 673 unusquisquea
1160 600 1255 659 ’via
1283 622 1379 660 sua
1399 608 1556 671 mala,
1576 618 1624 662 et
1655 609 1864 680 dirigite
1900 614 2007 666 vias
2044 623 2235 669 vestras

635 702 684 746 et
716 693 886 747 studia
941 706 1126 748 vestra.
1173 696 1274 764 Qui
1314 699 1551 754 dixerunt
1593 717 1611 754 :
1652 700 2081 773 Desperavimus;
2121 716 2235 777 post

633 786 968 856 cogitationes
995 790 1129 843 enim
1167 802 1368 846 nostras
1400 793 1604 860 ibimus,
1654 804 1701 850 et
1737 798 2086 869 unusquisque
2114 816 2234 871 pra-

634 881 843 939 vitatem
872 887 1041 942 cordis
1061 889 1143 942 sui
1165 891 1289 943 ntali
1314 892 1578 959 faciemus.

706 975 851 1032 XXI.
902 979 1032 1034 Item
1084 981 1195 1036 illic
1251 982 1489 1055 (Thren.
1540 984 1598 1053 ιι,
1649 986 1755 1059 18)
1788 1004 1801 1040 :
1833 986 2061 1055 Effunde
2106 991 2236 1046 sicut

635 1080 832 1125 torrens
864 1070 1117 1142 lacrymas
1141 1073 1224 1127 die
1252 1092 1311 1129 ac
1354 1087 1537 1142 nocte;
1568 1078 1675 1132 noli
1716 1079 1841 1134 dare
1862 1081 1952 1135 tibi
1974 1083 2232 1152 requiem;

635 1178 737 1216 non
769 1162 920 1216 sileat
948 1164 1153 1234 pupilla
1183 1167 1320 1221 oculi
1345 1169 1439 1222 tui.

711 1255 793 1309 Ad
824 1258 1193 1325 paenitentiam
1222 1260 1443 1330 pulchre
1473 1262 1703 1318 invitant
1740 1264 1857 1321 haec
1887 1267 2090 1334 verba,.
2114 1282 2234 1338 qua:

650 1346 869 1416 Vulgata
901 1347 977 1402 sic
1005 1349 1165 1405 habet
1206 1370 1219 1406 :
1277 1352 1457 1408 Deduc
1482 1357 1631 1427 quasi
1679 1367 1951 1412 torrentem
1978 1358 2233 1431 lacrymas

635 1456 727 1510 per
767 1440 900 1493 diem
933 1452 979 1496 et
1007 1453 1199 1498 noctem
1237 1460 1256 1499 :
1286 1462 1389 1499 non
1415 1446 1503 1501 des
1542 1450 1761 1518 requiem
1810 1450 1920 1519 tibi,
1951 1468 2110 1522 neque
2149 1463 2231 1506 ta-

633 1542 742 1585 ceat
766 1533 966 1604 pupilla
992 1536 1127 1589 oculi
1157 1537 1250 1591 tui.
1280 1537 1379 1593 Hic
1404 1539 1580 1596 obiter
1629 1552 1779 1610 uoto,
1827 1545 2015 1613 primis
2047 1545 2232 1601 Eccle-

631 1624 727 1679 δίω
754 1627 966 1681 saeculis
992 1627 1240 1686 Jeretuim
1284 1630 1698 1690 Lamentationes
1732 1650 1838 1691 non
1888 1637 2233 1695 constituisse

632 1718 832 1773 librant
892 1722 1216 1790 peculiarem
1257 1726 1557 1798 sejunctqu
1608 1747 1638 1786 a
1686 1732 1992 1805 Prophetia.
2033 1736 2229 1794 Mirum

2339 521 2533 577 crebro
2561 530 2618 576 et
2642 519 2823 575 verbis
2863 529 2969 575 tam
3024 521 3322 592 perspicuis
3339 524 3622 582 obtulerit.
3652 525 3817 583 Vide
3842 544 3962 598 quae

2339 613 2573 668 diximus
2593 611 2659 667 ad
2687 612 2863 668 locum
2893 628 2986 681 xu,
3014 613 3142 669 item
3168 630 3289 685 quae
3314 615 3380 673 ad
3410 633 3503 673 xxv
3542 628 3601 674 et.
3623 630 3957 692 sequentes.

2338 706 2396 763 Si
2451 707 2728 777 Vulgatam
2785 709 3285 778 interpretationem
3332 722 3510 781 Optas,
3572 729 3703 770 eam
3774 720 3959 771 statim

2337 800 2506 856 affero
2560 819 2574 856 :
2639 799 2709 855 Et
2768 802 2899 856 dixit
2950 800 3203 858 Dominus
3262 804 3331 857 ad
3381 823 3460 860 me
3508 807 3564 861 in
3617 808 3823 864 diebus
3870 809 3961 864 Jo-

2336 897 2428 950 sice
2479 898 2648 967 regis:
2701 895 2967 966 Numquid
3013 899 3185 953 vidisti
3233 915 3348 969 qua:
3417 901 3595 971 fecerit
3646 905 3965 959 avet-scrtis

2338 990 2557 1046 Israel?
2614 992 2750 1047 Abiit
2803 993 3000 1048 sibimet
3074 1011 3228 1066 super
3301 1013 3502 1051 omnem
3573 1009 3825 1054 montem
3875 1017 3962 1055 ex-

2337 1086 2544 1153 celsum,
2571 1095 2618 1140 et
2653 1085 2744 1141 sub
2766 1087 2907 1141 omni
2956 1085 3095 1157 ligno
3149 1088 3413 1159 frondoso,
3457 1102 3507 1145 et
3555 1093 3847 1164 fornicata
3899 1104 3963 1147 est

2335 1177 2426 1245 ibi,
2458 1189 2504 1233 et
2530 1178 2642 1234 dixi
2661 1220 2677 1243 ,
2709 1196 2824 1234 cum
2857 1180 3059 1251 fecisset
3086 1181 3195 1236 hac
3221 1184 3395 1238 omnia
3418 1199 3437 1238 :
3469 1202 3488 1235 ‹
3522 1184 3607 1239 Ad
3645 1202 3739 1241 me
3789 1203 3967 1243 ret-er—

2337 1280 2458 1337 tere,
2487 1291 2504 1324 ι
2541 1282 2589 1325 et
2615 1288 2716 1327 non
2743 1284 2818 1327 est
2853 1290 3074 1328 reuersa.

2410 1362 2600 1419 XXIV.
2627 1363 2758 1420 Item
2805 1366 2912 1421 illic
2942 1365 3182 1438 (Thmu,
3230 1384 3312 1436 ιιι,
3336 1369 3430 1441 ’51)
3449 1386 3469 1424 :
3497 1370 3626 1425 Non
3661 1372 3897 1444 repellet
3916 1375 3961 1429 iu

2335 1466 2576 1511 internum
2602 1456 2875 1524 Dominus,
2908 1468 2957 1514 et
2984 1477 3101 1514 cum
3132 1460 3504 1531 humiliaverit,
3529 1466 3964 1522 miserebitur“-

2337 1549 2556 1603 cundum
2573 1551 2951 1609 multitudinem
2976 1553 3335 1610 misericordiae
3356 1572 3483 1623 suae,
3502 1558 3630 1627 quia
3655 1575 3779 1612 non
3793 1560 3961 1613 hami-

2338 1644 2480 1699 liabit
2508 1654 2696 1699 extoto
2723 1646 2877 1700 corde
2899 1663 3013 1712 suo,
3047 1664 3207 1717 neque
3227 1649 3436 1719 repellet
3465 1650 3606 1719 filios
3618 1652 3928 1706 hominum.

2410 1736 2486 1792 Ea
2511 1752 2632 1807 quae
2672 1739 2978 1794 testimonio
3025 1740 3160 1807 xnt‘,
3192 1741 3420 1813 aliisque
3447 1742 3717 1798 altinibus
3766 1746 3955 1801 tradita

632 1811 813 1882 itaque
839 1831 946 1870 non
993 1830 1076 1874 est
1121 1820 1191 1874 sit
1247 1822 1479 1893 scriptor
1520 1836 1705 1881 noster
1735 1827 1904 1883 veluti
1950 1845 2058 1884 uno
2087 1830 2228 1887 libro
2258 1835 2305 1896 B
2332 1839 2477 1894 sunt,
2512 1844 2698 1886 rursus
2727 1831 3066 1887 inculcantur
3093 1833 3160 1888 iis
3180 1832 3375 1889 verbis.
3404 1848 3527 1904 quas
3552 1851 3713 1891 nunc
3743 1853 3953 1907 expen-

630 1910 1022 1979 comprehensa
1049 1913 1166 1969 haec
1192 1915 1386 1987 alleget
1413 1918 1554 1988 (item
1582 1918 1733 1991 illic).

703 2003 874 2061 XXII.
905 2007 1035 2061 Item
1060 2009 1169 2065 illic
1189 2009 1403 2082 (Thren.
1436 2030 1512 2082 ιιι,
1536 2014 1632 2086 40)
1664 2034 1676 2070 :
1707 2014 2094 2072 Perserutemur
2119 2019 2228 2075 vias

630 2108 832 2152 nostras
856 2108 903 2152 et
924 2113 1277 2158 convertamur
1301 2106 1369 2160 ad
1403 2105 1696 2164 Dominum.
1736 2109 2045 2168 Mundemus
2071 2115 2228 2170 corda

630 2203 807 2247 nostra
836 2211 950 2249 cum
990 2198 1221 2253 manibus
1251 2206 1459 2268 nostris,
1490 2214 1536 2258 et
1564 2206 1902 2274 respiciamus
1942 2208 2011 2261 ad
2046 2206 2227 2263 Domi-

625 2301 773 2353 num,
797 2290 883 2358 qui
909 2290 1103 2345 habitat
1125 2293 1178 2347 in
1207 2296 1366 2350 etatis.
1421 2295 1534 2351 Nos
1572 2299 1915 2369 peccavimus,
1962 2310 2010 2356 et
2056 2302 2227 2357 irrita-

623 2383 809 2449 vimus,
829 2394 877 2439 et
894 2395 947 2439 tu
974 2403 1075 2441 non
1106 2406 1160 2444 es
1207 2392 1537 2461 prapitiatus.

706 2474 875 2532 Voces
899 2480 1213 2546 pmnitentis
1232 2482 1299 2536 ad
1332 2483 1498 2538 Deum
1531 2484 1836 2555 clamantis,
1867 2500 2032 2559 atque
2062 2490 2132 2546 ab
2158 2506 2224 2545 eo

626 2568 840 2623 veniam
903 2581 958 2625 et
1014 2573 1419 2630 miserationem
1477 2582 1821 2648 exposcentis
1886 2584 2051 2640 verba
2111 2586 2226 2641 haec

626 2663 960 2731 exprimunt.
1000 2665 1301 2723 Invitantur
1343 2670 1521 2741 itaque
1564 2673 1646 2729 his
1680 2676 1854 2744 primo
1886 2691 2223 2748 peccatores,

625 2755 951 2825 quicumque
1026 2760 1242 2815 tandem
1319 2763 1355 2818 ii
1427 2765 1574 2832 sint,
1648 2769 1878 2840 ichque
1946 2773 2224 2832 Novatiani

626 2847 729 2916 ipsi
757 2859 811 2904 et
838 2851 1189 2923 schismatici,
1226 2858 1291 2912 ad
1321 2861 1713 2928 paenitentiam.
1748 2867 2063 2926 Ostenditur
2091 2888 2227 2943 quo-

623 2956 729 3008 que
768 2942 1035 3000 immerito
1063 2950 1320 3019 prtecluuli
1366 2955 1505 3010 viam
1534 2957 1601 3012 ad
1639 2961 2032 3031 paenitentiam,
2056 2942 2227 3036 quan-

624 3034 914 3108 doquidem
942 3041 1171 3112 Spiritus
1203 3058 1420 3103 sanctus
1451 3066 1546 3120 per
1570 3051 1859 3110 Jeremiam
1883 3034 2085 3113 eorum
2103 3076 2226 3129 pro-

628 3135 801 3200 ponit,
858 3150 924 3190 ac
982 3137 1166 3194 laudat
1212 3145 1482 3214 exempla,
1544 3149 1635 3214 qui
1691 3151 2004 3219 pravitatem
2070 3170 2220 3211 suam

622 3222 874 3281 detestati
919 3245 934 3282 :

620 3325 798 3384 gatam
858 3322 1061 3390 sequi)
1125 3325 1232 3379 vias
1288 3339 1530 3398 nostras,
1586 3343 1631 3385 et
1680 3352 1994 3407 qureramus,
2044 3350 2089 3394 et
2136 3359 2222 3398 re-

618 3419 878 3463 uertamur
928 3414 997 3467 ad
1046 3414 1347 3473 Dominum.
1400 3421 1642 3480 Leuemus
1681 3430 1841 3483 corda
1882 3443 2059 3486 nostra
2105 3451 2223 3490 cum

621 3503 857 3556 manibus
894 3506 963 3559 ad
1007 3506 1283 3563 Dominum
1336 3515 1389 3566 in
1418 3518 1590 3570 caelos.
1652 3519 1760 3575 Nos
1789 3524 1958 3593 inique
2001 3528 2219 3596 egimus,

617 3605 667 3648 et
694 3595 762 3649 ad
789 3597 1112 3655 iracundiam
1147 3607 1565 3677 provocavimus;
1588 3610 1779 3668 idcirco
1807 3625 1861 3668 tu
1891 3616 2223 3677 inexorabilis

620 3705 692 3743 es.
720 3690 1035 3760 Suspicatus
1056 3710 1176 3751 sum
1199 3697 1493 3770 aliquando
1516 3706 1910 3773 posterioribus
1933 3710 1997 3764 iis
2019 3715 2217 3782 verbis,

619 3800 712 3839 nos
745 3792 1176 3854 peccavimus.....
1209 3802 1258 3846 et
1289 3804 1343 3848 tu
1374 3812 1473 3852 non
1523 3814 1575 3854 es
1624 3803 1953 3872 propitiatus,
1994 3805 2223 3863 indicari

618 3892 861 3945 causam,
899 3896 997 3937 cur
1029 3886 1431 3956 exagitarentur
1459 3901 1570 3947 tum
1615 3909 1646 3949 a
1674 3893 2019 3967 Christianis,
2050 3909 2162 3956 tum
2189 3918 2222 3957 a

616 3966 926 4026 Gentilibus
977 3975 1107 4043 ipsis
1157 3977 1438 4037 Novatiani
1473 3986 1620 4055 (quia
1654 3988 1875 4057 scilicet,
1900 3992 2222 4049 criminibus

619 4061 735 4113 suis
774 4072 830 4115 et
872 4063 1166 4123 schismate
1213 4071 1382 4125 Deum
1445 4076 1835 4147 irritaverant;
1878 4096 2097 4141 rectene
2151 4101 2218 4141 an

617 4165 776 4206 secus
810 4153 863 4207 id
892 4158 1229 4227 StISpicarcr,
1256 4162 1460 4231 judicet
1490 4167 1679 4223 lector.

692 4244 880 4302 XXIII.
930 4250 1060 4306 Item
1094 4254 1202 4310 illic
1235 4254 1451 4329 (Jerem.
1479 4277 1556 4326 ιιι,
1578 4260 1632 4337 ϐ)
1671 4283 1683 4318 :
1719 4264 1784 4341 Et
1806 4269 1937 4324 dixit
1968 4271 2220 4331 Dominus

617 4338 686 4391 ad
706 4355 785 4392 me
810 4340 862 4393 in
889 4341 1066 4397 diebus
1084 4344 1245 4401 Josiw
1272 4351 1403 4421 regis
1422 4368 1441 4405 :
1467 4350 1650 4408 Vidisti
1674 4338 1790 4427 qua:
1817 4359 1935 4428 fecit
1973 4366 2096 4419 mihi
2125 4368 2221 4422 ha-

617 4432 794 4487 bitatio
816 4433 982 4492 Israel
1023 4456 1042 4494 :
1064 4441 1193 4495 abiit
1217 4460 1368 4514 super
1392 4462 1592 4503 omnem
1623 4464 1845 4507 montem
1866 4458 2124 4514 excelsum
2142 4503 2152 4527 ,
2172 4472 2219 4516 et

2332 1922 2528 1989 dimus,
2559 1933 2615 1979 et
2662 1925 2715 1979 in
2761 1924 2986 1996 Vulgata
3011 1926 3093 1982 sic
3120 1924 3385 1983 habentur
3414 1947 3426 1983 :
3460 1927 3595 1995 Quia
3628 1946 3751 1985 non
3789 1932 3952 2002 repel-

2333 2016 2400 2070 let
2428 2017 2483 2070 in
2509 2019 2872 2088 sempiternum
2906 2017 3173 2073 Dominus.
3209 2018 3345 2086 Quia
3372 2020 3417 2074 si
3452 2020 3667 2090 abjccit,
3702 2035 3761 2078 et
3810 2024 3951 2078 mise-

2330 2110 2522 2164 rebitur
2566 2112 2848 2168 secundum
2892 2113 3270 2168 multitudinem
3309 2115 3798 2171 misericordiam»:
3832 2133 3951 2172 sua-

2331 2221 2479 2271 rum;
2503 2222 2605 2260 non
2633 2207 2768 2262 enim
2800 2207 3087 2261 humiliauit
3116 2224 3180 2263 ea:
3203 2209 3356 2263 corde
3380 2225 3495 2277 suo,
3515 2221 3563 2265 et
3590 2212 3789 2283 abjecit
3812 2212 3950 2281 ﬁlios

2331 2301 2614 2356 hominum.

2405 2392 2572 2450 XXV.
2608 2394 2738 2451 Item
2764 2396 2903 2466 apud
2942 2395 3284 2452 Ezechielem
3317 2398 3534 2469 (sum,
3568 2396 3707 2467 12):
3742 2395 3814 2450 Et
3831 2399 3945 2469 jus-

2327 2495 2407 2542 tus
2424 2504 2523 2541 non
2540 2490 2722 2559 poterit
2740 2489 2911 2543 salvus
2925 2490 3093 2544 essein
3105 2488 3187 2543 die
3199 2490 3412 2559 peccati.
3428 2487 3557 2544 Cum
3561 2490 3719 2560 justo
3751 2489 3940 2555 dicam,

2335 2598 2353 2630 ι
2375 2578 2493 2633 Vita
2518 2580 2680 2645 vives,
2711 2600 2729 2632 ι
2764 2582 2873 2650 ipse
2900 2598 3019 2637 vero
3049 2582 3273 2652 confidet
3303 2599 3456 2653 super
3473 2581 3747 2653 justitiam
3774 2597 3938 2645 suam,

2328 2682 2374 2727 et
2406 2674 2581 2744 fecerit
2617 2674 2957 2745 iniquitatem,
2988 2692 3161 2730 omnes
3175 2677 3395 2746 justitia:
3421 2677 3535 2748 ejus
3579 2692 3685 2729 non
3718 2690 3942 2730 comnio-

2330 2766 2661 2821 morabuntur
2698 2783 2716 2821 :
2766 2768 2817 2821 in
2862 2784 2959 2822 sua
3002 2768 3271 2839 iniquitate
3315 2786 3467 2840 qnam
3515 2770 3712 2838 fecerit,
3775 2771 3832 2822 in
3883 2785 3938 2824 ea

2327 2859 2572 2912 morietur
2602 2874 2621 2913 :
2648 2872 2693 2914 et
2738 2876 2853 2913 cum
2899 2861 3066 2915 dicam
3111 2862 3288 2932 impio,
3323 2880 3342 2912 ι
3377 2860 3543 2916 Morte
3590 2863 3867 2927 morietur,
3901 2880 3920 2910 ι

2328 2952 2563 3006 averterit
2585 2969 2638 3007 se
2672 2969 2705 3006 a
2743 2963 2947 3023 peccato
2992 2971 3105 3020 suo,
3145 2966 3194 3008 et
3234 2954 3408 3026 fecerit
3443 2954 3706 3027 justitiam
3757 2963 3811 3009 et
3844 2955 3933 3024 ju-

2330 3042 2543 3109 dicium,
2584 3054 2631 3099 et
2683 3046 2868 3117 pignus
2928 3046 3144 3111 debitori
3196 3046 3516 3109 reddiderit,
3579 3056 3627 3099 et
3692 3046 3932 3117 rapinam

2332 3137 2627 3206 restituerit,
2684 3140 2737 3192 in
2792 3141 3059 3211 praeceptis
3106 3140 3221 3195 vita:
3265 3141 3623 3206 ambulaverit,
3666 3158 3730 3196 ne
3770 3142 3930 3213 faciat

998 3229 1318 3303 Scrutemur,
1376 3236 1625 3308 inquiunt,
1666 3240 1869 3314 (νιτιεει
1921 3248 2065 3303 enim
2095 3248 2224 3305 vn]-
2251 3234 2298 3297 C
2336 3232 2588 3302 iniquum,
2622 3233 2725 3288 vita
2764 3235 2913 3303 vivet,
2947 3245 2993 3289 et
3032 3252 3132 3290 non
3184 3236 3447 3290 morietur.
3493 3234 3673 3289 Omnia
3713 3245 3928 3306 peccata

2325 3326 2438 3397 ejus
2482 3342 2596 3395 qua:
2626 3329 2872 3397 peccavit,
2930 3344 3031 3382 non
3071 3329 3523 3383 commovebuntur
3547 3331 3604 3395 ei,
3628 3328 3921 3399 ‘quiajudi-

2325 3417 2462 3471 cium
2506 3428 2553 3471 et
2583 3419 2845 3489 justitiam
2874 3419 3014 3489 fecit,
3047 3420 3099 3475 in
3127 3421 3254 3491 ipsis
3285 3422 3434 3477 vivet.

2398 3508 2498 3576 Qui
2530 3510 2615 3566 hic
2631 3510 2891 3581 allegatur
2916 3527 2981 3567 ex
3014 3511 3299 3569 Ezechiele
3327 3514 3501 3582 locus,
3524 3514 3828 3571 simillimus
3846 3526 3923 3572 est

2323 3602 2490 3666 illius,
2519 3619 2677 3673 quem
2706 3620 2770 3658 ex
2800 3603 3031 3661 Ieremia
3068 3605 3249 3661 attulit
3278 3623 3332 3660 ιι.
3366 3622 3491 3672 xui,
3528 3607 3756 3679 ideoque
3778 3624 3921 3664 eam-

2324 3696 2446 3750 dem
2498 3696 2699 3768 cxcipit
2744 3699 3180 3768 explicationem.
3254 3699 3434 3756 Utitur
3487 3700 3575 3757 his
3630 3702 3918 3758 Ezechielis

2322 3790 2504 3845 verbis
2556 3799 2745 3846 auctor
2792 3792 2913 3848 libri
2982 3793 3051 3847 ad
3106 3792 3475 3860 Novatianum,
3534 3796 3618 3852 sic
3677 3797 3909 3851 eumdem

2325 3881 2678 3937 Novatianum
2708 3885 2944 3939 refutans
2976 3887 2995 3959 (
3022 3903 3075 3956 ρ.
3110 3888 3174 3942 l3
3208 3890 3224 3955 )
3256 3904 3269 3940 :
3307 3906 3326 3939 ‹
3365 3887 3521 3945 Unde
3552 3889 3713 3961 igitur
3734 3899 3786 3944 et
3808 3898 3909 3943 tam

2324 3978 2642 4044 sceleratus,
2669 3989 2725 4034 et
2747 3988 2852 4035 tam
2886 3981 3145 4050 perditus,
3179 3991 3283 4037 tam
3306 3981 3594 4039 discordia:
3625 3984 3801 4041 furore
3828 3999 3913 4040 ve-

2325 4084 2491 4125 sanus
2512 4073 2775 4127 exstiterit
2800 4073 2899 4129 iste
2911 4073 3259 4141 Novatianus,
3274 4075 3516 4131 invenire
3539 4093 3647 4133 non
3671 4093 3910 4148 possum;

2324 4165 2415 4233 qui
2454 4180 2671 4236 semper
2713 4166 2766 4221 in
2814 4168 2978 4223 domo
3025 4185 3150 4237 una,
3179 4169 3232 4224 id
3281 4180 3366 4225 est
3409 4169 3612 4226 Christi
3666 4172 3909 4235 Ecclesia,

2324 4262 2688 4327 proximorum
2708 4260 2902 4316 delicta
2926 4270 2981 4316 ut
2997 4263 3207 4333 pr0pria
3234 4261 3443 4318 ﬂeverit
3458 4280 3474 4328 ;
3490 4279 3658 4319 onera
3677 4263 3907 4327 fratrum,

2323 4351 2464 4406 sicut
2486 4352 2778 4422 Apostolus
2808 4353 3071 4422 hortatur,
3106 4355 3453 4417 snstinuerit;
3479 4355 3714 4413 lubricos
3744 4360 3794 4413 in
3819 4355 3914 4410 ﬁde

2323 4446 2533 4503 caelesti
2575 4448 2900 4505 allocutione
2944 4450 3398 4508 corroboraverit.
3435 4456 3502 4508 At
3529 4468 3669 4523 nunc
3706 4469 3771 4508 ex
3811 4468 3915 4523 quo

614 4527 767 4580 subiit
791 4529 860 4583 ad
886 4547 1034 4587 omne
1053 4534 1247 4606 lignum
1271 4555 1613 4609 nemorosum,
1643 4556 1691 4599 et
1712 4546 1970 4616 fornicata
1990 4561 2062 4605 est
2082 4554 2212 4608 illic.

2326 4537 2540 4594 Cainam
2561 4540 2703 4594 illam
2732 4541 3005 4610 hzrresim,
3034 4559 3154 4613 quae
3184 4560 3288 4599 non
3314 4545 3416 4601 nisi
3449 4555 3642 4602 tantum
3668 4546 3913 4603 occidere

623 4617 690 4673 Et
726 4622 838 4677 dixi
880 4635 1151 4697 postquam
1186 4634 1445 4700 fornicata
1474 4648 1547 4692 est
1578 4639 1687 4694 lucc
1709 4644 1881 4698 omnia
1911 4662 1930 4700 :
1967 4664 1987 4699 ι
2023 4648 2105 4702 Ad
2142 4666 2223 4706 me

610 4726 919 4784 convertere,
957 4737 976 4771 ι
1010 4731 1175 4778 etnon
1204 4735 1278 4779 cst
1300 4743 1519 4785 reversa.

680 4806 757 4860 Ita
813 4810 960 4865 locus
999 4814 1097 4870 iste
1144 4817 1195 4870 in
1236 4819 1424 4877 codice
1474 4804 1771 4897 allegatur,
1807 4829 1888 4897 :ut
1929 4842 2216 4905 utramque

614 4901 845 4957 retineat
888 4921 1098 4975 vocem,
1159 4912 1428 4982 habitatio,
1500 4920 1701 4989 domus,
1763 4940 1990 4995 quarum
2044 4928 2211 4985 altera

613 5005 759 5050 certa
790 4998 1078 5057 redundat.
1134 5004 1313 5063 Monui
1351 5020 1531 5067 autem
1559 5013 1847 5073 delendam
1870 5036 1993 5077 esse
2021 5037 2211 5079 vocem

613 5087 794 5145 domus
817 5107 837 5145 :
865 5107 969 5147 non
997 5111 1103 5165 quo
1134 5113 1238 5153 vos
1273 5099 1389 5157 hinc
1417 5103 1763 5176 displiceret,
1816 5114 1909 5167 sed
1938 5115 2081 5185 quod
2111 5132 2212 5187 pu-

612 5194 809 5255 tarem,
832 5204 893 5245 ex
915 5193 1177 5263 margine,
1197 5196 1368 5268 inqua
1395 5202 1772 5272 explicationis
1798 5221 1956 5264 causa
1976 5210 2209 5280 primum

614 5283 784 5349 posita
818 5280 1012 5351 fuerat,
1044 5287 1095 5340 in
1132 5297 1332 5346 textum
1388 5293 1562 5364 ipsum
1593 5296 1849 5369 deinceps
1882 5302 2160 5360 transiisse
2190 5324 2206 5361 :

610 5375 742 5430 alibi
772 5379 916 5434 enim
956 5392 1141 5437 noster
1168 5385 1402 5454 scriptor
1450 5405 1706 5461 expresse
1746 5397 1907 5451 vertit
1936 5399 2206 5457 habitatio.

609 5469 917 5536 (Revertere
944 5479 1013 5531 ad
1040 5495 1141 5547 me,
1173 5480 1423 5538 habitatio
1459 5483 1651 5555 Israel,
1673 5505 1738 5555 η,
1769 5489 1882 5563 li).
1916 5490 2033 5547 Jam
2051 5495 2211 5551 venio

605 5561 672 5615 ad
726 5566 1161 5634 explicationem.
1204 5573 1410 5631 Eximia
1454 5577 1547 5634 Dei
1594 5581 1796 5650 pietas,
1843 5561 1913 5640 ac
1970 5585 2206 5642 charitas

603 5668 730 5726 erga
760 5658 905 5725 ipsos
931 5660 1246 5722 immanium
1269 5669 1556 5728 criminum
1586 5689 1710 5730 reos
1737 5676 1823 5731 hic
1852 5678 2028 5747 primo
2049 5694 2205 5736 com-

605 5751 887 5808 rnendatur
919 5775 930 5810 :
985 5757 1162 5815 adhuc
1205 5762 1349 5817 enim
1379 5778 1474 5821 eos
1524 5776 1685 5823 vocat
1704 5767 1962 5826 Dominus
1991 5771 2060 5827 ad
2091 5787 2205 5844 pte-

602 5840 903 5901 nitcutiam.
935 5850 1190 5916 Queritur
1218 5855 1478 5927 deinceps
1503 5860 1794 5933 Dominus,
1826 5865 1969 5935 quod
2010 5867 2065 5924 in
2091 5840 2199 5926 sua

2322 4632 2503 4701 gestit,
2531 4647 2787 4688 exercere
2837 4635 3037 4703 coepit,
3081 4651 3182 4693 nec
3229 4638 3331 4692 sibi
3380 4639 3666 4695 novissime
3713 4641 3907 4711 parcit.

2321 4723 2611 4793 CtL’ltfl‘llm,
2645 4728 2688 4782 si
2730 4726 2949 4798 legisset
2974 4729 3099 4800 quia
3135 4730 3339 4800 justitia
3370 4732 3505 4801 justi
3534 4749 3637 4789 non
3664 4733 3914 4790 liberabit

2319 4832 2442 4872 eum
2464 4819 2516 4874 in
2549 4820 2637 4875 die
2666 4835 2767 4891 qua
2809 4822 3090 4886 erraverit,
3119 4832 3174 4878 et
3218 4824 3470 4895 iniquitas
3503 4827 3654 4896 impii
3682 4843 3789 4883 non
3812 4843 3910 4884 no-

2318 4910 2463 4966 cebit
2488 4912 2538 4968 ei
2566 4927 2634 4967 ex
2663 4929 2766 4984 qua
2794 4912 2882 4969 die
2913 4929 3206 4971 conversus
3244 4917 3423 4985 fuerit,
3455 4918 3567 4989 jam
3594 4920 3723 4976 olim
3752 4923 3807 4976 iu
3832 4922 3909 4976 ci-

2315 5020 2446 5060 nere
2478 5006 2762 5076 painiteret
2788 5008 2899 5076 ille,
2928 5010 3019 5081 qui
3051 5025 3268 5082 semper
3294 5014 3683 5083 paenitentibus
3723 5015 3912 5071 adver-

2317 5106 2498 5164 satur;
2530 5100 2618 5169 qui
2669 5099 2722 5154 in
2772 5102 2926 5156 ruina
2972 5100 3181 5158 facilius
3227 5102 3620 5161 aediﬁcatorum
3653 5108 3909 5164 stantium

2316 5197 2590 5258 operatur,
2621 5206 2783 5261 quam
2829 5192 2883 5246 in
2926 5194 3222 5250 structione
3248 5195 3540 5267 iacentium
3587 5199 3865 5255 ruinarum
3894 5217 3909 5264 ;

2315 5285 2402 5352 qui
2427 5282 2625 5337 multos
2648 5299 2713 5339 ex
2746 5284 2998 5341 fratribus
3036 5287 3236 5343 nostris
3265 5288 3598 5346 miserrimos
3622 5291 3783 5348 falsis
3807 5295 3910 5349 suis

2314 5373 2777 5431 adversationibus
2801 5379 3137 5447 perterritos,
3171 5379 3366 5435 iterum
3388 5379 3516 5437 fecit
3537 5384 3811 5451 ethnicos,
3840 5384 3911 5440 dic

2314 5468 2486 5524 cendo
2509 5468 2653 5540 quod
2701 5471 3013 5540 paenitentia
3046 5473 3317 5544 lapsorum
3339 5475 3408 5530 sit
3433 5490 3594 5545 vana,
3616 5491 3716 5533 nec
3744 5478 3909 5549 possit

2313 5563 2394 5619 eis
2416 5563 2680 5633 prolicere
2713 5565 2779 5621 ad
2813 5565 3062 5623 salutem.
3102 5587 3123 5619 ι

2383 5655 2644 5728 Vulgatus
2670 5672 2834 5735 porro
2858 5659 3127 5731 interpres
3158 5660 3403 5717 eamdem
3431 5664 3765 5719 sententiam
3798 5665 3909 5721 lati-

2307 5749 2473 5805 nitate
2502 5749 2721 5807 donavit
2749 5750 2832 5807 his
2860 5752 3040 5808 verbis
3065 5770 3080 5808 :
3110 5748 3178 5809 Et
3198 5754 3374 5823 justus
3416 5770 3518 5811 non
3543 5757 3728 5829 poterit
3754 5758 3910 5812 vim

2301 5845 2355 5900 in
2371 5844 2581 5917 justitia
2619 5862 2714 5903 sua
2743 5852 2797 5902 in
2838 5863 3156 5920 quacumque
3201 5849 3286 5906 die
3333 5851 3635 5922 peccaverit.
3691 5850 3905 5912 Etiamsi
