4142 6256
232 305 384 362 H77

1480 301 1897 362 SUPEBIORIS
1931 302 2287 365 OPUSCULI.

3408 314 3553 371 H78

226 422 419 478 dixero
444 424 583 494 iusto
633 427 770 497 quod
798 428 900 482 vita
927 426 1080 495 vivat,
1111 436 1159 483 et
1194 428 1418 497 conﬁsus
1442 428 1499 511 in
1513 428 1723 498 justitia
1749 442 1845 481 sua
1869 430 1924 491 Α
1950 425 2129 483 effecit
2149 427 2231 485 his
2260 430 2438 487 verbis
2458 447 2472 485 :
2492 430 2570 487 Tu
2594 447 2735 506 ergo,
2766 432 2845 502 fili
2865 432 3107 501 hominis,
3134 435 3217 488 dic
3242 434 3314 488 ad
3336 434 3551 490 domuos

231 522 413 591 fecerit
430 522 764 594 iniquitatem,
792 543 966 582 omnes
986 528 1207 600 justitia:
1234 530 1344 597 ejus
1365 528 1609 583 oblivioni
1637 526 1844 581 traden-

230 621 341 681 tur,
375 625 424 670 et
449 615 502 670 in
531 618 796 689 iniquitate
823 636 918 675 sua
941 637 1094 690 quam
1119 631 1359 692 Operatus
1385 630 1480 686 est,
1506 622 1561 675 in
1589 621 1704 691 ipsa
1732 636 1844 673 mo—

229 706 415 763 rietur.
450 707 512 764 Si
541 720 707 765 autem
749 712 927 767 dixero
966 714 1147 784 impio,
1185 732 1205 764 ι
1242 712 1683 779 Μονιεηιοήενίδν
1720 732 1739 764 ³
1796 720 1844 765 ει

233 800 395 870 egerit
422 803 764 871 paenitentiam
786 822 819 859 a
840 817 1043 875 peccato
1072 823 1185 873 suo,
1217 807 1492 876 feceritque
1512 806 1769 878 judicium
1797 812 1843 858 et

232 893 523 963 iustitiam,
554 906 601 951 et
628 898 813 969 pignus
843 902 1115 955 restituerit
1145 900 1234 954 ille
1266 901 1475 967 impius,
1508 899 1843 970 rapinamque

231 983 549 1054 reddiderit,
578 988 629 1041 in
669 990 925 1044 mandatis
970 992 1086 1047 vitae
1130 992 1483 1056 ambulaverit,
1535 1007 1627 1046 nec
1673 991 1845 1061 fecerit

231 1078 514 1149 quidquam
549 1080 817 1149 injustam,
844 1083 947 1139 vita
975 1084 1104 1139 vivet
1129 1096 1175 1139 et
1203 1101 1307 1139 non
1343 1084 1607 1139 morietur.
1641 1082 1842 1138 Eadem

234 1170 441 1225 monita
472 1171 635 1229 habes
664 1175 943 1232 versiculis
990 1174 1055 1231 21
1089 1185 1145 1233 et
1187 1176 1259 1232 24
1288 1192 1407 1248 cap.
1439 1190 1570 1232 xvtn
1599 1173 1843 1247 ejusdem

233 1260 557 1321 Ezechielis.

316 1377 509 1434 XXVI.
532 1379 661 1438 Item
680 1383 788 1440 illic
809 1383 1088 1456 (Ezechiel.
1119 1402 1254 1455 xvn,
1273 1388 1403 1461 24):
1435 1386 1545 1460 Ego
1569 1386 1843 1453 Dominus,

236 1474 366 1546 quia
393 1474 608 1531 humilio
639 1477 835 1549 lignum
854 1480 1040 1544 altum,
1078 1490 1126 1535 et
1152 1482 1322 1536 exalto
1337 1482 1533 1553 lignum
1559 1480 1771 1546 humile,
1800 1487 1849 1534 et

237 1568 469 1638 arefacio
481 1569 674 1641 lignum
689 1571 869 1637 viride,
885 1583 933 1628 et
946 1574 1241 1629 reviviscere
1253 1575 1387 1645 facio
1404 1574 1599 1645 lignum
1620 1571 1842 1626 aridum.

316 1658 374 1714 Id
405 1676 569 1731 porro
591 1663 735 1734 quod
757 1664 919 1721 modo
940 1666 1214 1737 expressis
1238 1666 1419 1723 verbis
1454 1664 1709 1720 traditum
1737 1672 1843 1730 est,

238 1766 385 1807 nunc
414 1753 644 1825 eleganti
691 1756 947 1828 allegoria
985 1758 1088 1813 sub
1128 1758 1316 1814 oculos
1356 1757 1576 1828 ponitur
1621 1774 1635 1811 :
1678 1765 1842 1826 atque

1944 517 2145 576 Israel:
2173 520 2263 578 Sic
2293 523 2448 579 locuti
2471 527 2611 594 estis,
2642 527 2866 582 dicentes
2889 527 3233 596 :lniquitates
3261 538 3468 596 nostrte,
3501 538 3550 586 et

1948 624 2157 683 peccata
2177 627 2351 670 nostra
2370 635 2526 687 super
2548 636 2641 675 nos
2660 628 2799 683 sunt,
2821 629 2868 674 et
2883 620 2935 674 in
2956 621 3083 691 ipsis
3108 636 3200 675 nos
3220 621 3515 678 tabescimus
3531 637 3552 678 :

1944 709 2197 777 quomodo
2222 728 2344 782 ergo
2372 712 2537 767 vivere
2564 714 2844 782 poterimus
2862 714 2888 768 ?
2914 714 2996 768 dic
3020 713 3090 767 ad
3109 730 3226 769 eos:
3262 713 3389 769 Vivo
3431 730 3548 787 ego,

1945 803 2069 857 dicit
2098 801 2348 859 Dominus
2374 804 2511 861 Deus
2527 823 2546 860 :
2575 808 2693 862 nolo
2720 815 2930 862 mortem
2956 808 3119 878 impii,
3140 807 3230 863 sed
3252 817 3310 862 ut
3334 824 3551 863 conver-

1946 904 2083 949 tatur
2107 896 2297 963 impius
2317 912 2349 949 a
2371 897 2449 951 via
2479 914 2593 963 sua,
2626 908 2675 953 et
2702 900 2853 953 vivat.

2018 985 2262 1043 XXVIII.
2296 986 2425 1043 Item
2457 989 2567 1044 illic
2603 988 2886 1061 (Ezechiel.
2915 1007 3104 1059 κυνί,
3137 990 3266 1064 36):
3299 991 3412 1065 Ego
3441 990 3552 1047 Do-

1947 1082 2136 1146 minus,
2166 1082 2416 1152 atdi/icavi
2445 1084 2707 1150 demolita,
2731 1095 2777 1139 et
2799 1086 3028 1155 plantavi
3044 1086 3401 1141 exterminata.

2026 1174 2294 1247 Allegoria
2316 1177 2507 1243 altera,
2540 1176 2718 1232 afﬁnis
2742 1178 2818 1233 illi
2866 1194 2986 1248 quae
3037 1196 3094 1234 n.
3141 1178 3214 1235 26
3254 1179 3415 1235 allata
3443 1188 3547 1248 est,

1948 1268 2035 1324 hic
2074 1270 2413 1339 proponitur,
2442 1286 2603 1339 quam
2634 1271 2889 1338 quoniam
2917 1271 3198 1343 scriptoris
3226 1274 3395 1328 nostri
3424 1288 3550 1330 vero

1950 1362 2030 1419 bis
2057 1364 2241 1431 retuli,
2274 1364 2405 1419 libet
2437 1365 2598 1420 etiam
2635 1364 2877 1435 Vulgata:
2907 1365 3091 1421 verbis
3120 1365 3401 1432 exhibere,
3426 1380 3550 1437 qua:

1950 1455 2254 1528 bujusmodi
2271 1468 2397 1513 sunt
2413 1476 2426 1512 :
2451 1456 2563 1530 Ego
2579 1457 2830 1515 Dominus
2843 1458 3096 1530 aediﬁcavi
3112 1460 3383 1532 dissipata,
3401 1461 3553 1531 plan-

1949 1552 2149 1618 tavique
2172 1551 2387 1607 inculta.

2028 1642 2219 1700 XXIX.
2248 1644 2378 1700 Item
2407 1645 2807 1717 illic(Ezechiel.
2844 1664 2997 1716 xvut,
3020 1646 3156 1721 21):
3188 1646 3259 1703 Et
3282 1647 3554 1720 iniquussi

1949 1748 2207 1795 convertat
2231 1757 2287 1796 se
2315 1740 2378 1794 ab
2408 1742 2643 1797 omnibus
2666 1742 3039 1814 iniquitatibus,
3059 1759 3187 1813 quas
3217 1743 3359 1815 fecit,
3388 1751 3434 1797 et
3459 1758 3551 1797 cu-

240 1840 331 1901 illa
360 1848 573 1919 quidem
589 1848 871 1918 indicatur,
888 1866 1050 1923 posse
1074 1852 1241 1908 Demn
1265 1868 1363 1923 pro
1389 1850 1559 1906 lubito
1579 1859 1634 1906 et
1653 1864 1846 1920 super-

1959 1835 2137 1891 ttodiat
2163 1835 2335 1889 omnia
2362 1835 2609 1889 mandata
2638 1852 2769 1903 mea,
2808 1846 2855 1891 et
2897 1837 3057 1906 faciat
3082 1835 3361 1908 judicium,
3398 1844 3443 1890 et
3469 1837 3556 1906 itt-

241 1938 344 1995 bos
383 1938 710 2011 deprimere,
761 1953 818 1999 et
865 1944 1096 2001 humiles
1138 1945 1310 2016 deque
1375 1945 1491 1999 suis
1530 1943 1847 1999 criminibus

244 2032 493 2088 dolentes
538 2035 817 2091 extollere.
851 2036 999 2092 Ferit
1054 2037 1232 2107 itaque
1281 2037 1396 2091 haec
1425 2035 1691 2092 sententia
1734 2034 1843 2089 No—

243 2128 510 2193 vatianos,
540 2128 592 2182 in
623 2128 911 2185 schismate
942 2127 1176 2185 tumidos
1198 2137 1253 2184 et
1279 2129 1481 2184 elatos:
1512 2143 1607 2184 eos
1635 2141 1848 2197 quoque

246 2233 441 2275 omnes
467 2220 607 2288 ferit,
639 2220 728 2292 qui
754 2221 964 2277 veniam
990 2231 1046 2278 et
1070 2221 1442 2292 paenitentiam
1469 2220 1841 2289 peccatoribus

244 2311 586 2383 praecludant
615 2312 829 2383 quanio
869 2314 1084 2384 quidem
1117 2314 1373 2368 Dominus
1398 2313 1690 2383 virgultum
1738 2310 1845 2366 hu-

251 2405 383 2460 mile
409 2405 614 2459 exaltat
631 2414 686 2460 et
703 2405 851 2476 ligno
874 2406 1027 2462 arido
1046 2408 1210 2461 vitam
1240 2421 1302 2461 ac
1325 2406 1563 2476 vigorem
1592 2404 1849 2475 impertit.

252 2496 408 2566 Quod
437 2497 482 2553 si
509 2497 754 2554 eamdem
794 2499 954 2570 plane
985 2499 1110 2555 huic
1142 2500 1451 2555 testimonio
1489 2496 1850 2553 adhibendam

253 2604 447 2646 censes
469 2590 905 2662 explicationem,
953 2607 1113 2661 quam
1160 2592 1453 2663 superiori,
1494 2586 1713 2645 adhibui
1758 2604 1855 2660 per

255 2698 344 2740 me
369 2683 584 2755 quidem
631 2683 772 2740 licet.
803 2684 1138 2756 Quamquam
1166 2699 1296 2739 vero
1323 2685 1413 2739 vix
1439 2682 1603 2739 distat
1624 2681 1853 2754 Vulgata

255 2775 631 2846 interpretatio
659 2777 727 2831 ab
761 2792 825 2833 ea
854 2793 1013 2848 quam
1067 2793 1239 2848 nuper
1276 2777 1555 2847 proposui,
1599 2776 1853 2847 quoniam

257 2875 437 2924 tamen
480 2883 647 2937 usque
676 2868 852 2923 adhuc
890 2869 1059 2924 veteri
1101 2869 1532 2938 interpretationi
1575 2867 1854 2938 Vulgatam

257 2959 461 3027 addidi,
478 2961 565 3017 hic
590 2962 798 3031 pariter
822 2960 963 3016 addo
988 2980 1003 3018 :
1032 2960 1167 3027 Quia
1190 2978 1283 3033 ego
1301 2960 1857 3026 Dominus,humiliavi

259 3051 454 3122 lignum
480 3051 716 3121 sublime,
733 3062 781 3110 et
802 3055 1022 3109 excitavi
1051 3055 1246 3126 lignum
1271 3053 1467 3109 humile
1482 3071 1501 3108 :
1526 3063 1572 3107 et
1596 3054 1779 3109 siccavi
1793 3052 1858 3108 li-

257 3158 413 3213 gnum
440 3143 623 3211 viride,
656 3154 704 3199 et
728 3145 969 3214 frondere
994 3145 1091 3215 feci
1121 3148 1317 3218 lignunt
1348 3145 1573 3202 aridum.

1948 1929 2140 1985 stitiam
2189 1937 2235 1983 et
2286 1929 2723 1998 misericordiam,
2767 1930 2870 1984 vita
2900 1929 3027 1983 vivet
3053 1938 3101 1984 et
3136 1945 3239 1984 non
3280 1928 3547 1985 morietur.

1953 2020 2140 2079 Omnia
2170 2021 2354 2077 delicta
2383 2025 2512 2094 ejus,
2541 2040 2654 2095 qua:
2685 2023 2821 2094 fecit,
2869 2041 2970 2079 non
2997 2033 3144 2078 erunt
3178 2024 3233 2077 in
3276 2025 3557 2091 memoria;

1947 2117 2002 2171 in
2047 2133 2141 2171 sua
2184 2118 2412 2188 justitia,
2436 2134 2589 2189 quant
2619 2119 2736 2189 fecit
2763 2158 2778 2183 ,
2805 2117 2953 2172 vivet.
2998 2114 3269 2187 Numquid
3298 2116 3560 2171 voluntate

1949 2210 2062 2266 volo
2102 2222 2316 2266 mortem
2358 2212 2560 2280 iniusti,
2591 2212 2715 2267 dicit
2761 2212 2967 2266 Adonai
3016 2210 3292 2278 Dominus,
3324 2226 3479 2282 quam
3506 2217 3561 2265 ut

1951 2316 2144 2361 avertat
2168 2323 2221 2361 se
2245 2323 2277 2360 a
2303 2308 2383 2360 via
2408 2323 2501 2362 sua
2529 2306 2687 2373 mala,
2708 2315 2756 2360 et
2780 2306 2944 2361 vivere
2968 2321 3085 2361 eum
3100 2306 3128 2360 .9

2025 2401 2081 2458 Id
2124 2403 2297 2473 ipsum
2347 2402 2490 2473 quod
2539 2402 2696 2472 paulo
2750 2410 2877 2457 ante
2933 2401 3237 2456 Ezechielis
3280 2399 3563 2473 propheta:

1952 2493 2173 2549 monitis
2201 2493 2453 2549 traditum
2483 2503 2620 2561 erat,
2644 2494 2783 2562 aliis,
2814 2494 3349 2565 superioribusvalde
3379 2492 3563 2565 proxi—

1956 2586 2083 2653 mis,
2117 2584 2205 2641 hic
2235 2586 2556 2641 inculcatur.

2029 2678 2228 2736 Recole
2259 2695 2542 2736 numerum
2572 2691 2699 2737 διν.
2731 2682 2830 2737 Hic
2845 2690 3052 2737 tantum
3073 2691 3222 2747 noto,
3253 2680 3401 2736 hunc
3428 2679 3569 2736 Eze-

1956 2772 2149 2828 chielis
2178 2772 2356 2828 locum
2387 2772 2440 2826 in
2473 2774 2723 2829 eumdem
2757 2774 2986 2829 fortasse
3017 2790 3235 2831 sensum
3270 2775 3566 2844 allegatum

1959 2865 2126 2923 fuisse
2159 2882 2189 2920 a
2234 2864 2508 2937 Cypriano
2538 2865 2655 2922 haec
2696 2866 2926 2923 docente
2969 2868 3066 2937 (de
3091 2867 3236 2921 Bono
3273 2866 3566 2932 Patiemur,

1960 2976 2083 3031 pag.
2112 2959 2244 3031 496)
2279 2977 2293 3014 :
2328 2979 2346 3011 ‹
2382 2958 2653 3016 Admonet
2682 2974 2752 3016 ne
2792 2960 2915 3031 quis
2952 2960 3238 3029 impatiens
3278 2957 3336 3013 in
3372 2971 3568 3028 opera-

1958 3055 2107 3109 tione
2135 3053 2375 3121 deficiat,
2420 3068 2489 3108 ne
2538 3054 2662 3125 quis
2712 3052 3103 3109 tentationibus
3146 3060 3240 3106 aut
3285 3059 3568 3118 avocatus,

1961 3159 2054 3206 aut
2073 3150 2246 3206 victus
2273 3150 2323 3203 in
2354 3148 2533 3204 medio
2562 3148 2756 3214 laudis,
2786 3156 2842 3202 et
2875 3146 3061 3217 gloria:
3090 3145 3281 3200 itinere
3309 3143 3567 3210 desistat,

331 3232 547 3291 XXVII.
583 3236 715 3293 Item
746 3237 856 3293 illic
880 3237 1163 3310 (Ezechiel.
1196 3255 1387 3301 xxxnt,
1417 3238 1511 3308 10)
1542 3256 1557 3292 :
1590 3238 1658 3294 Et
1681 3249 1757 3308 tu,
1782 3238 1862 3308 fili
1885 3246 1930 3310 C
1964 3253 2017 3301 et
2035 3243 2711 3314 pereantprmterita,dum
2729 3257 2848 3312 qua:
2870 3238 3432 3311 casperaut,desinunt
3449 3250 3571 3293 esse

259 3324 498 3395 hominis,
532 3327 614 3383 dic
639 3328 817 3383 domui
851 3328 1022 3385 Israel
1062 3346 1083 3385 :
1109 3328 1259 3386 Sicut
1291 3330 1448 3385 locuti
1474 3331 1594 3386 estis
1616 3331 1858 3396 dicentes,

261 3414 481 3473 Errores
529 3420 692 3475 nostri
720 3430 767 3475 et
792 3422 1081 3492 iniquitates
1109 3430 1299 3476 nostrae
1323 3422 1375 3475 in
1395 3423 1541 3477 nobis
1568 3435 1706 3488 sunt,
1737 3432 1787 3477 et
1807 3424 1862 3479 in

263 3509 390 3580 ipsis
434 3527 527 3567 nos
572 3512 895 3569 tabescimus.
926 3512 993 3568 Et
1018 3514 1272 3585 quomodo
1314 3515 1537 3569 vivemus
1559 3516 1584 3569 ?
1608 3516 1691 3569 dic
1712 3515 1818 3571 illis
1842 3531 1863 3571 :

277 3600 400 3658 Vivo
429 3619 541 3673 ego,
572 3604 694 3659 dicit
740 3603 1016 3674 Dominus,
1040 3608 1084 3661 si
1114 3607 1228 3661 volo
1256 3616 1468 3663 mortem
1516 3609 1659 3679 impii
1683 3625 1701 3666 :
1735 3619 1854 3664 tan-

261 3704 368 3750 tum
410 3714 443 3751 a
474 3697 557 3751 via
579 3713 675 3752 sua
700 3709 979 3764 avertatur,
1011 3708 1059 3755 et
1096 3700 1250 3755 vivat.

332 3812 619 3884 Perspicua
648 3812 764 3870 hate
795 3823 877 3871 est
918 3817 1209 3885 sententia,
1241 3833 1344 3888 qua
1378 3818 1469 3873 Dei
1504 3818 1675 3888 pietas
1714 3817 1853 3872 emi-

262 3913 355 3960 net
396 3905 448 3960 in
479 3907 728 3963 vocandis
762 3909 1065 3964 hominibus
1101 3911 1211 3980 jam
1244 3911 1450 3981 pridem
1484 3913 1534 3965 in
1583 3910 1859 3980 iniquitate

263 3996 611 4068 hrerentibus,
640 4017 703 4056 ac
733 4018 868 4072 pene
896 4002 1198 4072 desperatis
1223 4022 1233 4056 :
1268 4012 1412 4058 certa
1452 4018 1666 4074 quoque
1696 4017 1860 4074 appa—

262 4100 343 4144 ret
373 4092 677 4147 testificatio
706 4092 901 4147 divinae
927 4092 1219 4147 voluntatis
1256 4094 1322 4148 de
1355 4093 1703 4164 impertienda
1740 4110 1862 4164 per-

1965 3339 2223 3409 perlecta,
2248 3337 2390 3393 sicut
2410 3338 2670 3406 scriptum
2693 3344 2777 3391 est
2811 3352 2824 3389 :
2853 3334 3072 3389 Justitia
3092 3334 3226 3402 justi
3252 3348 3355 3387 non
3381 3331 3571 3384 libera-

1962 3432 2033 3488 bit
2111 3448 2226 3488 eunt
2292 3432 2347 3486 in
2400 3445 2718 3502 quacumque
2784 3428 2867 3483 die
2926 3426 3253 3485 exerraverit.
3338 3424 3407 3479 Et
3466 3423 3571 3478 ite-

1963 3543 2079 3583 rum
2107 3544 2121 3580 :
2149 3526 2288 3581 Tene
2313 3525 2450 3598 quod
2477 3524 2653 3593 habes,
2672 3541 2735 3578 ne
2758 3523 2895 3578 alius
2910 3522 3131 3592 accipiat
3148 3535 3391 3575 coronam
3407 3526 3567 3573 tuam.

1961 3622 2094 3689 Quae
2142 3635 2243 3675 vox
2275 3619 2594 3674 adhortatur
2639 3617 2909 3688 patienter
2949 3623 3004 3670 et
3045 3613 3258 3669 fortiter
3315 3627 3574 3681 perseve-

1962 3727 2114 3779 rare,
2157 3718 2215 3765 ut
2235 3710 2324 3781 qui
2353 3708 2420 3764 ad
2445 3723 2703 3764 coronam
2726 3707 2889 3762 laude
2910 3707 3023 3776 jam
3069 3705 3316 3776 proxima
3358 3703 3569 3771 nititur,

1963 3804 2191 3860 durante
2233 3802 2490 3872 patientia
2523 3809 2838 3855 coronetur.
2877 3818 2897 3851 ι

2038 3897 2110 3952 Ita
2124 3910 2252 3951 vero
2276 3896 2327 3950 in
2348 3893 2569 3964 Vulgata
2587 3907 2648 3947 ea
2671 3891 2835 3947 verba
2853 3888 3150 3946 redduntur
3175 3906 3189 3945 :
3216 3888 3277 3943 Si
3297 3897 3465 3944 autem
3476 3889 3574 3943 im-

1962 3993 2080 4065 pius
2127 3991 2283 4062 egerit
2310 3988 2656 4059 paenitentiam
2694 3987 2757 4041 ab
2785 3985 3019 4041 omnibus
3055 3985 3276 4056 peccatis
3302 3984 3431 4051 suis,
3459 3999 3579 4049 qua?-

1963 4096 2201 4155 operatus
2227 4094 2319 4151 est,
2338 4081 2691 4138 etcustodierit
2716 4087 2888 4136 omnia
2908 4087 3159 4151 praecepta
3181 4095 3311 4142 mea,
3342 4087 3387 4132 et
3400 4076 3573 4147 fecerit

263 4181 543 4238 ditissimis
572 4185 873 4255 quibusque
903 4187 1078 4240 venia.
1105 4187 1280 4256 Atque
1320 4186 1403 4240 his
1446 4202 1577 4242 sane
1615 4187 1794 4243 verbis
1822 4187 1855 4243 ii

1959 4177 2228 4251 judicium,
2276 4186 2323 4230 et
2369 4176 2646 4246 justitiam,
2709 4174 2811 4229 vita
2848 4173 2977 4228 vivet
3023 4182 3071 4226 et
3124 4188 3226 4226 non
3302 4174 3570 4225 morietur.

264 4278 564 4348 praesertim
586 4277 919 4345 refelluntur,
945 4281 1033 4351 qui
1056 4280 1252 4335 divina:
1274 4278 1522 4334 cltaritati
1547 4281 1743 4335 limites
1774 4281 1857 4335 in-

261 4366 432 4439 jicere
459 4376 841 4439 pertentantct
883 4372 1188 4427 criminosis
1225 4371 1590 4441 pmnitentiam
1633 4372 1859 4428 interdi-

266 4477 408 4519 cere.
452 4461 508 4519 Si
543 4466 840 4534 peccatoris
886 4477 1125 4533 mortem
1158 4481 1263 4521 non
1302 4465 1415 4520 vult
1456 4466 1596 4521 Deus
1623 4509 1636 4530 ,
1682 4466 1775 4520 sed
1805 4475 1865 4521 ut

266 4564 616 4611 convertatur
654 4572 716 4611 ac
742 4558 927 4623 vivat,
975 4560 1093 4628 quis
1128 4558 1354 4615 crimina
1400 4557 1577 4628 aliqua
1618 4557 1860 4628 inexpia-

267 4646 392 4702 bilia
419 4647 580 4713 dicet,
605 4657 695 4703 aut
727 4649 1051 4718 pmnitentia:
1077 4650 1297 4719 cupidos
1324 4650 1393 4705 ab
1418 4665 1504 4719 ea,
1543 4648 1771 4721 ideoque
1796 4650 1865 4706 ab

271 4740 529 4808 Ecclesia,
556 4742 800 4799 arcebit?
829 4741 1064 4799 Adhibct
1094 4743 1149 4797 in
1175 4743 1423 4799 eumdem
1442 4759 1659 4799 sensum
1690 4744 1866 4800 locum

269 4833 408 4889 hunc
438 4833 734 4891 Ezechielis
765 4835 830 4902 is,
861 4850 1018 4905 quem
1050 4850 1196 4907 saepe
1225 4836 1405 4903 citavi,
1437 4845 1627 4892 auctor
1655 4836 1774 4892 libri
1799 4836 1867 4892 ad

269 4928 621 4984 Novatianum
664 4929 808 5002 (pag.
844 4929 903 4985 II
929 4927 967 4996 ).
1002 4927 1152 4996 Item,
1202 4930 1472 5000 inquiens.
1503 4929 1756 4985 Dominus
1799 4928 1869 4983 ad

271 5024 496 5076 eumdem
524 5020 544 5095 (
569 5021 882 5092 prophetam
926 5020 1340 5093 Ezechielemf:
1368 5020 1477 5076 Fili
1522 5023 1761 5089 hominis,
1785 5021 1869 5076 dic

273 5113 462 5185 papula
503 5112 673 5170 Israel
698 5130 716 5169 :
738 5113 909 5182 Quare
944 5113 1104 5168 locuti
1145 5113 1264 5167 estis
1305 5113 1561 5167 dicentes:
1594 5111 1869 5167 Erroribus

274 5209 458 5261 nostris
474 5209 895 5272 contabescimus,
918 5218 965 5261 et
980 5206 1234 5278 quomodo
1253 5205 1383 5260 salvi
1402 5223 1511 5261 esse
1537 5207 1813 5275 poterimus
1839 5206 1864 5260 Ρ

272 5299 358 5354 die
387 5300 494 5354 eis:
539 5300 659 5354 Vivo
702 5316 827 5371 ego,
853 5300 975 5355 dicit
1016 5299 1295 5363 Dominus,
1327 5298 1446 5367 quia
1487 5313 1588 5352 non
1634 5296 1866 5352 desidero

272 5403 481 5447 mortem
502 5395 798 5464 peccatoris,
829 5395 917 5448 sed
939 5394 1168 5448 desidero
1193 5402 1251 5446 ut
1278 5400 1537 5447 avertatur
1578 5399 1813 5460 peccator
1836 5408 1870 5446 α

273 5486 354 5540 via
375 5503 468 5540 sua
495 5485 735 5556 pessima,
757 5495 803 5541 et
824 5487 973 5540 vivat.
1000 5485 1267 5540 Adhibent
1288 5498 1522 5554 quoque,
1552 5499 1619 5537 ne
1645 5492 1873 5540 cunctos

275 5592 608 5645 enumerem,
659 5577 958 5648 Cyprianus
988 5576 1127 5644 (sub
1157 5575 1314 5629 linem
1361 5575 1480 5630 libri
1512 5575 1576 5628 de
1600 5573 1783 5645 Lapsis
1816 5584 1871 5630 et

273 5671 372 5724 sub
418 5669 624 5723 initium
663 5668 783 5723 libri
817 5668 878 5722 de
901 5667 1043 5724 Bono
1070 5664 1365 5739 Patientire)
1391 5676 1445 5722 et
1489 5666 1869 5738 Hieronymus.

278 5760 410 5817 Vide
431 5777 553 5834 qua:
579 5760 751 5819 dicam
778 5776 832 5816 n.
867 5760 956 5821 50.

345 5874 607 5933 Eamdem
662 5874 985 5934 sententiam
1030 5873 1291 5948 Vulgatus
1335 5874 1601 5946 interpres
1647 5874 1864 5932 latinam

1968 4270 2209 4325 Omnium
2238 4269 2565 4338 iniquitatum
2593 4269 2723 4335 eius,
2766 4280 2892 4338 quas
2923 4274 3164 4335 aperatus
3210 4276 3306 4325 est,
3342 4280 3443 4317 non
3486 4280 3571 4317 re-

1964 4364 2258 4421 cordabor:
2299 4364 2352 4417 in
2370 4361 2578 4434 justitia
2622 4377 2736 4423 sua,
2789 4375 2943 4428 quam
2988 4366 3230 4424 operatus
3283 4365 3378 4422 est,
3421 4356 3570 4410 vivet.

1969 4448 2237 4528 Numquid
2265 4454 2542 4511 voluntatis
2565 4467 2692 4507 mete
2721 4463 2791 4506 est
2818 4466 2957 4504 mors
2977 4447 3144 4519 impii,
3169 4448 3292 4501 dicit
3321 4446 3573 4502 Dominus

1970 4551 2129 4616 Deus,
2158 4559 2204 4605 et
2232 4565 2332 4604 non
2372 4555 2424 4600 ut
2451 4553 2774 4601 convertatur
2801 4559 2833 4595 a
2855 4541 2948 4596 viis
2977 4539 3106 4607 suis,
3132 4546 3178 4592 et
3206 4539 3380 4593 vivat?

2042 4646 2217 4713 Atque
2247 4641 2349 4696 hac
2369 4652 2499 4694 sane
2521 4632 2964 4705 interpretatione
2992 4630 3188 4701 posita,
3236 4638 3399 4699 atque
3436 4629 3572 4685 adeo

1969 4753 2036 4794 ex
2062 4735 2387 4809 etymologia
2414 4733 2527 4802 ipsa
2569 4728 2805 4784 nominis
2830 4726 3034 4781 Adonai
3063 4724 3275 4780 videtur
3302 4723 3479 4778 altera
3504 4737 3572 4779 ex

1973 4832 2055 4887 his
2084 4829 2330 4894 Vocibus,
2360 4825 2584 4890 Adonai,
2616 4821 2891 4884 Dominus,
2927 4817 3251 4874 redundare.
3299 4814 3406 4873 Sed
3435 4815 3574 4870 inter

1972 4943 2037 4985 ea
2092 4925 2240 4982 nolui
2275 4936 2466 4977 manus
2495 4920 2550 4974 in
2576 4921 2912 4989 superiorem
2942 4911 3445 4983 interpretationem
3491 4909 3574 4964 iu-

1969 5020 2154 5090 jieere.
2197 5014 2401 5071 Locum
2426 5014 2569 5067 hunc
2595 5026 2700 5066 non
2738 5008 2939 5064 omittit
2987 5007 3353 5062 Damascenus
3382 5001 3574 5060 crebro

1969 5113 2231 5182 allegatus
2250 5110 2326 5184 (in
2348 5107 2575 5175 Parall.,
2606 5104 2751 5178 etc.).

2042 5205 2213 5262 XXX.
2280 5205 2412 5261 Item
2465 5203 2574 5257 illic
2622 5199 2854 5270 (Ezech.
2913 5212 3070 5259 xvm,
3111 5195 3229 5267 50)
3266 5212 3278 5251 :
3311 5191 3576 5250 Converti-

1972 5303 2119 5367 mini,
2166 5309 2215 5356 et
2261 5300 2470 5354 avertite
2516 5313 2603 5352 vos
2655 5297 2718 5349 ab
2782 5293 3013 5349 omnibus
3065 5289 3414 5361 impietatibus
3463 5304 3577 5342 ves-

1975 5397 2067 5452 tris
2095 5439 2109 5462 ,
2145 5405 2193 5449 et
2240 5410 2343 5449 non
2373 5401 2519 5449 erunt
2563 5390 2703 5446 vobis
2745 5390 2799 5442 in
2834 5401 3060 5458 poenam.
3097 5382 3347 5450 Projicite
3376 5398 3407 5435 a
3435 5380 3578 5435 vobis

1975 5506 2148 5545 omnes
2193 5489 2479 5558 iniquitates
2505 5493 2714 5548 vestras,
2747 5495 2875 5552 quas
2904 5478 3061 5546 impie
3086 5475 3277 5548 fecistis
3326 5475 3381 5530 in
3401 5487 3501 5538 me,
3530 5481 3578 5527 et

1977 5587 2131 5659 facile
2159 5583 2297 5640 vobis
2329 5599 2415 5636 cor
2444 5596 2649 5643 novum,
2700 5586 2745 5631 et
2785 5575 3022 5641 spiritum
3052 5586 3256 5624 novum.
3284 5568 3348 5622 Et
3378 5577 3431 5623 ut
3454 5566 3578 5637 quid

1976 5678 2280 5746 moriemini,
2307 5676 2490 5731 domus
2521 5671 2725 5727 Israel?
2755 5670 2875 5741 quia
2902 5667 3022 5723 nolo
3051 5676 3265 5720 mortem
3291 5662 3577 5731 morientis,

1967 5774 2091 5830 dicit
2116 5771 2320 5826 Adonai
2343 5769 2610 5825 Dominus.

2045 5866 2102 5924 In
2133 5866 2228 5923 illo
2258 5866 2375 5938 ipso
2401 5863 2579 5938 capite
2611 5861 2827 5921 decimo
2877 5865 3087 5923 octavo,
3116 5853 3261 5928 quod
3290 5864 3464 5925 nuper
3497 5848 3580 5906 al-

3714 5942 3771 5975 [ν
