4142 6256
633 240 775 299 H79

1978 239 2064 296 DE
2103 236 2534 298 MGUIENTO

3822 242 3950 300 me

632 383 828 456 Iegavi,
863 381 957 440 sed
984 380 1260 439 nonnullis
1299 380 1637 454 interpositis
1660 382 1681 454 (
1704 382 1973 440 versiculo
2021 382 2233 439 scilicet
2255 382 2309 443 Α
2335 381 2592 449 benediazi,
2621 390 2669 437 et
2688 381 2935 437 viventem
2963 380 3021 436 in
3045 381 3411 451 sempiternum
3454 380 3677 436 laudavi
3707 394 3761 438 et
3808 383 3957 456 glori-

638 476 734 550 50)
765 477 1006 533 invenies
1034 490 1120 544 es,
1142 489 1264 546 qua:
1285 473 1376 531 hic
1404 473 1762 543 adducuntur,
1792 475 1989 545 quibus
2015 473 2235 546 quidem

636 570 830 625 invitat
864 568 1125 624 Dominus
1153 568 1418 624 scelestos
1461 568 1529 623 ad
1578 570 1969 639 ptenitcntiam,
2028 568 2239 638 illisque

637 680 745 721 non
774 663 939 721 modo
977 665 1164 730 vitam,
1196 676 1387 721 verum
1422 665 1585 719 ctiam
1624 665 2064 735 gravissimorum
2107 678 2240 734 quo-

637 760 896 816 rumlibet
962 761 1248 816 criminum
1324 759 1534 815 veniam
1583 760 1887 830 pollicetur.
1938 757 2074 815 Vide
2121 773 2240 828 qua:

638 851 871 908 diximus
895 852 963 907 ad
987 852 1161 907 locum
1190 868 1304 920 xw,
1329 868 1417 918 xv,
1450 862 1505 908 et
1528 851 1717 908 attines
1736 852 1893 908 alios.

715 949 951 1006 Adhibet
979 950 1395 1020 explicationem
1441 950 1581 1005 hanc
1606 956 1848 1005 nostram
1877 950 2070 1003 auctor
2118 946 2241 1003 libri

637 1042 704 1098 ad
735 1042 1095 1098 Novatianum
1130 1040 1246 1096 [nec
1274 1041 1520 1097 scribens
1562 1040 1638 1113 (ρ.
1664 1041 1753 1111 16)
1784 1061 1796 1094 :
1834 1058 1853 1093 ι
1890 1040 2087 1095 Demus
2138 1039 2241 1110 igi-

639 1144 731 1190 tur
782 1135 911 1189 totis
956 1134 1164 1189 viribus
1219 1132 1347 1189 ﬁdei
1398 1143 1599 1189 nostra:
1648 1133 1759 1188 Deo
1789 1131 2023 1195 laudem,
2052 1130 2243 1186 demus

638 1230 853 1302 plenam
911 1227 1308 1285 confessionem
1342 1246 1355 1284 :
1388 1227 1823 1300 quandoquidem
1866 1241 2027 1296 super
2070 1225 2243 1295 ι)ωηὶ-

642 1323 810 1379 tentia
839 1330 1024 1378 nostra
1064 1321 1341 1394 gaudeant
1371 1322 1596 1377 virtutes
1644 1321 1927 1386 caelorum,
1976 1318 2244 1390 gaudeant

638 1414 817 1486 angeli
847 1428 1061 1479 omnes,
1083 1413 1318 1486 gaudeat
1343 1413 1778 1484 etChristus,qui
1803 1428 1901 1468 nos
1920 1411 2099 1468 denuo
2121 1426 2248 1481 pec-

642 1508 778 1564 catis
825 1517 1099 1574 oneratos,
1143 1506 1356 1563 delictis
1399 1507 1642 1572 obrutos,
1689 1506 1845 1576 plena
1891 1513 1946 1561 et
1989 1503 2245 1560 clementi

639 1600 1017 1657 moderatione
1062 1614 1278 1656 cessare
1317 1614 1347 1653 a
1414 1598 1655 1654 facinore
1704 1596 1956 1653 hortatur
2012 1597 2241 1652 dicens:

644 1691 932 1749 Canuertite
954 1709 1059 1758 vos,
1091 1702 1139 1747 et
1172 1692 1334 1748 redite
1362 1692 1426 1747 ab
1455 1690 1801 1761 impietatibus
1828 1691 2026 1752 vestris.
2069 1700 2113 1743 et
2143 1705 2245 1743 non

2338 475 2509 543 ﬁcavi,
2533 475 2654 547 quia
2680 483 2903 546 potestas
2954 476 3071 546 ejus
3116 484 3337 546 patestas
3387 478 3745 546 sempiterna,
3793 485 3842 531 et
3888 494 3953 534 re-

2337 586 2495 642 gnum
2517 569 2629 640 ejus
2657 569 2709 623 in
2735 569 3118 641 generationem
3165 578 3212 622 et
3238 570 3648 640 generationem.
3686 568 3767 623 Et
3792 586 3953 626 omnes

2339 660 2648 718 habitatores
2676 670 2827 716 terra:
2864 662 3008 732 apud
3043 678 3160 715 eum
3183 663 3240 716 in
3279 662 3494 716 nihilum
3542 666 3793 735 γεραιαιί
3827 676 3950 721 sunt.

2412 754 2633 811 XXXII.
2667 754 2801 811 Item
2848 755 2988 826 apud
3036 754 3315 810 Micbaeam
3363 756 3477 826 (vn,
3520 757 3579 829 2)
3607 779 3625 812 :
3666 756 3800 811 Heu
3847 760 3955 813 mihi

2341 848 2516 903 anima
2542 864 2675 915 mea,
2699 849 2819 917 quia
2845 848 2995 921 periit
3025 848 3210 903 veritas
3238 865 3273 902 α
3302 857 3437 903 terra
3455 889 3471 915 ,
3499 861 3547 903 et
3583 852 3691 922 qui
3747 852 3957 924 corrigat

2342 939 2476 994 inter
2518 956 2689 995 omnes
2734 957 2839 995 non
2873 950 2967 995 est.
3013 938 3206 995 Omnes
3260 941 3315 994 in
3362 943 3614 1013 sanguine
3664 943 3959 1014 judicant:

2344 1033 2688 1103 unusquisque
2728 1032 3015 1102 proximum
3045 1032 3254 1087 tribulat
3276 1033 3609 1089 tribulatione
3644 1050 3668 1088 :
3694 1035 3755 1088 in
3779 1036 3961 1089 malum

2344 1142 2526 1181 manus
2552 1143 2672 1181 suas
2697 1136 3013 1197 prteparant.

2415 1220 2515 1277 Hic
2554 1220 2775 1277 Michea:
2804 1221 2955 1277 locus
3012 1221 3055 1276 si
3102 1221 3410 1292 singillatim
3456 1232 3739 1288 sumatur,
3789 1220 3958 1278 Nova-

2346 1316 2521 1371 tianos
2573 1315 2786 1372 videtur
2818 1316 3101 1388 impetere,
3135 1316 3204 1372 de
3247 1332 3477 1388 quorum
3526 1317 3872 1374 criminibus
3915 1331 3958 1376 et

2349 1408 2642 1465 schismate
2687 1410 2936 1481 queritur
2989 1410 3151 1464 Deus.
3184 1408 3253 1466 Ut
3291 1410 3599 1466 uberiorem
3652 1421 3867 1475 tamen,
3892 1422 3959 1479 et,

2349 1502 2395 1557 si
2435 1501 2580 1572 loqui
2613 1503 2686 1557 ita
2713 1502 2872 1570 sinis,
2906 1501 3233 1572 completum
3264 1509 3425 1572 atque
3457 1502 3744 1572 integrum
3775 1504 3955 1561 horam

2346 1595 2635 1652 verborum
2660 1610 2886 1652 sensum
2901 1598 3234 1666 assequaris,
3253 1594 3647 1667 subsequentia
3670 1596 3955 1669 adjungere

2348 1688 2535 1746 debes.
2560 1690 2696 1745 Tum
2725 1706 2886 1759 porro
2920 1689 3092 1759 dices,
3126 1699 3411 1761 propterea
3439 1690 3787 1762 Prophetam
3844 1709 3954 1749 con.

639 1797 791 1843 erant
816 1786 957 1842 vobis
995 1786 1287 1858 iniquitates
1325 1794 1505 1840 restria
1555 1785 1625 1838 ad
1668 1799 1890 1853 pinnam.
1935 1780 2185 1852 Projicite
2214 1796 2247 1835 α
2273 1789 2322 1851 Β
2349 1782 2525 1854 queri,
2565 1781 2709 1855 quod
2762 1797 2970 1837 summa
3016 1784 3259 1838 omnium
3312 1792 3463 1839 esset
3499 1784 3554 1838 in
3613 1783 3950 1851 criminibus,

640 1882 783 1937 vobis
808 1896 982 1936 omnes
1006 1880 1293 1950 impietates
1329 1888 1542 1944 vestras,
1571 1892 1698 1946 quas
1734 1876 1925 1946 fecistis
1972 1874 2246 1928 adversum

643 1991 725 2030 me
749 1983 837 2030 :et
864 1975 1016 2045 facite
1044 1972 1181 2028 vobis
1206 1989 1294 2027 cor
1329 1987 1535 2039 novum,
1567 1980 1615 2024 et
1643 1970 1882 2038 spiritum
1924 1982 2129 2023 novum.
2175 1965 2245 2022 Et

643 2078 703 2125 ut
731 2069 857 2140 quid
895 2083 983 2124 vos
1029 2068 1180 2124 morti
1228 2067 1450 2134 traditis,
1472 2067 1653 2120 domus
1703 2062 1912 2120 Israel?
1948 2061 2070 2117 Non
2111 2062 2247 2116 enim

645 2160 881 2217 desidero
947 2169 1162 2216 mortem
1232 2159 1538 2232 peccatoris.
1615 2158 1976 2226 Hieronymus
2048 2154 2248 2224 pariter

646 2255 885 2322 adhibet,
942 2254 1009 2311 ad
1067 2254 1350 2311 Rusticum
1399 2253 1608 2323 lapsum
1663 2251 1779 2307 hch
1822 2248 2068 2306 scribens
2117 2245 2245 2319 (l):

650 2366 671 2401 ι
703 2348 954 2404 Ezechiel
1004 2363 1219 2419 quoque
1272 2346 1463 2402 iisdem
1517 2344 1718 2414 verbis,
1762 2344 1884 2416 quia
1955 2341 2147 2398 eodem
2194 2348 2251 2395 et

644 2439 871 2508 spiritu:
900 2439 1285 2507 Convertimim',
1319 2438 1512 2509 inquit,
1543 2447 1591 2492 et
1616 2437 1779 2493 redite
1804 2437 1867 2491 ab
1898 2435 2247 2507 iniquitatibus

643 2534 842 2598 vestris,
877 2532 1059 2587 domus
1086 2531 1290 2597 Israel;
1316 2540 1487 2584 etnon
1517 2538 1667 2584 erunt
1696 2528 1835 2584 vobis
1862 2531 1914 2583 in
1943 2537 2249 2583 tormentum

640 2625 950 2696 impietates.
996 2624 1245 2697 Projicite
1269 2641 1444 2680 omnes
1474 2625 1760 2694 impietates
1799 2634 2012 2691 vestras,
2065 2623 2250 2694 quibus

643 2716 801 2787 impie
827 2716 1000 2787 egistis
1019 2717 1291 2771 adversum
1313 2733 1411 2785 me,
1443 2727 1490 2770 et
1516 2716 1672 2786 facite
1695 2715 1834 2771 vobis
1860 2732 1948 2769 cor
1978 2730 2161 2769 novum
2201 2723 2250 2767 et

645 2811 886 2880 spiritum
940 2826 1141 2865 novum.
1172 2809 1241 2865 Et
1283 2827 1442 2880 quare
1484 2810 1768 2865 moriemini
1814 2806 1993 2863 doinus
2045 2806 2251 2864 Israel?

651 2903 792 2961 Nolo
822 2904 957 2960 enim
984 2914 1199 2960 mortem
1230 2889 1532 2974 peccatoris,
1562 2904 1685 2958 dicit
1715 2901 1987 2957 Dominus.
2013 2899 2167 2956 Unde
2196 2908 2252 2957 et

648 2996 701 3052 in
728 2998 1186 3068 consequentibus
1217 2998 1452 3069 loquitur
1484 3013 1501 3054 :
1537 2995 1659 3052 Vivo
1685 3012 1799 3066 ego,
1824 2994 1943 3048 dicit
1973 2993 2248 3061 Dominus,

648 3093 769 3149 nolo
794 3105 1007 3149 mortem
1033 3095 1338 3165 peccatoris,
1388 3093 1489 3148 nisi
1528 3102 1582 3147 ut
1617 3100 1897 3147 revertatur
1939 3109 1971 3146 a
2013 3091 2093 3145 via
2133 3108 2247 3156 sua,

2348 1886 2511 1949 atque
2541 1877 2819 1949 iniquitate
2843 1877 3151 1932 consensio.
3184 1875 3390 1931 [lorum
3433 1887 3618 1932 tamen
3648 1877 3950 1948 exemplum

2347 1968 2615 2040 Propheta
2639 1969 2913 2025 contemni
2935 1984 2967 2023 a
2993 1984 3055 2026 se
3070 1969 3167 2036 ait,
3196 1969 3398 2040 quippe
3428 1968 3730 2025 Dominum
3751 1986 3950 2038 vocare,

2346 2064 2634 2135 coiereque
2679 2074 2963 2131 statuerat,
3013 2074 3069 2120 et
3122 2073 3469 2135 peccatorum
3515 2080 3752 2120 suorum
3799 2066 3953 2137 pinni-

2350 2160 2573 2215 tentiam
2598 2174 2781 2231 agere,
2812 2175 2977 2231 quam
3027 2160 3118 2231 qui
3169 2159 3488 2230 peregisset,
3544 2160 3819 2230 supplicia
3851 2160 3952 2214 evi-

2350 2260 2536 2318 tassel,
2568 2261 2625 2307 et
2655 2266 2844 2322 pinnas
2864 2266 2998 2321 quas
3023 2251 3202 2321 priora
3222 2250 3453 2305 crimina
3479 2249 3951 2321 promerebantur.

2427 2345 2568 2401 Vere
2595 2345 2711 2401 lucc
2733 2360 2763 2399 a
2784 2360 2875 2401 me
2902 2344 3010 2400 dici
3041 2345 3087 2400 is
3124 2343 3401 2412 fatebitur,
3428 2344 3534 2415 "qui
3560 2345 3855 2414 scpt'irnum
3906 2352 3951 2401 et

2346 2440 2744 2512 subsequentes
2799 2438 3099 2495 versiculos
3151 2437 3397 2510 ejusdem
3458 2440 3653 2509 capitis
3740 2438 3940 2510 legerit,

2348 2550 2485 2605 quos
2503 2533 2721 2605 quidem
2750 2549 2818 2590 ex
2845 2532 3071 2603 Vulgata
3109 2532 3197 2588 hic
3235 2531 3509 2600 describo,
3551 2546 3681 2587 nam
3727 2541 3948 2588 veterem

2349 2626 2647 2684 editionem
2692 2643 2765 2684 ex
2814 2638 3001 2683 nostro
3026 2627 3292 2698 scriptore
3337 2626 3406 2682 ad
3449 2641 3705 2696 magnam
3761 2634 3947 2697 partem

2352 2721 2564 2778 habes:
2609 2721 2922 2793 Prwcoquas
2948 2722 3076 2792 ficus
3132 2720 3635 2776 desideravitanima
3684 2717 3947 2781 mea..Pe-

2352 2814 2440 2867 riit
2467 2823 2676 2869 sanctus
2698 2814 2762 2868 de
2785 2824 2942 2881 terra,
2977 2822 3024 2868 et
3054 2820 3220 2868 rectus
3250 2814 3305 2866 in
3350 2812 3642 2867 hominibus
3691 2828 3796 2867 non
3835 2821 3946 2867 est:

2352 2924 2528 2964 omnes
2573 2909 2626 2964 in
2665 2911 2916 2982 sanguine
2942 2909 3291 2974 insidiantur;
3323 2909 3396 2961 vir
3453 2911 3668 2978 fratrem
3715 2906 3945 2962 suumad

2354 3011 2569 3056 mortem
2596 3012 2873 3056 venatur...
2899 3017 2997 3073 ego
3024 3010 3195 3055 autem
3240 3000 3310 3054 ad
3356 2999 3631 3055 Dominum
3683 2999 3939 3068 aspiciam,

2354 3094 2660 3163 exspectabo
2692 3092 2859 3148 Deum
2884 3093 3210 3149 Salvatorem
3233 3109 3406 3147 meum
3430 3109 3449 3146 :
3487 3092 3662 3146 audiet
3690 3108 3770 3144 me
3816 3089 3943 3145 Deus

644 3196 695 3242 et
742 3189 910 3253 vivat;
950 3201 1017 3242 ne
1063 3201 1218 3242 mens
1245 3185 1520 3242 incredula
1550 3185 1617 3241 de
1659 3185 1923 3240 bonorum
1954 3184 2245 3255 repromis-
2274 3190 2322 3255 ρ
2354 3199 2512 3240 meus.
2549 3183 2633 3239 Ne
2660 3186 2849 3241 laeteris
2890 3185 3097 3241 inimica
3118 3201 3229 3239 mea
3250 3200 3404 3254 super
3435 3200 3534 3251 me,
3579 3184 3697 3254 quia
3738 3182 3895 3236 cecidi
3923 3197 3942 3236 :

649 3280 807 3335 sione
835 3280 1109 3349 desperet,
1133 3289 1188 3334 et
1213 3279 1381 3336 semel
1405 3280 1689 3350 perditioni
1715 3278 1927 3334 animus
1951 3277 2250 3334 destinatus

650 3387 758 3426 non
788 3371 1041 3427 adhibeat
1082 3373 1294 3429 vulneri
1331 3373 1687 3441 curationem,
1719 3371 1863 3443 quod
1913 3387 2248 3443 nequaquam

650 3463 927 3519 existimat
952 3477 1112 3533 posse
1137 3465 1338 3520 curari.
1388 3482 1407 3516 ι

725 3555 981 3626 Vulgatus
1027 3556 1295 3627 interpres
1334 3556 1407 3611 ita
1476 3554 1643 3611 latine
1694 3555 1798 3626 legi
1854 3554 2023 3610 voluit
2072 3556 2251 3611 locum

649 3651 794 3708 hunc
822 3669 836 3707 :
871 3650 1234 3706 Canvertimini
1256 3693 1270 3717 ,
1304 3660 1351 3706 et
1389 3651 1527 3722 agite
1556 3651 1903 3720 paenitentiam
1929 3650 1992 3704 ab
2018 3651 2251 3705 omnibus

644 3746 994 3817 iniquitatibus
1014 3746 1282 3813 vestris,ct
1309 3763 1411 3801 non
1442 3747 1536 3801 erit
1562 3745 1700 3800 vobis
1729 3746 1782 3800 in
1815 3746 2019 3799 ruinam
2057 3746 2249 3817 iniqui--

649 3848 751 3895 tas.
796 3838 1043 3909 Projirite
1090 3857 1120 3892 a
1175 3839 1314 3893 vobis
1358 3855 1531 3894 omnes
1576 3839 2017 3908 praevaricationes
2063 3849 2251 3894 vestras

647 3932 703 3985 in
733 3932 915 4000 quibus
944 3933 1263 4002 prtevaricati
1288 3933 1430 3997 estis,
1462 3942 1510 3987 et
1528 3933 1683 4000 facite
1699 3933 1839 3988 vobis
1862 3949 1952 3987 cor
1974 3949 2160 3987 novum
2203 3943 2250 3988 et

648 4023 887 4092 spiritum
913 4038 1119 4077 novum.
1162 4022 1229 4076 Et
1277 4040 1435 4093 quare
1475 4027 1781 4085 moriemini.
1822 4026 2004 4079 domus
2042 4024 2252 4081 Israel?

657 4111 790 4181 Quia
817 4114 935 4167 nolo
962 4123 1173 4168 mortem
1202 4115 1489 4182 morientis,
1517 4116 1641 4170 dicit
1675 4115 1928 4172 Dominus
1960 4118 2120 4174 Deus.

724 4205 920 4262 XXXI.
942 4206 1071 4262 Item
1102 4207 1241 4277 apud
1273 4207 1549 4263 Danielem
1573 4207 1668 4278 (iv,
1694 4207 1784 4279 5|)
1819 4228 1832 4263 :
1865 4208 1930 4264 Et
1961 4220 2074 4282 post
2095 4211 2252 4281 ﬁnem

652 4301 874 4368 dierum,
907 4318 998 4373 ego
1017 4299 1497 4356 Nabuchodonosor
1510 4300 1684 4356 oculos
1711 4317 1847 4356 meos
1874 4304 1925 4355 in
1941 4303 2119 4357 calam
2136 4320 2253 4357 sus-

653 4395 750 4450 tuli
776 4434 792 4460 ,
819 4406 865 4449 et
890 4411 1065 4449 sensus
1093 4411 1232 4450 meus
1262 4396 1315 4450 in
1337 4412 1415 4449 me
1438 4412 1707 4451 conversus
1731 4406 1824 4463 est,
1866 4407 1913 4450 et
1933 4396 2253 4452 Altissimum

2353 3293 2681 3349 consurgant,
2710 3294 2827 3333 cum
2851 3280 3030 3335 sedero
3060 3279 3114 3332 in
3163 3278 3403 3333 tenebris.
3446 3278 3681 3333 Dominus
3709 3278 3790 3332 (ea:
3825 3290 3937 3331 mea

2352 3381 2448 3426 est.
2479 3369 2627 3426 Iram
2656 3370 2870 3427 Domini
2898 3372 3135 3443 portabo,
3160 3373 3406 3441 quoniam
3433 3372 3630 3441 peccari
3669 3372 3737 3438 ei,
3788 3371 3938 3424 donec

2353 3478 2564 3520 causam
2582 3483 2746 3522 meam
2771 3467 2992 3539 judicet,
3027 3476 3073 3520 et
3101 3466 3261 3538 faciat
3277 3466 3539 3537 judicium
3575 3481 3779 3532 meum;
3824 3467 3936 3520 edu-

2351 3567 2430 3613 cet
2452 3576 2531 3615 me
2555 3561 2608 3616 in
2631 3561 2817 3626 lucem,
2840 3560 3016 3615 videbo
3053 3560 3314 3630 justitiam
3362 3559 3494 3630 ejus,
3536 3568 3586 3613 et
3613 3560 3820 3630 aspiciet
3846 3559 3932 3612 ini-

2354 3652 2486 3705 mica
2515 3669 2648 3719 mea,
2678 3662 2725 3706 et
2771 3653 3028 3722 aperietur
3053 3651 3376 3721 confusione,
3404 3665 3521 3722 quae
3570 3651 3693 3705 dicit
3735 3652 3799 3705 ad
3829 3664 3931 3703 nte:

2358 3747 2457 3805 Ubi
2487 3755 2562 3802 est
2608 3746 2860 3803 Dominus
2900 3746 3038 3801 Deus
3090 3745 3251 3800 tuus?
3291 3744 3445 3800 Oculi
3483 3748 3582 3801 mei
3629 3747 3843 3802 videbunt
3884 3746 3932 3797 in

2353 3859 2465 3898 eam
2496 3857 2514 3895 :
2541 3857 2678 3895 nunc
2705 3841 2800 3894 erit
2818 3840 2871 3893 in
2888 3839 3342 3901 conculcationem,
3367 3849 3423 3892 ut
3447 3840 3617 3893 lutum
3656 3839 3929 3909 platearum.

2424 3932 2667 3989 XXXIII.
2701 3931 2833 3986 Item
2864 3931 2973 3986 illic
3014 3926 3205 4003 (Mich.
3253 3946 3323 3986 vn
3352 3970 3369 3995 ,
3419 3930 3523 3999 8):
3561 3930 3689 3985 Noli
3739 3930 3932 4002 gaudere

2352 4042 2509 4097 super
2529 4041 2608 4093 me
2632 4024 2840 4079 inimica
2870 4039 3002 4089 mea,
3024 4023 3145 4095 quia
3173 4023 3354 4088 cecidi,
3383 4023 3474 4076 sed
3524 4040 3799 4095 resurgam,
3826 4036 3929 4091 pro-

2359 4132 2473 4196 pter
2495 4121 2634 4191 qaod
2676 4120 2721 4175 si
2763 4118 2939 4174 sedero
2968 4118 3021 4172 in
3049 4116 3285 4186 tenebris,
3308 4115 3564 4172 Dominus
3595 4118 3774 4172 lucebit
3803 4116 3928 4170 mihi.

2356 4213 2503 4269 Iram
2541 4212 2748 4268 Domini
2775 4211 3051 4278 sustinebo,
3101 4211 3222 4282 quia
3264 4211 3469 4282 peccaui
3504 4211 3573 4280 ei,
3625 4212 3780 4267 donec
3799 4209 3933 4282 justi-

2355 4309 2471 4379 ﬁcet
2496 4309 2607 4379 ipse
2625 4321 2833 4361 causam
2854 4321 3042 4360 meam.

2428 4402 2507 4458 De
2529 4400 2631 4455 hoc
2654 4398 2964 4455 testimonio
2994 4394 3171 4453 recole
3199 4410 3322 4466 qua:
3358 4396 3520 4453 modo
3556 4396 3796 4453 diximus.
3832 4392 3927 4449 Iloc

653 4488 879 4553 laudavi,
914 4498 961 4543 et
992 4487 1182 4559 Regem
1210 4488 1323 4544 coeli
1349 4489 1603 4557 benedixi,
1634 4499 1681 4544 et
1706 4492 1947 4545 viventem
1986 4489 2039 4543 in
2066 4490 2253 4544 siccata
2277 4508 2333 4571 D
2358 4492 2559 4549 habent
2585 4490 2859 4550 commodi
2890 4490 2991 4544 loci
3022 4489 3107 4544 isti
3158 4486 3402 4555 Micheie,
3433 4496 3492 4543 ut.
3539 4498 3725 4558 praeter
3747 4502 3804 4542 ea
3832 4499 3938 4540 mo-

652 4577 879 4644 laudavi,
908 4580 1030 4650 quia
1055 4590 1274 4651 potestas
1299 4581 1408 4652 ejus
1437 4590 1628 4637 interna
1670 4592 1762 4647 est,
1792 4598 2006 4653 regnum
2036 4582 2146 4654 ejus
2200 4582 2258 4637 in
2359 4586 2492 4653 uita,
2534 4600 2657 4656 qua:
2697 4597 2871 4653 nuper
2899 4579 3273 4651 expendimus,
3332 4579 3602 4649 antiquam
3652 4578 3935 4633 versionem

548 4682 557 4691 ‘
653 4672 997 4745 generatione,
1022 4682 1071 4728 et
1091 4690 1261 4729 omnes
1282 4676 1367 4744 qui
1387 4674 1671 4730 inhabitant
1690 4686 1899 4743 terram,
1925 4675 2074 4730 nihil.

730 4767 973 4823 Adducta
1050 4783 1119 4823 ex
1185 4769 1407 4825 Daniele
1484 4771 1646 4826 verba
1710 4769 2258 4826 Nabuchodonosoris

658 4863 913 4931 exemplo
958 4862 1186 4918 invitant
1226 4863 1293 4919 ad
1336 4865 1727 4936 ptenitentiam,
1762 4875 1816 4922 et
1851 4866 2136 4923 criminum
2164 4865 2261 4923 dc-

660 4959 1002 5014 testationem
1050 4959 1376 5015 inveteratus
1403 4961 1454 5014 in
1486 4961 1759 5031 impietate
1796 4962 2039 5031 populos,
2099 4970 2154 5016 et
2183 4960 2261 5015 Ia-

659 5051 765 5107 cilc
795 5051 1110 5120 Ostendunt,
1161 5054 1362 5109 nemini
1414 5053 1625 5109 occludi
1676 5054 2004 5124 pmnitcntia:
2059 5054 2259 5119 locum,

657 5144 1092 5219 quandoquidem
1137 5144 1674 5213 Nabuchodonosori,
1721 5147 1961 5217 supremi
2026 5146 2263 5202 numinis

664 5254 761 5311 per
801 5254 973 5294 annos
1004 5238 1265 5310 plurimos
1303 5239 1685 5310 contemptori,
1714 5254 1973 5296 concessa
1999 5249 2083 5295 est
2112 5238 2267 5294 deni-

665 5347 795 5404 que,
842 5340 1061 5402 propter
1102 5330 1459 5387 humilitatem
1513 5332 1862 5404 veritatisque
1911 5334 2263 5405 agnitionem,

664 5425 1058 5495 praeteritorum
1088 5425 1373 5481 criminum
1395 5441 1425 5480 a
1452 5426 1679 5482 Domino
1699 5426 1877 5482 venia.

740 5520 798 5575 In
848 5520 1057 5591 vulgata
1101 5520 1217 5576 hinc
1261 5522 1341 5578 sic
1386 5521 1682 5593 leguntur:
1733 5520 1905 5592 Igitur
1955 5531 2067 5593 post
2116 5522 2270 5587 ﬁnem

667 5613 866 5668 dierum
912 5630 1004 5685 ego
1052 5613 1535 5671 Nabuchodonosor
1575 5617 1752 5673 oculos
1789 5631 1926 5673 meos
1978 5618 2048 5673 ad
2089 5619 2272 5675 caelum

671 5705 849 5771 levavi,
900 5720 947 5759 et
982 5723 1159 5762 sensus
1193 5724 1334 5762 meus
1376 5708 1608 5765 redditus
1636 5719 1709 5766 est
1736 5708 1896 5776 mihi,
1925 5719 1973 5766 et
2010 5709 2274 5767 Altissimo

753 5816 831 5884 (ί)
856 5815 913 5871 1η
929 5819 1086 5885 epist.
1111 5819 1239 5874 olim
1274 5836 1428 5885 XLVI;
1457 5821 1511 5878 in
1537 5822 1667 5879 edit.
1705 5822 1928 5893 Verom,
1960 5823 2157 5896 θὴρ.
2191 5827 2246 5881 I.

2361 4679 2607 4736 nonnihil
2645 4693 2676 4732 a
2696 4675 2927 4747 Vulgata
2957 4684 3220 4731 remotam
3248 4673 3562 4738 exhibeant,
3590 4686 3751 4742 quam
3775 4678 3932 4725 tamen

2360 4773 2486 4829 alibi
2513 4771 2732 4829 difticile
2755 4769 3016 4825 invenies.
3048 4767 3218 4823 Porro
3239 4767 3282 4822 si
3318 4765 3387 4820 ad
3432 4764 3811 4835 perﬁciendam
3829 4775 3934 4817 seu-

2363 4869 2586 4924 tentiam
2618 4864 2947 4922 versiculum
2992 4863 3225 4934 primum
3272 4861 3496 4928 hujusce
3524 4859 3718 4929 capitis
3744 4874 3807 4912 ex
3840 4868 3938 4910 ver-

2363 4962 2520 5018 sione
2562 4960 2911 5031 Septuaginta
2969 4965 3143 5027 Optas,
3185 4971 3253 5013 en
3296 4955 3445 5010 illum
3479 4971 3496 5010 :
3529 4952 3644 5008 Heu
3686 4954 3806 5008 milii
3842 4951 3937 5021 quia

2364 5058 2529 5126 factus
2549 5069 2661 5108 sum
2686 5053 2930 5124 colligens
2983 5049 3233 5118 stipulam
3276 5049 3333 5103 in
3364 5062 3543 5113 messe,
3570 5056 3618 5101 et
3648 5061 3862 5102 racemos
3895 5043 3936 5097 is

2362 5146 2637 5203 vindemia.
2672 5144 2798 5200 Non
2841 5152 2960 5199 sunt
2999 5159 3063 5199 ea:
3090 5142 3234 5197 bonis
3278 5139 3348 5195 ad
3386 5138 3758 5194 comedendum

2367 5241 2472 5308 tiae,
2503 5240 2600 5295 heu
2627 5237 2845 5293 anima!

2438 5336 2628 5393 Mirum
2653 5348 2814 5405 porro
2844 5329 2987 5402 quod
3019 5344 3128 5386 non
3177 5326 3431 5384 aﬁ‘eratur
3454 5325 3598 5381 alter
3617 5324 3844 5395 Michea:
3873 5320 3937 5375 lo.

2368 5448 2465 5490 cus
2492 5431 2631 5487 haud
2662 5430 2886 5485 multum
2909 5442 2941 5481 a
2963 5424 3243 5496 superiore
3267 5422 3514 5487 distans;
3548 5420 3837 5475 versiculus
3852 5412 3933 5471 sci-

2368 5527 2500 5583 licet
2521 5524 2588 5581 19
2610 5520 2850 5593 ejusdem
2865 5519 3079 5590 capitis,
3104 5532 3263 5587 quem
3280 5525 3499 5570 sanctus
3512 5511 3860 5583 Hieronymus
3875 5503 3935 5575 (Ξ)

2373 5618 2441 5675 ad
2486 5617 2628 5673 hunc
2673 5613 2890 5670 modum
2936 5611 3068 5683 legit
3100 5627 3113 5663 :
3150 5608 3273 5680 Ipse
3317 5614 3526 5673 avertet,
3579 5614 3626 5658 et
3664 5600 3935 5659 miserebitsr

2455 5747 2534 5822 (Ξ)
2581 5743 2961 5822 ln_epist.‘ad
3006 5743 3237 5815 Occan.,
3275 5742 3405 5800 olim
3451 5750 3700 5808 unm;
3745 5738 3798 5796 in
3834 5730 3932 5792 edit.

2383 5816 2612 5891 Veram,
2641 5816 2732 5890 69,
2760 5835 2815 5875 n.
2844 5816 2899 5873 6.
