4142 6256
374 257 513 313 1181

1640 249 2058 311 δυριςιυθιιιε
2094 248 2457 311 OPUSCULI.

3526 250 3678 307 118⁵2.

370 376 580 440 nostri;
625 373 881 446 demerget
947 372 1240 443 iniquitates
1276 380 1501 440 nostras,
1554 380 1603 427 et
1655 371 1886 443 proﬁciet
1923 369 1978 425 in
2001 368 2059 432 Α
2083 384 2190 426 non
2216 370 2416 441 passim
2439 367 2691 424 omnibus
2718 365 2875 434 dari;
2905 380 3007 424 nec
3046 375 3333 440 antequam
3376 378 3471 426 aut
3507 370 3675 425 inter-

367 473 687 546 profundum
713 472 870 527 maris
908 471 1082 527 omnia
1101 478 1309 542 peccata
1336 476 1531 526 nostra.
1568 466 1675 524 Sed
1711 465 1834 523 ideo
1855 464 1965 522 for-

366 577 514 623 tasse
540 567 611 622 ab
634 581 704 623 eo
725 565 1010 636 allegando
1039 566 1182 620 cavit
1215 564 1450 635 scriptor
1474 563 1562 618 hic
1603 570 1804 628 noster,
1827 559 1970 632 quod

362 662 538 718 multo
574 662 749 733 aptius
776 660 1074 732 Baptismo,
1115 675 1275 732 quam
1314 657 1644 729 pteuiteutiat
1693 658 1859 713 verba
1906 672 1971 713 ea

362 755 657 814 convenire
688 764 921 827 putaret.
955 755 1024 810 Et
1051 770 1180 810 sane
1227 754 1485 825 Baptismi
1540 752 1766 824 gratiam
1796 750 1970 807 verbis

361 851 429 908 iis
452 851 697 907 denutari
722 850 882 904 docet
904 848 1043 904 idem
1064 848 1156 904 ille
1172 847 1532 919 Hieronymus
1555 860 1715 916 quem
1736 843 1964 900 adduxi:

369 961 390 998 ι
424 943 675 999 Micba'as
703 942 772 999 de
788 941 1049 1013 Baptismi
1075 940 1245 1012 gratia
1276 940 1598 995 vaticinatur
1626 955 1640 994 :
1668 937 1791 1010 Ipse
1816 953 1965 993 aver-

367 1050 389 1088 s
424 1043 513 1100 tet,
548 1044 655 1090 etc.
670 1048 713 1087 ιιι

432 1126 675 1184 ΧΧΧΙνι
707 1126 839 1184 Item
867 1128 1008 1198 apud
1036 1126 1369 1199 Sophoniam
1399 1126 1486 1197 (tt,
1539 1127 1594 1196 l)
1620 1143 1634 1179 :
1664 1123 1961 1191 Conuenite,

357 1231 408 1279 et
437 1224 737 1296 precamini,
770 1239 895 1293 gens
912 1224 1290 1292 indiciplinata,
1320 1223 1466 1292 prius
1492 1236 1645 1291 quam
1673 1217 1964 1291 eﬁiciamini

357 1315 490 1369 sicut
508 1316 608 1387 ﬂos
630 1316 944 1385 praeteriens,
974 1313 1117 1385 prius
1144 1330 1300 1387 quam
1343 1314 1511 1369 ueniat
1557 1328 1710 1383 super
1739 1328 1830 1367 vos
1880 1311 1961 1366 ira

357 1405 586 1472 Domini,
612 1409 912 1479 priusquam
958 1410 1122 1463 veniat
1151 1422 1305 1479 super
1340 1422 1430 1462 vos
1474 1406 1582 1461 dies
1623 1406 1814 1476 furoris
1853 1403 1962 1460 Do-

351 1502 501 1557 mini.
526 1502 753 1570 Quwrite
783 1502 1078 1569 Dominum,
1098 1516 1271 1557 omnes
1294 1500 1509 1556 humiles
1525 1508 1692 1557 terrae.
1701 1499 1960 1570 judicium

353 1595 662 1664 aperamini,
695 1603 743 1648 et
779 1593 993 1665 qurerite
1002 1593 1282 1665 justitiam,
1306 1602 1356 1648 et
1369 1592 1581 1664 quwrite
1610 1589 1961 1645 mansuetudi-

347 1701 488 1755 nem,
513 1697 560 1742 et
584 1688 887 1766 respondete
905 1688 969 1756 ei,
996 1699 1051 1742 ut
1073 1689 1409 1761 protegamini
1428 1688 1482 1742 in
1503 1686 1588 1742 die
1606 1687 1696 1741 ira:
1724 1685 1955 1741 Domini.

2075 463 2304 535 pretatio
2323 463 2519 518 divina:
2538 462 2849 527 voluntatis,
2877 470 2971 517 aut
2989 461 3213 517 forsitan
3234 462 3466 521 visitatio
3489 463 3671 538 fuerit,

2074 555 2305 613 relaxari
2337 571 2351 609 :
2384 570 2580 627 magno
2611 554 2847 625 pondere
2883 569 3186 625 magnoque
3210 554 3519 625 libramine,
3550 570 3677 630 post

2073 650 2274 704 multos
2295 648 2551 720 gemitus,
2584 646 3008 719 ell‘usioncmque
3033 647 3418 720 Iacrymarum,
3447 664 3569 723 post
3595 662 3675 711 to—

2074 743 2179 799 tius
2206 743 2467 800 Ecclesia
2498 757 2713 813 preces.
2757 758 2777 796 ι

2146 836 2343 893 Vocem
2372 836 2517 891 illam
2548 836 2863 902 iniquitate»:
2897 836 2975 908 (ut
3005 848 3107 891 non
3134 836 3401 905 accipiatis
3427 837 3674 909 iniquita-

2070 932 2191 1007 tem)
2219 944 2372 992 sume
2414 949 2509 1004 pro
2547 948 2705 1004 poma
2742 933 3010 1005 iniquitati
3054 932 3377 1005 iniligenda;
3420 936 3532 1007 jam
3579 938 3674 997 diu

2068 1029 2213 1084 enim
2242 1042 2513 1083 monuere
2534 1027 2891 1097 interpretes,
2921 1038 3082 1083 voces
3107 1027 3225 1094 has,
3255 1039 3541 1099 peccatum,
3572 1030 3672 1085 ini-

2066 1123 2257 1194 quitas,
2294 1132 2351 1178 et-
2377 1121 2565 1178 al'iines
2599 1122 2734 1178 alias
2768 1122 3045 1193 sntbiguas
3078 1137 3200 1179 esse
3219 1166 3234 1190 ,
3264 1135 3319 1180 et
3350 1125 3574 1195 perinde
3598 1127 3673 1183 si-

2065 1217 2327 1288 gniﬁcare
2347 1230 2626 1289 peccatum
2656 1219 3117 1290 iniquitatemque,
3143 1234 3207 1276 ac
3236 1232 3451 1289 pinnam
3482 1236 3670 1289 pecca-

2067 1318 2125 1365 to
2139 1319 2196 1366 et
2226 1312 2493 1381 iniquitati
2509 1313 2864 1369 inferendam.
2889 1313 3321 1380 Abestnonnibil
3337 1331 3369 1370 a
3389 1319 3671 1387 superiore

2065 1400 2508 1472 interpretatione
2538 1404 2762 1476 Vulgata
2788 1422 2803 1469 ;
2837 1404 2952 1460 haec
2984 1420 3181 1476 nempe
3194 1416 3278 1462 est
3302 1425 3314 1462 :
3340 1404 3663 1477 Convertere,

2063 1490 2252 1562 Israel,
2282 1497 2351 1550 ad
2377 1495 2656 1552 Dominum
2673 1498 2835 1552 Deum
2874 1508 3017 1553 tuum
3037 1532 3053 1565 ί
3086 1502 3326 1570 quoniam
3353 1503 3589 1557 corruisti
3613 1504 3670 1558 in

2061 1588 2329 1660 iniquitate
2352 1599 2459 1645 tua.
2509 1590 2694 1647 Tollite
2720 1592 2974 1647 vobiscum
3012 1593 3162 1649 verba
3185 1636 3200 1659 ,
3231 1601 3279 1649 et
3317 1596 3671 1652 convertimini

2060 1682 2132 1736 ad
2162 1681 2443 1739 Dominum
2464 1724 2479 1751 ,
2509 1694 2557 1739 et
2583 1686 2737 1740 dicite
2763 1686 2808 1739 ei
2832 1701 2852 1739 :
2880 1686 3095 1742 (inanem
3122 1692 3273 1759 aufer
3317 1689 3659 1760 iniquitatem,

351 1782 371 1847 ἶ
426 1778 568 1847 Quid
593 1795 759 1851 porro
798 1781 975 1852 aptius
1016 1779 1082 1835 ad
1114 1780 1416 1844 terrendos,
1462 1778 1896 1847 avertendosque
1920 1792 1951 1834 a
1979 1772 2030 1835 Β
2057 1776 2232 1845 accipe
2258 1775 2466 1841 bonum,
2499 1788 2547 1833 et
2572 1778 2841 1833 reddemus
2869 1780 3052 1835 vitulos
3073 1781 3325 1835 (abiaram
3351 1792 3660 1840 nostrorum.

349 1871 646 1929 schismate
687 1880 849 1941 atque
876 1871 1433 1937 baeresiNovatianos,
1465 1884 1668 1942 eosque
1689 1869 1951 1926 reducen-

347 1964 447 2021 dos
472 1963 538 2019 ad
565 1964 885 2032 Ecclesium,
916 1978 1077 2033 quam
1106 1966 1455 2035 reliquerant,
1495 1964 1675 2019 verbis
1713 1963 1797 2028 iis,
1837 1976 1957 2033 quae

345 2058 438 2115 hic
462 2075 528 2114 ex
553 2058 829 2129 Sophonia
866 2054 1246 2114 adducuntur?
1274 2057 1401 2129 quid
1453 2058 1656 2128 pariter
1682 2055 1956 2113 eltlcacius

342 2153 410 2209 ad
443 2150 808 2224 perurgettdos
855 2153 921 2208 ad
960 2152 1331 2224 pmnitentiam
1370 2160 1486 2215 eos,
1516 2152 1609 2222 qui
1638 2149 1955 2206 criminibus

343 2246 457 2301 suis
481 2247 574 2305 Dei
598 2246 732 2301 iram
761 2242 1021 2302 adversus
1049 2262 1108 2301 se
1134 2246 1539 2302 excitaverant?
1572 2245 1766 2301 Procul
1789 2244 1954 2301 dubio

344 2339 773 2411 interpretationi
826 2340 1173 2413 Septuaginta
1222 2341 1465 2396 adhaeret
1510 2351 1697 2397 noster
1742 2350 1951 2396 auctor.

345 2431 608 2504 Vulgatus
622 2442 800 2488 autem
832 2433 1101 2504 interpres
1129 2434 1207 2488 sic
1223 2432 1413 2489 eadem
1445 2435 1497 2488 in
1525 2432 1748 2488 latinum
1772 2441 1951 2489 trans-

344 2526 467 2581 tulit
500 2544 514 2581 :
574 2525 868 2593 Conuenite,
928 2528 1332 2600 congregamini,
1356 2542 1477 2599 gens
1512 2540 1614 2580 non
1669 2524 1907 2579 amabilis
1933 2541 1953 2580 :

348 2618 664 2692 Priusquam
700 2622 870 2691 pariat
912 2623 1083 2693 jussio
1111 2623 1259 2692 quasi
1302 2620 1562 2692 pulverem
1611 2628 1954 2674 transeuntem

344 2712 499 2780 diem,
531 2720 804 2787 antequam
828 2715 1000 2769 veniat
1039 2731 1193 2786 super
1216 2730 1303 2769 vos
1349 2715 1431 2768 ira
1472 2714 1663 2783 furoris
1716 2706 1949 2780 Domini,

344 2816 615 2879 antequam
659 2809 828 2863 veniat
873 2825 1028 2881 super
1059 2823 1146 2863 vos
1172 2809 1281 2863 dies
1308 2808 1679 2879 indignationis
1718 2806 1948 2865 Domini.

349 2901 575 2968 Qnterite
596 2900 895 2967 Dominum,
921 2918 1095 2958 omnes
1120 2903 1370 2956 mansueti
1395 2908 1561 2969 terre,
1592 2901 1678 2972 qui
1693 2900 1954 2972 judicium

345 2996 457 3065 ejus
486 2996 607 3050 estis
632 2996 849 3065 operati.
881 2994 1337 3062 Qua'ritejnstum,
1368 2994 1579 3067 quterite
1596 3003 1912 3049 mansuetum
1933 3011 1952 3048 :

344 3090 387 3145 si
408 3105 509 3159 quo
539 3089 692 3143 modo
718 3089 1108 3143 abscondamini
1137 3090 1188 3143 in
1211 3089 1293 3143 die
1321 3089 1511 3160 furoris
1540 3087 1766 3143 Domini.

2131 1866 2398 1925 XXXVII.
2434 1869 2562 1925 Item
2593 1870 2645 1924 in
2676 1870 3057 1927 Ecclesiastico
3100 1874 3252 1945 (XVII,
3275 1873 3371 1946 εδ)
3396 1892 3409 1928 :
3438 1875 3664 1932 Conver-

2058 1972 2163 2016 tere
2177 1959 2557 2029 adDominum,
2573 1972 2621 2018 et
2644 1965 2874 2035 relinque
2898 1975 3106 2035 peccata
3133 1977 3244 2033 tua,
3264 1976 3311 2020 et
3337 1968 3492 2023 nimis
3519 1971 3660 2024 oat'to

2058 2057 2448 2120 execrationem,
2481 2064 2527 2110 et
2556 2070 2803 2127 cognosce
2807 2056 3041 2127 justitias
3061 2065 3110 2111 et
3127 2057 3333 2128 judicia
3358 2058 3478 2125 Dei,
3507 2069 3556 2114 et
3582 2068 3663 2115 sta

2056 2148 2111 2203 in
2130 2158 2265 2203 sorte
2283 2150 2667 2218 propitiationis
2677 2150 2948 2219 ditissimi,
2967 2160 3013 2207 et
3039 2152 3168 2208 uade
3191 2155 3244 2207 in
3272 2162 3467 2224 partem
3489 2156 3668 2211 seaculi

2055 2255 2169 2294 cum
2199 2240 2342 2307 vivis,
2373 2251 2419 2295 et
2450 2242 2689 2298 dantibus
2714 2242 3102 2313 confessionem.
3136 2243 3261 2301 Non
3290 2246 3569 2302 demoreris
3605 2249 3661 2303 in

2056 2348 2227 2387 errore
2254 2334 2550 2401 impiorum.
2580 2338 2624 2389 Α
2653 2346 2851 2391 mortuo
2880 2339 3030 2407 quasi
3058 2340 3188 2393 nihil
3217 2339 3347 2409 perit
3377 2341 3657 2411 confessio.

2064 2422 2220 2479 Vicus
2244 2435 2289 2480 et
2317 2443 2476 2483 sanus
2505 2430 2827 2498 conﬁteberis
2851 2428 2983 2497 Deo,
3017 2440 3063 2484 et
3093 2432 3393 2502 gloriaberis
3421 2433 3471 2487 in
3502 2434 3653 2489 mise-

2055 2520 2340 2574 rationibus
2368 2521 2508 2576 illius
2528 2562 2544 2590 ,
2576 2523 2820 2590 quoniam
2866 2540 3056 2596 magna
3097 2526 3448 2582 misericordia
3482 2525 3581 2582 Dei
3608 2536 3659 2583 et

2056 2614 2358 2684 propitiatio
2387 2615 2531 2670 illius
2560 2618 2961 2674 concertantibus
2985 2619 3056 2673 ad
3078 2635 3153 2676 se.

2128 2710 2209 2766 Ea-
2233 2726 2353 2782 quae
2380 2712 2448 2767 ad
2475 2712 2841 2768 testimonium
2867 2730 3040 2771 xxxnv
3065 2715 3352 2783 annotavi,
3387 2714 3473 2771 hic
3497 2716 3543 2773 si
3572 2733 3658 2774 re-

2053 2801 2322 2869 coluntur,
2355 2803 2508 2872 satis,
2538 2814 2596 2859 ut
2626 2815 2773 2874 puto,
2805 2805 3156 2862 illustrabunt
3185 2823 3309 2863 eum
3332 2844 3349 2875 ,
3377 2825 3536 2879 quem
3566 2808 3657 2865 hic

2054 2880 2349 2964 oderimus,
2380 2895 2578 2952 locum.
2609 2896 2895 2953 Novatiani
2932 2898 3179 2968 profecto
3218 2899 3445 2956 indicari
3471 2901 3657 2958 viden-

2054 2997 2143 3043 tur
2172 2992 2522 3062 mouerique,
2558 3001 2613 3046 ut
2659 2991 2872 3047 tandem
2910 2993 3200 3063 aliquando
3239 2992 3308 3049 ab
3352 2993 3543 3050 lmresi
3589 2994 3657 3051 ad

2054 3081 2352 3138 Ecclesium
2385 3095 2745 3152 revertantur,
2780 3085 2845 3141 iis
2876 3086 3053 3142 verbis
3083 3107 3097 3143 :
3126 3086 3424 3143 Convertere
3448 3089 3516 3143 ad
3544 3086 3658 3143 Do-

416 3179 640 3237 XXXV.
676 3181 805 3236 Item
849 3181 990 3251 apud
1022 3180 1336 3237 Zachariam
1375 3180 1436 3253 (ι,
1471 3180 1527 3244 ’5)
1552 3196 1565 3234 :
1594 3178 1956 3236 Convertimini
1983 3169 2031 3235 C
2063 3177 2279 3244 minam,
2304 3187 2351 3232 et
2378 3179 2605 3250 relinque
2636 3189 2843 3251 peccata
2873 3190 3029 3237 tua...
3056 3191 3102 3237 et
3127 3193 3206 3237 sta
3231 3183 3284 3237 in
3314 3195 3449 3239 sorte
3475 3186 3655 3254 propi-

344 3273 413 3327 ad
436 3290 536 3340 me,
559 3285 608 3329 et
637 3283 901 3328 convertar
921 3276 990 3328 ad
1018 3290 1123 3329 vos.

418 3365 569 3421 Adeo
595 3366 915 3437 perspicuus
946 3372 1030 3423 est
1055 3368 1202 3423 locus
1233 3370 1356 3431 iste,
1387 3376 1447 3421 ut
1466 3366 1825 3435 esplicatione
1850 3368 1954 3423 mi-

348 3457 494 3512 nime
524 3457 777 3529 indigeat.
810 3458 946 3515 Vide
977 3466 1097 3531 qua:
1118 3461 1353 3516 diximus
1375 3460 1441 3516 ad
1470 3462 1640 3517 locum
1673 3462 1762 3526 I5,
1800 3461 1867 3517 l6
1897 3470 1953 3519 et

354 3559 668 3620 sequentes.
700 3552 968 3608 Cenvenit
996 3555 1157 3608 etiam
1190 3554 1347 3622 plane
1372 3564 1492 3610 eum
1525 3554 1770 3625 Vulgata.

419 3641 668 3698 XXXVI.
699 3643 832 3699 Item
865 3644 1004 3715 apud
1020 3639 1159 3701 Osee
1190 3645 1320 3715 (xiv,
1339 3642 1398 3717 2)
1426 3666 1439 3702 :
1464 3645 1765 3701 Convertere
1781 3644 1950 3702 Israel

346 3734 415 3791 ad
438 3734 716 3793 Dominunt
738 3735 905 3793 Deum
929 3748 1093 3806 tuum,
1116 3741 1358 3809 quoniam
1373 3740 1665 3809 infirmatus
1686 3754 1739 3794 es
1762 3741 1950 3811 iniqui-

348 3832 534 3887 tatibus
564 3831 684 3889 tuis.
715 3834 969 3890 Assumite
992 3835 1248 3889 vobiscum
1279 3834 1489 3900 multos,
1515 3844 1562 3888 et
1599 3834 1952 3887 convertimini

345 3923 414 3978 ad
442 3920 716 3981 Dominum
746 3924 912 3978 Deum
937 3937 1155 3979 vestrum
1181 3943 1199 3978 :
1226 3922 1376 3980 dicite
1402 3926 1449 3979 ei
1469 3927 1740 3980 adorantes
1762 3942 1812 3980 :t
1840 3924 1950 3980 Po-

347 4033 455 4080 tens
480 4040 532 4078 es
557 4024 807 4079 dimittere
826 4030 1033 4090 peccata
1055 4031 1248 4085 nostra,
1284 4040 1302 4073 ›
1337 4024 1513 4077 utnon
1551 4021 1815 4093 accipiatis
1842 4022 1947 4077 ini-

346 4117 607 4187 quitatem,
632 4116 721 4170 sed
744 4124 799 4170 ut
828 4115 1093 4184 accipiatis
1125 4114 1277 4169 bona.

418 4207 617 4262 Recole
645 4223 767 4278 qua!
797 4208 862 4263 ad
903 4208 1021 4268 loca
1062 4222 1235 4278 nuper
1270 4205 1430 4262 citata
1457 4248 1471 4273 ,
1502 4208 1715 4281 aliaque
1737 4209 1945 4281 pridem

348 4298 612 4369 explicata
638 4299 892 4366 diximus,
923 4308 976 4355 et
1002 4299 1283 4356 manifesto
1308 4299 1535 4369 videbis,
1569 4312 1676 4371 quo
1703 4310 1949 4371 spectent

351 4392 509 4448 verba
539 4390 715 4459 Osee,
745 4406 864 4462 qua:
892 4407 1032 4448 nunc
1059 4392 1430 4461 expendimus.
1468 4391 1699 4448 Tantum
1734 4392 1821 4449 hic
1850 4396 1947 4451 ad-

2052 3269 2280 3324 tiationis
2308 3270 2559 3326 Altissimi
2575 3314 2590 3337 ,
2618 3282 2667 3327 et
2694 3274 2820 3328 vade
2844 3275 2898 3328 in
2924 3285 3121 3345 partem
3151 3277 3329 3332 steculi
3357 3293 3474 3330 cum
3508 3278 3655 3346 vivis,

2054 3373 2101 3419 et
2126 3364 2367 3419 dantibus
2392 3368 2782 3438 confessionem.
2815 3366 3125 3424 Generatim
3170 3379 3480 3438 peccatores
3506 3371 3658 3425 excl-

2054 3462 2237 3511 tantur
2276 3456 2345 3511 ad
2374 3472 2559 3512 veram
2594 3459 2969 3531 sinceramque
3009 3474 3075 3515 ac
3113 3460 3341 3516 solidam
3384 3462 3655 3530 pmuitcn~

2056 3549 2205 3615 tiam,
2254 3565 2373 3606 eam
2425 3551 2663 3622 denique
2690 3569 2852 3623 quam
2891 3555 3137 3625 prmcipit
3166 3554 3407 3611 Ecclesia
3436 3575 3449 3610 :
3482 3556 3655 3612 Nimis

2054 3641 2194 3695 adito
2218 3643 2590 3697 execrationem
2619 3653 2669 3698 et
2695 3661 2943 3716 cognosce
2963 3648 3195 3715 justitias
3221 3659 3265 3703 et
3285 3649 3492 3718 judicia
3518 3647 3651 3718 Dei,

2054 3748 2101 3792 et
2125 3747 2204 3792 sta
2230 3739 2284 3791 in
2322 3749 2457 3793 sorte
2498 3741 2875 3809 propitiationis
2899 3741 3151 3797 Attissimi
3176 3759 3195 3797 :
3220 3743 3347 3813 quid
3378 3746 3519 3799 enim
3552 3761 3653 3801 ex-

2055 3829 2295 3899 pressius
2320 3829 2386 3885 ad
2419 3831 2710 3886 notandam
2740 3831 3037 3888 Ecclesiam
3063 3873 3078 3901 ,
3110 3843 3162 3889 et
3189 3836 3556 3904 pmnitentiam
3586 3837 3655 3893 ab

2052 3937 2117 3978 ea
2148 3924 2553 3994 pra-scriptam?
2581 3924 2867 3981 Monentur
2884 3936 3064 3983 autetn
3093 3943 3162 3984 ne
3180 3927 3431 3985 diil‘emnt
3455 3931 3656 3987 reverti

2054 4015 2119 4072 ad
2166 4016 2374 4073 Deum:
2411 4033 2557 4073 mors
2599 4019 2744 4075 enim
2796 4019 3074 4088 imminet;
3122 4023 3497 4094 quamobrem.
3522 4024 3650 4080 dum

2051 4109 2158 4166 vita
2182 4118 2236 4166 et
2256 4111 2455 4167 sanitas
2473 4112 2651 4169 adhuc
2677 4123 2944 4185 superest,
2970 4115 3243 4186 supplices
3262 4116 3330 4172 ab
3349 4131 3416 4173 eo
3439 4116 3649 4173 veniam

2051 4212 2296 4275 poscant,
2325 4219 2486 4276 quam
2512 4207 2626 4277 ille,
2657 4215 2841 4277 utpote
2868 4222 3138 4263 summum
3167 4209 3221 4262 in
3250 4209 3469 4263 modum
3488 4209 3654 4266 mise-

2050 4297 2243 4366 ricors,
2282 4298 2500 4369 largiter
2532 4300 2842 4368 impertiat:
2879 4297 3031 4354 Vivus
3059 4309 3105 4354 et
3133 4314 3290 4355 sanus
3329 4301 3649 4369 confiteberis

2053 4388 2194 4460 Deo,
2233 4404 2280 4447 et
2328 4392 2629 4465 gioriaberis
2666 4393 2721 4447 in
2758 4392 3163 4447 miserationibus
3197 4393 3371 4459 illius,
3404 4395 3646 4464 quoniam

348 4495 501 4543 verto
558 4487 721 4543 verba
768 4482 857 4541 illa
886 4528 901 4554 ,
939 4487 1192 4544 Assumite
1235 4488 1491 4543 vobiscum
1539 4488 1757 4555 inultos,
1798 4490 1844 4547 si
1880 4489 1947 4547 ad
1968 4489 2026 4552 D
2050 4502 2238 4557 magna
2266 4486 2617 4543 misericordia
2643 4484 2742 4540 Dei
2767 4495 2815 4541 et
2843 4486 3138 4557 prapitiatio
3172 4486 3312 4540 illius
3349 4498 3650 4544 converten-

347 4577 927 4644 Novatianosdirecta
964 4581 1076 4647 vis,
1120 4583 1355 4639 invitare
1400 4597 1524 4651 cos,
1575 4590 1635 4638 ut
1675 4586 1946 4642 turmatim

348 4670 549 4736 veluti,
579 4672 870 4745 multisque
900 4674 1161 4742 collectis,
1194 4675 1261 4730 ad
1292 4675 1589 4734 Ecclesium
1622 4676 1865 4734 redeant.
1893 4676 1952 4735 Si

349 4766 416 4823 ad
446 4783 542 4825 eos
567 4771 655 4841 qui
685 4772 1010 4841 poenitentiae
1051 4788 1211 4829 causa
1257 4773 1322 4829 ad
1352 4774 1645 4831 Ecclesium
1676 4776 1951 4849 confugie-

2054 4581 2186 4637 tibus
2209 4583 2279 4637 ad
2296 4601 2367 4639 se.
2392 4582 2651 4653 Vulgatus
2668 4584 2932 4654 interpres
2960 4584 3039 4640 sic
3069 4584 3121 4639 in
3155 4584 3379 4641 latinum
3399 4600 3462 4640 ea
3483 4586 3649 4641 verba

2056 4677 2323 4732 transtulit
2348 4694 2362 4731 :
2392 4675 2659 4732 Reuertere
2696 4676 2765 4730 ad
2794 4675 3071 4730 Dominum
3092 4717 3105 4740 ,
3140 4686 3188 4731 et
3218 4686 3445 4732 avertere
3471 4675 3533 4731 ab
3564 4677 3649 4732 in-

2044 4769 2251 4842 justitia
2278 4780 2397 4835 tua,
2428 4778 2475 4825 et
2513 4770 2664 4824 nimis
2707 4769 2849 4825 adito
2877 4770 3247 4825 execrationem
3272 4811 3288 4837 ,
3319 4780 3367 4824 et
3403 4785 3651 4841 cognosce

350 4861 480 4917 bant
501 4905 517 4931 ,
546 4864 1052 4938 repellebanturque
1078 4883 1108 4921 a
1145 4868 1507 4925 severioribus
1536 4868 1856 4940 quibusdam
1897 4876 1953 4927 et

2057 4864 2277 4935 iustitiae
2304 4874 2352 4919 et
2372 4864 2571 4936 judicia
2596 4863 2695 4919 Det
2713 4907 2728 4931 ,
2757 4872 2806 4919 et
2832 4874 2915 4920 sta
2939 4867 2994 4919 in
3022 4874 3158 4920 sorte
3190 4866 3575 4937 propositionis,
3603 4874 3651 4921 et

349 4955 760 5025 austerioribus,
788 4967 899 5013 tum
926 4958 1180 5028 indicare,
1210 4968 1267 5014 ut
1294 4960 1582 5016 multorum
1602 5003 1617 5028 ,
1644 4963 1946 5032 praesertim

353 5061 481 5103 vero
512 5062 808 5120 martyrum
843 5059 897 5106 et
925 5050 1298 5106 confessorum
1329 5052 1576 5124 suffragia
1607 5054 1944 5127 colligerent,

352 5151 578 5209 quorum
602 5142 817 5212 quidem
839 5143 1087 5213 praesidio
1109 5155 1201 5200 aut
1230 5144 1537 5203 ﬂecteretur
1564 5148 1632 5203 ad
1671 5148 1946 5205 lenitatem

353 5235 714 5291 austeriorum
751 5236 995 5302 llrmitas,
1024 5247 1117 5294 aut
1135 5248 1282 5295 certe
1309 5241 1647 5298 multitudine
1675 5253 1834 5314 atque
1853 5250 1950 5300 att-

351 5330 601 5387 ctnritate
645 5330 1053 5403 suffragatorum
1110 5332 1436 5390 vinceretur.
1497 5335 1730 5392 Possunt
1786 5339 1949 5394 etiam

352 5423 657 5494 signiﬁcare
682 5439 871 5495 preces
901 5424 1178 5492 Ecclesim,
1211 5426 1405 5498 quibus
1433 5438 1486 5485 et
1512 5429 1823 5484 cationicam
1866 5438 1950 5487 re-

353 5519 787 5576 conciliationem
836 5520 1156 5590 pmniteutes
1183 5521 1526 5591 accipereut,
1559 5534 1610 5580 et
1640 5522 1950 5581 ﬂecteretur

353 5610 417 5666 ad
451 5610 876 5666 misericordiam
922 5611 1084 5666 Deus.
1119 5610 1415 5668 Postrema:
1468 5614 1589 5671 huic
1620 5617 1947 5686 interpreta-

355 5706 483 5760 tioni
515 5704 655 5761 favet
682 5712 900 5761 sanctus
939 5704 1234 5775 Paciauus,
1267 5716 1388 5762 cum
1420 5706 1537 5764 lucc
1566 5709 1640 5765 ait
1676 5709 1869 5783 (Epist.
1905 5725 1944 5779 ι,

354 5814 406 5871 p.
430 5797 523 5870 53)
547 5814 560 5856 :
588 5815 607 5854 ι
633 5795 781 5869 Scio,
803 5796 990 5868 frater,
1018 5797 1156 5858 hanc
1179 5798 1353 5871 ipsam
1377 5800 1708 5870 poenitentiae
1734 5801 1948 5863 veniam

2056 4959 2299 5014 orationis
2331 4958 2576 5014 ditissimi
2618 4958 2734 5015 Dei.
2781 4957 2849 5014 In
2882 4969 3052 5029 partes
3085 4959 3213 5014 vade
3237 4960 3410 5014 siccati
3451 4960 3651 5027 sancti,

2047 5066 2162 5107 cum
2188 5051 2313 5107 vivis
2335 5062 2382 5107 et
2407 5051 2643 5108 dantibus
2666 5053 3034 5125 confessionem
3061 5051 3190 5107 Deo.
3219 5050 3339 5107 Non
3369 5051 3647 5107 demoreris

2050 5146 2107 5201 in
2154 5158 2325 5202 errore
2362 5148 2663 5215 impiorum,
2691 5155 2815 5201 ante
2859 5156 3070 5201 mortem
3117 5146 3379 5216 can/itere.
3425 5144 3469 5198 A
3518 5161 3655 5199 mor-

2052 5247 2160 5307 tuo,
2205 5238 2351 5309 quasi
2400 5238 2552 5306 nihil,
2602 5239 2730 5310 perit
2768 5240 3040 5312 confessio.
3087 5237 3416 5308 Conﬁteberis
3449 5238 3653 5305 vivens,

2052 5333 2192 5388 uibus
2217 5342 2265 5387 et
2288 5348 2444 5387 sanus
2463 5332 2803 5402 confiteberis,
2832 5344 2880 5388 et
2908 5334 3145 5388 laudabis
3172 5333 3357 5399 Deum,
3390 5342 3435 5388 et
3461 5332 3655 5405 gloria-

2056 5426 2187 5482 beris
2215 5426 2269 5480 in
2295 5425 2704 5480 miserationibus
2730 5425 2891 5481 illius.
2928 5426 3186 5493 Quoniam
3223 5444 3411 5499 magna
3450 5426 3653 5481 miseri-

2054 5522 2230 5577 cordia
2255 5521 2485 5588 Domini,
2515 5532 2561 5577 et
2588 5524 2882 5593 propitiatio
2910 5522 3050 5578 illius
3070 5524 3472 5579 conoertentibus
3491 5524 3561 5577 ad
3578 5539 3653 5579 se.

2126 5612 2419 5668 XXXVIII.
2447 5611 2579 5669 Item
2615 5613 2727 5669 illic
2783 5612 2953 5687 (Eccl.
3007 5630 3098 5678 xx,
3127 5613 3226 5685 4):
3259 5614 3426 5684 Quam
3468 5613 3656 5668 bonum

2052 5717 2124 5764 est
2150 5718 2433 5763 correctum
2465 5708 2791 5780 manifestare
2836 5707 3217 5780 paenitentiam!
3253 5708 3345 5766 Sic
3364 5710 3494 5766 enim
3518 5706 3655 5777 cffu-

2048 5799 2156 5871 gies
2179 5799 2520 5859 voluntarium
2543 5808 2825 5874 peccatum.

3752 5770 3809 5815 π
