4156 6248
595 277 740 332 “83

1954 280 2044 336 DE
2094 278 2233 337 ARG
2245 279 2527 339 UMENTO

3747 291 3880 350 1184

588 396 608 455 ι·
668 389 894 449 Videtur
916 391 982 446 ad
1021 405 1116 447 eos
1154 391 1392 449 directus
1431 392 1521 448 hic
1549 394 1732 460 locus,
1763 395 1854 466 qui
1880 408 1940 450 se
1969 410 2186 451 suorum
2215 397 2267 457 Α
2295 393 2408 450 fore
2438 403 2493 451 et
2513 397 2746 454 stabilem
2775 406 2829 453 et
2854 398 3146 454 salutarem
3172 399 3246 470 (in
3267 400 3528 472 salutem).
3559 401 3884 461 Condemnat

588 482 876 538 criminum
909 483 1173 554 poenitere
1207 485 1560 550 teStabantur,
1595 485 1822 555 ideoqne
1853 494 2102 540 correctos
2131 501 2189 542 se

591 575 862 647 appellare
889 589 996 630 non
1024 577 1378 643 recusabant;
1405 586 1461 632 at
1493 578 1820 648 ptenitentiaa
1847 580 1915 633 ab
1946 578 2188 634 Ecclesia

595 667 920 737 praescripta:
946 667 1101 724 subdi
1131 669 1404 725 nolebant.
1439 671 1547 726 flos
1573 673 1806 741 scriptor
1835 680 2017 726 noster
2061 673 2188 725 hor-

594 765 736 812 tatur
787 769 843 812 ut
897 759 1163 830 publicam
1189 773 1352 832 atque
1379 763 1444 817 ab
1467 762 1707 818 Ecclesia
1730 773 1981 819 statutam
2016 765 2189 834 poeni-

594 854 814 910 tentiam
835 864 992 926 agant
1017 873 1032 922 ;
1061 856 1113 910 id
1139 857 1282 912 enim
1301 859 1868 914 convenientissimum
1893 868 1974 914 est
1995 875 2009 924 ;
2034 874 2190 914 secus

595 947 641 1003 si
670 957 848 1021 agant,
880 951 1237 1006 voluntarium
1283 961 1556 1022 peccatum
1587 955 1810 1010 minime
1839 941 2115 1025 effugient.

672 1045 741 1100 At
767 1045 1066 1112 quodnam,
1100 1047 1329 1117 inquies,
1359 1048 1719 1103 voluntarium
1748 1058 2026 1120 peccatum
2059 1049 2191 1104 illud

596 1150 700 1204 est,
733 1141 876 1210 quod
909 1141 1172 1210 publicam
1199 1144 1564 1212 paenitentiam
1595 1160 1757 1214 agere
1779 1145 2047 1200 recusanti
2072 1146 2188 1200 ine-

595 1234 814 1290 vitabile
845 1235 1073 1290 dicitur?
1097 1236 1182 1291 An
1205 1237 1563 1292 inobedientia
1588 1238 1842 1293 adversus
1867 1238 2188 1303 Ecclesium,

595 1344 716 1399 quae
743 1329 988 1386 eamdem
1038 1332 1405 1401 penitentiam
1443 1332 1819 1403 praecipiebat?
1855 1334 1935 1388 Au
1964 1332 2194 1388 scanda-

596 1421 728 1487 lum,
768 1423 910 1493 quod
943 1423 1161 1494 reliquis
1203 1425 1451 1480 fidelibus
1485 1425 1863 1495 prtebebatur?
1900 1426 2193 1498 Utramque

596 1515 1014 1584 explicationem
1045 1515 1202 1571 facile
1229 1517 1578 1584 admiserim;
1617 1518 1713 1574 sed
1745 1535 1813 1573 ne
1839 1533 1932 1572 eos
1960 1518 2176 1588 quidem

592 1607 1058 1678 reprehenderim,
1086 1612 1177 1682 qui
1211 1620 1430 1666 monent
1461 1612 1804 1666 voluntarium
1833 1621 2097 1682 peccatum
2126 1611 2194 1665 ab

593 1701 660 1757 iis
687 1701 845 1773 effugi
879 1719 984 1758 non
1014 1719 1193 1774 posse,
1218 1705 1308 1776 qui
1335 1705 1572 1775 priorum
1603 1706 1885 1761 criminum
1920 1707 2194 1777 poeniten-

2291 498 2469 543 autcm
2501 490 2662 545 vcluti
2701 491 2950 559 noxium,
3002 501 3163 563 atque
3207 491 3342 547 adeo
3388 492 3728 550 mortiferum
3768 497 3883 552 illud

2292 582 2624 650 ptenitcntim
2651 599 2819 654 genus
2843 625 2856 648 ,
2891 584 3036 655 quod
3079 585 3282 640 saeculo
3311 586 3571 656 probatur
3597 604 3609 640 :
3631 602 3695 642 ac
3723 591 3886 643 saeculi

2292 673 2506 743 quidem
2535 677 2753 732 nomine
2777 678 2932 732 nobis
2957 677 3341 743 blandientem,
3367 680 3581 750 legique
3603 680 3727 747 Dei,
3753 682 3888 738 ideo.

2293 782 2398 836 que
2442 768 2826 825 ecclesiastica:
2866 771 3169 842 disciplina:
3213 774 3588 829 adversantem
3633 789 3886 844 carnem,

2292 869 2418 925 aut,
2450 862 2493 914 si
2524 862 2633 928 vis,
2667 865 3137 920 schismaticorum
3177 875 3231 920 et
3259 867 3501 921 mollium
3533 869 3884 937 quorumdam

2293 951 2654 1009 blandimenta
2690 955 2956 1027 intelligit.
3007 957 3309 1030 Cyprianus
3351 975 3480 1013 sane
3529 961 3889 1029 paenitentiam

2295 1043 2439 1099 illam
2481 1048 2847 1102 tantummodo
2883 1050 3180 1120 approbat,
3225 1067 3346 1120 qua:
3394 1054 3700 1106 exteriores
3737 1055 3888 1110 etiam

2295 1137 2671 1194 afflictationes
2701 1151 2754 1196 et
2775 1143 3114 1198 manifestam
3146 1145 3414 1198 tristitiam
3441 1145 3746 1215 praeferret.
3771 1148 3892 1202 llinc

2294 1231 2346 1286 in
2376 1233 2512 1287 libro
2541 1235 2604 1288 de
2634 1234 2817 1304 Lapsis
2847 1237 2941 1306 (p.
2975 1236 3124 1306 584)
3156 1256 3168 1290 :
3206 1256 3225 1289 ι
3264 1238 3440 1308 Agite,
3473 1239 3690 1309 inquit,
3726 1242 3890 1310 paeni-

2293 1326 2514 1380 tentiam
2550 1328 2798 1396 plenam;
2828 1327 3060 1384 dolentis
3087 1344 3150 1384 ac
3191 1329 3532 1386 Iamentantis
3574 1332 3747 1386 animi
3779 1348 3893 1402 pro-

2296 1415 2421 1470 bate
2471 1418 2809 1473 mmstitiam.
2840 1418 2950 1474 Nec
2997 1433 3094 1474 vos
3135 1421 3491 1491 quorumdam
3543 1431 3766 1477 moveat
3815 1434 3895 1479 aut

2296 1524 2452 1564 error
2499 1511 2848 1580 improvidus,
2881 1522 2973 1566 aut
3029 1522 3219 1582 stupor
3264 1529 3454 1579 vanus,
3503 1516 3622 1584 qui,
3679 1531 3796 1570 cum
3825 1527 3894 1570 tc-

2302 1613 2531 1658 neautur
2557 1607 2610 1658 in
2651 1614 2759 1660 tam
2803 1606 2950 1674 gravi
3002 1608 3248 1674 crimine,
3285 1610 3531 1677 percussi
3575 1618 3711 1664 sunt
3739 1611 3887 1667 animi

2296 1700 2558 1762 cmcitate,
2603 1709 2658 1752 ut
2708 1715 2807 1754 nec
2859 1700 3158 1771 intelligant
3200 1700 3411 1766 delicta,
3462 1717 3564 1758 nec
3618 1704 3886 1776 plangant.

597 1795 724 1850 tiam
755 1796 822 1852 ab
851 1795 1093 1852 Ecclesia
1127 1798 1491 1868 praescriptam
1542 1800 1761 1854 minimc
1791 1810 1983 1870 agunt;
2033 1799 2192 1854 facile
2221 1798 2270 1859 B
2299 1788 2631 1860 Indignanlis
2664 1791 2753 1846 Dei
2788 1791 2958 1861 ωτι]οΓ
2984 1791 3101 1847 hinc
3125 1793 3276 1863 ριθεθ
3305 1802 3406 1848 θεί-

593 1889 738 1944 enim
771 1889 839 1945 ad
867 1891 1198 1960 peccandum
1229 1891 1534 1957 revertitur,
1567 1893 1656 1961 qui
1700 1904 1792 1947 aut
1827 1893 2026 1947 nullam
2054 1934 2069 1957 ,
2101 1904 2194 1948 aut

596 1980 770 2036 levem
793 1983 1037 2052 priorum
1067 1983 1353 2038 criminum
1384 1985 1750 2054 paenitentiam
1783 1985 1922 2053 agit,
1951 1995 2196 2044 contem-

595 2078 787 2145 nitque
831 2078 1252 2134 consuetudines
1295 2089 1348 2133 et
1384 2080 1695 2135 sanctiones
1740 2082 2016 2138 Ecclesiae.
2049 2083 2192 2138 Con-

597 2171 746 2226 venit
775 2170 886 2226 fere
914 2187 1032 2228 cum
1059 2174 1337 2244 superiore
1368 2174 1591 2245 Vulgata
1623 2176 2018 2246 interpretatio,
2052 2177 2105 2232 in
2130 2193 2196 2233 eo

600 2272 806 2320 tantum
839 2265 1138 2334 differens,
1170 2268 1312 2338 quod
1359 2278 1651 2339 correptum
1697 2270 1824 2341 legit
1871 2271 1962 2326 ubi
2009 2281 2194 2327 noster

597 2360 830 2426 scriptor
860 2360 1021 2418 habet
1047 2372 1347 2418 correctum.

671 2454 918 2511 XXXIX.
951 2456 1084 2512 Item
1113 2458 1165 2512 in
1194 2457 1420 2513 Actibus
1447 2460 1830 2530 Apostolorum
1880 2461 2022 2533 (Vlll,
2055 2463 2147 2532 19)
2180 2480 2193 2516 :

598 2549 684 2602 Ait
713 2559 882 2605 autent
905 2550 972 2603 ad
998 2550 1146 2605 illum
1176 2549 1363 2605 Petrus
1385 2568 1403 2606 :
1425 2550 1656 2606 Pecunia
1699 2561 1784 2606 tua
1842 2563 2006 2606 tecum
2035 2555 2100 2608 sit
2143 2538 2197 2610 in

598 2643 900 2713 perditione,
921 2646 1159 2714 quoniam
1183 2645 1402 2716 gratiam
1433 2646 1531 2702 Dei
1561 2656 1709 2716 putas
1740 2657 1787 2700 te
1811 2664 1902 2717 per
1930 2650 2198 2720 pecuniam

595 2751 748 2804 posse
771 2739 1027 2809 consequi.
1062 2736 1186 2792 Non
1214 2749 1288 2793 est
1318 2757 1437 2809 pars
1462 2758 1622 2813 neque
1645 2759 1756 2798 sors
1781 2741 1871 2795 tibi
1890 2743 1944 2794 in
1961 2742 2058 2794 hac
2071 2742 2193 2810 ﬁde,

597 2831 718 2901 quia
747 2847 834 2886 cor
863 2842 1006 2886 tuum
1035 2849 1135 2888 non
1160 2843 1234 2888 est
1264 2846 1454 2890 rectum
1483 2838 1623 2909 apud
1669 2837 1966 2891 Dominum.
2016 2837 2200 2908 Itaque

597 2925 940 2995 paenitentiam
971 2944 1068 2999 age
1095 2928 1156 2983 ab
1188 2930 1283 2983 hac
1313 2933 1536 3001 nequitia
1567 2943 1675 2998 tua,
1699 2942 1744 2986 et
1771 2949 1978 3002 precare
2018 2931 2198 2986 Domi-

596 3033 738 3085 num,
756 3020 798 3072 si
812 3021 944 3091 forte
965 3023 1251 3076 remittatur
1265 3023 1354 3078 tibi
1366 3027 1604 3096 cogitatio
1619 3027 1785 3080 cordis
1798 3027 1872 3078 tui
1879 3065 1890 3077 .
1909 3024 1974 3079 In
1997 3027 2196 3096 obliga-

598 3109 734 3163 tione
757 3111 890 3165 enim
909 3113 1193 3183 iniquitatis
1217 3122 1264 3168 et
1296 3117 1640 3170 amaritudine
1662 3117 1799 3188 fellis
1820 3116 1964 3171 video
1996 3126 2042 3170 te
2067 3133 2194 3171 esse.

2297 1921 2313 1928 -
2368 1883 2613 1938 Ostendit
2641 1898 2855 1954 quoque
2887 1884 3025 1940 idem
3069 1885 3220 1940 locus
3262 1885 3405 1940 nulla
3454 1902 3576 1943 esse
3619 1887 3889 1944 irremissi—

2298 1974 2424 2029 bilia
2458 1985 2695 2044 peccata.
2747 1976 3032 2044 Quomodo
3069 1977 3213 2033 enim
3244 1979 3561 2047 posuitentia
3588 1980 3703 2036 dici
3732 1990 3890 2050 posset

2301 2070 2352 2123 in
2380 2070 2595 2123 salutem
2635 2069 2867 2124 stabilem
2888 2111 2903 2136 ,
2936 2071 2980 2124 si
3011 2081 3225 2140 peccata
3271 2072 3452 2142 aliqua
3498 2075 3887 2130 irremissibilia

2297 2165 2518 2219 essent?
2542 2163 2677 2218 Hinc
2701 2167 2891 2220 merito
2913 2176 3130 2221 sanctus
3159 2167 3420 2221 Pacianus
3441 2165 3710 2223 adversus
3732 2168 3890 2225 Nova-

2299 2262 2474 2314 tianos
2504 2261 2782 2331 disputans
2811 2261 3002 2316 eodem
3035 2262 3201 2316 utitur
3230 2262 3348 2316 loco
3381 2261 3578 2332 (Epist.
3612 2279 3656 2327 r,
3711 2281 3759 2333 p.
3783 2263 3886 2332 55).

2299 2353 2654 2408 Commendat
2679 2354 2840 2409 etiam
2878 2353 3156 2409 lenitatem
3187 2368 3215 2407 a
3252 2351 3522 2426 Cypriano
3552 2354 3883 2420 insinuatam,

2300 2456 2694 2514 mouenturque
2730 2444 2781 2498 in
2814 2459 2880 2500 eo
2911 2445 3274 2500 Ecclesiarum
3305 2443 3597 2516 praesides,
3635 2461 3706 2500 ne
3734 2449 3885 2517 paeni-

2298 2537 2520 2591 tentiam
2568 2536 2899 2606 priccludant
2945 2537 3293 2607 poscentibus
3342 2553 3564 2592 suorum
3619 2540 3885 2594 criminqu

2301 2632 2511 2686 veniam
2539 2650 2551 2686 :
2576 2631 2887 2701 paenitentia
2909 2632 3052 2685 enim
3070 2641 3152 2686 est
3179 2631 3246 2684 ad
3265 2632 3482 2686 salutem
3511 2633 3762 2687 stabilem.
3790 2630 3887 2686 Cur

2301 2738 2430 2792 ergo
2460 2723 2527 2778 ab
2557 2740 2617 2777 ea
2643 2723 2971 2778 arccbunlur
2999 2723 3186 2778 fideles
3214 2723 3421 2778 scelera
3449 2739 3548 2778 sua
3577 2725 3769 2780 deflere
3792 2739 3874 2779 cu-

2299 2817 2545 2887 pientes?
2570 2816 2841 2886 Vulgatam
2872 2815 2955 2870 hic
2977 2832 3083 2870 non
3097 2815 3286 2882 affero;
3308 2816 3558 2871 eamdem
3585 2819 3717 2872 enim
3737 2817 3879 2871 habet

2301 2923 2421 2963 cum
2436 2909 3248 2978 snperiorejnterpretationem.
3269 2907 3472 2963 Locum
3488 2909 3630 2964 hunc
3645 2925 3700 2965 se
3720 2909 3880 2979 magni

2301 2999 2481 3056 facere
2505 3002 2744 3056 declarat
2784 3001 3179 3068 Damascenus,
3212 3016 3335 3056 cum
3365 3016 3489 3056 eum
3515 3002 3762 3074 affert(iu
3783 3001 3882 3055 Pa-

2301 3095 2542 3165 rallelis).

672 3202 863 3260 patere
887 3219 1043 3274 posse
1070 3207 1308 3275 peccatis
1333 3186 1911 3280 quibusque’qdeoque
1936 3210 2197 3281 gravissi_
2224 3197 2268 3258 ί]
2375 3188 2509 3243 XLI.
2549 3188 2679 3244 Item
2715 3188 2820 3243 illic
2850 3191 2918 3244 dc
2946 3189 3048 3244 hoc
3071 3189 3188 3259 ipso
3217 3188 3291 3259 (ll
3319 3187 3443 3244 Cor.
3469 3205 3525 3248 tt.
3556 3189 3652 3261 10)
3682 3187 3776 3243 :Si
3796 3186 3883 3240 cui

598 3297 703 3352 mis
730 3300 890 3353 etiam
939 3299 1271 3370 poenitentiae
1309 3303 1480 3358 locum
1530 3303 1685 3359 facile
1729 3305 1992 3359 evincitur
2035 3305 2199 3360 exiis

600 3390 744 3446 Petri
775 3394 974 3458 verbis,
1007 3411 1126 3466 qum
1150 3397 1239 3452 hic
1267 3398 1600 3469 allegantur;
1629 3399 2064 3469 quandoquidem
2099 3398 2198 3452 Pc-

599 3495 717 3540 trus
743 3485 1016 3543 Simonem
1062 3489 1274 3560 Magum
1321 3489 1552 3559 Spiritus
1601 3491 1772 3545 sancti
1823 3491 1962 3545 dona
2011 3506 2198 3546 emere

599 3578 926 3641 studentem.
962 3579 1193 3651 ideoque
1224 3581 1474 3636 immanis
1493 3582 1736 3637 criminis
1757 3597 1932 3648 reum,
1951 3582 2197 3636 hortatur

596 3670 664 3726 ad
697 3672 1087 3741 paenitentiam.
1138 3675 1274 3743 Apta
1317 3683 1443 3730 sunt
1483 3675 1642 3729 etiam
1697 3674 1882 3730 eadem
1925 3675 2086 3730 verba
2129 3675 2195 3730 ad

598 3765 934 3821 revocandos
972 3782 1000 3820 a
1043 3766 1335 3823 schismate
1385 3775 1545 3847 atque
1601 3766 1789 3822 lueresi
1833 3766 2193 3832 Novatianos,

597 3872 826 3928 quorum
857 3858 1066 3926 aliquos
1095 3857 1322 3914 fortasse
1348 3859 1415 3914 ad
1447 3874 1567 3913 eam
1594 3869 1796 3914 sectam
1829 3860 2076 3930 pecunia,
2106 3869 2199 3914 aut

597 3958 745 4004 certe
777 3951 1139 4004 emolumenta
1171 3951 1349 4004 oblata
1373 3949 1728 4017 deduxerant,
1754 3960 1917 4020 atque
1942 3951 1996 4004 in
2028 3966 2087 4006 ea
2113 3965 2199 4006 re-

595 4041 859 4097 tinebant.
891 4042 1145 4110 Quamvis
1173 4051 1352 4097 autem
1382 4043 1499 4098 leve
1542 4045 1612 4097 sit
1649 4043 1786 4097 hanc
1814 4044 1954 4097 inter
1984 4052 2038 4099 et
2068 4042 2198 4098 Vul-

596 4144 772 4207 gatam
797 4135 1292 4203 interpretationem
1315 4135 1626 4204 discrimen,
1650 4137 1826 4206 placet
1849 4147 2024 4193 tamen
2053 4153 2199 4192 eam-

563 4230 717 4286 'dem
751 4229 1032 4298 Vulgatam
1076 4229 1276 4300 pariter
1311 4229 1576 4286 adducere
1604 4250 1616 4285 :
1644 4229 1832 4285 Petrus
1873 4240 2038 4284 autem
2069 4231 2199 4285 dixit

595 4325 663 4378 ad
689 4340 799 4377 eum
824 4340 842 4377 :
866 4321 1099 4378 Pecunia
1119 4332 1207 4376 tua
1230 4332 1392 4376 tecum
1411 4323 1477 4377 sit
1499 4323 1552 4376 in
1575 4324 1927 4392 perditionem,
1956 4324 2196 4392 quoniam

595 4417 786 4471 donum
815 4416 910 4470 Dei
940 4417 1254 4488 qexistitttasti
1299 4417 1513 4487 pecunia
1542 4417 1813 4487 possideri.
1844 4419 1892 4470 Ν
1902 4434 1969 4470 οη
2007 4426 2079 4470 est
2107 4416 2198 4470 tibi

2301 3293 2470 3335 autent
2501 3281 2694 3351 aliquid
2747 3282 3006 3350 donastis,
3041 3293 3088 3334 et
3113 3298 3238 3352 ego;
3274 3299 3392 3336 nam
3419 3291 3465 3335 et
3487 3297 3601 3351 ego,
3631 3282 3755 3350 quod
3783 3281 3874 3332 do-

2303 3376 2418 3427 navi
2449 3385 2655 3444 propter
2701 3391 2784 3428 vos
2839 3376 2892 3428 in
2945 3375 3076 3444 facie
3125 3373 3351 3439 Christi,
3383 3385 3432 3427 ut
3474 3390 3571 3427 non
3619 3374 3881 3426 circumve-

2301 3471 2505 3524 niantur
2548 3487 2579 3522 a
2611 3470 2811 3524 Satana
2836 3487 2852 3535 ;
2882 3486 2973 3523 nec
3001 3470 3135 3523 enim
3175 3471 3422 3523 versutias
3452 3470 3563 3540 ejus
3587 3471 3881 3540 ignoramus.

2375 3565 2470 3619 Hic
2494 3579 2705 3633 quoque
2737 3574 3022 3618 molientur
3067 3564 3338 3634 episcopi,
3374 3577 3430 3616 ut
3469 3564 3677 3618 veniam
3715 3564 3875 3634 ptem.

2302 3657 2534 3711 tentibus
2563 3656 2796 3718 donent;
2847 3654 3164 3725 approbavit
3207 3656 3353 3710 enim
3384 3654 3586 3710 Paulus
3632 3653 3879 3724 aposwlus

2301 3749 2685 3819 indulgentiam
2702 3758 2757 3803 et
2779 3747 3107 3813 facilitatem,
3132 3747 3178 3800 si
3205 3747 3451 3802 volumus
3474 3747 3547 3801 ita
3565 3746 3717 3816 loqui,
3738 3760 3874 3815 quam

2299 3855 2422 3895 cum
2458 3841 2841 3910 paenitentibus
2885 3839 3072 3894 fideles
3116 3839 3495 3894 adhibuerant.
3535 3838 3716 3909 Itaque
3757 3839 3881 3906 rigo-

2302 3947 2415 3986 rem
2450 3933 2595 3985 illum
2623 3948 2688 3986 ac
2728 3932 3068 3986 severitatem
3089 3973 3102 3999 ,
3134 3947 3293 4002 quam
3324 3937 3375 3984 in
3405 3930 3705 3986 Ecclesiam
3742 3927 3879 3982 indu-

2301 4038 2428 4078 cere
2469 4024 2713 4078 nonnulli
2766 4021 3088 4089 smdebant,
3139 4023 3348 4077 veniam
3393 4021 3771 4092 pmnitentibus
3805 4018 3883 4074 de-

2303 4131 2563 4189 negantes
2585 4161 2598 4183 ,
2645 4120 2855 4173 etiamsi
2913 4119 2989 4172 illi
3021 4132 3142 4173 sese
3175 4117 3434 4172 Ecclesia:
3459 4116 3670 4186 judicio
3715 4127 3886 4183 suppo-

2302 4223 2510 4280 iterent,
2543 4213 2810 4282 improbat
2842 4212 2989 4266 locus
3021 4213 3140 4266 istc.
3173 4210 3352 4281 Atque
3396 4211 3450 4264 in
3504 4209 3651 4264 hunc
3691 4207 3884 4278 quidem

2301 4322 2517 4362 sensum
2547 4321 2613 4361 eo
2641 4307 2807 4361 utitur
2833 4314 3049 4360 sanctus
3078 4305 3339 4358 Paciauus
3373 4303 3490 4358 hmo
3519 4303 3766 4358 scribens
3785 4299 3886 4370 (2):

2307 4421 2326 4451 ι
2363 4398 2499 4468 Quid
2530 4399 2780 4468 episcopo
2812 4398 3109 4468 negabitur,
3145 4397 3328 4466 inquo
3359 4396 3451 4450 Dei
3485 4411 3685 4450 nomen
3715 4407 3888 4463 opera-

595 4527 735 4580 pars,
767 4525 927 4581 neque
952 4526 1063 4564 sors
1081 4551 1096 4576 ,
1129 4511 1183 4565 in
1218 4527 1448 4565 sermone
1475 4512 1590 4566 isto.
1619 4509 1720 4566 Cor
1749 4511 1882 4564 enim
1930 4520 2070 4562 tuum
2097 4528 2194 4564 non

2307 4511 2325 4544 ι
2368 4493 2490 4547 tur?
2519 4491 2957 4562 Reddetquidem
2981 4491 3056 4545 illi
3085 4496 3370 4557 rationem,
3395 4489 3440 4543 si
3464 4489 3590 4558 quid
3621 4500 3889 4558 perperam

592 4613 666 4659 est
693 4613 884 4658 rectum
913 4621 1088 4658 coram
1119 4603 1251 4659 Deo.
1293 4604 1654 4659 Paenitentiam
1679 4606 1850 4672 itaque
1887 4622 1982 4675 age
2010 4604 2071 4658 ab
2101 4605 2196 4659 hac

591 4697 816 4768 nequitia
843 4706 950 4760 tua,
982 4707 1030 4751 et
1057 4714 1183 4768 roga
1215 4697 1396 4760 Deum,
1425 4698 1468 4750 si
1495 4700 1626 4767 forte
1654 4697 1942 4751 remittatur
1969 4697 2059 4751 tibi
2083 4700 2192 4753 haec

593 4791 835 4861 aagitatio
859 4790 1026 4845 cordis
1054 4792 1148 4844 tui.
1173 4789 1238 4843 In
1268 4790 1390 4860 felle
1419 4790 1552 4843 enim
1598 4791 1957 4845 amaritudinis
1988 4803 2033 4846 et
2059 4792 2193 4846 obli-

591 4888 794 4956 gatione
820 4885 1106 4955 iniquitatis
1133 4885 1278 4939 video
1303 4895 1350 4938 te
1377 4901 1503 4940 esse.

664 4975 776 5032 XL.
823 4977 952 5033 Item
993 4979 1044 5032 in
1083 4976 1321 5046 Epistola
1351 4976 1501 5032 Pauli
1534 4976 1661 5032 ben.
1694 4977 1860 5048 (Had
1891 4977 2199 5033 Corinthios

590 5072 827 5126 secunda
861 5073 979 5140 (vn,
1010 5073 1101 5144 10)
1132 5090 1143 5125 :
1176 5072 1304 5140 Quae
1328 5072 1462 5126 enim
1490 5073 1768 5127 secundum
1816 5073 1978 5128 Deum
2005 5086 2077 5128 est
2109 5075 2200 5128 tri-

589 5164 752 5228 stitia,
788 5167 1135 5234 paenitentiam
1165 5168 1221 5220 in
1265 5165 1478 5219 salutem
1525 5177 1767 5236 operatur
1799 5168 2028 5222 stabilem
2055 5184 2072 5221 :
2097 5183 2198 5222 sa:-

590 5255 695 5310 culi
725 5267 890 5312 autent
919 5260 1124 5313 tristitia
1153 5269 1364 5313 mortetn
1395 5269 1651 5331 aperatur.

665 5349 715 5404 ls
741 5367 898 5420 quem
933 5368 1072 5407 nunc
1102 5355 1473 5408 examinamus
1493 5398 1507 5421 ,
1537 5353 1782 5423 Apostoli
1821 5354 1971 5410 locus
2001 5354 2184 5410 eccle-

590 5445 826 5501 siasticm
855 5447 1206 5516 poenitentiaa,
1241 5463 1360 5519 quae
1383 5449 1756 5519 corporalibus
1784 5451 1945 5504 etiam
1967 5448 2192 5505 afﬂicta-

589 5541 827 5596 tionibus
841 5543 1126 5611 peragitur,
1146 5543 1426 5599 utilitatem
1443 5543 1702 5610 celebrat,
1725 5560 1947 5615 eamque
1964 5554 2190 5600 testatur

657 5681 736 5755 ll)
773 5678 1054 5755 Benedicti,
1081 5681 1187 5740 nisi
1207 5679 1478 5755 fallimur;
1517 5694 1664 5755 srcpe
1710 5682 1854 5738 enim
1915 5680 2193 5736 Christum

574 5749 954 5889 guttggsltplos
997 5752 1292 5831 praeposita
1318 5755 1419 5810 hac
1455 5753 1823 5831 appellatione
1853 5761 2067 5812 veteres
2098 5768 2199 5826 ap-

680 5843 707 5880 η
753 5839 762 5851 ⁸
852 5856 864 5870 ο

680 5839 821 5880 anan
831 5839 864 5871 ι.

2309 4608 2329 4639 ι
2365 4586 2574 4655 fecerit,
2605 4587 2688 4642 vel
2721 4587 2764 4640 si
2795 4594 3046 4654 corrupte
3070 4593 3124 4639 et
3152 4583 3316 4653 impie
3334 4581 3605 4652 iudicarit.
3638 4581 3743 4637 Nec
3767 4595 3895 4650 prae-

2308 4698 2326 4731 t
2361 4679 2633 4750 judicatur
2679 4680 2788 4733 Deo
2815 4720 2828 4742 ,
2862 4680 3150 4748 quominus
3194 4675 3319 4730 mali
3348 4675 3697 4730 :edilicatoris
3742 4688 3894 4745 opera

2313 4793 2332 4825 ε
2365 4773 2633 4828 rescindat
2663 4793 2674 4827 :
2703 4775 2925 4836 interea,
2951 4773 2994 4826 si
3030 4773 3112 4841 pia
3141 4771 3229 4826 illa
3256 4769 3655 4844 administratio
3685 4780 3788 4836 est,
3812 4767 3894 4822 ad-

2311 4886 2330 4920 ε
2363 4868 2510 4938 jntor
2552 4868 2642 4922 Dei
2683 4883 2903 4937 operum
2954 4875 3280 4935 perseverat.
3331 4865 3472 4918 Ecce
3513 4864 3807 4932 Apostolus
3834 4860 3891 4914 ad

2309 4980 2329 5014 ‹
2369 4963 2533 5016 laicos
2576 4963 2799 5016 scribit:
2836 4961 2896 5016 Si
2942 4963 3023 5014 cui
3070 4961 3193 5031 quid
3237 4961 3496 5026 donastis,
3554 4971 3601 5036 et
3632 4977 3765 5031 ego;
3793 4975 3899 5012 nam

2309 5073 2327 5105 ‹
2367 5066 2412 5109 et
2440 5072 2533 5126 ego
2558 5055 2693 5124 quod
2721 5054 2924 5116 donavi,
2944 5056 2986 5107 si
3013 5054 3138 5124 quid
3165 5055 3346 5106 donavi
3366 5062 3571 5123 propter
3592 5068 3682 5106 vos
3713 5054 3765 5105 in
3796 5067 3899 5120 pcr-

2310 5164 2329 5198 ι
2370 5164 2496 5202 sona
2525 5147 2742 5211 Christi,
2773 5155 2824 5199 ut
2864 5163 2964 5200 non
2992 5147 3309 5215 possideatur
3338 5163 3368 5198 a
3397 5146 3743 5211 Satana,non
3782 5145 3898 5198 enim

2309 5259 2328 5291 ‹
2358 5243 2600 5296 vet-satias
2626 5244 2736 5310 ejus
2762 5243 3078 5308 ignoramus.
3106 5241 3161 5295 Si
3184 5248 3360 5296 autem
3382 5240 3525 5311 qttod
3551 5239 3672 5293 laici
3691 5240 3897 5302 donant,

2315 5353 2334 5387 ι
2373 5335 2666 5405 Apostolus
2695 5334 2929 5388 donasse
2957 5349 3016 5388 se
3045 5333 3196 5400 dicit,
3220 5333 3360 5403 quod
3383 5336 3677 5404 episcopus
3705 5331 3895 5396 fecerit,

2313 5445 2330 5479 ι
2372 5427 2604 5498 qualiter
2631 5436 3004 5495 respuetur....
3037 5425 3182 5489 Scio,
3219 5425 3402 5490 frater,
3431 5425 3568 5477 hanc
3595 5426 3769 5493 ipsam
3797 5435 3896 5494 pot-

2304 5537 2324 5571 ι
2366 5519 2600 5575 nitentia:
2628 5519 2835 5572 veniam
2865 5533 2968 5572 non
3003 5519 3203 5587 passim
3227 5517 3475 5570 omnibus
3501 5516 3646 5584 dari,
3685 5532 3784 5572 nec
3811 5529 3894 5568 au-

2309 5631 2327 5666 t
2368 5623 2576 5680 tequam
2606 5622 2695 5665 aut
2724 5613 3095 5681 interpretatio
3125 5611 3319 5664 divina:
3350 5609 3667 5676 voluntatis,
3698 5619 3788 5663 aut
3805 5608 3896 5663 for-

2312 5729 2330 5764 ι
2367 5709 2504 5764 sitan
2556 5707 2790 5763 visitatio
2841 5706 3026 5776 fuerit,
3075 5706 3315 5762 relaxari
3350 5724 3361 5759 :
3394 5719 3592 5775 magno
3644 5704 3894 5776 pondere,

2389 5822 2551 5898 (2H1)
2594 5825 2751 5897 epist.
2798 5828 2837 5898 i,
2879 5842 2934 5899 ι).
2985 5826 3074 5894 55,
3114 5834 3152 5882 t.
3207 5840 3284 5882 ut.
3325 5822 3520 5884 Bbliot.
3555 5821 3702 5880 Patr.
3735 5820 3889 5880 Paris.
