4156 6248
263 239 393 301 “85

1482 226 1894 290 SUPERIORIS
1932 221 2298 286 OPUSCULI.

3410 224 3559 284 “86

268 379 286 414 ‹
317 316 619 429 magnoque
647 350 932 408 libramine
960 366 974 406 :
1002 355 1125 421 post
1145 348 1345 404 mullos
1370 347 1603 418 gemitus
1623 344 1843 401 eil‘usio-
1872 344 1925 405 A
1957 361 1976 395 ι
2016 356 2203 395 omnes
2232 339 2297 394 ad
2328 338 2700 409 pmnitcntiam
2731 336 3103 394 satisfactione
3155 335 3367 392 invitat.
3417 337 3562 405 Quid

271 469 286 504 ι
321 464 549 520 nemque
576 448 959 517 Iacrymarum,
989 450 1110 514 post
1146 441 1309 496 tutius
1343 439 1603 495 Ecclesiae
1621 451 1851 508 preces:

269 561 286 595 ι
314 543 384 597 ita
414 539 623 596 veniam
650 553 792 592 vera:
825 535 1155 606 paenitentiae
1180 548 1288 590 non
1322 531 1530 604 negari,
1558 542 1617 586 ut
1643 529 1857 601 judica-

271 654 289 687 ι
319 643 436 689 turo
464 630 681 687 Christo
711 643 872 685 nemo
904 627 1234 699 prrejudicet.
1272 646 1291 679 ›

328 723 602 796 Improbat
627 737 841 794 quoque
862 736 1049 776 eorum
1080 734 1346 784 errorem,
1386 717 1476 787 qui
1509 727 1729 788 peccata
1761 712 1863 769 ali-

264 834 361 894 qua
420 814 765 885 inexpiabilia
805 812 1119 869 censebant.
1165 809 1299 879 Quis
1328 809 1472 865 enim
1504 808 1555 862 in
1584 804 1865 877 espiabilia

268 914 434 983 aliqua
466 916 683 979 peccata
736 904 999 971 censebit,
1039 903 1253 975 quando
1284 902 1484 957 Paulus
1511 899 1627 955 sine
1652 899 1759 954 ulla
1784 911 1867 952 re-

268 1005 574 1070 strictione,
636 1012 728 1056 aut
792 999 1076 1055 criminum
1128 998 1468 1067 exceptione,
1514 993 1748 1049 afﬁrmat
1809 1005 1870 1048 se

269 1100 466 1155 donare
489 1096 555 1151 iis
575 1093 665 1163 qui
696 1100 1071 1163 peccaverant,
1095 1088 1355 1160 quidquid
1379 1097 1540 1143 antea
1562 1102 1591 1140 a
1618 1082 1870 1140 ﬁdelibus

269 1192 517 1250 donatum
535 1188 640 1245 illis
661 1185 874 1243 fuerat?
900 1184 1132 1241 Pulchre
1154 1182 1296 1239 idem
1318 1182 1408 1237 ille
1424 1180 1690 1237 Pacianus
1711 1191 1872 1248 quem

271 1284 427 1341 modo
461 1281 709 1354 allegavi,
774 1277 1010 1335 recitatis
1062 1276 1149 1331 his
1202 1276 1333 1346 ipsis
1371 1272 1615 1345 Apostoli
1643 1269 1872 1326 verbis:

274 1379 330 1435 Si
347 1379 427 1432 cui
442 1386 610 1431 autem
643 1373 890 1435 donastis,
917 1379 1048 1439 ctc.,
1069 1370 1185 1426 hinc
1220 1368 1495 1439 subjungit
1526 1365 1608 1438 (1)
1638 1383 1650 1417 :
1682 1363 1876 1420 «Vides

273 1468 510 1541 Apostoli
536 1462 1203 1536 indulgentiam,pr0prias
1218 1460 1378 1516 etiam
1412 1457 1710 1515 sententias
1742 1466 1878 1511 tem-

278 1574 554 1640 perantem
574 1563 600 1617 ?
624 1560 790 1617 Vides
811 1560 1151 1614 mitissimam
1168 1556 1443 1613 lenitatem
1466 1554 1624 1624 longe
1644 1567 1675 1606 a
1698 1560 1879 1607 vestro

278 1657 567 1730 supercilio
597 1662 927 1725 separatam,
956 1651 1119 1723 longe
1142 1666 1174 1705 a
1201 1648 1485 1705 Novatiani
1510 1646 1686 1702 fronte
1712 1644 1877 1699 dissi-

1983 454 2002 486 ‹
2041 434 2333 505 Apostolus
2358 431 2424 486 ad
2465 431 2798 499 Corinthios,
2830 446 2954 487 cum
3002 430 3074 486 ita
3129 431 3260 487 dicit
3293 450 3306 484 :
3337 432 3419 489 Ne
3447 450 3564 488 cum

1972 544 1992 578 ‹
2028 541 2244 592 venero,
2298 525 2497 596 lugeam
2542 522 2729 577 multos
2783 539 2847 578 ea:
2897 523 2976 579 his
3003 565 3017 590 ,
3073 526 3162 595 qui
3213 536 3330 582 ante
3383 543 3562 598 pecca-

1982 639 2000 672 (
2034 628 2209 674 verunt
2237 658 2251 683 ,
2308 626 2353 670 et
2403 633 2505 671 non
2554 624 2761 687 egerunt
2814 617 3160 685 pcenitentiam
3212 635 3276 673 ea:
3327 619 3405 673 Itis
3453 636 3566 690 quia

1974 730 1993 764 ι
2028 720 2146 765 ante
2194 718 2458 782 gesserunt
2546 707 2602 762 in
2687 708 3025 779 fornicatione
3093 719 3139 764 et
3233 711 3570 769 immunditiis

1975 821 1994 854 ι
2030 801 2178 857 suis?
2212 820 2230 853 ι
2266 801 2559 856 Praeiverat
2604 799 2891 855 Paciauum
2918 797 3217 881 Cyprianus
3243 800 3444 875 (Epist.
3473 821 3567 873 LII,

1972 911 2090 965 pag.
2125 891 2274 965 157),
2305 892 2423 948 hare
2466 892 2683 962 scriptis
2725 892 2945 947 tradens
2988 911 3002 947 :
3039 911 3059 944 ι
3092 891 3257 948 Omne
3305 906 3572 966 peccatum

1978 1004 1998 1038 ἰ
2033 986 2388 1059 quodcumque
2424 985 2600 1056 fecerit
2651 985 2834 1052 homo,
2868 996 3014 1041 extra
3064 1002 3251 1058 corpus
3301 999 3375 1044 est
3421 1006 3441 1045 :
3487 991 3577 1061 qui

1980 1100 1999 1133 ι
2032 1090 2202 1135 autem
2247 1083 2545 1146 mwchatur,
2580 1080 2633 1134 in
2672 1096 2857 1151 corpus
2919 1096 3068 1135 suum
3112 1092 3286 1151 peccat
3333 1080 3354 1155 (
3384 1083 3402 1137 l
3453 1084 3572 1140 Cor.

1982 1195 2001 1229 ι
2034 1174 2143 1248 vn):
2174 1176 2370 1247 quibus
2415 1187 2591 1231 tamen
2634 1184 2691 1230 et
2730 1176 2860 1247 ipsis
2892 1177 3208 1246 paenitentia
3236 1177 3575 1245 conceditur,

1985 1288 2003 1323 ι
2041 1278 2096 1325 et
2124 1267 2455 1324 lamentandi
2491 1278 2543 1323 et
2588 1265 2955 1323 satisfaciendi
2982 1281 3109 1338 spes
3137 1268 3455 1339 relinquitur
3496 1285 3585 1327 sc.

1986 1385 2005 1417 ι
2037 1366 2271 1421 cundum
2318 1366 2489 1435 ipsum
2539 1363 2856 1435 Apostolum
2907 1362 3217 1420 dicentem:
3258 1363 3431 1420 Timeo
3459 1406 3473 1432 ,
3520 1381 3585 1420 ne

1988 1478 2007 1510 ι
2046 1459 2179 1528 forte
2209 1458 2414 1511 veniens
2440 1458 2508 1510 ad
2538 1473 2647 1522 vos,
2682 1455 2884 1527 lugeant
2912 1455 3101 1511 multos
3130 1472 3195 1511 ea:
3222 1457 3308 1523 iis,
3340 1459 3426 1528 qui
3468 1466 3587 1513 ante

1989 1569 2007 1602 ι
2037 1558 2368 1621 peccaverunt
2383 1560 2427 1603 et
2448 1565 2549 1603 non
2563 1559 2770 1618 egerunt
2788 1548 3131 1620 paenitentiam
3149 1549 3212 1605 de
3230 1550 3586 1619 immunditiis,

1988 1660 2007 1693 ι
2035 1658 2163 1713 quas
2190 1642 2435 1713 fecerunt,
2470 1653 2516 1696 et
2545 1642 2994 1714 fornicationibus,
3022 1652 3069 1697 et
3094 1644 3591 1702 libidinibusaVide

277 1754 478 1818 milem,
493 1747 769 1807 communi
784 1760 916 1802 vero
930 1744 1153 1811 vitaz,ac
1165 1742 1580 1799 salutiomnium
1597 1737 1882 1795 consulen-
1909 1745 1958 1806 Β
1986 1736 2168 1803 etiam,
2216 1738 2465 1803 obsecro,
2511 1752 2619 1808 quo
2649 1736 2812 1792 modo
2858 1738 2979 1793 loco
3009 1736 3117 1793 hoc
3143 1738 3211 1794 ad
3238 1738 3590 1797 Sabinianum

280 1855 382 1903 tem
404 1845 428 1899 ?
448 1846 530 1900 An
556 1843 718 1898 etiam
742 1841 794 1896 in
813 1853 913 1895 nos
928 1854 1147 1894 severus
1162 1851 1357 1892 censor
1373 1833 1677 1890 inveneris?
1697 1830 1877 1887 Verba

278 1950 441 2011 porro
487 1933 618 1989 illa:
668 1931 739 1987 Ut
789 1947 890 1985 non
935 1927 1391 1983 circumveniamnr
1440 1942 1473 1979 a
1525 1925 1747 1987 Satana,
1790 1936 1883 1976 nec

280 2033 411 2087 enim
426 2026 672 2083 versutias
689 2026 799 2096 ejus
816 2024 1132 2094 ignoramus,
1148 2020 1315 2085 hunc,
1337 2032 1425 2073 me
1444 2014 1660 2087 quidem
1679 2012 1881 2084 judice,

278 2123 483 2181 habent
511 2133 730 2175 sensum
752 2156 767 2171 .
794 2114 924 2171 Ideo
955 2129 1082 2168 vero
1110 2110 1360 2181 indulgeo
1384 2106 1645 2181 quidquid
1676 2120 1774 2160 vos
1796 2104 1882 2159 in-

283 2213 525 2270 dulsistis
549 2251 566 2278 ,
600 2226 668 2265 ne
696 2226 725 2263 a
755 2208 952 2264 Satana
980 2202 1501 2265 circumveniamur;
1527 2195 1886 2254 circumvenit

283 2309 427 2366 enim
455 2307 621 2363 Satan
654 2304 842 2361 ﬁdeles
879 2302 932 2357 in
980 2298 1205 2355 crimina
1246 2296 1551 2367 prolapsos,
1586 2293 1631 2347 si
1662 2291 1883 2345 nimiam

285 2399 655 2460 austeritatem
704 2398 1046 2469 rigoremque
1075 2391 1221 2446 nulla
1271 2389 1492 2444 lenitate
1534 2394 1889 2454 temperatum

289 2495 551 2551 adversus
595 2506 690 2554 eos
717 2489 1108 2551 adhibeamus;
1152 2482 1308 2538 facile
1345 2481 1488 2536 enim
1538 2478 1592 2532 in
1636 2477 1893 2545 despera-

288 2589 488 2645 tionem
519 2601 584 2643 ea
615 2584 824 2640 ratione
846 2580 1205 2636 inducuntur;
1230 2584 1388 2646 atque
1411 2573 1464 2627 id
1491 2571 1709 2643 quidem
1738 2584 1895 2625 cave-

288 2693 412 2735 mus
453 2692 574 2745 nos,
625 2674 715 2744 qui
749 2671 1011 2729 daemonis
1050 2667 1269 2724 fraudes
1311 2664 1685 2733 versutiasque
1728 2660 1896 2731 probe

287 2771 586 2828 noscimus.
617 2766 725 2822 Vix
752 2763 933 2821 differt
962 2763 1030 2818 ab
1073 2760 1233 2815 allata
1281 2755 1739 2827 interpretatione
1770 2751 1897 2807 Vul-

287 2873 432 2938 gata,
453 2878 613 2931 quam
641 2860 823 2915 statim
856 2855 1075 2911 habeto.
1102 2853 1197 2908 Cui
1222 2862 1391 2906 autem
1411 2846 1605 2920 aliquid
1634 2846 1896 2913 Donastis,

293 2969 341 3014 et
373 2973 500 3029 ego;
530 2971 647 3009 nam
675 2962 721 3007 et
743 2967 836 3024 ego
860 2949 995 3021 quod
1017 2946 1227 3009 donavi,
1250 2945 1294 3000 si
1317 2943 1440 3015 quid
1464 2941 1672 3007 donavi,
1696 2947 1901 3010 prapter

292 3065 381 3105 vos
416 3049 468 3102 in
496 3060 714 3117 persona
733 3041 945 3108 Christi,
974 3048 1026 3094 ut
1049 3055 1150 3093 non
1181 3036 1642 3091 circumveniamur
1666 3048 1700 3085 α
1745 3030 1901 3086 Sata-

294 3158 362 3197 na
376 3156 397 3204 ;
426 3155 528 3194 non
551 3138 684 3192 enim
710 3136 1006 3207 ignoramus
1030 3131 1361 3202 cogitationes
1383 3128 1514 3199 ejus.

368 3230 531 3288 XLII.
562 3230 693 3286 Item
713 3228 827 3283 illic
853 3225 921 3299 (II
937 3224 1059 3280 Cor.
1088 3239 1188 3290 xu,
1211 3221 1282 3278 20
1300 3232 1347 3276 et
1374 3220 1468 3291 Ἡ)
1495 3238 1506 3273 :
1536 3218 1715 3273 Timeo
1736 3226 1906 3271 autem

298 3344 360 3383 ne
388 3330 515 3399 forte
558 3340 676 3379 cum
723 3337 902 3377 venero
948 3318 1018 3373 ad
1051 3333 1141 3373 vos
1161 3359 1176 3384 ,
1203 3317 1385 3369 iterum
1408 3310 1641 3367 humiliet
1665 3328 1745 3365 me
1772 3310 1908 3365 Deus

299 3418 441 3488 apud
470 3433 578 3483 vos,
597 3424 643 3469 et
670 3416 869 3486 lugeam
891 3411 1077 3466 multos
1113 3424 1174 3464 ex
1202 3408 1280 3463 his
1306 3407 1394 3478 qui
1418 3416 1538 3460 ante
1557 3410 1906 3475 peccaverunt,

300 3523 471 3569 etnon
499 3519 708 3581 egerunt
745 3507 1098 3580 paenitentiam
1122 3520 1273 3574 super
1308 3516 1422 3574 quit
1466 3508 1725 3573 gesserunt
1745 3499 1910 3570 forni-

303 3607 555 3661 cationem
591 3611 636 3657 et
667 3599 1060 3669 impudicitiam.
1116 3644 1123 3650 .

382 3694 646 3765 Exemplo
682 3691 914 3764 apostoli
954 3690 1124 3757 Pauli,
1177 3689 1268 3759 qui
1306 3688 1447 3743 male
1485 3686 1553 3742 de
1593 3684 1659 3739 iis
1709 3681 1917 3738 omina-

305 3793 486 3858 batur,
527 3791 616 3861 qui
644 3802 751 3845 non
782 3795 1007 3858 egerant
1033 3784 1407 3855 paenitentiam
1448 3792 1612 3849 super
1640 3790 1760 3846 qua:
1786 3786 1911 3845 ges-

307 3890 497 3943 serant
522 3882 937 3939 fornicationem
967 3886 1023 3933 et
1066 3875 1477 3946 impudicitiam,
1513 3870 1810 3943 praedicens
1847 3882 1915 3921 ex

308 3980 376 4038 iis
397 3981 513 4037 fore
540 3979 758 4044 multos,
793 3977 862 4032 de
889 3985 1120 4044 quorum
1155 3968 1460 4040 perditione
1487 3966 1590 4022 sibi
1622 3961 1913 4034 lugendum

309 4084 477 4144 esset,
508 4074 829 4146 Cyprianus,
852 4084 948 4124 seu
972 4064 1214 4138 quisquis
1245 4066 1290 4120 is
1311 4071 1395 4119 est
1421 4062 1647 4131 hujusce
1670 4056 1919 4131 opusculi

310 4176 527 4231 auctor,
560 4164 700 4219 male
726 4161 794 4217 de
843 4161 909 4216 iis
956 4158 1227 4215 ominatur
1265 4155 1381 4227 qni,
1412 4153 1621 4209 tametsi
1656 4152 1918 4223 plurimo-

312 4274 436 4314 rum
462 4257 749 4313 criminum
781 4253 881 4320 rei,
923 4263 1103 4308 tamen
1132 4251 1251 4306 sine
1298 4247 1611 4320 paenitentia
1655 4242 1924 4301 introduci

317 4351 577 4409 volebant
597 4349 650 4403 in
682 4346 1003 4403 Ecclesiam.
1034 4343 1417 4400 Paenitentiam
1449 4342 1627 4412 itaque
1653 4340 1720 4394 ab
1750 4341 1922 4410 impu-

315 4446 452 4503 dicis
492 4455 546 4502 et
576 4440 888 4500 criminosis
925 4439 1189 4510 exposcit,
1224 4446 1283 4492 ut
1323 4437 1746 4492 ecclesiasticam
1774 4450 1922 4491 com-

316 4542 634 4599 munionem
678 4546 735 4594 et
770 4535 986 4592 veniam
1032 4541 1473 4603 assequerentur.
1508 4529 1781 4585 Adversus
1815 4527 1921 4583 No-

317 4635 562 4689 vatianos
591 4645 806 4702 quoque
836 4628 1032 4683 merito
1066 4625 1215 4680 locus
1246 4624 1346 4679 iste
1376 4630 1617 4695 urgetur,
1658 4631 1924 4693 quatenus

316 4724 694 4799 paenitentiam
728 4738 834 4777 non
861 4719 1186 4791 exquisisset
1236 4734 1265 4773 a
1300 4717 1609 4773 criminosis
1631 4716 1852 4782 Paulus,
1879 4714 1926 4770 si

321 4816 717 4874 irremissibilia
747 4815 925 4870 forent
949 4827 1138 4867 eorum
1158 4811 1387 4867 scelera.
1419 4814 1500 4865 An
1530 4809 1666 4865 levia
1684 4824 1747 4865 ea
1770 4817 1929 4864 erant

319 4926 446 4981 qua:
486 4908 841 4979 fornicationis
868 4915 922 4960 et
967 4903 1300 4975 impudicitia:
1328 4902 1608 4958 vocabulis
1656 4901 1745 4955 hic
1777 4907 1930 4955 notat

325 5005 604 5074 apostolus
632 5001 859 5058 Paulus?
881 4999 997 5055 Non
1024 4998 1226 5054 omittit
1256 4996 1622 5053 testimonium
1651 4995 1756 5052 hoc
1780 4993 1931 5050 Pauli

324 5107 549 5153 sanctus
579 5095 846 5151 Pacianus
874 5093 1138 5149 adversus
1163 5090 1489 5147 Novatianos
1514 5089 1830 5161 disputans:
1859 5090 1936 5141 sic

331 5189 477 5244 enim
506 5202 599 5244 eos
635 5187 835 5243 refutat
863 5184 1058 5259 (Epist.
1095 5200 1132 5252 ι,
1165 5201 1285 5256 pag.
1321 5182 1421 5253 52)
1455 5201 1467 5237 :
1508 5201 1526 5234 ι
1558 5183 1801 5238 Revolve
1818 5194 1937 5251 qua:

338 5303 361 5337 ι
399 5282 632 5352 Spiritus
656 5279 799 5336 dicat
823 5279 1088 5335 ecclesiis.
1113 5276 1373 5347 Ephesios
1394 5275 1623 5332 deserta:
1638 5275 1941 5331 dilectionis

340 5395 362 5429 ι
403 5381 656 5437 accusat,
711 5381 956 5442 stuprum
1003 5369 1349 5441 Thyatirenis
1372 5369 1622 5439 imputat,
1650 5367 1859 5422 Sardos
1887 5366 1939 5421 in

344 5487 365 5520 ε
404 5482 567 5539 Opere
596 5474 908 5531 cessantes,
941 5464 1307 5534 Pergamenos
1331 5460 1589 5515 docentes
1616 5459 1830 5515 diversa
1860 5475 1946 5514 re-

344 5579 369 5615 (
407 5557 711 5632 prehendit,
742 5555 1170 5615 Laodicenorum
1215 5553 1432 5612 divitias
1457 5554 1645 5623 inurit,
1681 5562 1737 5612 et
1766 5562 1946 5609 tamen

423 5760 506 5837 (1)
535 5759 707 5835 Epist.
733 5775 812 5830 III,
844 5776 964 5835 pag.
994 5758 1086 5831 65,
1129 5766 1259 5818 tom.
1286 5761 1342 5817 ni
1372 5756 1746 5817 Bibliot.Patr.
1774 5756 1947 5817 Paris.

1983 1833 2191 1903 lapsum
2219 1832 2595 1901 corrigendum
2626 1840 2807 1887 utatur
2836 1830 3195 1904 Hieronymus
3252 1832 3345 1906 (in
3402 1832 3588 1891 Veron.

1982 1927 2388 1999 edition.,epist.
2407 1940 2684 1994 cu.vn,n.
2703 1927 2757 1992 I,
2781 1943 2835 1997 p.
2869 1926 3055 1999 1078).
3079 1926 3188 1982 Sed
3218 1927 3337 1999 quis
3368 1927 3595 1984 Baebia-

1983 2019 2124 2076 rium
2153 2020 2507 2087 omittat,non
2538 2017 2704 2073 modo
2733 2017 2910 2074 locum
2934 2019 3079 2075 hunc
3114 2020 3465 2091 allegantem,
3497 2020 3596 2079 sed

1988 2129 2051 2170 ea
2080 2114 2196 2185 ipsa
2218 2113 2467 2169 versione
2495 2121 2759 2180 utentem,
2807 2127 2912 2182 qua
2954 2114 3124 2169 utitur
3158 2123 3342 2170 noster
3369 2116 3596 2172 auctor?

1987 2206 2374 2263 Libentissime
2399 2214 2577 2263 autem
2594 2206 2933 2264 Bachiarium
2958 2207 3163 2275 excito,
3196 2207 3339 2278 quod
3364 2223 3431 2264 ex
3458 2207 3599 2265 illius

1990 2301 2211 2356 monitis
2232 2299 2520 2356 manifesto
2542 2308 2731 2356 noscet
2750 2299 2938 2367 lector,
2964 2299 3128 2355 alium
3149 2301 3384 2356 etiamin
3407 2302 3593 2368 linem,

1993 2392 2136 2448 hunc
2164 2408 2323 2463 quem
2356 2402 2755 2464 pertractemus
2778 2392 2931 2448 Pauli
2960 2392 3163 2460 locum,
3194 2392 3375 2449 afferri
3412 2407 3597 2463 posse.

1994 2481 2135 2536 Ecce
2156 2495 2319 2551 porro
2336 2480 2448 2550 ipsa
2478 2481 2743 2536 Bachiarii
2761 2480 2922 2536 verba
2944 2478 3020 2553 (in
3047 2480 3179 2536 libro
3198 2481 3267 2536 ad
3289 2480 3603 2535 Ianuarium

1994 2587 2116 2643 pag.
2142 2571 2213 2626 54
2242 2570 2398 2625 editio
2429 2570 2698 2626 Francisci
2728 2571 2925 2645 Florii)
2956 2591 2970 2627 :
3001 2590 3020 2624 ι
3059 2571 3141 2628 Ne
3167 2586 3418 2644 spernas,
3449 2590 3603 2644 qua:-

2004 2684 2023 2718 s
2059 2680 2142 2731 so,
2169 2663 2392 2720 fratrem
2416 2664 2761 2733 defunctum;
2793 2669 2937 2723 lilius
2963 2666 3360 2724 estSunamitis
3381 2668 3599 2736 sterilis,

2005 2777 2024 2812 ι
2060 2759 2113 2815 id
2141 2767 2242 2824 est,
2275 2758 2569 2814 Ecclesiae:
2607 2775 2674 2816 ex
2725 2762 3149 2831 repromissione
3191 2772 3350 2817 natus
3369 2772 3452 2818 est
3481 2763 3601 2828 iste,

2007 2874 2025 2904 ι
2065 2851 2155 2923 qui
2177 2861 2421 2907 mortuus
2450 2863 2554 2907 est.
2602 2853 2886 2921 Quondam
2928 2855 3073 2910 enim
3102 2856 3440 2910 nativitatem
3488 2854 3607 2925 ejus

2008 2962 2027 2995 ι
2067 2943 2307 2999 secundo
2346 2944 2580 3000 Abraha:
2616 2947 2900 3012 Dominus,
2952 2948 3006 3002 in
3044 2946 3193 3004 Isaac
3237 2948 3446 3003 semine
3475 2962 3606 3018 spo-

2011 3056 2030 3090 ι
2069 3037 2256 3109 pondit
2297 3048 2457 3109 atque
2487 3039 2759 3109 pollicitus
2800 3050 2915 3108 est,
2947 3041 3101 3113 cujus
3138 3049 3300 3111 caput
3326 3043 3379 3097 in
3429 3057 3610 3100 messe

1927 3140 1973 3203 ί]
2012 3148 2031 3182 ι
2065 3131 2244 3185 calore
2270 3145 2579 3200 percussum
2607 3141 2710 3199 est,
2740 3132 2792 3187 id
2821 3142 2923 3200 est,
2953 3133 3244 3204 principale
3274 3134 3472 3190 mentis
3492 3133 3612 3204 ejus

2014 3239 2033 3273 ι
2070 3223 2215 3277 inter
2242 3222 2413 3292 ipsam
2446 3223 2559 3294 spei
2591 3224 2831 3280 libidinis
2855 3224 3126 3281 ﬂammam
3156 3226 3443 3282 concaluit.
3472 3226 3613 3282 Cur-

2015 3335 2035 3369 ‹
2071 3327 2156 3372 rat
2183 3317 2250 3373 ad
2278 3316 2535 3374 Eliswum
2565 3327 2739 3375 mater
2758 3319 2909 3391 ejus;
2947 3320 3002 3375 id
3035 3329 3120 3377 est
3141 3321 3372 3377 sollicite
3398 3321 3616 3393 plangat

2018 3429 2037 3463 ι
2074 3411 2313 3467 Ecclesia
2337 3430 2349 3464 :
2379 3420 2628 3483 resurget
2654 3412 2798 3469 enim
2830 3414 2877 3469 si
2900 3413 3130 3471 ﬁdeliter
3156 3414 3259 3471 hoc
3281 3416 3617 3486 Speravimus

2018 3521 2037 3553 ι
2076 3519 2107 3558 a
2131 3502 2367 3559 Christo.
2394 3503 2462 3559 Et
2489 3513 2566 3573 tu,
2592 3504 2925 3574 beatissime,
2948 3507 3001 3561 in
3022 3507 3279 3563 defuncto
3298 3510 3464 3565 fratre
3479 3525 3617 3580 opus

2020 3616 2039 3649 ι
2077 3597 2288 3652 imitare
2318 3596 2529 3653 Eliszei:
2564 3614 2753 3653 manus
2782 3600 3052 3666 manibus,
3082 3601 3248 3672 pedes
3279 3603 3522 3672 pedibus,
3555 3618 3618 3660 os

2019 3709 2039 3742 ι
2078 3693 2159 3746 ori
2186 3706 2474 3762 compone.
2504 3692 2769 3762 Primum,
2802 3704 2859 3749 ut
2883 3696 3229 3767 compatiaris
3250 3697 3322 3764 ei,
3351 3698 3444 3768 qui
3476 3713 3619 3753 mor-

2022 3800 2041 3834 ι
2081 3792 2203 3839 tuus
2226 3785 2414 3853 jacet:
2447 3800 2623 3856 neque
2653 3786 2830 3842 elatus
2850 3788 3170 3859 integritatis
3196 3797 3301 3846 tuae
3325 3790 3619 3862 triumpho,

2023 3894 2041 3927 ι
2080 3890 2529 3946 superexcrescas
2548 3893 2693 3946 eum,
2730 3890 2823 3936 aut
2840 3883 3266 3952 superextendas
3289 3892 3343 3943 te
3361 3885 3435 3953 ei,
3458 3901 3619 3958 quem

2024 3984 2043 4017 ι
2081 3968 2362 4039 repentina
2389 3984 2536 4025 mors
2558 3972 2764 4044 rapuit;
2797 3972 2893 4031 sed
2924 3974 3139 4034 imitare
3160 3979 3501 4048 Apostolum,
3530 3980 3623 4052 qui

2030 4080 2047 4112 ‹
2083 4061 2213 4118 dicit
2244 4080 2259 4117 ε
2296 4061 2488 4134 Timeo,
2533 4082 2597 4120 ne
2627 4067 2861 4124 Immiliet
2887 4087 2967 4125 me
3008 4070 3264 4128 Dominus
3287 4074 3429 4130 Deus
3483 4092 3624 4130 meus

2030 4174 2049 4208 ι
2083 4158 2225 4225 apud
2241 4172 2326 4212 vos
2346 4168 2393 4214 et
2407 4159 2613 4233 lugeam
2626 4163 2815 4218 multos
2828 4179 2891 4217 ea:
2909 4165 3002 4232 eis,
3018 4166 3107 4235 qui
3128 4175 3245 4220 ante
3264 4178 3620 4235 peccaverunt.

2030 4268 2050 4301 ι
2085 4252 2313 4323 Appone
2342 4262 2603 4323 praeterea
2631 4254 2820 4310 oculos
2861 4263 2983 4309 tuos
3032 4256 3202 4312 oculis
3233 4256 3428 4326 ipsius,
3475 4273 3543 4313 ne
3569 4259 3624 4317 in

2029 4364 2049 4399 ι
2087 4347 2440 4417 perditionem
2482 4349 2566 4403 sui
2610 4350 3203 4420 ulterius-evagentur:
3256 4366 3319 4407 os
3349 4352 3514 4420 illius,
3557 4372 3628 4414 ne

2032 4457 2050 4490 ι
2087 4440 2464 4496 confabuletur
2502 4440 2721 4509 iniqua:
2775 4455 2969 4496 manus
2999 4441 3166 4511 illius,
3219 4459 3288 4501 ne
3338 4458 3629 4515 operentur

2031 4551 2051 4584 ι
2086 4533 2345 4600 adversa;
2377 4532 2539 4605 pedes
2584 4533 2747 4601 illius,
2775 4549 2849 4590 ne
2870 4544 3130 4606 vagentur
3164 4538 3216 4592 in
3267 4539 3532 4611 turpibus.
3563 4542 3632 4598 Et

2033 4645 2052 4679 ι
2089 4628 2166 4683 sic
2192 4643 2313 4684 cum
2365 4644 2462 4699 pro
2505 4629 2749 4685 custodia
2777 4631 2859 4685 sui
2911 4631 3167 4687 membris
3199 4632 3344 4689 illius
3387 4635 3630 4693 membra

2035 4742 2055 4776 ‹
2092 4734 2179 4779 tua
2211 4724 2408 4780 iuerint
2436 4725 2680 4795 capulata
2702 4765 2718 4792 ,
2756 4740 2861 4779 non
2894 4725 3067 4781 solum
3108 4727 3363 4796 peccandi
3405 4728 3632 4787 ulterius

2038 4836 2057 4870 ι
2092 4817 2330 4888 spatium
2381 4832 2488 4873 non
2539 4817 2796 4884 habebit,
2839 4833 3029 4873 verum
3057 4819 3216 4875 etiam
3261 4836 3411 4893 spem
3459 4824 3639 4894 capiet

2041 4928 2060 4962 ι
2096 4908 2447 4980 resurgendi,
2501 4918 2562 4966 ut
2606 4910 2697 4980 qui
2753 4906 2959 4980 peccati
3007 4910 3208 4984 frigore
3248 4924 3492 4971 mortuus
3531 4926 3632 4985 est,

2044 5023 2063 5055 ‹
2098 5003 2482 5059 consolationis
2510 5012 2755 5074 tempore
2781 5014 3066 5060 revocetur
3095 5006 3163 5061 ad
3185 5006 3369 5061 vitam.
3406 5026 3427 5060 ι

2112 5097 2169 5151 In
2201 5097 2429 5167 Vulgata
2456 5098 2695 5168 reperies
2717 5099 2879 5154 verba
2920 5098 3037 5156 haec
3084 5102 3341 5157 translata
3382 5101 3450 5157 ad
3497 5102 3641 5159 hunc

2042 5190 2262 5247 modum
2311 5208 2324 5246 :
2356 5189 2532 5246 Timeo
2560 5192 2717 5257 enim,
2760 5208 2825 5246 ne
2852 5196 2986 5264 forte
3007 5208 3123 5248 cum
3149 5210 3427 5250 venero....
3459 5211 3522 5250 ne
3548 5198 3643 5251 ite-

2044 5302 2159 5339 rum
2184 5301 2301 5339 cnm
2321 5300 2521 5355 venero,
2552 5286 2784 5342 humiliet
2806 5304 2886 5342 me
2906 5287 3048 5345 Deus
3072 5290 3214 5360 apud
3238 5306 3347 5353 vos,
3366 5298 3415 5344 et
3443 5289 3645 5362 lugeam

2047 5378 2235 5433 multos
2265 5393 2330 5432 ea:
2359 5378 2440 5443 iis,
2465 5379 2553 5447 qui
2572 5388 2691 5434 ante
2716 5391 3062 5451 peccaverunt,
3084 5391 3130 5435 et
3159 5398 3260 5436 non
3299 5394 3507 5454 egerunt
3535 5401 3647 5456 pa:-

2048 5458 2316 5527 nitentiam
2340 5489 2496 5543 super
2526 5473 2854 5529 immunditia
2874 5484 2920 5529 et
2946 5470 3315 5546 fornicatione,
3348 5486 3397 5533 et
3424 5477 3651 5549 impudi-

2049 5566 2189 5633 citia,
2220 5582 2372 5636 quam
2396 5574 2623 5639 egerunt.

2125 5660 2309 5719 XLIII.
2336 5660 2471 5719 Item
2499 5661 2610 5719 illic
2652 5661 2721 5737 (II
2746 5661 2867 5719 Cor.
2920 5679 3044 5734 xm,
3072 5662 3428 5737 2):Prtedi:ci
3452 5673 3499 5721 et
3528 5681 3662 5738 pra:-

2055 5755 2192 5826 dico,
2216 5765 2282 5813 ut
2300 5772 2522 5829 praesens
2547 5757 2698 5816 sedeo
2719 5759 2766 5816 ei
2778 5759 2994 5831 absenti,
3025 5775 3162 5817 nunc
3190 5760 3272 5818 his
3294 5765 3528 5840 quiante
3554 5774 3673 5836 ροσε
