4142 6256
600 319 741 389 1187

1542 312 1635 375 DE
1672 306 2104 375 ARGUMENTO
2150 306 2560 372 SUPERIORIS
2583 302 2943 370 OPUSCULI.

3782 310 3932 373 1188

599 445 859 505 caverunt,
887 441 935 494 et
946 433 1140 492 cwteris
1170 431 1426 501 omnibus,
1456 434 1576 505 quia
1601 432 1647 488 si
1671 448 1848 487 uenero
1891 431 2075 488 iterum
2103 445 2205 486 non
2233 436 2283 495 Α
2312 430 2447 487 adeo
2477 431 2531 486 iu
2563 429 2806 485 Ecclesia
2835 442 2958 485 esse
2986 431 3236 499 oporteat
3266 443 3281 485 :
3309 426 3563 495 Quadam
3588 442 3715 485 vasa
3744 430 3806 485 in
3835 433 3927 487 ho-

635 550 828 591 arcam.

635 554 828 591 arcam.

597 554 632 610 p
669 624 1006 685 Pmnitentiae
1045 621 1411 694 subjiciendus
1462 620 1785 676 criminosos
1835 618 1948 675 hoc'
1979 618 2035 673 in
2081 617 2203 674 loco

596 720 754 776 docet
774 716 1105 789 Apostolus:
1137 714 1357 770 minime
1398 713 1596 785 quippe
1641 727 1700 768 se
1727 712 1989 783 impunita
2031 710 2199 766 relin-

593 826 759 884 quere
789 824 947 880 posse
971 808 1046 864 ait
1073 808 1255 880 gravia
1286 805 1532 873 crimina,
1559 806 1609 860 in
1639 821 1759 876 quae
1798 802 2041 860 nonnulli
2064 803 2200 858 inci-

592 906 804 961 derant.
834 903 1019 975 Neque
1045 917 1175 971 ergo
1199 899 1453 972 praecludi
1488 900 1534 955 is
1559 899 1673 954 vult
1704 897 2082 969 paenitentibus
2104 911 2198 952 ve-

494 1051 501 1059 .
591 998 882 1055 nizelocum
908 994 1069 1067 (Vide
1107 996 1292 1050 testim.
1318 992 1526 1063 χχχιι),
1548 1008 1721 1062 neque
1743 990 1907 1047 inulta
1930 990 2057 1046 sinit
2077 1004 2200 1046 esse

591 1099 645 1148 et
670 1091 788 1146 sine
813 1088 1130 1162 paenitentia
1150 1087 1329 1158 gravia
1357 1086 1603 1142 crimina.
1636 1084 1690 1140 Id
1704 1099 1918 1155 quoque
1944 1098 2051 1138 non
2078 1095 2198 1138 mo-‘

592 1184 663 1240 do
684 1182 985 1256 Cyprianus
1034 1179 1194 1253 (Vide
1229 1194 1343 1251 quae
1366 1179 1633 1232 docuimus
1654 1194 1706 1231 n.
1739 1177 1794 1243 8,
1814 1175 1849 1232 9
1876 1186 1921 1229 et
1943 1174 2199 1246 sequenti-

592 1277 686 1331 bus
714 1276 898 1349 capitis
930 1277 1009 1346 1),
1044 1290 1231 1329 verum
1277 1273 1442 1329 etiam
1468 1272 1732 1327 Pacianus
1775 1269 2019 1341 (Consule
2045 1268 2197 1323 verba

594 1368 816 1425 Paciuni
854 1368 923 1423 ad
952 1368 1294 1422 testimonium
1325 1364 1526 1435 nul)
1568 1376 1913 1432 summopere
1954 1359 2191 1432 optabat.

582 1462 921 1527 Potestatem
964 1460 1125 1515 etiam
1156 1457 1644 1515 ecclesiasticorum
1690 1453 1977 1526 praesidum
2003 1452 2057 1508 in
2086 1452 2195 1508 cri-

592 1558 736 1613 mina
765 1555 971 1628 quaevis
999 1564 1055 1610 et
1079 1553 1401 1608 criminosas
1424 1551 1664 1606 indicant
1690 1549 1806 1605 lucc
1831 1548 2018 1615 verba,
2054 1562 2194 1618 prae-

591 1652 782 1708 sertim
811 1650 857 1706 si
881 1665 985 1705 non
1010 1647 1360 1719 sejungantur
1384 1661 1415 1700 a
1436 1644 1617 1701 verbis
1639 1660 1689 1698 η.
1717 1658 1893 1699 xxxxt
1918 1639 2190 1712 expensis,

590 1755 854 1817 quatenus
905 1742 1143 1797 indicant
1188 1741 1406 1810 plenum
1458 1750 1837 1806 summumque
1882 1734 2141 1805 judicium
2173 1774 2190 1801 ,

2305 540 2477 581 norem
2500 526 2734 596 qutedam
2763 524 2817 579 in
2842 523 3200 580 contumeliam
3228 523 3454 597 (Rursus
3483 523 3601 580 uide
3629 523 3693 581 S.
3728 522 3926 580 Pacia-

2305 635 2448 689 num,
2484 619 2651 691 Epist.
2689 619 2772 692 m)
2806 637 2820 675 :
2854 618 3159 676 cavendum
3200 628 3285 676 est
3316 629 3493 675 tamen
3540 635 3924 692 summopere,

2303 727 2375 767 ne
2403 698 2473 767 ab
2524 728 2710 768 eorum
2757 712 3021 784 exemplis
3075 721 3132 767 et
3191 711 3404 768 blandis
3439 710 3773 783 callidisque
3814 727 3927 769 ser-

2303 806 2555 862 monibus
2580 806 2632 861 in
2662 819 2903 862 errorem
2935 803 3291 860 deducamur.
3342 804 3578 861 Pulchre
3605 804 3929 878 Cyprianus

2303 896 2522 970 (Epist..
2554 914 2642 964 ιν,
2669 914 2792 970 pag.
2830 896 2957 968 186)
2995 915 3009 952 :
3050 916 3070 951 s
3106 898 3263 955 Nunc
3292 906 3348 954 et
3376 898 3647 955 admoneo
3677 909 3739 955 et
3782 910 3928 971 peto,

2307 1009 2328 1043 ι
2368 1001 2423 1046 ut
2450 991 2591 1063 quod
2619 991 2757 1047 alias
2785 1001 3012 1062 sponte,
3040 1001 3203 1062 atque
3228 991 3525 1048 honoriﬁce
3551 990 3691 1047 facis
3710 1033 3728 1058 ,
3765 993 3930 1050 etiam

2308 1102 2329 1137 ‹
2362 1094 2578 1157 petente
2609 1100 2695 1141 me
2724 1082 2891 1141 facias
2916 1126 2930 1149 ,
2965 1092 3042 1152 ut,
3097 1084 3197 1140 hac
3228 1083 3467 1155 Epistola
3505 1100 3629 1141 mea
3661 1084 3820 1140 lecta
3840 1127 3856 1149 ,
3887 1087 3931 1142 si

2307 1195 2328 1230 ε
2362 1178 2505 1250 quod
2537 1177 2645 1234 illic
2665 1177 2973 1249 contagium
2996 1176 3247 1233 venenati
3275 1178 3543 1232 sermonis
3564 1187 3619 1233 et
3638 1177 3931 1249 pestifera

2314 1289 2335 1325 ι
2372 1271 2747 1327 seminationis
2777 1270 3092 1342 irrepserat,
3135 1268 3188 1325 id
3219 1285 3381 1326 omne
3404 1269 3473 1326 de
3508 1269 3749 1325 fratrum
3781 1273 3933 1326 auri-

2306 1382 2326 1417 s
2366 1364 2465 1420 bus
2494 1375 2549 1420 et
2579 1364 2889 1437 pectoribus
2919 1373 3168 1433 exuatur,
3198 1373 3255 1421 et
3278 1364 3545 1422 bonorum
3575 1367 3804 1438 integra
3822 1408 3840 1433 ,
3867 1383 3929 1425 ac

2304 1474 2326 1510 ι
2362 1458 2572 1514 sincera
2598 1457 2817 1514 dilectio
2840 1457 2911 1514 ab
2932 1458 3185 1515 omnibus
3215 1458 3482 1516 haeretica;
3503 1459 3931 1517 detrectationis

2303 1571 2324 1606 ε
2362 1552 2615 1609 sordibus
2666 1561 3011 1623 repurgetur.
3068 1552 3359 1609 Declinent
3394 1561 3573 1609 autem
3613 1552 3685 1610 de
3708 1566 3929 1611 cetera

2304 1667 2325 1702 α
2359 1647 2592 1714 fortiter,
2633 1656 2688 1702 et
2714 1647 2916 1702 evitent
2954 1646 3294 1703 dilectissimi
3323 1644 3520 1703 fratres
3548 1648 3730 1703 nostri
3759 1647 3927 1704 verba

2301 1759 2323 1794 s
2360 1752 2415 1797 et
2441 1740 2706 1811 colloquia
2747 1755 2936 1797 eorum
2957 1782 2973 1808 ,
3002 1755 3233 1810 quorum
3265 1754 3446 1796 sermo
3472 1749 3530 1795 ut
3566 1755 3783 1797 cancer
3809 1755 3924 1797 ser-

590 1838 735 1909 quod
762 1820 1020 1892 adversus
1052 1832 1240 1888 ﬁdeles
1270 1832 1324 1886 in
1352 1830 1576 1887 crimina
1624 1829 1803 1899 lapsos
1848 1842 1907 1883 se
1936 1841 2194 1883 exercere
2223 1842 2271 1904 Β
2305 1854 2324 1888 s
2361 1836 2459 1907 pit,
2488 1835 2625 1890 sicut
2646 1832 2940 1903 Apostolus
2971 1833 3138 1888 dicit:
3169 1831 3515 1905 Corrumpunt
3543 1833 3767 1904 ingenia
3786 1834 3923 1890 bona

590 1944 751 2001 posse
774 1936 1001 1983 testatur
1028 1924 1337 1996 Apostolus.
1367 1922 1451 1978 An
1471 1936 1601 1977 vero
1625 1921 1670 1976 si
1696 1918 1941 1991 quaedam
1972 1929 2193 1989 peccata

587 2022 934 2091 inexpiabilia
983 2027 1187 2084 essent,
1218 2018 1269 2072 in
1316 2016 1521 2088 judicio
1564 2014 1826 2069 adversus
1874 2013 2195 2068 criminosos

586 2115 701 2170 lato
720 2112 911 2167 sedere
937 2111 985 2167 is
1005 2111 1291 2181 potuisset,
1310 2117 1365 2164 et
1384 2105 1705 2162 sententiam
1735 2104 1911 2161 ferre?
1940 2103 2057 2159 lucc
2083 2105 2191 2160 sci-

585 2209 729 2274 licet,
763 2216 950 2277 inpete
994 2203 1406 2270 irremissibilia,
1457 2201 1664 2272 judicio
1704 2202 1846 2256 illius
1869 2215 1931 2256 ac
1972 2209 2194 2258 senten-

586 2301 674 2356 tias
711 2299 935 2355 minime
979 2297 1283 2352 subcssent.
1317 2295 1450 2362 Quis
1480 2308 1643 2365 porro
1680 2293 1894 2364 ignorat
1921 2293 1978 2348 in
2007 2303 2193 2364 potes-

587 2403 717 2460 tate,
750 2408 910 2465 quam
938 2392 1261 2447 ordinarium
1287 2389 1579 2460 appellant,
1598 2388 1892 2444 succedere
1919 2389 2194 2459 Apostolis

583 2486 906 2558 episcopos?
934 2485 1264 2541 Potestatem
1287 2482 1468 2551 itaque
1490 2480 1542 2534 hi
1585 2480 1857 2536 habebunt
1900 2481 1952 2536 in
1990 2481 2193 2553 quaevis

587 2579 835 2643 crimina,
869 2577 1100 2648 ideoque
1128 2574 1271 2630 nulla
1305 2580 1463 2629 erunt
1490 2571 1902 2640 irremissibilia,
1934 2571 2192 2643 quidquid

581 2686 739 2725 secus
764 2669 1037 2725 eﬂiitirent
1061 2665 1367 2724 Novatiani.
1403 2665 1460 2721 In
1504 2664 1731 2737 Vulgata
1762 2666 1840 2722 sic
1866 2665 2192 2724 describitur

579 2767 807 2836 loquens
835 2763 1066 2818 Paulus:
1124 2760 1355 2817 Praedixi
1409 2771 1456 2815 et
1505 2762 1753 2830 prwdico,
1796 2770 1851 2814 ut
1894 2777 2118 2834 presens
2141 2772 2191 2817 et

578 2876 714 2914 nunc
732 2859 933 2924 absens,
952 2859 1018 2914 its
1041 2858 1128 2929 qui
1150 2866 1270 2912 ante
1294 2867 1627 2929 peccauerunt
1642 2867 1689 2913 et
1714 2855 1909 2910 steteris
1933 2855 2186 2923 omnibus,

574 2954 816 3025 quoniam
837 2952 881 3007 si
910 2968 1089 3007 uenero
1109 2952 1315 3019 iterum,
1350 2968 1450 3007 non
1473 2967 1705 3022 parcam.

651 3047 840 3105 XLIV.
875 3048 1007 3103 Item
1037 3047 1102 3101 ad
1128 3046 1478 3103 Timotheum
1502 3030 1749 3103 secunda.
1770 3044 1838 3120 (ll
1865 3043 2088 3101 Timoth.
2118 3060 2184 3114 ιι,

577 3139 647 3196 16
670 3139 730 3213 ):
776 3140 1039 3210 Profanas
1074 3150 1245 3195 autem
1281 3141 1528 3194 novitates
1577 3155 1756 3194 uocum
1799 3137 2006 3192 devita:
2051 3137 2189 3192 mul-

2305 1948 2326 1982 ι
2361 1927 2804 2000 confabulationes
2835 1926 3086 1996 pessime.
3122 1945 3143 1978 ι

2375 2018 2452 2073 Ita
2499 2033 2661 2090 porro
2701 2032 2825 2072 cum
2873 2015 3066 2073 iisdem
3115 2014 3475 2073 schismaticis
3515 2031 3677 2089 agere
3727 2017 3923 2075 ﬁdeles

2300 2111 2564 2182 przecipit,
2595 2119 2655 2165 ut
2682 2124 2776 2165 eos
2802 2109 3031 2179 primum
3061 2108 3280 2179 quidem
3319 2109 3602 2181 exemplis,
3633 2118 3752 2165 tum
3782 2110 3922 2166 leni-

2298 2214 2429 2273 tate,
2461 2220 2523 2261 ac
2560 2204 2928 2261 moderatione
2958 2203 3259 2268 mitefactos
3288 2202 3358 2259 ad
3393 2204 3687 2259 Ecclesium
3740 2204 3921 2260 dedo-

2298 2307 2444 2365 cant,
2475 2296 2794 2371 effugientes
2823 2313 3043 2369 prorsus
3067 2298 3465 2365 contentiones,
3500 2298 3795 2354 verborum
3822 2313 3918 2354 as-

2297 2390 2581 2462 peritatem
2638 2404 2704 2446 ac
2758 2390 2954 2446 minas.
3011 2387 3229 2445 Seruum
3283 2401 3457 2445 autem
3530 2388 3743 2444 Domini
3810 2406 3915 2445 non

2296 2494 2496 2559 oportet
2536 2485 2740 2557 litigare
2763 2526 2779 2552 ,
2830 2483 2920 2539 sed
2947 2492 3268 2538 mansuetum
3295 2500 3424 2539 esse.
3470 2483 3695 2554 Vulgata
3730 2484 3912 2540 inter-

2295 2581 2527 2653 pretatio
2556 2579 2644 2635 hic
2672 2593 2810 2650 pene
2838 2577 3177 2649 proponitur,
3197 2592 3266 2634 an
3296 2578 3644 2633 amanuensis
3668 2576 3913 2647 licentia,

2293 2687 2361 2727 an
2389 2675 2531 2743 jcasu
2562 2671 2743 2742 aliquo
2763 2712 2777 2737 ,
2807 2670 2898 2725 alii
2948 2669 3214 2737 viderint;
3245 2670 3372 2741 quia
3405 2680 3584 2727 tamen
3618 2671 3671 2726 in
3708 2671 3915 2742 priori-

2296 2765 2400 2822 bus
2422 2765 2634 2821 duobus
2662 2764 2942 2821 versiculis
2961 2762 3188 2835 Vulgata
3221 2780 3327 2819 non
3351 2763 3485 2819 nihil
3510 2763 3691 2820 differt
3718 2766 3795 2821 ab
3822 2780 3910 2834 ea,

2292 2875 2453 2933 quam
2486 2859 2710 2916 exhibet
2751 2859 2977 2930 hujusce
3026 2857 3272 2931 opusculi
3321 2867 3534 2925 auctor,
3562 2857 3700 2913 duos
3740 2859 3911 2916 hosce

2291 2953 2590 3009 versiculos
2618 2950 2861 3023 Vulgata:
2893 2952 2980 3006 hic
3008 2949 3257 3006 describo
3303 2967 3317 3004 :
3360 2947 3600 3021 Profana
3646 2961 3823 3007 auum
3859 2960 3909 3006 et

2290 3047 2584 3119 vaniloquia
2627 3047 2796 3103 devita
2842 3063 2862 3101 :
2891 3047 3118 3117 jmultum
3144 3045 3280 3100 enim
3318 3044 3600 3116 proﬁciunt
3627 3047 3697 3101 ad
3718 3047 3910 3119 impie-

2279 3150 2463 3207 tatem,
2494 3149 2542 3197 et
2562 3158 2727 3196 sermo
2754 3158 2929 3207 eorum
2951 3150 3006 3196 ut
3032 3157 3215 3196 cancer
3237 3139 3418 3210 serpit.

580 3244 687 3286 tum
722 3233 857 3288 enim
888 3232 1166 3303 proﬁciunt
1193 3232 1262 3287 ad
1296 3234 1649 3304 impietatem:
1679 3247 1800 3286 nam
1826 3247 1989 3286 sermo
2015 3246 2187 3286 eorum
2212 3244 2257 3309 ρ
2362 3235 2525 3293 XLV.
2572 3236 2704 3294 Item
2735 3237 2788 3295 in
2819 3234 3145 3311 Apocalypsi
3174 3236 3260 3307 (ll,
3307 3234 3365 3307 5)
3405 3254 3421 3289 :
3463 3233 3712 3301 Memento
3754 3236 3906 3291 unde

576 3328 707 3380 sicut
735 3340 919 3378 cancer
945 3326 1122 3393 serpit,
1166 3341 1231 3378 ea:
1258 3325 1439 3393 quibus
1479 3334 1550 3380 est
1582 3322 1893 3395 Hymenaeus
1929 3334 1975 3378 et
2004 3321 2186 3378 Phile-

577 3428 679 3484 tus,
712 3418 798 3488 qui
843 3433 877 3470 a
903 3418 1112 3471 ueritate
1151 3418 1465 3481 exciderunt,
1505 3418 1727 3472 dicentes
1767 3416 2187 3472 resurrectionem

567 3510 681 3581 jam
720 3511 912 3580 faciant
962 3515 1010 3561 et
1064 3508 1401 3578 quorumdam
1450 3506 1603 3575 [idem
1649 3506 2020 3560 subuerterant.
2076 3506 2186 3561 Sed

572 3602 778 3672 ﬁrmum
801 3598 1191 3673 fundamentum
1230 3598 1326 3653 Dei
1356 3605 1453 3653 stat
1480 3598 1670 3652 habens
1713 3599 2032 3668 signaculum
2068 3598 2188 3654 hoc.

570 3696 816 3771 Cognovit
847 3696 988 3753 Deus
1013 3698 1100 3767 qui
1145 3706 1264 3752 sunt
1304 3697 1437 3769 ejus,
1479 3703 1527 3749 et
1573 3692 1801 3748 discedat
1830 3692 1893 3747 ab
1920 3692 2059 3747 omni
2086 3692 2188 3747 ini—

571 3793 764 3863 quitate
789 3792 955 3849 omnis
980 3792 1070 3863 qui
1110 3791 1341 3848 nominat
1384 3805 1565 3844 nomen
1609 3785 1841 3842 Domini.
1888 3783 1954 3841 In
1998 3802 2186 3858 magna

569 3894 743 3951 autem
769 3888 923 3941 domo
948 3902 1051 3940 non
1100 3886 1270 3940 solum
1310 3891 1427 3940 sunt
1461 3898 1586 3938 vasa
1631 3896 1789 3936 aurea
1831 3889 1880 3935 et
1920 3889 2181 3952 argentea,

570 3978 662 4032 sed
687 3988 735 4032 et
763 3976 954 4049 lignea,
986 3988 1035 4032 et
1062 3978 1271 4048 ﬁctilia,
1296 3988 1342 4033 et
1366 3977 1601 4048 quaedam
1616 3975 1821 4048 quidem
1844 3975 1897 4029 in
1918 3974 2181 4043 honorem,

567 4070 802 4141 quadam
824 4079 995 4125 autem
1021 4071 1077 4124 in
1120 4071 1506 4125 contumeliam.
1541 4070 1605 4124 Si
1645 4070 1761 4141 quis
1790 4086 1911 4142 ergo
1938 4070 2179 4126 emenda-

566 4164 693 4218 verit
736 4178 791 4217 se
818 4162 882 4216 ab
920 4161 1055 4225 istis,
1087 4163 1181 4216 erit
1226 4176 1315 4216 vas
1355 4161 1409 4214 in
1438 4160 1683 4215 honorem
1722 4160 2096 4229 sanctiﬁcatum
2136 4169 2184 4216 et

566 4257 691 4335 utile
718 4255 939 4312 Domino
963 4255 1034 4310 ad
1059 4271 1208 4311 omns
1237 4255 1424 4310 bonum
1449 4269 1579 4326 opus
1623 4262 1880 4324 paratum.
1924 4251 2184 4308 Juvenilia

565 4361 737 4406 autem
767 4350 1023 4405 desideria
1049 4350 1191 4422 fuge.
1244 4348 1459 4405 Sectare
1510 4363 1627 4403 vero
1667 4346 1945 4419 justitiam,
1995 4347 2169 4417 ﬁdem,

562 4445 888 4509 charitatem,
937 4460 1115 4516 pacem
1155 4459 1271 4498 cum
1302 4444 1402 4510 his,
1435 4442 1525 4513 qui
1548 4442 1782 4496 invocant
1812 4437 2088 4493 Dominum
2117 4439 2182 4494 de

2288 3330 2549 3396 cecideris,
2581 3340 2628 3385 et
2655 3347 2752 3402 age
2780 3331 3127 3400 paenitentiam
3170 3345 3189 3393 ξ
3231 3329 3312 3383 sin
3351 3336 3538 3397 autem,
3568 3328 3757 3381 ueniam
3798 3329 3901 3383 tibi

2289 3423 2410 3487 cito,
2451 3431 2499 3477 et
2525 3421 2890 3476 candelabrum
2916 3421 2981 3479 de
3010 3421 3123 3477 loco
3153 3436 3248 3476 suo
3270 3421 3496 3476 movebo.

2365 3515 2566 3572 Eodem
2615 3514 2730 3571 fere
2778 3523 2992 3587 spectat
3029 3515 3119 3571 hic
3152 3515 3330 3583 locus,
3362 3526 3525 3587 atque
3560 3514 3785 3586 ilie'qui
3828 3529 3900 3571 ex

2290 3610 2562 3681 Soplionia
2602 3626 2659 3665 n.
2693 3612 2785 3678 54,
2814 3610 3079 3682 allegatus
3104 3620 3208 3667 est.
3242 3610 3478 3666 Invitant
3503 3611 3685 3679 itaque
3710 3610 3801 3665 isti
3826 3608 3897 3665 ad

2292 3703 2662 3775 paenitentiam
2704 3703 3089 3759 ecclesiasticis
3120 3702 3331 3774 legibus
3363 3701 3732 3776 praescriptam
3755 3719 3771 3770 ;
3797 3716 3892 3759 os.

2300 3795 2531 3851 tendunt
2559 3795 2916 3867 peccantibus
2958 3784 3247 3866 superesse
3301 3796 3477 3851 venite
3524 3795 3733 3860 locum;
3785 3794 3894 3850 mi-

2290 3899 2487 3945 nantur
2511 3888 2746 3962 denique
2775 3888 3142 3945 schismaticis
3159 3931 3176 3957 ,
3218 3898 3269 3945 et
3297 3889 3677 3961 peccatoribus
3702 3903 3892 3963 graves

2288 3996 2501 4054 pteuas,
2531 3982 2633 4038 nisi
2667 3981 2994 4055 rcsipiscant
3015 3990 3070 4037 et
3098 3982 3474 4053 paenitentiam
3506 3990 3689 4054 agant.
3717 3982 3893 4053 Atque

2285 4077 2496 4135 invitari
2525 4076 2740 4149 quidem
2771 4076 2838 4133 ad
2870 4077 3247 4149 paenitentiam
3275 4076 3663 4133 ecclesiasticis
3682 4076 3892 4147 legibus

2288 4171 2656 4243 praescriptam
2704 4170 2894 4227 ﬁdeles
2951 4172 3131 4244 lapsos
3173 4169 3467 4227 ostendunt
3519 4165 3724 4226 monita
3769 4169 3889 4226 haec

2287 4262 2537 4337 Cypriani
2569 4262 2650 4336 (l)
2688 4282 2701 4319 :
2738 4281 2757 4315 ‹
2793 4263 2923 4335 Legi
2960 4262 3167 4319 litteras
3192 4271 3425 4329 vestras,
3455 4262 3653 4319 fratres
3680 4260 3890 4319 charis-

2293 4376 2312 4410 ι
2349 4358 2495 4425 simi,
2532 4357 2728 4428 quibus
2764 4355 3058 4426 scripsistis
3095 4355 3315 4419 salubre
3339 4354 3626 4411 consilium
3652 4365 3890 4411 vestrum

2289 4469 2311 4504 ε
2348 4466 2453 4506 non
2484 4450 2676 4506 deesse
2702 4448 2957 4504 fratribus
2984 4446 3205 4511 nostris,
3235 4456 3315 4515 ut,
3349 4449 3635 4503 temeraria
3664 4446 3890 4502 testina-

560 4540 713 4595 corde
742 4556 891 4610 puro.
930 4538 1132 4594 Stultos
1156 4547 1326 4593 autem
1351 4545 1399 4590 et
1434 4536 1545 4590 sine
1573 4534 1849 4604 disciplina
1878 4533 2179 4601 qmestiones
2200 4567 2256 4629 D
2289 4563 2308 4597 ι
2346 4545 2489 4599 tione
2511 4541 3100 4614 deposita,religiosam
3126 4542 3437 4612 patientiam
3462 4541 3565 4595 Deo
3582 4539 3884 4610 pradicant,

560 4634 748 4699 devita,
778 4634 965 4700 sciens,
992 4633 1114 4705 quia
1159 4641 1405 4704 generant
1434 4630 1568 4685 lites.
1603 4630 1822 4687 Servum
1849 4637 2016 4683 autem
2054 4626 2171 4683 Do-

558 4727 686 4781 mini
712 4743 812 4780 nou
840 4734 1037 4796 oportet
1067 4724 1287 4796 litigare,
1331 4723 1424 4778 sed
1455 4732 1775 4777 mansuetum
1801 4737 1930 4786 esse,
1960 4723 2031 4773 ad
2066 4735 2174 4774 om-

561 4836 650 4875 nes
697 4817 986 4883 docibilem,
1038 4818 1335 4889 patientem,
1387 4832 1504 4869 cuns
1533 4815 1783 4870 modestia
1814 4813 2170 4883 corripientem

555 4928 641 4967 eos
662 4912 751 4982 qui
778 4910 1019 4965 resistunt
1040 4925 1060 4975 ;
1081 4925 1144 4964 ne
1165 4907 1371 4980 quando
1400 4908 1480 4991 det
1507 4907 1614 4962 illis
1638 4904 1777 4961 Deus
1800 4896 2164 4979 penitetﬂiam,

555 5007 623 5061 ad
669 5005 1070 5079 cognoscendam
1114 5004 1376 5059 veritatem
1401 5044 1416 5067 ,
1453 5010 1500 5056 et
1527 5001 1832 5070 resipiscant
1867 4999 1931 5053 de
1973 4997 2167 5053 diaboli

554 5099 772 5172 laqueis,
798 5116 829 5152 a
849 5113 949 5168 quo
975 5096 1113 5168 capti
1133 5104 1364 5150 tenentur
1392 5093 1460 5147 ad
1484 5093 1649 5163 ipsius
1682 5090 2017 5145 uoluntatem.

626 5194 903 5250 Adversus
946 5190 1275 5247 Novatianos
1321 5188 1438 5245 haec
1484 5187 1714 5260 apostoli
1748 5185 1896 5241 Pauli
1940 5184 2161 5241 monita

550 5286 826 5357 intorquet
864 5293 1053 5339 noster
1100 5281 1336 5351 scriptor
1360 5323 1376 5348 ,
1422 5290 1585 5351 atque
1614 5278 1733 5335 iure
1771 5277 1989 5349 quidem
2022 5276 2161 5332 fide-

547 5380 680 5436 lium
710 5379 929 5435 auribus
969 5376 1238 5442 inculcat,
1278 5383 1342 5429 ut
1384 5372 1455 5428 ab
1484 5371 1863 5428 hmrcticorum
1894 5376 1952 5426 et
1988 5369 2162 5425 schis-

548 5474 871 5530 maticorum
917 5469 1156 5542 strophis
1182 5476 1237 5524 et
1260 5467 1626 5523 familiaritate
1654 5465 1988 5522 abstineant.
2021 5477 2161 5520 neve

544 5567 615 5623 ab
657 5581 847 5625 eorum
894 5563 1128 5620 versutia
1152 5572 1210 5617 et
1253 5560 1410 5617 malis
1437 5560 1579 5615 dolis
1619 5573 1681 5615 se
1703 5558 1880 5629 decipi
1922 5557 2148 5614 sinant:

551 5658 659 5715 Sed
713 5668 759 5715 et
812 5673 978 5713 sermo
1035 5671 1213 5711 eorum
1253 5654 1402 5727 quasi
1442 5670 1626 5709 cancer
1677 5652 1838 5724 serpit
1893 5666 1913 5706 :
1965 5651 2063 5707 hoc
2115 5659 2164 5708 et

549 5751 749 5807 "tacula
815 5748 1048 5815 unitatis,
1096 5747 1210 5804 hac
1271 5763 1403 5818 ruga
1473 5746 1659 5820 (Vide
1728 5744 1795 5801 8.
1846 5743 2162 5812 Padanum,

552 5832 719 5900 Epist.
747 5836 848 5904 ιιι).
890 5836 1154 5901 Quamvis
1177 5837 1322 5892 enim
1346 5836 1523 5894 malos
1549 5840 1604 5893 in
1630 5837 1735 5894 hoc
1753 5836 1980 5904 mundo,
1999 5843 2162 5907 atque

2286 4656 2307 4691 ‹
2346 4647 2401 4692 ut
2432 4653 2554 4693 cum
2602 4636 2653 4691 in
2697 4651 2860 4691 unum
2891 4649 2987 4707 per
3033 4634 3151 4705 ejus
3196 4631 3619 4690 misericordiam
3659 4632 3888 4688 veneri-

2285 4749 2305 4783 ‹
2343 4744 2483 4795 mus,
2512 4729 2581 4784 de
2621 4727 2871 4785 omnibus
2896 4728 3181 4799 speciebus
3220 4727 3520 4784 secundum
3550 4725 3887 4783 ecclesiasti-

2285 4843 2306 4877 ι
2343 4839 2461 4879 cam
2491 4822 2835 4894 disciplinam
2877 4827 3109 4876 tractare
3152 4821 3457 4892 possimus,
3499 4822 3733 4877 maxime
3761 4834 3888 4878 cum

2276 4937 2297 4972 ι
2335 4919 2595 4989 scriptum
2641 4916 2751 4972 sit:
2782 4913 3040 4970 Memento
3085 4915 3222 4970 unde
3258 4916 3536 4983 cecideris,
3582 4926 3630 4970 et
3653 4931 3750 4991 age
3774 4931 3887 4984 pm-

2276 5032 2296 5066 r
2333 5011 2618 5067 nitentium.
2652 5007 3034 5081 Paenitentiam
3064 5017 3244 5063 autem
3272 5006 3364 5065 ille
3390 5009 3542 5081 agit,
3573 5009 3686 5079 qui,
3715 5006 3888 5063 divini

2271 5125 2291 5159 ‹
2327 5104 2580 5176 praecepti
2627 5114 2856 5166 memor,
2887 5100 3034 5156 mitis
3072 5110 3128 5156 et
3154 5102 3397 5171 patiens,
3427 5111 3482 5156 et
3506 5100 3885 5157 sacerdotibus

2270 5218 2292 5253 ‹
2329 5196 2428 5254 Dei
2456 5195 2863 5265 obtemperans,
2893 5192 3168 5265 obsequiis
3195 5195 3331 5263 suis,
3359 5202 3413 5251 et
3436 5193 3695 5266 operibus
3715 5194 3883 5265 iustis

2270 5310 2289 5345 ι
2332 5289 2613 5346 Dominum
2645 5294 3006 5358 promeretur.
3050 5304 3071 5340 ι
3123 5286 3191 5342 Ει
3225 5303 3416 5344 rursus
3454 5287 3584 5342 alibi
3612 5288 3701 5360 (in
3750 5287 3880 5342 libro

2264 5383 2327 5439 de
2358 5382 2572 5453 Lapsis,
2605 5396 2660 5451 ρ.
2690 5375 2820 5451 578)
2855 5395 2870 5433 :
2907 5395 2928 5430 ι
2962 5377 3077 5434 Νοη
3123 5380 3377 5437 concedit
3424 5395 3611 5452 pacem
3646 5378 3881 5436 facilitas

2271 5495 2291 5529 ι
2324 5477 2423 5531 ista
2445 5516 2459 5543 ,
2492 5472 2587 5529 sed
2615 5470 2788 5536 tollit;
2821 5485 2925 5526 nec
2949 5473 3497 5529 communicationem
3531 5473 3752 5539 tribuit,
3780 5472 3879 5531 sed

2273 5590 2292 5625 ε
2329 5567 2554 5640 impedit
2595 5564 2663 5619 ad
2713 5562 2971 5621 salutem.
3005 5564 3327 5625 Persecutio
3366 5578 3450 5635 est
3497 5566 3616 5637 haec
3654 5566 3791 5633 alia,
3824 5575 3881 5623 et

2270 5682 2291 5718 α
2322 5661 2426 5719 alia
2455 5657 2703 5722 tentatio,
2727 5669 2826 5726 per
2852 5670 3012 5726 quam
3035 5657 3251 5714 subtilis
3275 5659 3530 5716 inimicus
3556 5660 3883 5731 impugnan-

2271 5782 2764 5930 Ραὲἷζιεὲεέῧῖαῶηι
2824 5796 2947 5865 pag.
2999 5784 3091 5856 57,
3126 5783 3207 5845 Ad
3251 5781 3448 5853 clerum
3490 5779 3557 5838 de
3584 5779 3667 5839 his
3690 5779 3785 5851 qui
3810 5773 3882 5837 ad
