4042 6210
244 466 3655 534 mm

933 694 2131 829 TYPOGBAPHUS
2220 697 2967 832 LECTORI.

1422 968 1527 1040 (Ex
1567 968 1706 1025 edit.
1740 971 1946 1025 Venet.
1980 969 2120 1025 anni
2154 970 2312 1040 1755,
2347 975 2387 1026 t.
2422 971 2492 1042 II)

313 1329 518 1386 Paucis
547 1344 612 1383 ac
641 1327 960 1382 brevissime
993 1329 1043 1381 te
1069 1327 1131 1380 in
1155 1326 1351 1380 limine
1378 1327 1494 1396 ejus
1522 1323 1755 1381 secundi
1781 1342 1846 1380 ac
1871 1327 2137 1396 postremi
2181 1326 2417 1397 Operam
2457 1327 2958 1398 Areapagiticarum
2986 1332 3126 1385 tomi
3153 1331 3384 1399 detineo,
3419 1335 3655 1403 benigne

248 1419 439 1474 Lector
460 1415 902 1489 quandoquidem
924 1417 982 1470 in
1003 1414 1199 1470 Manita
1215 1414 1285 1469 ad
1304 1417 1545 1484 priorem
1567 1421 1777 1468 tomum
1793 1416 2026 1485 praeﬁxo
2037 1416 2158 1484 jam
2187 1423 2235 1470 te
2259 1417 2547 1471 certiorem
2571 1417 2682 1486 feci
2709 1416 2776 1471 de
2821 1433 3041 1473 summa
3063 1436 3183 1474 mea
3214 1423 3271 1475 in
3293 1421 3394 1475 hac
3413 1422 3656 1480 editione

241 1506 577 1577 conﬁcienda
607 1514 658 1561 et
686 1501 1025 1560 exornanda
1053 1519 1191 1558 cura
1219 1518 1284 1558 ac
1311 1503 1620 1558 sedulitate.
1657 1503 1830 1570 Quam
1857 1507 2046 1558 exacte
2069 1503 2230 1571 ﬁdem
2258 1520 2449 1558 meam
2481 1505 2833 1560 liberaverim
2855 1507 2915 1561 in
2943 1510 3226 1562 enuntiato
3246 1513 3482 1580 tempore
3502 1519 3652 1566 utro-

244 1613 346 1669 que
376 1605 522 1652 tama
540 1596 752 1668 publici
781 1595 925 1664 juris
947 1593 1242 1663 faciunda,
1275 1609 1386 1648 non
1417 1597 1493 1648 est
1530 1610 1629 1648 cur
1653 1593 1815 1648 verba
1843 1595 2068 1663 faciam,
2111 1610 2234 1648 cum
2276 1611 2413 1666 opus
2457 1596 2641 1665 ipsum
2671 1611 2771 1666 per
2798 1611 2912 1651 sese
2945 1598 3218 1667 loquatur.
3253 1604 3437 1655 Pauca
3465 1603 3654 1656 tamen

241 1686 384 1742 mihi
407 1686 640 1741 dicenda
666 1687 794 1740 sunt
823 1683 888 1739 de
918 1684 990 1740 iis
1034 1699 1156 1755 qua:
1205 1682 1339 1738 huic
1367 1687 1509 1738 tama
1538 1699 1830 1751 accessere,
1871 1683 2107 1754 quidque
2148 1684 2207 1737 in
2244 1699 2325 1750 ea,
2359 1688 2420 1738 ut
2460 1685 2718 1740 ornatior
2758 1688 2962 1754 exiret,
2999 1688 3379 1757 praetisterim.
3433 1689 3654 1746 Scholia

243 1773 430 1830 Graeca
460 1777 522 1829 in
552 1774 727 1844 Opera
756 1772 1146 1842 Areopagitica
1202 1787 1329 1826 cum
1384 1772 1719 1828 nitidissima
1761 1772 1817 1827 S.
1869 1773 2038 1827 Marci
2085 1772 2264 1828 codice
2320 1772 2741 1842 diligentissime
2787 1775 3120 1846 conferenda
3153 1779 3366 1845 curavi,
3423 1779 3653 1835 selectae

240 1865 428 1921 varias
451 1863 729 1930 lectiones,
769 1869 866 1916 aut
891 1863 1276 1930 carrectianes,
1311 1861 1580 1917 breviores
1625 1862 1866 1932 quidem,
1897 1861 1971 1917 ad
2000 1863 2307 1933 marginem
2337 1862 2616 1933 adnotavi,
2646 1866 2888 1933 fusiores
2917 1881 3066 1933 vero,
3105 1881 3230 1938 quae
3266 1867 3449 1938 potius
3479 1868 3652 1923 Addi-

240 1959 502 2008 tamenta
530 1949 787 2024 quadam
815 1949 1048 2006 dicenda
1076 1958 1225 2017 sunt,
1271 1950 1469 2021 quibus
1504 1950 1875 2021 praecedentes
1913 1950 2182 2007 editiones
2213 1967 2400 2008 omnes
2441 1968 2691 2019 caruere,
2725 1953 2796 2008 ad
2821 1955 3042 2024 paginae
3089 1954 3317 2026 calcem,
3368 1973 3480 2012 una
3525 1972 3651 2013 cum

239 2043 484 2098 versione
513 2041 734 2108 Latina,
764 2040 992 2110 opposui
1019 2040 1116 2109 (1).
1149 2041 1240 2094 Ex
1271 2039 1355 2093 his
1375 2039 1522 2093 haud
1552 2055 1686 2094 sane
1723 2056 1896 2109 pauca
1925 2041 2188 2107 invenies,
2219 2043 2529 2111 prxsertim
2549 2043 2608 2096 in
2632 2041 2771 2098 libra
2793 2042 2873 2098 De
2905 2043 3121 2099 divinis
3152 2044 3512 2100 nominibus.
3532 2047 3647 2101 Lit-

239 2132 385 2184 teras
417 2128 596 2185 (ἓν-«ςεσὶ
623 2125 924 2198 alphabeti,
956 2141 1055 2180 seu
1083 2129 1240 2181 natas
1261 2126 1602 2192 numerales,
1631 2125 1824 2196 quibus
1852 2125 2060 2182 scholia
2089 2126 2348 2183 Germani
2370 2129 2709 2199 patriarchae
2735 2128 2808 2183 ad
2835 2129 3058 2184 schaliis
3106 2132 3344 2186 Maximi
3389 2131 3648 2186 monachi

239 2217 385 2272 dicta
447 2219 506 2270 in
559 2215 740 2271 codice
794 2215 1070 2285 distingui
1124 2215 1413 2281 dicuntur,
1470 2219 1745 2281 accurate,
1800 2217 1916 2286 ipso
1979 2218 2161 2272 codice
2216 2216 2504 2282 habentur,
2553 2217 2808 2288 adjunxi.
2866 2219 3038 2275 Labor
3074 2220 3257 2290 major
3286 2220 3648 2277 insumendus

234 2309 346 2377 fuit
375 2307 451 2361 ad
479 2305 895 2360 Lansselianam
925 2303 1236 2358 versionem
1265 2304 1599 2360 schaliarum
1627 2305 1682 2360 S.
1716 2306 1958 2360 Maximi
1985 2305 2115 2360 huic
2141 2305 2372 2361 editioni
2397 2305 2851 2376 aptandam,qux
2870 2323 3071 2376 parum
3101 2307 3388 2363 commoda
3421 2307 3648 2364 videba-

235 2401 349 2450 tur.
388 2397 464 2450 Et
509 2410 644 2450 sane
686 2393 836 2448 haud
869 2393 999 2448 satis
1044 2394 1261 2463 assequi
1300 2394 1416 2464 ipse
1465 2409 1687 2464 passum
1731 2395 1865 2464 quid
1909 2394 2081 2449 editor
2128 2395 2413 2449 Pariensis
2450 2410 2567 2464 prae
2609 2396 2780 2449 oculis
2827 2394 3100 2463 habuerit,
3160 2405 3240 2463 ut,
3287 2412 3413 2451 cum
3459 2398 3650 2452 omnia

238 2484 632 2556 Areopagitica
663 2482 839 2550 Opera
867 2497 989 2536 cum
1018 2482 1088 2536 cl.
1122 2483 1230 2536 viri
1250 2482 1591 2536 Balthasaris
1620 2482 1867 2538 Corderii
1899 2483 2107 2538 Latina
2145 2482 2397 2537 versione
2442 2482 2694 2547 ededirit,
2745 2482 2799 2537 S.
2860 2483 3092 2538 Maximi
3142 2485 3200 2538 in
3249 2484 3434 2540 eadem
3473 2485 3650 2555 Opera

243 2573 460 2628 schotiis
481 2571 744 2627 Lanssclii
774 2571 1077 2627 versionem
1097 2586 1369 2641 apponere
1399 2569 1685 2640 maluerit,
1717 2587 1841 2627 cum
1876 2575 2059 2625 tamen
2089 2577 2288 2641 praesta
2318 2570 2408 2624 illi
2435 2576 2572 2625 esset
2603 2572 2927 2627 earumdem
2965 2574 3142 2628 versia
3179 2575 3247 2627 ab
3280 2575 3396 2644 ipso
3440 2573 3638 2630 Corde-

247 2664 331 2716 rio
357 2663 526 2729 facta,
551 2665 600 2714 et
627 2660 868 2715 editioni
895 2660 1284 2724 Antuerpiensi
1315 2676 1408 2714 an.
1433 2659 1572 2714 i634
1605 2661 1832 2729 inserta,
1866 2675 2035 2730 eaque
2056 2659 2252 2730 procul
2284 2658 2447 2714 dubio
2478 2659 2714 2714 nitidior
2759 2665 2813 2715 et
2848 2665 3161 2716 accuriator
3206 2664 3299 2724 sit,
3339 2679 3503 2733 quam
3550 2663 3656 2718 illa

236 2749 628 2814 tumultuaria,
662 2753 724 2802 ut
755 2763 878 2802 eam
905 2756 1056 2804 vacat
1084 2747 1400 2803 Lansselius
1431 2748 1565 2818 ipse,
1597 2751 1786 2818 utpote
1815 2763 1989 2818 quam
2018 2762 2233 2801 summa
2277 2761 2402 2800 cum
2437 2748 2797 2816 festinatione
2826 2745 3014 2819 facere
3044 2750 3362 2819 aliquarum
3385 2751 3642 2818 precibus

237 2838 548 2909 compulsus
573 2838 708 2907 fuit,
733 2853 856 2891 cum
886 2838 1131 2908 primum
1160 2836 1340 2892 erce
1371 2841 1588 2891 tantum
1617 2835 1922 2891 Maximum
1955 2835 2214 2890 exhibere
2244 2837 2632 2905 constituisset,
2662 2843 2724 2892 ut
2751 2835 3006 2892 idemmet
3033 2841 3284 2892 testatur.
3319 2842 3509 2910 Quare
3557 2839 3644 2894 nil

235 2929 373 2984 vitio
401 2926 721 2982 vertendum
747 2927 887 2993 viro,
919 2925 1148 2981 aliunde
1175 2925 1530 2996 peritissimo,
1565 2927 1614 2980 si
1632 2926 1902 2997 ejusmodi
1930 2925 2104 2980 versio
2133 2924 2297 2996 paulo
2334 2925 2636 2994 obscurior,
2685 2929 2737 2980 et
2781 2926 3174 2998 inelegantiar,
3221 2933 3273 2982 et
3310 2927 3369 2981 in
3416 2927 3646 2998 quibus-

233 3015 365 3070 dam
389 3017 557 3070 etiam
589 3015 742 3080 locis,
762 3015 954 3069 minus
983 3017 1244 3070 accurata
1263 3013 1550 3085 prodierit.
1586 3012 1690 3068 Sed
1719 3029 1829 3069 non
1899 3015 1976 3068 ita
2035 3013 2234 3069 editori
2278 3013 2596 3068 Parisiensi
2629 3013 3052 3069 condanandum
3093 3014 3331 3085 videtur,
3380 3015 3477 3086 qui
3522 3031 3648 3071 eam

235 3107 477 3162 versiani
505 3103 864 3159 Cordertanx
888 3103 1225 3174 prxtulerit,
1248 3104 1456 3173 illaque
1485 3103 1704 3173 rejecta,
1737 3105 1795 3156 in
1825 3101 2118 3158 editionem
2145 3117 2303 3156 suam
2333 3103 2610 3167 asciverit,
2639 3104 2970 3173 prxsertim,
3011 3119 3136 3158 cum
3169 3109 3220 3159 et
3248 3104 3389 3158 illud
3434 3105 3648 3161 incom-

232 3194 388 3249 modi
411 3192 706 3261 accederet,
736 3191 904 3263 quod,
937 3207 1058 3246 cum
1117 3192 1276 3247 verba
1333 3200 1512 3246 textus
1570 3190 1626 3245 8.
1663 3191 1918 3260 Dionysii
1943 3192 2091 3245 circa
2121 3205 2246 3261 quae
2272 3191 2488 3246 scholia
2527 3195 2839 3260 versantur,
2872 3192 3038 3262 plane
3065 3192 3250 3262 aliter,
3280 3193 3648 3264 utplurimum

233 3298 290 3337 se
313 3282 552 3337 habeant
584 3284 642 3335 in
675 3280 838 3335 haece
866 3281 1112 3335 versione
1146 3280 1517 3342 Lansseliana,
1548 3295 1712 3350 quam
1744 3281 1804 3333 in
1837 3277 2200 3345 Carderiana,
2235 3281 2345 3335 ima
2374 3288 2425 3336 et
2447 3296 2850 3351 nonnunquam
2875 3279 3153 3336 diversum
3191 3283 3415 3336 omnino
3442 3284 3645 3352 prxfe-

233 3376 322 3427 rat
350 3387 599 3432 sensum;
629 3371 854 3426 nonnisi
881 3368 1212 3439 difficillime
1239 3386 1274 3423 a
1304 3369 1502 3424 lectore
1535 3367 1744 3425 ercae
1774 3369 1993 3440 linguae
2030 3369 2229 3438 ignaro
2259 3368 2600 3438 deprehendi
2623 3372 2799 3442 potest
2827 3374 2902 3425 ad
2952 3386 3117 3441 quam
3156 3375 3375 3440 partem
3402 3369 3648 3438 eiusdem

233 3465 413 3516 textus
442 3457 669 3529 singula
697 3458 909 3515 scholia
935 3459 1250 3529 pertineant
1285 3474 1298 3512 :
1330 3461 1382 3512 et
1411 3473 1470 3512 eo
1491 3457 1572 3512 vel
1604 3458 1846 3512 maxime
1873 3457 2012 3528 quod
2041 3459 2518 3528 paragraphorum
2558 3459 2619 3513 in
2663 3475 2794 3530 quos
2831 3460 3014 3530 capita
3045 3459 3228 3514 divisa
3257 3462 3391 3514 sunt
3423 3460 3485 3515 in
3512 3463 3647 3516 Cor-

231 3549 470 3604 deriana
498 3552 680 3602 textus
709 3546 765 3601 8.
797 3546 1054 3616 Dionysii
1081 3548 1352 3614 versione,
1383 3561 1645 3599 numerus
1675 3545 1733 3598 in
1764 3545 2136 3600 Lansseliana
2181 3545 2522 3601 schaliarum
2542 3548 2810 3612 versione,
2841 3555 3005 3618 atque
3028 3547 3086 3601 in
3107 3547 3413 3602 Parisiensi
3452 3546 3650 3603 editio-

232 3654 300 3693 ne
325 3639 491 3710 plane
518 3638 751 3693 amissus
780 3636 852 3690 sit
878 3653 902 3699 ;
930 3634 1283 3706 quamobrem
1309 3633 1624 3689 earumdem
1651 3633 1980 3689 schaliarum
2008 3650 2140 3689 usus
2167 3636 2394 3690 nonnisi
2416 3635 2868 3706 impeditissimus
2895 3651 3013 3691 esse
3041 3638 3233 3703 potest.
3275 3636 3403 3692 Haec
3443 3636 3523 3690 ita
3563 3651 3651 3691 me

232 3735 635 3799 permoverant,
670 3733 733 3780 ut
758 3740 961 3794 parum
989 3724 1238 3794 abfuerit
1268 3725 1400 3794 quin
1434 3724 1566 3795 ipse,
1590 3723 1796 3793 rejecta
1817 3722 1962 3778 dicta
1983 3723 2259 3779 Lansselii
2304 3723 2637 3779 schaliarum
2666 3728 2725 3780 S.
2759 3724 2988 3779 Maximi
3033 3726 3294 3790 versione,
3346 3724 3649 3780 Corderia-

238 3833 369 3870 nam
396 3813 706 3870 earumdem
737 3815 1045 3869 versionem
1071 3814 1234 3881 juxta
1263 3811 1556 3868 editionem
1581 3812 2044 3882 Antuerpiensem
2073 3812 2314 3867 editioni
2342 3827 2483 3868 mex
2509 3814 2834 3867 insererem.
2868 3811 2974 3866 Nec
2994 3811 3177 3866 deerat
3199 3811 3286 3866 vir
3312 3813 3518 3877 doctus,
3550 3814 3648 3882 qui

253 3903 409 3958 hocce
438 3904 571 3956 mihi
598 3901 880 3957 consilium
910 3900 1103 3962 daret;
1133 3901 1337 3972 quique
1364 3908 1634 3970 praeterea
1664 3899 1928 3968 addebat,
1953 3900 2055 3955 hoc
2080 3901 2360 3970 postutari
2387 3901 2456 3952 ab
2487 3900 2894 3967 uniformitatis
2923 3900 3138 3954 ratione
3190 3900 3333 3969 (quae
3376 3901 3436 3954 in
3465 3901 3647 3971 quali-

249 3991 341 4046 bet
367 4006 522 4062 apere
545 4007 661 4045 eum
712 3991 840 4060 ﬁeri
863 3994 1057 4061 potest,
1086 3989 1360 4044 servanda
1392 3990 1514 4060 est),
1549 3997 1606 4044 ut
1634 3988 1874 4059 ejusdem
1903 3989 2142 4043 auctoris
2181 3996 2319 4044 esset
2349 3991 2468 4042 tum
2505 3989 2681 4042 versio
2709 3991 2892 4042 textus
2921 3989 3309 4058 Ariopagitici,
3342 3995 3456 4042 tum
3488 3989 3648 4044 scha-

237 4080 445 4133 lt'orum
474 4095 592 4150 quae
609 4082 673 4134 in
703 4081 886 4149 ipsum
915 4079 1227 4150 conscripta
1255 4085 1404 4132 sunt.
1438 4078 1614 4144 Quare
1640 4079 1688 4132 et
1720 4077 1946 4144 reficere
1974 4075 2237 4132 suadebat
2273 4077 2720 4132 Tilmannianam
2751 4077 3102 4148 Pachymerx
3146 4077 3551 4148 Paraphraseos
3581 4080 3642 4133 in

234 4168 507 4239 Epistolas
535 4166 590 4221 8.
617 4167 874 4237 Dionysii
901 4168 1206 4221 versionem
1254 4181 1358 4235 pro
1414 4163 1758 4220 Corderiana
1799 4165 2051 4231 ascitam,
2103 4181 2228 4220 cum
2277 4165 2651 4235 Paraphrases
2694 4164 2938 4235 ejusdem
2987 4164 3353 4236 Pachymeree
3381 4165 3441 4219 in
3480 4165 3648 4221 libros

229 4255 286 4311 8.
323 4256 598 4326 Dionysii,
633 4256 744 4310 ima
775 4261 828 4311 et
849 4253 1056 4310 scholia
1083 4253 1138 4308 S.
1171 4253 1402 4308 Maximi
1431 4254 1491 4307 in
1519 4253 1736 4308 easdem
1765 4253 2070 4324 Epistolas,
2101 4254 2215 4308 sint
2245 4269 2315 4308 ex
2345 4253 2598 4308 Corderii
2627 4254 2896 4308 versione.
2946 4253 3244 4320 Quaminus
3293 4255 3481 4310 tamen
3522 4254 3656 4310 huic

226 4346 462 4402 consilia
481 4347 884 4415 acquiescerem
913 4345 1012 4416 (an
1042 4348 1208 4412 recte,
1240 4343 1511 4413 benignus
1544 4343 1726 4397 Lector
1746 4341 2025 4412 judicium
2052 4341 2208 4411 feret)
2258 4340 2365 4397 duo
2411 4341 2757 4412 potissimum
2788 4343 2847 4395 in
2877 4356 3046 4396 causa
3072 4345 3248 4411 fuere.
3296 4343 3548 4396 Primum
3575 4359 3650 4398 ne

227 4435 445 4490 viderer
472 4433 613 4489 datx
644 4433 864 4505 publica
893 4431 1023 4503 ﬁdei
1051 4433 1240 4503 aliqua
1267 4433 1332 4486 in
1357 4441 1520 4502 parte
1546 4431 1756 4492 deesse;
1784 4429 2059 4501 siquidem
2090 4432 2150 4485 in
2179 4445 2266 4484 me
2295 4444 2632 4502 receperam,
2674 4430 2848 4500 Opera
2877 4429 2934 4484 S.
2970 4430 3224 4500 Dionysii
3243 4430 3413 4500 juxta
3441 4438 3651 4501 postre-

225 4539 381 4578 mam
409 4523 786 4577 Parisiensem
809 4521 1125 4591 editionem,
1158 4537 1325 4591 quam
1355 4521 1565 4574 exteris
1595 4519 1912 4590 prxcellere
1937 4520 2246 4574 communis
2273 4519 2565 4590 persuasio
2594 4522 2690 4582 est,
2722 4517 3020 4573 recudere:
3073 4517 3343 4588 alterum,
3381 4518 3520 4590 quod
3549 4518 3650 4573 ad-

231 4611 454 4667 modum
480 4610 747 4666 credibile
773 4609 915 4664 mihi
946 4608 1248 4673 videretur,
1277 4609 1650 4663 Parisiensem
1675 4607 1955 4674 editarem,
1995 4623 2123 4663 cum
2143 4621 2212 4662 ex
2239 4607 2450 4678 duplici
2478 4607 2744 4673 editione,
2788 4605 3164 4662 Lansseliana
3196 4605 3410 4661 scilicet
3439 4615 3488 4662 et
3520 4606 3649 4661 Cor-

232 4701 498 4766 deriana,
524 4700 702 4768 suam,
733 4698 974 4768 conﬂare
1001 4697 1182 4763 vellet,
1217 4697 1459 4751 meliora
1487 4713 1552 4750 ac
1579 4697 1792 4766 potiora
1816 4695 2085 4766 selegisse,
2117 4711 2435 4766 quanquam
2465 4693 2630 4749 aliter
2660 4696 2832 4749 alicui
2878 4695 3174 4749 videretur.
3225 4695 3428 4750 Idcirco
3477 4710 3651 4765 neque

232 4787 560 4846 omittendas
587 4789 779 4843 censui
809 4795 969 4842 notas
1001 4785 1271 4842 Lansselii
1292 4792 1406 4840 tum
1431 4785 1491 4839 in
1520 4783 1728 4840 dictam
1761 4783 2118 4855 Pachymerx
2137 4783 2558 4854 Paraj'hrasim,
2591 4791 2707 4838 tum
2750 4785 2810 4838 in
2839 4785 2902 4837 Β.
2947 4784 3200 4854 Dionysii
3235 4785 3408 4837 Vitam
3438 4801 3468 4836 a
3501 4782 3646 4855 Syn-

235 4879 355 4947 gelo
383 4877 766 4946 conscriptam,
815 4883 866 4930 et
913 4876 972 4930 in
1010 4873 1249 4945 ejusdem
1279 4873 1644 4944 Martyrium:
1671 4889 1983 4944 quanquam
2014 4871 2134 4929 hxc
2161 4873 2347 4928 omnia
2379 4871 2558 4927 videri
2601 4873 2780 4927 alicui
2804 4877 3028 4943 possent
3057 4872 3287 4925 minime
3310 4874 3645 4942 necessaria,

245 4983 307 5021 ac
333 4969 564 5038 fortasse
591 4981 691 5021 nec
721 4965 889 5020 utilia
916 4966 998 5033 (ut
1027 4964 1166 5018 talia
1192 4965 1308 5018 visa
1347 4964 1502 5033 fuere
1557 4961 1832 5027 Corderio,
1882 4963 1996 5033 qui,
2030 4978 2155 5016 cum
2185 4963 2384 5032 viginti
2429 4963 2652 5016 circiter
2683 4962 2850 5016 annis
2878 4970 2998 5032 post
3032 4960 3392 5024 Lansselium,
3445 4961 3646 5017 editio-

243 5070 369 5110 nem
397 5071 552 5111 suam
583 5054 1042 5125 Antuerpiensem
1069 5059 1307 5114 curaret,
1338 5065 1401 5105 ea
1447 5051 1632 5104 omnia
1667 5050 1898 5120 amisit).
1931 5050 2310 5106 Nihilominus
2341 5052 2456 5122 ipse
2483 5052 2659 5105 satius
2697 5048 2861 5115 duxi,
2893 5049 3308 5120 aliquantulum
3346 5049 3648 5121 abundare,

233 5161 407 5216 quam
434 5146 492 5200 in
520 5143 641 5199 ulla
665 5159 745 5212 re,
770 5157 893 5214 quae
930 5158 965 5197 a
1004 5156 1275 5212 quoquam
1303 5139 1607 5194 desiderari
1647 5143 1838 5210 posset,
1883 5139 2080 5195 deesse.
2132 5140 2380 5194 Attamen
2429 5155 2553 5193 cum
2599 5155 2879 5194 summum
2929 5153 3016 5192 me
3058 5137 3389 5193 desiderium
3435 5142 3651 5196 teneret

222 5234 596 5308 perfectioris,
621 5235 892 5305 quantum
921 5231 1047 5302 ﬁeri
1073 5237 1268 5301 posset,
1299 5226 1581 5284 reddenda:
1612 5228 1774 5299 hujus
1802 5228 2060 5284 editionis
2091 5242 2246 5295 meae,
2285 5228 2486 5284 idcirco
2515 5229 2698 5283 virum
2740 5228 2980 5293 doctum,
3013 5228 3112 5298 qui
3142 5244 3228 5282 me
3257 5228 3322 5284 de
3353 5228 3438 5283 his
3467 5231 3649 5285 amni-

226 5323 328 5378 bus
368 5323 680 5390 monuerat,
709 5321 921 5389 ragavi,
954 5322 1016 5373 ut
1053 5317 1306 5388 defectui,
1354 5331 1511 5388 quem
1566 5317 1628 5370 in
1673 5317 2039 5372 Lansseliana
2083 5316 2423 5374 schaliarum
2463 5316 2522 5371 8.
2571 5316 2805 5370 Maximi
2846 5316 3093 5370 versione
3142 5316 3649 5384 animadverterat,

222 5414 344 5483 ipse
373 5409 686 5467 mederetur
717 5424 731 5463 :
763 5407 906 5481 quod
933 5410 1209 5480 utcunque
1236 5405 1531 5476 impetravi
1563 5421 1576 5460 :
1602 5421 1734 5460 nam
1753 5404 1918 5460 verba
1947 5408 2123 5460 textus
2152 5404 2208 5460 S.
2233 5405 2502 5475 Dionysii,
2527 5405 2679 5458 circa
2707 5417 2828 5472 quae
2851 5401 3066 5459 scholia
3085 5408 3404 5471 versantur,
3427 5404 3499 5460 ad
3529 5421 3654 5461 ver-

301 5609 376 5678 (1)
399 5605 724 5736 Αὲἐίηιθὲια
751 5621 784 5660 n
813 5602 1275 5662 correctionibus
1306 5606 1364 5660 et
1390 5601 1568 5659 variis
1597 5601 1948 5658 lectionibus
1987 5600 2366 5657 distinximus
2410 5603 2467 5655 et
2495 5600 2645 5655 inter
2704 5615 2886 5657 uncos
2937 5600 3129 5673 posita
3178 5600 3361 5656 textui
3394 5600 3652 5660 inserui-

301 5695 396 5736 ns.
511 5693 586 5735 ιτ.
660 5691 798 5733 nn.
3047 5713 3050 5718 .

226 5695 396 5739 mus.
428 5691 586 5736 19911⁵.
617 5691 798 5733 ΡΔΤΒ.

265 5767 413 5928 κῆρχ
519 5805 790 5868 Pernam
837 5801 950 5864 Gn.
995 5799 1100 5865 IV.

3333 5802 3360 5860 1

349 6019 370 6040 ί.

315 6047 344 6073 /

421 5920 456 5955 κν
