4042 6210
348 324 411 377 11
708 288 709 295 Ν
1180 318 1551 373 APPENDIX
1590 320 1689 371 AD
1727 319 1944 372 omam

2181 317 2418 372 ONYSII
2460 319 2554 371 AR
2562 318 2799 372 EOPAG
2807 316 2940 371 [TE
3202 324 3205 329 ⁴
3690 314 3777 370 12

353 451 567 507 sionem
598 447 992 506 Corderianam
1037 446 1356 514 revocavit;
1407 447 1491 501 ita
1528 448 1713 500 tamen
1745 449 1825 511 ut,
1858 446 1954 500 ubi
1981 444 2195 501 scholia
2223 460 2405 501 vocem
2443 445 2690 515 aliquam
2740 442 2995 500 Grecam
3014 452 3370 514 exponerent,
3402 444 3520 516 ipse
3547 445 3784 503 Latinae

362 538 718 592 Corderiance
742 536 987 591 versioni
1014 549 1195 590 vocem
1223 532 1466 589 eamdem
1496 536 1686 589 Graece
1714 533 2056 604 adiungeret,
2085 534 2375 603 praemisso
2408 533 2522 600 Gr.,
2556 532 2655 588 hoc
2681 540 2762 589 est
2795 531 3009 595 Grece;
3038 541 3102 587 ut
3131 534 3324 588 notum
3355 532 3509 601 ﬁeret
3551 530 3712 589 lector
3731 533 3785 602 i,

359 629 419 682 in
444 627 587 682 vocis
616 623 826 681 Graeca
844 625 900 680 vi
928 632 1090 694 atque
1119 625 1345 693 energia
1365 622 1697 693 explicanda
1726 623 1997 679 scholium
2028 622 2170 678 illud
2198 624 2361 677 unice
2407 623 2492 679 vel
2538 624 2821 695 praecipue
2853 620 3115 694 impendi.
3148 622 3434 678 Prwterea
3462 623 3788 679 versionem

360 718 537 788 ipsam
565 714 716 770 haud
744 713 1141 784 infrequenter,
1175 712 1275 768 ubi
1302 714 1599 768 necessitas
1630 711 1815 782 major
1842 710 2157 779 videbatur,
2190 713 2428 767 correxit
2457 728 2475 765 :
2498 711 3021 781 interpunctionem,
3069 727 3189 781 qux
3234 710 3593 765 vitiosissima
3619 719 3782 781 erat,

358 803 671 861 emendavit
696 818 761 857 ac
786 802 1005 858 demum
1033 818 1325 857 numerum
1349 800 1592 869 singulis
1618 799 1998 873 paragraphis
2031 801 2308 870 adiunxit,
2341 816 2444 872 quo
2472 799 2705 870 facilius
2735 801 2908 854 lector
2953 800 3254 869 comperire
3294 806 3473 870 posset
3501 797 3573 853 ad
3602 815 3784 870 quam

353 895 569 964 partem
597 897 783 948 textus
809 892 1015 947 scholia
1045 892 1272 962 singula
1299 890 1656 960 pertinerent.
1691 890 1844 958 Qum,
1875 890 1938 944 ni
1963 890 2154 960 fallor,
2184 890 2330 945 haud
2357 890 2638 944 modicum
2657 888 2876 945 addunt
2904 887 3135 944 editioni
3153 887 3286 944 huic
3308 902 3442 942 mese
3462 902 3779 944 ornamen-

359 989 497 1051 tum,
526 982 636 1036 imo
665 989 716 1036 et
741 981 1189 1036 emolumentum.
1241 979 1463 1046 Maioris
1509 986 1690 1034 tamen
1726 979 1963 1048 fortasse
1999 980 2122 1052 quis
2164 980 2380 1050 fecerit,
2411 993 2535 1050 quae
2563 976 2694 1033 huic
2737 981 2879 1033 lomo
2923 976 3187 1033 accedunt
3234 992 3304 1032 ex
3351 977 3464 1033 alio
3492 992 3644 1049 penu
3674 976 3785 1033 de-

354 1073 609 1144 prompta
637 1069 1042 1124 Additamenta.
1092 1068 1286 1124 Notum
1333 1071 1411 1123 est
1440 1068 1613 1137 omni,
1645 1068 1740 1139 qui
1781 1067 2110 1123 eruditionis
2155 1066 2441 1140 quidpiam
2478 1068 2749 1136 attigerit,
2808 1074 3015 1137 quanta
3069 1068 3121 1122 et
3174 1082 3210 1121 a
3260 1068 3464 1137 quanto
3522 1069 3787 1135 tempore

358 1163 569 1231 ferveat
596 1158 661 1214 de
688 1158 1196 1229 Areopagiticorum
1230 1156 1466 1226 Operum
1494 1164 1712 1211 auctore
1734 1157 2107 1212 controversia
2131 1174 2150 1211 .'
2181 1172 2504 1228 quanquam
2535 1157 2686 1213 enim
2715 1154 2978 1211 hodierno
3003 1156 3245 1226 tempore
3274 1155 3334 1210 in
3383 1153 3789 1222 abiudicandis

358 1263 562 1317 magno
592 1246 683 1301 illi
704 1246 966 1316 Dionysio
999 1244 1260 1315 Operibus
1289 1244 1435 1299 hisce
1462 1244 1674 1299 eruditi
1698 1245 1871 1314 ferme
1897 1245 2266 1316 consentiant,
2289 1261 2400 1301 non
2428 1244 2627 1301 desunt
2656 1248 2844 1299 tamen
2871 1241 3185 1310 hodiedum,
3205 1243 3306 1314 qui
3329 1258 3430 1315 pro
3460 1242 3579 1299 illis
3592 1242 3785 1299 eidem

358 1333 709 1392 vindicandis
721 1333 951 1389 libenter
957 1335 1223 1405 pugnent;
1235 1338 1288 1388 et
1309 1333 1433 1399 alii,
1451 1333 1652 1403 quibus
1672 1333 1866 1388 saltem
1896 1349 2066 1389 causa
2087 1333 2205 1391 haec
2225 1333 2374 1389 haud
2392 1335 2616 1390 omnino
2632 1332 2917 1405 deplorata
2934 1347 3028 1389 seu
3047 1331 3333 1403 desperata
3354 1329 3788 1388 videatur.Cum
3873 1372 3880 1383 .

359 1426 536 1492 igitur
572 1436 878 1493 anonymus
921 1420 1146 1491 quidam
1174 1428 1368 1475 auctor
1398 1419 1596 1476 Gallus
1616 1420 1872 1490 opellam,
1904 1422 1998 1476 cui
2022 1422 2223 1478 titulus
2250 1429 2345 1478 est.
2377 1420 2685 1478 Problema
2713 1420 2784 1477 de
2816 1419 3104 1493 Operibus
3137 1419 3195 1475 S.
3244 1417 3502 1492 Dionysii
3531 1418 3789 1475 nomine

364 1509 688 1581 inscriptis,
715 1510 907 1581 patrio
934 1523 1181 1565 sermone
1213 1508 1656 1575 elucubraverit,
1688 1509 1750 1564 in
1780 1524 1891 1581 qua
1918 1512 2207 1582 utriusque
2224 1513 2407 1583 partis
2450 1511 2693 1567 rationes
2738 1517 2789 1566 et
2835 1511 3163 1581 argumenta
3190 1509 3612 1565 accuratissime
3636 1522 3787 1579 pro-

360 1601 524 1671 ponit
551 1600 650 1670 (2),
681 1598 811 1653 hinc
835 1614 954 1654 rem
982 1597 1238 1654 omnibus
1261 1600 1477 1667 gratam
1503 1614 1592 1653 me
1615 1600 1894 1669 factqu
1911 1601 2124 1671 putavi,
2156 1600 2205 1656 si
2222 1616 2344 1658 eam
2360 1601 2561 1657 Latine
2579 1615 2792 1656 versam
2810 1597 3050 1656 editioni
3067 1599 3198 1655 huic
3213 1612 3357 1655 meae
3375 1597 3741 1668 adiungerem
3768 1613 3785 1652 :

364 1688 494 1745 inde
510 1690 660 1744 enim
678 1688 1113 1760 poteritquisque
1142 1688 1284 1743 hanc
1312 1686 1583 1743 celebrem
1609 1703 1841 1743 causam
1860 1689 2120 1760 penitius,
2150 1689 2377 1747 modico
2416 1705 2539 1746 cum
2573 1689 2784 1757 labore,
2831 1690 3169 1761 perspectam
3198 1687 3399 1743 habere
3425 1701 3653 1758 eamque
3680 1684 3786 1741 di-

355 1780 629 1851 iudicare.
663 1779 901 1848 Longius
927 1792 1236 1848 processere
1263 1777 1545 1846 nonnulli,
1586 1775 1842 1833 videlicet
1889 1793 2000 1834 non
2045 1779 2225 1835 solum
2269 1779 2653 1851 Areopagitica
2700 1778 2879 1850 Opera
2918 1792 3117 1849 magno
3160 1777 3427 1849 Dionysio
3476 1773 3786 1847 abiudica-

361 1877 490 1924 rent
515 1866 608 1922 sed
635 1868 804 1923 etiam
829 1866 1143 1922 earumdem
1172 1870 1451 1922 auctorem
1480 1866 1746 1923 haereseos
1778 1868 1897 1922 labe
1924 1868 2191 1940 infectum
2237 1871 2406 1940 fuisse
2449 1868 2862 1925 contenderent.
2918 1867 3070 1922 Inter
3116 1874 3338 1923 caeteros
3382 1865 3613 1922 Michael
3670 1866 3786 1921 Le-

361 1958 614 2028 quienus,
638 1956 857 2012 ordinis
884 1954 1345 2017 Prxdicatorum,
1376 1955 1465 2009 vir
1488 1970 1623 2009 sane
1649 1953 1993 2011 doctissimus
2012 1965 2063 2012 et
2084 1955 2512 2023 eruditissimus,
2544 1956 2769 2011 nullum
2795 1971 2907 2012 non
2946 1955 3187 2028 lapidem
3213 1956 3387 2011 movit
3418 1955 3479 2010 in
3502 1955 3784 2010 Disserta-

361 2046 508 2100 tione
535 2044 920 2099 Damascenica
955 2042 1212 2109 secunda,
1253 2044 1314 2096 ut
1359 2043 1541 2110 ipsum
1593 2042 2082 2113 Eutychianorum,
2112 2059 2207 2100 seu
2239 2043 2753 2116 Mancphysitarum
2789 2043 3072 2100 erroribus
3102 2042 3392 2099 addictum
3435 2044 3628 2113 fuisse,
3677 2041 3785 2098 de—

361 2135 713 2187 monstraret.
751 2132 967 2198 Verum,
1000 2134 1058 2185 ut
1088 2138 1163 2186 est
1190 2130 1469 2201 praeclara
1496 2146 1611 2201 ejus
1642 2130 1861 2187 ordinis
1889 2131 2003 2197 dos,
2036 2136 2097 2187 ut
2123 2134 2429 2200 veritatem,
2460 2149 2586 2189 cum
2627 2150 2761 2206 opus
2800 2135 2994 2205 fuerit,
3026 2148 3137 2188 non
3187 2133 3374 2188 minus
3420 2139 3622 2188 contra
3648 2146 3789 2188 suos

362 2236 527 2293 quam
554 2227 746 2275 contra
777 2219 916 2275 alios
945 2221 1185 2289 tueatur,
1217 2235 1293 2274 ex
1319 2218 1506 2275 eodem
1551 2218 1749 2275 ordine
1781 2220 2011 2291 prodiit,
2052 2224 2152 2293 qui
2178 2223 2534 2295 Lequienum,
2565 2229 2631 2279 ut
2659 2224 2847 2280 virum
2888 2221 3462 2294 perspicacissimum,
3496 2219 3600 2277 hac
3628 2221 3689 2276 in
3717 2235 3788 2276 re

362 2307 640 2380 deceptum
671 2323 784 2363 esse
805 2307 1088 2379 probaret,
1122 2315 1283 2379 atque
1314 2308 1830 2378 Areopagiticorum
1859 2312 2103 2366 auctoris
2132 2311 2525 2368 orthodoxiam
2552 2316 2746 2369 contra
2773 2312 2955 2384 ipsum
2985 2308 3328 2367 validissime
3351 2313 3783 2383 propugnaret.

363 2398 414 2453 ts
446 2404 525 2453 est
553 2396 966 2453 celeberrimus.
1002 2402 1068 2452 P.
1098 2397 1427 2452 Bernardus
1477 2395 1544 2451 Μ.
1601 2395 1668 2451 de
1717 2399 1931 2466 Rubeis,
1960 2400 2119 2466 cuius
2148 2401 2251 2456 hac
2278 2402 2343 2458 de
2370 2418 2430 2458 re
2461 2402 2903 2458 Dissertationem
2930 2403 3198 2472 tanquam
3224 2399 3462 2456 nobilem
3494 2397 3627 2455 huic
3654 2399 3784 2454 edi-

362 2486 505 2541 tioni
530 2501 662 2541 mex
691 2484 1026 2551 coronidem,
1052 2494 1329 2556 postremo
1360 2486 1472 2541 loco
1501 2500 1736 2556 appono.
1764 2487 1847 2540 Ex
1875 2487 1961 2542 his
2018 2489 2271 2545 omnibus
2299 2491 2443 2546 illud
2487 2491 2596 2547 tibi
2642 2490 2803 2547 modo
2828 2490 3161 2563 persuadeas
3188 2489 3380 2556 velim,
3436 2488 3644 2560 optime
3674 2490 3779 2541 Le-

364 2578 501 2641 ctor,
526 2590 614 2630 me
643 2590 853 2646 semper
870 2590 1091 2646 operam
1121 2575 1391 2630 daturam
1418 2590 1585 2644 quam
1611 2578 1802 2645 potero
1831 2578 2156 2647 maximam,
2187 2583 2250 2634 ut
2279 2595 2619 2652 quacunque
2665 2584 2902 2636 Patrum
2932 2578 3242 2635 aliorumve
3271 2585 3565 2633 auctorum
3598 2576 3781 2647 Opera

363 2661 678 2719 recudenda
700 2678 1005 2735 suscepero,
1026 2679 1092 2719 ea
1118 2678 1189 2718 ex
1209 2663 1572 2735 typographia
1602 2678 1723 2718 mea
1751 2666 2040 2721 ornatiora
2066 2671 2120 2722 et
2132 2670 2462 2739 perfectiora
2489 2686 2656 2740 quam
2684 2674 2857 2725 antea
2890 2671 3140 2739 fuerant,
3166 2666 3466 2738 prodeant.
3514 2664 3657 2721 Vale.

438 2897 513 2974 (2)
544 2898 680 2974 Quas
710 2897 769 2954 in
799 2898 908 2954 hoc
956 2897 1325 2974 Problemata
1362 2913 1464 2974 pro
1495 2899 2010 2974 Areopagiticorum
2119 2902 2339 2959 tionem
2374 2907 2530 2960 torno
2561 2902 2752 2974 primo
2783 2903 2842 2959 S.
2876 2901 3138 2974 Dionysii
3200 2898 3628 2974 pramisimps;
3658 2915 3779 2956 non

372 2970 680 3047 anthentia
709 2975 813 3026 aut
858 2975 1061 3047 contra
1090 2969 1513 3042 genuinitatem
1545 2969 1747 3047 eorum
1785 2971 2010 3043 prolixe
2121 2979 2212 3029 est
2254 2974 2436 3047 igitur
2477 2969 2581 3031 cui
2631 2977 2980 3047 argumenta
3029 2969 3158 3047 fuse
3180 2969 3308 3045 j'am
3339 2970 3611 3041 exposita
3637 2986 3779 3027 cum

370 3041 689 3120 admodum
735 3042 1032 3120 congessit
1061 3041 1262 3120 unctor
1293 3041 1799 3120 anonymus,_jam'
1839 3051 2013 3100 antea
2122 3041 2357 3120 auctore
2403 3041 2951 3120 anonymo'iterum
2989 3046 3063 3102 ad
3111 3041 3355 3103 examen
3404 3057 3779 3102 revocamus.

370 3112 599 3185 egregie
630 3111 978 3185 trgctavérat
1002 3116 1067 3168 R.
1101 3113 1163 3168 P.
1194 3112 1261 3169 D.
1296 3113 1369 3169 Le
1389 3111 1621 3185 Nourrfy,
1646 3111 1706 3168 in
1727 3115 2016 3185 Apparatu
2127 3121 2284 3172 Enn.
2314 3118 2488 3175 Pun.

370 3184 451 3242 ad
492 3184 889 3241 Bibliothecam
932 3185 1237 3242 maximam
1267 3186 1514 3242 Patrum.
1563 3184 1702 3243 Eius
1732 3184 2017 3243 Disserta-
