4042 6210
336 293 401 350 15
1150 291 1516 346 APPENDIX
1552 290 1653 342 AD
1689 288 1928 344 OPERA
1966 291 2026 342 S.
2068 285 2380 342 DIONYSII
2420 285 2920 342 AREOPAGITE.
3669 281 3737 338 16

333 440 2988 476 ﬁ

691 603 1184 777 ΤΟΥ
1337 598 2083 773 ΑΓΙΟΥ
2239 595 3394 770 ΜΑΞΙΜΟΥ

1545 894 2501 1026 ΠΡΟΛΟΓΟΣ

1004 1161 1200 1253 ΕΙΣ
1283 1158 1447 1252 TA
1525 1158 1774 1254 ΤΟΥ
1859 1156 2239 1252 ΑΓΙΟΥ
2318 1153 3035 1250 ΔΙΟΝΥΣΙΟΥ.

1089 1540 1947 1710 SANCTI

2075 1539 2967 1704 ΜΑΧΙΜΙ

1666 1814 2381 1931 PROLOGUS

1153 2023 1280 2117 IN
1351 2020 1755 2116 OPEBA
1823 2015 2268 2111 SANCTI
2337 2017 2898 2112 DIONYSII

1571 2226 1922 2301 Interprete
1955 2222 2139 2282 Petro
2179 2219 2522 2281 Lansselio.

397 2569 772 2626 Nobilitatem
831 2566 1028 2639 magni
1087 2564 1350 2636 Dionysii
1410 2568 1583 2635 atque
1644 2563 1703 2617 in
1745 2562 1966 2616 divitiis

2150 2559 2255 2625 Τὴν
2293 2559 2384 2631 μὲν
2419 2558 2707 2634 εὐγένειαν,
2737 2559 2800 2616 τό
2848 2581 2906 2616 τι
2953 2562 3242 2639 περιφανὲς
3275 2561 3330 2617 ἐν
3376 2561 3602 2636 πλούτῳ
3637 2586 3737 2636 με.

333 2657 728 2729 splendorem,
762 2654 927 2711 solus
958 2655 1084 2725 ipse
1114 2651 1562 2708 Atheniensium
1614 2656 1872 2719 senatus,
1923 2650 1982 2702 in

335 2763 452 2818 quo
504 2749 567 2801 ut
613 2743 927 2800 consilium
973 2743 1139 2797 daret
1167 2741 1386 2796 electus
1417 2745 1524 2805 est,
1557 2741 1934 2810 repraesentat
1967 2752 1980 2790 :

333 2834 630 2905 siquidem
659 2833 1142 2903 Areopagitarum
1176 2845 1329 2884 unus
1359 2828 1453 2884 hic
1485 2832 1629 2897 erat,
1661 2826 1814 2882 sicut
1844 2825 1986 2880 divi-

338 2939 451 2977 nus
477 2919 794 2977 declaravit
824 2918 1178 2988 Lucas,dum
1211 2922 1414 2972 sancta
1442 2921 1781 2972 sanctorum
1813 2929 1984 2986 apos-

337 3009 593 3065 tolorum
625 3011 790 3079 gesta
818 3011 1212 3076 enarrat;cum
1245 3005 1398 3060 enim
1423 3003 1659 3059 dixisset
1681 3001 1983 3058 sanctissi-

341 3114 505 3153 mum
528 3095 857 3168 apostolum
878 3095 1123 3150 Paulum
1143 3093 1386 3149 Athenis
1407 3096 1770 3164 agentem,ac
1792 3089 1986 3146 verbis

341 3203 476 3244 cum
517 3184 874 3256 quibusdam
919 3181 1286 3255 philosophis
1331 3181 1654 3253 Epicureis,
1705 3196 1810 3236 nec
1867 3195 1983 3234 non

335 3274 543 3330 Stoicis
574 3272 1181 3345 condigentem,atque
1211 3270 1386 3325 ﬁdem
1415 3269 1475 3323 in
1507 3268 1823 3324 Dominum
1855 3284 1985 3323 nos-

332 3368 492 3418 trum
523 3361 726 3418 Jesum
757 3359 1450 3425 Christum,mortuorum
1474 3355 1981 3424 resurrectionem,

329 3455 389 3506 et
406 3449 699 3522 judicium
723 3446 1048 3503 universale
1068 3448 1577 3516 annuntiantem,a
1599 3443 1983 3516 philosophiae

338 3537 677 3610 expertibus
731 3540 864 3606 (nec
930 3536 1088 3590 enim
1147 3551 1345 3590 revera
1403 3538 1569 3588 erant
1627 3532 1980 3604 phi1030pbi)

335 3625 854 3698 comprehensum,
904 3628 1080 3694 atque
1128 3623 1198 3678 ad
1251 3629 1618 3694 Areopagum
1663 3621 1978 3676 deductum

329 3711 538 3780 fuisse,
569 3730 636 3769 ac
655 3713 1067 3769 concionatum
1091 3727 1120 3766 e
1143 3711 1386 3782 vestigio
1411 3711 1697 3782 quosdam
1731 3709 1977 3781 cepisse,

336 3810 511 3873 atque
541 3804 612 3858 ad
646 3802 907 3857 veritatis
936 3801 1135 3857 lumen
1166 3800 1624 3872 transposuisse,
1653 3799 1815 3855 addit
1843 3815 1856 3854 :
1888 3799 1981 3853 Sic

2091 2643 2267 2719 γάλου
2293 2647 2576 2700 Διονυσίου
2624 2647 2712 2702 καὶ
2750 2649 2912 2702 αόνον
2968 2648 3096 2704 αὐτὸ
3144 2649 3205 2704 τὸ
3250 2651 3385 2705 κατὰ
3415 2651 3737 2721 Ἀθηναίους

2097 2733 2510 2810 βουλευτήριον,
2565 2737 2682 2790 καθ’
2738 2737 2766 2791 ’ὀ
2824 2735 3101 2810 βουλεύειν
3160 2738 3363 2814 ᾑρέθη,
3417 2741 3731 2814 παρίστησι.

2091 2825 2205 2875 Τῶν
2261 2825 2364 2898 γὰρ
2426 2824 2824 2898 Ἀρεοπαγιτῶν
2888 2824 2962 2887 εἷς
3021 2825 3307 2903 ἐτύγχανεν
3368 2828 3544 2896 οὗτος,
3585 2829 3660 2890 ὡς
3706 2830 3734 2882 ὁ

2094 2915 2237 2974 θεῖος
2283 2908 2530 2982 ἐδήλωσε
2572 2919 2808 2984 Λουκᾶς,
2856 2914 3089 2990 ἱστορῶν
3138 2916 3234 2980 τὰς
3268 2921 3382 2972 τῶν
3419 2917 3578 2993 ἱερῶν
3607 2916 3738 2972 ἄποο

2094 2997 2304 3053 στόλων
2377 3001 2524 3076 ἱερὰς
2596 3003 2830 3076 πράξεις·
2894 3002 3058 3059 εῗπὼν
3112 3006 3215 3080 γὰρ
3278 3006 3368 3060 τὸν
3433 3007 3735 3080 ἁγιώτατον

2093 3087 2398 3143 ἀπόστολον
2436 3089 2649 3145 Παῦλον
2678 3092 2968 3166 γενόμενον
3002 3091 3053 3146 ἐν
3085 3093 3358 3164 Ἀθήναις,
3389 3089 3737 3168 συμϐαλόντα

2091 3175 2149 3231 τέ
2197 3198 2335 3232 τισιν
2387 3177 2462 3242 εἷς
2509 3176 2711 3254 λόγους
2760 3184 2866 3236 τῶν
2915 3179 2965 3252 ἐξ
3017 3181 3342 3254 Ἐπικούρου
3396 3180 3736 3261 φιλοσόφων,

2093 3266 2316 3320 καὶτῶν
2369 3288 2432 3341 γε
2473 3269 2580 3340 μὴν
2629 3269 2734 3324 ἀπὸ
2781 3276 2881 3339 τῆς
2924 3276 3101 3332 στοᾶς·
3149 3270 3238 3326 καὶ
3287 3272 3591 3348 κηρύξαντα
3635 3274 3733 3342 τήν

2093 3354 2167 3414 εἰς
2195 3355 2287 3410 τὸν
2321 3355 2520 3427 Κύριον
2565 3358 2728 3430 ἡμῶν
2779 3359 2990 3428 Ἰησοῦν
3042 3360 3275 3435 Χριστὸν
3317 3362 3520 3430 πίστιν,
3552 3365 3650 3432 τήν
3681 3383 3741 3418 τε

2090 3447 2196 3496 τῶν
2254 3448 2456 3518 νεκρῶν
2517 3445 2826 3516 ἀνάστασιν,
2883 3445 2976 3501 καί
3027 3449 3129 3516 τήν
3187 3446 3486 3519 καθολικὴν
3537 3451 3738 3526 κρίσιν,

2091 3528 2472 3608 συλληφθῆναι
2524 3534 2670 3608 παρὰ
2710 3538 2818 3588 τῶν
2866 3532 3214 3613 ἀφιλοσόφων
3251 3537 3335 3610 (οὐ
3380 3540 3484 3614 γὰρ
3514 3537 3740 3610 ἀληθῶς

2090 3620 2429 3698 φιλοσόφων)
2463 3621 2699 3697 ἀχθῆναί
2727 3643 2785 3678 τε
2815 3624 2951 3678 κατὰ
2990 3623 3082 3678 τὸν
3131 3627 3358 3698 ’Ἄρειον
3407 3625 3599 3700 πάγον,
3647 3627 3741 3681 καὶ

2091 3705 2580 3784 δημηγορήσαντα,
2613 3713 2955 3787 παραχρῆμά
3004 3733 3155 3775 τινας
3193 3713 3360 3783 ἑλεῖν,
3399 3713 3487 3769 καὶ
3512 3716 3650 3789 πρὸς
3676 3716 3740 3769 τὸ

2085 3804 2187 3867 τῆς
2235 3797 2492 3870 ἀληθείας
2543 3801 2852 3872 μεταθεῖναι
2902 3805 3039 3878 φῶς,
3090 3800 3299 3877 ἐπάγει·
3352 3803 3448 3858 Καὶ
3499 3803 3671 3867 οὕτως
3711 3803 3739 3857 ὁ

330 3891 546 3944 Paulus
574 3891 755 3944 exivit
800 3890 865 3944 de
908 3889 1088 3944 medio
1136 3904 1357 3954 eorum;
1409 3889 1629 3958 quidam
1679 3905 1806 3945 vero
1846 3888 1975 3956 viri,

2090 3885 2303 3983 Παῦλος
2357 3885 2578 3983 ἐξῆλθεν
2625 3886 2684 3940 ἐκ
2743 3887 2909 3959 μὲσου
2967 3886 3162 3942 αὐτῶν·
3219 3891 3361 3946 τινες
3421 3892 3478 3946 δὲ
3531 3889 3740 3967 ἄνδρες,

329 3977 677 4033 adherentem
704 3978 775 4046 ei,
808 3975 1161 4030 crediderunt
1191 3991 1203 4028 :
1240 3978 1299 4029 in
1337 3979 1534 4044 quibus
1581 3980 1631 4031 et
1675 3978 1976 4046 Dionyszus

2090 3973 2446 4041 κολληθέντες
2522 3971 2690 4042 αὐτῷ,
2764 3971 3096 4026 ἐπίσϊευσαν⁸
3169 3975 3220 4029 ἐν
3302 3976 3382 4037 οἶς
3459 3978 3547 4031 καὶ
3607 3987 3732 4032 Διο-

327 4065 677 4137 Areopagila,
706 4069 757 4119 et
788 4063 992 4117 mulier
1019 4063 1241 4118 nomine
1273 4064 1548 4130 Damarz’s,
1597 4067 1647 4116 et
1694 4063 1808 4116 alii
1851 4078 1975 4116 cum

325 4156 406 4208 eis
435 4153 538 4225 (a).

389 4245 509 4316 Ego
540 4258 683 4299 sane
716 4259 829 4300 non
862 4243 1082 4298 frustra
1109 4239 1470 4308 audio,inter
1491 4254 1693 4294 omnes
1723 4240 1822 4310 qui
1846 4244 1971 4295 tum

319 4332 615 4404 temporis
641 4347 745 4404 per
769 4330 1031 4386 divinum
1065 4328 1311 4385 Paulum
1343 4328 1736 4393 crediderunt,
1780 4330 1972 4384 solum

315 4419 876 4493 praestantissimum
907 4417 1248 4491 Dionysium
1281 4417 1550 4489 opposita
1578 4416 1754 4471 etiam
1786 4417 1972 4486 ipsius

316 4509 616 4580 dignitate
629 4524 662 4562 a
674 4507 891 4564 deifero
905 4507 1302 4579 conscriptore
1327 4505 1629 4560 nominatu
1641 4520 1695 4558 m
1713 4519 1842 4560 esse
1862 4524 1875 4572 ;
1893 4505 1974 4559 ait

315 4597 475 4654 enim
509 4593 1098 4667 Areopagz'la,adjicio
1129 4599 1323 4649 autem
1355 4591 1632 4664 amplius,
1689 4591 1970 4649 nimirum

2081 4060 2262 4119 νύσιος
2314 4061 2341 4112 ὁ
2391 4058 2808 4134 Ἀρεοπαγίτης,
2860 4061 2950 4114 καὶ
2999 4063 3136 4136 γυνή
3191 4061 3419 4137 ὀνόματι
3465 4064 3729 4139 Δάμαρις,

2080 4147 2169 4200 καὶ
2199 4143 2374 4221 ἕτεροι
2403 4146 2494 4200 σὺν
2527 4147 2738 4210 αὐτοῖς.

2153 4237 2296 4311 Ἐγὼ
2330 4237 2422 4310 μὲν
2474 4235 2566 4290 οὗν
2619 4235 2680 4292 ού
2729 4237 2903 4311 μάτην
2953 4239 3138 4296 ἀκούω
3187 4244 3283 4296 τοῦ
3335 4242 3482 4317 παρὰ
3529 4243 3730 4308 πάντας

2079 4322 2205 4386 τοὺς
2238 4324 2661 4388 πεπιστευκότας
2707 4326 2830 4381 τότε
2878 4324 2966 4383 διὰ
3013 4333 3108 4384 τοῦ
3159 4329 3304 4394 θείου
3348 4330 3593 4402 Παύλου,
3631 4333 3733 4408 μό-

2081 4433 2169 4466 νον
2225 4413 2319 4467 τὸν
2371 4414 2586 4488 ἄριστον
2635 4415 2913 4470 Διονύσιον
2966 4417 3392 4492 ἐξονομασθῆναι
3439 4423 3585 4497 παρὰ
3635 4428 3734 4479 τοῦ

2081 4502 2346 4575 θεοφόρου
2401 4507 2778 4580 συγγραφέως,
2827 4507 3216 4578 προστεθείσης
3267 4508 3432 4563 αὐτοῦ
3489 4510 3579 4565 καὶ
3635 4518 3738 4582 τῆς

2079 4590 2250 4660 agm-
2313 4590 2439 4668 φασὶ
2491 4592 2592 4665 γὰρ
2641 4593 3077 4668 Ἀρεοπαγίτης,
3135 4591 3421 4652 ἐπιϐάλλω
3481 4595 3538 4652 δὲ
3598 4599 3738 4673 μᾶλ-

315 4689 566 4756 propter
578 4681 876 4754 sapientiae
889 4681 1115 4752 copiam
1128 4685 1185 4736 et
1195 4679 1593 4737 excellentiam
1609 4681 1971 4752 irreprehen-

317 4771 512 4828 sibilis
537 4773 689 4827 inter
706 4769 1096 4826 Athenienses
1125 4769 1254 4825 vita:
1285 4769 1696 4840 instituti,ejus
1727 4785 1861 4824 cum
1886 4769 1969 4824 fa-

2081 4677 2196 4746 λον,
2239 4677 2321 4733 ὅτι
2356 4676 2442 4734 διά
2484 4699 2542 4733 τε
2569 4679 2632 4734 τὸ
2682 4681 2819 4735 κατὰ
2857 4683 3048 4759 σοφίαν
3079 4685 3355 4758 περιττὸν,
3409 4685 3499 4740 καὶ
3531 4683 3618 4741 διὰ
3670 4688 3731 4742 τὸ

2078 4767 2130 4822 ἐν
2165 4767 2474 4837 Ἀθηναίοις
2524 4766 2902 4838 ἀνεπιλήπτου
2949 4769 3230 4836 πολιτείας
3271 4771 3535 4848 ἔκκριτον,
3592 4796 3729 4848 μνη-

316 4860 823 4916 miliamentionem
843 4859 1042 4913 factam
1055 4858 1518 4914 esse.Sciendum
1534 4857 1685 4912 enim
1701 4857 1971 4924 est,sicut

2090 4863 2404 4926 αονευθῆναι
2442 4857 2575 4928 μετὰ
2623 4863 2725 4925 τῆς
2775 4857 2950 4919 οἰκίας
2997 4861 3186 4918 αὐτοῦ.
3234 4862 3353 4936 Χρὴ
3407 4859 3462 4916 δὲ
3511 4859 3732 4936 είδὲναι,

316 4953 489 5000 antea
503 4947 846 5017 monui,non
863 4945 1122 5015 cujusvis
1136 4944 1392 5000 hominis
1405 4944 1673 5012 fuisse,in
1686 4944 1970 5017 Areopagi

2090 4945 2212 5000 ιαθᾶ
2243 4945 2510 5020 προέφην,
2558 4945 2633 5007 ὡς
2685 4945 2750 5000 οὗ
2796 4947 2996 5009 παντὸς
3041 4945 3235 5021 ἀνδρὸς
3279 4951 3368 5020 ἦν,
3421 4949 3498 5012 εἰς
3545 4953 3646 5022 τὴν
3682 4952 3732 5024 ἐξ

322 5038 531 5089 senatu
547 5035 894 5106 dignitatem
916 5034 1104 5102 obire;
1138 5035 1238 5089 sed
1262 5049 1464 5088 eorum
1487 5034 1586 5104 qui
1613 5036 1764 5104 apud
1789 5034 1967 5090 Athe-

2090 5035 2290 5109 Αρείου
2319 5035 2493 5108 πάγου
2530 5033 2736 5108 βουλήν
2767 5033 2965 5090 τελεῖνο
3002 5034 3126 5092 ἀλλ’
3157 5036 3214 5090 οἱ
3263 5041 3390 5112 παρ’
3422 5039 3733 5110 ’Δθηναίοις

322 5120 816 5192 nienses,genere,
841 5121 1062 5178 divitiis
1083 5137 1150 5178 ac
1170 5123 1296 5177 vita:
1319 5121 1606 5193 probitate
1628 5121 1849 5194 primas
1875 5127 1967 5179 te-

2090 5123 2447 5198 [ῑρωτεύοντες
2478 5121 2528 5177 ἔν
2556 5143 2614 5177 τε
2645 5123 2784 5198 γὲνει
2815 5122 2905 5177 καὶ
2937 5120 3164 5197 πλούτῳ
3192 5125 3280 5180 καὶ
3317 5127 3425 5202 βίῳ
3475 5134 3726 5204 χρηστῷ·

318 5209 564 5280 nebant;
587 5213 645 5264 et
663 5209 760 5279 qui
782 5209 842 5262 in
869 5209 980 5265 hoc
1005 5209 1265 5266 illustres
1288 5210 1696 5281 censebantur,
1729 5215 1965 5268 senten-

2090 5211 2164 5267 ιαὶ
2213 5213 2349 5266 κατὰ
2398 5212 2546 5274 τοῦθ’
2607 5211 2658 5266 οἱ
2715 5210 2976 5286 ἐπίσημοι
3048 5219 3380 5280 καθεστῶτες
3441 5212 3730 5274 ἐϐούλευον

315 5298 454 5353 tiam
478 5297 536 5352 in
561 5302 862 5369 Areopago
887 5298 1184 5368 ferebant;
1217 5298 1508 5370 siquidem
1533 5314 1600 5354 ex
1623 5315 1828 5356 novem
1862 5302 1963 5373 qui

2090 5300 2157 5362 εἷς
2183 5302 2282 5370 τὴν
2328 5299 2378 5370 ἐξ
2409 5269 2619 5376 ’Δρείου
2671 5269 3241 5378 πᾶγουηβουλήνῖέκ

320 5385 567 5443 Athenis
579 5385 888 5444 archontes
899 5386 1972 5463 constitutieranl,Areopagitas(sicut

2090 5388 2482 5465 καθισταμένων
2529 5385 2814 5466 ἀρχόντων
2863 5392 3180 5470 Ἀθήνησιν,
3232 5395 3361 5461 τοὺς
3409 5396 3738 5474 Ἀρεοπαγί-

398 5563 477 5639 (α)
507 5565 632 5622 Act.
655 5579 794 5634 xvn,
825 5564 915 5633 33,
947 5564 1036 5622 34.
