4042 6210
249 340 318 396 17
1147 343 1205 396 S.
1247 343 1514 400 ΜΔΧΙΜῙ
1551 341 1895 400 PROLOGUI

2011 347 2037 401 ἱ
2073 346 2314 401 OPERA
2349 349 2410 402 8.
2449 348 2781 404 DIONYSII.
3604 352 3672 408 18

243 483 341 527 τας
389 457 494 518 ἔδει
537 461 852 517 συνεστάναι
899 459 1190 534 δικαστὰς,
1240 461 1314 526 ὥς
1360 485 1520 542 φησιν
1571 462 1895 542 ’Δνδροτίων

2021 469 2339 524 Androtion
2389 469 2447 523 in
2501 471 2761 526 secunda
2790 473 2896 524 τῶν
2943 466 3203 533 Ἀτθίδων
3257 472 3358 543 ait)
3406 479 3674 536 constare

246 552 298 609 ἐν
333 550 558 624 δευτέρᾳ
586 556 695 606 τῶν
737 548 1020 616 Ἀτθίδωνο
1055 551 1276 626 ὕστερον
1324 551 1381 608 δὲ
1426 552 1696 609 πλειόνων
1746 554 1903 630 γὲγο-

247 663 331 696 νεν
359 645 397 711 ἡ
431 639 484 712 ἐξ
513 639 733 716 Ἀρείου
763 640 940 715 πάγου
987 639 1188 716 βουλὴ,
1219 643 1491 697 τουτέστιν
1523 645 1557 712 ἡ
1603 642 1653 714 ἐξ
1697 641 1905 717 ἀνδρῶν

249 731 713 807 πριφανεπέρων
759 732 1099 801 πεντήκοντα
1143 730 1232 785 καὶ
1281 730 1417 800 ἐνὸς,
1465 729 1612 800 πλὴν
1658 731 1706 805 ἐξ
1749 732 1906 787 εὐπα-

249 817 471 895 τριδῶν,
505 819 580 882 ὡς
611 809 844 896 ἔφημεν,
875 818 966 874 καὶ
996 818 1228 892 πλούτῳ
1258 820 1347 874 καὶ
1383 819 1487 895 βίῳ
1515 821 1752 898 σώφρονι
1787 819 1904 875 δια-

259 907 548 986 φερόντων,
582 909 658 972 ὡς
690 908 897 983 ἱστορεῖ
942 907 1260 984 Φιλόχορος
1311 906 1399 963 διά
1442 915 1542 978 τῆς
1572 911 1765 986 τρίτης
1793 914 1902 964 τῶν

265 998 420 1052 αὐτῶν
483 995 772 1061 Ἀτθίδων.
835 997 982 1068 "Egeo
1033 995 1089 1052 δὶ
1144 1003 1245 1066 τῆς
1298 995 1516 1062 πόλεως
1561 1000 1626 1068 ἦν
1675 1000 1738 1054 τὸ
1769 999 1904 1053 κατά

266 1092 466 1162 Ἀρειον
495 1088 675 1161 πάγον
727 1084 1103 1160 δικαστήριον,
1133 1085 1334 1156 κληθὲν
1377 1086 1540 1154 οὕτω,
1572 1089 1708 1160 (καθ’
1737 1086 1768 1142 ἃ
1802 1110 1903 1160 μυ-

260 1172 578 1249 θολογοῦσιν
606 1176 918 1246 Ἀθηναῖοι)
948 1174 1007 1230 ἐκ
1054 1179 1152 1229 τοῦ
1196 1177 1312 1229 κατ’
1345 1175 1510 1245 αὐτὴν
1555 1178 1656 1245 τὴν
1703 1175 1900 1250 ἐξοχὴν

253 1268 335 1318 τοῦ
361 1265 506 1319 κατά
534 1266 633 1332 τήν
666 1262 832 1318 πόλιν
861 1260 1023 1337 ὅρους
1077 1263 1365 1326 συστάντος
1411 1262 1767 1336 δικαστηρίου
1813 1286 1902 1337 με·

245 1352 366 1422 ταξῦ
420 1349 763 1414 Ποσειδῶνος
812 1353 904 1407 καὶ
951 1354 1178 1427 Ἀρεως·
1216 1354 1244 1407 6
1273 1355 1374 1427 γάρ
1427 1351 1699 1408 Ποσειδῶν
1744 1351 1898 1423 ’δίκην

249 1440 360 1495 εἶπε
416 1441 557 1513 πρὸς
613 1447 780 1516 ’Ἄρεα
835 1440 971 1494 κατὰ
1027 1439 1154 1503 τοὺς
1213 1441 1475 1516 ἀρχαίους
1525 1441 1727 1514 μύθους
1775 1452 1900 1517 παρ’

249 1529 565 1597 ’Δθηναίοις
622 1528 674 1584 ἐν
728 1532 808 1601 τῷ
855 1529 1008 1602 τόπῳ
1054 1529 1254 1601 τούτῳ,
1296 1531 1511 1606 φάσκων
1557 1530 1900 1605 ἀναιρεθῆναι

251 1617 336 1671 τὸν
385 1615 526 1672 ἴδιον
579 1616 694 1671 υὶῦν
745 1615 1090 1694 Ἁλιρρόθιον
1141 1619 1228 1672 ὑπ’
1283 1621 1507 1692 ’Ἀρεωςο
1559 1617 1798 1674 κάκεῖθεν
1848 1619 1898 1692 ἐξ

251 1707 455 1780 Ἄρεως
507 1706 536 1760 6
581 1707 756 1781 πάγος
816 1704 1018 1768 ἐκεῖνος
1075 1708 1296 1778 Ἄρειος
1350 1704 1580 1777 ἐκλήθη.
1623 1704 1901 1776 Ἐδίκαζον

252 1791 341 1849 οὖν
372 1795 762 1870 Ἀρεοπαγῖται
793 1795 919 1868 περὶ
940 1794 1152 1849 πάντων
1183 1793 1378 1869 σχεδὸν
1421 1799 1528 1850 τῶν
1564 1792 1898 1872 σφαλμάτων

248 1883 336 1938 καὶ
411 1888 786 1959 παρανομιῶν,
891 1884 966 1947 ὡς
1042 1884 1250 1938 ἅπαντά
1324 1904 1486 1958 φησιν
1564 1881 1890 1958 Ἀνδροτίων

2020 558 2358 629 oportebat;
2384 564 2586 630 postea
2614 559 2883 631 pluribus
2905 575 3220 615 concessus
3243 559 3355 615 fuit
3391 564 3673 638 Areopagi

2016 650 2280 713 senatus,
2312 647 2369 702 id
2402 654 2490 704 est
2521 665 2589 704 ex
2622 647 2760 704 viris
2793 647 3216 705 illustrioribus
3241 650 3675 722 quinquaginta

2014 740 2071 792 et
2101 737 2226 801 uni,
2258 738 2356 791 sed
2393 737 2687 794 nobilibus
2717 741 2934 803 tamen,
2970 742 3034 793 ut
3063 737 3347 807 diximus,
3370 755 3435 793 ac
3454 738 3673 795 divitiis

2012 824 2258 895 vitaque
2293 825 2582 880 modestia
2613 825 3055 892 excellentibus,
3091 826 3247 881 sicut
3288 825 3676 883 Philochorus

2013 911 2074 966 in
2129 913 2301 968 tertia
2358 916 2468 966 τῶν
2526 911 2784 976 Ἀτθίδων
2842 915 3181 970 earumdem
3240 919 3464 970 narrat.
3498 915 3675 971 Porro

2013 1007 2174 1057 extra
2219 1003 2517 1058 civitatem
2567 1009 2692 1059 erat
2739 1005 3222 1074 Areopagitarum
3269 1002 3556 1073 tribunal,
3591 1003 3675 1058 sic

2011 1090 2378 1146 nominatum
2413 1093 2611 1162 (prout
2642 1091 2981 1147 fabulantur
2998 1093 3405 1163 Athenienses)
3437 1096 3674 1163 propter

2011 1180 2278 1234 eamdem
2313 1179 2714 1235 excellentiam
2749 1181 3058 1250 exjudicio
3088 1181 3244 1251 quod
3277 1180 3430 1236 inter
3457 1180 3672 1252 Neptu-

2013 1285 2154 1324 num
2218 1273 2272 1324 et
2305 1271 2542 1324 Martem
2594 1270 2652 1322 in
2714 1269 2968 1325 civitatis
3025 1274 3223 1324 monte
3280 1270 3668 1326 constitutum

2013 1358 2122 1412 fuit
2156 1376 2168 1413 :
2202 1358 2509 1429 Neptunus
2557 1358 2712 1412 enim
2761 1357 3110 1428 (secundum
3161 1358 3438 1430 antiquas
3487 1358 3666 1414 Athe-

2011 1446 2306 1501 niensium
2341 1445 2592 1517 fabulas)
2623 1446 2682 1501 in
2718 1445 2828 1501 hoc
2859 1446 2986 1502 loco
3017 1451 3220 1502 contra
3249 1447 3490 1503 Martem
3525 1463 3663 1502 cau-

2011 1551 2138 1591 sam
2171 1535 2338 1600 dixit,
2371 1552 2641 1592 asserens
2691 1535 2879 1590 ﬁlium
2913 1551 3086 1591 suum
3132 1535 3597 1590 Halirrhothium
3630 1555 3663 1592 a

2009 1625 2191 1679 Marte
2225 1625 2509 1692 occisum,
2545 1629 2603 1680 et
2633 1625 2766 1680 inde
2817 1625 2984 1680 collis
3013 1625 3112 1679 ille
3141 1641 3207 1680 ex
3237 1628 3416 1678 Marte
3444 1627 3658 1694 ’Ἄρειος

2009 1728 2112 1768 seu
2150 1713 2395 1769 Martius
2422 1719 2665 1771 vocatus
2697 1714 3162 1770 est.Judicabant
3190 1713 3372 1785 igitur
3403 1718 3655 1784 Areopa-

2006 1803 2142 1873 gitae
2175 1803 2292 1857 fere
2323 1804 2392 1857 de
2423 1802 2699 1858 omnibus
2731 1804 2984 1874 peccatis
3012 1808 3070 1858 et
3106 1801 3537 1874 iniquitatibus,
3574 1802 3651 1857 si—

2005 1896 2106 1945 cut
2131 1891 2458 1947 Androtion
2507 1891 2564 1945 in
2601 1890 2812 1962 prima,
2845 1897 2901 1945 et
2931 1891 3315 1948 Philochorus
3348 1891 3407 1946 in
3439 1906 3646 1948 secun-

250 1972 300 2028 ὲν
333 1975 542 2049 πρώτῃ,
574 1973 664 2026 καὶ
723 1971 1038 2048 Φιλόχορος
1097 1969 1150 2027 ἐν
1212 1969 1433 2048 δευτέρᾳ
1462 1973 1551 2026 καὶ
1597 1973 1755 2047 τοίτῃ
1786 1977 1894 2028 τῶν

2011 1979 2075 2033 da
2099 1984 2157 2034 et
2185 1979 2358 2034 tertia
2385 1981 2491 2031 τῶν
2521 1974 2775 2041 Ἀτθίδων
2803 1977 2989 2035 aiunt.

251 2059 533 2124 Ἀτθίδων.

318 2151 415 2206 Διά
475 2148 535 2205 δὲ
586 2155 747 2205 τοῦτο
804 2150 895 2205 ἅτε
950 2153 1149 2204 καινῶν
1209 2147 1508 2222 δαιμονίων
1559 2150 1895 2227 καταγγελέα

247 2239 335 2293 τὸν
394 2239 667 2302 θειότατον
721 2235 963 2307 Παῦλον,
1022 2239 1097 2300 ὡς
1156 2238 1438 2314 ἱστόρησεν
1497 2240 1525 2294 6
1575 2238 1893 2311 φιλαλήθης

252 2329 476 2394 Λουκᾶς,
512 2329 564 2381 οἱ
595 2334 694 2396 τῆς
729 2327 829 2381 ὑπὸ
878 2330 1012 2382 Θεοῦ
1064 2327 1431 2403 μωρανθείσης
1461 2328 1652 2406 σοφίας
1679 2327 1894 2404 ἐρασταὶ

253 2419 380 2492 πρὸς
426 2417 526 2484 τήν
583 2416 634 2485 ἐξ
685 2415 903 2491 ’Δρείου
947 2416 1124 2490 πάγου
1171 2415 1379 2492 βουλὴν
1424 2415 1697 2473 ἕλκουσιν.
1741 2415 1896 2472 Ἀλλ’

260 2505 305 2558 ἒν
350 2510 460 2567 τοῖς
510 2505 924 2580 Ἀρεοπαγίταις
989 2509 1286 2574 τηνικαῦτα
1331 2506 1533 2580 χρόνου
1595 2503 1894 2579 βουλεύων,

269 2595 350 2648 ἅτε
397 2591 656 2662 δικαστὴς
710 2590 1120 2660 ἀκλινέστατος,
1175 2594 1202 2648 6
1250 2594 1542 2668 πάμμεγας
1597 2592 1896 2659 Διονύσιος,

267 2677 533 2735 ἀδέκαστον
559 2682 822 2754 ἀπένειμε
849 2685 917 2755 τῇ
965 2683 1100 2736 κατά
1145 2681 1234 2735 τὸν
1275 2682 1718 2758 πνευματοφόρον
1750 2684 1896 2736 Παῦ-

260 2768 346 2824 λον
389 2768 622 2841 ἀληθείᾳ
667 2771 768 2840 τῆν
819 2772 1022 2845 ψῆφον,
1075 2768 1343 2845 ὲρῥῶσθαί
1373 2791 1431 2825 τε
1461 2768 1648 2825 πολλὰ
1691 2760 1894 2845 φράσας

251 2861 311 2922 τῆ
338 2863 439 2912 τῶν
496 2861 906 2933 Ἀρεοπαγιτῶν
940 2859 1156 2929 ἀνοήτῳ
1189 2863 1204 2895 ί
1241 2859 1555 2931 σεμνότητι,
1583 2859 1675 2912 τὸν
1710 2856 1894 2927 ἀληθῆ

247 2947 325 3000 καὶ
376 2947 787 3001 πανεπίσκοπον
847 2948 1040 3022 κριτὴν
1107 2945 1314 3007 ἐννοίας
1369 2947 1603 3021 Χριστὸν
1659 2949 1896 3017 Ἰησοῦν,

245 3032 332 3089 τὸν
357 3039 452 3089 τοῦ
508 3039 644 3090 Θεοῦ
691 3034 780 3089 καὶ
836 3035 1047 3108 Πατρὸς
1078 3033 1201 3089 Υἱόν
1263 3037 1531 3110 μονογενῆ
1560 3034 1650 3089 καὶ
1699 3035 1894 3110 Λόγον,

247 3123 302 3177 ’ὀν
359 3124 386 3178 6
442 3123 665 3185 Παῦλος
721 3122 995 3198 ἐκήρυξεν,
1054 3122 1208 3184 εὐθὺς
1269 3121 1454 3198 εἷ’χετο
1512 3127 1608 3178 τοῦ
1665 3123 1843 3200 φωτός
1879 3143 1891 3155 ·

241 3209 330 3266 κᾶν
359 3213 460 3289 γὰρ
497 3214 555 3266 οἱ
596 3213 863 3284 Ῥωμαῖοι
913 3209 1036 3266 τότε
1084 3209 1364 3287 ἐκράτουν,
1416 3209 1542 3266 ἀλλ’
1595 3213 1684 3266 οὗν
1734 3211 1895 3267 αὐτο·
1931 3204 1972 3270 C

241 3301 437 3373 νόμους
469 3301 683 3377 ἀφῆκαν
735 3301 968 3370 Ἀθήνας
1015 3300 1106 3354 καὶ
1155 3298 1606 3373 Λακεδαιμονίανο
1657 3299 1774 3364 ὅθεν
1817 3294 1893 3355 ἔτι

245 3390 382 3461 παρᾶ
455 3389 766 3458 Ἀθηναίοις
829 3387 922 3442 καὶ
996 3387 1064 3442 τὰ
1116 3389 1252 3442 κατά
1314 3388 1442 3452 τοὺς
1513 3388 1895 3464 Ἀρεοπαγίτας

247 3476 614 3536 ἐπολιτεύετο.
666 3479 764 3532 Καὶ
813 3476 1050 3533 τελεῖται
1103 3478 1196 3550 μὶν
1247 3474 1456 3532 ἅπαντα
1491 3485 1594 3547 τῆς
1627 3478 1898 3553 σωτηρίας

243 3567 306 3622 τὰ
336 3564 582 3641 δόγματα
614 3564 702 3621 διὰ
731 3565 951 3622 Παύλου
979 3571 1078 3621 τοῦ
1125 3565 1436 3642 κρατίστου,
1468 3563 1896 3642 παιδαγωγεῖται

248 3653 301 3710 δὶ
339 3653 742 3718 διδασκαλικῶς
786 3656 816 3710 6
863 3655 1146 3718 Διονύσιος
1199 3655 1300 3710 ὑπὸ
1349 3653 1593 3729 Ἱεροοὲῳ
1621 3660 1699 3728 τῷ
1748 3655 1896 3730 μεγί-

246 3765 373 3818 στῳ,
421 3745 563 3799 καθά
603 3765 776 3820 φησιν
828 3745 856 3798 6
907 3744 1089 3806 αὐτός’
1142 3744 1256 3798 εἶτα
1304 3755 1618 3807 καθισταται
1671 3745 1897 3798 κατὰτὸ

246 3832 538 3910 φερόμενον
622 3831 674 3886 ἐν
733 3827 956 3906 ἱϐδόμῳ
1029 3826 1231 3906 βιϐλίῳ
1304 3836 1411 3886 τῶν
1482 3831 1892 3888 Ἀποστολικῶν

251 3919 628 3997 διαταγμάτων
707 3922 736 3975 6
813 3919 1093 3982 Διονύσιος
1185 3919 1480 3981 ἐπίσκοπος
1570 3921 1673 3974 ὑπό
1758 3920 1898 3974 Παύ-

251 4008 350 4063 λου
378 4014 474 4063 τοῦ
504 4009 873 4085 χριστοφόρου
901 4013 1008 4064 τῶν
1035 4008 1086 4063 ἐν
1122 4009 1374 4082 Ἀθήνῃσι
1405 4009 1823 4065 πιστευσάντων.

312 4116 660 4190 Μνημονεύει
733 4113 791 4171 δὲ
837 4119 932 4170 τοῦ
987 4115 1402 4190 Ἀρειοπαγίτου
1468 4117 1556 4170 καὶ
1617 4115 1896 4179 Διονύσιος

245 4206 473 4280 ἀρχαῖος
527 4205 826 4280 Κορινθίων
875 4203 1192 4272 ἐπίσκοπος,
1227 4203 1314 4260 καὶ
1357 4204 1716 4281 [Ιολύκαρπος
1745 4205 1795 4259 ἂν
1827 4210 1895 4281 τῇ

243 4295 372 4367 πρὸς
412 4294 748 4364 Ἀθηναίους
797 4293 1060 4367 ἐπιστολῇ
1115 4293 1300 4351 αὐτοῦ.
1349 4295 1500 4348 Ἐστι
1556 4292 1613 4349 δὶ
1654 4297 1752 4364 τὴν
1804 4296 1896 4370 ὀρ·-

246 4383 440 4453 θότητα
497 4384 592 4437 καὶ
672 4380 1048 4455 πολυμάθειαν
1128 4383 1510 4456 ἀποθαυμάσαι
1583 4389 1680 4437 τοῦ
1737 4385 1895 4458 ἁγίου

244 4471 428 4526 τούτου
461 4469 776 4540 Διονυσίου,
799 4472 890 4526 τὸν
911 4469 1134 4541 ἀληθῶς
1167 4468 1252 4525 διά
1275 4469 1494 4540 πολλῆς
1528 4473 1764 4546 ἠγμένον
1786 4472 1898 4526 ἐπι.

2075 2157 2385 2227 Propterea
2415 2157 2679 2212 divinum
2729 2156 2977 2212 Paulum
3009 2155 3185 2213 veluti
3226 2173 3507 2212 novorum
3539 2157 3676 2214 ᾱω-,

2006 2245 2341 2300 moniorum
2375 2245 2852 2300 annuntiatorem
2886 2245 3062 2299 (sicut
3094 2263 3300 2301 amans
3331 2246 3446 2300 veri
3471 2247 3659 2302 Lucas

2006 2335 2285 2404 narravit)
2310 2334 2595 2404 (b)stultas
2629 2334 2784 2404 apud
2816 2333 2998 2388 Deum
3028 2335 3325 2404 sapientia:
3347 2342 3661 2400 amatores,

2005 2423 2074 2477 ad
2121 2422 2608 2492 AreOpagitarum
2635 2421 2926 2491 judicium
2979 2422 3242 2487 trahunt,
3276 2438 3478 2476 verum
3512 2422 3664 2476 inter

2005 2511 2384 2581 Areopagitas
2414 2513 2542 2564 tum
2576 2509 2881 2579 temporis,
2915 2515 2978 2564 ut
3019 2510 3541 2565 constantissimus
3563 2512 3662 2581 ju-

2006 2600 2136 2666 dex,
2168 2597 2463 2654 maximus
2513 2598 2852 2669 Dionysius,
2883 2597 3176 2653 calculum
3226 2598 3390 2654 nullo
3422 2615 3666 2654 munere

2007 2691 2352 2758 corruptum
2404 2686 2632 2742 veritati
2682 2703 2784 2757 pro
2819 2687 3138 2758 spiritil‘ero
3169 2687 3350 2742 Paulo
3397 2687 3664 2754 tradidit,

2006 2782 2183 2848 atque
2214 2775 2515 2847 insipienti
2537 2776 3021 2847 Areopagitarum'
3041 2775 3315 2848 gravitati
3337 2791 3403 2831 ac
3446 2775 3664 2831 severi-

2007 2867 2113 2922 tati
2150 2865 2407 2921 multum
2438 2864 3002 2932 valedicens,verum
3035 2881 3102 2920 ac
3131 2865 3399 2920 omnium
3433 2865 3665 2936 inspec-

2009 2960 2196 3011 torem
2221 2954 2487 3024 judicem
2519 2954 2721 3009 Jesum
2744 2952 3042 3008 Christum
3074 2953 3444 3023 unigenitum
3471 2953 3572 3008 Dei
3605 2957 3664 3009 et

2007 3043 2201 3099 Patris
2233 3043 2652 3113 Filium,quem
2683 3042 2899 3096 Paulus
2927 3041 3499 3113 pradicarat,animo
3530 3057 3666 3097 con-

2008 3132 2253 3203 cipiens,
2289 3131 2488 3186 statim
2522 3130 2734 3185 lumini
2765 3129 3054 3197 adhaesit;
3087 3129 3194 3185 etsi
3225 3130 3382 3184 enim
3416 3130 3639 3184 Roman

2011 3223 2150 3275 tunc
2181 3220 2648 3284 dominarentur,
2679 3223 2877 3274 tamen
2907 3219 3169 3275 Athenas
3199 3223 3256 3273 et
3297 3219 3666 3274 Lacedaemo-

2007 3308 2163 3365 niam
2215 3307 2469 3380 propriis
2501 3307 2588 3363 uti
2631 3307 2861 3380 legibus
2915 3307 3230 3376 sinebant;
3265 3308 3422 3362 unde
3469 3306 3662 3362 adhuc

2006 3398 2162 3468 apud
2193 3396 2581 3452 Athenienses
2606 3396 2989 3467 magistratus
3019 3395 3505 3469 Areopagitarum
3539 3408 3666 3452 mu”

2007 3502 2145 3541 nere
2175 3501 2282 3540 suo
2317 3485 2717 3558 fungebantur
2747 3502 2759 3540 :
2798 3501 2863 3541 ac
2898 3484 3176 3541 omnibus
3225 3485 3462 3557 quidem
3505 3485 3662 3541 salu-

2006 3574 2083 3630 tis
2129 3574 2508 3644 dogmatibus
2537 3591 2568 3628 a
2599 3574 3092 3645 praestantissimo
3137 3574 3315 3631 Paulo
3359 3574 3658 3642 initiatur;

2008 3662 2276 3734 magistri
2327 3666 2523 3718 autem
2556 3679 2718 3718 more
2766 3662 3078 3735 Dionysius
3110 3679 3143 3718 a
3174 3663 3428 3718 maximo
3460 3663 3657 3719 Hiero-

2005 3753 2140 3808 tbeo
2191 3750 2546 3818 instituitur,
2579 3751 2731 3806 sicut
2780 3751 2906 3822 ipse
2945 3751 3061 3818 ait;
3099 3755 3301 3821 postea
3342 3750 3659 3819 Dionysius

2009 3841 2204 3912 (prout
2233 3840 2483 3894 habetur
2513 3839 2571 3892 in
2605 3839 2854 3909 septimo
2877 3838 3027 3893 libro
3054 3839 3489 3908 Apostolicarum
3507 3854 3659 3894 con:-

2007 3928 2346 3998 titutionum)
2395 3926 2782 3981 constituitur
2810 3943 2843 3980 a
2872 3925 3201 3981 christifero
3250 3925 3431 3981 Paulo
3481 3925 3655 3983 Athe-

2007 4017 2299 4073 niensium
2332 4014 2594 4070 ﬁdelium
2629 4015 2965 4087 episcopus.

2078 4121 2346 4178 Meminit
2373 4137 2506 4177 vero
2538 4121 2712 4176 etiam
2759 4120 3115 4192 Areopagitae
3164 4121 3478 4194 Dionysius
3511 4123 3659 4179 anti-

2008 4229 2160 4284 quus
2185 4210 2625 4266 Corinthiorum
2657 4210 3054 4281 episcopus,et
3077 4209 3431 4282 Polycarpus
3459 4211 3519 4266 in
3552 4229 3660 4268 sua

2007 4301 2078 4357 ad
2101 4299 2488 4355 Athenienses
2509 4299 2780 4370 epistola.
2812 4298 2989 4353 Porro
3013 4300 3201 4354 sancti
3233 4299 3413 4369 hujus
3446 4300 3657 4372 Diony-

2006 4389 2080 4446 sii
2100 4389 2233 4444 vita)
2259 4387 2610 4459 probitatem
2631 4405 2699 4443 ac
2721 4387 2973 4443 scientiae
2996 4388 3224 4458 copiam
3265 4389 3466 4444 mirari
3500 4389 3653 4447 licet,

2007 4483 2063 4534 et
2093 4493 2226 4532 eum
2257 4477 2358 4546 qui
2388 4493 2520 4532 vere
2549 4493 2651 4546 per
2681 4475 3000 4531 multarum
3052 4475 3653 4547 irreprehensibilium

248 4562 452 4632 στήμης
504 4564 623 4614 τῶν
676 4558 1062 4630 ἀνεπιλήπτων
1121 4566 1222 4628 τῆς
1283 4558 1609 4630 Ἐκκλησιας
1657 4558 1894 4636 παραδό-

2011 4565 2268 4622 Ecclesia:
2300 4564 2675 4620 traditionum
2704 4564 3096 4635 cognitionem
3131 4565 3419 4620 deductus
3450 4565 3653 4630 fuit,ac

247 4668 390 4720 σιων,
425 4648 725 4714 θεάσασθαί
772 4669 832 4703 τε
878 4649 946 4703 τά
994 4647 1138 4723 παρά
1181 4653 1299 4710 τοῖς
1348 4652 1454 4702 τῶν
1487 4648 1771 4719 Ἑλλήνων
1807 4671 1894 4727 φι-

247 4733 499 4814 λοσόφοις
533 4737 670 4792 νόθα
700 4734 944 4812 δόγματα
973 4737 1109 4812 πρὸς
1138 4737 1237 4804 τήν
1284 4735 1542 4808 ἀλήθειαν
1579 4759 1894 4815 μετενηνεγ-

251 4827 387 4898 μένα.
457 4828 726 4896 Ἐλεῆσαι
797 4827 901 4900 γάρ
951 4820 1060 4880 ἔστι
1140 4823 1352 4898 μάλλον
1405 4826 1495 4880 καὶ
1562 4825 1897 4900 συναλγῆσαι

247 4921 335 4982 τῆς
389 4914 726 4991 ἀπροσεξίας
783 4913 911 4976 τοὺς
973 4911 1282 4988 ὀλιγώρους
1327 4917 1429 4979 τῆς
1476 4912 1898 4979 εὐπαιδευσίας²

250 5001 540 5075 ἐξεταστὰς,
577 5003 662 5058 ὅτι
817 5007 966 5080 σφῶν
1016 5001 1221 5074 ἂμαθίᾳ
1271 5007 1639 5078 συμμετροῦσι
1687 5005 1901 5067 καὶτὰς

249 5097 345 5146 τῶν
399 5095 530 5164 ἑξῆς
592 5093 892 5169 ἀνθρώπων
954 5091 1283 5166 φιλομαθεῖς
1335 5091 1729 5166 εὐθημοσύνας.
1778 5096 1900 5151 Ἑν-

2008 4652 2220 4707 intueri
2270 4650 2600 4706 adulterina
2628 4650 2992 4706 ethnicorum
3037 4649 3519 4721 philosophorum
3551 4652 3652 4705 de-

2008 4745 2164 4796 creta
2185 4740 2256 4795 ad
2278 4739 2585 4794 veritatem
2609 4740 2878 4794 traducta
2904 4758 2918 4806 ;
2952 4740 3118 4793 decet
3137 4739 3291 4793 enim
3317 4739 3509 4809 potius
3541 4738 3651 4792 mi-

2009 4829 2189 4887 sereri
2218 4844 2285 4885 ac
2316 4827 2725 4895 condolere,ob
2754 4827 3064 4898 segnitiem
3098 4843 3313 4898 paucos
3335 4841 3463 4882 esse
3484 4826 3650 4882 bonae

2011 4918 2287 4974 doctrinas
2316 4916 2763 4981 examinatores,
2796 4917 2950 4987 quod
2985 4932 3094 4970 sua
3136 4915 3369 4968 inscitia
3400 4915 3656 4987 reliquo-

2012 5024 2142 5063 rum
2176 5006 2351 5063 etiam
2371 5006 2679 5062 hominum
2708 5003 2966 5060 scientiae
2983 5002 3252 5074 cupidam
3285 5004 3660 5061 commetien-

2011 5101 2111 5152 tur
2139 5094 2320 5152 animi
2342 5112 2408 5151 ac
2427 5094 2646 5167 ingenii
2669 5089 3396 5165 promptitudinem.Tales
3422 5091 3660 5164 quidem

1265 5263 1505 5322 VARUE
1545 5266 1936 5326 LECTIONES
1974 5266 2061 5323 ET
2100 5263 2653 5322 CORRECTIONES.

319 5381 390 5454 (ὁ)
421 5381 554 5439 Act.
591 5396 727 5451 xvn,
766 5381 850 5436 18.

321 5507 336 5540 ¹
367 5504 650 5577 ἀνονήτφ.

320 5632 344 5656 ⁶
369 5630 453 5688 Ex
485 5631 692 5690 codice
723 5634 784 5691 S.
816 5633 996 5692 Marci
1025 5634 1252 5692 Veneti.

734 5507 756 5541 ²
790 5500 1161 5567 ἀπαιδευσίας.
