4042 6210
299 266 368 323 19
1113 266 1485 322 ΔΡΡΕΝΒΙΧ
1525 268 1621 320 AD
1660 266 1901 320 OPERA
1935 274 1942 321 l

2057 265 2207 323 )ION
2216 269 2354 322 YSII
2389 265 2890 323 AREOPAGITE.
3638 266 3712 322 20

297 392 357 447 in
388 391 782 463 quorumdam
814 389 1037 460 scripta
1065 388 1409 454 incidentes,
1430 403 1493 443 ac
1526 387 1673 443 forte
1706 385 1942 444 minime

2059 384 2414 462 τυγχάνοντες
2448 389 2498 441 οἱ
2529 392 2768 442 τοιοῦτοι
2816 385 3230 463 συγγράμμασιν
3272 386 3451 462 ἐνίων,
3480 387 3570 444 καὶ
3613 409 3712 443 τυ-

296 497 502 536 eorum
559 497 687 552 quae
746 479 1025 534 dicuntur
1074 493 1312 533 sensum
1369 476 1607 548 assequi
1666 475 1946 544 valentes,

300 586 432 624 mox
461 570 530 624 ad
564 568 946 624 indiscretam
1000 564 1307 637 scriptoris
1352 563 1780 620 cavillationem
1813 563 1945 620 eﬂ'e-

299 659 549 724 runtur;
585 654 749 725 atqui
779 670 911 709 cum
945 669 1186 726 prorsus
1217 656 1513 723 nequeant
1541 668 1606 707 ea
1635 668 1762 722 quae
1793 667 1949 707 acer-

297 747 370 801 be
399 744 858 816 reprehendunt,
893 743 1184 815 corrigere
1214 746 1315 796 aut
1343 757 1608 814 arguere,
1632 745 1952 812 oportet,ut

297 834 357 889 in
389 850 452 890 se
479 834 628 889 iram
658 835 1020 900 convertant,
1052 835 1110 886 et
1140 831 1335 902 potius
1367 829 1634 886 molestia
1683 830 1947 885 afﬁcian-

296 926 415 990 tur,
448 923 601 992 quod
651 937 760 977 sua
789 919 1018 976 desidia
1051 919 1326 990 ignorent
1371 918 1548 974 etiam
1580 917 1692 989 ipsi
1723 934 1792 973 ea
1820 933 1948 988 qua

290 1011 364 1067 ad
412 1011 808 1083 cognitionem
841 1011 1123 1080 perducta
1161 1013 1323 1079 sunt,
1355 1016 1457 1064 aut
1512 1023 1730 1073 revera,
1791 1007 1947 1078 quod

298 1099 544 1155 minime
595 1100 748 1171 apud
792 1099 1028 1155 idoneos
1077 1115 1210 1154 cum
1263 1097 1555 1153 desiderio
1608 1095 1950 1152 addiscendi

297 1189 732 1252 conversantes,
767 1185 894 1241 suis
943 1185 1142 1240 dubiis
1186 1184 1532 1241 liberentur.
1574 1184 1685 1240 Sed
1731 1184 1953 1239 audent

301 1275 485 1346 aliqui
514 1274 710 1330 divino
759 1273 1038 1346 Dionysio
1069 1273 1314 1329 convicii
1363 1273 1490 1329 loco
1520 1273 1770 1328 haereses
1801 1273 1948 1344 obji-

299 1380 450 1431 cere,
482 1380 615 1419 cum
647 1379 888 1435 prorsus
919 1379 1146 1418 errores
1178 1362 1589 1418 haereticorum
1639 1362 1944 1434 ignorent;

294 1454 554 1525 profecto
611 1453 791 1519 enim,
825 1451 875 1506 si
933 1469 1002 1508 ex
1057 1467 1413 1523 unoquoque
1471 1467 1675 1507 eorum
1720 1467 1848 1522 quae
1888 1452 1947 1506 in

290 1541 581 1597 haereticis
613 1541 1004 1597 condemnata
1034 1539 1384 1610 sunt,hujus
1413 1541 1645 1595 decreta
1665 1539 1951 1611 dijudica-

291 1633 441 1698 rent,
475 1629 664 1685 multo
695 1629 885 1701 magis
917 1629 1135 1685 distare
1166 1628 1238 1684 ab
1264 1627 1551 1700 improbis
1581 1628 1700 1685 illis
1729 1644 1947 1700 cogno-

291 1718 537 1787 vissent,
568 1735 744 1790 quam
775 1733 974 1773 verum
1000 1717 1201 1773 lumen
1233 1735 1268 1771 a
1297 1716 1576 1774 tenebris.
1611 1718 1758 1782 Quid
1789 1716 1945 1772 enim
1989 1752 2034 1817 Β

295 1807 548 1864 dixerint
576 1807 638 1862 in
667 1807 744 1863 iis
795 1823 924 1878 quae
956 1807 1027 1862 de
1057 1805 1183 1862 sola
1231 1807 1529 1862 adoranda
1559 1805 1844 1862 Trinitate
1875 1806 1949 1860 ab

301 1896 432 1968 ipso
464 1896 660 1951 divine
707 1897 1127 1967 exponuntur?
1157 1895 1305 1960 Quid
1339 1895 1410 1950 de
1451 1911 1565 1950 uno
1595 1894 1953 1950 beatissima!

302 1985 483 2057 hujus
513 1985 821 2040 Trinitatis
849 1985 880 2040 J
889 2002 991 2042 esu
1024 1984 1254 2040 Christo
1287 1984 1590 2056 unigenito
1620 1984 1723 2039 Dei
1752 1984 1949 2050 verbo,

303 2074 404 2146 qui
435 2074 689 2145 perfecte
719 2074 975 2130 humana
1004 2073 1171 2128 indui
1205 2077 1417 2128 natura
1445 2072 1627 2128 voluit
1651 2073 1949 2143 ;nunquid

301 2163 563 2220 animam
596 2167 791 2218 mente
823 2161 1224 2234 praeditam,ac
1255 2177 1468 2233 corpus
1498 2162 1652 2218 sicut
1677 2166 1949 2217 nostrum

299 2255 659 2321 terrestre,et
689 2251 919 2323 reliqua
949 2268 1076 2323 quae
1108 2268 1143 2306 a
1171 2252 1348 2307 rectis
1377 2251 1698 2307 constituta
1729 2252 1948 2323 magis-

297 2339 407 2396 tris
436 2339 790 2412 explicavit?
819 2340 968 2405 Quid
998 2343 1194 2394 autem
1230 2341 1301 2395 de
1343 2338 1817 2411 intelligibilibus
1849 2343 1950 2395 aut

297 2432 494 2484 mente
523 2428 785 2500 praeditis
833 2433 1009 2500 atque
1058 2427 1378 2484 sensilibus
1429 2428 1563 2500 quis
1610 2428 1820 2484 merito
1859 2445 1949 2485 re-

295 2518 656 2589 prehendat;
690 2521 792 2574 aut
843 2519 912 2573 de
942 2517 1260 2572 universali
1310 2521 1511 2572 nostra
1542 2533 1675 2573 cum
1707 2534 1949 2590 corpore

299 2611 497 2662 nostro
527 2611 586 2662 et
615 2607 814 2662 anima
845 2611 1050 2662 nostra
1078 2607 1277 2661 futura
1309 2607 1758 2676 resurrectione,
1789 2613 1848 2663 et
1878 2609 1948 2664 de

290 2695 554 2768 judiciis,
611 2711 740 2768 quae
790 2699 917 2750 tum
949 2695 1091 2750 ﬁent
1111 2696 1412 2766 justorum
1443 2699 1502 2750 et
1543 2694 1948 2765 injustorum?

297 2801 435 2841 nam
463 2783 626 2840 salus
678 2787 881 2840 nostra
924 2784 1204 2840 adversus
1254 2782 1376 2839 haec
1420 2783 1709 2840 collectim
1756 2785 1948 2842 dicere

295 2873 550 2929 intendit
577 2889 705 2945 quas
749 2872 1022 2946 pluribus
1052 2872 1339 2944 explicare
1386 2873 1571 2938 nefas,
1605 2889 1739 2929 cum
1771 2889 1945 2947 expo-

297 2961 433 3018 sitio
458 2961 519 3017 in
551 2961 794 3020 scholiis
825 2966 1036 3018 cuncta
1065 2965 1391 3034 opportune
1420 2961 1694 3018 declaret.

2057 475 2157 550 χὸν
2195 475 2254 530 οὐ
2287 475 2823 551 παρακολουθοῦντες
2869 481 2938 551 τῇ
2967 481 3075 532 τῶν
3119 477 3428 554 λεγομένων
3475 476 3711 549 διανοίᾳ,

2058 565 2194 639 πρὸς
2253 562 2563 641 ἀδιάκριτον
2617 566 2776 628 εὐθὺς
2834 565 3147 642 ἐκφέρονται
3209 571 3306 623 τοῦ
3363 567 3710 644 συγγραφέως

2060 648 2344 723 διαϐολήν
2391 653 2566 708 καίτοι
2614 652 2893 715 παντελῶς
2943 653 3005 709 οὐ
3056 652 3345 727 δυνάμενοι
3406 655 3474 709 τὰ
3521 656 3708 727 σκώμ-

2063 761 2204 812 ματα
2229 738 2522 804 διευθύνειν
2551 762 2607 797 τε
2636 741 2725 796 καὶ
2775 740 3081 818 διελέγχειν
3114 742 3146 797 ἃ
3193 763 3351 820 φασιν
3380 741 3554 810 αὐτοὶ,
3589 741 3708 798 δέον

2059 827 2144 882 ἐπὶ
2178 829 2313 903 σφὰς
2346 828 2539 892 αὐτοὺς
2559 831 2771 902 τρέπειν
2799 831 2896 898 τήν
2933 831 3123 906 ὀργήν,
3151 832 3241 885 καὶ
3270 828 3484 904 μᾶλλον
3508 831 3715 906 ἀσχάλ-

2060 914 2192 987 λειν,
2253 915 2335 971 ὅτι
2395 919 2470 990 μή
2531 916 2923 980 σπουδάσαντες
2981 915 3217 995 ἔγνωσαν
3284 919 3374 975 καὶ
3432 920 3584 975 αὐτοὶ
3643 920 3713 975 τὰ

2057 1004 2179 1080 περὶ
2214 1008 2234 1041 ³
2272 1010 2468 1081 γνῶσιν
2529 1007 2830 1081 ἀνηγμέναο
2888 1008 2922 1076 ἢ
2981 1006 3241 1076 τάληθὲς,
3300 1005 3381 1061 ὅτι
3441 1010 3515 1079 μὴ
3573 1007 3714 1083 πρὸς

2057 1091 2182 1154 τοὺς
2234 1093 2453 1156 ἱκανοὺς
2493 1095 2624 1171 ’περὶ
2667 1096 2732 1149 τὰ
2759 1100 2981 1150 τοιαῦτα
3035 1094 3358 1173 φιλομαθῶς
3404 1096 3711 1172 γεγονότες,

2057 1179 2162 1235 τῶν
2205 1183 2577 1257 ἀπορημάτων
2626 1182 2994 1254 ἀπελύθησαν.
3044 1183 3222 1241 Ἀλλὰ
3267 1182 3520 1258 τολμῶσί
3562 1205 3708 1248 τινες

2060 1267 2331 1346 λοιδορεῖν
2380 1271 2456 1334 εἲς
2508 1271 2740 1347 αἱρέσεις
2789 1274 2879 1328 τὸν
2934 1275 3074 1328 θεῖον
3127 1273 3430 1343 Διονύσιον,
3471 1274 3709 1346 καθάπαξ

2057 1360 2242 1414 καὶτὰ
2286 1365 2390 1415 τῶν
2444 1363 2728 1436 αἱρετικῶν
2760 1362 3097 1436 ἀγνοοῦντες·
3128 1363 3163 1432 ἦ
3208 1362 3308 1436 γὰρ
3357 1359 3441 1434 ἂν,
3489 1361 3540 1435 ἐξ
3589 1361 3711 1418 ἐκά-

2059 1468 2186 1502 στου
2237 1453 2345 1503 τῶν
2393 1451 2866 1526 κατακεκριμένων
2923 1448 2975 1504 ἐν
3023 1455 3141 1513 τοῖς
3194 1449 3521 1526 αἱρετίζουσι
3583 1471 3708 1525 συγ-

2057 1538 2352 1611 κρίνοντες,
2383 1539 2451 1593 τά
2479 1540 2624 1614 παρὰ
2650 1538 2856 1594 τούτων
2887 1536 3131 1614 δόγματα
3160 1536 3361 1612 πολλῷ
3388 1543 3496 1594 τῶν
3529 1537 3710 1617 φλαύ-

2059 1645 2166 1700 ρων
2233 1627 2574 1704 ἀφεστηκότα
2632 1625 2995 1703 διεγίνωσκον,
3055 1626 3286 1692 καθόσον
3343 1632 3459 1706 φῶς
3509 1625 3710 1695 ἀληθὶς

2061 1716 2149 1769 καὶ
2184 1715 2392 1780 σκότος.
2446 1715 2512 1774 Τί
2564 1717 2668 1792 γὰρ
2718 1715 2920 1772 εἴποιεν
2970 1715 3023 1771 ἐν
3049 1722 3167 1778 τοῖς
3222 1717 3348 1793 περὶ
3394 1719 3494 1786 τῆς
3539 1716 3713 1789 μόνης

2064 1811 2444 1879 προσκυνητῆς
2518 1803 2752 1882 Τριάδος
2821 1803 3275 1880 θεολογουμένοις
3327 1806 3454 1880 παρ’
3511 1806 3707 1878 αὐτῷ;

2059 1893 2111 1948 τί
2145 1891 2190 1947 δ’
2220 1892 2278 1948 ἃν
2319 1895 2441 1969 περὶ
2491 1899 2588 1949 τοῦ
2635 1901 2736 1964 τῆς
2785 1893 3180 1969 παμμακαρίας
3229 1894 3432 1965 ταύτης
3477 1892 3711 1971 Τριάδος

2061 1983 2176 2046 ἰνὸς
2206 1985 2386 2052 Ἰησοῦ
2417 1985 2672 2059 Χριστοῦ,
2702 1988 2797 2038 τοῦ
2850 1987 3178 2059 μονογενοῦς
3225 1987 3360 2039 Θεοῦ
3399 1983 3588 2060 Λόγου
3615 2005 3708 2039 τε-

2062 2069 2222 2133 λείως
2255 2071 2663 2145 ἐνανθρωπῆσαι
2696 2069 3026 2142 θελήσαντος
3058 2089 3072 2140 ;
3105 2070 3236 2146 οὗχί
3268 2073 3455 2146 ψυχὴν
3500 2069 3707 2144 ἔννουν,

2057 2161 2146 2213 καὶ
2182 2164 2342 2232 σῶμα
2368 2161 2430 2215 τὸ
2461 2161 2578 2215 καθ’
2607 2163 2755 2234 ἡμᾶς
2799 2163 2989 2236 γήϊνον
3041 2157 3310 2231 διεξῆλθε,
3341 2161 3433 2215 καὶ
3478 2161 3546 2217 τὰ
3593 2159 3712 2216 λοι-

2058 2248 2133 2302 πὰ
2157 2252 2178 2284 ⁴
2205 2249 2272 2303 τὰ
2301 2247 2400 2303 ὅσα
2449 2255 2564 2311 τοῖς
2621 2249 2803 2319 ὀρθοῖς
2851 2248 3157 2304 ἐντέτακται
3205 2245 3554 2312 διδασκάλοις
3592 2249 3704 2319 ;Τί

2060 2334 2117 2391 δὲ
2145 2337 2267 2410 περὶ
2301 2341 2508 2408 νοητῶν
2550 2338 2640 2392 καὶ
2693 2342 2896 2410 νοερῶν
2945 2335 3033 2392 καί
3078 2342 3186 2392 τῶν
3238 2336 3509 2409 αἰσθητῶν
3562 2340 3705 2412 μέμ-

2057 2425 2202 2496 ψαιτ’
2252 2424 2312 2478 ἄν
2365 2445 2448 2486 τις
2507 2419 2820 2495 εἰκότωςοῆ
2861 2425 2985 2500 περὶ
3041 2431 3142 2495 τῆς
3197 2423 3496 2496 καθολικῆς
3544 2428 3706 2500 ἡμῶν

2057 2511 2392 2574 ἄναστάσέως
2447 2520 2547 2583 τῆς
2601 2515 2734 2587 μετᾶ
2791 2515 3044 2587 σώματος
3097 2517 3195 2569 τοῦ
3244 2515 3361 2569 καθ’
3415 2516 3564 2588 ἡμᾶς
3613 2516 3705 2570 καὶ

2055 2607 2157 2669 τῆς
2210 2603 2370 2674 ἡμῶν
2424 2605 2612 2677 ψυχῆς
2659 2604 3049 2678 γενησομένην
3103 2602 3194 2657 καὶ
3241 2602 3366 2678 περὶ
3419 2608 3528 2658 τῶν
3581 2603 3704 2658 τότε

2059 2685 2480 2764 δικαιωτηρίων,
2525 2689 2747 2745 δικαίων
2797 2711 2856 2745 τε
2884 2691 3110 2746 καὶτῶν
3157 2692 3233 2764 μὴ
3283 2689 3542 2746 τοιούτων
3574 2709 3588 2760 ;
3619 2689 3699 2752 εἴς

2055 2776 2121 2830 τὰ
2150 2780 2171 2813 ⁸
2201 2778 2328 2853 γὰρ,
2383 2771 2703 2850 συλλήϐδην
2755 2779 2949 2847 εἰπεῖν,
2992 2781 3027 2849 ἠ
3070 2781 3188 2844 καθ’
3216 2781 3363 2853 ἡμᾶς
3393 2778 3568 2856 ἀφορᾷ
3596 2799 3698 2834 σω-

2055 2866 2238 2941 τηρία,
2272 2866 2424 2922 ἅτινα
2471 2864 2723 2930 πλατέως
2771 2865 3060 2940 διεξελθεῖν
3107 2868 3172 2922 οὗ
3221 2865 3445 2940 δίκαιον,
3473 2865 3697 2938 τῆςέπί

2055 2951 2298 3029 σχολίων
2340 2954 2646 3032 ἐξηγήσεως
2692 2957 2901 3011 ἅπαντα
2954 2955 3090 3012 κατὰ
3154 2957 3342 3033 καιρὸν
3399 2954 3702 3030 ἐπισημαι-

2052 3042 2309 3116 νομένης.

367 3138 455 3196 Ita
482 3143 592 3210 est,
623 3137 921 3210 inquiunt.
954 3139 1066 3195 Sed
1099 3155 1286 3211 neque
1317 3139 1604 3196 Eusebius
1630 3140 1942 3212 Pamphili,

2125 3133 2247 3202 Ναὶ,
2335 3132 2491 3210 φασίν
2547 3135 2588 3171 δ’
2651 3132 2779 3190 ἀλλ’
2864 3135 2966 3189 οὐκ
3049 3130 3280 3211 ἔγραψεν
3361 3133 3527 3190 αὐτοῦ
3606 3133 3700 3197 τὰς

294 3229 440 3300 quin
483 3243 590 3284 nec
631 3227 912 3300 Origenes
961 3227 1139 3299 hujus
1189 3227 1371 3284 libros
1425 3228 1658 3301 scriptis
1707 3231 1944 3287 manda-

291 3321 451 3374 runt.

364 3407 660 3462 Adversus
707 3423 858 3479 quos
887 3405 1202 3462 dicendum
1247 3407 1568 3463 Eusebium
1600 3423 1776 3478 quam
1811 3407 1943 3479 plu-

292 3494 444 3551 rima
473 3495 748 3552 omisisse
797 3511 923 3566 quae
976 3497 1046 3550 ad
1080 3496 1205 3565 ejus
1257 3511 1469 3551 manus
1517 3511 1632 3551 non
1664 3513 1940 3567 pervene-

293 3589 469 3652 runt;
503 3583 718 3639 etenim
751 3600 857 3639 nec
879 3600 1122 3655 prorsus
1153 3584 1354 3639 omnia
1384 3583 1688 3657 collegisse
1718 3584 1942 3654 ait,imo

293 3673 484 3744 magis
514 3672 730 3728 fatetur
759 3672 942 3729 libros
972 3672 1073 3744 qui
1103 3673 1174 3728 ad
1208 3673 1406 3744 ipsum
1441 3690 1556 3728 non
1585 3674 1944 3732 devenerunt

291 3778 420 3818 esse
450 3778 694 3818 numero
727 3762 1080 3833 superiores,
1115 3767 1171 3818 et
1200 3778 1342 3818 sane
1385 3761 1706 3818 multorum
1737 3765 1942 3820 memi-

291 3849 450 3905 nisse
480 3867 713 3921 possem
764 3867 912 3921 quos
942 3851 1187 3906 minime
1218 3851 1446 3917 habuit,
1479 3857 1536 3907 et
1566 3851 1671 3908 hos
1703 3852 1941 3923 quidem

290 3953 409 3992 suae
440 3937 788 4006 regionis,ut
819 3939 1116 4008 Hymenaei
1147 3944 1203 3993 et
1231 3939 1510 4006 Narcissi,
1535 3940 1636 4011 qui
1667 3943 1943 3998 sacerdo-

288 4028 377 4080 tes
427 4023 848 4096 Hierosolymis
911 4025 1071 4080 l‘uere
1124 4043 1137 4093 ;
1188 4042 1294 4095 ego
1361 4043 1502 4081 sane
1581 4028 1640 4081 in
1712 4029 1940 4099 aliquos

287 4111 583 4186 Hymenmi
673 4111 854 4167 libros
920 4112 1118 4168 incidi.
1200 4113 1345 4168 Item
1415 4129 1604 4183 neque
1680 4115 1940 4170 Pantaani

287 4218 465 4273 opera
564 4200 910 4272 descripsit,
998 4215 1185 4270 neque
1271 4200 1587 4257 Clementis
1671 4204 1937 4273 Romani,

292 4290 408 4347 nisi
471 4291 722 4346 duarum
767 4293 1002 4345 tantum
1080 4288 1496 4362 Epistolarum,
1566 4291 1667 4348 sed
1749 4309 1939 4366 neque

289 4378 678 4451 plurimorum
737 4377 1316 4452 aliorum.0rigenes
1371 4379 1552 4446 enim,
1612 4382 1808 4436 nescio
1865 4399 1939 4437 an

2053 3221 2323 3292 συντάξεις
2349 3217 2632 3296 ξΕὐσὲϐιος
2683 3224 2712 3278 ὁ
2758 3221 3073 3301 Παμφίλου·
3123 3223 3213 3279 καὶ
3266 3223 3373 3299 μὴν
3417 3221 3703 3299 068"th-

2048 3314 2230 3390 γάνης.

2125 3405 2268 3479 Πρὸς
2286 3401 2378 3466 οὓς
2395 3400 2634 3475 λεκτέον,
2648 3403 2724 3464 ὡς
2740 3402 3049 3477 πάμπολλα
3067 3409 3307 3477 παρῆκεν
3327 3399 3584 3466 Εὐσέϐιος
3603 3403 3703 3460 οὐκ

2052 3490 2278 3548 ἐλθόντα
2308 3491 2430 3567 περὶ
2453 3496 2644 3566 χεῖρας
2677 3491 2898 3555 οἳκείας·
2923 3491 3013 3548 καί
3035 3492 3137 3568 γὰρ
3161 3489 3284 3548 οὔτε
3306 3493 3468 3568 φησὶν
3493 3494 3702 3549 ἅπαντα

2050 3583 2291 3653 καθάπαξ
2336 3579 2753 3657 συναγηοχέναι·
2804 3581 3015 3655 μᾶλλόν
3063 3603 3123 3658 γε
3173 3584 3280 3655 μὴν
3314 3580 3583 3658 ὁμολογεῖ
3610 3577 3699 3638 καὶ

2050 3671 2287 3747 ἀριθμοῦ
2341 3671 2622 3746 κρείττονα
2682 3665 2873 3747 βιϐλία
2919 3673 3236 3727 καθεστάναι
3298 3669 3571 3746 μηδαμῶς
3619 3671 3698 3735 εἰς

2051 3760 2209 3815 αὐτὸν
2241 3757 2570 3829 ἐληλυθότα’
2605 3760 2694 3816 καὶ
2726 3758 2952 3817 πολλῶν
3000 3759 3271 3834 ἐδυνάμην
3326 3765 3697 3835 μνημονεῦσαι

2055 3851 2130 3922 μὴ
2163 3850 2468 3917 κτηθέντων
2504 3849 2669 3921 αὐτῷ,
2701 3850 2792 3904 καὶ
2841 3853 3005 3902 ταῦτα
3035 3854 3135 3913 τῆς
3182 3849 3348 3904 αὐτοῦ
3380 3851 3586 3927 χώρας,
3623 3852 3698 3913 ὡς

2049 3938 2330 4011 Ὑμεναίου
2378 3938 2465 3991 καὶ
2519 3935 2823 4009 Ναρκίσσου
2877 3935 2984 3989 τῶν
3039 3937 3405 4010 ἱερασαμένων
3478 3937 3530 3992 ἐν
3603 3941 3700 3993 Ἱε-

2051 4025 2404 4098 ροσολύμοις.
2466 4025 2611 4096 Ἑγὼ
2661 4027 2790 4098 γοῦν
2831 4022 3083 4098 ἐνέτυχόν
3115 4045 3224 4078 τισι
3255 4029 3365 4079 τῶν
3393 4026 3693 4097 Ὑμεναίου.

2049 4111 2151 4167 Καὶ
2213 4113 2320 4183 μὴν
2378 4108 2502 4164 οὔτε
2559 4111 2854 4167 ΙΙανταίνου
2910 4110 3037 4173 τοὺς
3093 4112 3295 4178 πόνους
3354 4112 3694 4187 ἀνέγραψεν,

2049 4195 2171 4253 οὕτε
2195 4203 2289 4253 τοῦ
2336 4199 2621 4272 Ῥωμαίου
2669 4198 3016 4272 Κλήμεντος,
3067 4199 3213 4270 πλὴν
3257 4199 3352 4256 δύο
3396 4202 3484 4256 καὶ
3519 4201 3694 4274 μόνων

2049 4287 2370 4344 ἐπιστολῶνθ
2425 4285 2550 4342 ἀλλ’
2601 4286 2723 4343 οὔτε
2773 4286 3047 4344 πλείστων
3101 4289 3315 4366 ἑτέρων.
3347 4291 3408 4349 Ὀ
3455 4291 3558 4366 γὰρ
3606 4292 3696 4345 Ὠ-

2049 4378 2286 4452 ριγένης,
2337 4377 2436 4432 οὐκ
2487 4373 2606 4431 οἶδα
2659 4375 2704 4431 εί
2753 4375 2993 4446 πάντων,
3028 4375 3189 4452 μόλις
3239 4376 3296 4433 δὲ
3343 4376 3611 4454 τεττάρων
3645 4377 3694 4432 ἐ-

293 4467 580 4533 omnium,
612 4467 707 4522 vix
761 4473 958 4522 autem
1009 4472 1260 4540 quatuor
1311 4468 1598 4524 meminit.
1653 4468 1942 4528 Diaconus

2057 4467 2289 4539 μνήσθη.
2352 4467 2607 4528 Διάκονος
2662 4461 2720 4518 δέ
2764 4485 2847 4528 τις
2892 4465 3192 4538 Ῥωμαῖος.
3244 4466 3449 4542 Πέτρος
3499 4461 3696 4540 ὄνομα,

292 4574 428 4615 vero
457 4556 696 4628 quidam
747 4557 1071 4625 Romanus,
1121 4558 1360 4613 nomine
1407 4557 1634 4626 Petrus,
1684 4561 1944 4617 narravit

294 4645 462 4714 mihi,
495 4645 694 4701 omnia
740 4644 922 4700 divini
971 4645 1236 4718 Dionysii
1265 4663 1460 4718 opera,
1507 4651 1700 4702 Romae
1738 4646 1798 4702 in
1847 4665 1942 4704 sa-

295 4751 528 4793 crorum
559 4735 914 4807 scriptorum
947 4734 1298 4791 bibliotheca
1327 4735 1584 4807 reposita
1613 4737 1853 4793 servari.

366 4823 580 4880 Scribit
625 4828 821 4881 autem
868 4821 1125 4895 plurima
1165 4825 1238 4879 ad
1287 4823 1695 4880 beatissimum
1744 4825 1938 4880 Timo-

291 4912 515 4981 theum,
548 4914 738 4969 sancti
762 4912 926 4968 Pauli
976 4912 1224 4984 apostoli
1253 4913 1632 4984 discipulum,
1665 4913 1938 4985 Ephesio-

291 5015 421 5054 rum
472 5001 832 5073 episcopum,
865 5018 898 5056 a
945 5002 1244 5072 primariis
1291 5001 1505 5058 Jonicae
1552 5001 1934 5074 philosophiae

289 5088 675 5143 sectatoribus
705 5089 919 5160 Ephesi
939 5090 1309 5145 versantibus
1341 5089 1661 5160 molestias,
1683 5094 1746 5145 ut
1773 5092 1930 5147 vide-

288 5263 669 5334 philosophiae
703 5264 976 5336 peritum,
1010 5272 1074 5324 ut
1118 5268 1306 5341 magis
1337 5272 1586 5324 certaret
1616 5286 1628 5325 :
1664 5267 1928 5340 nihilque

2053 4553 2350 4629 διηγήσατό
2385 4575 2500 4626 μοι,
2540 4551 2712 4607 πάντα
2759 4553 2827 4607 τὰ
2867 4557 2963 4607 τοῦ
3017 4552 3165 4609 θείου
3203 4554 3482 4610 Διονυσίου
3531 4555 3696 4622 σώζε-

2052 4644 2168 4697 σθαι
2201 4642 2336 4697 κατὰ
2361 4643 2459 4711 τήν
2493 4640 2543 4695 ἐν
2571 4641 2764 4716 Ῥώμῃ
2795 4645 2903 4696 τῶν
2950 4641 3112 4718 ἱερῶν
3170 4638 3536 4718 βιϐλιοθήκην
3567 4642 3696 4696 ἀνα-

2048 4743 2185 4795 τεθει
2197 4731 2346 4804 μένα.

2120 4823 2314 4898 Γράφει
2361 4818 2417 4874 δέ
2467 4818 2533 4873 τὰ
2579 4815 2811 4873 πλεῖστα
2851 4819 2989 4894 πρὸς
3034 4821 3127 4875 τὸν
3159 4818 3549 4894 τρισμακάριον
3598 4823 3697 4877 Τι-

2050 4910 2266 4982 μόθεον,
2295 4909 2388 4964 τὸν
2440 4912 2537 4962 τοῦ
2586 4906 2741 4981 ἀγίου
2792 4906 3103 4963 ἀποστόλου
3143 4907 3365 4964 Παύλου
3409 4909 3697 4985 φοιτητὴν,

2046 5002 2301 5081 Ἐφεσίων
2354 4999 2669 5066 ἐπίσκοπον,
2717 4999 2818 5053 ὑπὸ
2859 5004 2966 5054 τῶν
3010 5001 3146 5055 κατὰ
3183 5001 3282 5069 τήν
3317 5002 3547 5078 Ἔφεσον
3595 5007 3697 5069 τῆς

2044 5093 2286 5160 Ἰωνικῆς
2331 5086 2655 5167 φιλοσοφίας
2698 5088 3084 5163 προεστώτων,
3127 5090 3200 5151 ὡς
3242 5087 3698 5166 εἰκὸς,πάσχοντα

289 5175 822 5243 tur,sustinentem,
855 5195 920 5234 ac
968 5179 1422 5250 interrogantem
1469 5177 1629 5234 velut
1675 5179 1931 5250 profanae

2057 5179 2350 5254 τράγματα,
2381 5179 2469 5232 καὶ
2517 5177 2939 5248 πυνθανόμενον,
2977 5177 3050 5239 ὠς
3101 5175 3404 5251 εἷδήμονος
3430 5186 3529 5249 τῆς
3560 5178 3660 5249 ἐξω

2037 5276 2256 5344 τερικῆς
2301 5265 2646 5345 φιλοσοφίας,
2673 5263 2762 5320 ’ίνα
2807 5265 2896 5320 καὶ
2947 5266 3160 5339 μᾶλλον
3212 5267 3555 5344 ἀγωνίζοιτο’
3606 5288 3674 5324 κα

3678 5240 3696 5296 ὶ

1266 5431 1500 5488 VARIE
1538 5429 1935 5488 LECTIONES
1973 5432 2066 5488 ET
2105 5429 2666 5489 CORRECTIONES.

366 5554 386 5589 ³
417 5552 576 5626 πρός.
653 5553 674 5587 ⁴
702 5551 896 5609 πάντα.
974 5555 995 5588 ⁵
1025 5556 1210 5612 ταῦτα.
1286 5560 1307 5594 ⁸
1335 5559 1489 5633 φησί.
