4042 6210
267 341 332 396 21
1161 345 1220 398 S.
1264 345 1535 399 MAXIM!
1573 343 1954 398 PROLOGUS
1991 345 2062 397 IN
2101 343 2342 398 OPERA
2382 347 2441 397 S.
2482 345 2820 398 DIONYSII.
3622 348 3698 401 22

268 461 427 519 οὐδὲν
458 461 680 524 ἀπεικός
713 481 728 495 ·
763 461 877 518 ἐπεὶ
936 461 1023 517 καὶ
1082 463 1110 518 ὁ
1153 462 1413 542 θεοφιλὴς
1445 461 1750 525 ἀπόστολος
1782 466 1928 517 Παῦ-

2058 481 2075 518 ι
2106 464 2516 536 probabilitate
2540 464 2820 531 alienum,
2841 465 3320 536 quandoquidem
3345 467 3572 524 amicus
3601 470 3697 524 Dei

269 553 368 616 λος
400 559 526 615 ταῖς
555 550 843 623 Ἐλλήνων
896 551 1169 627 ἐχρήσατο
1216 553 1424 628 ρήσεσι,
1469 551 1664 614 ταύτας
1720 552 1932 606 ἀκούων

268 644 436 718 τυχὸν
469 643 620 718 παρά
641 648 751 697 τῶν
784 641 1046 696 συνόντων
1079 641 1247 713 αὑτῷ,
1278 645 1376 706 τῆς
1421 639 1723 710 ἒλληνικῆς
1773 639 1934 718 φιλο-

272 734 461 808 σοφίας
515 731 814 807 ἐμπείρων,
852 731 1139 801 Συνίσ-τησι
1201 729 1258 786 δὲ
1302 731 1390 785 καὶ
1440 729 1624 799 τοῦτο,
1657 730 1934 784 Διονυσίου

276 827 435 878 ταῦτα
485 819 820 895 φιλαλήθως
873 819 939 875 τά
1003 819 1406 895 συγγράμματα
1468 819 1821 874 καθεστάναι·
1872 820 1934 874 τὸ

287 912 388 987 γὰρ
441 907 878 981 ἀνεπιτηδεύτως
948 909 1309 982 μνημονεύειν
1358 909 1515 962 αὐτὸν
1569 908 1776 984 ῥήσεων
1824 913 1932 962 τῶν

298 1001 730 1072 συνακμασάντων
766 997 912 1070 αὗτῷ
942 994 1176 1072 ἀνδρῶν,
1211 999 1283 1050 ὧν
1309 995 1363 1051 α⁹ί
1404 1017 1461 1050 τε
1491 999 1629 1050 θεῖαι
1659 1002 1765 1050 τῶν
1798 997 1936 1050 ἀπο-

297 1089 488 1146 στόλων
527 1087 934 1161 μνημονεύουσι
986 1087 1233 1163 Πράξεις,
1265 1088 1351 1140 καὶ
1405 1083 1624 1140 Παύλου
1669 1089 1765 1139 τοῦ
1813 1087 1931 1140 θεο-

295 1177 474 1248 φιλοῦς
511 1178 564 1232 αἱ
608 1174 990 1254 πολυωφελεῖς
1041 1174 1349 1244 ἐπιστολαὶ,
1379 1176 1441 1229 τὸ
1488 1180 1592 1230 τῶν
1654 1194 1935 1250 συγγραμ-

292 1266 466 1341 μάτων
510 1266 892 1341 ἀσκευώρητον
924 1265 1284 1341 ἀποφαίνουσι
1320 1283 1332 1297 ’
1371 1262 1605 1338 μάλιστα
1636 1261 1693 1318 δὲ
1720 1264 1934 1318 πάντων

281 1359 337 1413 τὸ
365 1360 479 1411 τῶν
514 1354 807 1431 δογμάτων
836 1354 1265 1432 ἀσφαλέστατον.

351 1443 578 1514 Ἐπειδὴ
609 1442 664 1499 δέ
691 1442 831 1506 τινές
873 1466 1020 1520 φασι,
1055 1445 1132 1517 μιή
1178 1444 1307 1498 εἶναι
1358 1447 1454 1497 τοῖ’)
1501 1442 1653 1519 ἁγίου
1695 1443 1758 1497 τὸ
1802 1442 1932 1516 σόγ-

281 1556 515 1610 γραμμα
543 1537 586 1605 ⁷,
617 1531 762 1588 ἀλλά
813 1553 959 1594 τινος
1013 1537 1119 1587 τῶν
1184 1531 1665 1607 μεταγενεστέρων,
1725 1533 1928 1605 ἀνάγκη

281 1624 475 1686 αὑτοὺς
505 1624 598 1678 καὶ
625 1627 732 1678 τῶν
765 1621 1222 1698 ἀπηγορευμένων
1252 1621 1373 1676 τινὰ
1402 1623 1489 1676 καὶ
1525 1621 1739 1675 ἀτόπων
1771 1620 1928 1675 αὑτὸν

276 1715 504 1783 τιθέναι,
559 1709 1030 1784 καταψευδόμενον
1077 1715 1300 1765 τοιαῦτα
1369 1711 1582 1778 ἑαυτοῦ,
1637 1710 1712 1770 ὡς
1767 1716 1929 1778 συνῆν

278 1807 394 1864 τοῖς
422 1799 778 1865 ἀποστόλοις,
809 1799 899 1854 καὶ
944 1797 1264 1854 ἐπέστελλεν
1311 1802 1394 1861 οἷς
1445 1796 1570 1853 οὐδὲ
1624 1797 1932 1872 συνεγένετό
1963 1841 2011 1906 Β

555 1889 570 1906 .
646 1889 659 1906 .
737 1888 751 1906 .
885 1885 961 1906 ..κ
1001 1888 1015 1906 ν
1073 1887 1084 1906 .
1211 1887 1232 1906 ς

278 1911 411 1944 ποτε
449 1889 570 1944 κατ’
602 1888 816 1959 αὑτοὺς,
845 1885 970 1943 οὐδὲ
999 1887 1294 1944 ἐπέστειλε.

358 1979 436 2035 Τὸ
487 1976 545 2032 δὶ
595 1976 681 2031 καὶ
731 1974 1032 2031 πλάσασθαι
1076 1975 1410 2054 προφητείαν
1460 1977 1595 2050 πρὸς
1643 1977 1734 2030 τὸν
1796 1975 1930 2030 ἀπό-

290 2065 483 2122 στολον
512 2065 764 2136 Ἰωάννην
815 2065 867 2120 ἐν
914 2064 1094 2140 έξορίᾳ
1140 2061 1287 2133 ὄντα,
1336 2066 1411 2126 ὡς
1458 2063 1707 2135 ἐπανήξει
1767 2064 1931 2120 πάλιν

291 2155 365 2218 εἷς
395 2158 493 2225 τήν
524 2151 806 2212 Ἀσιάτιδα
851 2161 978 2230 γῆν,
1009 2153 1098 2208 καὶ
1153 2153 1220 2208 τά
1273 2156 1478 2224 συνήθη
1522 2151 1743 2227 διδάξει,
1773 2158 1934 2208 τοῦτο

287 2243 656 2321 τερατολόγου
711 2240 905 2320 ἀνδρὸς
973 2243 1063 2298 καὶ
1119 2245 1404 2320 προφήτου
1475 2241 1630 2314 δόξαν
1693 2244 1936 2316 ἐκμανῶς

292 2333 635 2407 θηρωμένου.

355 2422 429 2477 Τὸ
477 2417 535 2474 δὲ
583 2419 674 2474 καὶ
723 2416 903 2493 λέγειν
956 2416 1111 2472 αὐτὸν
1172 2416 1223 2472 ἐν
1277 2416 1425 2488 αὐτῷ
1478 2421 1557 2486 τῷ
1605 2422 1782 2492 καιρῷ
1839 2422 1937 2472 τοῦ

301 2509 562 2582 σωτηρίου
610 2506 818 2570 πάθους
868 2507 920 2561 ἐν
966 2504 1322 2564 Ἡλιουπόλει
1389 2505 1613 2562 συνόντα
1659 2505 1935 2562 Ἀπολλο-

311 2598 467 2672 φάνει,
494 2599 717 2669 θεωρεῖν
749 2595 842 2650 καὶ
894 2593 1332 2673 συμφιλοσοφεῖν
1377 2594 1500 2670 περὶ
1542 2602 1642 2664 τῆς
1699 2593 1936 2664 ἡλιακῆς

309 2684 608 2758 ἐκλείψεως,
640 2686 717 2748 ὡς
746 2684 809 2739 οὐ
834 2683 971 2738 κατᾶ
1001 2684 1154 2762 φύσιν
1182 2681 1306 2738 οὐδὲ
1351 2685 1488 2738 κατά
1532 2683 1596 2738 τὸ
1644 2682 1763 2747 ἔθος
1817 2685 1941 2739 τότε

302 2776 662 2848 γεγενημένης
693 2792 708 2806 ο
737 2771 914 2848 λέγειν
943 2769 1000 2826 δὲ
1047 2771 1206 2826 αὑτὸν
1255 2771 1346 2826 καὶ
1388 2777 1632 2847 παρεῖναι
1679 2772 1771 2826 σὺν
1821 2777 1940 2835 τοῖς

297 2860 622 2923 ἀποστόλοις
661 2864 730 2934 τῇ
760 2857 1076 2937 προκομιδῇ
1100 2865 1198 2916 τοῦ
1229 2859 1490 2935 λειψάνου
1518 2865 1615 2917 τοῦ
1664 2863 1810 2926 θείου
1843 2868 1941 2931 τῆς

294 2953 440 3027 ἀγίας
489 2952 754 3006 θεοτόκου
800 2949 1012 3027 Μαρίας
1044 2969 1057 2983 ·
1103 2951 1193 3005 καὶ
1241 2951 1472 3026 χρήσεις
1516 2952 1809 3026 προφέρειν
1845 2952 1942 3007 Ἱε-

293 3043 478 3114 ροθέου
526 3043 628 3096 τοῦ
682 3037 820 3094 ἰδίου
872 3037 1202 3095 διδασκάλου
1250 3039 1310 3094 ἐκ
1357 3044 1464 3093 τῶν
1504 3038 1584 3102 είς
1614 3039 1778 3108 αὑτὴν
1825 3038 1940 3094 ἐπι-

290 3130 494 3208 ταφίων
525 3129 730 3205 λόγων⁸
761 3127 1090 3193 πλάττεσθαι
1130 3126 1187 3183 δὲ
1234 3128 1323 3183 καὶ
1378 3127 1667 3191 έπιστολάς
1706 3130 1792 3183 καὶ
1845 3127 1941 3183 λό-

2051 553 2268 609 Paulus
2299 553 2621 626 apostolus,
2656 554 2963 610 sententiis
2993 554 3297 623 gentilium
3335 571 3475 612 usus
3501 558 3695 624 fuerit,

2047 659 2182 698 cum
2218 643 2361 698 forte
2393 660 2490 699 eas
2517 661 2549 699 a
2580 643 2972 698 familiaribus
3025 642 3148 698 suis
3181 644 3387 698 Graecae
3438 644 3697 715 philoso-

2045 730 2192 800 phiae
2217 731 2420 802 peritis
2443 731 2788 786 audivisset.
2815 732 2986 786 Porro
3010 730 3154 785 illud
3174 732 3351 786 etiam
3373 733 3700 804 confirmat,

2046 819 2167 873 haec
2198 835 2329 874 vere
2379 820 2640 891 Dionysii
2690 821 2909 891 scripta
2959 819 3276 888 constitui;
3327 837 3459 875 eum
3494 838 3703 894 nempe

2044 907 2323 963 sine.ulla
2371 909 2737 964 affectatione
2787 908 3129 964 meminisse
3159 910 3585 964 sententiarum
3617 911 3701 965 vi-

2047 1011 2242 1052 rorum
2295 998 2393 1068 qui
2447 1014 2576 1052 cum
2631 997 2757 1069 ipso
2809 999 3154 1063 ﬂoruerunt,
3207 1015 3458 1069 quorum
3501 999 3702 1056 divina

2045 1085 2444 1153 apostolorum
2476 1090 2616 1142 Acta
2641 1088 2999 1142 mentionem
3023 1087 3262 1155 iaciunt,
3289 1091 3345 1142 et
3369 1087 3695 1144 utilissimae

2045 1174 2206 1230 Pauli
2238 1175 2337 1230 Dei
2391 1175 2788 1232 amantissimi
2837 1176 3105 1248 Epistolas
3155 1176 3508 1248 scriptorum
3541 1178 3695 1233 inte-

2041 1263 2316 1336 gritatem
2349 1264 2669 1333 declarant,
2702 1265 2954 1321 maxime
3007 1281 3140 1320 vero
3191 1265 3457 1322 omnium
3490 1266 3693 1322 certis-

2041 1353 2194 1409 sima
2227 1354 2512 1410 doctrina.

2115 1442 2397 1506 Quoniam
2418 1459 2551 1497 vero
2585 1440 2768 1513 aliqui
2795 1442 2997 1497 dicunt
3019 1440 3125 1496 hoc
3148 1441 3429 1513 scriptum
3452 1441 3696 1497 minime

2043 1536 2244 1586 sancto
2285 1531 2688 1600 tribuendum,
2721 1531 2821 1586 sed
2869 1531 3099 1585 cuidam
3150 1531 3564 1602 posteriorum,
3591 1547 3692 1585 ne-

2041 1635 2222 1689 cesse,
2253 1620 2410 1690 ipsos
2442 1625 2499 1675 et
2523 1620 2842 1691 desperata-
2871 1619 3187 1690 quemdam
3221 1618 3454 1688 salutis,
3489 1635 3554 1673 ac
3585 1620 3690 1673 ab-

2041 1709 2289 1763 surdum
2323 1709 2480 1763 hunc
2505 1708 2863 1777 existimare,
2897 1707 3039 1764 talia
3072 1709 3139 1763 de
3174 1708 3366 1779 seipse
3399 1707 3688 1762 mentien-

2046 1800 2188 1864 tem,
2218 1799 2373 1867 quod
2419 1796 2698 1867 apostolis
2745 1797 3063 1853 convixerit
3089 1813 3154 1852 ac
3182 1796 3406 1852 litteras
3438 1796 3688 1867 miserit,

2041 1886 2258 1957 quibus
2285 1902 2587 1956 nunquam
2621 1885 2809 1940 adfuit
2841 1903 3029 1957 neque
3061 1885 3318 1957 scripsit.

2113 1977 2288 2032 Porro
2319 1976 2492 2032 etiam
2515 1977 2856 2032 vaticinium
2881 1977 3099 2048 ﬁngere
3129 1977 3198 2032 ad
3230 1977 3519 2032 Joannem
3543 1992 3684 2048 apo-

2042 2068 2258 2122 stolum
2291 2066 2350 2120 in
2383 2066 2585 2121 exsilio
2615 2069 2969 2136 versantem,
3001 2066 3159 2136 quod
3191 2066 3403 2121 iterum
3435 2065 3495 2121 in
3517 2067 3686 2121 Asia-

2045 2171 2181 2210 nam
2225 2159 2439 2210 terram
2490 2158 2832 2225 revertetur,
2863 2159 2921 2210 et
2965 2159 3249 2210 consueta
3295 2155 3546 2223 docebit,
3581 2155 3691 2211 hoc

2044 2249 2154 2312 est,
2189 2244 2633 2316 praestigiatoris
2660 2244 2921 2300 hominis
2951 2250 3009 2300 et
3037 2244 3329 2316 prophetae
3360 2244 3695 2317 opinionem

2047 2334 2252 2388 insane
2283 2333 2568 2389 venantis.

2121 2423 2321 2492 Ipsum
2356 2425 2549 2476 autem
2583 2421 2776 2476 dicere
2797 2435 2860 2475 se
2889 2426 3152 2492 tempore
3174 2420 3450 2476 salutaris
3477 2421 3700 2493 passio-

2047 2509 2140 2565 nis
2172 2508 2452 2580 Heliopoli
2486 2526 2618 2564 cum
2652 2508 3056 2580 Apollophane
3098 2513 3390 2581 agentem,
3422 2509 3695 2581 specula-

2047 2603 2174 2652 tum
2207 2614 2274 2652 ac
2303 2597 2478 2652 simul
2500 2597 2979 2670 philosophatum
3012 2598 3082 2652 de
3105 2597 3280 2652 solari
3299 2597 3696 2669 eclipsi,quod

2049 2703 2164 2742 non
2197 2687 2524 2741 secundum
2547 2691 2814 2741 naturam
2837 2701 3027 2757 neque
3043 2687 3369 2741 secundum
3390 2690 3700 2742 consuetu-

2048 2775 2247 2831 dinem
2278 2779 2401 2829 tum
2456 2775 2804 2843 accidisset;
2859 2775 3050 2831 dicere
3097 2779 3292 2830 autem
3325 2791 3388 2831 se
3417 2792 3536 2831 una
3563 2791 3699 2830 cum

2050 2864 2328 2936 apostolis
2361 2866 2701 2922 interfuisse
2740 2883 2873 2922 cum
2925 2866 3186 2922 divinum
3240 2882 3452 2937 corpus
3483 2869 3698 2922 sanctae

2050 2954 2306 3026 Deiparaa
2370 2954 2565 3011 Mariae
2617 2959 2962 3028 gestaretur,
2991 2972 3058 3012 ac
3106 2955 3428 3010 sententias
3475 2955 3697 3027 proprii

2053 3042 2318 3116 magistri
2350 3043 2644 3100 Hierothei
2679 3061 2747 3100 ex
2767 3045 2892 3114 ejus
2909 3044 3254 3100 funebribus
3276 3046 3347 3100 ad
3372 3045 3560 3116 ipsam
3586 3061 3704 3100 ser-

2052 3134 2331 3188 monibus
2366 3133 2644 3205 proferre,
2677 3134 2896 3204 fingere
2927 3135 3104 3190 etiam
3135 3133 3416 3206 epistolas
3447 3138 3505 3190 et
3532 3135 3707 3190 verba

289 3207 413 3295 γους
447 3221 523 3282 ὡς
556 3220 696 3294 πρὸς
722 3217 848 3281 τοὺς
882 3217 1126 3292 μαθητὰς
1163 3221 1270 3272 τῶν
1315 3216 1635 3272 ἀποστόλων
1693 3216 1941 3296 ἐκφωνη-

2058 3226 2343 3292 tanquam
2388 3223 2461 3277 ab
2513 3222 2910 3294 apostolorum
2960 3222 3268 3294 discipulis
3301 3223 3706 3294 pronuntiata,

293 3311 502 3381 θὲντας,
567 3307 744 3378 πόσης
799 3307 1022 3370 ἀτοπίας
1089 3307 1180 3362 καὶ
1253 3306 1669 3381 καταγνώσεως,
1719 3307 1807 3362 καὶ
1865 3312 1945 3380 τῷ

287 3399 505 3474 τυχόντι
555 3398 854 3470 ἀνθρώπῳ,
889 3398 1021 3468 μήτι
1067 3417 1130 3471 γε
1179 3393 1245 3464 δὴ
1296 3392 1451 3468 ἀνδρὶ
1479 3400 1735 3450 τοσοῦτον
1787 3395 1945 3470 ἀνηγ-

293 3487 433 3560 μένῳ
493 3487 636 3541 κατά
693 3506 752 3540 τε
804 3486 938 3553 ἦθος
993 3485 1084 3539 καὶ
1144 3488 1368 3560 γνῶσιν,
1399 3484 1488 3539 καὶ
1527 3486 1587 3539 τὸ
1640 3485 1944 3560 ὑπεραίρειν

290 3577 352 3630 τὰ
405 3575 646 3644 αἴσθητά
715 3575 911 3642 πάντα,
965 3574 1056 3628 καὶ
1127 3578 1244 3636 τοῖς
1307 3578 1520 3649 νοεροῖς
1594 3575 1946 3639 συνάπτεσθαι

291 3663 542 3733 κάλλεσι,
578 3663 668 3719 καὶ
696 3661 766 3717 δι’
797 3662 974 3718 αὐτῶν
1007 3663 1083 3724 ὡς
1114 3661 1332 3737 ἐφικτὸν
1361 3665 1506 3735 Θεῷῐ

360 3756 748 3829 Έξηγητικῶν
783 3751 878 3824 μὶε
905 3750 995 3805 οὖν
1033 3751 1441 3824 ὑπομνημάτων
1470 3753 1544 3813 ὡς
1595 3751 1678 3806 ὅτι
1713 3751 1949 3826 μάλιστα

299 3839 762 3914 διεξοδικωτάτων
820 3837 993 3894 ἰδεῖτο
1071 3840 1206 3914 πρὸς
1265 3839 1552 3913 ἑρμηνείαν
1629 3844 1726 3905 τῆς
1782 3842 1947 3896 αὑτοῦ

298 3929 675 4002 πολυμαθείας
709 3947 724 3960 ⁵
759 3927 907 3996 πλὴν
957 3925 1512 4005 κεφαλαιωδέστερον,
1546 3930 1621 3990 ὡς
1671 3932 1705 3998 ἡ
1755 3925 1946 4003 βίϐλος

299 4019 576 4093 ἐχώρησε,
607 4015 695 4072 διὰ
745 4015 1013 4093 σχολίων,
1066 4017 1131 4072 τά
1185 4017 1416 4095 φανέντα
1473 4038 1589 4090 μοι,
1617 4022 1724 4090 θεῷ
1753 4039 1946 4074 πεποι-

289 4109 420 4178 θὼς,
478 4108 847 4181 παρατέθεικα
916 4105 1053 4162 κατά
1106 4106 1234 4168 τοὺς
1326 4106 1447 4177 ἑξῆς
1524 4107 1950 4184 παρακειμένους

287 4194 505 4272 λόγους,
575 4194 670 4258 οὓς
721 4195 858 4258 τέως
919 4193 997 4258 είς
1044 4197 1140 4258 τὰς
1207 4194 1342 4270 ἐμὰς
1398 4195 1574 4260 ἐλθεῖν
1637 4191 1950 4270 συμϐέϐηκε

289 4292 478 4362 χεῖρας
510 4287 558 4343 ⁸.

2054 3315 2287 3382 quantae
2303 3311 2706 3380 absurditatis,
2725 3316 2780 3367 et
2793 3312 3300 3368 condemnationis
3321 3312 3505 3367 cuivis
3527 3313 3708 3367 etiam

2055 3415 2086 3455 e
2131 3400 2299 3470 plebe
2349 3400 2594 3468 homini,
2643 3416 2714 3456 ne
2759 3400 2950 3456 dicam
2993 3400 3116 3456 viro
3164 3401 3309 3457 adeo
3355 3400 3620 3456 moribus
3649 3403 3705 3456 et

2056 3489 2302 3544 scientia
2350 3489 2592 3558 elevato,
2623 3493 2680 3545 et
2727 3495 2939 3546 cuncta
2987 3489 3226 3545 sensilia
3272 3489 3595 3562 superanti,
3641 3507 3707 3544 ac

2057 3577 2602 3649 pulchritudinibus
2635 3584 2830 3634 mente
2861 3578 3121 3650 prmditis
3161 3579 3498 3650 conjuncta,
3532 3582 3706 3650 atque

2058 3683 2160 3738 per
2188 3683 2287 3722 eas
2318 3673 2601 3738 quantum
2634 3666 2769 3722 licet
2799 3667 2914 3723 Deo
2939 3667 2952 3722 i
3709 3667 3712 3670 ’

2129 3757 2583 3812 Commentariis
2614 3757 2850 3827 quidem
2901 3755 3286 3828 amplissimis
3320 3755 3388 3810 ad
3420 3755 3706 3825 interpre-

2057 3844 2335 3900 tationem
2369 3845 2613 3916 copiosae
2653 3847 2795 3900 adeo
2841 3845 3102 3899 scientiae
3131 3860 3280 3914 opus
3310 3846 3471 3909 erat;
3505 3847 3700 3897 tamen

2056 3933 2315 3998 brevius,
2343 3937 2631 4003 quantum
2665 3949 2865 4005 margo
2906 3931 3040 3986 libri
3071 3931 3359 4003 capiebat,
3387 3931 3489 3986 Dei
3523 3931 3706 3986 fretus

2060 4021 2294 4090 auxilio,
2326 4037 2392 4076 ea
2423 4037 2550 4093 quis
2581 4020 2725 4076 mihi
2743 4021 2868 4076 visa
2888 4025 3028 4076 sunt
3050 4019 3290 4076 scholiis
3318 4020 3375 4076 in
3398 4023 3708 4092 sequentes

2057 4110 2262 4176 libros,
2294 4126 2440 4181 quos
2491 4111 2562 4166 ad
2614 4126 2776 4167 meas
2826 4110 3112 4167 hactenus
3161 4109 3460 4182 pervenire
3499 4125 3711 4165 manus

2059 4199 2306 4272 contigit
2335 4199 2604 4271 apposui.

1374 4410 1458 4465 Ex
1478 4409 1709 4468 scholiis
1738 4411 2162 4482 diligentissimi
2188 4411 2476 4483 cujusdam
2502 4412 2631 4468 viri.

354 4533 558 4590 ’ἰστέον
591 4532 670 4595 ὥς
720 4552 864 4596 τινες
889 4535 995 4587 τῶν
1035 4529 1138 4603 ἕξω
1187 4530 1533 4609 φιλοσόφων,
1563 4534 1653 4588 καὶ
1716 4534 1941 4608 μάλιστα

2130 4539 2444 4594 Sciendum
2488 4537 2711 4607 aliquos
2763 4536 3138 4608 profanorum
3195 4534 3706 4607 philosophorum.

295 4622 567 4697 Πρόκλος,
603 4624 926 4696 θεωρήμασι
974 4619 1246 4684 πολλάκις
1302 4627 1400 4677 τοῦ
1452 4622 1720 4696 μακαρίου
1765 4633 1948 4680 Διονυ-

294 4710 406 4766 σίου
455 4711 763 4786 κέχρηται,
813 4709 905 4764 καὶ
958 4708 1146 4772 αὑταῖς
1195 4707 1252 4764 δὲ
1298 4711 1485 4785 ξηραῖς
1541 4718 1662 4775 ταῖς
1721 4712 1893 4784 λέξεσι
1929 4731 1941 4748 ⁶

295 4801 375 4855 καὶ
424 4796 578 4856 ἔστιν
630 4797 890 4854 ὑπόνοιαν
937 4797 996 4852 ἐκ
1039 4797 1234 4853 τούτου
1283 4796 1467 4854 λαϐεῖν
1515 4801 1588 4862 ὡς
1621 4801 1670 4855 οἱ
1701 4799 1752 4855 ἐν
1788 4803 1948 4873 Ἀθή-

296 4911 404 4952 ναις
433 4887 808 4963 παλαιότεροι
857 4891 962 4941 τῶν
1015 4885 1356 4964 φιλοσόφων,
1389 4889 1830 4966 σφετερισάμενοι
1861 4891 1955 4954 τάς

299 4978 452 5033 αὑτοῦ
515 4973 929 5053 πραγματείας,
968 4975 1041 5037 ὡς
1090 4973 1142 5030 έν
1189 4979 1256 5050 τῇ
1313 4977 1560 5052 παρούσῃ
1621 4978 1954 5053 ἀπομνημο-

296 5068 424 5122 νεύει
487 5061 702 5142 βίϐλῳ,
735 5064 1070 5138 ἀπέκρυψαν,
1122 5061 1215 5118 ἵνα
1270 5065 1493 5138 πατέρες
1542 5066 1693 5122 αὐτοὶ
1751 5068 1955 5146 ὀφθῶσι

297 5158 396 5209 τῶν
448 5155 618 5210 θείων
669 5152 836 5210 αὐτοῦ
895 5153 1137 5229 Αογίωνο
1170 5155 1260 5208 καὶ
1303 5156 1419 5209 κατ’
1451 5154 1770 5230 οἰκονομίαν
1825 5160 1957 5213 Θεοῦ

294 5248 380 5298 νῦν
441 5242 687 5321 ἀνεφάνη
738 5245 774 5311 ἡ
833 5245 1079 5317 παροῦσα
1133 5243 1478 5318 πραγματεία
1530 5247 1665 5320 πρὸς
1723 5245 1956 5323 ἔλεγχον

297 5341 390 5402 τῆς
430 5332 613 5388 αὐτῶν
646 5328 959 5403 κενοδοξίας
989 5329 1078 5385 καὶ
1112 5329 1476 5409 ῥᾳδιουργίας.
1511 5335 1607 5389 Καὶ
1659 5334 1741 5390 ὅτι
1796 5336 1960 5407 σύνη-

2060 4633 2118 4682 et
2149 4628 2398 4682 maxime
2447 4625 2734 4694 Proclum,
2781 4641 2931 4696 sepe
2978 4640 3155 4680 usum
3206 4623 3708 4696 speculationibus

2061 4716 2214 4772 beati
2273 4714 2572 4787 Dionysii;
2621 4713 2742 4771 imo
2791 4713 2935 4784 ipsis
2985 4713 3162 4768 etiam
3213 4711 3388 4767 nudis
3443 4710 3709 4765 dictioni-

2062 4805 2222 4874 bus;
2283 4805 2437 4859 unde
2493 4819 2562 4858 ex
2621 4803 2728 4858 hoc
2787 4803 3074 4875 suspicari
3131 4801 3286 4869 licet,
3347 4798 3708 4869 antiquiores

2064 4893 2306 4949 Athenis
2333 4891 2736 4964 philosophos,
2768 4891 2947 4963 hujus
2970 4905 3146 4962 opera
3180 4889 3290 4944 sibi
3319 4886 3713 4954 vindicantes,

2066 4983 2218 5040 sicut
2267 4983 2325 5037 in
2372 4983 2644 5053 praesenti
2694 4981 2842 5036 libro
2896 4980 3190 5044 admonet,
3241 4975 3588 5042 occultasse,
3647 4980 3716 5031 ut

2065 5071 2181 5143 ipsi
2231 5071 2562 5126 divinorum
2615 5071 2741 5140 ejus
2786 5068 3066 5124 librorum
3115 5068 3379 5120 auctores
3427 5081 3492 5120 ac
3525 5067 3719 5137 patres

2065 5161 2446 5227 viderentur;
2509 5164 2566 5216 et
2614 5159 2711 5215 Dei
2763 5154 3198 5228 dispensatione
3259 5170 3419 5208 nunc
3467 5170 3725 5225 praasens

2069 5267 2217 5322 opus
2248 5249 2718 5304 demonstratum
2765 5249 2874 5310 est,
2923 5244 2993 5299 ad
3026 5243 3289 5314 ipsorum
3322 5242 3641 5299 vanitatem
3673 5246 3731 5298 et

2073 5339 2394 5411 nequitiam
2445 5334 2932 5408 redarguendam.
2988 5331 3301 5388 Familiare
3351 5336 3552 5388 autem
3581 5331 3728 5403 ipsis

1325 5461 1557 5518 VARUE
1596 5463 1982 5520 LECTIONES
2025 5466 2114 5520 ET
2152 5461 2710 5521 CORRECTIONES.

370 5583 390 5617 τ
420 5580 726 5654 σύνταγμα.
763 5649 778 5654 _
803 5579 826 5615 ⁸
854 5577 1261 5654 [ξίφη-ψίαηιιιη
1305 5594 1410 5634 ms.
1458 5581 1665 5654 minis
1691 5589 1832 5654 recte
1862 5597 1978 5638 meo
2027 5581 2231 5654 iudicio
2274 5582 2432 5652 pom“:
2477 5579 2578 5636 hoc
2612 5579 2722 5635 loco
2769 5593 2833 5635 ea
2884 5593 3011 5651 quae
3038 5595 3099 5635 ιη
3129 5577 3371 5635 editione
3397 5576 3723 5634 Horatiana.

309 5646 729 5726 recesserunt,
761 5646 950 5720 ἐπειδὴ
981 5646 1039 5705 δέ
1067 5668 1236 5721 τινες,
1270 5665 1436 5721 quam
1462 5652 1696 5724 proinde
1724 5653 1819 5710 hic
1846 5669 1938 5724 seq

2058 5646 2356 5710 ualuimus.
