4042 6210
951 390 1009 442 Β.
1051 387 1324 442 ΜΔΧΙΜΙ
1359 385 1668 440 BCHOLIA
1704 386 1777 439 1N
1815 386 1930 438 LIB

2002 386 2090 438 DE
2127 384 2451 439 C(ELESTI
2488 384 2959 439 HIEBARCHIA.

3596 375 3666 430 30

690 690 1163 865 ΤΟΥ
1297 690 2011 864 ΑΓΙΟΥ
2149 689 3240 862 ΜΑΞΙΜΟΥ

1631 961 2289 1092 ΣΧΟΛΙΑ

455 1194 660 1288 ΕΙΣ
744 1194 910 1289 TA
989 1194 1239 1292 ΤΟΥ
1314 1194 1693 1291 ΑΓΙΟΥ
1771 1195 2458 1290 ΔΙΟΝΥΣΙΟΥ
2535 1191 3463 1290 ΑΡΕΟΠΑΓΙΤΟΥ.

969 1403 2951 1694 ΞΑΝΟΤῘΜΑΧΙΜΙ

1351 1799 2550 1935 COMMENTABIA

737 2169 1167 2265 SANCTI
1237 2167 1798 2263 DIONYSII
1863 2168 2686 2263 AREOPAGITE
2757 2169 3162 2264 OPERA

1042 2337 1377 2420 Interprele
1403 2337 1588 2399 Petro
1614 2337 1938 2414 Lansselio,
1969 2337 2288 2400 Socielatts
2315 2338 2452 2400 Jesu
2476 2339 2843 2420 presbytero.

1822 2610 1935 2662 ΕΙΣ
1977 2607 2070 2663 ΤΟ

912 2751 1209 2847 ΠΕΡΙ
1273 2752 1514 2847 ΤΗΣ
1573 2751 2202 2848 ΟΥΡΑΝΙΑΣ
2271 2750 2972 2847 ΙΕΡΑΡΧΙΑΣ.

1730 3057 1811 3119 IN
1854 3057 2153 3120 LIBRUM

1110 3208 1276 3304 DE
1346 3207 1906 3306 CCELESTI
1970 3207 2768 3305 HIEBARCHIA.

553 3531 919 3588 ΕΞΗῙἮΣΙΣ
959 3531 1098 3588 ΤΠΣ
1139 3531 1564 3588 ΕΗΓΓΡΑΦΗΣ.

299 3619 627 3697 Ἰεραρχίας.
681 3617 903 3689 Ἐπειδὴ
957 3622 993 3690 ἡ
1050 3619 1324 3698 ἐπιγραφὴ
1379 3620 1661 3696 ἱεραρχίαν
1717 3615 1835 3696 ἔχει
1869 3664 1884 3690 ,

1914 3533 1971 3600 Α

2414 3534 2458 3588 1
2502 3531 2925 3590 EXPLICATIO
2963 3533 3223 3590 TITULI.

2066 3621 2429 3680 Hierarchiae.
2464 3623 2950 3694 Quandoquidem
2988 3622 3296 3694 inscriptio
3326 3623 3538 3680 habeat
3563 3620 3642 3677 ie-

236 3707 410 3764 καλεῖν
473 3707 668 3764 εἷ’ωϐεν
749 3709 1008 3785 ἱεράρχας
1082 3708 1209 3771 τοὺς
1278 3708 1626 3772 ἐπισκόπους.
1689 3712 1883 3765 Ἰστὲον

2002 3709 2247 3784 ραρχίαν,
2308 3711 2518 3767 solitus
2575 3715 2665 3767 est
2714 3727 2916 3767 vocare
2972 3708 3231 3786 ἱεράρχας
3285 3712 3639 3783 episcopos:

233 3797 343 3869 οὖν,
391 3797 476 3853 ὅτι
530 3797 790 3873 ἱεραρχία
841 3798 934 3870 μὲν
989 3793 1128 3854 ἔστιν
1161 3801 1196 3868 ἡ
1235 3802 1335 3864 τῆς
1385 3796 1674 3870 διατάξεως
1719 3799 1888 3864 αὐτῆς

235 3889 334 3939 τῶν
365 3887 528 3961 ἱερῶν
560 3887 713 3962 ἀρχὴ
743 3887 834 3940 καὶ
867 3887 1032 3942 οἱονεὶ
1055 3886 1390 3965 φροντίς·καὶ
1421 3888 1685 3963 ἱεράρχης
1717 3889 1745 3943 6
1773 3893 1882 3943 τῶν

236 3973 396 4046 ἱερῶν
422 3975 610 4050 ἄρχων
641 3977 731 4030 καὶ
772 3975 1072 4054 φροντίζων
1120 3975 1209 4032 καὶ
1241 3981 1511 4052 προνοῶν,
1541 3975 1601 4031 οὐ
1635 3977 1744 4050 μὴν
1774 3978 1884 4032 τῶν

234 4065 340 4117 τῶν
365 4063 519 4139 ἱερῶν
561 4065 713 4139 ἀρχῆ
743 4065 831 4119 καὶ
863 4065 1026 4120 οἱονεί
1059 4065 1397 4140 φροντίςοκαὶ
1429 4066 1696 4142 ἱεράρχης
1721 4067 1749 4121 6
1772 4069 1880 4122 τῶν

233 4151 431 4224 ἱερέων·
464 4151 621 4209 ἀλλᾶ
649 4154 677 4208 6
705 4153 773 4208 τὰ
818 4154 938 4228 ἰερὰ
984 4155 1073 4209 καὶ
1119 4155 1220 4224 τήν
1268 4155 1588 4210 κατάστασιν
1617 4154 1792 4210 αὐτῶν
1823 4175 1883 4212 τι

231 4240 309 4294 καὶ
354 4249 458 4311 τῆς
501 4240 863 4312 Ἐκχλησίας,
912 4244 1000 4298 καὶ
1050 4247 1158 4299 τῶν
1211 4243 1523 4318 μυστηρίων
1560 4241 1878 4315 διατάσσων,

233 4327 285 4382 οὗ
314 4332 421 4402 μὴν
458 4332 488 4386 6
518 4331 846 4407 ἀρχιερεύς.
885 4331 1094 4402 Ταύτην
1129 4329 1187 4388 δὲ
1231 4333 1330 4401 τὴν
1362 4332 1617 4408 ἐξήγησιν
1669 4334 1759 4388 καὶ
1789 4334 1880 4390 αό-

231 4418 357 4480 τὸςὸ
387 4419 570 4495 μέγας
602 4421 890 4483 Διονύσιος
938 4421 1088 4476 κάτω
1136 4419 1487 4495 παρατίθεται
1539 4420 1590 4477 ἐν
1639 4427 1717 4495 τῷ
1745 4422 1877 4500 Περὶ

229 4513 315 4575 τῆς
345 4507 820 4579 ἐκχλησιαστικῆς
853 4509 1136 4585 ἱεραρχίας
1168 4507 1340 4586 λόγῳ.

289 4596 341 4649 '0
366 4592 769 4670 πρεσϐύτερος.
823 4598 1161 4671 Σημείωσαι,
1212 4599 1288 4661 ὡς
1335 4598 1398 4653 τὸ
1429 4601 1450 4636 ⁹
1496 4603 1593 4654 τοῦ
1638 4596 1878 4675 πρεσϐυ-

227 4685 369 4758 τέρου
426 4681 621 4759 ὄνομα
689 4686 780 4741 καὶ
833 4687 926 4742 τὸν
991 4685 1287 4743 ἐπίσκοπον
1345 4685 1530 4759 δηλοῖ·
1583 4687 1771 4759 ἐπειδὴ
1835 4693 1878 4729 ¹⁰

229 4769 583 4849 πρεσϐύτερός
636 4773 744 4830 ἐστι
796 4775 884 4831 καὶ
916 4775 1284 4839 ὁίπίσκοποςο
1317 4777 1407 4832 καὶ
1456 4782 1617 4833 τοῦτο
1670 4776 1875 4850 δηλοῦ-

228 4881 298 4916 ται
327 4865 414 4918 καὶ
447 4865 504 4919 ἒν
533 4868 662 4925 ταῖς
709 4863 936 4940 Ηράξεσι
985 4870 1094 4921 τῶν
1149 4865 1316 4940 ἁγίων
1371 4865 1716 4937 ἀποστόλων,
1749 4864 1874 4932 ἔνθα

231 4948 275 5003 ἰν
303 4952 452 5023 Ἀσίᾳ
498 4973 855 5008 συντασσεται
896 4959 1014 5017 ταῖς
1060 4953 1414 5026 Ἐκκλησίαις
1461 4956 1630 5026 αὐτῆς
1664 4957 1692 5011 6
1724 4957 1874 5032 ἅγιος

230 5038 524 5104 ἀπόστολος
561 5038 806 5104 Παῦλος.

714 5151 829 5208 ΕΙΣ
869 5155 950 5205 ΤΟ
990 5152 1248 5209 ΚΕΦΑΛ.
1289 5151 1369 5209 Α’.

285 5238 382 5311 §I.
418 5245 583 5296 Πᾶσα
631 5236 779 5302 δόσις
832 5239 1036 5315 ἀγαθή.
1105 5239 1422 5313 Σημείωσαι
1470 5240 1556 5296 ὅτι
1601 5243 1870 5319 κέχρηται

228 5323 546 5402 δμακάριος
597 5327 877 5392 Διονύσιος
931 5332 1000 5403 τῇ
1051 5332 1148 5384 τοῦ
1200 5330 1354 5406 ἁγίου
1400 5325 1659 5388 Ἰακώϐου
1705 5345 1868 5398 καθο-

283 5480 345 5549 (c)
374 5483 505 5538 Act.
536 5497 634 5537 xx.

1903 4906 1951 4972 B

1995 3801 2300 3857 sciendum
2331 3801 2507 3872 igitur
2535 3804 2644 3866 est,
2667 3801 2821 3871 quod
2850 3797 3103 3874 ίεραρχία
3129 3799 3364 3869 quidem
3391 3799 3468 3854 sit
3485 3799 3641 3870 prin-

1993 3889 2211 3961 cipium
2271 3888 2460 3960 ipsius
2517 3886 2918 3959 dispositionis
2974 3903 3296 3957 sacrorum,
3355 3890 3413 3942 et
3459 3886 3639 3943 veluti

1993 3993 2154 4045 cura,
2185 3979 2244 4032 et
2283 3975 2548 4050 ἱεράρχης
2595 3991 2898 4032 sacrorum
2930 3974 3203 4048 princeps
3232 3979 3290 4032 et
3317 3978 3555 4031 curator
3580 3979 3641 4032 et

1992 4066 2277 4138 provisor,
2307 4080 2414 4120 nec
2444 4069 2643 4121 tamen
2675 4064 3050 4121 sacerdotum
3075 4081 3089 4131 ;
3123 4063 3226 4119 sed
3258 4063 3310 4120 is
3339 4063 3441 4136 qui
3472 4079 3642 4121 sacra

1989 4160 2047 4212 et
2075 4155 2338 4228 ipsorum
2370 4154 2874 4220 constitutionem,
2907 4159 3083 4226 atque
3113 4153 3405 4223 Ecclesiae,
3427 4157 3484 4210 et
3513 4169 3640 4226 my-

1989 4243 2301 4300 steriorum
2334 4243 2614 4317 disponit,
2645 4259 2752 4300 nec
2798 4246 2996 4300 tamen
3027 4242 3639 4315 princeps-sacerdos.

1987 4338 2145 4390 Hanc
2192 4337 2390 4390 autem
2439 4332 2906 4406 explanationem
2965 4332 3142 4389 etiam
3202 4333 3328 4405 ipse
3385 4347 3638 4405 magnus

1986 4421 2298 4496 Dionysius
2341 4421 2497 4478 infra
2549 4422 2811 4495 opponit,
2855 4423 2916 4478 in
2963 4421 3112 4479 libro
3159 4423 3234 4479 De
3273 4423 3637 4479 ecclesiastica

1985 4513 2326 4570 hierarchia.

2058 4603 2104 4658 2
2138 4601 2450 4673 Presbyter.
2481 4601 2630 4657 Nota
2668 4601 2991 4672 presbyteri
3022 4617 3237 4658 nomen
3267 4599 3443 4657 etiam
3475 4599 3634 4671 epis-

1985 4708 2195 4762 copum
2219 4689 2517 4747 declarare
2541 4708 2556 4759 ;
2589 4689 3064 4762 quandoquidem
3081 4689 3386 4763 presbyter
3401 4699 3636 4760 quoque

1985 4781 2063 4836 sit
2085 4779 2395 4852 episcOpus
2429 4797 2441 4836 :
2475 4778 2620 4834 illud
2655 4779 2832 4835 etiam
2865 4780 3196 4836 declaratur
3222 4778 3281 4834 in
3311 4777 3467 4834 Actis
3498 4792 3632 4832 san-

1984 4873 2209 4925 ctorum
2243 4867 2646 4940 apostolorum
2677 4868 2770 4941 (c),
2815 4868 2915 4924 ubi
2944 4872 3184 4926 sanctus
3213 4865 3428 4924 Paulus
3457 4881 3632 4939 apos-

1983 4957 2139 5015 tolus
2171 4958 2231 5014 in
2259 4957 2398 5014 Asia
2425 4956 2719 5016 Ecclesiae
2749 4959 2878 5031 ejus
2907 4957 3187 5016 instituit.

2053 5247 2084 5320 §
2113 5247 2155 5302 Ι.
2191 5246 2362 5304 Omne
2390 5246 2579 5304 datum
2607 5157 2995 5303 (9011:1320:
3025 5245 3261 5302 beatum
3280 5245 3628 5318 Dionysium

1980 5351 2154 5394 usum
2188 5337 2371 5394 fuisse
2399 5334 2659 5409 Epistola
2687 5333 2974 5392 catholica
3021 5334 3210 5392 sancti
3238 5336 3440 5395 Jacobi
3471 5335 3629 5411 (inde

1234 5578 1468 5640 νΑιιω
1499 5582 1888 5645 LEGTIONES
1924 5587 2016 5645 ET
2055 5582 2604 5645 CORRECTIONES.

285 5665 304 5699 ⁸
330 5661 407 5734 δὶ,
441 5666 533 5721 ὅτι
568 5666 654 5723 τό.
734 5667 779 5704 ⁸⁸
807 5666 880 5730 ὡς
913 5665 1018 5722 ὅτι.
