4042 6210
329 355 396 411 31
649 331 651 336 ’
1161 355 1524 409 APPENDIX
1561 353 1658 406 AD
1692 350 1940 406 OPERA
1973 353 2033 405 s.
2073 352 2386 408 momen
2425 353 2931 410 AREOPAGITE.
3679 345 3752 401 32

326 477 484 534 enim
558 476 674 532 ista
743 475 1084 547 scriptura),
1161 478 1411 546 tumque
1487 472 1703 529 editam
1784 471 1982 528 fuisse.

2129 475 2232 545 ,ικῇ
2287 471 2574 547 ἐπιστολῇ·
2635 471 2834 536 ἐκεῖθεν
2882 474 2984 550 γάρ
3033 472 3143 527 ἐστι
3189 472 3251 527 τὸ
3304 468 3488 547 ῥητόν·
3528 468 3617 523 καὶ
3672 468 3758 523 δτι

401 655 623 710 Etenim
653 669 723 710 ex
753 655 889 726 ipso.
927 653 1056 708 Haec
1102 652 1173 707 de
1222 650 1390 721 Filio,
1421 655 1703 723 tanquam
1735 655 1870 715 Deo,
1901 649 1990 706 lo-

334 744 553 816 quitur.

405 835 433 900 §
466 832 532 886 II.
564 831 604 886 Α
635 832 898 886 Patribus
932 829 1182 885 traditas.
1219 832 1414 884 Patres
1441 828 1536 884 hic
1568 827 1863 900 signiﬁcat
1891 843 1990 883 eos

338 920 436 992 qui
471 920 583 991 ipsi
615 919 944 975 doctrinam
1000 919 1391 984 tradiderunt,
1442 935 1557 972 non
1587 934 1720 973 vero
1751 921 1990 971 natura-

332 1008 420 1064 les
446 1026 460 1076 ;
491 1025 560 1063 ex
585 1007 904 1077 gentilibus
944 1007 1098 1064 enim
1131 1011 1255 1062 erat
1284 1024 1295 1062 :
1331 1006 1484 1061 sicut
1530 1005 1827 1062 declarant
1855 1007 1990 1060 Acta

334 1101 675 1154 sanctorum
707 1095 1129 1168 apostolorum,
1185 1099 1359 1168 atque
1392 1095 1518 1166 ipse
1548 1094 1608 1149 in
1640 1093 1886 1166 epistola
1916 1095 1986 1149 ad

335 1189 608 1242 sanctum
660 1185 1062 1258 Polycarpum,
1116 1189 1173 1240 et
1203 1184 1262 1238 in
1312 1184 1501 1256 capite
1544 1199 1698 1239 nono
1753 1183 1990 1238 Caelestis

334 1276 690 1331 hierarchz'az.

406 1382 729 1453 Symbolice.
761 1381 958 1451 Neque
1005 1381 1162 1436 enim
1205 1395 1473 1435 sermone
1504 1378 1850 1434 naturaliter
1891 1394 1987 1433 ac-

332 1476 500 1543 cepto
526 1470 704 1537 dicit;
743 1471 845 1526 sed
879 1487 980 1540 per
1007 1469 1178 1541 signa
1220 1468 1488 1540 quaedam
1520 1473 1578 1524 et
1607 1467 1916 1540 imagines.

405 1575 692 1644 Montium,
741 1576 837 1630 Gr.
887 1577 1052 1630 νοῶν.
1088 1572 1226 1634 Νόας
1277 1578 1488 1630 vocant
1516 1573 1690 1630 etiam
1741 1572 1990 1645 gentiles

337 1663 697 1736 philosophi,
750 1662 1164 1735 intelligentes,
1216 1679 1317 1718 seu
1359 1662 1653 1734 angelicas
1701 1663 1988 1729 virtutes;

2101 558 2378 616 ἐκδοθεῖσα
2408 564 2474 631 ἦν
2507 559 2640 632 ἤδη.

2171 651 2269 704 Καὶ
2323 651 2424 728 γὰρ
2481 653 2531 722 ἐξ
2604 651 2786 709 αὐτοῦ.
2844 655 3020 705 Ταῦτα
3087 651 3212 724 περὶ
3284 652 3382 704 τοῦ
3449 647 3577 701 ficii
3636 647 3759 701 Θεο-

2099 737 2272 815 λογεῖ.

2169 830 2296 897 §II.
2375 825 2891 904 ΙΙατροπαραδότου.
2965 827 3208 903 Πατέρας
3285 825 3510 881 ἐνταῦθα
3584 821 3760 894 δηλοῖ

2101 920 2141 953 ¹¹
2176 918 2304 978 τοὺς
2329 915 2668 994 παραδόντας
2703 917 2847 990 αὐτῷ
2874 919 2936 972 τὸ
2967 915 3167 991 δόγμα,
3218 914 3279 970 οὐ
3311 916 3418 988 μὴν
3449 912 3575 975 τοὺς
3600 935 3760 989 φυσιο

2099 1006 2250 1067 κούς·
2285 1007 2336 1076 ἐξ
2385 1006 2668 1078 Ἑλλήνιον
2722 1007 2826 1082 γάρ
2865 1008 2950 1074 ἦν,
3003 1006 3078 1068 ὡς
3109 1003 3369 1073 δηλοῦσιν
3421 1004 3474 1058 αἱ
3525 1002 3754 1078 Πράξεις

2097 1100 2206 1149 τῶν
2238 1096 2408 1169 ἁγίων
2452 1095 2794 1162 ἀποστόλων,
2826 1093 2915 1149 καὶ
2963 1092 3123 1155 αὐτὸς
3177 1095 3359 1166 μὲντοι
3408 1091 3460 1146 ἐν
3504 1095 3573 1163 τῇ
3616 1089 3760 1166 πρὸς

2097 1184 2188 1237 τὸν
2247 1184 2399 1259 ἅγιον
2455 1183 2816 1258 Πολύκαρπον
2869 1180 3156 1256 ἐπιστολῇ,
3214 1183 3306 1236 καὶ
3350 1179 3404 1235 ἐν
3455 1184 3534 1252 τῷ
3580 1181 3622 1232 0'
3661 1199 3758 1233 κε-

2100 1271 2318 1350 φαλαίῳ
2345 1277 2424 1343 τῷ
2448 1271 2574 1347 Περὶ
2603 1275 2701 1342 τῆς
2733 1270 2988 1348 οὐρανίου
3019 1269 3328 1345 ἱεραρχίας.

2173 1375 2560 1452 Συμϐολικῶς.
2595 1379 2674 1435 Οὐ
2702 1378 2802 1454 γὰρ
2834 1376 3237 1456 φυσιολογικῶς
3269 1397 3453 1451 φησιν,
3485 1373 3634 1430 ἀλλὰ
3663 1371 3757 1429 διὰ

2100 1463 2393 1540 συμϐόλων
2425 1473 2586 1522 τινῶν
2618 1467 2706 1522 καὶ
2735 1468 2982 1523 εἰκόνων.

2173 1577 2260 1646 [α’]
2299 1579 2479 1631 Νοῶν.
2516 1576 2661 1637 Νόας
2708 1572 2936 1630 καλοῦσι
2987 1575 3077 1629 καὶ
3129 1574 3181 1627 οἱ
3228 1573 3354 1648 παρ’
3390 1569 3629 1642 ’Ἑλλησι
3662 1592 3751 1648 φι-

2099 1662 2328 1739 λόσοφοι
2357 1665 2451 1725 τὰς
2481 1665 2691 1738 νοεράς,
2723 1661 2848 1732 ἤτοι
2897 1660 3191 1739 ἀγγελικάς
3248 1658 3524 1733 δυνάμεις·
3565 1657 3755 1728 ἐπειδὴ

338 1752 818 1824 quandoquidem
869 1751 1109 1808 omnino
1155 1751 1568 1822 unusquisque
1616 1750 1880 1822 ipsorum
1910 1751 1989 1805 sit

2131 1753 2160 1808 ὸ
2207 1758 2308 1807 πᾶν
2357 1757 2482 1814 νοῦς
2529 1752 2669 1806 ἐστιν
2740 1749 2964 1813 ἕκαστος
3011 1751 3211 1818 αὐτῶν,
3264 1749 3356 1804 καὶ
3403 1750 3502 1817 τήν
3569 1747 3753 1804 οὐσίαν

339 1857 535 1910 mens;
561 1845 618 1896 et
640 1840 973 1896 universam
997 1839 1389 1896 substantiam
1410 1842 1665 1894 mentem
1683 1838 1996 1905 viventem,

2129 1842 2308 1896 ίπασαν
2357 1845 2482 1896 νοῦν
2538 1846 2713 1910 ζῶντα
2761 1840 2836 1902 εἰς
2871 1840 2934 1895 τὸ
2965 1837 3106 1902 εἶδος
3135 1840 3197 1894 τὸ
3247 1839 3448 1893 ἑαυτῶν
3477 1837 3756 1910 οὐσιωμὲ-

340 1929 399 1985 in
419 1930 674 2002 speciem
700 1946 868 1985 suam
891 1927 1347 1984 substantialem
1380 1927 1622 1995 habeat;
1653 1926 1772 1988 νόες
1801 1932 1996 1982 autem

340 2023 624 2074 vocantur
656 2022 892 2089 propter
927 2017 1232 2074 meliorem
1266 2015 1675 2072 declinationis
1707 2017 1871 2072 factae
1903 2033 1997 2072 so-

344 2097 512 2178 num,
541 2107 1015 2179 quandoquidem
1068 2106 1374 2177 oportebat
1419 2122 1453 2159 a
1501 2105 1754 2162 dictione
1797 2105 1997 2170 ὁνοῦς,

341 2197 438 2248 τοῦ
455 2199 549 2249 νοῦ
568 2195 794 2268 plurale
816 2215 840 2256 ς
857 2195 909 2248 οἱ
939 2199 1027 2248 νοῖ
1045 2212 1176 2251 esse
1199 2215 1212 2263 ;
1247 2194 1347 2250 sed
1372 2199 1606 2266 prOpter
1625 2195 1998 2267 euphoniam,

345 2300 416 2341 ex
445 2284 558 2340 alio
617 2288 772 2340 recto
822 2283 1130 2356 singulari,
1177 2283 1397 2338 factum
1456 2287 1546 2338 est
1588 2283 1640 2335 οἱ
1687 2282 1823 2344 νόες.
1872 2283 2002 2338 Haec

347 2375 507 2430 enim
557 2375 923 2429 consuetudo
971 2373 1178 2429 Atticis
1227 2373 1329 2443 qui
1378 2371 1583 2427 dicunt
1623 2370 2003 2448 Ἀριστοφάναι

350 2467 407 2518 et
438 2460 728 2536 Σωκράται
779 2479 881 2534 pro
934 2461 986 2514 oi
1018 2458 1425 2536 Ἀριστοιράνεις
1477 2466 1533 2516 et
1579 2460 1634 2512 oi
1672 2461 2000 2534 Σωκράτεις.

350 2553 500 2607 Sunt
554 2567 687 2606 vero
743 2552 919 2607 etiam
971 2552 1071 2622 qui
1123 2551 1323 2605 dicant
1375 2549 1425 2601 οἱ
1474 2549 1591 2602 νόοι
1641 2554 1921 2621 tanquam
1972 2567 2006 2604 a

349 2639 493 2705 νόος,
525 2643 622 2693 τοῦ
653 2638 780 2692 νόου
807 2657 819 2706 ;
863 2645 1029 2694 vocat
1061 2644 1257 2695 autem
1309 2638 1485 2694 etiam
1517 2638 1819 2710 Scriptura
1845 2639 2005 2710 ipsas

349 2730 458 2785 hoc
491 2728 749 2798 nomine,
799 2729 954 2784 sicut
986 2729 1043 2783 in
1076 2728 1248 2794 Isaia,
1303 2743 1461 2781 mens
1506 2743 1712 2795 magna
1750 2729 2007 2798 princeps

349 2819 672 2890 Babylonis,
706 2817 816 2873 hoc
844 2822 934 2872 est
965 2817 1257 2873 diabolus.
1299 2817 1633 2870 Secundum
1668 2819 1835 2871 Iones
1898 2816 2004 2883 igi-

351 2909 470 2976 tur,
499 2909 647 2972 νοῦς,
675 2903 820 2974 νοὸς,
873 2902 1009 2974 νόες,
1059 2905 1214 2961 sicut
1261 2906 1455 2978 χροῦς,
1509 2902 1700 2978 χροὸς,
1735 2903 1786 2956 οἱ
1818 2901 2007 2978 χρόες,

361 2993 552 3050 ionica
581 2993 738 3050 enim
767 2993 1099 3050 declinatio.

422 3083 1010 3154 Superprincipialem,
1068 3083 1166 3139 Gr.
1221 3081 1580 3156 ὑπεράρχιον.
1641 3080 2004 3156 ’Υπεράρχιος

2105 1951 2194 1984 νον
2237 1924 2373 2005 ἔχει·
2423 1950 2540 1991 νοες
2587 1928 2879 1985 καλοῦνται
2927 1929 3064 2002 πρὸς
3107 1928 3170 1982 τὸ
3233 1926 3598 2005 εὐφωνότερον
3650 1933 3753 1997 τῆς

2106 2018 2339 2082 κλίσεως
2389 2017 2708 2094 γενομένης·
2767 2014 2955 2084 ἐπειδή
3015 2017 3183 2092 ἐχρῆν
3237 2016 3342 2070 ἀπὸ
3385 2019 3482 2069 τοῦ
3534 2016 3562 2070 6
3612 2019 3771 2088 νοῦς,

2107 2111 2202 2162 τοῦ
2230 2111 2347 2177 νοῦ,
2384 2107 2447 2161 τὸ
2495 2106 2860 2178 πληθυντικὸν
2903 2107 2956 2161 οἱ
3005 2110 3096 2160 νοῖ
3144 2106 3299 2160 εἶναι·
3351 2101 3500 2159 ἀλλά
3540 2101 3630 2158 διὰ
3658 2105 3758 2172 τὴν

2111 2196 2375 2274 εὐφωνίαν
2424 2193 2477 2266 ἐξ
2525 2195 2704 2266 ἄλλης
2754 2195 2957 2259 εὐθείας
3005 2195 3188 2264 ἑνικῆς
3237 2194 3456 2270 γέγονεν
3517 2194 3571 2247 οἱ
3625 2194 3766 2256 νόες·

2110 2279 2230 2348 ἔθος
2283 2287 2384 2360 γὰρ
2440 2288 2605 2339 τοῦτο
2663 2285 2952 2352 Ἀττικοῖς,
3010 2281 3062 2337 οτί
3115 2303 3273 2361 φασιν
3306 2325 3319 2351 ,
3380 2283 3760 2358 Ἀριστοφάναι

2109 2373 2200 2428 καὶ
2260 2373 2565 2446 Σωκράται,
2623 2372 2737 2426 ἀντὶ
2815 2377 2910 2426 τοῦ
2982 2373 3034 2426 οἱ
3092 2371 3503 2448 Ἀριστοφᾶνεις
3561 2371 3652 2425 καὶ
3711 2371 3763 2425 οἱ

2114 2464 2444 2537 Σωκράτεις.
2496 2461 2612 2516 Ei’ci
2660 2458 2716 2515 δὲ
2777 2461 2867 2516 καὶ
2918 2459 3166 2536 λέγοντες
3215 2461 3266 2514 οἳ
3325 2458 3464 2531 νόοι,
3524 2460 3598 2522 ὡς
3656 2459 3760 2514 ἀπὸ

2111 2555 2208 2606 τοῦ
2268 2553 2296 2605 6
2346 2551 2492 2622 νόος,
2547 2554 2643 2604 τοῦ
2715 2550 2864 2604 νόου·
2926 2548 3086 2604 καλεῖ
3159 2545 3216 2602 δὲ
3292 2547 3486 2610 αὐτοὺς
3563 2549 3653 2602 καὶ
3723 2550 3758 2617 ἡ

2112 2639 2297 2716 Γραφὴ
2341 2642 2421 2710 τῷ
2465 2638 2691 2710 ὀνόματι
2739 2635 2937 2708 τούτῳ,
2969 2634 3042 2697 ὠς
3076 2635 3126 2689 ἐν
3159 2633 3370 2706 Ἡσαΐᾳ·
3404 2637 3547 2696 Νοῦς
3591 2633 3760 2708 μέγας

2115 2728 2143 2781 6
2190 2725 2376 2801 ἄρχων
2430 2721 2777 2795 Βαϐυλῶνος,
2827 2725 2978 2778 τοῦτ’
3031 2721 3171 2778 ἔστιν
3222 2723 3251 2777 6
3303 2717 3582 2784 διάϐολος·
3625 2723 3762 2776 κατὰ

2115 2818 2310 2878 Ἴωνας
2348 2814 2528 2868 τοίνυν
2573 2817 2721 2881 νοῦς,
2773 2814 2921 2880 νοὸς,
2953 2813 3096 2885 νόες,
3127 2813 3203 2874 ὡς
3247 2815 3436 2886 χροῦς,
3481 2810 3652 2886 χροὸς
3707 2811 3759 2864 οἱ

2116 2905 2303 2979 χρόες·
2335 2903 2551 2972 Ἰωνική
2583 2901 2685 2978 γὰρ
2717 2903 2751 2970 ἡ
2783 2899 2985 2963 κλίσις.

2187 3079 2566 3158 Ὑπεράρχιον.
2611 3080 2972 3157 Ὑπεράρχιος
3019 3080 3046 3133 ὁ
3095 3079 3246 3150 Θεὸς,
3280 3075 3356 3140 ὠς
3402 3076 3532 3151 ὕπερ
3587 3081 3759 3131 πᾶσαν

349 3173 503 3228 Deus
532 3176 622 3227 est
650 3171 830 3226 veluti
861 3188 1042 3243 supra
1087 3188 1260 3226 omne
1307 3172 1688 3244 principium,
1721 3177 1778 3227 et
1807 3171 1999 3227 lumen

2129 3173 2298 3247 ἀρχὴν
2329 3171 2416 3226 καὶ
2449 3170 2738 3245 θεαρχικὸν
2787 3173 2921 3246 φῶς,
2967 3168 3041 3230 ὡς
3088 3167 3241 3270 ἀρχῇ
3287 3171 3396 3270 των
3449 3163 3762 3242 λεγομὲνων

346 3261 501 3333 quod
535 3278 569 3316 a
617 3261 726 3316 Deo
771 3259 1127 3332 principium
1180 3261 1396 3329 habet;
1450 3266 1732 3333 tanquam
1786 3262 1999 3332 princi-

2129 3244 2277 3332 θεων,
2312 3244 2557 3336 ἀγγέλων
2587 3244 2736 3337 φημὶ
2762 3244 2850 3313 καὶ
2883 3257 3179 3333 ἀνθρώπων
3214 3252 3462 3312 δικαίων.

344 3349 510 3422 pium
541 3364 741 3404 eorum
775 3348 876 3420 qui
905 3349 1184 3404 dicuntur
1209 3350 1314 3415 dii,
1337 3349 1707 3422 angelorum,
1733 3350 2000 3421 inquam,

351 3443 409 3494 et
430 3439 731 3509 justorum
762 3437 1094 3494 hominum.

419 3527 748 3596 Intimitate,
795 3527 894 3582 Gr.
945 3521 1254 3595 ἒνδότητος.
1299 3521 1598 3596 Ἐνδότητα
1638 3510 1788 3582 dicit
1816 3526 2006 3583 occul-

349 3615 630 3671 tationem
658 3633 672 3684 ;
706 3615 944 3687 ignotus
973 3615 1132 3672 enim
1163 3621 1254 3671 est
1274 3615 1551 3671 omnibus
1581 3615 1676 3684 iis,
1709 3615 1812 3688 qui
1843 3619 2006 3672 extra

350 3703 550 3776 ipsum
582 3708 744 3760 sunt.

420 3792 1016 3864 Contemperationem.
1097 3793 1241 3848 Nota
1313 3795 1889 3863 contemperationcm,
1948 3797 2006 3849 et

346 3897 528 3953 quare
554 3881 851 3946 divinitas,
886 3898 1020 3937 cum
1054 3898 1169 3937 una
1199 3881 1298 3949 sit,
1334 3881 1775 3952 multiplicetur.

420 3986 468 4040 3
526 3987 1034 4057 Operimentorum,
1085 3988 1182 4043 Gr.
1245 3987 1773 4060 παραπετασμάτων.
1821 3992 2004 4062 Παρα-

347 4073 666 4144 πετάσματα
719 4091 822 4129 seu
866 4074 995 4130 vela
1042 4076 1187 4130 dicit
1236 4092 1303 4130 ea
1350 4093 1475 4148 quas
1509 4079 1682 4131 modo
1731 4094 2005 4150 corporeo

352 4162 632 4217 dicuntur
661 4163 732 4217 de
767 4167 877 4218 Deo
910 4163 968 4217 in
1022 4165 1361 4235 Scripturis,
1393 4165 1571 4220 veluti
1605 4167 2004 4222 membrorum

354 4251 774 4317 humanorum,
809 4257 865 4306 et
892 4252 1178 4308 virtutum
1199 4253 1528 4324 aliquarum
1563 4255 2004 4326 appellationes.

350 4343 500 4395 Nota
529 4343 747 4406 autem,
781 4341 934 4410 quod
967 4342 1094 4396 sine
1127 4341 1327 4412 ﬁguris
1359 4342 1703 4414 [aliquibus]
1734 4349 1789 4399 et
1820 4344 2008 4416 signis

352 4429 476 4484 fieri
511 4434 764 4501 nequeat
812 4446 917 4485 nos
949 4430 1008 4484 in
1057 4447 1230 4487 carne
1261 4432 1610 4487 exsistentes
1659 4433 1875 4489 intueri
1915 4451 2008 4489 res

2187 3530 2300 3603 [βὀ]
2333 3523 2678 3597 Ἐνδότητος.
2731 3521 3031 3595 Ἐνδότητά
3078 3543 3210 3602 φησι
3255 3523 3356 3592 τήν
3405 3520 3762 3600 κρυφιότητα.

2113 3623 2244 3672 πᾶσι
2276 3619 2379 3692 γὰρ
2411 3620 2526 3678 τοῖς
2558 3613 2659 3686 ἔξω
2690 3613 2856 3683 αὐτῆς
2887 3611 3159 3689 ἄγνωστός
3191 3611 3324 3668 ἐστι.

2186 3796 2298 3871 [γ’.]
2333 3793 2655 3869 Σύγκρασιν.
2690 3797 2767 3860 Ση
2781 3789 3006 3862 μείωσαι
3051 3790 3151 3859 τὴν
3202 3787 3513 3864 σύγκρασιν·
3546 3788 3636 3842 καὶ
3677 3785 3768 3843 διὰ

2112 3883 2164 3938 τί
2193 3885 2255 3937 τὸ
2286 3887 2438 3938 Θεῖον
2469 3881 2525 3935 ἓν
2558 3879 2616 3935 δν
2649 3878 3000 3950 πληθύνεται.

2185 3988 2722 4063 Ηαραπετασμάτων.
2805 3981 3275 4054 Ηαραπετάσματά
3343 4003 3473 4058 φησι
3527 3983 3594 4037 τὰ
3651 4003 3763 4036 σω-

2120 4081 2360 4153 ματικῶς
2411 4075 2533 4150 περὶ
2585 4077 2718 4128 Θεοῦ
2765 4070 3034 4147 λεγόμενα
3084 4068 3136 4124 ἐν
3180 4075 3298 4131 ταῖς
3347 4075 3607 4146 Γραφαῖς,
3649 4073 3767 4124 οἷον

2120 4165 2300 4239 μελῶν
2354 4159 2749 4237 ἀνθρωπίνων,
2799 4158 2835 4227 ἢ
2890 4155 3172 4229 δυνάμεων
3227 4178 3387 4212 τινων
3447 4156 3765 4229 ὀνομασίας.

2117 4253 2434 4325 Σημείωσαι
2469 4246 2547 4315 δὲ,
2597 4248 2681 4303 ὅτι
2729 4245 2860 4322 δίχα
2886 4244 3072 4301 τύπων
3105 4247 3314 4318 [τινῶν]
3345 4244 3434 4300 καὶ
3467 4239 3763 4318 συμϐόλων

2117 4343 2177 4398 οὐ
2211 4339 2432 4397 δυνατὸν
2461 4341 2610 4411 ἡμᾶς
2654 4337 2706 4392 ἐν
2737 4337 2891 4411 σαρκὶ
2945 4330 3104 4398 ὄντας
3145 4337 3504 4390 κατοπτεῦσαι
3534 4335 3601 4390 τὰ
3629 4333 3771 4390 ἄϋλα

2115 4431 2203 4487 καὶ
2252 4430 2532 4501 ἀσώματα·
2587 4427 2675 4482 καὶ
2731 4429 2893 4481 τοῦτο
2957 4423 3170 4497 μᾶλλον
3225 4421 3430 4494 ἐδήλου
3483 4424 3553 4479 τὰ
3598 4423 3649 4478 ἒν
3697 4428 3768 4498 τῇ

349 4519 608 4574 materiae
639 4524 696 4573 et
727 4519 988 4592 corporis
1032 4525 1318 4592 expertes.
1351 4523 1533 4592 Atque
1565 4521 1674 4578 hoc
1705 4523 1894 4595 magis
1925 4523 1999 4579 si-

2129 4523 2290 4593 τκηνῇ
2322 4516 2806 4594 παραπετάσματα,
2839 4513 2914 4577 ὡς
2939 4512 3164 4568 ἐνταῦθα
3193 4511 3506 4570 αἰνίττεται.

347 4606 710 4679 gniﬁcabant
740 4607 862 4663 vela
913 4624 1044 4680 quae
1089 4613 1259 4664 erant
1309 4609 1368 4664 in
1413 4610 1812 4680 tabernaculo,
1857 4612 2010 4666 sicut

349 4695 444 4751 hic
476 4695 767 4752 insinuat.

426 4785 907 4852 Cennaturaliter,
939 4786 1036 4842 Gr.
1084 4789 1343 4861 συμφυῶς
1389 4803 1492 4858 pro
1524 4787 1802 4864 ὁμοφυῶς.
1839 4789 2005 4860 Ejus-

355 4872 486 4928 dem
520 4879 763 4943 naturae,
796 4875 971 4930 modo
1002 4875 1171 4930 nobis
1203 4875 1388 4947 afﬁni,
1419 4891 1485 4931 ac
1515 4881 1673 4934 noto.

425 4978 455 5051 ἓ
482 4981 577 5036 ΙΙΙ.
611 4982 838 5037 Πὶιιιιιηι
864 4997 1085 5053 praeses.
1119 4978 1328 5050 Τελετή
1355 4999 1456 5037 seu
1479 4985 2005 5054 mystcrium,ritus,

355 5065 572 5123 dicitur
603 5071 929 5126 secundum
963 5069 1214 5142 gentiles
1244 5069 1648 5142 philosophos,
1681 5075 2008 5130 communi-

353 5154 506 5211 catio
539 5159 948 5229 mysteriorum
983 5165 1264 5231 tanquam
1292 5159 1602 5230 perficiens
1625 5177 1758 5216 eum
1780 5163 1877 5233 qui
1898 5162 2012 5218 ini-

358 5241 564 5310 tiatur,
588 5250 646 5300 et
676 5248 989 5316 perfectiva
1030 5248 1322 5304 exsistens
1372 5264 1574 5304 eorum
1626 5249 1726 5320 qui
1779 5251 1849 5304 ad
1879 5251 2014 5307 talia

356 5332 818 5404 accedunt.Ergo
850 5336 1070 5392 rituum
1094 5355 1310 5409 praeses
1327 5353 1628 5393 sacrorum
1652 5341 2014 5410 constitutio,

355 5427 444 5477 est
494 5421 690 5478 divina
750 5439 1049 5481 sacrorum
1127 5427 1542 5500 mysteriorum
1615 5427 2018 5499 dispositionis

2039 4572 2088 4635 D

2324 4790 2617 4865 Συμφυῶς.
2647 4782 2793 4842 Ἀντὶ
2823 4786 2920 4838 τοῦ
2959 4778 3245 4856 ὀμοφυῶς,
3272 4783 3556 4856 συγγενῶς.

2191 4985 2342 5056 §III.
2399 4983 2461 5038 Ἣ
2517 4978 2868 5056 τελετάρχις.
2918 4975 3124 5044 Τελετὴ
3186 4972 3398 5050 λέγεται
3457 4973 3593 5030 κατὰ
3645 4975 3772 5039 τοὺς

2117 5077 2226 5128 τῶν
2281 5068 2569 5140 Ἑλλήνων
2622 5067 2960 5145 φιλοσόφους
3011 5066 3045 5134 ἡ
3099 5059 3386 5137 μετάδοσις
3421 5068 3527 5119 τῶν
3565 5085 3772 5139 μυστη-

2121 5160 2278 5237 ρίων,
2330 5161 2420 5213 ἅτε
2461 5157 2743 5213 τελειοῦσα
2783 5155 2872 5209 τὸν
2927 5151 3253 5226 μυούμενον,
3307 5152 3397 5206 καὶ
3442 5151 3766 5224 τελειωτική

2121 5247 2468 5325 τυγχάνουσα
2514 5251 2622 5301 τῶν
2671 5242 3007 5320 προσιόντων
3053 5245 3174 5302 τοῖς
3223 5239 3527 5304 τοιούτοις.
3575 5241 3769 5298 Τελετ-

2128 5341 2290 5414 ἀρχις
2343 5335 2435 5417 οῦν
2492 5333 2758 5410 ἰιροΘεσία
2814 5333 2848 5399 ἡ
2902 5328 3018 5394 θεία
3067 5335 3169 5398 τῆς
3211 5333 3318 5384 τῶν
3364 5331 3524 5407 ἱερῶν
3561 5352 3774 5406 μυστη-

2131 5427 2260 5503 ρίων
2306 5428 2467 5498 ἡμῶν
2516 5421 2931 5496 διακοσμήσεως
2973 5417 3114 5480 θέσις
3157 5419 3244 5473 καὶ
3277 5419 3592 5495 παράθεσις,
3623 5422 3771 5497 ἀρχὴ

1369 5553 1609 5611 νΑΗΙίΕ
1647 5554 2035 5616 LECTJONES
2074 5557 2165 5616 ET
2203 5549 2752 5612 COBRECTIONES.

427 5645 470 5682 ¹¹
505 5641 672 5719 λὲγιι.
