4042 6210
294 384 371 441 33
1020 391 1077 442 S.
1117 387 1387 442 MAXIMI
1425 384 1733 440 SCHOLIA
1767 383 1843 437 IN
1882 380 2016 435 LIB.
2058 380 2154 432 DE
2191 379 2511 434 C(ELESTI
2549 382 3020 438 HIERARCHIA.
3656 389 3728 444 34

295 508 576 585 γενομίνη
611 508 674 564 ἐκ
718 514 854 565 Θεοῦ
903 507 992 563 διὰ
1036 513 1143 564 τῶν
1186 506 1507 564 ἀποστόλων
1536 512 1644 564 τῶν
1675 505 1959 560 τελειωτι-

2086 503 2286 574 positio
2331 507 2389 559 et
2435 506 2802 576 compositio,
2834 507 3193 580 principium
3243 515 3446 565 natum
3495 528 3561 567 ex
3608 513 3727 570 Deo

270 621 308 656 κ
339 604 412 655 ὧν
442 597 656 654 τούτων
707 599 943 672 ἀγαθῶνσ
976 597 1101 660 τοὺς
1148 600 1249 674 γὰρ
1300 595 1682 670 μεμυημένους
1718 595 1961 655 τελείους

296 687 467 742 καλεῖ
512 689 542 742 6
589 688 736 749 θεῖος
787 684 1092 750 ἀπόστολος
1143 685 1357 748 Παῦλος
1405 683 1608 760 λέγων·
1653 685 1811 742 "Ocni
1869 680 1959 736 οὖν

299 775 534 845 τὲλιιοι,
564 779 728 830 τοῦτο
761 779 1071 854 φρονῶμεν.

380 950 798 1028 Ὑπερκοσμίου.
854 953 930 1010 Τὸ
989 948 1047 1006 δὲ
1104 951 1472 1027 ὑπερκοσμίου
1531 952 1633 1006 οὐκ
1689 949 1962 1019 αἰσθητῶς

312 1039 554 1110 νοητέυν,
605 1039 753 1095 ἀλλὰ
795 1044 1006 1111 νοητῶς
1055 1039 1144 1095 καὶ
1194 1039 1328 1116 ὐπὶρ
1375 1041 1468 1095 τὸν
1517 1040 1636 1103 καθ’
1688 1041 1836 1111 ἡμᾶς
1863 1036 1962 1092 κό-

311 1151 465 1204 σμον.
511 1127 834 1203 Σημείωσαι
881 1126 957 1202 δὶ,
988 1127 1107 1183 τίνα
1156 1127 1300 1206 λέγει
1351 1128 1419 1184 τὰ
1449 1131 1712 1204 σχήματα
1747 1127 1962 1188 καὶτὰς

310 1219 664 1296 μορφωτικάς
697 1216 986 1288 συνθέσεις,
1034 1216 1207 1294 ἤγουν
1262 1217 1631 1291 εἷκονίσματα,
1664 1218 1798 1292 ἅπερ
1839 1213 1961 1286 ἑξῆς

302 1307 684 1384 παρατίθεται.

373 1395 664 1453 Ηλάσεων.
700 1395 1042 1468 Σημείωσαι,
1087 1395 1169 1450 ὅτι
1222 1391 1642 1469 πλασματώδεις
1693 1395 1826 1468 φησῖ
1869 1392 1962 1454 τὰς

298 1484 532 1539 ἐνταῦθα
591 1484 855 1557 μυστικὰς
913 1481 1259 1558 παραδόσεις,
1317 1484 1379 1546 ἃς
1439 1483 1490 1538 ἐν
1547 1487 1628 1554 τῷ
1681 1481 1813 1556 Περὶ
1860 1487 1960 1543 τῆς

298 1572 770 1643 ἐκκλησιαστικῆς
827 1572 1113 1648 ἱεραρχίας
1170 1571 1324 1646 λόγῳ
1381 1570 1740 1627 ἀναπτύσσει·
1800 1574 1961 1624 τοῦτο

301 1662 360 1719 δὶ
394 1666 719 1736 θεοπρεπῶς
775 1659 1099 1730 ἐκληπτέον·
1150 1661 1285 1734 πρὸς
1336 1661 1430 1734 μὶν
1483 1660 1573 1715 οὖν
1622 1660 1686 1714 τὸ
1733 1678 1963 1733 μορφω-

298 1756 481 1812 τικαῖς
513 1751 577 1806 τὸ
625 1750 878 1805 πλάσεων
910 1747 1226 1806 ἀποδοτέον
1260 1751 1396 1824 πρὸς
1431 1747 1488 1804 δὲ
1533 1751 1596 1805 τὸ
1645 1747 1884 1803 συνθέσει
1919 1749 1963 1784 ¹³

295 1845 363 1895 τὸ
393 1839 575 1901 ἁπλᾶς
605 1839 696 1894 καὶ
728 1839 1066 1902 ἀτυπώτους.

375 2015 586 2085 Ὑλαίᾳ.
641 2013 859 2070 Ὑλαίαν
932 2013 1295 2091 χειραγωγίαν
1353 2015 1486 2093 φησί
1559 2013 1622 2069 τὸ
1698 2012 1788 2069 διά
1849 2019 1956 2070 τῶν

303 2104 510 2160 ὁλικῶν
566 2104 879 2180 λεγομὲνων
925 2105 1062 2178 πρὸς
1114 2106 1212 2174 τὴν
1271 2102 1474 2159 ἔννοιαν
1520 2103 1806 2180 ἀνάγεσθαι
1849 2108 1956 2159 τῶν

304 2195 445 2269 ὑπὲρ
477 2193 750 2265 αἴσθησιν.

369 2284 706 2355 Φαινόμεναο
766 2282 1079 2356 Φαινόμενα
1136 2279 1194 2338 δὲ
1249 2281 1434 2353 κάλλη
1492 2283 1589 2345 τὰς
1640 2288 1748 2338 τῶν
1797 2283 1956 2358 ἱερῶν

300 2371 469 2428 οἷ’κων
547 2370 936 2444 διακοσμήσας
1015 2371 1185 2447 λέγει’
1258 2372 1346 2426 καὶ
1422 2369 1722 2444 διεξοδικὰς
1784 2383 1960 2444 μαθη-

298 2462 450 2522 τείας
480 2460 576 2523 τὰς
621 2465 726 2514 τῶν
777 2459 951 2534 ἀγίων
999 2464 1223 2538 Γραφῶν
1275 2461 1618 2537 ἀναγνώσεις·
1655 2457 1960 2532 διακοσμή-

306 2572 438 2605 σεων
492 2547 552 2603 δὲ
595 2550 772 2619 τάξεις
824 2548 996 2623 [τοὺς]
1026 2554 1134 2604 τῶν
1166 2548 1352 2625 ἱερέων
1400 2549 1663 2622 βαθμούς.
1699 2549 1962 2620 Σημείω-

314 2661 402 2694 σαι
433 2637 511 2706 3‘s,
537 2637 615 2693 ὅτι
647 2639 716 2693 τὰ
738 2637 991 2718 ὁρώμενα
1016 2637 1200 2708 κάλλη
1235 2637 1436 2700 εἰκόνες
1461 2636 1561 2692 ε’ίσὶ
1583 2643 1688 2693 τῶν
1717 2639 1961 2712 ἀοράτων

312 2726 640 2798 διακόσμων,
691 2728 766 2789 ὡς
815 2724 982 2798 δηλοῖ
1027 2727 1118 2781 καὶ
1171 2728 1198 2781 6
1249 2726 1584 2788 Ἀπόστολος
1637 2725 1690 2781 ἐν
1725 2730 1793 2801 τῇ
1826 2726 1962 2802 πρὸς

303 2812 618 2890 Ἐϐραίους,
648 2817 715 2872 τὰ
753 2815 878 2890 περὶ
925 2818 1022 2884 τῆς
1074 2822 1278 2885 σκηνῆς
1312 2817 1552 2891 θεωρῶν·
1603 2816 1691 2870 καὶ
1726 2819 1958 2885 Μωυσῆς

296 2907 545 2962 ἀκούων
608 2905 834 2980 [Πάντα]
863 2905 1001 2960 κατά
1043 2905 1135 2960 τὸν
1179 2906 1344 2961 τόπον
1399 2906 1490 2960 τὸν
1543 2903 1826 2980 δειχθέντα
1876 2926 1959 2960 σοι

297 2992 350 3048 ἐν
382 2998 466 3065 τῷ
499 2993 615 3067 ὅρει
649 2992 905 3063 ποίησον.

367 3173 477 3236 Τάς
529 3169 846 3242 ὃιεξοδικάς,
898 3169 1199 3242 Διεξοδικαί
1247 3171 1350 3226 εἶσι
1413 3176 1702 3246 μαθητεῖαι
1765 3173 1819 3226 αἱ
1872 3170 1962 3226 διὰ

2073 608 2175 664 per
2205 591 2502 664 apostolos
2533 594 2822 650 bonorum
2855 595 3068 652 horum
3100 597 3452 669 perfectores
3486 615 3500 654 :
3534 599 3728 658 initia-

2071 686 2166 737 tos
2198 682 2375 747 enim,
2408 685 2692 754 perfectos
2722 690 2889 740 vocat
2918 685 3153 742 divinus
3176 686 3480 758 apostolus
3512 688 3727 747 Paulus

2072 770 2273 825 dicens
2308 789 2320 826 :
2355 773 2675 844 Quicunque
2723 788 2849 844 ergo
2877 776 3114 845 perfecti
3142 791 3350 844 sumus,
3383 775 3482 832 hoc
3519 779 3727 833 sentia-

2071 875 2193 913 mus
2223 859 2318 931 (d).

2145 947 2619 1020 Supermundana.
2654 951 2776 1006 Vox
2805 951 2928 1008 hinc
2976 953 3424 1024 supermundana
3475 971 3593 1012 non
3641 959 3732 1012 est

2073 1037 2248 1092 modo
2282 1039 2549 1094 sensibili
2579 1039 2984 1114 intelligenda,
3011 1043 3110 1098 sed
3144 1044 3317 1099 modo
3353 1043 3731 1103 intellectua-

2072 1124 2135 1194 li,
2168 1131 2225 1183 et
2254 1144 2433 1200 super
2462 1133 2730 1185 nostrum
2768 1131 3084 1187 mundum.
3119 1132 3268 1190 Nota
3295 1150 3430 1190 vero
3463 1151 3612 1206 quas
3645 1134 3728 1190 di-

2072 1221 2163 1272 cat
2192 1217 2412 1288 ﬁguras
2442 1222 2500 1272 et
2528 1218 2868 1276 formativas
2898 1221 3488 1295 compositiones,seu
3518 1223 3726 1295 imagi-

2073 1321 2176 1361 nes
2207 1322 2355 1377 quas
2387 1306 2660 1379 deinceps
2691 1309 2985 1380 proponit.

2143 1396 2504 1451 Ficlionibus.
2554 1400 2704 1452 Nota
2755 1398 2911 1469 quod
2957 1399 3192 1454 fictitias
3241 1399 3398 1456 dicat
3448 1401 3726 1474 mysticas

2072 1500 2198 1556 quae
2231 1484 2324 1538 hic
2369 1490 2528 1550 sunt,
2559 1486 2926 1556 traditiones,
2975 1505 3124 1558 quas
3162 1488 3222 1542 in
3254 1488 3404 1545 libro
3455 1491 3528 1545 De
3556 1491 3727 1546 eccle-

2069 1575 2289 1628 siastica
2319 1573 2640 1629 hierarchia
2685 1574 2955 1646 explicat.
2990 1575 3108 1631 Hoc
3141 1582 3339 1632 autem
3390 1578 3563 1633 modo
3615 1580 3727 1633 Deo

2073 1662 2438 1718 convenienti
2489 1661 2898 1734 accipiendum
2931 1670 3058 1732 est;
3093 1681 3231 1738 ergo
3281 1666 3354 1720 ad
3408 1665 3728 1721 dictionem

2073 1754 2447 1827 μορφωτικαῖς
2494 1751 2674 1808 dictio
2705 1748 2956 1806 πλάσεων
3014 1754 3312 1810 referenda
3342 1759 3471 1823 est;
3506 1755 3576 1810 ad
3611 1754 3728 1810 dic-

1989 1874 2038 1940 B
2067 1841 2286 1897 tionem
2345 1845 2544 1898 autem
2598 1840 2841 1904 συνθέσει
2900 1842 3079 1898 dictio
3153 1840 3329 1903 ἀπλᾶς
3385 1849 3443 1899 et
3501 1841 3721 1897 ἀτυπώ-

2064 1949 2214 1991 τους.

2138 2020 2453 2076 Materiali.
2486 2019 2847 2077 Materialem
2879 2021 3405 2078 manuductionem
3453 2021 3595 2078 dicit
3623 2037 3730 2094 per

2067 2123 2138 2165 ea
2185 2125 2314 2180 quis
2374 2108 2712 2166 materialia
2761 2109 3060 2180 dicuntur,
3093 2114 3161 2166 ad
3200 2111 3728 2168 considerationem

2068 2212 2268 2252 eorum
2301 2214 2428 2268 qua
2461 2214 2642 2270 supra
2672 2214 2916 2254 sensum
2947 2203 3090 2253 sunt
3115 2198 3351 2255 elevati.

2139 2287 2868 2357 Apparentes.Apparentes
2903 2291 3098 2342 autem
3133 2281 3610 2359 pulchritudines
3641 2304 3730 2343 sa-

2068 2389 2301 2428 crarum
2335 2373 2546 2428 aedium
2579 2375 3032 2446 descriptionem
3063 2376 3207 2431 dicit
3238 2392 3252 2431 :
3287 2382 3344 2431 et
3375 2375 3490 2431 late
3520 2381 3729 2446 paten-

2069 2467 2155 2518 tes
2187 2461 2553 2532 disciplinas,
2588 2479 2890 2518 sacrarum
2921 2465 3360 2535 Scripturarum
3402 2462 3723 2530 lectiones;

2070 2551 2528 2622 descriptionum
2563 2557 2760 2606 autem
2786 2553 3044 2622 ordines,
3079 2554 3449 2609 sacerdotum
3483 2551 3722 2623 gradus.

2070 2640 2218 2696 Nota
2248 2656 2378 2695 vero
2411 2638 2903 2710 pulchritudines,
2939 2658 3068 2712 quae
3111 2642 3405 2708 videntur,
3439 2641 3728 2712 imagines

2069 2745 2197 2784 esse
2253 2728 2640 2784 invisibilium
2693 2729 3182 2801 descriptionum,
3218 2729 3723 2802 quemadmodum

2070 2817 2327 2873 declarat
2374 2817 2686 2888 Apostolus
2721 2819 2778 2873 in
2831 2819 3091 2890 Epistola
3122 2819 3194 2875 ad
3238 2819 3506 2875 Hebraeos
3540 2820 3627 2890 (ε),
3661 2835 3730 2875 ea

2071 2923 2196 2977 quae
2226 2911 2364 2962 sunt
2409 2908 2482 2962 de
2512 2907 2890 2963 tabernaculo
2939 2907 3323 2964 considerans
3356 2925 3368 2963 :
3404 2911 3461 2963 et
3495 2908 3724 2979 Moyses

2069 2996 2316 3051 audiens
2350 3013 2362 3052 :
2397 2997 2594 3052 Omnia
2643 2999 2736 3065 fac
2765 2997 3065 3053 secundum
3112 2998 3402 3070 exemplar
3447 2996 3589 3068 quod
3618 2996 3727 3052 tibi

2069 3086 2126 3139 in
2160 3088 2344 3140 monte
2370 3090 2740 3141 monstratum
2771 3097 2850 3142 est
2877 3086 2974 3158 (ι’).

2141 3174 2404 3245 ΒίΙῙαεαδ.
2458 3173 2712 3242 Diﬂ‘usae,
2766 3191 2869 3231 seu
2921 3175 3166 3247 copiosas
3215 3174 3536 3247 disciplinae
3591 3175 3732 3228 sunt

292 3268 407 3317 τῶν
443 3260 739 3337 ὁρωμένων
783 3261 871 3315 καὶ
924 3258 1015 3315 διὰ
1063 3260 1400 3337 πραγμάτων
1445 3260 1777 3336 πλατύτεραι
1819 3261 1959 3316 ἀπο⁶

2086 3263 2370 3333 planiores
2399 3279 2501 3335 per
2531 3280 2618 3330 ea,
2653 3281 2780 3336 quae
2809 3263 3087 3319 videntur
3117 3270 3175 3319 et
3201 3280 3305 3335 per
3333 3263 3596 3319 actiones
3625 3262 3731 3316 de-

297 3348 495 3420 δείξεις
526 3354 634 3404 τῶν
665 3353 878 3418 νοητῶν
913 3349 1103 3410 ὲναίως
1138 3352 1180 3386 ¹³
1208 3349 1297 3404 καὶ
1321 3349 1531 3424 ἀθρόως
1562 3355 1681 3412 ταῖς
1709 3351 1958 3421 νοήσεσιν

296 3434 726 3495 ἐπιϐαλλόντων
737 3479 750 3493 .

368 3530 602 3599 “Εξεως.
665 3527 814 3582 Ἐκεῖ
870 3522 1002 3597 ἔξεις
1062 3525 1162 3581 εἷ’σὶ
1223 3527 1288 3581 τὰ
1363 3532 1479 3590 θεῖα
1535 3525 1910 3584 διατάττουσαι
1943 3545 1957 3560 ο

292 3615 409 3688 ἕξις
441 3615 500 3672 ὃὲ
533 3615 645 3671 ἐστι
677 3615 908 3686 ποιότης
957 3611 1216 3689 ἔμμονος.
1248 3618 1506 3681 Ἐνταῦθα
1559 3615 1614 3671 δὲ
1642 3617 1732 3671 καὶ
1767 3614 1964 3687 ἐκκλη-

297 3705 579 3761 σιαστικαὶ
655 3705 827 3778 τάξεις
902 3705 996 3767 τὰς
1071 3703 1178 3759 ἐκεῖ
1247 3702 1381 3774 ἕξεις
1452 3707 1542 3760 ἅτε
1615 3705 1956 3778 ἀσωμάτους,

295 3794 736 3866 ἱξεικονίζουσιν·
800 3795 854 3848 αἱ
896 3795 997 3869 γὰρ
1066 3791 1223 3866 ἕξεις,
1280 3793 1582 3866 ἀσωμάτων
1635 3793 1736 3848 εἰσί
1773 3836 1786 3850 .
1847 3799 1957 3864 Ση-

301 3884 570 3957 μειωτὲον
615 3886 675 3949 η’,
706 3881 790 3936 ὅτι
822 3884 857 3951 ἡ
889 3883 1014 3954 παρ’
1063 3883 1198 3954 ἡμῖν
1250 3887 1370 3943 τοῖς
1414 3883 1718 3958 ἀνθρώποις
1765 3880 1960 3936 τελου-

304 3971 455 4044 μὲνη
484 3971 722 4046 ἱερατική
755 3970 1108 4046 μυσταγωγία
1160 3969 1392 4043 μίμησίς
1439 3971 1549 4025 ἐστι
1579 3977 1679 4040 τῆς
1703 3970 1958 4046 οὐρανίου

297 4060 617 4135 ἱεραρχίας.

367 4327 829 4404 ’Υπερκοσμίως.
909 4329 987 4386 Τὸ
1066 4329 1448 4403 ὑπερκοσμίως
1523 4326 1620 4382 οὐκ
1685 4325 1957 4398 αἰσθητῶς

285 4419 551 4487 νοητὲον,
615 4415 762 4473 ἀλλὰ
818 4422 1031 4488 νοητῶς
1103 4416 1190 4473 καὶ
1275 4418 1407 4491 ὑπὲρ
1480 4417 1571 4471 τὸν
1627 4417 1747 4479 καθ’
1810 4418 1958 4489 ἡμᾶς

287 4509 534 4579 κόσμον.

2073 3352 2530 3408 monstrationes
2561 3351 3026 3426 intelligibilium
3059 3369 3190 3424 quae
3219 3352 3383 3408 unite
3413 3355 3469 3408 et
3498 3349 3723 3406 confer-

2072 3439 2176 3495 tim
2207 3440 2664 3513 cogitationibus
2694 3441 3070 3497 incumbunt.

2142 3535 2191 3586 4
2221 3531 2558 3602 ΑΠεοιίοηίε.
2589 3535 2709 3586 Ηοο
2741 3530 2866 3588 loco
2917 3531 3256 3587 aﬂ‘sctiones
3287 3534 3429 3586 sunt
3458 3528 3728 3601 quaedam

2070 3619 2276 3675 divina;
2305 3620 2754 3692 dispositiones;
2789 3620 3030 3676 habitus
3057 3620 3208 3674 enim
3240 3624 3330 3675 est
3354 3619 3610 3690 qualitas
3640 3618 3732 3672 in-

2069 3709 2438 3765 haarens.Hoc
2469 3715 2665 3765 autem
2698 3709 2823 3764 loco
2854 3709 3032 3764 etiam
3053 3707 3441 3764 ecclesiastici
3465 3707 3726 3774 ordines,

2069 3797 2305 3854 habitus
2335 3798 2431 3867 qui
2464 3797 2583 3853 illic
2631 3804 2771 3853 sunt
2822 3803 3107 3868 tanquam
3155 3796 3416 3864 corporis
3463 3799 3729 3864 expertes

2067 3903 2136 3942 ex
2183 3886 2499 3957 exemplari
2548 3887 2858 3956 efﬁngunt.
2893 3884 3141 3939 Habitus
3193 3883 3350 3938 enim
3398 3881 3726 3953 expertium

2068 3973 2327 4045 corporis
2359 3973 2861 4028 sunt.Notandum
2893 3978 3249 4041 autem,eam
3275 3987 3406 4042 qua;
3437 3971 3591 4042 apud
3621 3986 3730 4026 nos

2069 4062 2336 4118 homines
2367 4063 2666 4134 perficitur
2698 4061 3079 4117 sacerdetalis
3111 4059 3500 4132 mystagogia,
3535 4046 3638 4116 seu
3670 4059 3732 4116 in

2068 4151 2252 4208 sacris
2299 4151 2574 4219 initiatio,
2607 4167 2737 4208 esse
2768 4151 3159 4207 imitationem
3213 4148 3466 4206 coelestia
3507 4149 3732 4205 bierar-

2068 4241 2234 4297 chizs.

2137 4327 3290 4402 Supermundialilcr.Supermundialiter
3316 4344 3436 4382 non
3469 4330 3559 4382 est
3589 4342 3728 4382 sen-

2069 4419 2319 4477 sibiliter
2349 4420 2521 4476 modo
2552 4418 3003 4488 intelligendum
3030 4435 3042 4472 :
3077 4417 3180 4472 sed
3230 4414 3730 4486 intellectualiter,

2071 4514 2130 4564 et
2159 4525 2338 4580 supra
2369 4513 2636 4564 nostrum
2669 4509 2984 4564 mundum.

367 4597 828 4672 Ἱερογραφικαῖς.
872 4595 1156 4650 Τουτέστιν
1188 4593 1238 4650 ἐν
1269 4600 1386 4658 τοῖς
1437 4595 1596 4668 ἱερῶς
1626 4594 1748 4669 περὶ
1781 4593 1955 4649 αὐτῶν

2143 4597 2747 4669 Sacroscripluristicis,
2782 4596 2880 4651 Gr.
2913 4594 3343 4670 ἱερογραφικαῖς.
3401 4597 3520 4648 Ηοο
3551 4597 3640 4647 est
3669 4591 3727 4645 in

288 4689 599 4747 συντεθεῖσι
633 4683 816 4760 λόγοις
845 4682 897 4738 ἐν
929 4689 1048 4746 ταῖς
1078 4689 1312 4762 Γραφαῖς
1344 4686 1407 4740 ¹⁵.

364 4863 549 4933 Ἥμᾶς
622 4860 829 4934 ἀνάγοι.
909 4860 1282 4934 Σημειωτέον,
1349 4865 1465 4923 πῶς
1516 4860 1827 4936 ἀναγόμεθα
1884 4861 1959 4922 εἰς

289 4949 621 5024 θεολογίας,
651 4950 741 5004 καὶ
773 4950 855 5004 ὅτι
890 4951 918 5005 6
947 4952 1176 5026 Χριστὸς
1208 4952 1357 5022 ἡμᾶς
1393 4949 1598 5023 ἀνάγει.

367 5039 708 5112 Ἀκρότητας
741 5082 753 5094 .
815 5035 980 5094 Οὐδὲν
1039 5040 1113 5102 ὡς
1188 5035 1374 5115 ἔτυχεν
1447 5037 1760 5112 ὠνόμασται
1811 5038 1958 5113 παρά

2070 4685 2439 4742 sermonibus
2489 4701 2651 4741 sacre
2682 4685 2753 4740 de
2803 4683 2951 4755 ipsis
3006 4682 3350 4754 compositis
3379 4680 3440 4736 in
3469 4679 3730 4750 Scriptu-

2071 4792 2172 4829 Pls.

2125 4792 2242 4919 SNos
2271 4863 2579 4919 adduceret.
2613 4862 2946 4918 Notandum
2997 4859 3294 4932 quomodo
3325 4857 3621 4912 elevemur
3650 4855 3723 4912 ad

2068 4951 2448 5025 theologiam,
2481 4959 2533 5006 et
2564 4950 2860 5006 Christum
2893 4966 2997 5004 nos
3030 4947 3278 5003 elevare.

2139 5042 2349 5114 Apices.
2410 5040 2565 5096 Nibil
2628 5039 2870 5096 fortuito
2929 5035 3284 5109 appellatum
3340 5035 3430 5088 est
3487 5034 3556 5088 ab
3614 5033 3726 5090 hoc

371 5217 452 5288 (ά)
487 5216 742 5290 Philipp.
778 5235 863 5286 III,
901 5219 985 5274 15.
1061 5217 1133 5290 (e)
1164 5217 1340 5274 Hebr.
1371 5234 1494 5283 vni,
1516 5218 1570 5274 5.
1651 5218 1718 5291 (f)
1752 5217 1928 5275 Exod.
1959 5235 2094 5286 xxv,
2127 5183 2214 5274 40.

1274 5397 1516 5454 νΑΒΙιλΕ
1555 5396 1942 5454 LECTIONES
1981 5398 2068 5453 ΒΤ
2107 5397 2674 5455 CORRECTIONES.

369 5542 424 5619 “_
454 5537 753 5619 clavﬁéatd’t.
831 5537 1139 5619 ξῆὲνιαίευς.
1218 5541 1634 5619 ¹⁴.Σημείωσαι.
1691 5544 1756 5619 ﬂ“
1787 5543 2200 5619 '_Iepoypacptx‘a¢
2234 5541 2290 5597 δὲ
2319 5547 2426 5619 τῶν
2471 5539 2624 5595 θείων
2651 5536 2887 5619 λογίων
2919 5539 3189 5619 συνθεσεις
3237 5536 3371 5615 φησὶ
3401 5533 3528 5619 τοὺς
3555 5535 3722 5619 ςὶερῶς

297 5611 429 5706 τξξρῖ
676 5611 1018 5706 εῐιένξιεὶέκῖαε
1041 5609 1244 5706 ὶέγοιές
1273 5611 1324 5706 ἐν
1356 5609 1762 5706 eisrara“?
1795 5609 1959 5689 'Ie'mi

2086 5616 2197 5700 ικᾴς
2225 5623 2341 5706 ἐςεά
2382 5609 2979 5696 Sacroscripturisticas
3015 5609 3340 5670 divinorum
3381 5610 3732 5682 eloquiorum

299 5686 736 5759 εοῡψοείιὶοηεε
765 5686 1003 5758 appellat
1031 5686 1319 5743 Sermones
1345 5701 1499 5743 sacra
1520 5686 1588 5744 de
1616 5686 1752 5760 ipsi:
1781 5686 2107 5761 compositos
2134 5690 2194 5744 in
2218 5686 2536 5758 Scriptum.
