4042 6210
385 338 456 394 35
1190 331 1557 385 APPENDIX
1595 333 1696 384 AD
1732 331 1974 385 OPBRA
2012 329 2073 382 Β.
2113 328 2435 387 DIONYSII
2476 332 2984 389 AREOPAGITE.
3726 339 3799 395 36

385 467 556 522 beato
582 483 596 534 ;
628 464 729 520 sed
761 461 986 520 erudite
1004 464 1062 516 et
1085 459 1317 532 proprie
1337 475 1470 514 cum
1495 459 1744 530 pietate;
1769 456 2004 528 quando

2141 460 2238 510 τοῦ
2287 459 2557 532 μακαρίου
2598 455 2818 527 τούτου,
2868 457 3013 515 ἀλλὰ
3059 459 3397 534 πολυμαθῶς
3446 464 3534 518 καὶ
3587 466 3793 540 κυρίως

385 557 623 629 quidem
654 553 837 628 igitur
863 550 1094 621 dixerit,
1126 554 1386 606 nostram
1419 563 1647 605 sacram
1696 545 2033 618 dispositio-

384 661 538 709 nem,
573 660 673 716 per
701 643 872 716 signa
901 638 1228 697 materiatia
1257 642 1313 694 et
1359 637 1619 710 cepiosa,
1651 635 2033 706 ﬂctionesque

380 751 486 808 pro
517 737 717 791 nostro
760 735 930 804 captu
965 727 1186 802 perﬁci,
1219 744 1353 784 cum
1403 731 1601 782 tamen
1660 725 1738 780 sit
1769 728 1944 797 typus
1976 726 2034 779 et

379 824 630 881 imitatio
653 837 830 878 sacrae
853 818 1196 892 angelorum
1221 814 1659 888 descriptionis;
1675 813 1884 869 merito
1906 828 2031 884 qua

379 915 439 970 in
470 913 590 969 illis
620 915 712 968 est
740 908 1021 966 antistitis
1050 921 1352 963 sacrorum
1375 904 1634 976 dignitas
1655 901 1902 975 apicem,
1927 917 2030 958 seu

378 1001 785 1060 summitatem
827 996 1173 1070 appellavit;
1207 994 1608 1051 summitatem
1647 992 1806 1049 enim
1838 989 2031 1063 appel-

379 1093 500 1149 lare
530 1093 892 1148 consuerunt
923 1087 1022 1159 qui
1055 1085 1208 1141 circa
1238 1085 1359 1140 haec
1397 1088 1624 1151 vacant,
1655 1083 2031 1154 uniuscujus-

378 1197 489 1252 que
519 1179 786 1236 essentiae
837 1173 1223 1248 purissimum
1271 1177 1329 1229 et
1359 1187 1428 1229 ex
1455 1189 1569 1246 quo
1614 1171 1825 1244 pendet
1866 1189 2027 1243 προσ·

377 1272 521 1344 εχῶς
553 1268 686 1340 (hoc
711 1269 800 1322 est
845 1262 1150 1334 continuo)
1177 1262 1454 1330 essentia,
1488 1265 1554 1317 ut
1603 1260 1766 1316 verbi
1813 1259 2023 1332 gratia,

374 1356 688 1413 summitas
718 1352 1121 1421 anima,mens
1141 1349 1332 1422 ipsius
1351 1349 1710 1422 purissima;
1733 1352 1790 1405 et
1805 1348 2025 1404 amoris

372 1445 710 1509 summitas,
736 1457 937 1498 eorum
959 1439 1060 1511 qui
1081 1439 1569 1495 transcenderunt
1590 1442 1647 1494 et
1665 1436 2022 1494 divinissimi

371 1538 534 1604 sunt,
563 1532 786 1606 ignitus
811 1546 1008 1597 amor;
1043 1534 1253 1584 nostra;
1282 1526 1462 1599 igitur
1481 1526 1658 1583 etiam
1681 1525 2021 1582 hierarchiae

370 1627 429 1680 et
458 1639 683 1679 arcanae
713 1617 1124 1690 descriptionis
1153 1615 1484 1684 summitas,
1509 1615 1896 1689 purissimum
1929 1614 2018 1686 ip-

370 1713 516 1784 sius,
552 1728 620 1767 ex
649 1726 764 1782 quo
815 1711 1053 1779 accepta
1080 1711 1192 1772 est,
1223 1712 1281 1762 et
1327 1706 1483 1778 quod
1533 1721 1712 1778 prope
1761 1703 2016 1760 materiae

2146 544 2280 614 μετά
2305 551 2404 614 τῆς
2448 540 2738 608 εὐσεϐείας·
2791 545 2977 618 ἐπειδὴ
3012 549 3102 603 οὗν
3147 550 3246 619 τήν
3294 551 3422 626 παρ’
3453 553 3589 626 ἡμῖν
3643 553 3792 629 ῒεράν

2141 629 2376 704 διάταξιν
2429 631 2520 688 διὰ
2568 631 2861 708 συμϐόλων
2913 635 3118 694 ὁλαίων
3167 637 3257 694 καὶ
3302 635 3558 710 δξοδικῶν
3607 646 3652 680 η
3699 645 3793 700 καὶ

2139 719 2390 776 πλάσεων
2425 724 2543 778 εἷπε
2589 722 2860 779 τελεῖσθαι
2891 726 3028 799 πρὸς
3070 727 3133 782 τὸ
3181 728 3317 800 ἡμῖν
3349 726 3564 806 ἐφικτὸν
3595 730 3798 806 τύπον,

2140 810 2300 864 οὖσαν
2325 811 2415 866 καὶ
2448 811 2677 885 μίμημα
2704 820 2805 883 τῆς
2832 815 2960 890 παρ’
3001 813 3256 889 ἀγγέλοις
3301 816 3450 892 ἱερᾶς
3479 817 3797 893 διακοσμή-

2139 920 2297 970 σεως,
2329 899 2552 962 εἰκότως
2607 902 2706 972 τὴν
2764 904 2892 977 παρ’
2936 901 3161 966 ἑκείνοις
3221 903 3565 984 ἱεροφαντίαν
3621 909 3791 985 ἀκρό-

2135 1009 2275 1060 τητα
2330 988 2593 1060 κέκληκεν
2631 1009 2644 1023 °
2705 989 2979 1066 ἀκρότητα
3033 990 3134 1067 γὰρ
3194 992 3416 1049 είώθασι
3491 994 3678 1052 καλεῖν
3740 999 3793 1054 οἱ

2135 1079 2261 1154 περὶ
2293 1082 2459 1134 ταῦτα
2497 1078 2868 1154 σχολάσαντες
2921 1079 3149 1152 ἑκάστης
3199 1083 3386 1146 οὐσίας
3432 1085 3496 1140 τὸ
3543 1088 3793 1161 καθαρώ-

2133 1188 2313 1239 τατον,
2345 1168 2434 1223 καὶ
2484 1167 2534 1240 ἐξ
2594 1169 2656 1224 οὗ
2695 1167 2928 1243 ἤρτηται
2975 1175 3292 1247 προσεχῶς,
3327 1173 3602 1230 τουτέστιν
3657 1174 3791 1252 ἐχο-

2137 1255 2328 1329 μένως,
2379 1258 2414 1326 ἡ
2469 1255 2644 1312 οὐσία⁸
2697 1255 2772 1320 ὠς
2824 1258 2949 1336 φὲρε
2997 1256 3192 1328 εἴπεῖν,
3241 1263 3429 1335 ψυχῆς
3485 1262 3724 1338 ἀκρότης
3758 1267 3786 1321 ὁ

2131 1349 2257 1407 νοῦς
2315 1344 2484 1414 αὐτῆς
2543 1345 2572 1400 ὁ
2629 1346 3031 1421 καθαρώτατος·
3081 1346 3170 1402 καὶ
3225 1344 3427 1422 ἔρωτος
3485 1350 3722 1427 ἀκρότης
3753 1355 3781 1408 ὁ

2129 1438 2236 1492 τῶν
2282 1429 2697 1506 ἀναϐεϐηκότων
2743 1435 2832 1491 καὶ
2883 1433 3174 1500 θειοτᾶτων
3225 1434 3489 1513 διάπυρος
3540 1437 3679 1518 ἔρως
3709 1445 3780 1481 ιτο

2129 1523 2218 1580 καὶ
2248 1531 2348 1594 τῆς
2393 1525 2508 1578 καθ’
2556 1525 2703 1597 ἡμᾶς
2747 1525 2840 1579 οὗν
2885 1524 3169 1599 ἱεραρχίας
3217 1525 3308 1581 καὶ
3360 1526 3782 1604 μυστηριώδους

2129 1611 2542 1686 διακοσμήσεως
2575 1613 2809 1686 ἀκρότης
2854 1614 2917 1668 τὸ
2964 1615 3342 1688 καθαρώτατον
3391 1614 3586 1686 αὐτῆς,
3616 1615 3667 1691 ἐξ
3712 1619 3778 1675 οὗ

2125 1701 2382 1772 ἀνῆπται,
2437 1703 2528 1757 καὶ
2579 1702 2641 1757 τὸ
2695 1701 2854 1777 ἐγγὺς
2925 1707 3193 1758 συντεῖνον
3260 1701 3494 1767 ἀϋλίαςο
3544 1706 3608 1761 τὸ
3679 1707 3776 1764 οὗν

369 1800 752 1874 privationem
785 1797 1126 1865 contendit;
1161 1795 1548 1867 purissimum
1587 1811 1725 1866 ergo
1755 1795 1814 1849 in
1847 1795 2008 1850 nobis

2127 1791 2577 1869 ἀκραιφνὲστατον
2639 1791 2689 1893 ἐν
2748 1793 2884 1864 ἡμῖν
2945 1786 3251 1863 σύμϐολον,
3304 1795 3340 1862 ἡ
3389 1793 3626 1866 ἀκρότης
3661 1800 3773 1852 τῶν

367 1891 604 1962 signum
649 1893 737 1945 est
765 1886 1080 1944 summitas
1129 1885 1540 1957 mysteriorum
1574 1901 1690 1941 non
1731 1885 2014 1956 ﬁgurato-

367 1995 498 2035 rum
523 1985 576 2034 et
606 1976 966 2049 simplicium
989 1979 1046 2031 et
1074 1973 1672 2046 incorporeorum,cui
1689 1973 2016 2029 hierarchia

363 2068 678 2140 conjuncta
702 2065 929 2122 insistit
959 2068 1242 2136 tanquam
1276 2062 1393 2119 illis
1411 2079 1539 2135 qua:
1565 2063 1717 2118 inter
1745 2061 2016 2118 homines

363 2161 453 2214 est
483 2155 765 2212 antistitis
812 2170 1116 2210 sacrorum
1169 2152 1452 2224 dignitas,
1479 2155 1536 2208 et
1565 2168 1667 2223 per
1696 2151 2015 2207 simulacra

361 2247 548 2303 elevat
577 2261 757 2317 puras
804 2243 1060 2299 visiones
1107 2241 1525 2297 intellectualis
1555 2240 1725 2308 ritus,
1754 2241 1852 2310 qui
1883 2257 2014 2312 pro-

361 2333 636 2390 babiliter
665 2332 980 2389 summitas
1031 2329 1360 2402 appellatur
1387 2345 1592 2386 eorum
1623 2329 1722 2401 qui
1753 2329 1850 2386 hic
1873 2333 2016 2386 sunt

361 2437 772 2497 corporeorum
803 2424 862 2477 et
885 2418 1298 2476 materialium.

992 2537 1061 2590 IN
1103 2534 1256 2589 CAP.
1303 2536 1372 2588 II.

430 2626 542 2698 §I.
605 2626 1087 2696 Explanationem.
1145 2625 1242 2676 Gr.
1302 2619 1653 2697 ἐκφαντορίαν
1714 2622 2011 2695 Ἐκφαντο-

357 2713 476 2789 ρίαν
505 2713 646 2769 dicit
676 2712 1166 2769 enuntiationem.
1198 2710 1574 2765 Manifestum
1605 2716 1823 2776 autem,
1859 2729 2010 2779 eam,

357 2820 486 2876 qua:
509 2819 610 2875 per
633 2803 676 2859 5
703 2800 872 2873 signa
889 2804 944 2856 et
970 2800 1190 2870 ﬁguras
1213 2815 1341 2869 quae
1364 2799 1542 2853 etiam
1567 2799 1833 2854 fictiones
1851 2817 2011 2855 voca'

353 2892 453 2960 vit,
487 2890 787 2962 perficitur
811 2905 826 2958 ;
849 2888 1261 2959 simplicitatem
1283 2901 1435 2953 vero,
1467 2887 1851 2957 privationem
1887 2905 2009 2943 ma-

355 2978 508 3035 terim
541 2978 596 3032 in
651 2982 896 3043 natura;
931 2975 1156 3030 sciebat
1186 2975 1343 3030 enim
1394 2975 1548 3047 quod
1584 2974 1885 3031 celebrans
1917 2993 2006 3031 sa-

351 3084 482 3124 cras
513 3066 572 3121 in
619 3065 780 3121 cmlis
835 3067 1061 3120 mentes
1116 3062 1269 3118 sicut
1316 3063 1441 3134 ipso
1490 3063 1633 3119 dicit
1683 3065 2006 3119 secundum

351 3155 736 3228 Scripturam,
761 3168 998 3209 necesse
1024 3151 1300 3208 habuerit
1329 3150 1519 3207 dicere
1550 3153 1621 3208 de
1642 3152 2000 3208 animalibus

352 3246 572 3300 iormas
596 3245 851 3300 ferarum
874 3241 1251 3310 habentibus,
1283 3245 1340 3296 et
1378 3240 1593 3312 aquilis
1628 3246 1685 3297 et
1715 3241 1845 3297 aliis
1877 3245 2002 3313 qui-

349 3333 462 3388 bus
492 3331 701 3386 divinte
731 3329 1044 3400 Scriptum
1075 3327 1408 3383 assimilant
1429 3327 1869 3400 archangelicas
1897 3329 2002 3384 vir-

348 3424 506 3476 tutes
533 3441 548 3487 ,
578 3419 722 3474 dicit
765 3417 923 3473 enim
959 3435 974 3473 :
1011 3419 1075 3474 Ut
1105 3432 1214 3472 non
1245 3419 1415 3472 etiam
1463 3433 1586 3483 nos,
1617 3418 1758 3472 sicut
1787 3417 2000 3486 vulgus,

347 3512 583 3582 pro/anc
626 3507 986 3573 arbitremur,
1020 3505 1265 3561 minime
1291 3505 1506 3560 habere
1553 3505 1999 3576 explicationem

350 3599 586 3655 ordines
617 3613 820 3653 eorum
851 3595 952 3669 qui
986 3593 1203 3649 multas
1235 3593 1412 3649 facies
1455 3593 1670 3649 habent
1698 3598 1755 3648 et
1785 3593 2001 3650 multos

349 3687 526 3760 pedes
554 3686 615 3742 in
647 3685 807 3743 coslis
840 3701 852 3740 :
888 3683 996 3740 hos
1028 3683 1213 3756 igitur
1260 3683 1572 3754 explanare
1613 3683 1782 3754 juxta
1811 3699 2000 3738 sacro-

350 3793 479 3833 rum
509 3775 880 3833 oraculorum
906 3772 1352 3847 explicationem
1387 3771 1696 3844 praetegit.

414 3865 632 3936 Palam,
664 3865 762 3921 Gr.
795 3861 1058 3937 ἀτεχνῶς.
1107 3861 1516 3932 Vehementer,
1562 3865 1664 3917 aut
1708 3861 1996 3917 omnimo-

345 3953 441 4024 do,
469 3957 572 4008 aut
602 3968 753 4020 vere,
787 3958 888 4008 aut
917 3950 1286 4024 simpliciter.

412 4043 673 4098 Poeticis.
722 4039 1092 4112 Scripturam
1143 4056 1378 4111 quoque
1425 4039 1670 4112 poeticis
1726 4057 1893 4097 usam
1927 4042 1995 4096 fi-

343 4129 661 4196 ctionibus,
695 4129 767 4186 ad
803 4128 1329 4185 manuductionem
1364 4127 1696 4184 intellectus
1730 4129 1994 4197 humani,

345 4234 460 4275 non
493 4217 741 4274 valentis
771 4233 967 4272 rerum
999 4216 1293 4287 majorum
1327 4215 1658 4270 doctrinam
1694 4217 1992 4289 accipere;

345 4306 562 4365 similia
602 4305 757 4362 enim
789 4311 930 4362 sunt
959 4305 1217 4361 coelestia
1263 4303 1434 4376 signa
1464 4304 1537 4360 iis
1587 4321 1713 4375 quas
1746 4323 1778 4360 a
1810 4305 1996 4377 poetis

341 4401 535 4453 mente
586 4394 912 4468 ﬁnguntur,
947 4395 1100 4451 sicut
1148 4410 1312 4450 sacer
1342 4393 1436 4448 hic
1465 4393 1552 4448 vir
1581 4393 1722 4449 dicit
1768 4395 1994 4466 (poetas

339 4491 534 4542 autem
566 4484 828 4558 intellige
849 4488 951 4540 aut
973 4483 1107 4540 illos
1129 4484 1225 4555 qui
1268 4483 1422 4556 apud
1457 4481 1706 4556 gentiles
1730 4483 1789 4537 in
1809 4483 1993 4538 admi-

2124 1880 2420 1935 ἀτυπώτων
2447 1881 2536 1934 καὶ
2583 1877 2771 1934 ἁπλῶν
2803 1879 2892 1934 καὶ
2939 1878 3245 1952 ἀσωμάτων
3292 1882 3628 1958 μυστηρίων,
3659 1883 3696 1958 ᾖ
3733 1887 3769 1956 ἡ

2123 1970 2380 2045 ἰεραρχία
2436 1969 2809 2042 συναπτομένη
2870 1963 3173 2024 ἰπιϐατεύει
3207 2011 3221 2038 ,
3279 1969 3446 2026 οἱονεὶ
3500 1975 3570 2046 τῇ
3624 1973 3771 2049 παρᾶ

2123 2057 2432 2133 ἀνθρώποις
2482 2057 2813 2135 ίεροφαντίᾳ·
2866 2058 2957 2112 καὶ
3007 2054 3097 2112 διά
3143 2062 3251 2113 τῶν
3309 2057 3527 2115 είκόνων
3585 2060 3766 2135 ἀνάγει

2121 2145 2207 2201 ἐπὶ
2239 2147 2308 2201 τὰ
2333 2146 2541 2221 γαθαρὰ
2587 2148 2826 2220 θεάματα
2869 2152 2972 2215 τῆς
3018 2147 3218 2216 νοητῆς
3265 2147 3490 2218 τελετῆς
3527 2149 3770 2224 ἀκρότη-

2119 2256 2213 2298 τος
2244 2233 2550 2312 λεγομένης
2597 2233 2821 2296 εῗκότως
2861 2239 2970 2290 τῶν
3004 2231 3188 2290 ἐνθάδε
3232 2241 3558 2310 σωματικῶν
3587 2259 3647 2295 τε
3675 2238 3764 2295 καὶ

2123 2321 2404 2380 ὑλοειδῶν.

2617 2529 2732 2585 ΕΙΣ
2770 2529 2856 2586 ΤΟ
2895 2529 3150 2586 ΚΕΦᾹΛ.
3193 2529 3266 2586 Β“.

2193 2619 2221 2692 Ξ
2276 2624 2317 2674 I.
2369 2619 2482 2691 [α“.]
2541 2617 2944 2695 Ἐκφαντορίαν.
3011 2619 3402 2695 Ἐκφαντορίαν
3458 2618 3606 2696 λέγει
3663 2625 3764 2694 τὴν

2121 2705 2448 2781 ἐξάγγελσιν·
2503 2703 2784 2782 πρόδηλον
2831 2703 2909 2777 δὲ,
2941 2705 3025 2760 ὅτι
3070 2707 3168 2776 τήν
3221 2703 3309 2761 διὰ
3345 2703 3638 2781 συμϐόλων
3670 2713 3760 2766 καὶ

2117 2795 2325 2862 τύπων,
2389 2796 2540 2848 ἅτινα
2596 2797 2682 2848 καί
2759 2793 3052 2868 πλάσματα
3108 2795 3249 2850 εἶπεν
3284 2815 3298 2829 °
3365 2795 3647 2869 ἁπλότητα
3703 2797 3760 2854 δὲ

2117 2883 2180 2937 τὸ
2229 2889 2330 2950 τῆς
2388 2881 2596 2958 φύσεως
2650 2881 2836 2938 ἅϋλον·
3074 2884 3337 2954 ἠπίστατο
3383 2886 3619 2963 γὰρ,ὅτι
3673 2887 3758 2942 ἀν·

2120 2976 2303 3043 υμνῶν
2335 2969 2461 3035 τοὺς
2506 2971 2556 3025 ἐν
2604 2976 2720 3032 τοῖς
2768 2971 3021 3047 οὐρανοῖς
3065 2973 3243 3048 ἱεροὺς
3289 2975 3432 3043 νόας,
3475 2976 3549 3040 ὡς
3595 2975 3758 3032 αὐτός

2119 3081 2250 3138 φησι
2294 3060 2428 3115 κατᾶ
2474 3061 2573 3128 τήν
2633 3062 2871 3138 Γραφήν,
2930 3061 3165 3136 ἀνάγκην
3217 3063 3360 3139 εἶχεν
3413 3064 3579 3120 εἰπεῖν
3630 3066 3756 3140 περὶ

2123 3148 2272 3218 ζώων
2327 3149 2741 3227 θηριομόρφων,
2771 3149 2861 3203 καὶ
2915 3150 3105 3219 ἀετῶν,
3153 3150 3240 3206 καέ
3286 3157 3395 3207 τῶν
3443 3151 3624 3209 ἄλλων
3678 3157 3760 3216 οἷς

2115 3240 2492 3307 ἀπεικάζουσιν
2535 3239 2588 3292 αἱ
2639 3243 2776 3302 θεῖαι
2827 3240 3030 3316 Γραφαὶ
3076 3238 3172 3303 τάς
3221 3241 3622 3320 ἀρχαγγελικάς
3669 3240 3758 3298 δυ·

2108 3327 2319 3398 νάμεις·
2381 3324 2522 3400 λέγει
2582 3327 2706 3401 γάρ·
2761 3328 2877 3382 Ἵνα
2938 3328 3014 3401 μὴ
3061 3328 3151 3383 καὶ
3182 3331 3370 3403 ἡμεῖς,
3401 3332 3477 3394 ὡς
3527 3333 3576 3387 οἱ
3617 3329 3760 3386 πολ-

2112 3414 2223 3484 λοὶ,
2253 3414 2566 3486 νομίζωμεν
2616 3414 2842 3489 ἀνιέρως
2896 3427 2971 3488 μη
3025 3411 3172 3492 ἔχειν
3215 3417 3468 3493 ἐξήγησιν
3513 3420 3607 3482 τὰς
3653 3423 3763 3476 τῶν

2110 3501 2564 3578 πολυπροσώπων
2615 3502 2704 3556 καὶ
2761 3502 3091 3560 πολυπόδων
3161 3507 3334 3579 τάξεις
3385 3506 3438 3562 ἐν
3490 3507 3758 3584 οὐρανοῖς’

2108 3590 2302 3652 ταύτας
2359 3591 2450 3645 οὗν
2525 3588 2851 3670 διασαφῆσαι
2928 3594 3240 3670 προῄρηται
3295 3597 3432 3650 κατά
3495 3597 3596 3666 τήν
3650 3600 3759 3652 τῶν

2107 3680 2268 3754 ἰερῶν
2302 3677 2507 3755 λογίων
2536 3678 2912 3759 ἐκφαντορίαν.

2181 3859 2479 3935 Ἀτεχνῶς.
2540 3861 2836 3936 Μεγάλως,
2895 3862 2931 3929 ἢ
2988 3859 3276 3933 παντοίωεν
3327 3859 3363 3929 ἢ
3417 3859 3665 3934 ἀληθῶςν
3721 3865 3757 3934 ἢ

2111 3945 2321 4010 ἁπλῶς.

2179 4039 2272 4112 [γ’]
2313 4041 2654 4106 Ῑίοιητικαῖς.
2709 4037 2833 4090 ’Ὁτι
2889 4032 2978 4086 καὶ
3035 4040 3349 4104 ποιητικαῖς
3409 4039 3564 4110 [τισι]
3621 4038 3760 4093 πλά-

2109 4146 2249 4178 σεσιν
2282 4123 2556 4197 ἐχρήσατο
2602 4125 2635 4190 ἡ
2688 4122 2871 4197 Γραφή
2923 4120 3057 4196 πρὸς
3115 4122 3484 4198 χειραγωγίαν
3526 4131 3627 4193 τῆς
3660 4125 3754 4178 ἀν-

2105 4212 2380 4287 θρωπίνης
2431 4209 2689 4280 διανοίας,
2748 4207 2874 4263 ἀλλ’
2929 4209 3003 4270 ὡς
3053 4209 3114 4264 οὗ
3170 4207 3474 4283 δυναμένης
3515 4212 3615 4280 τὴν
3645 4216 3752 4268 τῶν

2111 4301 2372 4375 μειζόνων
2422 4293 2755 4373 παραλαϐεῖν
2816 4293 3191 4352 διδασκαλίαν·
3250 4297 3478 4355 ἐοικέναι
3533 4301 3636 4377 γὰρ
3689 4300 3758 4356 τὰ

2105 4391 2326 4464 οὐράνια
2365 4383 2617 4461 σύμϐολα
2663 4393 2781 4450 τοῖς
2829 4386 2974 4463 παρά
3020 4392 3278 4458 ποιηταῖς
3309 4391 3752 4466 φανταζομένοις,

2105 4478 2180 4541 ὠς
2229 4479 2257 4532 ὁ
2302 4477 2444 4552 ἱερὸς
2489 4476 2623 4551 ἀνὴρ
2675 4475 2831 4539 οὗτός
2880 4496 3035 4553 φησι,
3087 4477 3344 4548 (ποιητὰς
3395 4473 3453 4531 δὲ
3490 4472 3754 4548 νόησονῆ

340 4574 564 4632 ratione
594 4555 850 4640 fuerunt,
885 4573 1035 4629 sicut
1066 4555 1406 4642 Homerum,
1438 4555 1753 4629 Hesiodum
1803 4575 1861 4627 et
1909 4588 1992 4627 re-

2122 4566 2224 4631 τοὺς
2269 4567 2396 4639 παρ’
2440 4563 2681 4635 Ἕλλησι
2733 4565 3206 4637 θαυμαζομένους,
3263 4565 3376 4620 οῖον
3447 4568 3702 4642 ’Όμηρον
3735 4613 3749 4639 ,

339 4664 579 4735 liquos),
611 4666 712 4718 aut
730 4661 972 4733 poeticis
998 4663 1164 4734 quasi
1189 4662 1410 4718 ﬁctitiis
1451 4660 1987 4726 informationibus,

338 4769 442 4810 seu
465 4750 979 4809 delineationibus.
1011 4751 1154 4805 Cum
1179 4751 1336 4806 enim
1378 4756 1578 4806 nosset
1625 4751 1860 4824 sapiens
1894 4749 1989 4806 Dei

337 4840 756 4898 condescensio
787 4842 1049 4894 nostram
1083 4843 1340 4894 mentem
1363 4839 1683 4907 infirmam,
1717 4846 1774 4896 et
1794 4841 1864 4896 ad
1897 4857 1991 4896 su-

340 4930 672 4988 blimiorem
721 4925 1271 4999 contemplationem
1332 4927 1609 4997 ineptam,
1670 4928 1989 4986 elevatione

337 5019 452 5090 ipsi
475 5017 844 5075 connaturali
876 5017 1088 5086 efﬁcta,
1116 5015 1200 5070 sic
1232 5014 1668 5088 archangelicas
1691 5017 1749 5070 in
1777 5033 1986 5087 propa-

337 5107 462 5163 tulo
485 5108 622 5163 fecit
640 5107 1082 5179 descriptiones,
1113 5121 1230 5161 non
1270 5105 1563 5176 quomodo
1596 5121 1793 5160 revera
1825 5111 1985 5178 sunt,

338 5197 440 5254 sed
472 5203 646 5269 prout
677 5213 782 5252 nos
823 5195 1316 5268 comprehendere
1365 5193 1637 5266 quimus;
1684 5195 1832 5250 nihil
1883 5197 1986 5269 igi-

334 5290 432 5342 tur
461 5284 794 5342 ccelestibus
825 5285 1215 5358 improprium
1247 5283 1592 5356 imaginare.

2097 4653 2367 4724 Ἡσίοδον,
2421 4652 2672 4714 καὶτοὺς
2723 4653 2896 4728 ἑξῆς.)
2944 4652 2981 4722 ἢ
3031 4659 3346 4725 ποιητικαῖς
3393 4653 3587 4710 ὠσανεί
3617 4655 3754 4711 πλα-

2098 4751 2303 4807 στικαῖς
2347 4744 2777 4800 ὑποτυπώσεσιν.
2822 4740 3016 4800 Εἰδυῖα
3064 4743 3167 4818 γὰρ
3215 4744 3249 4811 ἡ
3297 4747 3394 4797 τοῦ
3443 4747 3577 4798 Θεοῦ
3608 4747 3745 4822 σοφὴ

2099 4829 2489 4912 συγκατάϐασις
2543 4833 2634 4888 τὸν
2688 4833 2955 4907 ἡμέτερον
3023 4835 3147 4886 νοῦν
3224 4831 3412 4902 ἀσθενῆ
3468 4833 3559 4887 καὶ
3616 4834 3752 4908 πρὸς

2099 4924 2438 5002 ὑψηλοτέραν
2492 4922 2722 4994 θεωρίαν
2771 4917 3162 4989 ἀνεπιτηδείως
3204 4917 3428 4994 ἔχοντα,
3457 4921 3748 4997 ἀναγωγὴν

2095 5018 2240 5088 αὒτῷ
2271 5019 2488 5088 συμφυῆ
2521 5009 2867 5083 πλασαμένη,
2899 5008 3040 5063 οὕτω
3086 5007 3182 5069 τὰς
3231 5007 3634 5084 ἆρχαγγελικάς
3664 5009 3740 5072 εἷς

2095 5107 2319 5184 φανερὸν
2379 5102 2551 5178 ἤγαγε
2606 5099 3015 5184 διακοσμήσειε,
3056 5095 3180 5184 ,οὐχ
3236 5095 3385 5159 ὅπως
3428 5096 3616 5184 ἔχουσι
3669 5101 3736 5172 τῇ

2093 5182 2322 5266 ἀληθείῃ
2381 5189 2789 5266 διασαφήσασα,
2846 5182 2974 5240 ἀλλ’
3045 5183 3196 5247 ὅπως
3250 5185 3415 5258 ἡμεῖς
3473 5183 3746 5260 δυνάμεθα

2090 5275 2436 5338 καταλαϐεῖν·
2494 5275 2664 5350 μηδὲν
2716 5274 2807 5328 οὗν
2859 5270 3120 5329 ἀνοίκειον
3173 5275 3442 5351 φαντάζου
3490 5279 3599 5330 τῶν
3650 5274 3744 5331 οὐ-

2092 5370 2309 5446 ρανίων.

1329 5526 1565 5584 νΑειιλΕ
1606 5523 2003 5584 LECTIONES
2058 5523 2149 5582 ET
2185 5516 2744 5580 CORRECTIONES.

411 5643 457 5682 ⁸⁸
484 5635 817 5713 διεξοδικῶν.
893 5642 936 5678 ¹⁶
965 5638 1156 5706 πόθος.
