4042 6210
312 347 392 402 37
1010 345 1072 400 8.
1112 344 1388 400 MAXIM!
1425 339 1740 400 SCBOLIA
1776 342 1849 397 IN
1889 344 2024 398 LIB.
2065 345 2160 398 DE
2199 343 2526 401 C(ELESTI
2562 345 3039 402 HIKRARCHIA.
3650 346 3725 402 38

374 473 406 540 §
462 475 536 526 II.
592 465 896 530 Συνθὲσεις.
963 465 1243 528 Συνθέσεις
1322 465 1458 543 φησί
1529 465 1625 526 τὰς
1677 463 1966 539 ιίρημὲνας

2150 466 2280 540 §Il.
2333 467 2781 539 Compositiones.
2828 466 3294 539 Compositiones
3341 468 3485 525 dicit
3529 469 3720 526 dictas

296 558 543 619 πλάσεις
573 558 661 612 καὶ
696 575 808 631 σχη
821 553 1166 630 ματοποιίας.

379 649 498 725 Ἐφ’
561 648 788 702 ἑαυτῶν.
849 645 966 720 Ἐφ’
1024 644 1256 715 ὶαυτῶν,
1312 643 1589 699 τουτέστιν
1650 643 1723 704 ὡς
1781 640 1970 718 ἔχουσι

302 736 548 816 φύσεως,
583 733 852 810 ἄγνωστοι
909 737 1073 806 ἡμῖν,
1103 734 1262 811 φησὶ,
1291 733 1384 788 καὶ
1442 732 1751 807 ἀθεώρητοι
1809 731 1974 807 ὑπάρ-

307 846 530 902 χουσιν.

387 913 718 986 Ἀπότομον.
754 911 1060 984 Ἀπότομον
1111 912 1264 984 οἶμαι
1310 909 1487 986 λέγειν
1529 908 1688 964 αὐτὸν
1737 909 1836 978 τήν
1889 909 1967 980 ξέ-

320 1025 436 1074 νην,
467 1002 559 1056 καὶ
587 1001 702 1056 οἷον
746 1005 854 1054 τῶν
905 1001 1153 1070 συνήθων
1201 999 1656 1072 ἂποτετμημὲνην
1703 995 1827 1053 ὁδὸν
1882 998 1972 1053 καὶ

316 1091 515 1147 πλάσιν
551 1109 565 1124 ⁸
601 1087 689 1144 διὸ
726 1088 818 1144 καί
869 1088 1073 1160 σκηνὴν
1117 1088 1286 1157 αὐτὴν
1333 1087 1613 1160 ὀνομάζει,
1665 1085 1970 1164 σαφηνίζων

313 1180 413 1236 οὐκ
461 1177 693 1249 ἀληθεῖς
746 1177 880 1233 εἶναι
931 1177 1025 1239 τὰς
1098 1177 1582 1252 ἀναγεγραμμινας
1647 1180 1755 1231 τῶν
1806 1175 1970 1252 ἁγίων

316 1267 567 1345 ἀγγέλων
603 1267 815 1345 μορφάς
851 1284 863 1297 ⁶
899 1264 1019 1322 οὔτε
1050 1266 1150 1342 γὰρ
1175 1270 1244 1340 τῇ
1277 1265 1512 1338 ἀληθείᾳ
1539 1265 1782 1320 τοιοῦτοί
1813 1263 1974 1338 εἶσιν,

307 1357 466 1418 οἴους
533 1355 728 1418 αὐτοὺς
777 1358 813 1426 ἡ
865 1356 985 1432 ἱερᾶ
1031 1351 1370 1430 παραδίδωσι
1421 1355 1607 1432 Γραφή
1644 1373 1658 1386 ·
1706 1350 1833 1409 ἀλλ’
1882 1351 1974 1408 ’ίνα

310 1449 532 1521 [ἡμεῖς]
583 1445 900 1524 ἐφικώμεθα
946 1452 1046 1515 τῆς
1102 1443 1526 1521 μεγαλειότητος
1571 1443 1769 1500 αὐτῶν.
1800 1443 1975 1506 Αὐτὸς

311 1535 370 1591 δὲ
407 1538 438 1591 ὁ
463 1537 656 1608 [θεῖος]
683 1535 964 1596 Διονύσιος
995 1539 1247 1609 πειρᾶται
1302 1527 1640 1605 συμϐάλλειν
1698 1533 1768 1586 τὰ
1823 1531 1975 1608 εἰρη-

313 1628 456 1699 μὲνα
484 1626 611 1699 περὶ
654 1623 852 1695 αὐτῶν,
884 1623 972 1678 καὶ
1027 1619 1313 1690 δεικνύειν,
1347 1621 1430 1676 ὅτι
1478 1617 1701 1676 δυνατὸν
1748 1617 1819 1675 δι’
1845 1619 1974 1674 ἀνα-

309 1714 560 1785 πτύξεως
595 1710 740 1767 οὕτω
768 1717 911 1766 νοεῖν
963 1711 1060 1773 τὰς
1109 1711 1400 1787 ἆγγεΛικᾶς
1444 1707 1856 1783 διακοσμήσεις,
1897 1710 1973 1770 ὡς

315 1801 560 1876 εἴρηται.

389 1888 606 1947 Ἀΰλων
663 1892 872 1951 ποσῶς.
905 1893 1093 1950 Ποσῶς
1149 1886 1356 1955 ἀΰλων,
1385 1887 1627 1942 τουτέστι
1682 1890 1920 1963 μερικῶς
1955 1903 1968 1917 ⁸

316 1979 383 2034 οὐ
411 1980 517 2056 γὰρ
544 1979 718 2049 πάντη
751 1975 933 2032 ἀύλων
970 1996 982 2008 ο
1017 1975 1409 2054 ὑπερκειμένας
1441 1973 1498 2031 δὲ
1528 1973 1712 2039 οὐσίας
1742 1975 1969 2051 οὐρανὸν

313 2069 405 2122 καί
467 2066 539 2121 τὰ
592 2067 711 2120 κατ’
741 2065 966 2142 οὐρανὸν
1023 2063 1194 2140 λέγει,
1247 2066 1362 2119 οἷον
1420 2065 1643 2140 ἀστέρας
1677 2084 1691 2098 ο
1747 2065 1812 2119 τὸ
1867 2065 1971 2141 γὰρ

313 2155 823 2229 λεπτομερεστατον
875 2153 1051 2210 αὐτῶν
1108 2153 1198 2209 καὶ
1263 2153 1583 2227 μονοούσιον
1644 2151 1808 2229 ἐγγύς
1863 2153 1974 2209 ἐστί

310 2266 438 2307 πως
471 2243 692 2305 ἀϋλίας.

396 2509 719 2570 Θεοειδὲσιν.
766 2509 1031 2574 Θεοειδεῖς
1089 2510 1401 2582 ἁπλότητάς
1455 2531 1587 2586 φησι
1633 2509 1728 2572 τὰς
1778 2508 1974 2579 νοητὰς

335 2603 522 2664 οὐσίας
552 2622 566 2635 ο
598 2601 763 2658 ἇϋλοι
805 2602 908 2677 γὰρ
939 2601 1116 2656 οὐσίαι
1160 2603 1250 2656 καὶ
1293 2599 1574 2655 ἀσύνθετοι
1629 2600 1846 2662 πάντως
1900 2598 1976 2654 ιῖ-

335 2691 440 2763 σὲν,
473 2692 572 2746 οὐκ
596 2691 757 2746 οὖσαι
789 2695 974 2767 κρᾶμα
1019 2690 1106 2745 καὶ
1159 2688 1429 2763 σύγκριμα
1472 2692 1581 2743 τῶν
1638 2687 1924 2764 στοιχείων
1960 2707 1972 2720 ·

325 2780 394 2834 τὰ
424 2781 525 2856 γὰρ
559 2781 788 2854 σώματα
817 2778 877 2834 ἐκ
902 2777 1132 2851 τούτων,
1164 2776 1357 2832 ἐκεῖνοι
1389 2779 1430 2814 ¹⁸
1462 2773 1519 2832 δὲ
1547 2776 1853 2851 ἀσώματοι.

393 2960 703 3028 Ἐνιζάνον.
736 2957 1073 3033 Ἐγκαθίζον,
1112 2956 1202 3011 καὶ
1255 2955 1606 3029 ἐναπομὲνειν
1655 2959 1870 3012 ποιοῦν.

394 3134 719 3194 Λεοντείων.
747 3136 916 3192 Δῦται
946 3136 1000 3190 αἱ
1035 3133 1239 3212 μορφαὶ
1288 3138 1395 3189 τῶν
1445 3134 1601 3189 θείων
1659 3132 1748 3188 καὶ
1805 3131 1972 3208 ἁγίων

2081 556 2345 613 ﬁctiones
2373 563 2429 612 et
2460 557 2778 630 ﬁgurarum
2812 556 3154 614 efﬁctiones.

2153 648 2212 700 In
2241 647 2460 717 seipsis.
2497 648 2556 701 In
2591 647 2824 717 seipsis,
2857 646 2963 702 hoc
2991 651 3101 714 est,
3134 646 3290 703 sicut
3320 651 3532 704 natura
3573 648 3722 706 exsi-

2082 738 2279 802 stunt;
2313 734 2494 806 ignoti
2526 736 2715 802 nobis,
2747 735 2964 807 inquit,
2996 741 3056 792 et
3085 736 3408 792 invisibiles
3437 742 3601 794 sunt.

2155 911 2378 979 Rudem,
2410 912 2509 969 Gr.
2540 910 2849 985 ἀπότομον.
2885 911 3194 985 Ἀπότομον
3228 915 3481 972 arbitror
3525 915 3723 988 ipsum

2080 999 2271 1057 dicere
2301 1001 2666 1074 peregrinam
2697 1007 2755 1059 et
2782 1001 2960 1058 veluti
2991 1019 3024 1058 a
3053 1003 3479 1061 consuetudine
3500 1005 3726 1064 abscis-

2081 1105 2208 1145 sam
2241 1091 2394 1146 viam
2427 1095 2483 1147 et
2513 1090 2834 1161 fictionem,
2867 1091 3114 1162 ideoque
3144 1093 3587 1152 tabernaculum
3637 1095 3727 1168 ip-

2081 1195 2205 1234 sam
2233 1177 2526 1250 appellat:
2551 1178 2852 1235 declarans
2885 1179 3127 1236 minime
3153 1197 3320 1238 veras
3350 1199 3480 1241 esse
3509 1185 3731 1241 decri-

2083 1271 2214 1338 ptas
2262 1268 2606 1339 angelorum
2658 1267 2912 1336 formas;
2966 1286 3082 1325 non
3128 1271 3286 1325 enim
3334 1287 3534 1329 revera
3579 1273 3727 1330 tales

2083 1361 2242 1426 sunt,
2275 1356 2478 1427 quales
2508 1357 2669 1428 ipsos
2692 1373 2860 1413 sacra
2888 1358 3070 1414 tradit
3094 1359 3393 1432 Scriptura
3439 1376 3454 1415 :
3511 1363 3610 1419 sed
3661 1369 3730 1420 ut

2082 1445 2494 1517 perveniamus
2525 1446 2596 1500 ad
2622 1447 3096 1518 magnitudinem
3125 1448 3411 1519 ipsorum.
3447 1450 3579 1522 Ipse
3620 1467 3726 1507 au-

2083 1537 2200 1588 tem
2231 1533 2542 1605 Dionysius
2573 1541 2822 1590 conatur
2850 1536 3218 1593 committere
3249 1538 3407 1594 dicta
3436 1539 3508 1594 de
3557 1540 3725 1612 ipsis,

2081 1626 2140 1678 et
2171 1623 2472 1678 ostendere
2503 1623 2628 1678 fieri
2659 1639 2854 1695 posse,
2898 1630 2965 1681 ut
2998 1641 3101 1697 per
3146 1625 3595 1698 explicationem
3645 1630 3728 1685 ita

2083 1711 2490 1784 intelligantur
2519 1711 2791 1785 angelice
2823 1713 3269 1787 descriptiones,
3303 1715 3457 1772 sicut
3502 1716 3726 1774 dictum

2081 1805 2190 1857 est.

2152 1891 2233 1945 Ea:
2258 1897 2412 1960 parte
2451 1891 2939 1962 immaterialium,
2990 1891 3085 1948 Gr.
3131 1888 3314 1946 ἀῢλων
3359 1897 3565 1958 ποσῶς.
3621 1900 3728 1950 Ilo-

2081 1980 2189 2040 σῶς
2220 1975 2428 2045 ἀΰλων,
2459 1979 2567 2036 hoc
2615 1984 2704 2035 est
2753 1980 2987 2052 partim,
3041 1997 3232 2054 neque
3278 1983 3436 2038 enim
3487 1985 3729 2042 omnino

2081 2066 2600 2136 immaterialium;
2634 2069 2682 2123 ϐ
2715 2069 3122 2140 superpositas
3145 2075 3340 2127 autem
3363 2072 3732 2130 substantias

2081 2155 2293 2212 omium
2341 2161 2399 2212 et
2446 2173 2573 2224 quae
2634 2157 2789 2213 infra
2853 2157 3068 2214 omium
3131 2165 3272 2214 sunt
3336 2161 3500 2232 dicit,
3550 2161 3731 2218 veluti

2083 2249 2243 2300 astra
2273 2258 2288 2298 :
2321 2243 2449 2315 ipsa
2478 2245 2635 2300 enim
2669 2245 3036 2303 tenuissimis
3064 2251 3334 2305 constare
3363 2250 3654 2320 partibus,
3673 2255 3733 2307 et

2084 2330 2211 2388 sola
2236 2331 2569 2387 substantia
2597 2347 2776 2404 prope
2805 2331 3002 2405 aliquo
3027 2335 3202 2390 modo
3235 2338 3459 2392 accedit
3495 2339 3568 2394 ad
3616 2339 3732 2395 im-

2085 2419 2557 2475 materialitatem

2155 2509 2541 2579 Deilormz’bus.
2577 2508 2895 2566 Deiformes
2925 2510 3335 2582 simplicitates
3365 2513 3506 2570 dicit
3552 2514 3728 2572 intel-

2083 2597 2366 2654 lectuales
2395 2597 2779 2669 substantias;
2811 2598 3233 2657 immateriales
3258 2602 3419 2658 enim
3449 2605 3731 2662 substan-

2083 2686 2178 2742 tia
2208 2692 2263 2742 et
2292 2686 2707 2758 incompositae
2749 2688 2990 2744 omnino
3039 2694 3200 2759 sunt,
3255 2708 3372 2747 non
3415 2694 3733 2752 existentes

2086 2775 2418 2832 commistio
2449 2780 2506 2833 et
2536 2781 3066 2849 temperamentum
3097 2778 3558 2852 elementorum;
3605 2800 3732 2841 cor-

2085 2882 2228 2936 pora
2256 2864 2413 2922 enim
2445 2881 2514 2920 ex
2545 2863 2659 2931 his,
2685 2865 2796 2921 ille
2827 2871 3023 2921 autem
3056 2867 3428 2940 incorporeas.

2157 2953 2427 3024 ιηΙικν-θδ,
2459 2953 2556 3010 Gr.
2590 2951 2849 3022 tv::;a':vov.
2881 2954 3154 3014 Insidens
3183 2961 3240 3013 et
3268 2957 3595 3017 immanere
3643 2962 3731 3018 fa-

2085 3042 2266 3099 ciens.

2157 3133 2438 3189 Leoninis.
2490 3133 2584 3188 Ηω
2634 3133 2833 3189 formai
2895 3133 3231 3191 divinorum
3279 3141 3346 3193 et
3393 3146 3732 3197 sanctorum

311 3219 610 3301 χερουϐὶμ
654 3224 745 3280 καὶ
795 3225 941 3300 παρά
1003 3229 1084 3296 τῷ
1142 3222 1317 3297 [θείῳ]
1365 3220 1629 3291 Ἰεζεκιὴλ
1685 3221 1775 3276 καὶ
1831 3222 1977 3296 παρὰ

2107 3221 2414 3294 :herubim,
2441 3225 2500 3278 et
2523 3221 2595 3278 ab
2624 3221 2924 3279 Ezechiele
2953 3230 3007 3280 et
3035 3222 3394 3300 diviniloquo
3423 3228 3651 3288 Joanne
3674 3231 3732 3288 in

313 3319 402 3389 τῷ
464 3315 734 3388 θεσπεσίῳ
787 3315 1000 3388 Ἰωάννῃ
1073 3312 1126 3368 ἐν
1201 3315 1270 3386 τῇ
1329 3310 1697 3386 ’Δποκαλύψει
1755 3309 1981 3387 ἀνεγρά-

323 3425 544 3484 φησκν.

400 3495 622 3566 Ἐσμῶν
659 3535 672 3548 .

322 3583 580 3652 πλῆθος.

409 3671 511 3726 Καὶ
543 3671 608 3725 τὸ
634 3667 920 3746 όρνιθείας.
951 3670 1084 3728 Οῖον
1119 3665 1482 3744 ὀρνιθοιιδοῦς
1533 3669 1747 3745 μορφῆς
1795 3666 1884 3722 καὶ
1933 3665 1985 3738 ἐξ

328 3761 602 3837 ὀρνίθων.

410 3847 601 3906 Ζώων.
633 3852 751 3903 Ζῶα
778 3845 923 3904 ἅλλα
948 3848 1136 3926 φησὶν,
1167 3847 1281 3902 οἷον
1305 3843 1533 3916 ἵππους,
1576 3844 1867 3919 ἡμιόνους,
1896 3843 1988 3900 καὶ

324 3939 411 3996 τὰ
454 3940 675 3992 τοιαῦτα
705 3939 769 3977 ¹⁹σ
803 3934 938 3999 ὕλας
969 3933 1026 3990 δὲ
1075 3934 1419 4010 ἀτιμοτέρας,
1455 3936 1570 3988 οἷον
1638 3932 1864 4010 θρόνους
1915 3932 1992 3996 ὡς

328 4028 403 4085 lx
465 4023 662 4097 ξύλων,
692 4025 783 4081 καὶ
838 4023 1100 4100 τροχοὺς,
1145 4025 1232 4079 καὶ
1293 4022 1565 4100 ῥομφαίας
1624 4021 1685 4077 ἐκ
1737 4020 1988 4099 σιδήρου,

321 4118 412 4179 ὡς
443 4116 550 4184 τήν
581 4113 848 4190 ῥομφαίαν
880 4115 982 4183 τὴν
1013 4111 1411 4185 ἐξισπασμὲνην
1444 4111 1531 4166 ἐπὶ
1579 4111 1670 4166 τὸν
1719 4107 1950 4184 Βαλαάμ
1971 4128 1987 4145 °

321 4207 424 4261 καὶ
457 4207 521 4273 ἣν
556 4201 692 4259 εἶδεν
721 4205 754 4259 ὁ
783 4199 970 4275 Δαυὶδ,
1003 4201 1077 4265 ὡς
1123 4199 1175 4256 ἰν
1224 4205 1346 4264 ταῖς
1400 4198 1714 4264 Βασιλείαις
1775 4197 1991 4277 εἷ”ρηται

325 4289 551 4372 βιϐλίῳ
586 4295 650 4368 ﬂ"
677 4293 769 4349 καὶ
799 4294 1014 4369 ἅρματα
1045 4291 1118 4354 ὡς
1149 4288 1355 4362 ξύλινα.

408 4402 707 4475 Ἐμπαθὲς.
756 4399 1028 4473 Ἐμπαθὶς
1077 4395 1245 4475 λέγει,
1293 4395 1480 4468 ἐπειδή
1539 4398 1602 4453 τὸ
1657 4392 1992 4473 λιοντόμορ·

325 4513 444 4571 φον
475 4490 708 4564 θυμικόν
735 4510 789 4544 τι
815 4487 1068 4562 σημαίνει
1105 4508 1117 4521 ·
1149 4485 1238 4542 καὶ
1271 4486 1335 4541 τὸ
1369 4485 1629 4560 μόσχειον
1683 4482 1824 4547 εἶδος
1865 4484 1990 4570 ,ἐπι-

760 3492 960 3566 Ἐσμός
1059 3489 1173 3545 ἑστι
1269 3489 1333 3546 τὸ
1433 3487 1981 3566 συμπεπληρωμένον

2089 3311 2435 3387 Apocalypsi
2465 3311 2770 3383 descriptae
2801 3316 2960 3369 sunt.

2163 3491 2548 3561 Examinibus,
2580 3489 2679 3547 Gr.
2701 3485 3114 3565 ἒσμῶν.Ἐσμός
3144 3499 3235 3550 est
3261 3495 3554 3568 completa
3577 3497 3736 3555 mul-

2092 3580 2308 3637 titudo.

2168 3669 2234 3725 Et
2261 3666 2546 3743 ὀρνιθείας,
2578 3668 2760 3725 veluti
2789 3668 3012 3727 volucri
3055 3670 3270 3728 similis
3319 3673 3521 3730 formas
3569 3680 3627 3732 et
3672 3693 3743 3732 ex

2097 3757 2321 3814 avibus.

2167 3847 2535 3902 Animalium.
2562 3846 2856 3902 Animalia
2886 3845 3000 3902 alia
3028 3847 3192 3918 dicit,
3227 3852 3291 3904 ut
3319 3863 3519 3921 equos,
3546 3850 3742 3910 mulos

2097 3938 2153 3991 et
2182 3933 2432 4002 similia;
2465 3934 2744 3990 materias
2775 3939 2971 3990 autem
3000 3933 3260 4006 viliores,
3293 3940 3360 3994 ut
3396 3939 3567 3996 sedes
3613 3945 3743 3998 tan-

2097 4039 2275 4096 quam
2307 4039 2377 4079 ex
2405 4022 2606 4094 lignis,
2637 4026 2694 4079 et
2723 4027 2881 4080 rotas
2913 4026 2971 4080 et
3000 4025 3334 4097 romphaas
3364 4042 3433 4084 ex
3464 4028 3647 4100 ferro;
3683 4033 3748 4087 ut

2099 4113 2455 4184 romphwam
2488 4115 2810 4168 extractam
2845 4114 2904 4169 in
2945 4112 3180 4170 Balaam
3234 4119 3293 4172 et
3342 4132 3519 4190 quam
3567 4118 3745 4176 David

2098 4202 2246 4258 vidit
2275 4220 2288 4258 :
2322 4202 2477 4258 sicut
2504 4200 2726 4257 dictum
2757 4206 2847 4258 est
2877 4202 2936 4258 in
2965 4202 3116 4259 libro
3149 4206 3408 4262 secundo
3441 4207 3752 4281 Regum;et

2099 4308 2308 4349 currus
2340 4291 2520 4347 veluti
2554 4289 2799 4363 ligneos.

2169 4397 2581 4452 Pauionatum.
2640 4394 2958 4452 Aﬂ'ectibus
3011 4396 3330 4455 obnoxium
3379 4400 3540 4471 dicit,
3598 4417 3752 4474 quo-

2102 4485 2264 4542 niam
2299 4486 2485 4541 forma
2515 4483 2751 4540 leonina
2779 4484 3003 4556 aliquid
3055 4486 3355 4546 irascibile
3403 4489 3646 4559 indicat,
3695 4495 3753 4545 et

328 4563 650 4653 θομητικόν
681 4596 693 4609 ·
755 4579 908 4633 ἅτινα
964 4577 1108 4646 πάθη
1195 4575 1285 4631 καὶ
1363 4573 1572 4651 μεγάλα
1630 4563 1966 4650 ὑπάρχουσιν

2107 4575 2326 4647 species
2353 4572 2603 4630 vitulina
2631 4573 3113 4645 concupiscibile,
3145 4593 3271 4649 quas
3316 4578 3642 4650 passiones,
3692 4583 3750 4634 et

325 4669 705 4742 Ὀμοιότητας
754 4664 812 4722 δέ
856 4687 989 4741 φησι
1032 4665 1127 4728 τὰς
1178 4666 1513 4738 ὁμοιωτικᾶς
1555 4663 1843 4726 ὑπονοίας·
1873 4685 1993 4719 τοι·

323 4761 544 4836 γαροῦν
599 4755 748 4832 λέγει
797 4757 825 4811 ὁ
871 4758 917 4792 ³ο
945 4754 1236 4824 Ἰεζεκιὴλ,
1264 4753 1338 4816 ὡς
1389 4753 1652 4828 ὁμοίωμα
1700 4751 1994 4829 ἑωρακέναι

321 4851 436 4904 τοῦ
466 4845 672 4922 θρόνου
707 4865 722 4879 ο
751 4845 840 4900 καὶ
893 4843 1157 4918 ὁμοίωμα
1207 4841 1454 4914 λέοντος,
1486 4839 1620 4918 ὅπερ
1671 4839 1840 4913 δηλοῖ
1891 4843 1991 4911 τὴν

325 4931 728 5009 πλασματώδη
759 4938 865 4988 τῶν
899 4930 1207 4988 δοκούντων
1240 4929 1534 5007 φαντασίαν
1567 4952 1579 4965 ·
1633 4928 1718 4987 διὸ
1765 4929 1993 4986 κάνταῦ-

328 5040 405 5092 θα
453 5023 674 5098 εἴρηται
705 5042 718 5056 ·
767 5024 1052 5098 ’Δνόμοιοι
1101 5023 1427 5096 ὁμοιότητες
1459 5039 1472 5053 ⁸
1522 5020 1583 5076 οὗ
1633 5022 1738 5096 γὰρ
1794 5019 1996 5084 πάντας

325 5113 579 5189 ὁμοίους
609 5114 712 5188 ὁρᾷ
742 5113 770 5167 ὁ
798 5115 1106 5190 προφήτης,
1130 5109 1278 5166 ἀλλά
1299 5109 1427 5172 τοὺς
1463 5111 1557 5183 μὶν
1587 5106 1840 5183 τοιώσδε,
1865 5109 1994 5172 τοὺς

323 5202 390 5260 δὶ
423 5199 669 5258 τοιώσὸε
699 5220 712 5234 ο
747 5199 892 5258 ἀλλὰ
919 5200 1007 5257 καὶ
1041 5199 1295 5275 ἀνόμοιοί
1326 5199 1426 5255 εἶσι
1456 5197 1762 5273 παντελῶς,
1795 5200 1876 5262 οἷς
1904 5197 1994 5254 δο-

317 5300 527 5353 κοῦσιν
561 5291 698 5350 εἶναι
730 5293 916 5367 ὅμοιοι
946 5311 959 5326 ·
995 5290 1150 5349 οΰδὶν
1196 5295 1298 5371 γὰρ
1349 5290 1590 5366 λέοντος,
1618 5290 1654 5362 ἢ
1687 5289 1926 5368 μόσχου,
1957 5289 1993 5361 ἢ

2104 4662 2339 4735 quidem
2367 4678 2613 4733 magnae,
2652 4665 2811 4718 sunt.
2862 4662 3293 4722 Similitudines
3342 4671 3536 4723 autem
3587 4666 3751 4734 dicit,

2104 4769 2316 4809 sensus
2345 4751 2674 4808 reconditos
2704 4751 2822 4807 vim
2852 4752 3225 4810 assimilandi
3257 4756 3540 4812 habentes
3565 4772 3577 4809 ε
3606 4756 3750 4813 dicit

2104 4841 2285 4915 igitur
2315 4839 2599 4908 Ezechiel,
2630 4844 2920 4913 tanquam
2951 4842 3406 4900 similitudinem
3435 4843 3633 4901 throni
3663 4845 3752 4901 vi-

2104 4931 2286 4998 disse,
2319 4934 2376 4986 et
2405 4929 2860 4986 similitudinem
2893 4929 3103 4999 leonis;
3134 4933 3285 5002 quod
3322 4932 3576 4990 declarat
3607 4933 3756 4991 licti-

2103 5020 2246 5076 tiam
2280 5019 2649 5092 opinantium
2682 5019 3160 5092 imaginationem
3196 5037 3208 5077 :
3243 5021 3375 5077 ideo
3404 5021 3500 5078 hic
3529 5023 3755 5081 dictum

2105 5109 2515 5176 est,dissim:‘les
2542 5108 2947 5164 similitudines
2974 5127 2992 5163 :
3030 5125 3220 5180 neque
3248 5111 3407 5168 enim
3438 5127 3645 5170 omnes
3676 5114 3758 5169 si-

2106 5197 2274 5254 miles
2307 5197 2590 5270 propheta
2616 5197 2792 5265 videt;
2817 5197 2918 5252 sed
2953 5197 3060 5253 hos
3093 5197 3328 5265 quidem
3357 5201 3462 5270 sic,
3490 5201 3622 5259 illos
3652 5219 3755 5259 au-

2107 5292 2226 5344 tem
2257 5286 2341 5344 sic
2375 5301 2614 5343 :verum
2646 5284 2966 5343 dissimiles
2997 5287 3238 5346 omnino
3269 5294 3412 5347 sunt
3441 5290 3757 5364 iis,quihus

1349 5497 1593 5556 VARUE
1630 5493 2024 5556 LECTIONES
2062 5486 2152 5550 ET
2187 5486 2754 5548 GORRECTIONES.

404 5673 454 5716 ⁸⁸
487 5669 727 5741 ἐκεῖναι,
758 5669 1002 5729 refertur
1023 5669 1184 5729 enim
1216 5670 1289 5728 ad
1321 5666 1523 5726 οὐσίαι.
1600 5669 1645 5708 ¹⁹
1668 5665 1879 5738 ἳππων,
1911 5658 2161 5738 ἡμιόνων
2189 5659 2278 5716 καὶ
2311 5658 2418 5713 τῶν
2448 5655 2736 5716 τοιούτων.
2810 5658 2856 5696 ³ο
2885 5654 3029 5734 λιγιι
3059 5678 3159 5738 γαρ
3193 5661 3242 5718 ὁ.
