4042 6210
386 363 456 417 39
1200 356 1567 413 APPENDIX
1607 358 1703 410 Αι)
1739 356 1979 409 ornas
2015 357 2075 410 s.
2114 355 2428 410 momen
2465 358 2962 416 AREOPAGITE.
3124 330 3127 331 ί
3718 366 3783 421 ιο

381 488 655 544 videntur
684 501 811 542 esse
840 483 1067 542 similes
1101 502 1113 541 :
1148 483 1297 540 nihil
1327 483 1485 539 enim
1518 480 1705 537 leonis
1734 484 1837 536 aut
1864 478 2026 535 vituli

2155 483 2249 533 τῶν
2284 479 2405 550 ἑξῆς
2437 482 2660 551 ἀληθῶς
2710 476 2898 557 ἔχουσι
2930 502 2944 515 ·
2978 483 3029 539 τί
3055 481 3111 539 δὲ
3142 482 3310 557 δηλοῖ
3334 487 3397 541 τὸ
3427 484 3709 561 ἀνόμοιον,
3740 490 3788 546 ἐν

382 581 483 633 aut
514 574 874 647 reliquorum
904 590 1037 630 vere
1062 573 1319 644 habent;
1344 571 1486 643 quid
1519 586 1691 644 porro
1743 569 2037 642 signiﬁcet

383 665 665 737 ἀνόμοιον,
698 664 757 719 in
788 664 1177 735 sequentibus
1205 661 1486 720 invenies.

453 755 858 825 Verumtamen,
905 754 1005 809 Gr.
1056 748 1183 805 ἀλλ’
1230 752 1289 820 ἡ.
1343 752 1452 807 Per
1498 750 1741 805 modum
1790 764 2032 820 respon-

382 860 590 900 8101118.

457 934 521 990 Ut
548 948 723 1005 neque
752 931 979 988 divinae.
1014 928 1331 987 Pollicetur
1359 943 1463 1000 per
1508 926 1802 1001 propriam
1852 925 2032 981 inter-

384 1022 773 1095 pretationem
799 1024 1120 1091 utrumque
1142 1018 1475 1089 ostendere;
1494 1021 1561 1073 ut
1582 1032 1771 1089 neque
1798 1014 2031 1071 videan-

383 1116 479 1167 tur
508 1109 763 1168 cmlestia
793 1109 1013 1180 iniuria
1042 1108 1221 1173 afﬁci,
1251 1122 1443 1178 neque
1472 1123 1580 1163 nos
1610 1105 1670 1160 in
1712 1104 2032 1177 bumipetis

382 1199 703 1256 vilitatibus
733 1198 895 1254 inﬁxi
925 1213 1074 1265 esse,
1107 1197 1249 1252 dum
1282 1196 1437 1252 circa
1468 1192 1749 1252 animalia
1780 1210 1907 1266 qua:
1962 1194 2033 1250 de

382 1289 605 1361 angelis
636 1288 935 1358 dicuntur,
968 1302 1299 1342 versamur.

451 1376 650 1431 Merito
681 1373 930 1429 obducta.
964 1372 1083 1428 Cur
1110 1373 1281 1445 signa
1310 1388 1513 1429 eorum
1546 1387 1671 1443 qua
1712 1370 1902 1443 ﬁgura
1932 1385 2031 1425 ex-

384 1464 557 1536 primi
590 1467 916 1535 nequeunt,
947 1464 1067 1518 sint
1095 1462 1320 1534 ﬁgurae,
1353 1466 1409 1517 et
1437 1477 1639 1517 eorum
1672 1476 1799 1532 qua:
1846 1460 2034 1515 forma

383 1556 603 1620 carent,
633 1552 856 1619 formae,
890 1552 999 1607 hoc
1029 1550 1156 1607 loco
1188 1551 1351 1606 dicit.

456 1644 495 1696 7
530 1642 869 1712 Inﬁguratis,
902 1644 999 1696 Gr.
1049 1636 1498 1715 ἀσχηματίστων.
1549 1643 1658 1695 Pro
1697 1640 1896 1709 [arma
1938 1654 2034 1693 ea:-

385 1732 628 1799 pertium
639 1771 652 1785 .

452 1820 793 1876 Immediate.
827 1823 943 1875 Hoc
975 1822 1065 1875 est
1094 1835 1209 1875 non
1244 1834 1346 1891 per
1376 1818 1604 1875 medias
1638 1817 1879 1889 ﬁguras,
1930 1815 2029 1872 sed

382 1909 695 1966 confestim
726 1914 783 1964 et
811 1908 1000 1981 primo
1031 1908 1200 1977 nisu;
1234 1907 1379 1963 illud
1435 1911 1633 1964 autem
1678 1904 2034 1979 praetendunt

381 1999 533 2055 idem
564 2001 654 2054 est
682 2014 817 2055 cum
846 2003 1173 2070 praeponam
1206 2000 1265 2053 et
1290 1997 1674 2068 praesumunt.

450 2177 851 2233 Formationes.
892 2175 1042 2231 Nota
1072 2176 1223 2245 quod
1270 2174 1598 2247 incorporei
1647 2178 1705 2230 et
1750 2172 2032 2228 informes

382 2264 503 2321 sint
533 2282 545 2321 :
582 2265 819 2337 quando
851 2264 1031 2336 igitur
1060 2263 1321 2320 audieris
1353 2264 1423 2319 de
1449 2258 2031 2335 supersubstantiali,

382 2354 481 2424 qui
504 2371 628 2409 cum
657 2356 714 2409 in
735 2356 915 2423 forma
937 2355 1038 2409 Dei
1059 2356 1196 2409 esset
1216 2352 1867 2423 (g),immutabilitatem
1896 2364 2034 2420 erga

385 2442 608 2498 Patrem
641 2441 933 2513 intellige;
966 2440 1076 2497 hoc
1107 2441 1261 2497 enim
1296 2441 1551 2496 declarat
1600 2445 1657 2495 et
1703 2442 1886 2508 imago
1936 2438 2035 2495 Dei

381 2532 684 2587 invisibilis
705 2530 868 2601 (h),et
898 2530 1175 2599 illud:Qui
1199 2529 1335 2585 vidit
1354 2529 1605 2597 me,vidit
1624 2535 1678 2585 et
1702 2535 1924 2585 Patrem
1945 2530 2030 2601 (ι).

380 2619 471 2674 Sic
503 2618 678 2675 etiam
708 2624 948 2674 sanctus
979 2618 1230 2674 Basilius
1262 2618 1681 2690 interpretatur
1709 2618 1768 2672 in
1814 2635 2031 2673 sermo-

383 2722 455 2762 ne
481 2707 553 2762 ad
582 2707 886 2778 preprium
918 2708 1157 2762 fratrem
1190 2706 1261 2761 de
1309 2706 1640 2761 ditferentia
1689 2707 2031 2762 substantiis

381 2800 437 2850 et
467 2794 889 2851 subsistentia.

452 2887 479 2952 §
528 2884 624 2939 III.
676 2885 958 2954 Duplicem
1003 2899 1118 2939 esse
1163 2898 1357 2940 sacrae.
1390 2883 1767 2939 Divinitatem
1801 2884 2033 2940 duobus

384 2971 577 3027 modis
606 2971 832 3026 laudari
864 2987 878 3027 :
913 2976 1015 3027 aut
1044 2971 1299 3027 similem
1334 2973 1847 3039 omnibus,omnia
1873 2971 2029 3027 enim

382 3067 440 3122 in
475 3061 604 3132 ipsa
623 3062 975 3128 consistunt;
998 3059 1270 3116 autsicut
1291 3061 1667 3130 dissimilem,
1702 3060 1849 3115 nihil
1871 3061 2028 3117 enim

382 3155 473 3205 est
502 3149 934 3205 universorum.

2139 572 2256 630 τοῖς
2288 568 2409 642 ἑξῆς
2441 570 2708 645 εὑρήσεις.

2213 744 2374 802 ’Λλλ⁹
2403 748 2461 816 ἠ.
2497 745 2963 825 Ἀπολογητικῶς.

2213 925 2325 997 [α’.]
2356 928 2441 987 Ὠς
2476 926 2615 997 μήτε
2646 923 2723 987 εἷς
2751 924 2843 989 τὰς
2877 924 3045 989 Θείας.
3078 924 3509 1004 Ἐπαγγὲλλεται
3559 926 3647 983 διὰ
3694 931 3793 1000 τῆς

2142 1008 2282 1075 ῒδίας
2349 1013 2642 1090 ἑρμηνείας
2686 1012 2945 1071 δεικνύειν
3001 1016 3275 1093 ἑκάτερον,
3326 1019 3401 1083 ὡς
3452 1018 3593 1092 μήτε
3642 1016 3792 1090 δόξαι

2141 1095 2452 1174 ὑϐρίζεσθαι
2492 1103 2557 1159 τὰ
2609 1103 2852 1180 οὐράνια,
2890 1106 3028 1178 μήτε
3081 1107 3229 1179 ἡμᾶς
3283 1106 3358 1169 εἷς
3407 1107 3798 1183 χαμαιζήλους

2138 1190 2530 1262 ταπεινότητας
2561 1192 2871 1268 ἐμπαγῆναι
2904 1193 3029 1269 περὶ
3051 1199 3161 1250 τῶν
3195 1193 3246 1250 ἐν
3279 1194 3538 1272 ἀγγέλοις
3565 1196 3801 1272 λεγομέ-

2141 1300 2246 1333 νων
2278 1280 2433 1349 ζώων
2444 1325 2457 1339 .

2364 1369 2603 1432 Εἰκότως
2660 1366 3093 1446 προϐἕϐληνται.
3124 1373 3222 1427 Διά
3275 1372 3328 1429 τί
3380 1368 3635 1447 σύμϐολα
3683 1379 3795 1431 τῶν

2141 1457 2438 1514 ἀτυπώτων
2468 1461 2519 1515 οἱ
2548 1460 2713 1516 τύποι
2742 1461 2831 1516 καὶ
2881 1464 2989 1516 τῶν
3041 1462 3391 1539 ἀμορφώτων
3450 1464 3504 1518 αἱ
3566 1463 3797 1539 μορφαὶ,

2141 1546 2368 1602 ἐνταῦθά
2392 1569 2579 1625 φησιν.

2214 1637 2699 1712 Ἀσχηματίστων.
2733 1639 2877 1696 Ἀντὶ
2911 1643 3008 1694 τοῦ
3039 1640 3406 1718 ἀμορφώτων.

2214 1815 2326 1890 [γ’.]
2375 1816 2642 1889 ’Λμέσως.
2694 1817 2952 1872 Τουτὲστι
3016 1818 3092 1890 μὴ
3153 1814 3242 1872 διὰ
3303 1815 3480 1890 μέσων
3536 1821 3645 1872 τῶν
3699 1818 3794 1873 τύ-

2142 1922 2283 1972 πων,
2320 1900 2446 1958 ἀλλ’
2475 1904 2689 1979 ἀθρόως
2742 1906 2833 1959 καὶ
2889 1904 3025 1960 κατά
3079 1906 3305 1980 πρώτην
3363 1899 3630 1975 ἐπιϐολήν
3663 1923 3677 1938 ⁸
3731 1906 3793 1960 τὸ

2144 1987 2201 2045 δὲ
2249 1991 2584 2067 προτείνουσι
2633 1988 2826 2049 ταύτόν
2884 1992 2996 2049 ἔστι
3048 1998 3128 2067 τῷ
3158 1993 3495 2071 προτιθὲασι,
3522 1993 3611 2049 καὶ
3660 2014 3795 2070 προ-

2144 2073 2465 2138 ϐάλλονται.

2214 2165 2327 2241 [δ’.]
2386 2172 2732 2249 Μορφώσεις.
2814 2172 3157 2245 Σημείωσαι,
3211 2172 3295 2227 δτι
3378 2171 3448 2226 τὰ
3532 2172 3794 2245 ἀσώματα

2142 2257 2446 2333 ἀμόρφωτά
2477 2259 2607 2315 εἰσιν
2644 2279 2657 2293 ·
2693 2262 2817 2315 ὅταν
2846 2260 2936 2316 οὖν
2971 2261 3203 2333 ἀκούσῃς
3254 2260 3379 2336 περὶ
3435 2260 3532 2314 τοῦ
3566 2261 3793 2335 ὑπερου-

2144 2349 2285 2422 σίου,
2316 2350 2376 2410 ’ὸς
2409 2347 2460 2402 ἐν
2512 2352 2695 2427 μορφῇ
2746 2353 2879 2405 Θεοῦ
2934 2350 3220 2425 ὑπάρχων,
3247 2350 3307 2404 τὸ
3367 2348 3788 2425 ἀπαράλλακτον

2142 2442 2279 2519 πρὸς
2309 2440 2402 2494 τὸν
2434 2439 2624 2493 ἑαυτοῦ
2655 2437 2867 2513 Πατέρα
2896 2439 3092 2509 νόησόν
3129 2457 3143 2474 ·
3174 2442 3336 2493 τοῦτο
3365 2437 3466 2513 γὰρ
3508 2435 3674 2508 δηλοῖ
3698 2439 3786 2493 καὶ

2142 2534 2176 2601 ἠ
2210 2530 2365 2585 εῗκὼν
2420 2528 2517 2582 τοῦ
2575 2531 2708 2580 Θεοῦ
2759 2531 2855 2581 τοῦ
2915 2525 3167 2603 ἀοράτου,
3199 2526 3290 2581 καὶ
3346 2526 3409 2580 τό
3445 2544 3457 2558 ·
3503 2526 3565 2583 Ὁ
3614 2527 3786 2597 ἑωρα-

2141 2621 2251 2682 κὼς
2315 2618 2433 2691 ἐμὲ,
2478 2618 2684 2692 ἑώρακε
2748 2616 2839 2670 τὸν
2914 2616 3144 2691 Πατέρα.
3196 2614 3353 2672 Οὕτω
3407 2613 3493 2668 καὶ
3554 2615 3582 2668 6
3641 2616 3790 2690 ἅγιος

2142 2710 2425 2769 Βασίλειος
2457 2707 2743 2782 ἑρμηνεὺει
2785 2704 2835 2762 ἐν
2868 2710 2949 2779 τῷ
2987 2706 3125 2781 πρὸς
3166 2706 3256 2760 τὸν
3307 2703 3506 2759 οἰκεῖον
3553 2700 3786 2780 ἀδελφὸν

2142 2798 2313 2873 λόγῳ,
2340 2801 2422 2868 τῷ
2450 2795 2573 2869 περὶ
2606 2794 2868 2872 διαφορᾶς
2900 2792 3086 2856 οὐσίας
3116 2793 3206 2848 καὶ
3242 2791 3604 2851 ὑποστάσεως.

2212 2889 2365 2957 §IIL
2415 2886 2505 2949 Ὡς
2562 2882 2742 2948 διττός
2801 2882 2910 2938 ἐστι
2971 2890 3071 2952 τῆς
3131 2885 3302 2957 ἱερᾶς.
3343 2884 3462 2935 ’Ότι
3517 2878 3653 2934 κατά
3692 2875 3787 2933 δύο

2140 2977 2379 3049 τρόπους
2412 2974 2656 3047 ὑμνεῖται
2685 2972 2748 3028 τὸ
2793 2977 2968 3027 Θεῖον·
3001 2973 3037 3041 ἢ
3071 2972 3145 3034 ὡς
3178 2971 3372 3045 ὅμοιον
3397 2976 3526 3026 πᾶσι
3568 2986 3581 3002 '
3618 2969 3794 3024 πάντα

2138 3066 2238 3140 γὰρ
2271 3063 2322 3119 ἐν
2377 3063 2524 3134 αὑτῷ
2579 3060 2883 3117 συνίσταται
2918 3080 2931 3094 ο
2965 3061 3001 3131 ἢ
3046 3061 3119 3122 ὡς
3149 3060 3407 3133 ἀνόμοιον
3443 3078 3455 3090 ’
3491 3054 3643 3113 οὐδὶν
3693 3055 3793 3135 γάρ

2142 3152 2250 3209 ἐστι
2281 3157 2389 3207 τῶν
2418 3151 2586 3207 ὅλων.

449 3239 557 3294 Per
582 3237 909 3294 dissimilia.
939 3238 1103 3303 Quod
1135 3238 1335 3311 ﬁguras
1366 3255 1469 3311 per
1499 3238 1716 3295 similia
1746 3243 1804 3293 et
1852 3238 2026 3294 dissi-

2214 3242 2311 3297 Διὰ
2356 3246 2463 3296 τῶν
2512 3238 2808 3312 ἀνομοίων.
2842 3241 2965 3296 ’Ότι
3013 3236 3083 3293 δι’
3134 3237 3338 3311 ὁμοίων
3386 3238 3478 3291 καὶ
3528 3235 3800 3310 ἀνομοίων

380 3327 545 3383 milia
577 3327 899 3399 ﬁngantur,
932 3331 989 3383 et
1029 3328 1321 3399 quomodo
1370 3328 1692 3400 ﬁngantur,
1748 3328 1860 3383 hoc
1904 3326 2031 3385 loco

379 3420 614 3473 tractat.

450 3504 760 3577 Aliquando
780 3504 1001 3576 quidem
1029 3506 1353 3561 utverbum.
1388 3506 1727 3561 Secundum
1760 3506 1900 3577 quid
1935 3506 2030 3560 di-

380 3595 533 3649 citur
561 3594 804 3649 verbum
837 3599 894 3649 et
926 3612 1115 3664 mens,
1148 3594 1303 3650 Deus
1338 3613 1351 3650 :
1384 3596 1443 3650 in
1471 3612 1537 3651 eo
1569 3611 1582 3649 :
1620 3597 1751 3663 Quis
1780 3598 2031 3666 cognovit

375 3698 594 3737 sensum
625 3683 842 3738 Domini
873 3683 945 3754 (k)
966 3686 991 3737 .9
1019 3689 1075 3739 et
1107 3683 1163 3737 in
1198 3700 1264 3739 eo
1299 3702 1313 3741 :
1346 3686 1412 3739 Et
1440 3688 1649 3748 factum
1678 3691 1760 3740 est
1803 3684 2030 3740 verbum

377 3772 598 3826 Domini
627 3772 696 3826 ad
725 3789 812 3828 me
841 3773 1030 3828 dicens
1062 3774 1212 3843 (l),et
1242 3790 1369 3845 quae
1409 3775 1719 3845 deinceps;
1771 3774 2025 3829 rationa-

379 3859 664 3915 bilitatem
699 3866 896 3917 autem
926 3861 1068 3917 dicit
1097 3862 1155 3916 in
1190 3867 1447 3929 Deo,non
1482 3863 1634 3934 quod
1669 3861 1808 3917 velit
1836 3861 2025 3919 decla-

376 3964 502 4001 rare
532 3947 719 4002 Deum
754 3964 884 4005 esse
916 3950 1580 4023 rationalem,tanquam
1616 3950 1860 4007 rationis
1890 3967 2025 4023 par-

372 4034 752 4105 ticipem;hoc
783 4037 939 4091 enim
984 4038 1365 4094 manifestum
1416 4044 1537 4107 est;
1593 4040 1696 4094 sed
1747 4041 1901 4111 quod
1950 4038 2027 4095 sit

371 4121 625 4193 ipsemet
656 4124 1246 4193 rationabilitas,cum
1280 4131 1438 4182 totus
1468 4128 1711 4182 exsistat
1742 4129 1910 4195 ratio;
1931 4145 2021 4184 es-

370 4210 623 4266 sentiam
658 4216 854 4267 autem
888 4212 1095 4269 dicunt
1124 4213 1184 4268 in
1216 4213 1353 4284 Deo,
1386 4229 1519 4269 cum
1563 4214 1837 4269 dixerunt
1871 4233 1884 4270 :
1918 4217 2023 4285 Ego

370 4315 494 4355 sum
527 4302 629 4372 qui
655 4302 1004 4370 sum,et,Qui
1030 4303 1289 4372 est,misit
1317 4319 1404 4357 me
1433 4303 1635 4373 (m);Tu
1664 4310 1853 4358 autem
1884 4303 2025 4359 idem

371 4390 486 4460 ipse
516 4405 569 4444 es
597 4388 852 4461 (n).Nam
884 4390 955 4446 ab
989 4388 1120 4442 εἶναι
1152 4394 1209 4446 et
1239 4386 1392 4451 ὄντος
1426 4391 1490 4447 ﬁt
1516 4389 1651 4444 οὖσα
1678 4402 1733 4447 et
1757 4392 1892 4448 inde
1914 4393 2022 4449 de-

373 4477 609 4533 ducitur
642 4476 819 4545 οὐσία,
853 4478 1214 4535 substantia.

440 4568 505 4622 Et
532 4568 721 4621 vitam.
759 4568 922 4657 Quod
956 4567 1113 4623 Deus
1144 4585 1333 4640 neque
1364 4568 1505 4636 vita,
1558 4586 1749 4641 neque
1798 4570 2020 4643 lumen,
2051 4593 2098 4657 D

373 4670 564 4727 neque
594 4656 853 4711 essentia
884 4656 1116 4727 proprie
1166 4658 1425 4722 dicatur;
1480 4660 1580 4714 sed
1632 4676 1732 4730 per
1780 4660 2020 4715 modum

369 4759 559 4799 causae
595 4760 609 4799 :
643 4748 735 4799 est
766 4744 923 4799 enim
960 4761 1141 4816 supra
1171 4744 1315 4814 haec,
1350 4762 1538 4818 neque
1568 4747 1722 4803 sicut
1753 4748 1893 4804 haec.

442 4833 779 4888 Invisibilem
808 4835 1003 4905 ipsam.
1036 4834 1197 4897 Quod
1231 4851 1333 4905 per
1361 4837 1731 4907 negationem
1765 4838 1921 4893 dicta
1950 4838 2021 4894 de

370 4919 507 4987 Deo,
541 4922 694 4977 sicut
722 4922 1045 4993 invisibilis,
1079 4924 1353 4994 inﬁnitus,
1387 4930 1443 4979 et
1494 4926 1654 4996 talia,
1705 4926 2021 4982 dissimilia

372 5015 543 5077 sunt;
604 5012 906 5069 declarant
948 5014 1129 5081 enim,
1180 5030 1297 5069 non
1349 5015 1504 5086 quod
1555 5022 1668 5083 est,
1718 5017 1818 5073 sed
1871 5017 2016 5073 illud

367 5098 521 5165 quod
559 5099 707 5155 Deus
739 5119 856 5157 non
886 5102 1086 5159 estzita
1116 5102 1292 5158 etiam
1317 5103 1635 5175 Gregorius
1666 5105 2016 5178 Theologus.

438 5185 499 5239 In
530 5186 965 5259 intelligibilem,
1001 5190 1097 5247 Gr.
1125 5188 1375 5261 ἀνόητον.
1412 5192 1650 5249 Minime
1682 5193 2020 5267 intelligibi-

440 5355 514 5432 (9)
543 5354 891 5432 Ρζιὶιίρρᾈιι,
922 5359 975 5411 6.
1052 5360 1133 5432 (Ιι)
1166 5361 1388 5419 Coloss.
1423 5379 1462 5431 ι,
1498 5364 1583 5418 15.

368 5424 451 5497 (η)
484 5425 636 5482 Psal.
668 5424 757 5498 ei;
774 5427 865 5482 28.

1663 5363 1728 5433 (i)
1758 5362 1928 5419 Joan.
1962 5380 2079 5434 xxv,
2113 5364 2167 5420 9.

2141 3331 2467 3388 πλάττονται
2545 3330 2597 3384 οἱ
2650 3329 2811 3384 τὺποι
2847 3347 2860 3361 ⁸
2918 3326 3010 3383 καὶ
3083 3331 3201 3390 πῶς
3276 3324 3632 3394 πλάττονται,
3691 3322 3799 3379 ὧδέ

2142 3443 2273 3496 φησι
2307 3423 2376 3476 ²¹.

2212 3511 2349 3564 Ποτὶ
2410 3509 2501 3582 μὶν
2563 3508 2635 3568 ὡς
2696 3505 2881 3580 λόγον.
2921 3506 3065 3562 Κατά
3114 3526 3165 3559 τι
3226 3503 3437 3580 λέγεται
3491 3501 3657 3577 λόγος
3702 3501 3799 3555 καί

2138 3603 2261 3660 νοῦς
2292 3599 2318 3651 6
2351 3598 2480 3659 Θεός
2517 3616 2530 3628 ·
2564 3595 2614 3649 ἐν
2647 3600 2726 3667 τῷ
2759 3614 2770 3627 ·
2803 3596 2901 3655 Τίς
2950 3591 3089 3670 ἔγνω
3143 3597 3266 3648 νοῦν
3323 3592 3559 3665 Κυρίου;
3591 3589 3682 3645 καὶ
3740 3589 3795 3645 ἰν

2136 3694 2261 3759 τῷ·
2320 3692 2419 3741 Καὶ
2476 3684 2688 3760 ἐγένετο
2772 3682 2942 3758 λόγος
3016 3683 3217 3759 Κυρίου
3276 3682 3412 3755 πρὸς
3475 3682 3542 3753 μὶ
3600 3678 3796 3753 λέγων,

2136 3778 2221 3831 καὶ
2282 3778 2349 3830 τὰ
2406 3776 2549 3847 ἑξῆς.
2582 3774 2894 3847 Λογιότητα
2939 3769 2995 3825 δέ
3056 3794 3217 3848 φησιν
3248 3770 3333 3825 ἐπὶ
3363 3774 3461 3825 τοῦ
3494 3773 3652 3836 Θεοῦ,
3687 3767 3798 3843 οὑχ

2136 3867 2217 3920 ὅτι
2254 3864 2478 3940 λογικὸν
2529 3861 2675 3926 θέλει
2725 3859 2973 3931 δηλῶσαι
3024 3862 3115 3914 τὸν
3173 3860 3320 3928 Θεὸν,
3355 3858 3428 3920 ὡς
3486 3859 3799 3931 μετέχοντα

2136 3953 2300 4027 Λόγου
2328 3972 2341 3984 ·
2369 3957 2532 4007 τοῦτο
2576 3951 2676 4025 γὰρ
2730 3948 2978 4021 ἰμφαίνει
3011 3965 3024 3980 ·
3079 3944 3207 4002 ἀλλ’
3247 3947 3329 4001 ὅτι
3388 3944 3800 4019 αὑτολογιότης

2134 4040 2298 4109 ἐστὶν,
2332 4038 2465 4101 ὅλος
2510 4036 2673 4113 λόγος
2705 4033 2777 4091 ὤν
2815 4058 2827 4071 ·
2864 4036 3049 4091 οὐσίαν
3099 4033 3155 4089 δὲ
3207 4034 3462 4109 λέγουσιν
3508 4033 3596 4088 ἐπὶ
3632 4036 3795 4101 Θεοῦ,

2134 4130 2258 4185 ὅταν
2291 4126 2517 4183 εἷ’πωσιν
2546 4148 2558 4160 ·
2599 4128 2740 4201 Ἐγώ
2789 4125 2902 4199 εἶμι
2934 4127 2962 4180 ὁ
3013 4123 3109 4195 ὢν,
3142 4124 3232 4180 καὶ
3290 4125 3319 4178 6
3380 4120 3453 4178 ὢν
3516 4119 3791 4176 ἀπίσταλ-

2133 4218 2193 4273 κὲ
2255 4239 2321 4291 με
2353 4238 2365 4251 ·
2399 4216 2461 4271 σὺ
2492 4216 2550 4271 δὲ
2598 4217 2626 4271 6
2686 4214 2847 4277 αὐτὸς
2905 4220 2951 4269 εἶ
2988 4233 3000 4246 ·
3037 4214 3142 4269 ἀπὸ
3189 4213 3292 4289 γὰρ
3351 4216 3446 4266 τοῦ
3505 4213 3640 4266 εἶναι
3696 4209 3792 4263 καὶ

2132 4311 2228 4363 τοῦ
2300 4302 2453 4368 ὄντος
2521 4308 2556 4375 ἡ
2619 4305 2769 4374 οὖσα,
2830 4304 2919 4359 καὶ
2996 4304 3059 4358 τὸ
3134 4303 3463 4378 παράγωγον
3542 4298 3698 4355 οὑσία
3752 4298 3791 4367 ἡ

2132 4395 2378 4471 ὕπαρξις.

2204 4485 2305 4542 Καὶ
2356 4485 2519 4554 ζωήν.
2572 4484 2695 4540 ’Ότι
2748 4477 2873 4536 οὔτε
2926 4481 3062 4551 ζωὴ,
3097 4475 3219 4533 οὔτε
3267 4482 3403 4555 φῶς,
3458 4474 3582 4531 οὕτε
3636 4475 3789 4546 νοῦς,

2130 4562 2268 4628 οὔτε
2284 4570 2437 4626 οὑσία
2467 4571 2671 4645 κυρίως
2699 4570 2912 4647 λέγεται
2946 4570 2973 4623 ὁ
3003 4566 3134 4629 Θεός
3164 4587 3176 4599 ·
3213 4564 3338 4621 ἀλλ’
3369 4564 3787 4639 αἱτιολογικῶς·

2130 4658 2240 4718 ἔστι
2272 4661 2373 4736 γὰρ
2399 4660 2487 4714 καὶ
2522 4661 2653 4734 ὑπὲρ
2679 4665 2869 4727 ταῦτα,
2904 4658 2993 4712 καὶ
3027 4655 3135 4730 οὐχ
3166 4658 3253 4710 οἷα
3289 4658 3478 4711 ταῦτα.

2202 4750 2461 4825 ’Δόρατον
2516 4749 2703 4819 αὑτήν.
2736 4749 2858 4805 Ὅτι
2901 4748 2970 4802 τὰ
3010 4744 3147 4801 κατά
3193 4744 3462 4821 ἀπόφασιν
3513 4736 3792 4814 λεγόμενα

2132 4837 2219 4892 ἐπὶ
2270 4842 2426 4908 Θεοῦ,
2488 4840 2606 4892 οἷον
2659 4835 2913 4912 ἀόρατος,
2975 4833 3222 4909 ἄπειρος,
3270 4833 3360 4888 καὶ
3413 4832 3480 4886 τὰ
3533 4833 3787 4896 τοιαῦτα,

2132 4925 2365 4999 ἀνόμοιά
2423 4925 2524 4981 είσι
2560 4945 2573 4957 ο
2626 4922 2857 4995 δηλοῦσι
2912 4924 3016 4999 γὰρ
3078 4923 3138 4977 οὑ
3198 4924 3249 4977 τί
3312 4920 3476 4988 ἔστιν,
3536 4915 3681 4973 ἀλλά
3730 4916 3789 4970 τί

2131 5016 2231 5069 οὑκ
2269 5013 2409 5069 ἔστιν
2441 5015 2469 5068 6
2499 5013 2627 5076 Θεός
2662 5034 2675 5048 ·
2713 5012 2855 5067 οὕτω
2884 5013 2971 5066 καὶ
3010 5013 3037 5066 ὁ
3069 5008 3331 5085 θεολόγος
3362 5008 3684 5085 Γρηγόριος.

2200 5194 2477 5263 ’Δνόητον.
2510 5191 2766 5263 Ἀνόητόν
2811 5211 2972 5269 φησιν
3022 5187 3083 5242 οὐ
3132 5187 3193 5241 τὸ
3250 5183 3497 5255 ἠλίθιον,
3528 5182 3675 5240 ἀλλὰ
3721 5183 3788 5239 τὸ

3276 5356 3374 5429 (m)
3405 5355 3675 5423 Exod.m,
3696 5354 3791 5408 14.

2245 5364 2322 5437 (k)
2354 5365 2375 5420 Ι
2403 5364 2533 5422 Cor.
2568 5380 2629 5432 ιι,
2665 5362 2750 5418 16.
2828 5361 2893 5432 (ι)
2919 5363 3037 5417 Jer.
3073 5375 3113 5428 ι,
3145 5359 3198 5414 4.

1372 5559 1606 5615 VARle
1649 5559 2044 5619 LECTIONES
2086 5560 2176 5617 ET
2215 5558 2771 5619 CORRECTIONES.

440 5648 485 5685 ³⁸
519 5644 687 5724 λέγει.
