4042 6210
227 317 285 371 41
916 315 975 368 Β.
1020 311 1292 368 ΜΔΧΙΜῙ
1329 315 1635 370 SCHOLIA
1672 317 1744 369 IN
1783 317 1861 369 Lll

1979 317 2054 369 )E
2091 317 2412 371 C(ELESTI
2451 319 2922 373 HIBRARCHIA.
3551 319 3623 372 42

230 440 299 512 μὴ
322 437 613 510 νοούμενον
664 435 770 490 ὑπό
817 455 982 498 τινος·
1014 435 1262 509 ἀόριστος
1295 434 1350 491 δὲ
1380 439 1408 492 ὁ
1440 437 1591 505 Θεὸς,
1623 436 1699 498 ὡς
1746 434 1860 512 ὅρῳ

1979 439 2087 494 lem
2119 439 2400 510 dicit,non
2433 440 2811 508 stultum,sed
2844 458 2876 494 a
2906 439 3065 496 nullo
3096 440 3454 497 intellectum
3486 459 3498 496 :
3532 442 3620 497 in-

229 524 405 600 μηδενὶ
466 524 810 593 ὑποπίπτων,
859 521 985 578 ἀλλ’
1037 525 1196 588 αὐτὸς
1243 526 1453 580 πάντων
1499 524 1625 600 ὅρος
1669 523 1740 578 ὣν
1773 524 1866 579 καὶ

224 615 288 670 τὰ
313 615 486 669 πάντα
540 612 592 667 ἐν
652 613 824 685 ἑαυτῷ
877 612 1098 687 ὁρίζων,
1147 613 1259 687 ὅρῳ
1307 611 1364 670 δὶ
1411 614 1518 688 οὐχ
1550 613 1862 668 ὑποπίπτει·

227 701 352 757 διότι
383 701 438 756 οἳ
476 703 572 774 μὶν
607 699 726 777 ὅροι
778 699 838 756 ἐκ
879 705 988 755 τῶν
1039 701 1387 778 καταφάσεων
1439 702 1766 776 σύγκεινταιο
1810 703 1864 755 αἱ

230 789 284 846 δὲ
316 789 634 867 καταφάσεις
678 789 766 844 ἐπὶ
815 793 947 844 Θεοῦ
996 788 1350 863 ἀνάρμοστοι,
1397 791 1470 852 ὡς
1517 788 1861 864 ψευδόμεναι·

230 880 350 952 ὑπὲρ
378 879 480 956 γὰρ
511 876 707 939 ταύτας
739 878 766 932 ὁ
815 877 966 949 Θεὸς,
997 876 1070 939 ὠς
1099 875 1198 932 οὐκ
1243 876 1316 933 ὣν
1368 878 1542 947 οὐσία,
1573 876 1700 933 ἀλλ’
1733 879 1863 953 ὑπὲρ

231 967 426 1024 οὐσίαν.

290 1164 353 1220 Αἱ
381 1161 702 1238 ἀποφάσεις.
757 1161 830 1216 Οὐ
891 1161 1054 1234 μόνον
1114 1160 1202 1216 ἐπὶ
1252 1165 1406 1229 Θεοῦ,
1455 1160 1600 1217 ἀλλὰ
1645 1163 1734 1217 καὶ
1774 1162 1861 1217 ἐπὶ

219 1257 320 1307 τῶν
367 1251 526 1306 θείων
582 1250 858 1320 ἁπάντων,
910 1251 1188 1304 τουτέστιν
1238 1248 1326 1304 ἐπὶ
1371 1255 1480 1305 τῶν
1543 1251 1676 1323 μετὰ
1731 1252 1860 1306 Θεὸν

221 1343 426 1409 νοητῶν
477 1340 719 1406 πάντων,
778 1338 868 1392 καὶ
926 1339 1021 1399 τὰς
1075 1339 1368 1415 ἀποφάσεις
1427 1336 1652 1409 ἀληθεῖς
1730 1339 1864 1393 εἷναί

221 1447 370 1503 φησι,
427 1428 519 1482 καὶ
576 1427 670 1488 τὰς
730 1427 1052 1500 καταφάσεις
1130 1424 1496 1501 ἀναρμοδίους
1529 1469 1542 1484 .
1602 1427 1864 1502 Ἀναρμό-

219 1516 319 1572 διοι
373 1517 468 1589 μὶν
521 1515 613 1570 οῦν
647 1513 781 1569 εἶσιν
813 1516 868 1568 αἱ
897 1513 1244 1592 καταφάσεις,
1277 1513 1403 1570 ὅταν
1434 1513 1670 1588 εἷ’πωμεν
1704 1515 1737 1584 ἢ
1769 1517 1861 1571 τὸν

218 1605 362 1675 Θεὸν,
393 1606 429 1674 ἢ
459 1604 557 1666 τὰς
607 1603 796 1679 νοερᾶς
839 1600 1113 1676 δυνάμεις,
1167 1604 1310 1673 ζωήν
1341 1602 1378 1672 ἢ
1409 1608 1544 1680 φῶς
1588 1601 1714 1659 οὕτε
1760 1606 1863 1679 γὰρ

223 1695 330 1762 ζωὴ
383 1692 609 1762 τοιαύτη
660 1692 743 1753 τίς
802 1691 966 1762 ἐστιν,
1026 1691 1101 1754 ὡς
1160 1689 1248 1746 διὰ
1305 1692 1576 1756 εἶσπνοίας
1631 1693 1719 1746 καὶ
1776 1693 1862 1748 ἐκ·

222 1783 403 1843 πνοίας
432 1785 550 1854 ζῇνο
585 1777 710 1835 οὔτε
749 1784 865 1856 φῶς
911 1781 973 1834 τὸ
1023 1779 1342 1853 φαινόμενον
1391 1781 1479 1834 καὶ
1511 1785 1700 1834 ποιοῦν
1736 1782 1864 1854 ὁρᾶ·
1895 1806 1940 1871 Β

219 1873 335 1924 σθαι
363 1872 430 1924 τὰ
458 1867 810 1944 προκείμενα·
841 1865 988 1922 ἀλλᾶ
1037 1865 1303 1942 ἀνώτερόν
1346 1889 1398 1922 τι
1441 1869 1670 1925 τούτων.
1703 1869 1772 1926 Αἱ
1802 1867 1859 1923 δὶ

223 1959 515 2035 ἀποφάσεις
561 1957 614 2011 αἱ
665 1954 754 2010 διὰ
801 1956 1074 2032 ἀρνήσεων
1127 1961 1310 2018 ποσῶς
1361 1956 1448 2011 ἐπὶ
1493 1962 1598 2011 τῶν
1646 1962 1856 2028 νοητῶν

217 2045 560 2120 οἷκειότεραυ
610 2044 842 2118 λέγομεν
890 2044 1016 2119 γὰρ,
1065 2046 1148 2098 ὅτι
1195 2045 1438 2118 ἀόρατοι,
1488 2045 1577 2099 καὶ
1627 2045 1711 2100 ὅτι
1755 2044 1860 2121 οὐχ

220 2134 582 2189 ὑποπίπτουσι
638 2133 751 2203 θέᾳ,
802 2137 1062 2205 νοοῦμεν·
1109 2132 1160 2186 τί
1213 2129 1270 2188 δέ
1322 2132 1463 2188 ἐστιν
1514 2135 1643 2188 αὐτὸ
1691 2134 1751 2188 τὸ
1781 2135 1855 2206 μή

218 2223 580 2297 φαινόμενον,
641 2219 764 2276 οὔτε
821 2219 1306 2296 πολυπραγμονεῖν
1344 2263 1358 2288 ,
1416 2218 1539 2276 οὔτε
1595 2227 1855 2294 παριστᾷν

219 2310 418 2367 δοκεῖὸ
461 2313 655 2385 λόγος’
710 2308 886 2364 καίτοι
941 2309 1006 2364 τὸ
1066 2311 1177 2378 ζωὴ
1238 2310 1327 2364 καὶ
1388 2315 1500 2387 φῶς
1555 2308 1704 2365 δοκεῖ
1761 2332 1858 2380 ση-

223 2401 420 2473 μαίνειν
468 2400 523 2454 τί
572 2398 708 2470 ἐστι,
752 2398 842 2453 καὶ
897 2398 1064 2454 ταῦτα
1125 2396 1384 2472 μηδόλως
1433 2396 1634 2470 δηλοῦν
1664 2399 1716 2454 τί
1747 2398 1857 2454 ἐστι

219 2489 338 2551 Θεός
348 2533 363 2546 .

292 2685 495 2755 Τιμῶσι
532 2685 853 2758 τοιγαροῦν.
913 2683 1052 2758 "Op:
1107 2687 1224 2745 πῶς
1284 2681 1468 2746 καλῶς
1509 2680 1858 2757 ἀπελογήσα-

219 2792 297 2838 το,
330 2769 417 2825 διὰ
445 2772 498 2824 τί
534 2771 693 2839 ζώων
728 2771 947 2843 μνήμην
998 2766 1115 2845 ἔχει
1164 2770 1231 2824 τὰ
1283 2769 1526 2844 οὐράνια,
1558 2767 1681 2838 ἤτοι
1713 2769 1856 2823 εἷ’κό-

216 2880 324 2921 νας⁶
359 2861 544 2933 ὥσπερ
575 2859 680 2932 γὰρ
710 2861 738 2912 ὁ
769 2858 857 2912 ἐπὶ
905 2859 1120 2913 πάντων
1170 2859 1298 2920 Θεὸς
1343 2856 1499 2912 οὐδὲν
1528 2857 1581 2912 ἐν
1609 2863 1723 2920 τοῖς
1754 2864 1857 2912 πᾶ-

212 2969 288 3002 σιν
321 2943 443 3022 ἔχει
474 2946 760 3021 ὁμογενὲς,
792 2946 882 3000 καὶ
935 2944 1024 3000 διὰ
1063 2950 1226 3001 τοῦτο
1279 2945 1503 3006 εῗκότως
1549 2943 1704 3000 οὗδὶν
1750 2951 1857 3000 τῶν

205 3039 421 3091 πάντων
455 3035 623 3090 αὐτοῦ
669 3035 780 3089 ἐστι
813 3032 1144 3105 δηλωτικόν·
1179 3031 1325 3089 ἀλλὰ
1364 3033 1559 3089 λοιπὸν
1592 3032 1738 3108 ἄλλη
1771 3055 1861 3105 με·

203 3122 349 3196 θόδῳ
392 3122 783 3224 Θεολογοῦμεν,
834 3121 1101 3196 λέγοντες,
1132 3123 1183 3176 τί
1227 3121 1326 3177 οὐκ
1373 3120 1482 3176 ἔστι
1530 3123 1681 3189 Θεὸς,
1723 3122 1854 3197 ὅπερ
1887 3159 1929 3224 C

203 3211 362 3267 καλεῖ
421 3208 512 3265 διᾶ
563 3211 671 3265 τῶν
730 3210 1030 3283 ἀνομοίων·
1088 3209 1230 3264 οὕτω
1286 3211 1372 3264 καὶ
1425 3210 1510 3264 ἐπὶ
1555 3214 1663 3264 τῶν
1692 3211 1854 3286 οὐραο

202 3300 327 3354 νίων
358 3297 667 3372 δυνάμεων,
699 3299 752 3352 αἳ
808 3318 943 3370 μετα
989 3296 1119 3353 Θεόν
1175 3297 1298 3370 εἰσι,
1346 3301 1615 3371 τεχνικῶς
1664 3295 1859 3367 ἐποίη-

203 3409 292 3442 σαν
353 3388 407 3441 οἱ
467 3387 712 3461 θεΑόγοι,
773 3383 961 3458 μηδενὶ
1019 3390 1128 3440 τῶν
1178 3389 1389 3455 νοητῶν
1438 3385 1600 3447 αὐτὰς
1651 3385 1860 3458 ὁμοιώ-

207 3497 416 3539 σαντες’
452 3474 580 3533 ἀλλ’
632 3476 688 3530 ἐκ
745 3480 853 3530 τῶν
914 3474 1210 3546 αἰσθητῶν,
1270 3477 1404 3549 ἅπερ
1461 3474 1620 3529 καλεῖ
1670 3473 1859 3547 ἄτιμα,

209 3569 306 3635 τήν
360 3566 570 3620 τούτων
625 3558 882 3627 λαϐόντες
929 3563 1244 3638 ὶμφάρειαν,
1294 3567 1454 3618 τοῦτο
1511 3563 1646 3638 πρὸς
1693 3564 1859 3636 τιμὴν

210 3655 387 3709 αὐτῶν
420 3652 809 3722 πεποιηκότες,
857 3650 949 3706 ’ίνα
991 3648 1420 3724 πλασματώδης,
1453 3650 1543 3705 καὶ
1594 3651 1694 3706 οὐκ
1721 3649 1861 3721 ἀλη-

211 3746 308 3812 θὴς
355 3742 582 3816 γένηται
630 3741 837 3794 τούτων
870 3741 904 3808 ἡ
941 3739 1195 3813 μίμησιςο
1239 3738 1283 3792 εἷ
1327 3739 1429 3814 γὰρ
1463 3739 1489 3792 ὁ
1530 3737 1861 3814 λεοντόμορ-

210 3853 310 3906 φος
365 3828 695 3903 λεγόμενος,
736 3826 826 3881 καὶ
869 3826 1172 3900 πολύπους,
1222 3828 1312 3882 καὶ
1358 3825 1700 3902 πολύπτερός
1750 3826 1859 3880 ἐστι

207 3920 308 3972 καὶ
361 3915 605 3990 λογικὸς,
654 3913 744 3970 καὶ
796 3913 986 3988 ἄυλος,
1034 3920 1152 3977 πῶς
1202 3914 1263 3970 οὗ
1313 3913 1505 3988 δῆλον,
1558 3914 1642 3969 δτι
1703 3915 1861 3990 ὑπερ-

206 4002 471 4075 κοσμίως
521 3997 853 4078 ὑπερϐέϐηκε
879 4003 948 4057 τὰ
995 4002 1178 4076 ὑλικὰ,
1209 4003 1299 4057 καὶ
1347 4003 1474 4078 παρ’
1525 4004 1662 4075 ἡμῖν
1710 4002 1863 4056 νοού-

209 4112 355 4165 μενα
391 4111 406 4160 ;

287 4268 387 4331 Εἷς
423 4269 516 4341 μὶν
547 4269 646 4344 γὰρ
693 4267 789 4330 τὰς
831 4267 1181 4341 τιμιωτὲρας.
1213 4264 1356 4323 Ἰδοὺ
1402 4267 1490 4321 καὶ
1534 4262 1714 4341 ἕτερος
1766 4265 1861 4321 λο-

206 4358 439 4432 γισμὸς,
473 4354 543 4410 δι’
573 4357 630 4410 ὃν
662 4355 940 4417 τοιαύταις
973 4355 1292 4429 ὁμοιότησιν
1324 4357 1359 4424 ἡ
1393 4355 1577 4432 Γραφή
1609 4354 1730 4427 περὶ
1753 4358 1860 4408 τῶν

204 4445 481 4520 οὐρανίων
540 4443 814 4520 ἐχρήσατο
848 4465 860 4478 ·
922 4443 967 4499 εἰ
1024 4445 1127 4520 γὰρ
1183 4443 1532 4517 τιμιωτέροις
1588 4441 1862 4517 ἐχρήσατ’)

204 4533 555 4606 πλάσμασιν,
607 4536 723 4588 οἷον
773 4529 1133 4608 χρυσοειδεῖς,
1184 4531 1218 4601 ἢ
1268 4531 1724 4605 ἰταστράπτοντας
1785 4529 1869 4585 λέ-

202 4643 386 4696 γουσα
435 4621 568 4675 εἶναι
605 4621 700 4685 τὰς
748 4621 892 4684 θείας
943 4618 1219 4692 δυνάμεις,
1268 4621 1482 4673 πάντως
1528 4617 1587 4672 ἃν
1623 4617 1866 4686 ἐπείσθη-

202 4733 303 4765 σαν
335 4711 391 4765 οἱ
439 4708 727 4766 ἀκούοντες
760 4708 818 4763 ἐκ
845 4714 951 4763 τῶν
997 4711 1142 4784 παρὰ
1189 4707 1496 4781 ἀνθρώποις
1525 4704 1868 4777 τιμιωτέρων

199 4800 269 4854 τὸ
301 4799 502 4853 πιστὸν
551 4792 942 4870 λαμϐάνοντες·
991 4801 1081 4850 νῦν
1137 4794 1195 4850 δὲ
1234 4796 1303 4850 τὰ
1342 4793 1751 4867 ἀπεμφαίνοντα
1777 4792 1867 4846 καὶ

205 4885 452 4962 αἰσχρὰς
501 4883 710 4946 εἶκὸνας
762 4879 1146 4958 παρενέλαϐεν,
1187 4881 1300 4950 ἵνα,
1361 4877 1604 4957 ἀκριϐῶς
1639 4879 1867 4947 εἲδότες,

200 4975 294 5029 ὅτι
331 4972 435 5028 οῦκ
465 4973 567 5028 εἶσὶ
597 4973 664 5028 τὰ
690 4977 934 5041 τοιαῦτα,
970 4974 1293 5044 ζητήσωμεν
1325 4972 1422 5039 τήν
1455 4969 1719 5039 ἀλήθειαν
1763 4971 1872 5022 τῶν

197 5059 389 5118 ὅντων
400 5106 414 5120 .

279 5232 606 5301 Ἀϐλαϐῶς.
655 5237 725 5295 A't
779 5238 879 5315 γὰρ
930 5231 1216 5311 λεγόμεναι
1262 5235 1431 5310 πυρὸς
1480 5229 1683 5312 φλόγες
1733 5233 1872 5288 Θεῖαι

198 5327 407 5385 οὐσίαι
436 5327 500 5383 οὐ
531 5324 834 5396 καυστικαὶ,
866 5324 1012 5380 ἀλλὰ
1044 5322 1266 5395 ζωτικαί
1299 5323 1454 5383 εἲσιν.

273 5502 559 5581 Αἱσχράς.
601 5505 727 5566 Πῶς
756 5503 860 5578 γὰρ
911 5501 1011 5558 οῦκ
1052 5500 1280 5580 αἰσχρὸν
1309 5500 1372 5557 τὸ
1405 5498 1456 5572 tg
1504 5499 1707 5555 ὑλικῶν
1743 5498 1874 5554 εἶναι

189 5593 268 5654 τὰ
295 5587 572 5671 σύμϐολα
598 5594 730 5668 [τῶν
761 5591 998 5667 νοητῶν]
1029 5609 1045 5664 ;

509 5725 775 5788 Pas-non.
817 5721 929 5786 Gs.
975 5721 1054 5787 IV
1069 5765 1086 5783 .

1974 528 2254 584 definitus
2283 530 2439 584 enim
2473 533 2563 584 est
2591 529 2746 584 Deus
2775 534 3058 598 tanquam
3081 527 3227 583 nulli
3260 529 3508 585 termino
3530 547 3623 586 su-

1974 616 2226 686 bjectus,
2259 617 2359 671 sed
2404 617 2528 687 ipse
2575 617 2864 672 terminus
2913 617 3178 672 omnium
3227 617 3533 684 exsistens,
3565 623 3622 674 et

1975 710 2183 760 cuncta
2215 705 2271 759 in
2321 705 2512 776 seipso
2565 706 2889 760 terminans
2913 722 2933 766 .·
2962 705 3208 760 termino
3259 711 3453 760 autem
3505 723 3617 762 non

1975 793 2311 863 subjicitur,
2332 793 2468 864 quia
2497 793 2729 848 termini
2761 808 2828 848 ex
2858 793 3351 850 afﬁrmationibus
3381 809 3621 866 compo-

1975 885 2233 947 nuntur;
2266 881 2691 937 afﬁrmationes
2739 885 2935 936 autem
2970 883 3027 936 in
3081 887 3193 938 Deo
3245 882 3488 938 minime
3519 899 3619 938 co-

1973 969 2163 1040 optari
2197 973 2464 1040 possunt,
2498 973 2776 1040 tanquam
2812 969 3009 1037 falsis;
3044 988 3180 1026 nam
3228 971 3334 1026 has
3383 974 3625 1043 superat

1974 1063 2220 1120 Deus,ut
2249 1058 2350 1129 qui
2381 1075 2495 1114 non
2529 1059 2603 1114 sit
2633 1060 2908 1129 essentia,
2941 1061 3043 1114 sed
3075 1077 3254 1131 supra
3284 1062 3619 1116 essentiam.

2045 1165 2092 1220 8
2121 1167 2450 1236 Negationes
2479 1164 2718 1236 quidem.
2762 1165 2886 1221 Non
2939 1171 3171 1221 tantum
3223 1168 3281 1222 in
3330 1168 3468 1235 Deo,
3520 1167 3622 1223 sed

1973 1254 2149 1308 etiam
2183 1254 2241 1308 in
2275 1253 2488 1308 divinis
2520 1252 2816 1321 omnibus,
2837 1252 2945 1308 hoc
2974 1259 3063 1308 est
3095 1255 3149 1308 in
3183 1255 3458 1312 omnibus
3489 1262 3623 1328 post

1973 1341 2158 1397 Deum
2210 1341 2696 1411 intelligibilibus,
2729 1346 2785 1397 et
2814 1344 3132 1411 negationes
3174 1361 3326 1400 veras
3374 1361 3504 1400 esse
3535 1345 3619 1400 in-

1973 1430 2122 1501 quit,
2153 1436 2211 1485 et
2240 1430 2643 1501 a/‘ﬁrmationes
2689 1433 2920 1486 minime
2949 1441 3129 1502 aptas.
3175 1435 3384 1504 Ineptae
3435 1433 3619 1504 igitur

1974 1520 2211 1591 quidem
2245 1525 2381 1574 sunt
2431 1520 2872 1584 afﬁrmationes,
2904 1519 3138 1591 quando
3165 1521 3484 1576 dixerimus
3515 1526 3618 1577 aut

1973 1609 2179 1677 Deum,
2231 1614 2333 1664 aut
2382 1607 2807 1663 intellectuales
2853 1607 3120 1679 virtutes,
3152 1609 3329 1664 vitam
3381 1615 3483 1665 aut
3531 1611 3618 1666 lu-

1975 1713 2107 1752 men
2135 1714 2148 1764 ;
2182 1713 2370 1768 neque
2401 1698 2557 1752 enim
2581 1697 2694 1751 vita
2723 1696 2855 1752 talis
2888 1697 3154 1768 quaedam
3189 1703 3371 1768 est,ut
3400 1715 3504 1770 per
3532 1699 3617 1754 in-

1974 1785 2354 1856 spirationem
2387 1791 2443 1839 et
2494 1785 2946 1854 exspirationem
2977 1785 3167 1850 vivat;
3201 1803 3387 1857 neque
3417 1786 3614 1843 lumen

1970 1873 2125 1944 quod
2155 1878 2478 1944 apparet,et
2509 1874 2662 1943 quod
2698 1873 2834 1927 facit
2863 1873 3093 1942 objecta
3123 1875 3304 1929 videri
3333 1893 3343 1928 :
3379 1876 3480 1930 sed
3506 1875 3616 1931 ali-

1969 1961 2107 2032 quid
2140 1961 2232 2016 his
2279 1962 2569 2031 superius.
2603 1961 2951 2030 Negationes
2985 1967 3204 2026 autem,
3235 1979 3362 2032 quae
3395 1980 3496 2034 per
3525 1963 3613 2018 in-

1968 2049 2289 2105 ficiationes
2325 2051 2790 2119 tiunt,quantuin
2824 2049 2882 2102 in
2917 2049 3390 2121 intelligibilibus
3421 2051 3614 2122 magis

1967 2138 2213 2209 propriae
2245 2143 2419 2203 sunt;
2453 2137 2704 2192 dicimus
2735 2137 3262 2207 enim,invisibiles,
3297 2155 3486 2210 neque
3517 2156 3614 2194 ca-

1967 2225 2100 2280 dere
2148 2225 2256 2280 sub
2303 2231 2605 2296 aspectum
2655 2225 3078 2296 intelligimus;
3113 2226 3253 2296 quid
3307 2243 3479 2298 porro
3533 2226 3613 2283 sit

1968 2317 2149 2382 ipsum
2182 2329 2289 2368 non
2320 2329 2613 2384 apparens,
2646 2330 2834 2384 neque
2866 2315 3094 2369 curiose
3125 2331 3400 2384 quaerere,
3434 2330 3622 2386 neque

1968 2400 2237 2456 exhibere
2265 2401 2492 2455 videtur
2519 2417 2532 2467 ;
2567 2401 2834 2470 quamvis
2864 2400 3002 2469 vita,
3034 2406 3092 2455 et
3130 2400 3353 2468 lumen,
3387 2402 3621 2457 videtur

1967 2488 2322 2560 signiﬁcare,
2371 2489 2511 2560 quid
2545 2488 2642 2559 sit,
2698 2494 2754 2544 et
2783 2489 2905 2544 haec
2956 2487 3102 2543 nihil
3153 2489 3393 2544 omnino
3426 2489 3618 2545 decla-

1969 2594 2119 2644 rare,
2150 2576 2292 2648 quid
2327 2577 2404 2631 sit
2433 2577 2607 2632 Deus.

2041 2683 2416 2738 Condecorant
2443 2684 2638 2752 igitur.
2670 2682 2815 2736 Vide
2846 2683 3138 2753 quomodo
3171 2680 3412 2753 pulchre
3440 2681 3617 2738 ratio-

1968 2786 2100 2825 nem
2134 2771 2343 2824 dixerit
2393 2775 2627 2840 propter
2657 2768 2796 2838 quid
2836 2769 3098 2823 cmlestia
3137 2767 3477 2822 memoriam
3512 2769 3620 2822 ha-

1968 2859 2145 2914 beant
2192 2857 2560 2918 animalium,
2601 2874 2704 2912 seu
2758 2857 3081 2927 imagines;
3119 2856 3618 2926 quemadmodum

1969 2947 2144 3013 enim,
2182 2947 2331 3000 Deus
2363 2945 2654 3000 exsistens
2677 2945 2734 2998 in
2759 2944 3057 3010 omnibus,
3093 2942 3316 2998 nihilin
3341 2943 3616 2998 omnibus

1969 3034 2144 3089 habet
2169 3034 2431 3103 ejusdem
2457 3049 2654 3087 secum
2681 3032 2913 3103 generis
2939 3049 2952 3098 ;
2988 3031 3200 3101 idoque
3224 3030 3432 3086 merito
3473 3029 3620 3084 nihil

1969 3137 2166 3176 rerum
2199 3122 2487 3185 omnium,
2519 3125 2607 3174 est
2637 3120 2826 3191 ipsius
2857 3119 3306 3185 declarativum;
3332 3119 3433 3174 sed
3457 3123 3614 3190 post-

1968 3227 2035 3265 ea
2067 3209 2183 3264 alia
2214 3209 2488 3264 methodo
2520 3209 2588 3263 de
2638 3207 2752 3263 Deo
2785 3207 3106 3278 loquimur,
3139 3207 3420 3275 dicentes,
3473 3205 3614 3278 quid

1971 3315 2085 3353 non
2118 3301 2194 3352 sit
2241 3296 2395 3352 Deus
2422 3315 2436 3363 ;
2470 3296 2626 3367 quod
2659 3295 2932 3366 appellat,
2983 3311 3080 3363 per
3107 3293 3416 3349 dissimilia
3437 3311 3457 3355 ;
3489 3309 3617 3365 quae

1968 3394 2100 3459 post
2149 3386 2330 3440 Deum
2382 3390 2538 3451 sunt,
2589 3384 2816 3439 erudite
2861 3384 3120 3438 fecerunt
3169 3383 3446 3454 theologi,
3481 3396 3618 3438 cum

1971 3473 2118 3529 nulli
2137 3473 2600 3544 intelligibilium
2625 3473 2784 3542 ipsas
2807 3471 3237 3537 assimilarunt;
3261 3471 3362 3526 sed
3385 3487 3454 3525 ex
3484 3486 3618 3525 sen-

1971 3562 2266 3630 sibilibus,
2291 3577 2416 3632 qum
2447 3566 2614 3614 vocat
2641 3560 2796 3625 vilia,
2832 3558 3039 3614 harum
3073 3563 3372 3614 sumentes
3402 3557 3618 3613 simili-

1971 3651 2260 3717 tudinem,
2279 3650 2382 3704 hoc
2406 3649 2476 3704 ad
2501 3649 2733 3702 illarum
2760 3647 3033 3702 honorem
3060 3649 3345 3713 fecerunt,
3379 3651 3442 3701 ut
3464 3645 3618 3700 ficti-

1969 3739 2071 3807 tia,
2104 3743 2159 3792 et
2195 3755 2306 3792 non
2339 3753 2473 3792 vera
2503 3741 2660 3791 esset
2687 3736 2893 3790 horum
2925 3735 3214 3800 imitatio;
3248 3735 3297 3787 si
3327 3733 3483 3788 enim
3514 3734 3614 3801 qui

1971 3826 2156 3881 leonis
2188 3827 2431 3880 formam
2468 3825 2678 3877 referre
2710 3823 2927 3876 dicitur
2955 3826 3010 3875 et
3040 3820 3342 3890 multipes,
3373 3824 3429 3873 et
3460 3819 3614 3872 mul-

1971 3920 2061 3970 tas
2090 3930 2298 3986 gerens
2329 3911 2476 3980 alas,
2506 3917 2594 3965 est
2624 3910 2798 3965 etiam
2833 3907 3135 3963 rationalis
3166 3913 3224 3963 et
3254 3906 3613 3962 immateria-

1969 4003 2080 4069 lis;
2134 4000 2428 4072 quomodo
2477 4015 2590 4054 non
2641 4001 2732 4052 est
2778 3995 3178 4066 manifestum,
3233 4011 3364 4052 eum
3419 3995 3615 4064 modo,

1971 4090 2071 4162 qui
2104 4089 2322 4144 mundo
2353 4086 2480 4158 capi
2513 4089 2782 4157 nequeat,
2815 4084 3230 4139 transcendere
3268 4082 3619 4153 materialia,

1971 4184 2030 4235 et
2057 4195 2125 4234 ea
2155 4193 2286 4248 quae
2315 4193 2348 4230 a
2377 4175 2546 4231 nobis
2576 4172 3031 4244 intelliguntur?

2041 4268 2103 4322 In
2134 4264 2492 4321 nobilioribus
2521 4265 2688 4318 enim.
2725 4262 2865 4316 Ecce
2897 4259 3074 4315 aliam
3121 4276 3354 4332 quoque
3384 4259 3623 4316 ratioci-

1973 4354 2538 4424 nationem,propter
2568 4366 2744 4422 quam
2776 4348 3078 4419 Scriptura
3108 4348 3322 4403 talibus
3353 4348 3624 4402 similitu-

1974 4442 2212 4497 dinibus
2244 4442 2302 4495 in
2336 4439 2667 4495 ccelestibus
2699 4454 2808 4492 usa
2839 4435 3051 4503 fuerit;
3088 4437 3136 4490 si
3191 4435 3406 4490 etenim
3454 4434 3623 4489 nobi-

1894 4516 1941 4580 D
1974 4529 2217 4586 lioribus
2249 4545 2354 4584 usa
2386 4528 2592 4582 fuisset
2615 4523 2972 4588 ﬁctionibus,
3004 4523 3178 4592 sicut,
3211 4523 3338 4578 auri
3371 4522 3624 4592 speciem

1975 4619 2309 4682 referentes,
2342 4619 2444 4671 aut
2475 4614 2816 4684 elfulgentes
2867 4611 3137 4666 homines
3187 4611 3499 4666 asserendo
3529 4607 3625 4662 di-

1973 4708 2138 4762 vinas
2185 4705 2467 4771 virtutes;
2501 4702 2830 4766 audientes,
2875 4716 3117 4771 prorsus
3163 4698 3428 4770 persuasi
3481 4695 3624 4749 fuis-

1975 4801 2125 4862 sent,
2159 4791 2564 4848 credulitatem
2597 4806 2665 4845 ex
2696 4788 2767 4843 iis
2798 4805 2929 4859 quas
2963 4789 3116 4842 inter
3144 4787 3412 4841 homines
3443 4782 3625 4838 maxi-

1979 4883 2056 4938 mi
2088 4887 2225 4936 sunt
2275 4879 2468 4952 pretii,
2518 4876 2906 4947 accipientes;
2941 4892 3097 4930 nunc
3147 4879 3364 4939 autem,
3397 4887 3465 4925 ea
3493 4887 3617 4941 quas

1980 4970 2222 5025 minime
2271 4970 2709 5040 repraesentant,
2745 4969 2803 5020 et
2830 4969 3029 5034 turpes
3068 4960 3356 5031 imagines
3385 4958 3627 5028 adjecit,

1978 5064 2044 5114 ut
2073 5058 2323 5128 perfecte
2353 5054 2627 5119 scientes,
2661 5052 2813 5122 quod
2848 5067 2962 5105 non
2995 5049 3112 5104 sint
3141 5047 3507 5115 talia,rerum
3537 5062 3630 5103 ve-

1979 5146 2211 5200 ritatem
2245 5142 2611 5214 indagemus.

2051 5234 2298 5288 lnnoxie.
2331 5231 2464 5293 Qum
2511 5231 2669 5284 enim
2703 5227 2981 5282 dicuntur
3023 5222 3179 5294 ignis
3227 5223 3508 5288 ﬂammas,
3540 5222 3634 5278 di-

1978 5321 2127 5376 vinae
2187 5316 2551 5383 substantiae,
2611 5330 2727 5369 non
2779 5310 3178 5380 combustivae,
3237 5311 3338 5366 sed
3396 5309 3634 5366 viviﬁcas

1985 5413 2148 5465 sunt.

2052 5513 2100 5568 ο
2133 5494 2436 5550 lndecoris.
2460 5489 2758 5554 Quomodo
2790 5487 2949 5543 enim
2979 5503 3098 5542 non
3131 5491 3324 5559 turpe,
3353 5502 3421 5542 ex
3452 5488 3639 5541 mate-

1981 5583 2228 5643 rialibus
2257 5584 2528 5639 constare
2556 5576 2726 5649 signa
2747 5576 2964 5650 [rerum
2995 5574 3454 5644 intellectilium]
3472 5571 3504 5628 ?

3320 5704 3362 5764 2
