4042 6210
409 323 478 378 43
1234 323 1600 376 APPENDIX
1643 321 1742 375 AD
1779 323 2022 377 OPERA
2060 324 2116 376 S.
2159 320 2476 375 DIONYSII
2514 321 3010 376 AREOPAGITE.
3751 328 3813 383 44

476 446 821 516 Spectacula,
876 445 972 500 Gr.
1029 440 1291 515 Θεάματα.
1339 443 1596 517 Οεάματα
1629 444 1905 500 dicuntur
1933 459 2047 515 qua

2243 440 2514 514 Θεάματα.
2583 443 2836 516 Θεάματα
2906 439 3161 516 λέγονται
3219 440 3287 497 τὰ
3360 444 3494 516 μετά
3545 445 3814 518 θαύματος

407 548 537 588 cum
572 534 958 590 admiratione
987 533 1279 590 videntur.

481 622 631 690 §IV.
660 623 947 695 Siquidem
997 625 1224 695 aﬂectus
1272 625 1389 679 im.
1422 624 1581 690 Quod
1633 640 1747 680 non
1781 623 2062 695 simplici-
2112 670 2132 693 ἲ

412 714 501 767 ter
530 711 1006 768 rationabilitatis
1037 712 1249 784 plenus
1275 713 1353 768 sit
1380 712 1694 769 irascibilis
1725 712 2058 777 motus,sed

414 800 474 856 in
508 800 896 857 irrationabili
929 805 1176 869 natura;
1208 800 1523 872 legendum
1578 805 1670 856 est
1697 809 2057 873 postremum

413 890 593 962 hujus
626 890 762 946 libri
813 894 1006 961 caput,
1035 889 1136 945 ubi
1184 894 1394 945 tractat
1441 891 1513 946 de
1561 889 1783 946 visione
1831 899 2057 945 sancto-

410 996 543 1036 rum
593 979 938 1048 cherubim;
973 978 1092 1034 illic
1139 979 1296 1035 enim
1329 979 1505 1034 etiam
1555 979 1677 1035 haec
1707 979 1903 1036 omnia
1932 979 2059 1034 fuse

409 1068 703 1141 explanati
734 1072 893 1124 sunt.

475 1158 633 1216 Nihil
656 1174 863 1227 eorum,
895 1171 1016 1229 quae
1043 1158 1334 1212 exsistunt.
1364 1160 1535 1224 Nota,
1565 1155 1796 1212 nullum
1829 1156 2055 1213 entium

401 1246 695 1320 privatum
728 1261 858 1302 esse
881 1243 1329 1317 participatione
1351 1244 1846 1312 boni;notandum
1877 1242 2056 1314 igitur

403 1341 493 1393 est
521 1335 661 1407 quid
693 1333 1059 1406 intelligatur
1088 1332 1174 1388 ira
1201 1331 1263 1388 in
1294 1331 1884 1398 irrationabilibus,et
1913 1330 2053 1404 quid

401 1426 462 1482 in
519 1423 1012 1491 rationabilibus;
1047 1427 1104 1478 et
1131 1423 1272 1494 quid
1310 1425 1702 1494 utrorumque
1735 1421 2050 1492 concupis-

408 1513 624 1569 centia.

482 1603 784 1657 Rationem.
816 1600 1146 1656 Notandum
1203 1599 1360 1671 quod
1389 1598 1562 1655 etiam
1614 1599 1673 1654 in
1705 1598 1930 1670 angelis
1961 1614 2055 1653 ra-

411 1689 631 1746 tionem
662 1688 855 1758 dicat;
887 1690 991 1745 sed
1021 1703 1146 1761 quae
1174 1687 1477 1744 demulceri
1501 1696 1761 1761 nequeat,
1794 1703 1898 1743 seu
1931 1702 2056 1758 que

411 1794 602 1850 neque
631 1778 819 1846 cedat,
853 1792 1041 1849 neque
1067 1781 1382 1848 torpescat.

482 1883 1560 1958 Concupiscentiamﬂoncupiscentiam
1573 1882 2056 1954 intelligibilium,

410 1990 540 2030 esse
572 1989 829 2030 amorem
860 1973 918 2028 in
949 1973 1133 2030 Deum
1164 1971 1446 2029 contineri
1473 1971 1922 2043 nescium,quod
1954 1988 2054 2043 ap-

407 2062 589 2135 pellat
617 2064 862 2119 materiae
888 2062 1283 2134 privationem.

472 2170 717 2240 Propter
747 2166 1618 2240 impermistumepermistum
1645 2166 1788 2221 dicit
1817 2182 2054 2237 purum,

401 2261 460 2314 et
486 2257 546 2313 in
577 2257 738 2313 nullo
769 2257 884 2312 alio
917 2261 1242 2312 vacantem.
1274 2255 1380 2318 Qui
1416 2255 1572 2311 enim
1625 2255 1826 2311 divino
1857 2270 2054 2310 amore

396 2345 750 2401 constrictus
781 2348 890 2414 est,
923 2348 1081 2401 totus
1112 2348 1202 2399 est
1231 2343 1440 2416 ipsius,
1472 2347 1530 2398 et
1577 2343 1637 2397 in
1685 2342 1876 2398 solum
1908 2343 2056 2398 desi-

395 2432 653 2491 derabile
699 2433 971 2504 intendit,
999 2450 1033 2489 a
1065 2431 1224 2488 nullo
1284 2430 1605 2503 impeditus
1658 2429 1968 2486 transitivo
1998 2435 2055 2486 et

405 2538 682 2594 corporeo
733 2522 1217 2589 sermone;dum
1268 2525 1465 2576 autem
1509 2519 1782 2590 dicimus,
1835 2519 2052 2576 essein

399 2609 762 2680 incorporeis
811 2610 1160 2665 substantiis
1217 2608 1459 2663 rationis
1489 2608 1906 2679 privationem,
1935 2624 2053 2662 non

401 2698 825 2767 exprobramus
855 2695 943 2751 vel
977 2695 1318 2767 afﬁngimus
1348 2696 1494 2766 ipsis
1527 2712 1657 2750 cum
1693 2696 1930 2766 injuria,
1964 2695 2055 2750 in-

404 2784 674 2842 tellectus
727 2785 1148 2857 privationem;
1183 2785 1450 2853 dicendo,
1503 2801 1604 2856 per
1651 2784 1914 2841 leoninae
1945 2786 2056 2841 for-

408 2879 632 2942 mas,et
659 2873 961 2942 vitulinae,
985 2877 1044 2928 et
1069 2873 1286 2943 avium,
1311 2873 1465 2928 sicut
1495 2872 1553 2927 in
1587 2872 1805 2944 aquila,
1825 2873 2054 2930 irratio-

417 2961 703 3018 nabilium
734 2963 954 3034 ﬁguras
983 2965 1040 3018 et
1069 2961 1598 3033 signs,ccelestibus
1627 2962 1934 3018 convenire
1963 2978 2056 3019 or-

420 3050 692 3119 dinibus;
727 3052 826 3106 sed
886 3050 1132 3123 mystice
1186 3049 1589 3123 signiﬁcamus
1635 3049 2052 3119 diversitatem,

416 3156 544 3212 quae
575 3145 666 3198 est
693 3141 846 3196 inter
875 3139 1108 3196 illorum
1139 3141 1196 3195 et
1216 3143 1476 3195 nostram
1503 3137 2050 3208 rationabilitatem;

413 3247 520 3287 nos
550 3231 706 3287 enim
740 3229 1255 3288 rationabilitatem
1286 3232 1775 3300 repracsentamus
1806 3243 1909 3299 per
1935 3226 2050 3282 vim

409 3319 688 3392 operandi
715 3319 953 3392 linguae,
984 3323 1041 3373 et
1069 3319 1282 3388 ﬁguras
1312 3316 1468 3373 vocis
1509 3317 1818 3385 effectivae,
1851 3332 2048 3388 percu-

406 3407 619 3464 tientes
665 3425 856 3464 aerem
908 3407 1394 3472 sermocinamur,
1449 3410 1506 3461 et
1551 3421 1820 3461 sermone
1849 3411 2049 3461 trans-

407 3501 582 3553 eunte
619 3514 653 3554 a
681 3497 850 3553 nobis
881 3498 948 3552 ad
982 3494 1348 3551 audientium
1397 3511 1591 3560 aures,
1623 3511 1692 3550 ex
1719 3509 1956 3566 corpore
1986 3494 2044 3549 in

407 3601 662 3657 corpus;
696 3585 849 3641 sicut
895 3584 1037 3639 dicit
1085 3583 1319 3638 divinus
1367 3582 1618 3639 Basilius
1669 3583 1726 3638 in
1780 3599 2047 3639 sermone

403 3674 639 3731 Attende
683 3675 791 3729 tibi
836 3673 964 3746 ipsi,
1017 3671 1135 3728 illic
1185 3675 1381 3728 autem
1435 3689 1548 3728 non
1597 3673 1716 3740 ita;
1767 3672 1868 3727 sed
1917 3689 2045 3728 cor-

403 3779 543 3834 pore
599 3763 887 3832 destituti,
919 3767 978 3818 et
1033 3762 1105 3817 ad
1163 3777 1225 3817 se
1285 3761 1529 3817 invicem
1589 3762 1931 3817 accedentes
1989 3765 2047 3817 et

400 3852 738 3908 recedentes
795 3851 1008 3907 clarius
1066 3850 1227 3906 omni
1283 3866 1548 3906 sermone
1603 3854 1840 3906 mutuas
1897 3849 2045 3922 cogi-

401 3939 654 3994 tationes
710 3940 1006 3996 intuentes
1064 3937 1222 3995 velut
1284 3938 1436 3994 inter
1489 3955 1553 3994 se
1607 3938 2044 4010 colloquuntur,

401 4040 506 4095 per
547 4025 844 4082 silentium
890 4043 1219 4084 sermonem
1267 4027 1380 4082 sibi
1424 4028 1670 4084 invicem
1723 4028 2044 4085 communi-

401 4116 624 4168 cantes.

469 4201 918 4272 Propensionem,
955 4202 1053 4258 Gr.
1104 4199 1415 4258 ἀπόκλισιν.
1447 4207 1557 4259 Pro
1599 4202 2040 4261 inclinationem

397 4303 498 4345 seu
529 4288 1004 4362 propensionem.

467 4379 811 4434 Transitorii.
845 4379 1248 4435 Transitorius
1278 4384 1367 4435 est
1396 4384 1596 4436 noster
1625 4398 1816 4439 sermo
1850 4383 2040 4454 prola-

393 4465 566 4535 tivus,
590 4470 872 4538 tanquam
905 4484 939 4523 a
968 4467 1200 4523 dicente
1233 4469 1527 4525 transiens
1559 4471 1628 4526 ad
1662 4471 2035 4540 audientem;

2171 530 2443 605 ὁρώμενα.

2239 621 2387 687 §IV.
2423 618 2524 675 Καὶ
2556 620 2659 693 γὰρ
2713 619 2740 673 6
2795 618 2990 693 θυμός.
3023 621 3148 677 ’Ότι
3196 620 3305 695 οὐχ
3355 621 3546 685 ἀπλῶς
3594 623 3816 701 ἀλογίας

2167 701 2420 778 ἔμπλεως
2449 710 2484 775 ἡ
2528 703 2824 778 θυμοειδὴς
2871 707 3102 778 κίνησις,
3153 707 3281 764 ἀλλ’
3323 708 3416 764 ἐπὶ
3460 718 3562 780 τῆς
3610 711 3812 788 ἀλόγου

2167 795 2399 871 φύσεως.
2455 797 2850 869 ’Λναγνωστὲον
2901 798 2993 851 τὸν
3042 796 3354 853 τελευταῖον
3395 797 3560 873 λόγον
3601 800 3699 856 τοῦ
3731 805 3811 878 βι-

2167 878 2349 954 ϐλίου,
2401 883 2460 938 ’ὸν
2511 885 2654 938 εἶπεν
2683 883 2759 945 εἰς
2805 885 2906 953 τὴν
2956 885 3211 941 ὀπτασίαν
3263 891 3372 943 τῶν
3410 889 3582 964 ἁγίων
3614 910 3809 966 χερου-

2167 969 2286 1045 ϐίμ·
2344 972 2456 1027 ἐκεῖ
2509 973 2609 1049 γὰρ
2657 974 2746 1028 καὶ
2798 978 2967 1030 ταῦτα
3021 975 3195 1032 πάντα
3250 974 3502 1042 πλατέως
3562 975 3808 1058 διαγεγύ-

2173 1083 2420 1135 μνασται.

2236 1150 2306 1204 Τὸ
2363 1147 2504 1224 μηδὲ
2574 1150 2628 1206 ἓν
2687 1155 2796 1206 τῶν
2857 1150 3063 1212 ὄντων.
3120 1155 3461 1228 Σημείωσαι,
3521 1156 3607 1213 ὅτι
3665 1157 3808 1216 οὐδὲν

2167 1243 2274 1293 τῶν
2309 1236 2480 1294 ὄντων
2528 1238 2809 1314 ἐστέρηται
2851 1247 2952 1310 τῆς
3001 1246 3099 1298 τοῦ
3145 1242 3319 1299 καλοῦ
3366 1247 3675 1318 μετουσίαςο
3724 1270 3809 1319 σηο

2170 1328 2429 1400 μειωτὲον
2467 1329 2558 1382 οὗν
2609 1328 2662 1382 τί
2713 1334 2914 1384 νοεῖται
2949 1331 2977 1384 6
3010 1332 3183 1404 θυμὸς
3239 1331 3330 1388 ἐπὶ
3385 1338 3495 1388 τῶν
3555 1335 3766 1412 ἀλόγων
3795 1384 3807 1407 ,

2163 1416 2252 1470 καὶ
2309 1416 2362 1470 τί
2435 1417 2523 1471 ἐπὶ
2579 1421 2686 1471 τῶν
2757 1417 3018 1494 λογικῶν·
3077 1422 3166 1475 καὶ
3241 1423 3294 1476 τί
3361 1420 3624 1497 ἐπιθυμία
3698 1426 3808 1483 ἐκα-

2161 1505 2354 1578 τὲρων.

2237 1594 2565 1668 Λογιότητα.
2615 1594 2984 1667 Σημειωτέον,
3033 1595 3116 1652 ὅτι
3163 1599 3253 1654 καὶ
3301 1597 3390 1654 ἐπὶ
3435 1599 3688 1676 ἀγγέλων
3720 1602 3807 1658 λο-

2162 1682 2390 1756 γιότητα
2445 1681 2610 1759 λέγει’
2671 1683 2992 1756 ἀμείλικτον
3048 1683 3126 1757 Si,
3178 1687 3304 1755 ἤτοι
3362 1687 3672 1763 ἀνένδοτον,
3724 1691 3806 1746 καὶ

2166 1770 2338 1846 ἀχαύν
2346 1792 2420 1825 ωτ
2427 1791 2482 1825 ον
2493 1814 2504 1825 .

2238 1879 2595 1952 Ἐπιουμίαν.
2646 1882 2772 1939 ’Ότι
2827 1883 2861 1951 ἡ
2922 1880 3181 1955 ἐπιθυμία
3236 1887 3344 1938 τῶν
3411 1890 3623 1955 νοητῶν
3678 1885 3805 1961 ἔρως

2165 1965 2394 2043 ἄσχετός
2427 1967 2537 2024 ἐστι
2568 1970 2689 2044 περὶ
2721 1969 2812 2025 τὸν
2845 1971 2998 2044 Θεὸν,
3033 1972 3164 2046 ὅπερ
3197 1970 3355 2028 καλεῖ
3386 1971 3601 2033 ἀϋλίαν.

2237 2165 2334 2218 Διὰ
2362 2166 2453 2218 τὸν
2486 2163 2682 2240 ἀμιγῆ.
2731 2166 2930 2240 Ἀμιγῆ
2987 2186 3118 2244 φησι
3165 2166 3258 2221 τὸν
3310 2169 3547 2243 καθαρὸν
3592 2171 3682 2226 καὶ
3734 2171 3805 2236 εἷς

2165 2250 2317 2307 οὐδὲν
2363 2249 2544 2329 ἕτερον
2601 2251 2962 2328 ἑσχολακότα·
3013 2255 3041 2308 6
3070 2255 3170 2329 γὰρ
3220 2255 3348 2328 θείῳ
3398 2255 3558 2330 ἔρωτι
3598 2258 3805 2332 περιδε-

2165 2339 2466 2417 δραγμένος
2499 2339 2632 2403 ὅλος
2678 2341 2820 2397 ἔστὶν
2867 2341 3053 2411 αὐτοῦ,
3084 2342 3172 2397 καὶ
3223 2341 3299 2405 εἷς
3335 2345 3398 2398 τὸ
3428 2345 3616 2423 ὶφετὸν
3651 2349 3806 2421 μόνον

2162 2430 2513 2500 ἀνατείνεται,
2567 2430 2711 2506 παρά
2757 2427 2991 2502 μηδενὸς
3039 2429 3390 2504 κωλυόμενος
3449 2430 3801 2506 μεταϐατικοῦ

2161 2519 2251 2572 καὶ
2309 2521 2624 2590 σωματικοῦ
2681 2516 2872 2592 λόγου.
2928 2517 3181 2592 ’Λλογίαν
3241 2517 3300 2574 δὶ
3342 2520 3633 2599 φάσκοντες
3671 2525 3798 2580 εἶναι

2165 2605 2214 2660 ἐν
2277 2611 2396 2668 ταῖς
2458 2606 2768 2678 ἀσωμάτοις
2840 2605 3069 2674 οὐσίαις,
3129 2608 3230 2662 οὐκ
3293 2609 3553 2680 ἀνοησίαν
3619 2613 3802 2676 αὐταῖς

2163 2689 2512 2768 ἐνυϐρίζομεν
2557 2692 2611 2748 ἐν
2648 2698 2727 2765 τῷ
2776 2691 2865 2749 διὰ
2913 2699 3020 2749 τῶν
3081 2694 3358 2752 λεοντείων
3420 2705 3663 2774 μορφῶν,
3711 2701 3801 2756 καὶ

2161 2785 2266 2836 τῶν
2303 2781 2576 2856 μοσχείων
2609 2781 2698 2836 καὶ
2741 2787 2846 2836 τῶν
2897 2783 3198 2857 ὀρνιθείων,
3231 2786 3304 2846 ὡς
3353 2784 3439 2839 ἐπὶ
3483 2791 3584 2841 τοῦ
3615 2787 3795 2856 ἀετοῦ,

2164 2869 2376 2946 ἀλόγων
2431 2867 2634 2930 τύπους
2690 2870 2778 2923 καὶ
2835 2865 3088 2943 σύμϐολα
3142 2872 3348 2948 λέγειν,
3405 2872 3625 2947 πρέπειν
3681 2881 3802 2940 τοῖς

2165 2956 2434 3032 οὐρανίοις
2481 2957 2766 3032 τάγμασιν,
2811 2955 2957 3012 ἀλλά
3015 2963 3290 3031 μυστικῶς
3341 2961 3402 3015 τὸ
3459 2959 3802 3038 ἐξηλλαγμέ-

2163 3067 2254 3100 νον
2309 3050 2404 3100 τοῦ
2448 3046 2562 3099 κατ’
2623 3043 2856 3109 ἰκείνους
2915 3044 3144 3122 λνγικοῦ
3200 3049 3339 3124 πρὸς
3385 3049 3446 3105 τὸ
3493 3053 3612 3115 καθ’
3657 3055 3803 3124 ἡμᾶς

2167 3134 2527 3208 σημαίνομεν
2601 3136 2764 3208 ἡμεῖς
2839 3134 2941 3210 γὰρ
3015 3137 3077 3190 τὸ
3156 3135 3380 3214 λογικὸν
3457 3145 3802 3216 παριστῶμεν

2165 3219 2253 3277 διὰ
2302 3227 2398 3278 τοῦ
2449 3229 2548 3293 τῆς
2579 3222 2830 3298 γλώττης
2859 3225 3168 3300 ὀργανικοῦ,
3199 3227 3290 3281 καὶ
3343 3231 3450 3283 τῶν
3479 3229 3799 3306 φωνητικῶν

2156 3311 2363 3380 τύπων,
2383 3311 2702 3376 ’τύπτοντες
2741 3312 2831 3366 τὸν
2873 3311 3002 3388 ἀὲρα
3047 3317 3126 3386 τῷ
3176 3312 3520 3390 διαλεκτικῷ,
3567 3319 3659 3373 καὶ
3702 3325 3796 3375 τοῦ

2158 3399 2324 3475 λόγου
2375 3395 2784 3472 μεταϐαίνοντος
2833 3398 2884 3471 ἐξ
2914 3402 3076 3473 ἡμῶν
3121 3402 3197 3467 εἰς
3224 3405 3322 3468 τὰς
3363 3404 3470 3460 τῶν
3511 3406 3796 3482 ἀκροώμε-

2155 3509 2261 3542 νων
2318 3489 2482 3550 ἀκοὰς
2535 3487 2595 3542 ἔκ
2641 3489 2894 3560 σώματος
2945 3487 3022 3550 εῒς
3072 3494 3274 3562 σῶμα,
3325 3495 3462 3557 καθά
3515 3515 3645 3570 φησι
3701 3497 3792 3551 καί

2155 3577 2182 3630 6
2213 3578 2356 3640 Θεῖος
2385 3574 2664 3638 Βασίλειος
2701 3575 2752 3630 ἐν
2801 3580 2880 3648 τῷ
2930 3577 3054 3642 περὶ
3100 3583 3218 3648 τοῦ,
3270 3580 3513 3656 Πρόσεχε
3565 3585 3791 3657 σεαυτῷ,

2155 3664 2327 3740 λόγῳ,
2360 3665 2470 3720 ἐκεῖ
2504 3663 2560 3719 δὲ
2608 3663 2714 3740 οὐχ
2758 3663 2950 3733 οὕτως,
2983 3664 3109 3721 ἀλλ’
3159 3666 3211 3722 ἐν
3263 3669 3546 3742 ἀσωματίᾳ
3586 3675 3796 3749 τυγχά.

2153 3775 2350 3827 νοντες,
2383 3755 2472 3809 καὶ
2522 3753 2598 3816 εἷς
2646 3751 2933 3825 ἀλλήλους
2964 3759 3273 3831 χωροῦντες
3310 3757 3399 3812 καὶ
3448 3760 3799 3838 ἀποχωροῦν-

2151 3864 2261 3914 τες,
2295 3844 2491 3905 παντὸς
2534 3840 2702 3917 λόγου
2751 3841 3073 3918 τρανότερον
3122 3845 3218 3907 τὰς
3271 3844 3535 3918 ἀλλήλων
3582 3853 3797 3922 νοήσεις

2151 3932 2586 4002 κατοπτεύοντες,
2619 3929 2894 4002 ἀλλήλοις
2923 3929 3103 4007 ὥσπερ
3133 3931 3497 4010 διαλέγονται,
3532 3935 3623 3993 διὰ
3644 3947 3798 4016 σιγῆς

2151 4022 2246 4076 τοῦ
2278 4019 2445 4097 λόγου
2479 4017 2856 4095 μεταδιδόντες
2889 4017 3166 4092 ἀλλήλοις

2222 4196 2557 4258 ’Λπόκλισιν.
2589 4199 2736 4257 Ἀντῖ
2765 4203 2863 4255 τοῦ
2892 4198 3196 4257 ἀπόνευσιν.

2221 4381 2308 4454 [α’]
2349 4371 2741 4436 Μεταϐατικοῦ.
2797 4371 3169 4440 Μεταόατικὸς
3215 4379 3243 4433 6
3303 4380 3571 4454 ἡμέτερος
3628 4379 3796 4459 λόγος

2149 4471 2176 4525 ὁ
2208 4468 2564 4546 προφορικὸς,
2604 4465 2677 4528 ὠς
2723 4465 2829 4520 ἀπὸ
2867 4470 2964 4520 τοῦ
3015 4464 3267 4540 λέγοντος
3317 4465 3607 4526 διαϐαίνων
3656 4475 3794 4548 πρὸς

392 4555 653 4627 corporei
684 4559 879 4611 autem
930 4557 1003 4612 ad
1053 4556 1446 4617 differentiam
1497 4559 1778 4614 reconditi
1826 4562 1928 4616 10
1957 4562 2038 4632 (in

2166 4560 2236 4614 :6v
2269 4556 2552 4612 ἀκούονταθ
2587 4559 2902 4628 σωματικοῦ
2951 4552 3008 4609 δὲ
3051 4556 3186 4631 πρὸς
3232 4555 3651 4631 ἀντιδιαστολήν
3698 4566 3797 4618 τοῦ

391 4647 645 4712 mente);
677 4642 773 4699 hic
802 4643 961 4699 enim
1008 4657 1197 4714 neque
1227 4659 1563 4717 corporeus,
1595 4661 1785 4718 neque
1816 4647 2034 4703 transi-

387 4732 562 4790 tivus.

459 4822 722 4878 Materia.
779 4818 1142 4876 Vilissimam
1202 4820 1507 4875 materiam
1579 4822 1740 4892 dicit,
1797 4840 2031 4881 omnem

390 4913 660 4966 naturam
704 4908 930 4981 corpori
974 4907 1227 4964 similem
1257 4908 1316 4961 in
1368 4909 1543 4964 variis
1575 4910 1880 4981 speciebus
1911 4913 2032 4968 ani-

393 4998 570 5053 matis
599 5003 657 5054 et
682 4997 984 5068 inanimis,
1015 5003 1072 5052 et
1101 4996 1366 5067 reliquis,
1399 5014 1432 5052 a
1461 4999 1571 5053 Deo
1599 4999 1670 5053 de
1700 5000 1981 5071 scriptam
2012 5019 2024 5069 ;

381 5083 795 5154 intelligibilem
817 5093 1014 5144 autem
1043 5088 1296 5143 decorem
1322 5102 1447 5157 quae
1479 5087 1547 5141 de
1577 5087 1693 5142 Deo
1723 5089 2024 5157 dicuntur,

374 5184 629 5239 quorum
662 5176 984 5233 mediocres
1011 5181 1068 5233 et
1096 5177 1378 5232 obscuras
1424 5175 1710 5247 imagines
1741 5176 1799 5232 in
1850 5178 2024 5235 rebus

368 5256 727 5330 invenimus,
763 5263 916 5320 sicut
965 5263 1310 5336 simpliciter
1359 5279 1504 5331 esse,
1537 5263 1746 5330 vivere,
1781 5265 2020 5335 sentire,

366 5348 424 5398 et
447 5343 687 5401 similia.
713 5350 876 5411 Quod
902 5357 1098 5407 autem
1121 5352 1366 5408 materia
1386 5352 1576 5408 omnis
1596 5367 1664 5407 ex
1695 5351 1812 5408 Deo
1843 5354 2023 5410 exsis-

367 5431 612 5488 tentiam
647 5433 1089 5501 habeat,nullus
1121 5441 1357 5512 sapiens
1389 5455 1576 5496 sermo
1607 5440 1971 5498 contradicet
2002 5460 2016 5511 ;

2144 4644 2469 4710 ἐνδιαοὲτουο
2522 4645 2679 4705 οὗτος
2732 4643 2833 4719 γὰρ
2889 4639 3012 4698 οὕτε
3061 4646 3399 4718 σωματικὸς,
3451 4644 3573 4703 οὔτε
3629 4672 3796 4723 μετα-

2144 4731 2386 4793 ϐατικὸς.

2212 4820 2524 4899 [βἸ”ι’λης.
2583 4820 2952 4893 Ἀτιμοτάτην
3031 4817 3170 4890 ὕλην
3234 4826 3364 4900 φησί
3443 4825 3541 4892 τὴν
3597 4845 3794 4897 σωμα-

2137 4909 2322 4980 τοειδῆ
2369 4913 2568 4966 ἃπασαν
2619 4908 2800 4986 φύσιν,
2849 4909 2986 4983 πρὸς
3033 4909 3262 4965 ποικίλα
3312 4909 3428 4978 εἷ’δη
3481 4909 3704 4988 ἔμψυχά
3731 4936 3796 4972 τε

2135 4999 2225 5055 καὶ
2277 5001 2482 5075 ἄψυχα,
2539 4998 2628 5053 καὶ
2685 4997 2858 5052 λοιπὰ
2918 4997 3021 5052 ὑπὸ
3082 5002 3216 5052 Θεοῦ
3275 4996 3789 5074 διακοσμηθεῖσαν·

2133 5088 2321 5162 νοεράν
2377 5085 2433 5142 δι
2489 5086 2804 5161 εὐπρέπειαν
2863 5085 2930 5140 τὰ
2987 5087 3109 5160 περὶ
3172 5091 3307 5141 Θεοῦ
3371 5087 3659 5164 λεγὸμενα,
3714 5093 3792 5147 ὧν

2135 5175 2352 5251 μετρίας
2395 5176 2481 5230 καὶ
2534 5171 2778 5250 ἀμυδρὰς
2827 5171 3037 5234 εἷ’κὸνας
3087 5174 3138 5228 ἐν
3187 5180 3304 5237 τοῖς
3357 5176 3507 5232 οῦσιν
3540 5177 3792 5253 εόρίσκο-

2137 5287 2254 5339 μεν,
2287 5267 2400 5319 οἷον
2457 5266 2520 5319 τὸ
2578 5261 2768 5327 ἀπλῶς
2824 5261 2980 5330 εἶναι,
3035 5262 3099 5317 τὸ
3153 5265 3270 5336 ζῇν,
3317 5265 3379 5319 τὸ
3421 5263 3794 5336 αἷσθάνεσθαι,

2128 5353 2310 5408 καὶτά
2339 5351 2524 5426 ὅμοια.
2558 5352 2651 5426 [γ’]
2675 5352 2801 5409 Ὅτι
2847 5350 2941 5423 μὲν
2976 5349 3036 5405 ἐκ
3077 5355 3211 5406 Θεοῦ
3257 5350 3348 5406 καὶ
3395 5353 3429 5423 ἡ
3481 5350 3587 5423 ὕλη
3640 5359 3794 5410 πᾶσα

2126 5441 2223 5509 τὴν
2283 5440 2506 5513 ὕπαρξιν
2556 5437 2754 5514 ἔσχεν,
2814 5435 2992 5502 οὐδεὶς
3048 5439 3212 5517 σοφὸς
3287 5438 3501 5516 ἀντερεῖ
3561 5439 3734 5516 λόγος
3772 5461 3786 5477 ο

371 5520 521 5590 gerit
545 5525 751 5579 autem
799 5526 857 5579 et
886 5522 1015 5594 ipsa
1043 5525 1102 5579 in
1151 5528 1348 5598 seipsa
1395 5534 1762 5601 argumenta,
1796 5531 1952 5601 quod
1984 5547 2018 5589 a

2167 5528 2273 5604 ἑρει
2306 5527 2363 5582 δὶ
2390 5527 2479 5582 καὶ
2525 5527 2690 5598 αὐτὴν
2739 5526 2792 5582 ἐν
2836 5527 3001 5601 ἑαυτῇ
3049 5523 3326 5600 ἀποδείξις
3382 5532 3479 5584 τοῦ
3523 5527 3588 5584 in
3633 5534 3789 5586 Θεοῦ

375 5605 491 5664 Deo
521 5607 598 5664 sit
625 5611 908 5682 producta
936 5613 994 5666 et
1021 5618 1329 5682 exornata;
1364 5617 1557 5674 omnis
1588 5617 1767 5690 igitur
1797 5633 1867 5675 ex
1898 5634 2016 5676 ma-

2123 5616 2213 5674 καὶ
2264 5618 2547 5693 παρῆχθαι
2621 5617 2712 5674 καὶ
2777 5609 3278 5693 διακεκοσμῆσθαι·
3339 5619 3482 5673 πᾶσα
3534 5618 3664 5695 γοῦν
3711 5616 3786 5693 ἢ
