4042 6210
248 365 313 420 45
946 368 1004 421 8.
1045 366 1319 422 MAXIMI
1357 366 1663 422 SCHOLIA
1699 366 1774 419 IN
1812 364 1947 420 LIB.
1990 369 2085 422 DE
2121 371 2439 430 CCELESTI
2483 375 2948 430 HIERARCHIA.
3575 382 3645 437 46

249 481 381 553 ὕλης
413 480 776 557 διακόσμησις
839 481 1052 559 ἅμυδρά
1103 507 1228 542 τινα
1283 486 1371 542 καὶ
1433 481 1638 554 σκιώδη
1669 485 1895 559 ἆπηχή-

2018 491 2154 546 toria
2184 494 2498 566 descriptio
2520 496 2796 551 obscurae
2816 496 3102 567 quaedam
3134 502 3192 554 et
3222 501 3528 558 umbrosas
3549 502 3642 558 in-

253 593 389 646 ματα
439 576 549 628 τῶν
607 577 816 648 νοερῶν
875 569 991 647 ἔχει
1025 593 1038 607 ο
1095 575 1277 650 ὥσπερ
1335 577 1437 651 γὰρ
1497 571 1778 644 ἐπιτήδεια
1832 574 1900 627 τὰ

247 661 405 737 νοερά
444 659 523 724 εἰς
570 658 883 737 ὑποδοχὴν,
916 663 990 725 ὡς
1043 662 1278 740 ὶφικτὸν,
1316 668 1422 718 τῶν
1464 662 1524 718 ἐκ
1574 666 1708 718 Θεοῦ
1764 681 1900 736 προ-

251 755 516 820 νοητικῶν
547 748 824 826 προόδων,
855 751 946 806 καὶ
986 753 1098 820 ζωὴ
1131 749 1277 822 ὅντα,
1314 757 1573 821 ζωοῦνται
1611 753 1758 825 παρὰ
1801 754 1900 806 τοῦ

253 838 379 912 ὖπὶρ
412 844 587 895 πᾶσαν
642 840 786 908 ζωὴν
835 836 1035 914 [ὄντος]
1085 839 1220 896 Θεοῦ
1253 861 1266 873 ο
1300 840 1389 895 καὶ
1430 837 1686 913 δυνάμεις
1735 834 1898 914 ἔχου-

255 949 327 983 σιν
386 928 466 988 εἰς
539 927 846 1004 εύεργεσίαν
918 929 1289 1004 ὲνεργητικᾶς,
1343 930 1430 984 καὶ
1507 927 1718 997 κίνησίν
1785 947 1903 982 τινα

263 1015 620 1090 ὗπερκόσμιον
654 1033 668 1047 ·
705 1015 848 1072 οῦτω
876 1016 966 1071 καὶ
1017 1018 1083 1071 τὰ
1138 1015 1302 1072 ὁλαῖα
1330 1017 1506 1072 πάντα
1553 1016 1694 1088 ὁμοῦ
1725 1035 1783 1070 τε
1811 1015 1900 1069 καὶ

256 1103 378 1160 κατᾶ
411 1104 602 1180 μέρος,
632 1107 732 1175 τήν
765 1125 826 1159 τε
870 1104 1136 1180 πρόνοιαν
1183 1109 1280 1160 τοῦ
1329 1109 1464 1160 Θεοῦ
1514 1103 1731 1165 οἰκείως
1780 1104 1899 1158 ἑαυο

255 1199 358 1254 τοῖς
391 1191 670 1268 δέχεσθαι,
705 1190 1031 1264 ἐπιτηδείως
1076 1191 1321 1270 ἔχουσιν,
1352 1195 1442 1248 καὶ
1491 1197 1781 1263 ζιυοῦσθαι,
1813 1191 1901 1246 καὶ

259 1283 360 1352 ζωή
409 1281 655 1356 γίνεσθαι
724 1279 994 1351 δύνανται,
1043 1283 1117 1345 ὡς
1183 1283 1246 1338 τό
1280 1301 1293 1316 ·
1347 1282 1683 1359 Ἐξαγαγὲτω
1733 1283 1768 1350 ἡ
1828 1287 1898 1356 γῆ

257 1371 434 1446 ψυχὴν
518 1375 691 1440 ζῶσαν
725 1389 739 1403 ⁶
799 1373 886 1425 καὶ
961 1369 1113 1433 αὖθις
1150 1391 1162 1406 ο
1225 1371 1566 1447 Ἐξαγαγὲτω
1619 1371 1687 1426 τὰ
1738 1368 1905 1424 ὕδατα

258 1459 445 1534 ὶρπετά
491 1461 686 1534 ψυχῶν
737 1464 925 1528 ζωσῶν
964 1478 977 1493 ·
1033 1458 1179 1515 ἀλλὰ
1231 1459 1320 1514 καὶ
1380 1458 1632 1533 δυνάμεις
1690 1458 1904 1534 εὐεργε-

256 1547 396 1609 τικὰς
423 1553 546 1611 τοῖς
573 1548 679 1603 ἀπὸ
721 1554 828 1623 γῆς
858 1549 1130 1619 πνέουσιν,
1163 1549 1238 1611 ὡς
1294 1546 1552 1618 δηλοῦσιν
1602 1545 1657 1602 α⁹ί
1709 1567 1767 1601 τε
1815 1543 1904 1601 διὰ

262 1637 492 1712 βοτανῶν
525 1637 615 1691 καὶ
664 1640 773 1692 τῶν
824 1636 1163 1710 μεταλλικῶν
1209 1635 1515 1716 ὠφέλειαι·
1565 1637 1654 1691 καὶ
1694 1635 1904 1706 κίνησιν

261 1722 311 1780 δὲ
331 1723 688 1796 κατάλληλον
715 1725 786 1780 τά
817 1724 981 1782 ὗλαῖα
1008 1721 1125 1802 ἔχει
1154 1726 1255 1795 τὴν
1300 1726 1376 1788 είς
1425 1726 1631 1801 γένεσιν
1675 1727 1903 1800 προϊοῦ-

263 1835 343 1869 σαν
397 1814 491 1869 καὶ
548 1813 752 1891 φθοράν
783 1832 796 1847 ⁸
828 1817 918 1870 καί
973 1815 1122 1885 τάξιν
1175 1813 1390 1890 δᾶχεται
1445 1815 1548 1884 τήν
1605 1813 1752 1886 παρὰ
1803 1815 1901 1867 τοῦ
1931 1852 1980 1918 Β

267 1909 294 1918 ..
357 1907 381 1918 -
475 1901 490 1918 ς
634 1913 651 1918 -
689 1907 710 1918 -
759 1901 770 1918 ο
1083 1902 1098 1918 .
1177 1901 1191 1918 ς
1330 1913 1345 1918 -
1517 1903 1527 1918 .
1721 1899 1892 1918 .-ης

261 1907 385 1958 Θεοῦ
471 1901 806 1966 ἰπιτεθεῖσάν
881 1922 941 1957 τε
1012 1902 1100 1957 καὶ
1171 1901 1658 1976 ἐπιτεθησομὲνην.
1721 1899 1903 1957 Ἀλλὰ

264 1992 342 2047 καὶ
372 1992 692 2068 φωτίζεσθαι
743 1991 948 2069 πὲφυκε
1001 1990 1272 2066 παρουσίᾳ
1308 1996 1511 2067 νοερῶν
1567 1988 1846 2061 δυνάμεων
1883 2007 1897 2021 ’

262 2081 330 2141 ὡς
371 2079 459 2136 ἐπὶ
498 2084 600 2136 τοῦ
642 2081 782 2135 κατᾶ
824 2082 924 2150 τήν
972 2080 1254 2136 ἀνάστασιν
1306 2084 1402 2135 τοῦ
1445 2079 1648 2154 Κυρίου
1703 2078 1901 2153 ἀστρά-

262 2189 476 2234 πτοντος
507 2168 771 2246 ἀγγέλου,
801 2168 894 2225 καὶ
943 2169 1274 2244 φωτίζοντος
1319 2170 1382 2224 τὸ
1429 2169 1710 2245 περιέχον.
1741 2169 1902 2242 Ἔχει

262 2255 526 2314 δὲταῦτα
581 2260 618 2326 ἡ
677 2257 784 2329 ὕλη
847 2258 1156 2333 πάσχουσα,
1206 2257 1269 2313 ού
1330 2258 1436 2330 μὴν
1495 2259 1570 2318 ὡς
1623 2256 1692 2312 τὰ
1739 2256 1904 2330 νοερὰ

265 2347 572 2422 ἐνεργοῦντα
604 2364 617 2378 ·
679 2343 763 2401 διὸ
845 2347 964 2401 κατ’
1023 2345 1250 2422 ἔσχατον
1335 2346 1614 2420 ἀπήχημα
1690 2343 1899 2418 λέγεται

264 2440 408 2490 ταῦτα
451 2429 605 2509 ἔχειν
642 2453 655 2466 ·
703 2435 757 2490 τί
809 2431 869 2489 δέ
924 2433 1064 2490 ἆστιν
1116 2435 1393 2508 ἀπήχημα
1430 2428 1683 2508 ἔσχατον,
1715 2432 1767 2486 ἐν
1820 2436 1901 2503 τῷ

270 2527 376 2598 Περί
443 2523 606 2578 θείων
696 2522 980 2597 ὀνομάτων
1053 2520 1203 2599 λόγῳ
1274 2521 1552 2600 σαφηνίσω
1609 2524 1654 2558 ³³
1707 2519 1761 2575 ἐν
1818 2539 1904 2574 κε-

276 2611 386 2686 φαλ.
413 2609 480 2668 δ’.

334 2792 417 2845 Καὶ
466 2794 576 2846 τῶν
621 2791 822 2846 αὐτῶν.
873 2789 1214 2864 Σημείωσαι,
1246 2789 1322 2851 ὡς
1379 2795 1552 2844 πᾶσαν
1609 2789 1708 2857 τήν
1764 2787 1901 2858 ὕλην

269 2879 321 2934 ού
369 2881 502 2950 φησί
559 2879 746 2955 νοεράν
775 2899 790 2912 ο
824 2880 1022 2935 οὐκοῦν
1080 2879 1170 2935 καί
1219 2879 1272 2933 οἱ
1313 2879 1527 2954 ἀστὲρες
1554 2875 1761 2954 δίψυχοι
1795 2895 1807 2908 ·
1841 2876 1902 2931 ού

265 2970 354 3044 γὰρ
405 2968 603 3044 ἔχουσι
652 2973 797 3025 νοῦν.
860 2968 923 3027 Εἰ
985 2967 1076 3024 καὶ
1124 2969 1191 3023 τὰ
1245 2966 1380 3022 αύτᾶ
1427 2967 1664 3042 ὀνόμοτά
1721 2987 1902 3044 φησιν,

265 3055 375 3112 ἀλλ’
423 3059 536 3135 οὐχ
593 3059 804 3132 ὁμοίως
859 3051 1230 3130 λαμϐάνονται
1265 3073 1280 3089 ·
1338 3055 1473 3130 πρὸς
1529 3057 1628 3126 τήν
1675 3056 1906 3132 φυσικὴν

263 3143 313 3202 δὲ
363 3145 615 3219 ἰδιότητα
659 3151 757 3203 τοῦ
807 3146 1168 3220 ὑποκειμένου
1215 3145 1304 3200 καὶ
1353 3144 1623 3220 ὁρίζονται
1673 3143 1762 3198 καὶ
1820 3164 1905 3199 νο-

265 3239 453 3295 οῦνται.

325 3327 430 3396 δν.
481 3329 838 3400 Θεαρχικαῖς.
889 3325 937 3361 ³³
985 3323 1242 3379 Τουτὲστι
1288 3327 1407 3386 τοῖς
1454 3322 1574 3395 περὶ
1631 3325 1766 3376 Θεοῦ
1815 3342 1905 3377 νο-

263 3415 446 3485 ήμασι.

325 3506 434 3556 Τῶν
497 3501 840 3579 φαινομὶνων
923 3498 1146 3572 τιμίων.
1219 3498 1533 3570 Σημείωσαι
1617 3496 1738 3551 τίνα
1805 3517 1906 3551 κα-

269 3589 346 3645 λεῖ
397 3590 577 3662 τίμια,
630 3589 707 3650 ὡς
787 3587 947 3657 ἥλιον
997 3587 1086 3643 καὶ
1141 3587 1268 3648 τοὺς
1328 3586 1590 3657 ἀστὲραςο
1645 3586 1734 3640 καὶ
1788 3584 1908 3640 τίνα

273 3681 414 3749 pica,
462 3683 572 3753 πῦρ
615 3677 706 3732 καὶ
758 3673 904 3752 ὕδωρ
933 3695 947 3710 ·
997 3675 1087 3730 καὶ
1143 3673 1262 3730 τίνα
1303 3671 1525 3750 ἔσχατα,
1573 3675 1647 3736 ὡς
1696 3673 1903 3750 μύρον⁸

263 3767 342 3822 καὶ
393 3766 513 3822 τίνα
565 3765 754 3841 ἄτιμα,
813 3765 886 3828 ὡς
929 3764 1092 3840 θηρία
1138 3765 1229 3819 καὶ
1289 3762 1583 3833 σκώληκας
1618 3781 1630 3795 ·
1674 3763 1760 3817 καὶ
1822 3762 1905 3818 ὅτι

264 3852 342 3908 iul
385 3861 518 3912 Θεοῦ
559 3856 646 3910 καὶ
691 3854 760 3909 τὰ
805 3851 1052 3930 θηριώδη
1115 3849 1370 3926 σύμϐολα
1430 3850 1662 3926 εἴρηται,
1693 3851 1786 3906 καὶ
1840 3853 1906 3908 τὰ

263 3939 312 4010 ιε
361 3943 540 4014 ῦλης·
595 3943 688 3999 καὶ
746 3943 817 3998 τὰ
869 3943 1027 4016 τίμια
1083 3939 1161 4010 δὶ,
1215 3943 1304 3998 καὶ
1361 3941 1432 3997 τὰ
1491 3941 1645 4014 μέσα,
1695 3941 1784 3995 καὶ
1841 3943 1906 3997 τὰ

268 4025 346 4084 ἅτι
357 4053 430 4103 μα
443 4075 455 4090 .

324 4119 539 4179 Ἥλιον.
595 4117 802 4178 Ἥλιον
854 4116 1206 4190 δικαιοσύνης
1261 4115 1560 4193 Μαλαχίας
1609 4117 1638 4172 ’ὀ
1688 4119 1904 4192 προφή-

259 4227 347 4276 της
378 4209 658 4282 ὀνομάζει.
694 4209 759 4266 Ὁ
789 4206 848 4263 δὶ
878 4213 1023 4273 θεῖος
1057 4207 1259 4284 υίτρος
1287 4205 1340 4261 ἐν
1393 4209 1463 4280 τῇ
1493 4205 1760 4280 καθολικῇ
1809 4204 1904 4260 αύ-

257 4301 345 4351 τοῦ
421 4297 730 4371 ἐπιστολῇο
789 4298 931 4361 Ἕως
994 4297 1060 4351 οὗ
1145 4294 1436 4373 φωσφόρος
1515 4292 1770 4369 ἀνατείλῃ
1851 4292 1903 4349 ἂν

257 4391 364 4446 ταῖς
410 4384 666 4462 καρδίαις
725 4385 903 4459 ὑμῶν,
963 4384 1048 4440 καὶ
1093 4383 1162 4438 τὰ
1217 4385 1340 4454 ἑξῆς
1375 4404 1388 4418 ο
1423 4383 1580 4444 οὗτος
1629 4384 1730 4458 γάρ
1761 4383 1900 4438 ἐστιν

259 4473 439 4546 ὁὲῷος
493 4475 786 4547 ἀστήρθο
845 4471 903 4528 δὶ
960 4475 1204 4542 Μωϋσῆς
1241 4490 1254 4504 ⁸
1289 4471 1382 4529 Ἐν
1436 4475 1504 4544 τῇ
1567 4471 1715 4545 βάτῳ
1771 4475 1901 4544 πῦρ,

2008 579 2467 651 telligentiarum
2491 583 2666 639 habet
2696 589 2898 650 notas;
2943 587 3436 656 quemadmodum
3487 590 3644 646 enim

2009 681 2076 720 ea
2117 685 2246 740 quae
2285 671 2623 744 intelligunt
2665 677 2800 743 apta
2847 679 3006 744 sunt,
3056 679 3338 745 quantum
3387 676 3538 744 licet,
3572 678 3643 734 ad

2010 759 2441 830 susceptionem
2503 761 2876 832 providarum
2925 779 2992 816 ex
3036 763 3152 818 Deo
3185 765 3644 836 processionum,

2011 849 2181 916 atque
2206 862 2336 902 cum
2363 848 2484 904 sint
2514 848 2655 919 vita,
2674 849 3044 906 viviﬁcantur
3072 869 3105 907 a
3133 851 3252 908 Deo
3281 853 3382 924 qui
3412 869 3646 910 omnem

2008 932 2187 988 vitam
2221 941 2476 1007 superat,
2493 941 2551 992 et
2575 937 2796 994 habent
2815 939 3060 995 virtutes
3091 941 3161 995 ad
3187 941 3333 997 bene
3352 944 3647 1014 agendum

2011 1023 2356 1095 Operativas,
2392 1029 2450 1080 et
2495 1031 2716 1082 motum
2752 1028 3069 1099 quemdam
3103 1029 3387 1086 terminos
3442 1031 3649 1087 mundi

2011 1109 2303 1166 inferioris
2333 1113 2741 1183 excedentem;
2778 1117 2858 1170 ita
2887 1118 3063 1170 etiam
3098 1117 3424 1174 materialia
3445 1118 3648 1176 omnia

2012 1199 2230 1270 pariter
2251 1207 2308 1257 et
2335 1202 2567 1259 divisim
2605 1204 2700 1258 Dei
2740 1205 3166 1275 providentiam
3200 1223 3304 1277 pro
3336 1211 3511 1278 captu
3541 1225 3648 1265 suo

2011 1291 2288 1360 accipere,
2322 1295 2457 1362 apta
2488 1293 2969 1359 sunt,viviﬁcari,
2995 1298 3050 1348 et
3070 1295 3188 1349 vita
3219 1311 3348 1350 esse
3378 1301 3648 1366 possunt,

2012 1377 2096 1431 uti
2128 1378 2270 1432 illud
2305 1396 2318 1432 :
2355 1380 2621 1436 Produeat
2649 1384 2795 1437 terra
2827 1383 3076 1436 animam
3106 1383 3378 1437 viventem
3425 1383 3536 1455 (o);
3590 1388 3651 1439 et

2013 1482 2249 1521 rursum
2275 1468 2622 1524 :Produeant
2650 1485 2806 1540 aquae
2835 1469 3037 1540 reptile
3066 1472 3269 1526 animae
3288 1473 3520 1528 viventi:
3539 1471 3647 1542 (p);

2012 1553 2130 1608 imo
2189 1554 2364 1611 etiam
2421 1557 2666 1613 virtutes
2710 1557 2991 1614 heniﬂcas
3041 1558 3286 1614 terrenis
3346 1558 3648 1628 exhalant,

2011 1642 2162 1698 sicut
2181 1643 2480 1700 declarant
2519 1647 2828 1702 commoda
2857 1663 2984 1718 qua:
3015 1647 3087 1703 ab
3119 1647 3316 1702 herbis
3346 1652 3404 1704 et
3445 1647 3652 1703 metal-

2009 1728 2138 1786 licis
2169 1732 2925 1806 capiuntur.Habentporro
2957 1735 3132 1792 etiam
3165 1735 3494 1792 materialia
3522 1752 3651 1792 mu-

2011 1823 2178 1875 tuum
2211 1821 2282 1876 ad
2314 1823 2751 1893 generationem
2795 1828 2852 1879 et
2876 1823 3308 1895 corruptionem
3359 1825 3652 1897 prodeun-

2013 1910 2129 1962 tem
2164 1913 2493 1976 motum,et
2523 1910 2789 1966 ordinem
2834 1911 3130 1982 accipiunt
3173 1928 3206 1967 a
3250 1916 3360 1968 Deo
3409 1911 3651 1983 imposi-

2010 2000 2135 2051 tum
2166 2001 2222 2050 et
2251 1997 2697 2068 imponendum,
2721 1999 2822 2054 sed
2853 2003 2910 2054 et
2940 1998 3260 2055 illuminari
3292 2017 3326 2056 a
3347 1999 3654 2073 praesentia

2012 2083 2468 2156 intelligentiam
2484 2087 2767 2141 virtutum
2787 2091 2924 2142 nata
2952 2093 3112 2158 sunt,
3145 2088 3649 2159 quemadmodum

2011 2174 2436 2229 resurrectione
2458 2174 2691 2230 Domini
2717 2180 3064 2232 coruscante
3085 2177 3292 2248 angelo
3313 2181 3369 2231 et
3396 2177 3648 2232 circum-

2010 2261 2167 2317 circa
2207 2261 2599 2318 illuminante.
2655 2264 2781 2318 Hac
2826 2268 3022 2319 autem
3049 2264 3224 2319 habet
3255 2263 3500 2320 materia
3543 2280 3651 2336 pa-

2009 2349 2185 2418 tiens,
2221 2367 2334 2404 non
2369 2365 2499 2405 vero
2531 2351 2684 2407 sicut
2715 2351 3109 2422 intelligentiae
3141 2352 3650 2424 operativaa,ideo-

2011 2454 2124 2509 que
2170 2440 2494 2494 secundum
2536 2443 2858 2494 extremam
2889 2439 3282 2495 resonantiam
3315 2453 3418 2495 seu
3451 2443 3651 2495 notam

2011 2526 2132 2582 hac
2163 2527 2376 2583 habere
2406 2527 2621 2582 dicitur
2653 2545 2666 2582 :
2701 2528 2842 2600 quid
2875 2543 3046 2600 porro
3093 2527 3170 2584 sit
3201 2529 3526 2584 resonantia
3551 2542 3655 2583 ex-

2009 2619 2186 2673 trema
2244 2615 2543 2688 explicabo
2595 2616 2656 2672 in
2710 2617 2897 2689 capite
2943 2621 3157 2690 quarto
3182 2616 3319 2672 libri
3349 2618 3421 2674 De
3449 2615 3658 2673 divini:

2010 2706 2347 2762 nominibus.

2081 2797 2148 2850 Et
2176 2797 2413 2850 easdem.
2435 2799 2586 2851 Nota
2613 2795 2771 2851 haud
2804 2810 3065 2851 asserere
3087 2793 3396 2851 materiam
3417 2809 3655 2850 omnem

2012 2900 2143 2941 esse
2171 2883 2532 2955 intelligendi
2581 2900 2878 2956 capacem,
2927 2884 3192 2954 adeoque
3236 2890 3294 2940 et
3338 2888 3498 2940 astra
3527 2883 3658 2938 ina-

2014 2973 2211 3038 nima;
2247 2988 2434 3044 neque
2459 2971 2616 3028 enim
2648 2976 2908 3028 mentem
2954 2971 3211 3028 habent:
3244 2975 3302 3028 et
3322 2971 3374 3027 si
3416 2971 3660 3028 nomina

2014 3060 2216 3116 eadem
2246 3059 2422 3131 dicat,
2453 3061 2554 3116 sed
2580 3077 2694 3116 non
2717 3059 2993 3116 similiter
3016 3059 3390 3134 accipiuntur
3412 3079 3427 3130 ;
3448 3064 3510 3118 at
3549 3075 3654 3134 pro

2018 3148 2268 3205 naturali
2321 3150 2674 3220 proprietate
2717 3148 2968 3222 subjecti
2999 3155 3058 3206 et
3086 3151 3453 3208 deﬁniuntur
3480 3155 3537 3207 et
3564 3151 3654 3208 in-

2017 3237 2382 3310 telliguntur.

2086 3328 2113 3395 §
2136 3325 2206 3382 V.
2240 3328 2340 3383 Dei
2365 3327 2785 3400 principalibns.
2817 3331 3164 3401 Θεαρχικαῖς,
3189 3327 3300 3384 hoc
3328 3331 3414 3384 est
3441 3327 3654 3402 cogita-

2015 3415 2275 3471 tionibus
2306 3417 2376 3471 de
2411 3416 2546 3470 Deo.

2087 3505 2216 3573 Qum
2244 3512 2510 3576 apparent
2537 3505 2796 3576 pretiosa.
2829 3505 2975 3562 Nota
3005 3521 3278 3577 quanam
3325 3509 3492 3562 vocet
3520 3521 3651 3578 pre-

2017 3593 2186 3662 tiosa,
2220 3593 2398 3650 veluti
2445 3593 2630 3649 solem
2675 3597 2734 3648 et
2781 3599 2987 3661 astra;
3037 3599 3096 3650 et
3137 3611 3404 3665 quaenam
3439 3593 3653 3661 media,

2016 3682 2170 3737 sicut
2196 3681 2388 3752 ignem
2417 3685 2476 3737 et
2505 3698 2718 3752 aquam
2742 3686 2800 3737 et
2829 3698 3096 3752 quaenam
3127 3686 3408 3749 extrema,
3442 3687 3506 3735 ut
3535 3699 3648 3736 un-

2013 3775 2318 3842 guentum;
2367 3774 2423 3824 et
2459 3786 2727 3840 quamam
2771 3769 2932 3838 vilia,
2970 3769 3122 3824 sicut
3163 3768 3430 3824 Illeras
3452 3773 3508 3822 et
3529 3784 3649 3822 ver-

2014 3873 2160 3926 mes,
2181 3863 2238 3912 et
2271 3858 2427 3928 quod
2468 3857 2538 3911 de
2573 3861 2684 3912 Deo
2716 3856 2982 3927 quaedam
3034 3855 3204 3927 signa
3234 3856 3490 3910 ferarum
3521 3871 3654 3925 spe-

2014 3947 2160 4002 ciem
2192 3945 2499 4000 rcl‘erentia
2529 3945 2685 4000 diota
2714 3948 2874 4011 sunt,
2893 3948 2950 4000 et
2972 3942 3303 4000 materialia
3323 3948 3378 3999 et
3399 3943 3654 4014 pretiosa

2014 4034 2212 4098 etiam,
2235 4036 2407 4103 atque
2438 4032 2630 4088 media
2660 4037 2718 4088 et
2737 4032 2896 4087 vilia.

2085 4123 2280 4178 Solem.
2306 4121 2486 4176 Solem
2509 4121 2744 4189 justitiw
2784 4120 3108 4176 Malachias
3142 4120 3426 4194 propheta
3455 4119 3655 4193 appel-

2014 4210 2152 4266 lavit
2172 4212 2270 4280 (q).
2300 4208 2539 4265 Divinus
2561 4213 2756 4264 autem
2781 4209 2987 4264 Petrus
3010 4208 3069 4263 in
3091 4208 3381 4264 catholica
3408 4224 3517 4262 sua
3533 4207 3658 4278 Epi-

2011 4298 2163 4355 stola
2195 4316 2206 4352 :
2243 4298 2419 4353 Donec
2448 4298 2646 4367 luci/er
2671 4299 2894 4353 oriatur
2922 4299 2978 4351 in
3009 4297 3265 4353 cordibus
3296 4296 3659 4367 ves!ris(r),et

2013 4402 2139 4457 quis
2173 4389 2525 4456 sequuntur.
2577 4384 2679 4440 Hio
2724 4384 2884 4441 enim
2926 4390 3014 4440 est
3044 4385 3216 4440 Stella
3258 4384 3534 4439 matutina
3567 4382 3657 4456 (ε).

2014 4475 2241 4546 Moyses
2269 4480 2465 4529 autem
2494 4492 2506 4529 :
2530 4475 2693 4546 Ignis
2725 4473 2783 4528 in
2810 4474 2944 4528 rubo
2963 4474 3191 4529 minime
3219 4473 3542 4530 comburens
3564 4471 3652 4542 (ι),

260 4563 431 4638 φησὶν,
484 4564 552 4618 οὐ
603 4568 917 4629 κατακαῖον,
958 4562 987 4615 ὃ
1044 4561 1183 4616 ἃστιν
1235 4554 1492 4622 ἀϐλαϐως
1543 4560 1793 4638 φωτίζον.
1835 4561 1894 4617 Ὁ

2018 4563 2161 4635 quod
2189 4568 2295 4629 est,
2345 4563 2472 4618 sine
2493 4563 2707 4617 damno
2744 4561 3110 4618 illuminans.
3142 4561 3433 4627 Jere‘mias
3464 4565 3658 4615 autem

262 4646 315 4704 δὶ
354 4651 616 4726 Ἱερεμίας
667 4648 814 4725 ὕδωρ
863 4648 1008 4724 λέγει
1043 4667 1058 4683 ⁸
1114 4649 1246 4722 Ἐμὲ
1309 4647 1666 4724 ἐγκατέλιπον
1720 4649 1902 4723 πηγὴν

2019 4667 2232 4722 aquam
2257 4651 2399 4705 dicit
2422 4668 2435 4706 :
2464 4656 2546 4707 Me
2573 4651 2926 4722 deliquerunt
2964 4653 3168 4722 fontem
3189 4664 3352 4720 aqua
3385 4650 3520 4704 vivae
3548 4647 3654 4717 (α),

261 4736 439 4804 ’ύδατος
473 4745 683 4811 ζῶντος
710 4759 723 4772 ·
758 4738 848 4795 καὶ
878 4737 1045 4795 ἄλλοι
1078 4735 1134 4794 δὲ
1190 4736 1338 4794 ἄλλα
1366 4758 1378 4772 ο
1424 4737 1514 4792 καὶ
1575 4739 1602 4792 ὁ
1661 4737 1858 4813 Κύριος
1891 4757 1902 4771 ·

2018 4744 2074 4796 et
2103 4739 2200 4794 alii
2230 4738 2364 4808 alia,
2417 4744 2471 4794 et
2530 4740 2808 4794 Dominus
2843 4757 2856 4795 :
2891 4741 3148 4794 Flumina
3203 4738 3266 4794 de
3306 4744 3494 4792 ventre
3538 4734 3658 4804 ejus

261 4827 498 4901 Ηοταμοὶ
570 4829 630 4884 ἐκ
683 4835 785 4898 τῆς
860 4825 1077 4890 κοιλίας
1153 4827 1322 4881 αὐτοῦ
1378 4825 1655 4902 ῥεύσουσιν
1714 4823 1902 4888 ὕδατος

2018 4830 2187 4898 ﬂuent
2209 4843 2364 4899 aquae
2394 4829 2640 4899 viva?(v).
2663 4827 2932 4884 Salomon
2965 4832 3161 4883 autem
3186 4826 3244 4880 in
3265 4822 3499 4880 Cantica
3519 4837 3656 4877 can-

264 4920 448 4984 ζιῖιντος
481 4937 496 4951 ⁶
534 4919 564 4973 ὁ
596 4915 656 4973 δὶ
687 4916 958 4988 Σολομῶν
1004 4915 1055 4970 ὲν
1086 4920 1166 4988 τῷ
1195 4917 1434 4987 ’ᾍσματι
1487 4919 1594 4969 τῶν
1649 4915 1902 4988 ᾀσμάτων

2018 4917 2286 4986 ticorum,
2348 4921 2711 4988 unguentum
2755 4917 2955 4972 dicit:
3021 4915 3367 4982 Unguentum
3426 4911 3659 4982 eﬂusum

266 5003 420 5080 μύρον
480 5008 618 5085 φησί
651 5026 666 5040 ο
729 5005 916 5081 Μύρον
974 5003 1261 5067 ἐκκενωθὶδ
1317 4999 1493 5076 ὄνομα
1540 5024 1656 5058 σου·
1707 5005 1793 5061 Ἐν
1850 5001 1902 5058 δὶ

2018 5021 2217 5061 nomen
2247 5013 2402 5060 tuum
2421 5004 2517 5076 (τε).
2543 5004 2604 5058 In
2629 5004 2936 5060 duodecim
2963 5001 3290 5074 prophetis,
3313 4999 3458 5055 Osee
3477 5003 3534 5054 et
3551 4997 3656 5054 Mi-

257 5099 362 5157 τοῖς
390 5094 608 5151 δώδεκα
637 5096 950 5172 προφήταις
981 5093 1142 5164 Ὠσηὶ
1197 5093 1286 5146 καὶ
1345 5090 1592 5166 Μιχαίας
1640 5095 1707 5147 τὰ
1753 5091 1902 5168 εἰρη-

2018 5093 2204 5150 chains
2236 5093 2420 5149 dictas
2454 5093 2561 5148 hoc
2592 5092 2717 5148 loco
2747 5092 2898 5146 feras
2950 5093 3260 5144 recensent
3305 5087 3364 5143 in
3409 5087 3482 5142 iis
3528 5101 3660 5158 quae

316 5249 389 5318 (ο)
418 5252 546 5306 Gen
579 5266 621 5314 ι,
648 5249 742 5304 24.

258 5320 271 5388 ί
316 5249 389 5376 (0)
418 5252 546 5306 Gen
579 5266 621 5314 ι,
648 5249 742 5304 24.
817 5247 896 5391 Sp)
924 5247 1070 5302 Ibid.
1099 5247 1191 5302 20.
1269 5247 1286 5316 (

273 5320 327 5391 ιι)
389 5336 470 5376 er.
504 5337 572 5392 ιι,
607 5322 693 5376 13.
771 5319 825 5390 (υ
876 5318 1046 5374 Joan.
1075 5333 1178 5388 vn,
1201 5316 1290 5373 38.

1270 5466 1502 5524 VARIIE
1542 5466 1925 5523 LECTIONES
1963 5467 2052 5522 ET
2089 5463 2657 5524 CORRECTIONES.

326 5587 369 5665 ’ξ
395 5584 826 5665 ἰσαφηνίσαμεν,
855 5584 1260 5665 εςφίίριιίπιειε.
1335 5582 1380 5665 ’ξ
1430 5585 1746 5665 θεαρχικαῖς
1791 5579 2190 5665 ἐκφαντορίαις,
2220 5578 2287 5633 τὰ
2339 5577 2461 5652 περὶ
2502 5580 2636 5632 Θεοῦ
2683 5575 2936 5650 νοήματα
2992 5595 3173 5651 φησιν.
3204 5569 3670 5662 Θεαρχικάς,ν,ρθιι

271 5659 356 5717 Dei
759 5655 1184 5716 elucidationes
1212 5657 1382 5712 vocat
1409 5655 1679 5710 notiones
1710 5655 1782 5709 de
1817 5655 1952 5711 Deo.
3394 5673 3396 5676 ν

839 5248 896 5320 p)
924 5246 1070 5302 Ibid.
1099 5247 1191 5302 20.
1269 5245 1344 5317 (q)
1374 5246 1512 5316 Cap.
1542 5261 1620 5311 vx,
1653 5261 1708 5300 v.
1739 5245 1796 5300 2.
1874 5246 1902 5316 (λ

839 5327 845 5383 ι
876 5318 1046 5374 Joan.
1075 5333 1178 5388 vn,
1201 5316 1290 5373 38.
1369 5316 1448 5388 (τε)
1480 5315 1650 5372 Cant.
1682 5333 1724 5383 1,
1755 5316 1812 5371 2.

2018 5245 2025 5298 ἱ
2071 5245 2218 5299 Petr.
2273 5259 2314 5308 ι,
2366 5243 2453 5296 19.
2531 5244 2592 5313 (δ)
2628 5245 2802 5311 Apoc.
2839 5255 2978 5309 χχιι,
3011 5239 3097 5292 16.
3175 5237 3233 5309 (ι)
3261 5237 3439 5294 Exod.
3474 5251 3572 5306 ιιι,
3599 5237 3657 5290 2.

1389 5333 1448 5383 at)
1480 5333 1650 5372 uant.
1682 5333 1724 5383 ι,
1757 5333 1812 5371 z.
