4042 6210
357 331 423 385 47
595 369 600 378 .
1175 329 1538 381 APPENDIX
1577 328 1673 378 AD
1712 323 1951 378 OPERA
1985 323 2044 376 8.
2086 321 2402 376 DIONYSII
2443 322 2940 378 AREOPAGITE.
3685 325 3760 379 48

347 455 422 510 de
456 458 568 509 Deo
604 450 1023 524 praedicuntur.
1057 450 1235 506 David
1282 453 1477 505 autem
1511 449 1706 521 ipsum
1737 461 1992 502 vermem

2127 443 2248 497 ιὲνα
2294 441 2402 497 ὦδε
2475 443 2639 519 θηρία
2699 442 3085 521 καταλέγουσιν
3152 445 3206 499 ἐν
3262 450 3378 507 τοῖς
3435 447 3560 520 περὶ
3616 452 3759 504 Θεοῦ

355 543 496 598 dicit
527 557 539 594 :
578 544 692 612 Ego
720 557 837 595 sum
871 541 1077 595 vermis
1109 543 1159 594 et
1187 554 1301 594 non
1335 538 1493 594 homo
1525 538 1608 609 (y)
1653 553 1723 592 ex
1752 550 1997 607 persona

2127 533 2605 610 τροφητευομένοις
2639 555 2650 566 ·
2705 534 2732 587 6
2784 531 2841 588 δὲ
2899 531 3059 588 Δαυὶδ
3112 531 3377 604 σκώληκα
3430 535 3588 590 αὐτὸν
3660 535 3756 592 λὶ-

350 629 614 699 Domini;
665 634 767 684 aut
813 628 1007 699 ipsum
1059 628 1235 683 vermi
1287 625 1663 697 comparavit,
1711 628 1994 696 tanquam

2127 641 2182 674 νει
2219 637 2233 652 ⁸
2287 622 2430 695 Ἐγώ
2506 622 2621 694 εἰμι
2698 621 2917 693 σκώληξ
2989 624 3078 678 καὶ
3157 623 3255 678 οὐκ
3333 621 3637 699 ἄνθρωπος,
3696 625 3760 681 Ix

350 718 591 773 minime
631 733 700 772 ex
741 718 964 772 semine
1011 717 1274 786 genitum
1315 715 1490 770 sicuti
1537 730 1674 780 nos;
1723 713 1824 768 sed
1871 711 1998 766 sine

2127 711 2402 784 :poou’mou
2451 714 2546 764 τοῦ
2605 709 2806 784 Κυρίου
2839 713 2874 781 ἢ
2921 710 3167 781 σκωληκι
3219 712 3379 767 αὐτὸν
3411 712 3754 788 παρείκασεν,

357 807 618 862 semine:
655 805 833 860 veluti
867 821 1118 873 vermes,
1166 804 1268 875 qui
1317 821 1430 859 non
1464 819 1530 858 ex
1551 801 1775 858 semine
1821 815 1994 872 gene-

2127 799 2178 859 ὒς
2232 799 2308 870 μὴ
2365 799 2469 853 ἀπὸ
2523 798 2831 870 σπάρματος
2855 801 3197 872 γεννηθέντα,
3231 801 3304 862 ὡς
3361 803 3526 873 ἡμεῖς
3561 821 3573 834 ·
3610 801 3757 858 ἀλλά

351 899 577 963 rantur,
627 895 730 950 sed
781 908 849 949 ex
894 898 1050 948 terra
1093 898 1197 949 aut
1227 891 1574 964 putredine;
1619 889 1766 945 illud
1791 888 1994 944 enim:

2127 887 2416 957 ππὲρματος
2447 887 2644 960 χωρὶς,
2675 888 2751 948 ὡς
2805 889 2860 941 οἱ
2906 888 3213 959 σκώληκες,
3247 886 3444 950 οἷ’τινες
3495 889 3592 944 οὐκ
3646 891 3754 944 ἀπὸ

349 985 462 1052 Ego
491 999 612 1038 sum
642 984 845 1038 vermis
871 989 921 1036 et
949 997 1060 1037 non
1106 981 1284 1046 homo,
1315 986 1598 1051 tanquam
1630 995 1699 1034 ex
1749 993 2000 1049 persona

2127 975 2413 1046 τπέρματος
2441 976 2740 1045 τίκτοδται,
2769 974 2895 1030 ἀλλ’
2934 975 3040 1030 ἀπὸ
3088 983 3190 1052 γῆς
3237 977 3272 1045 ἢ
3322 977 3428 1032 ἀπὸ
3485 979 3703 1052 σήψεως
3736 997 3749 1012 ·

352 1071 456 1128 Dei
488 1072 778 1126 incarnati
810 1070 1050 1136 dicitur,
1079 1070 1192 1125 etsi
1225 1086 1340 1124 non
1363 1068 1691 1123 secundum
1721 1065 1998 1120 divinita-

2127 1063 2166 1117 :6
2210 1064 2355 1137 γάρ·
2406 1063 2550 1137 Ἐγώ
2603 1063 2714 1136 εἶμι
2776 1061 2996 1136 σκώληξ
3050 1064 3140 1120 καὶ
3193 1064 3291 1120 οὐκ
3336 1062 3644 1140 ἄνθρωπος,
3677 1067 3756 1126 ὡς

351 1165 532 1216 tatem
563 1160 848 1230 capiatur,
881 1159 983 1213 sed
1017 1158 1345 1213 secundum
1379 1160 1761 1228 apparentem
1805 1154 1998 1209 carnis

2127 1172 2168 1204 ;κ
2197 1152 2495 1226 προσώπου
2551 1155 2648 1206 τοῦ
2696 1151 3067 1224 σαρκωθὲντος
3119 1157 3251 1208 Θεοῦ
3299 1151 3541 1228 λέγεται,
3571 1155 3614 1208 εἰ
3663 1153 3753 1209 καὶ

354 1247 768 1302 humilitatem.
838 1244 1162 1320 [Θεοσόφους
1204 1246 1390 1301 divine
1417 1247 1692 1314 sapientes
1721 1243 1999 1314 interpre-

352 1342 441 1391 tes
470 1335 612 1390 dicit
637 1334 979 1406 prophetas.
1016 1333 1340 1390 Simulacra
1369 1334 1527 1390 enim
1557 1333 1821 1405 quaedam
1855 1347 1998 1404 prae-

354 1425 517 1480 misit
547 1425 607 1479 in
640 1425 790 1480 libro
823 1425 896 1480 De
923 1425 1132 1480 divinis
1159 1424 1519 1491 nominibus].

427 1690 883 1748 Simulacrorum.
935 1694 1209 1756 Quaenam
1254 1690 1660 1762 signiﬁcentur
1701 1687 1999 1744 recondita

2112 1241 2188 1312 μὴ
2237 1239 2371 1294 κατᾶ
2419 1239 2518 1308 τὴν
2574 1239 2804 1310 θεότητα
2837 1236 3275 1316 λαμϐανόμενον,
3310 1241 3456 1298 ἀλλὰ
3505 1242 3640 1296 κατὰ
3686 1242 3752 1297 τὸ

2108 1327 2432 1406 φαινόμενον
2491 1330 2745 1384 ταπεινὸν
2800 1337 2902 1400 τῆς
2978 1330 3194 1405 σαρκός.
3242 1329 3570 1406 [Θεοσόφους
3627 1323 3758 1386 ὕπο·

2109 1420 2282 1492 φήτας
2355 1416 2483 1478 τοὺς
2552 1421 2836 1496 προφήτας
2909 1419 3092 1498 φησίν.
3151 1419 3288 1477 Τινὰ
3346 1419 3450 1495 γάρ
3510 1419 3758 1494 ἀγάλμα-

2107 1528 2173 1562 τα
2229 1504 2336 1575 ἤδη
2391 1506 2801 1580 προπαρὲθηκεν
2858 1507 2910 1564 ἐν
2953 1513 3035 1581 τῷ
3082 1507 3213 1582 Περὶ
3263 1508 3419 1573 θείων
3470 1508 3754 1583 ὀνομάτων

2110 1597 2564 1764 λόῖἶγιίιλμάτων.
2611 1690 2740 1744 Τίνα
2803 1686 3066 1758 δηλοῦται
3143 1685 3534 1760 ἐναποκείμενα
3587 1685 3755 1762 ἀγάλ-

358 1780 696 1846 simulacra,
749 1780 1111 1836 declaratum
1143 1783 1234 1836 est
1262 1779 1321 1834 in
1372 1779 1520 1836 libro
1551 1779 1624 1834 De
1653 1779 1868 1833 divini:
1898 1793 1996 1833 no-

2127 1801 2274 1845 ιατα,
2331 1786 2447 1841 τοῖς
2534 1777 2852 1854 λεγομένοις
2933 1775 2985 1830 ἰν
3041 1779 3122 1847 τῷ
3183 1775 3310 1849 Περὶ
3341 1775 3497 1830 θείων
3553 1774 3754 1848 ὀνομά-

356 1870 619 1937 minibus,
649 1869 710 1925 in
741 1869 1030 1942 principio
1057 1868 1268 1940 capitis
1303 1868 1462 1924 noni.

431 2049 826 2117 Vestigiorum.
861 2047 1134 2103 Extrema
1186 2045 1290 2102 Dei
1339 2046 1714 2118 vestigiorum
1748 2045 1805 2100 in
1837 2062 2000 2102 crea-

361 2137 519 2192 tione
551 2137 690 2191 dicit
720 2152 847 2207 quaa
896 2140 1068 2191 antea
1115 2135 1264 2190 dixit
1293 2136 1596 2190 vitisssima
1621 2135 2003 2190 materialium

363 2224 813 2296 descriptionum.
845 2223 1142 2287 Quomodo
1187 2227 1383 2278 autem
1433 2223 1554 2278 haec
1603 2225 1876 2278 dicantur
1905 2239 2002 2277 ex-

364 2316 619 2368 tremum
651 2311 982 2382 vestigium,
1025 2311 1206 2366 fuisse
1237 2328 1271 2366 a
1303 2311 1472 2368 nobis
1518 2311 1733 2367 dicitur
1765 2314 1822 2366 in
1855 2309 2001 2366 libro

362 2403 438 2457 De
466 2401 664 2456 divinis
693 2399 1024 2470 nominibus,
1056 2399 1243 2470 capite
1274 2401 1326 2454 4.

429 2508 552 2563 Nisi
577 2507 918 2577 deformitas.
952 2505 1260 2574 Deformis,
1304 2504 1565 2577 intelligo
1607 2506 1858 2561 ferarum
1889 2507 2000 2562 for-

361 2611 520 2650 mam
551 2600 608 2650 et
639 2611 912 2665 pecorum
947 2594 1421 2658 similitudinem,
1463 2611 1640 2664 quam
1675 2596 1746 2649 de
1779 2595 2001 2665 angelis

361 2683 662 2752 Scriptura
684 2681 826 2736 dicit
854 2699 866 2736 :
893 2681 1036 2736 illud
1071 2687 1290 2748 autem,
1310 2683 1685 2753 declarativw,
1709 2683 2002 2754 signiﬁcat

363 2770 743 2826 manifestum
773 2770 1040 2824 facientis
1071 2784 1173 2824 seu
1205 2769 1688 2826 demonstrantis.

435 2876 850 2947 Angeliformes.
887 2873 1152 2930 Pulchrae
1183 2875 1520 2947 ﬁgurativas
1548 2875 1998 2938 delineationes;

365 2981 514 3035 quas
543 2963 698 3018 enim
728 2968 863 3018 ante
895 2962 1060 3030 dixit,
1109 2979 1223 3017 non
1275 2962 1590 3033 angelicas,
1640 2964 1739 3019 sed
1791 2965 2000 3034 angeli-

365 3057 566 3124 formes
595 3050 948 3118 nominavit;
1001 3066 1115 3105 non
1162 3051 1317 3106 enim
1373 3051 1627 3122 ipsorum
1661 3051 2000 3123 angelorum

2105 1890 2212 1923 των
2274 1867 2428 1944 λόγῳ
2499 1868 2550 1923 ἐν
2626 1871 2694 1941 τῇ
2769 1866 2917 1940 ἀρχῇ
2986 1869 3082 1918 τοῦ
3142 1870 3184 1926 θ’
3231 1861 3532 1940 κεφαλαίου
3600 1861 3756 1934 δεδή-

2108 1955 2303 2014 λωται.

2178 2045 2618 2122 Ἀπηχημάτων.
2651 2047 2896 2119 ’Έσχατα
2946 2047 3054 2098 τῶν
3110 2046 3207 2097 τοῦ
3254 2046 3388 2097 Θεοῦ
3447 2040 3757 2116 ἀπηχημά-

2108 2156 2214 2190 των
2247 2134 2298 2190 ἐν
2334 2133 2666 2210 δημιουργίᾳ
2695 2133 2882 2211 φησὶν,
2912 2131 2946 2185 ἃ
2992 2136 3247 2206 προεῖπεν
3307 2129 3604 2205 ἀτιμότερα
3648 2133 3754 2183 τῶν

2114 2221 2320 2279 ὑλαίων
2355 2221 2796 2296 διακοσμήσεων.
2837 2225 2958 2283 Ηῶς
2991 2217 3048 2274 δὲ
3093 2223 3262 2275 ταῦτα
3311 2217 3559 2295 λὲγονται
3589 2213 3760 2293 ἔσχα-

2109 2333 2200 2367 τον
2257 2313 2556 2387 ἀπήχημα,
2590 2310 2643 2365 ἐν
2703 2314 2783 2382 τῷ
2833 2309 2963 2383 Περὶ
3023 2309 3183 2362 θείων
3243 2306 3526 2381 ὀνομάτων
3586 2305 3758 2382 λόγῳ,

2110 2399 2386 2477 κεφαλαίῳ
2417 2397 2479 2467 δ’,
2514 2398 2841 2474 λεχθήσεται
2873 2399 3010 2469 ἡμῖν
3041 2394 3400 2471 πλατύτερον.

2185 2506 2249 2560 Εἴ
2309 2509 2386 2577 μή
2443 2505 2506 2560 τὸ
2555 2501 2816 2566 δυσειδὲς.
2848 2503 2920 2557 Τὸ
2970 2499 3206 2564 δυσειδὲς
3253 2503 3316 2557 τὸ
3373 2501 3750 2579 θηριόμορφον

2109 2595 2306 2664 νόησον
2350 2594 2440 2648 καὶ
2488 2590 2785 2663 κτηνῶδες,
2820 2593 2849 2646 ὃ
2898 2591 3022 2666 περὶ
3067 2595 3176 2646 τῶν
3227 2588 3476 2666 ἀγγέλων
3506 2591 3670 2667 φησὶν
3717 2590 3754 2658 ἡ

2112 2685 2293 2760 Γραφή
2334 2701 2346 2714 ·
2405 2683 2467 2736 τὸ
2525 2679 2582 2735 δὲ
2657 2681 2979 2758 ἑκφαντικῆς
3051 2678 3304 2752 σημαίνει
3371 2685 3470 2748 τῆς
3531 2697 3754 2755 φανερο-

2108 2776 2292 2842 ποιοῦ,
2325 2770 2491 2846 ἤγουν
2521 2777 2621 2838 τῆς
2651 2769 3027 2847 ἐκφαινοόσης.

2182 2873 2593 2952 Ἀγγελοειδεῖς.
2682 2872 2878 2935 Καλῶς
2949 2875 3046 2935 τὰς
3127 2872 3352 2934 τυπικάς
3436 2871 3746 2947 είκονογρα-

2111 2966 2258 3043 φίας,
2323 2964 2383 3026 ἃς
2440 2965 2530 3018 καὶ
2587 2968 2866 3038 προεῖπεν,
2911 2962 3010 3017 οὐκ
3066 2960 3376 3038 ἂγγελικάς,
3425 2958 3551 3014 ἀλλ’
3598 2959 3752 3036 ἀγγε-

2115 3051 2344 3115 λοειδεῖς
2376 3052 2655 3125 ὠνόμασεν
2694 3073 2706 3086 ο
2742 3050 2804 3105 οὐ
2848 3051 2948 3126 γάρ
3004 3050 3178 3105 αὐτῶν
3231 3053 3336 3104 τῶν
3386 3047 3653 3122 ἀγγέλων,
3684 3048 3759 3110 ὡς

365 3143 520 3199 sicut
541 3145 700 3207 sunt,
734 3140 1021 3210 imagines
1052 3139 1296 3210 depictze
1325 3147 1482 3205 sunt,
1529 3140 1631 3194 sed
1685 3156 2002 3212 repraesen-

2127 3142 2275 3210 είσῖν,
2309 3143 2364 3195 αἱ
2423 3141 2624 3204 εἰκόνες
2681 3138 2985 3217 ἐγράφησαν
3021 3158 3032 3171 ⁸
3066 3136 3194 3194 ἀλλ’
3223 3134 3452 3216 ἕμφασίν
3505 3157 3627 3192 τινα
3681 3137 3762 3190 εί-

365 3229 648 3285 tationem
699 3226 958 3298 aliquam
1021 3227 1334 3282 ettictionis
1376 3227 1574 3282 forma:
1634 3228 2006 3301 incorporeo-

367 3335 500 3374 rum
531 3317 772 3372 obscure
805 3315 1104 3382 exhibent,
1139 3315 1294 3372 sicut
1317 3316 1444 3387 ipse
1473 3317 1732 3388 seipsum
1766 3317 2013 3390 explica-

366 3407 471 3461 vit.

439 3495 540 3551 12
570 3494 980 3564 Deﬁniendum,
1015 3494 1110 3548 Gr.
1155 3491 1529 3568 ἀφορίσασθαι.
1579 3494 1890 3550 Consuevit
1920 3495 2010 3550 di-

369 3597 497 3639 cere
527 3579 882 3655 ἀφορίσασθαι
915 3583 986 3636 de
1015 3582 1086 3636 iis
1117 3597 1245 3652 quae
1277 3579 1553 3637 distincte
1573 3582 1937 3638 deﬁniuntur
1957 3588 2014 3639 et

368 3668 778 3741 explanantur.

441 3776 824 3832 Arbitramur.
859 3773 1347 3830 Subaudiendum
1383 3772 1611 3847 οἷ’όμεθα
1645 3793 1657 3832 :
1691 3780 1756 3832 ut
1785 3777 1880 3846 sit,
1914 3795 2008 3833 ar-

371 3865 663 3920 bitramur
691 3864 1078 3920 hierarchiam
1132 3881 1261 3920 esse
1309 3868 1365 3920 et
1405 3864 1763 3921 arbitramur
1792 3866 2009 3922 hierar-

371 3953 513 4009 chas
544 3952 810 4022 quaedam
842 3952 1151 4007 commoda
1182 3953 1444 4024 accipere
1497 3970 1564 4008 ex
1612 3955 1793 4010 sacris
1838 3972 2007 4012 caere-

373 4055 607 4094 manus.

439 4146 513 4199 Tu
541 4159 684 4214 vero,
707 4159 737 4200 0
765 4145 869 4213 ﬁli.
902 4144 1202 4207 Quomodo
1253 4160 1506 4216 magnus
1551 4147 1867 4218 Dionysius
1916 4149 2007 4205 di-

365 4232 566 4288 vinum
595 4231 967 4285 Timotheum
1000 4235 1163 4286 vocet
1210 4230 1419 4298 tilium,
1463 4235 1874 4303 quaerendum;
1909 4242 2010 4291 aut

366 4319 542 4390 enim,
587 4317 761 4374 sicuti
811 4318 1106 4385 existimo,
1149 4318 1259 4373 hoc
1307 4319 1388 4374 ait
1441 4318 1621 4375 veluti
1683 4325 2008 4392 provectior

363 4408 493 4479 ipso
525 4407 716 4471 annis,
749 4409 806 4462 et
836 4406 892 4460 in
926 4406 1297 4478 philosophia
1329 4407 1720 4481 excellentior,
1751 4412 1832 4467 ita
1857 4415 2004 4469 utab

2123 3228 2370 3291 δοποιίας
2444 3228 2744 3301 ἀσωμάτων
2823 3227 3266 3302 ὑπεμφαίνουσιν,
3320 3227 3393 3288 ὡς
3469 3223 3765 3299 ἐξηγήσατο

2124 3319 2283 3381 αὐτὸς
2317 3319 2526 3376 ἑαυτόν.

2197 3498 2606 3574 ’Δφορίσασθαμ
2666 3495 2740 3552 Τὸ
2797 3495 3153 3573 ἀφορίσασθαι
3230 3493 3387 3548 εἷ’ωθε
3444 3489 3618 3564 λέγειν
3678 3490 3768 3546 ἰπὶ

2121 3590 2228 3640 τῶν
2280 3582 2708 3659 διακεκριμένως
2765 3583 3098 3656 ὁριζομένων
3157 3582 3246 3637 καὶ
3297 3579 3766 3657 διασαφουμένων.

2191 3777 2454 3850 Οΐόμεθα.
2504 3776 2655 3833 Κατὰ
2701 3779 2886 3832 κοινοῦ
2947 3778 3010 3832 τὸ
3059 3777 3284 3850 οἷ’όμεθα
3317 3797 3330 3810 ·
3371 3775 3464 3833 ’ίνα
3505 3776 3614 3849 εἷή,
3651 3777 3767 3833 οἶό-

2124 3878 2257 3940 μεθα
2311 3865 2592 3943 ἱεραρχίαν
2652 3866 2806 3938 εἶναι,
2865 3865 2954 3920 καί
3010 3887 3127 3921 τινα
3184 3866 3418 3940 οἷ’όμεθα
3477 3867 3766 3938 ὄνήνασθαι

2119 3956 2412 4028 [τουτέστιν
2444 3954 2674 4031 ὠφελεῖν
2727 3951 3005 4027 δύνασθαι]
3034 3953 3159 4016 τοὺς
3211 3955 3475 4030 ἱεράρχας
3523 3952 3612 4009 διὰ
3661 3959 3768 4010 τῶν

2119 4045 2279 4117 ἱερῶν
2307 4041 2562 4098 τελετῶν.

2191 4151 2265 4205 Σὺ
2319 4147 2396 4214 δὲ,
2429 4149 2474 4203 ὧ
2532 4154 2652 4205 παῖ.
2684 4153 2809 4212 Πῶς
2866 4147 3035 4205 παῖδα
3089 4148 3250 4205 καλεῖ
3299 4152 3389 4207 τὸν
3423 4156 3566 4216 θεῖον
3599 4149 3771 4222 Τιμό-

2119 4249 2233 4302 θεον
2269 4240 2296 4292 6
2333 4237 2498 4312 μέγας
2548 4237 2848 4306 Διονύσιος,
2876 4239 3137 4309 ζητητέον
3171 4259 3185 4273 ·
3234 4241 3270 4310 ἢ
3317 4241 3442 4316 γὰρ,
3477 4241 3551 4303 ὡς
3593 4238 3769 4311 οἶμαι,

2117 4328 2206 4381 ἅτε
2248 4321 2610 4400 προϐεϐηκὼς
2660 4327 2820 4382 αὐτὸν
2871 4333 2988 4391 τοῖς
3045 4326 3204 4400 ἔτεσι,
3253 4327 3414 4383 τοῦτό
3458 4349 3614 4405 φησι,
3673 4326 3768 4381 καὶ

2112 4419 2180 4488 τῇ
2231 4414 2528 4493 φιλοσοφίᾳ
2577 4417 2852 4490 προέχων,
2913 4416 2988 4479 ὡς
3034 4416 3123 4470 καὶ
3171 4419 3581 4492 προερωτᾶσθιιι
3633 4409 3748 4488 ’παρ

365 4513 433 4553 eo
465 4497 875 4566 interrogetur,
899 4497 1424 4567 quemadmodum,
1458 4497 1556 4568 qui
1591 4515 1706 4570 prae
1733 4503 2003 4558 manibus

2127 4503 2298 4576 κὺτοῦ,
2352 4503 2491 4567 καθὰ
2549 4501 2717 4573 δηλοῖ
2768 4505 2835 4558 τά
2887 4505 3021 4577 μετά
3068 4510 3258 4580 χεῖρας
3312 4505 3712 4582 συγγράμματα
3745 4511 3760 4538 ⁸

363 4583 520 4652 libri,
543 4583 873 4652 declarant;
905 4583 1014 4638 etsi
1046 4584 1199 4638 enim
1225 4589 1358 4640 ante
1380 4585 1640 4642 divinum
1664 4588 2006 4662 Dionysium

363 4673 676 4729 crediderit
703 4676 951 4728 sanctus
998 4671 1365 4743 Timotheus,
1397 4675 1552 4730 sicut
1600 4681 1742 4734 Acta
1772 4684 2001 4736 sancto-

361 4777 492 4817 rum
526 4759 926 4832 apostolorum
957 4758 1295 4830 declarant;
1339 4777 1541 4818 verum
1589 4781 1840 4836 magnus
1873 4768 2004 4824 Dio-

361 4850 565 4922 nysius
595 4853 718 4905 erat
737 4847 796 4903 in
825 4849 1068 4920 profana
1097 4848 1410 4920 disciplina
1433 4849 1561 4922 ipso
1595 4856 1962 4923 prestantior
1988 4874 2001 4914 :

359 4941 460 4992 aut
490 4937 674 4993 ﬁlium
707 4937 900 5009 ipsum
935 4941 1120 5004 vocat,
1169 4941 1451 5008 tanquam
1481 4939 1771 4997 imitando
1803 4944 2003 5001 Domi-

358 5042 500 5079 num
533 5027 823 5082 dicentem
859 5042 870 5080 :
905 5025 1099 5093 Pueri,
1141 5025 1397 5096 nunquid
1423 5028 1861 5097 pulmentarium
1901 5034 2004 5088 ha-

361 5111 490 5168 betis
514 5113 619 5183 (24)?
644 5113 730 5170 vel
778 5113 1048 5186 quoniam
1103 5129 1200 5170 eos
1245 5113 1346 5184 qui
1379 5114 1840 5192 simplicitatem,
1875 5138 2003 5194 qua

423 5289 504 5363 (ν)
534 5288 686 5346 Psal.
717 5306 832 5362 xxi,
862 5291 919 5348 7.
995 5292 1074 5365 (ε)
1103 5292 1274 5349 Joan.
1305 5309 1421 5364 xxr,
1452 5293 1508 5348 5.

418 5593 467 5634 ³⁴
495 5588 605 5655 διά.

2116 4592 2210 4648 κᾶν
2251 4592 2350 4669 γὰρ
2395 4593 2499 4668 πρὸ
2546 4597 2644 4648 τοῦ
2697 4594 2846 4657 θείου
2888 4593 3167 4648 Διονυσίου
3213 4592 3514 4650 ἐπίστευσεν
3547 4594 3576 4649 6
3607 4594 3764 4668 ἅγιος

2111 4681 2402 4754 Τιμόθεος,
2431 4681 2504 4738 ὡς
2564 4682 2620 4735 αἱ
2665 4681 2888 4757 Πράξεις
2937 4686 3045 4736 τῶν
3093 4681 3262 4757 ἁγίων
3305 4681 3629 4737 ἀποστόλων
3662 4677 3762 4751 δη-

2115 4769 2320 4841 λοῦσιν,
2353 4769 2479 4825 ἀλλ’
2513 4767 2604 4824 οῦν
2652 4771 2750 4838 τήν
2801 4767 2902 4840 ἔξω
2949 4767 3194 4825 παιδείαν
3229 4770 3557 4842 ἱκανώτερος
3610 4769 3676 4836 ἧν
3731 4770 3760 4823 6

2119 4861 2288 4934 μέγας
2339 4857 2620 4921 Διονύσιος
2655 4878 2667 4890 ·
2723 4857 2759 4926 ἢ
2808 4856 2976 4913 παῖδα
3023 4856 3184 4914 καλεῖ
3229 4857 3404 4928 αὐτὸν,
3437 4858 3510 4919 ὡς
3562 4855 3764 4930 μιμού-

2119 4969 2278 5021 μενος
2328 4948 2419 5002 τὸν
2467 4947 2667 5023 Κύριον
2721 4946 2951 5022 λέγοντα
2981 4966 2994 4980 ·
3045 4945 3262 5016 Παιδία,
3300 4949 3373 5021 μή
3421 4967 3472 5001 τι
3521 4944 3765 5022 προσφά-

2113 5057 2233 5111 γιον
2292 5030 2484 5110 ἕχετε;
2536 5034 2571 5104 ἢ
2626 5032 2812 5105 ἐπειδὴ
2872 5034 2998 5098 τοὺς
3057 5037 3192 5091 κατά
3241 5039 3285 5072 ²⁴
3339 5036 3468 5091 Θεὸν
3541 5033 3765 5090 ἀκακίαν

2115 5125 2406 5188 ἀσκοῦντας
2465 5121 2661 5187 παῖδας
2726 5121 2978 5193 ἐκάλουν,
3036 5124 3112 5187 ὡς
3181 5125 3267 5180 καὶ
3330 5123 3539 5187 Παπίας
3599 5120 3768 5190 δηλοῖ

1340 5473 1580 5535 νΔΗΙιΕ
1619 5477 2014 5541 LECTIONES
2052 5484 2143 5543 ET
2180 5481 2737 5546 CORBECTIONES.
