4042 6210
318 389 389 444 49
1026 393 1084 446 8.
1125 391 1393 446 ΜΔΧΓΜΙ
1433 393 1742 447 SCHOLIA
1776 394 1853 446 IN
1891 393 2025 448 LIB.
2065 397 2163 449 DE
2199 396 2528 452 C(ELESTI
2566 402 3034 457 HIERARCHIA.
3661 404 3734 457 50

320 507 526 584 βιϐλίῳ
557 509 763 587 πρώτῳ
789 515 901 566 τῶν
935 514 1212 586 Κυριακῶν
1249 510 1584 587 ἐξηγήσεων,
1615 515 1704 567 καὶ
1736 513 1972 586 Κλήμης

2115 519 2411 574 ocundum
2445 521 2624 577 Deum
2659 527 2766 589 est,
2793 528 3298 589 exercent,pueros
3328 525 3720 596 appellabant,

318 603 346 655 6
378 597 768 675 Ἀλεξανδρεὺς
801 599 854 656 ἐν
885 605 966 672 τῷ
999 598 1366 675 Παιδαγωγῷ.

387 865 668 936 Πληθύος.
721 866 866 941 Πρὸς
917 865 978 919 τὸ
1027 862 1277 933 πληθύος
1329 866 1392 920 τὸ
1439 863 1651 936 ἐνοειδῆ
1705 865 1969 942 ἐπήγαγε⁹

318 956 386 1011 τὰ
435 957 532 1026 μὶν
578 954 679 1030 γὰρ
728 955 858 1030 ἅγια
907 955 1182 1008 ἑνοποιιῖο
1237 955 1306 1008 τὰ
1353 951 1409 1009 δὲ
1469 949 1679 1029 βέϐηλα
1726 955 1816 1009 καὶ
1869 963 1970 1024 τῆς

322 1044 593 1120 ἁμαρτίας
643 1038 771 1097 ὅντα
827 1042 904 1104 εἰς
953 1039 1141 1097 πολλᾶ
1187 1039 1277 1097 διὰ
1328 1049 1427 1112 τῆς
1479 1040 1790 1116 διαιρέσεως
1822 1043 1970 1114 πλη·

319 1133 489 1198 θύνει.
542 1136 714 1187 Τοῦτο
759 1135 893 1206 γοῦν
919 1135 1010 1184 νῦν
1059 1129 1216 1186 καλεῖ
1263 1129 1502 1204 πλῆθος,
1547 1133 1612 1188 τὸ
1661 1134 1826 1188 οἱονεὶ
1881 1133 1972 1208 βὲ-

320 1217 391 1292 6η
401 1222 501 1276 λον
513 1265 526 1276 .

823 1332 936 1382 ΕΙΣ
965 1328 1056 1384 ΤΟ
1099 1329 1368 1384 ΚΕΦΑΛ.
1400 1328 1472 1384 Γ’.

389 1435 548 1490 ’Ἔστι
579 1433 674 1505 μὶν
703 1432 978 1508 ἱεραρχία.
1010 1434 1173 1507 Ὅρος
1204 1431 1510 1508 ἱεραρχίας.

389 1529 478 1584 Ὠς
507 1521 744 1599 ἐφικτόν.
780 1523 870 1584 Ὡς
903 1519 1152 1578 δυνατον.

392 1699 830 1777 Τελεταρχικόν.
861 1701 1062 1775 Ἥγουν
1093 1698 1433 1755 τιλειποιοῦν
1449 1701 1514 1756 ’⁸.

2084 606 2236 661 sicut
2265 613 2322 662 et
2353 608 2560 678 Papias
2591 609 2848 665 declarat
2877 611 3024 666 libro
3074 613 3263 682 primo
3321 613 3730 669 Dominicarum

2081 698 2502 767 expositionum,
2565 703 2622 754 et
2687 698 2955 754 Clemens
3025 699 3456 756 Alexandrinus
3506 701 3564 756 in
3611 704 3728 756 Po:-

2081 783 2312 853 dagogo.

2153 875 2520 929 Multitudine.
2553 875 2646 944 Τῷ
2675 876 3035 931 multitudine
3082 876 3144 928 τὸ
3197 879 3507 946 uniformia
3551 893 3729 948 oppo-

2083 961 2239 1028 suit;
2274 967 2474 1018 sancta
2523 964 2678 1018 enim
2747 981 2931 1018 unum
2987 965 3254 1033 faciunt;
3306 966 3551 1036 profana
3596 981 3728 1020 vero

2081 1055 2138 1105 et
2169 1066 2295 1120 quae
2329 1052 2546 1120 peccati
2570 1057 2729 1122 sunt,
2762 1052 2821 1106 in
2856 1052 3042 1108 multa
3073 1069 3174 1125 per
3204 1054 3551 1109 divisionem
3586 1053 3734 1108 mul-

2081 1137 2573 1210 tiplicantur.IIoc
2604 1139 2783 1212 igitur
2804 1157 2956 1196 nunc
2977 1141 3234 1213 appellat
3267 1141 3728 1211 multitudinem,

2081 1227 2236 1298 quod
2265 1227 2488 1283 scilicet
2516 1230 2854 1300 profanum.

2700 1334 2773 1390 IN
2813 1335 2971 1392 CAP.
3007 1336 3106 1392 III.

2155 1443 2248 1496 Bst
2276 1439 2496 1510 quidem
2525 1439 2864 1496 hierarchia.
2902 1440 3168 1496 Definitio
3199 1441 3562 1498 hierarcbiea.

2155 1528 2433 1596 Quantum
2478 1530 2564 1598 fas
2611 1532 2710 1596 est,
2772 1529 2868 1583 Gr.
2925 1529 2998 1588 ὡς
3049 1527 3287 1604 ἐφικτόν,
3333 1529 3485 1586 sicut
3535 1532 3730 1603 possi—

2084 1615 2222 1670 bile.

2159 1705 2329 1777 Origo
2367 1706 2743 1776 perfectionis,
2798 1705 2895 1762 Gr.
2941 1702 3349 1779 τελεταρχικόν,
3400 1721 3501 1762 seu
3537 1706 3726 1778 perfe-

2086 1797 2246 1848 ctum
2282 1792 2523 1848 faciens.

403 1881 634 1956 Ἀμιγίς
672 1879 786 1936 ἔστι
833 1880 1096 1945 καθόλου.
1147 1881 1466 1953 Ὁμοιότης,
1502 1881 1589 1935 καὶ
1621 1879 1830 1952 ἰσότης,
1883 1881 1974 1936 καὶ

2153 1881 2500 1952 Impermista
2527 1885 2610 1936 est
2637 1883 2881 1938 omnino.
2922 1881 3284 1954 Similitudo,
3318 1887 3376 1938 et
3421 1881 3728 1954 equalitas

321 1967 594 2040 ταυτότης
622 1969 687 2024 τὸ
734 1967 787 2024 ἓν
837 1968 928 2024 καὶ
961 1969 1230 2041 ἑνοποιὸν,
1285 1970 1376 2024 ἅτε
1404 1967 1612 2024 ἁπλοῦν
1657 1968 1748 2024 καὶ
1782 1971 1976 2045 ἀμιγὲς

318 2057 420 2112 καὶ
477 2058 763 2113 ἀσύνθετον
827 2057 1095 2113 καλεῖται·
1171 2057 1430 2130 ἀνόμοιον
1490 2055 1584 2125 δὲ,
1634 2060 1722 2113 καὶ
1773 2056 1975 2127 ἄνισον,

315 2146 416 2200 καὶ
473 2145 788 2220 ἑτερότητα,
819 2145 910 2200 καὶ
944 2146 1152 2219 μικτὸν,
1185 2148 1274 2201 καὶ
1305 2145 1357 2201 ἰν
1396 2141 1675 2220 μεταϐολῇ
1718 2147 1779 2202 τὸ
1809 2147 1978 2221 πρόσ-

319 2233 462 2289 υλόν
495 2255 650 2310 φασι.
684 2235 764 2291 Τὸ
794 2235 886 2289 οὗν
917 2230 971 2289 ἓν
1007 2235 1034 2289 6
1065 2235 1193 2297 Θεὸς
1225 2234 1394 2289 νοοῖτ’
1425 2231 1507 2288 ἃν.

395 2414 702 2475 Θιασώτας.
735 2410 929 2474 Θίασος
985 2412 1078 2484 μὶν
1125 2413 1332 2487 κυρίως
1381 2413 1410 2466 6
1459 2431 1650 2487 χορος.
1712 2414 1979 2476 θιασώτας

323 2499 384 2556 δὶ
422 2501 652 2564 ἐνταῦθα
696 2500 826 2562 τοὺς
874 2501 997 2576 περὶ
1041 2502 1109 2556 τὰ
1140 2505 1257 2565 θεῖα
1287 2501 1789 2578 ἀναστρεφομένους
1821 2523 1975 2578 φησι.

333 2588 676 2645 Διειδὲστατα
761 2590 856 2662 μὲν
940 2587 1190 2666 λαμπρὰ,
1258 2586 1485 2664 διαυγῆ*
1545 2587 1865 2661 ἀκηλίδωτα
1923 2588 1980 2644 δὲ

347 2679 362 2694 ’
387 2676 401 2694 ν
425 2678 438 2698 ε
456 2679 468 2698 ο
647 2680 694 2714 2s

336 2697 630 2753 αρρυπωτα
701 2721 714 2735 .

404 2856 768 2930 Ἑνεργῆσαι.
829 2859 1007 2910 Ταῦτα
1052 2855 1263 2928 νομίζω
1320 2851 1553 2927 δηλοῦν,
1599 2855 1682 2910 ὅτι
1743 2855 1804 2910 οὐ
1867 2856 1978 2930 χρή

321 2965 452 2999 τινα
499 2946 609 2999 τῶν
661 2943 713 2998 ἐν
765 2945 1020 3018 ἱερατικῷ
1055 2945 1248 3018 βαθμῷ
1296 2943 1750 3019 καταλεγομένων
1801 2944 1983 3015 μεῖζόν

320 3054 378 3088 τι
431 3041 536 3102 τῆς
591 3033 789 3094 οἲκείας
835 3033 1037 3105 τάξεως
1081 3037 1280 3086 ποιεῖν·
1322 3031 1466 3087 ἀλλὰ
1492 3033 1554 3087 τὸ
1584 3027 1882 3088 ἐπιϐάλλον
1913 3038 1982 3106 τῇ

323 3122 514 3193 οἶκείᾳ
571 3121 692 3192 ἀξίᾳ
753 3122 916 3195 μόνον
976 3120 1210 3196 ἆνεργεῖν
1265 3119 1355 3175 καί
1411 3118 1767 3196 παραδιδόναι
1834 3119 1983 3176 διδάο

2089 1968 2432 2025 etidentitas
2457 1986 2639 2024 unum
2653 1975 2906 2026 etunum
2929 1970 3458 2042 faciens,tanquam
3481 1970 3730 2043 simplex

2087 2061 2146 2113 et
2176 2075 2322 2129 pura
2351 2063 2410 2112 et
2441 2059 2681 2114 minime
2712 2059 3040 2130 composita
3071 2058 3421 2130 appellatur.
3435 2059 3726 2116 Dissimile

2087 2163 2240 2214 vero,
2274 2153 2330 2202 et
2358 2147 2663 2218 inaequale,
2711 2154 2768 2203 et
2809 2147 3130 2214 diversum,
3179 2153 3236 2204 et
3286 2149 3553 2220 mistum,
3584 2149 3726 2205 etin

2088 2235 2414 2291 mutatione
2462 2237 2760 2292 materiale
2810 2237 3035 2292 dicunt.
3085 2236 3274 2293 Unum
3326 2238 3525 2310 igitur,
3574 2239 3730 2294 Deus

2089 2324 2473 2396 intelligatur.

2157 2413 2374 2468 Divinos
2403 2416 2493 2468 sui
2538 2418 2828 2481 consortes,
2879 2415 2975 2468 Gr.
3031 2413 3318 2476 θιασώτας.
3369 2414 3562 2476 Θίασος
3595 2432 3734 2486 pro-

2089 2503 2211 2574 prie
2242 2502 2478 2572 quidem
2511 2501 2726 2558 chorus
2755 2519 2769 2569 ;
2801 2502 3069 2564 Θιασώτας
3089 2507 3311 2573 autem,
3345 2503 3452 2559 hoc
3492 2503 3551 2557 in
3583 2502 3732 2568 loco,

2088 2607 2187 2647 eos
2225 2590 2326 2662 qui
2370 2591 2526 2646 circa
2567 2591 2765 2646 divina
2816 2597 3123 2646 versantur
3168 2592 3333 2647 dicit.
3395 2587 3737 2644 Διειδὲστατα

2089 2680 2329 2751 quidem
2361 2678 2694 2750 splendida,
2729 2679 3046 2751 pellucida,
3076 2675 3400 2748 ἀκηλίὸωτα
3429 2696 3584 2748 vero,
3619 2697 3732 2735 non

2091 2768 2349 2823 sordida.

2162 2856 2550 2926 Operarillaac
2572 2855 2824 2911 arbitror
2852 2855 3334 2927 declarare,quod
3368 2873 3481 2912 non
3506 2859 3732 2928 oportet

2091 2944 2348 3015 aliquem
2383 2945 2439 2998 in
2491 2959 2658 2998 sacro
2705 2944 2892 3013 gradu
2942 2944 3463 3000 adnumeratorum
3510 2944 3734 3015 aliquid

2093 3050 2273 3104 supra
2305 3033 2604 3103 proprium
2637 3033 2901 3087 ordinem
2931 3032 3151 3099 facere;
3186 3033 3285 3088 sed
3318 3038 3544 3088 tantum
3579 3034 3735 3104 quod

2094 3120 2336 3192 propriis
2359 3121 2646 3175 incumbit
2667 3120 2937 3192 dignitati
2959 3120 3274 3188 efﬁcere,et
3291 3121 3593 3178 docentem
3619 3126 3736 3177 tra-

333 3230 564 3276 σκοντα,
627 3211 702 3281 μή
764 3212 875 3282 μὴν
933 3207 1229 3284 ἐπιχειρεῖν
1268 3207 1345 3271 εἷς
1393 3210 1459 3263 τὰ
1521 3211 1651 3284 ὑπὲρ
1681 3211 1780 3278 τήν
1811 3210 1980 3280 ἀξίαν*

2111 3210 2262 3276 iere;
2297 3226 2410 3265 non
2444 3225 2571 3264 vero
2589 3225 2828 3264 manum
2845 3210 3154 3264 admovere
3174 3209 3246 3264 iis
3271 3212 3371 3265 13
3399 3227 3525 3282 quae
3549 3210 3739 3282 digni-

324 3302 500 3367 οἷον,
559 3297 686 3360 τοὺς
739 3292 1137 3372 πρεσϐυτερους
1195 3294 1485 3364 διδάσκειν,
1542 3299 1633 3353 καὶ
1689 3299 1750 3352 τὸ
1808 3295 1980 3372 δῶρον

2111 3303 2276 3353 atem
2309 3303 2593 3368 superant
2613 3297 2786 3352 sicuti
2819 3297 3188 3369 presbyteros
3209 3299 3499 3366 docere,et
3516 3299 3737 3353 donum

320 3387 747 3462 προσκομίζειν,
808 3385 869 3441 οὖ
1071 3385 1161 3441 καὶ
1192 3392 1547 3460 χειροτονεῖν·
1592 3385 1872 3448 διακόνους
1902 3384 1984 3440 δι-

325 3475 590 3545 δάσκειν,
652 3476 714 3530 οὗ
789 3476 898 3546 μὴν
953 3473 1043 3529 καὶ
1105 3475 1413 3550 βαπτίζεινο
1472 3474 1534 3528 οὗ
1586 3475 1689 3548 γὰρ
1749 3471 1984 3528 δώσουσι

324 3569 563 3635 Πνεῦμα
611 3564 788 3637 ἅγιον,
833 3563 909 3626 ὡς
937 3559 1066 3617 οὐδὲ
1113 3563 1140 3616 6
1175 3561 1457 3623 Φίλιππος
1491 3561 1543 3616 δν
1602 3567 1721 3624 ταῖς
1753 3563 1982 3638 Πράξεσι

321 3658 441 3708 τῶν
504 3651 672 3725 ἁγίων
705 3649 1046 3706 ἀποστόλων.
1093 3651 1121 3704 6
1154 3647 1437 3712 διάκονος·
1470 3647 1615 3704 ἀλλὰ
1650 3653 1788 3723 μήτε
1817 3671 1983 3726 προσ-

323 3742 538 3820 φέρειν’
568 3739 658 3794 καὶ
691 3739 864 3801 οὕτως
897 3739 1106 3816 ἐφεξῆς
1141 3736 1286 3792 ἀλλὰ
1327 3737 1416 3792 καὶ
1445 3737 1572 3799 τοὺς
1618 3736 1984 3813 τελουμένους

317 3833 398 3887 τὰ
426 3832 741 3898 καθήκοντα
775 3827 938 3900 μόνον
971 3828 1250 3903 πράσσειν,
1297 3824 1390 3881 ’ἱνα
1441 3826 1768 3905 φυλάττοιτο
1798 3827 1981 3890 καλῶς

323 3920 395 3974 τὸ
425 3918 576 3990 παρὰ
600 3921 678 3989 τῷ
710 3915 840 3988 θείῳ
869 3914 1092 3988 Παύλῳ·
1122 3917 1387 3978 Ἕκαστος
1418 3914 1470 3970 ἰν
1500 3917 1546 3986 ᾧ
1597 3912 1804 3986 ἐκλήθη
1855 3917 1982 3991 βαθ-

333 4007 434 4080 μῷ
466 4005 688 4076 μενέτωο

403 4091 788 4169 Τελεταρχίας.
821 4091 1081 4150 Τουτὲστι
1117 4090 1473 4154 τελειώσεως.

397 4271 616 4343 Τάξεσι.
658 4269 807 4327 Κατὰ
852 4269 915 4324 τὸ
965 4267 1224 4344 διάφορον
1250 4271 1352 4343 γὰρ
1383 4268 1473 4323 καὶ
1519 4264 1988 4341 ὑπεραναϐεϐηκὸς

315 4364 434 4416 τῶν
470 4357 694 4430 τᾶξεων,
725 4359 815 4413 καὶ
843 4359 907 4413 τὸ
936 4357 1358 4430 ἐπιστημονικὸν
1393 4358 1529 4412 εἶναι
1562 4354 1662 4413 δεῖ.

404 4533 860 4610 Κεκληρωμένων
919 4537 955 4605 ὴ
1031 4533 1354 4596 τελείωσις.
1437 4534 1752 4607 Σημείωσαι
1806 4535 1887 4597 τίς
1943 4537 1976 4604 ἠ

2092 3386 2318 3455 oﬂ'erre,
2354 3402 2465 3441 non
2500 3391 2691 3440 autem
2727 3385 3019 3440 ordinare.
3060 3385 3348 3442 Diaconos
3381 3387 3737 3453 docere,non

2094 3481 2289 3530 autem
2321 3474 2496 3529 etiam
2529 3474 2978 3545 baptizare.Non
3011 3474 3168 3529 enim
3200 3476 3426 3530 dabunt
3454 3475 3737 3546 Spiritum

2093 3569 2390 3630 sanctum,
2423 3563 2577 3618 sicut
2609 3579 2796 3633 neque
2829 3562 3135 3634 Philippus
3166 3563 3548 3629 diaconus,in
3582 3564 3742 3620 Actis

2092 3657 2429 3707 sanctorum
2498 3653 2897 3721 apostolorum
2931 3667 2944 3705 :
2979 3651 3081 3705 sed
3117 3668 3229 3706 non
3281 3653 3457 3706 etiam
3507 3653 3734 3718 oﬂ’erre,

2092 3745 2150 3796 et
2179 3741 2259 3796 ita
2286 3739 2580 3810 deinceps,
2621 3739 2722 3794 sed
2754 3743 2810 3794 et
2853 3739 3140 3808 perfectos
3200 3755 3328 3809 quis
3379 3739 3555 3794 ofﬁcii
3602 3745 3736 3794 tan-

2092 3834 2219 3884 tum
2251 3834 2392 3884 sunt
2421 3828 2630 3892 facere,
2665 3833 2729 3882 ut
2757 3825 3120 3882 custodiatur
3167 3826 3314 3882 bene
3365 3825 3508 3881 illud
3544 3828 3733 3883 sancti

2091 3916 2257 3972 Pauli
2292 3933 2304 3972 :
2342 3917 2716 3987 Unusquisque
2747 3917 2804 3969 in
2854 3930 2957 3984 quo
3005 3918 3230 3970 vocatus
3277 3919 3355 3969 est
3395 3916 3580 3987 gradu
3609 3932 3732 3970 ma-

2091 4009 2219 4062 neat
2247 4004 2346 4076 (a).

2166 4093 2550 4150 Ordinationis
2594 4092 2886 4163 principii,
2933 4090 3031 4146 Gr.
3077 4086 3457 4165 τελεταρχίας,
3507 4091 3616 4148 hoc
3647 4097 3736 4149 est

2093 4181 2490 4255 perfectionis.

2168 4271 2483 4327 Ordinibus.
2518 4269 2853 4325 Secundum
2886 4268 3275 4325 differentiam
3307 4269 3485 4338 enim,
3518 4273 3575 4324 et
3596 4269 3740 4324 emi-

2096 4359 2356 4416 nentiam
2389 4358 2663 4413 ordinum
2698 4358 2874 4413 etiam
2922 4357 3141 4413 sciendi
3176 4357 3518 4413 facultatem
3547 4358 3741 4414 inesse

2096 4452 2344 4520 oportet.

2166 4537 2387 4604 Eorum,
2419 4535 2515 4605 qui
2543 4533 2792 4589 ordinem
2843 4535 3028 4588 sortiti
3065 4541 3216 4598 sunt,
3261 4535 3540 4605 perfectio.
3593 4534 3742 4592 Nota

323 4629 439 4680 τῶν
489 4626 765 4701 ἱεραρχῶν
822 4624 1127 4693 τελείωσις,
1155 4623 1245 4679 καὶ
1276 4628 1393 4686 πῶς
1427 4627 1558 4680 Θεοῦ
1607 4623 1709 4678 εἶσι
1739 4624 1979 4700 συνεργοὶ

2111 4642 2216 4697 [uas
2248 4625 2326 4679 sit
2370 4602 2789 4694 episcoporum
2839 4623 3139 4694 perfectio,
3194 4602 3591 4694 et'quomodo
3643 4622 3741 4678 Dei

323 4715 467 4769 κατὰ
496 4716 587 4769 τὸν
622 4716 764 4770 Θεῖον
798 4711 1158 4771 Ἀπόσιτολον.

403 4806 522 4873 Τὴν
573 4803 717 4867 θείαν
766 4802 1060 4878 ἐνέργειαν.
1119 4800 1378 4859 Τουτὲστι
1436 4801 1504 4856 τὰ
1550 4805 1646 4856 τοῦ
1675 4805 1807 4857 Θεοῦ
1855 4799 1988 4877 ἔργα

327 4891 424 4947 καὶ
474 4891 636 4947 αὐτὸν
683 4891 1068 4968 ἐργαζόμενον,
1119 4891 1452 4964 σοφίζοντα,
1511 4887 1844 4959 τελειοῦντα,
1899 4890 1990 4945 καὶ

2093 4713 2213 4770 sint
2242 4717 2649 4783 cooperatores
2682 4713 3008 4769 secundum
3042 4711 3304 4767 divinum
3336 4709 3596 4766 Paulum.

2168 4803 2422 4857 Divinam
2451 4803 2839 4872 operationem.
2875 4801 2992 4856 Hoc
3023 4804 3112 4856 est
3141 4801 3336 4872 ipsum
3369 4815 3601 4869 quoque
3641 4799 3743 4856 Dei

2101 4907 2276 4962 opera
2304 4894 2666 4960 operantem,
2697 4891 3024 4954 docentem,
3058 4887 3472 4959 perficientem,
3493 4891 3554 4941 et
3584 4887 3742 4943 simi-

329 4982 405 5034 τὰ
433 4982 624 5053 ὅμοια,
683 4980 758 5042 εἰς
817 4978 946 5042 τοὺς
1004 4976 1571 5054 παιδαγωγουμένους
1602 4980 1736 5034 κατὰ
1767 4976 1980 5052 δύναμιι

2111 4979 2184 5036 lia
2212 4981 2271 5034 in
2303 4979 2375 5034 iis
2405 4979 2507 5050 qui
2539 4978 2826 5034 docentur
2855 4994 2959 5050 pro
2989 4977 3211 5032 viribus
3242 4973 3566 5030 facientem.

339 5069 556 5143 ὶργαζό
566 5089 752 5142 μενον.

429 5155 664 5226 Ἐπιιδή
719 5157 894 5228 τάξις.
945 5156 1262 5230 Σημείωσαι
1317 5156 1416 5224 τὴν
1446 5154 1590 5228 τάξιν
1642 5155 1732 5210 καὶ
1789 5156 1851 5211 τὸ
1906 5161 2006 5223 τῆς

2187 5157 2321 5212 Cum
2349 5158 2502 5213 ordo.
2531 5157 2678 5212 Nota
2708 5155 2971 5211 ordinem
2997 5156 3054 5208 et
3081 5150 3418 5207 bierarcbim
3442 5154 3750 5224 perfectio-

339 5245 648 5321 ἱεραρχίας
707 5243 1077 5318 ἀποτέλεσμα,
1131 5244 1220 5298 καὶ
1249 5245 1330 5298 δτι
1389 5242 1517 5306 τοὺς
1572 5243 1897 5318 προσιόντας
1927 5243 1980 5300 δε

2119 5262 2276 5310 nem,
2326 5249 2386 5300 et
2415 5246 2569 5317 quod
2620 5245 2958 5300 accedentes
3007 5243 3234 5312 oportet
3276 5240 3466 5312 primo
3514 5245 3753 5316 purgari

316 5339 554 5407 πρῶτον
589 5332 942 5408 καθαίρεσθαι
991 5337 1060 5406 τῇ
1116 5329 1439 5402 διδασκαλία
1493 5335 1606 5386 τῶν
1668 5329 1978 5408 διαιρετικῶ

2121 5334 2388 5390 doctrina
2430 5348 2634 5390 eorum
2685 5347 2812 5403 qum
2879 5327 3196 5384 dissolvere
3257 5333 3476 5400 queant
3533 5333 3753 5402 peccati

412 5489 499 5559 (α)
537 5486 561 5542 Ι
589 5489 728 5542 ('or.
759 5503 861 5554 vn,
890 5487 982 5540 24.

1358 5582 1599 5641 VARle
1636 5584 2030 5643 LECTIONES
2069 5585 2163 5642 ET
2203 5579 2746 5640 CORRECTIONES

416 5702 470 5738 ³⁸
503 5696 906 5758 τελιιοποιοΰν.
985 5698 1032 5737 ⁸⁸
1059 5693 1293 5776 ἄρρυπα.
