4042 6210
319 376 386 432 51
1143 366 1506 422 APPENDIX
1539 366 1638 419 AD
1674 361 1914 418 OPERA
1948 359 2006 414 Β.
2044 357 2361 414 DIONYSII
2401 362 2910 422 AREOPAGITB.
3658 365 3735 423 52

321 493 763 553 oommistiones
789 509 804 561 ;
831 489 1040 547 deinde
1071 487 1358 544 illustrari
1390 502 1491 558 per
1521 483 1913 557 cognitionem
1942 496 1974 534 a

2109 482 2184 546 τῆς
2215 479 2480 555 ἁμαρτίας
2539 484 2920 562 συμφύρασον⁹
2957 485 3073 539 εἶτα
3103 480 3426 562 φωτίζεσθαι
3466 487 3535 560 τῇ
3583 487 3735 562 γνώ-

330 586 448 642 Deo
499 583 920 654 inspiratarum
948 578 1382 650 Scripturarum
1415 576 1472 630 in
1506 571 1751 630 decretis
1780 571 1852 626 de
1880 568 1984 625 Dei

332 673 680 748 cognitione,
711 673 769 726 et
796 673 923 725 tum
971 667 1171 740 perfici
1222 663 1682 739 regenerationis
1730 660 1976 715 lavacro.

397 851 501 907 Hos
529 848 748 921 quidem
775 846 1069 902 illustrari.
1097 843 1245 900 Nota
1277 843 1432 913 quod
1479 837 1793 896 illustratio
1827 851 1973 907 prse-

339 940 508 996 cedat
539 938 920 1010 baptismum.

917 1050 1126 1106 Divina
1157 1047 1397 1103 beatitas

473 1165 700 1230 purgat;
1028 1155 1299 1219 illustrat,
1601 1149 1835 1221 perﬁcit,

331 1249 548 1305 docens
577 1250 855 1312 mentem,
917 1259 1158 1300 sursum
1185 1243 1429 1311 ducens,
1479 1240 1663 1296 Deum
1695 1236 1977 1294 efﬁciens.

920 1361 1126 1415 Divina
1160 1357 1388 1413 beatitas

472 1468 752 1540 purgatio,
991 1464 1318 1533 illustratio,
1557 1460 1835 1532 perfectio.

906 1601 1127 1656 Divina?
1157 1597 1434 1653 beatitatis

337 1690 644 1748 hierarchae
699 1690 829 1762 qui-
1044 1686 1348 1743 trierarchis
1377 1687 1558 1741 autem
1587 1682 1816 1754 subjecti

479 1779 621 1850 dem,

408 1869 685 1939 purgant,

407 1955 727 2025 illustrant,
805 1958 1175 2027 purgantur;
1252 1951 1600 2019 lustrantur;
1678 1948 1985 2020 perﬁciun-

408 2044 733 2116 perficiunt
762 2059 776 2098 :
1684 2045 1801 2094 tur.

409 2130 568 2193 Νοός.
605 2131 801 2188 Ionica
840 2147 986 2188 usus
1039 2134 1130 2186 est
1161 2129 1411 2186 dialecto
1443 2129 1472 2182 6
1503 2130 1648 2197 νοῦς,
1695 2130 1791 2181 τοῦ
1837 2126 1985 2195 νοὸς,

339 2220 392 2274 ot
421 2219 562 2281 νόες.
594 2221 808 2276 Dicunt
835 2220 994 2276 enim
1027 2218 1226 2284 Attici,
1258 2217 1286 2270 ὁ
1317 2220 1463 2284 νοῦς,
1496 2219 1592 2270 τοῦ
1619 2218 1736 2280 νοῦ,
1767 2219 1825 2270 et
1855 2215 1982 2286 plu-

338 2311 543 2367 raliter
572 2309 622 2362 οἱ
649 2313 755 2377 νοῒ,
787 2311 893 2362 τῶν
929 2311 1057 2374 νῶν,
1089 2312 1149 2362 et
1177 2303 1337 2359 νοισί.

409 2399 439 2472 §
470 2400 568 2454 III.
615 2402 707 2453 14
738 2398 1086 2469 Εωρίαιονθε.
1113 2396 1230 2450 Ηοσ
1263 2394 1388 2450 loco
1422 2394 1494 2449 de
1521 2393 1668 2466 ipsis
1696 2393 1986 2465 episcopis

338 2487 495 2559 agit;
531 2487 590 2542 in
624 2484 1089 2556 praecedentibus
1119 2484 1189 2538 de
1219 2483 1292 2540 iis
1321 2483 1420 2554 qui
1451 2482 1743 2554 episcopis
1772 2479 1989 2537 subditi

340 2579 482 2632 sunt
522 2574 792 2640 loeutus;
841 2573 1143 2628 declarans
1188 2577 1244 2627 et
1289 2572 1541 2636 ordines,
1590 2575 1647 2626 et
1694 2571 1986 2641 quomodo

352 2665 666 2734 cxpiatores
695 2662 934 2731 quidem
959 2660 1266 2715 inferiores
1295 2659 1436 2725 sint,
1477 2658 1630 2714 sicut
1657 2657 1697 2713 ii
1729 2659 1828 2730 qui
1858 2658 1986 2713 dia-

344 2751 510 2806 bolos
543 2749 1018 2821 adjurationibus
1068 2747 1343 2817 ejiciunt;
1393 2747 1759 2802 illuminativi
1787 2751 1985 2804 autem

343 2839 678 2911 superiores
709 2837 976 2892 doctrina
1006 2836 1308 2902 sint,sicut
1341 2835 1664 2907 presbyteri
1685 2840 1742 2890 et
1757 2835 1985 2890 diaconi

341 2928 633 2999 perfectivi
662 2929 854 2981 autem
890 2925 1009 2980 sint
1036 2923 1076 2979 ii
1107 2925 1205 2996 qui
1231 2940 1333 2995 per
1355 2924 1715 2994 baptismum
1738 2923 1988 2995 implent

343 3015 562 3086 Spiritu
593 3019 821 3080 sancto,
853 3012 1350 3084 quemadmodum
1390 3011 1667 3082 episcopi.
1703 3012 1853 3066 Dicit
1883 3029 1987 3066 au-

347 3107 466 3159 tem
499 3102 700 3158 eadem
732 3101 884 3157 infra
912 3100 1059 3156 libro
1089 3102 1162 3156 De
1193 3100 1516 3156 hicrarchia
1535 3101 1914 3156 ecclesiastica.

815 1865 876 1920 hi
909 1864 1149 1936 quidem
1249 1862 1348 1919 isti
1377 1877 1509 1918 vero
1539 1860 1610 1916 il-
1684 1859 1770 1915 illi
1789 1862 1984 1916 autem
2012 1837 2061 1904 B
2161 1837 2501 1928 καθαίρουσι,

2092 587 2168 621 σει
2227 569 2334 621 τῶν
2395 571 2764 632 θεοπνεύστων
2832 577 3061 650 Γραφῶν
3103 573 3171 628 τὰ
3220 573 3345 648 περὶ
3406 575 3736 650 θεογνωσίας

2091 652 2358 731 δόγματα,
2387 660 2473 713 καὶ
2506 659 2628 716 τότε
2663 660 3001 726 τελειοῦσθαι
3058 666 3136 735 τῷ
3166 669 3268 733 τῆς
3321 660 3735 739 παλιγγενεσίας

2090 741 2327 822 λουτρῷ.

2160 833 2293 897 Τοὺς
2328 837 2422 908 μὲν
2467 837 2813 913 φωτίζεσθαι.
2860 839 3201 913 Σημείωσαι,
3235 839 3318 896 ὅτι
3368 842 3430 896 τὸ
3477 842 3737 920 φώτισμα

2088 923 2195 996 πρὸ
2223 928 2318 978 τοῦ
2354 925 2725 999 βαπτίσματός
2757 926 2919 984 ἐστιν.

2619 1042 2684 1099 Ἠ
2714 1041 2828 1106 θεία
2861 1043 3203 1118 μακαριότης

2124 1144 2390 1221 καθαίρει,
2790 1150 3034 1224 φωτίζει,
3465 1149 3698 1222 τελειοῖ,

2090 1229 2415 1288 διδάσκουσα
2734 1237 2792 1292 ἀν
2801 1239 3026 1313 άγουσα,
3385 1246 3738 1304 θεοποιοῦσα.

2620 1352 2682 1405 Ἣ
2715 1351 2832 1407 θεία
2865 1352 3196 1430 μακαριότης

2193 1453 2470 1532 κάθαρσις,
2739 1459 3019 1536 φωτισμὸς
3037 1505 3054 1532 ,
3321 1456 3624 1523 τελείωσις.

2532 1575 2648 1642 Τῆς
2689 1574 2836 1637 θείας
2879 1573 3283 1650 μακαριότητος

2091 1677 2144 1731 οἱ
2179 1677 2272 1750 μὲν
2309 1676 2490 1754 ὶεράρ-

2234 1785 2351 1840 χαι,

2919 1681 2972 1736 οἳ
3004 1677 3063 1736 δὶ
3092 1680 3541 1757 ἱεραρχούμενοι,

3465 1858 3523 1912 οἱ
3573 1855 3632 1914 δὲ
3659 1879 3746 1915 τε·

3441 1946 3712 2003 λιιοῦνται
3723 1991 3739 2005 .

2615 1857 2667 1910 oi
2697 1855 2790 1929 μὶν
2822 1876 2914 1912 κα-

2618 1943 2888 2020 θαίρονται
2899 1987 2914 2015 ,

3023 1858 3075 1911 οἱ
3109 1855 3166 1913 δὲ
3191 1856 3356 1936 φωτί-

2165 1943 2480 2021 φωτίζουσι,
2618 1943 2914 2020 θαίρονται,
3028 1951 3231 2018 ζονται,

2160 2032 2452 2090 τελειοῦσι.

2164 2121 2325 2183 Νοός.
2359 2123 2610 2184 Ἰωνικῶς
2649 2123 2922 2198 ἐχρήσατο
2953 2123 2982 2177 6
3006 2127 3153 2194 νοῦς,
3200 2128 3299 2180 τοῦ
3328 2125 3477 2192 νοὸς,
3511 2125 3565 2180 οἱ
3593 2124 3738 2188 νόεςσ

2094 2211 2220 2288 φασὶ
2251 2211 2354 2285 γὰρ
2381 2212 2432 2265 οἱ
2466 2213 2722 2278 Ἀττικοὶ,
2754 2213 2782 2266 ὁ
2812 2215 2962 2283 νοῦς,
2988 2216 3087 2267 τοῦ
3105 2217 3202 2269 νοῦ
3231 2213 3320 2269 καὶ
3349 2213 3740 2284 πληθυντικῶς

2095 2301 2148 2353 οἱ
2177 2305 2283 2365 νοῖ,
2313 2304 2419 2354 τῶν
2453 2304 2582 2368 νῶν,
2613 2301 2704 2355 καὶ
2730 2299 2889 2356 νοισί.

2167 2391 2326 2459 §III.
2377 2388 2764 2462 Καθαρτικούς·
2815 2390 3072 2444 Ἐνταῦθα
3124 2389 3250 2464 περὶ
3306 2394 3412 2445 τῶν
3462 2391 3739 2465 ῑιραρχῶν

2100 2477 2276 2532 αὐτῶν
2336 2498 2489 2553 φησι,
2546 2479 2613 2531 τὰ
2674 2477 2783 2552 πρὸ
2827 2477 3034 2533 τούτων
3063 2477 3326 2553 περὶτῶν
3379 2479 3745 2556 ἱεραρχουμὲ-

2097 2586 2202 2621 νων
2263 2565 2454 2637 εἰπὼν,
2510 2562 2844 2641 παραδηλῶν
2877 2567 3082 2629 καὶτὰς
3126 2568 3319 2640 τάξεις·
3363 2567 3456 2622 καὶ
3487 2566 3638 2630 ὅπως
3688 2571 3740 2624 οἱ

2099 2656 2192 2726 μὲν
2252 2654 2566 2730 καθαρτικοὶ
2629 2649 3031 2725 ὑποϐεϐήκασιν
3064 2699 3078 2726 ,
3146 2656 3222 2720 ὡς
3295 2657 3348 2711 οἱ
3422 2657 3739 2733 ἰπορκισταὶ

2097 2739 2140 2780 ”ι
2255 2763 2267 2776 ο
2357 2745 2369 2762 '
2437 2741 2484 2798 8‘
2848 2742 2917 2798 ‘é
3064 2739 3159 2798 66
3419 2749 3446 2760 “’

2095 2763 2245 2806 οντες
2325 2765 2376 2798 οι
2470 2763 2494 2798 ε
2547 2764 2862 2821 φωτιστικοι
2921 2765 3060 2799 πανα
3100 2765 3124 2799 ε
3163 2746 3326 2816 ήκασι
3381 2766 3449 2819 τῃ
3482 2742 3736 2800 διδασκα-

2096 2827 2211 2902 λίᾳ,
2269 2833 2384 2886 οἷον
2441 2833 2493 2886 οἱ
2521 2827 2874 2907 πρεσϐύτεροι
2907 2832 2996 2887 καὶ
3030 2833 3082 2887 οἱ
3109 2830 3371 2890 διάκονοι·
3415 2834 3466 2888 οἱ
3497 2830 3553 2888 δὲ
3580 2832 3736 2888 τελι-

2095 2921 2362 2993 σιουργοὶ,
2411 2921 2464 2974 o't
2508 2925 2587 2992 τῷ
2643 2920 2972 2994 βαπτίσματι
3026 2921 3339 2994 Πνεῦματος
3392 2920 3736 2997 πληροῦντες

2097 3008 2275 3082 ἁγίου,
2326 3009 2399 3070 ὡς
2439 3010 2490 3063 οἱ
2537 3008 2846 3064 ἐπίσκοποι.
2891 3009 3054 3084 Λέγει
3101 3007 3158 3065 δὲ
3185 3014 3353 3066 ταῦτα
3381 3011 3470 3066 καὶ
3502 3012 3650 3066 κάτω
3680 3008 3737 3067 ἐν

2095 3101 2174 3168 τῷ
2205 3096 2335 3172 Περὶ
2366 3095 2820 3175 ἐκκΛησιαστικῆς
2849 3099 3139 3173 ἱεραρχίας
3167 3097 3343 3173 λόγῳ.

413 3191 760 3248 Naturaliter
787 3199 839 3248 et
865 3191 1370 3263 supernaturaliter
1414 3189 1622 3245 insunt.
1665 3182 1834 3255 Quod.
1877 3209 1979 3246 na-

2168 3189 2421 3247 Φυσικῶς
2504 3186 2593 3240 καὶ
2680 3187 2965 3261 ὑπερφυῶς
3028 3185 3231 3243 ἐνόντα.
3298 3189 3423 3244 ’Ότι
3500 3188 3739 3264 φυσικῶς

342 3280 617 3338 turaliter
646 3284 703 3335 et
731 3279 1259 3351 supernaturaliter
1278 3278 1458 3334 insint
1485 3295 1610 3350 qua:
1641 3280 1711 3334 ad
1737 3279 1988 3336 salutem

343 3369 645 3426 illustrare
683 3368 930 3441 possint.
969 3367 1210 3423 Pulchre
1255 3372 1452 3423 autem
1506 3368 1770 3424 ordinem
1813 3387 1990 3426 sacras

346 3457 702 3530 operationis
734 3456 1140 3513 ecclesiasticae
1171 3455 1518 3526 explanavit,
1556 3463 1618 3512 ut
1673 3459 1861 3528 primo
1891 3460 1991 3530 qui

346 3545 422 3600 ad
452 3545 716 3600 divinum
747 3544 1044 3616 baptisma
1072 3545 1359 3599 accedunt
1389 3546 1617 3616 purgati
1664 3545 1992 3602 valedicant

345 3634 566 3689 mundo
593 3651 606 3700 ;
641 3639 843 3704 postea
874 3633 1142 3688 doctrina
1170 3631 1563 3699 illustrantur,
1589 3633 1990 3690 sacerdotibus

342 3722 416 3776 ad
447 3721 556 3776 hoc
589 3721 913 3788 institutis;
947 3719 1096 3776 tales
1139 3725 1335 3775 autem
1374 3721 1731 3792 purgativos,
1782 3721 1991 3793 dignos

339 3824 468 3865 esse
500 3809 601 3880 qui
630 3809 765 3864 aliis
796 3809 1168 3865 sanctitatem
1202 3809 1659 3879 communicent,
1692 3814 1869 3880 atque
1913 3811 1991 3865 ita

344 3901 548 3968 postea
591 3897 897 3969 episcopos
947 3897 1282 3968 baptizare;
1316 3897 1476 3968 ipsos
1527 3897 1685 3954 enim
1733 3897 1992 3970 appellat

336 3987 684 4056 perfectivos.
737 3989 903 4039 Hunc
955 3991 1149 4040 autem
1219 3986 1486 4041 ordinem
1549 3987 1844 4042 custodire
1889 4003 1989 4043 ne-

344 4086 508 4127 cesse
535 4073 646 4125 est.

981 4176 1052 4231 IN
1085 4175 1241 4232 CAP.
1276 4178 1351 4232 IV

412 4292 440 4358 §
483 4289 526 4344 Ι.
572 4289 650 4343 Ad
697 4289 1165 4345 commnnionem.
1217 4293 1366 4347 Nota
1418 4292 1705 4349 rationem
1757 4298 1992 4367 propter

345 4397 523 4452 quam
558 4385 708 4435 Deus
739 4379 933 4434 omnia
958 4381 1325 4451 produxit,ut
1357 4381 1675 4453 unicuique
1701 4401 1835 4438 cum
1854 4402 1986 4457 pro-

344 4468 608 4540 portione
639 4470 710 4523 de
743 4484 850 4522 sua
881 4468 1141 4525 bonitate
1171 4471 1670 4542 communicaret;
1704 4473 1809 4528 hoc
1831 4474 1987 4529 enim

2096 3275 2186 3330 καὶ
2245 3275 2528 3351 ὑπερφυῶς
2587 3269 2756 3330 ἔνεστι
2811 3276 2878 3330 τὰ
2931 3276 3068 3350 πρὸς
3101 3273 3371 3351 σωτηρίαν
3416 3277 3740 3351 φωτιστικά.

2099 3363 2291 3426 Καλῶς
2344 3360 2401 3416 δὲ
2447 3363 2544 3432 τὴν
2584 3364 2730 3434 τάξιν
2782 3361 3071 3442 διεσάφησε
3126 3371 3225 3435 τῆς
3283 3364 3742 3437 ἑκκλησιαστικῆς

2098 3451 2422 3528 ἱερουργίας,
2477 3454 2592 3506 οἷον
2644 3450 2736 3507 ’ίνα
2789 3456 3006 3528 πρῶτον
3065 3454 3117 3508 οἱ
3162 3453 3580 3528 προσιόντεςτῷ
3611 3453 3740 3527 θείῳ

2104 3542 2436 3615 βαπτίσματι
2495 3540 2903 3596 ἀποτάττωνται
2961 3540 3365 3616 καθαιρόμενον
3424 3543 3534 3598 εἶτα
3563 3543 3739 3620 φωτί-

2101 3635 2298 3699 ζωνται
2325 3633 2393 3702 τῇ
2428 3627 2753 3701 διδασκαλίᾳ
2778 3634 2885 3684 τῶν
2917 3625 3294 3707 πρεσϐυτέρων
3325 3630 3400 3693 είς
3447 3635 3609 3686 τοῦτο
3640 3651 3741 3687 πι-

2096 3718 2437 3790 ποιημὲνων·
2500 3719 2784 3781 τοιούτους
2840 3715 2899 3773 δὲ
2955 3720 3086 3774 εἶναι
3143 3718 3274 3775 τοὺς
3323 3717 3745 3795 καθαρτικοὶιςπ

2097 3805 2274 3876 ἀξίους
2305 3809 2402 3860 τοῦ
2453 3802 2776 3877 μεταδοῦναι
2832 3807 3034 3880 ἑτέροις
3083 3808 3392 3882 ἁγιότητος·
3444 3808 3532 3862 καὶ
3594 3806 3740 3863 οὕτω

2099 3892 2292 3950 λοιπὸν
2323 3893 2450 3957 τοὺς
2509 3893 2836 3958 ἐπισκόπους
2897 3896 3199 3970 βαπτίζειν·
3221 3896 3416 3958 αὐτοὺς
3446 3896 3550 3971 γὰρ
3579 3894 3743 3952 καλεῖ

2096 3981 2524 4058 τελεσιουργοός.
2557 3981 2774 4054 Ταύτην
2805 3980 2886 4038 δεῖ
2911 3984 3010 4052 τὴν
3039 3984 3186 4055 τάξιν
3218 3983 3602 4062 φυλάττεσθαι.

2594 4183 2709 4233 ΕΙΣ
2749 4179 2840 4236 ΤΟ
2878 4180 3136 4236 ΚΕΦΑΛ.
3171 4179 3244 4235 Δ’.

2169 4298 2196 4363 §
2228 4299 2271 4349 Ι.
2303 4293 2372 4347 Τὸ
2403 4293 2541 4368 πρὸς
2570 4293 2876 4350 κοινωνίαν.
2903 4293 3337 4368 Σημείωσαιτὸν
3371 4292 3640 4370 λογισμὸν
3675 4293 3747 4350 δι’

2097 4381 2156 4435 ’ὸν
2211 4381 2277 4435 τὰ
2331 4380 2502 4435 πάντα
2533 4383 2846 4456 παρήγαγεν
2881 4384 2908 4437 6
2940 4381 3204 4453 Θεὸς,⁹ίνα
3232 4385 3612 4453 κοινωνήσωσι
3642 4390 3745 4454 τῆς

2097 4469 2260 4524 αὐτοῦ
2309 4470 2640 4544 ἀγαθότητος
2672 4467 2955 4545 ἀναλόγως
3000 4467 3244 4526 ἕκαστον
3291 4474 3454 4525 τοῦτο
3512 4472 3613 4546 γὰρ
3647 4470 3744 4543 δη-

342 4557 658 4628 signiﬁcat,
688 4555 990 4611 Mansiones
1020 4558 1214 4615 multa:
1241 4559 1389 4630 apud
1419 4560 1645 4615 Patrem
1675 4560 1770 4632 (b).
1805 4561 1985 4617 Unus-

2109 4559 2194 4613 λοῖ
2245 4557 2331 4630 τὸ,
2392 4558 2568 4615 Μοναῖ
2617 4557 2826 4613 πολλαὶ
2857 4565 3003 4634 παρὰ
3056 4564 3136 4632 τῷ
3162 4559 3351 4634 Πατρί’
3387 4557 3608 4621 ἕκαστος
3639 4560 3741 4636 γὰρ

337 4645 588 4717 quisque
621 4644 778 4700 enim
810 4646 1139 4701 secundum
1173 4663 1320 4718 opus
1348 4648 1645 4719 proprium
1677 4650 1991 4724 participa~

336 4733 426 4790 bit
454 4735 525 4789 de
557 4733 744 4806 ipsius
775 4731 1033 4788 bonitate
1069 4750 1082 4789 :
1116 4733 1200 4790 ita
1229 4735 1404 4790 etiam
1451 4736 1621 4792 Titus
1655 4738 1798 4794 dicit
1829 4739 1886 4793 in
1919 4739 1992 4794 li-

343 4822 466 4878 bris
498 4822 700 4878 Contra
731 4822 1076 4877 Mam'chaeos.
1695 4895 1701 4901 α

411 4911 633 4966 Rerum.
666 4911 876 4966 Omnia
899 4910 1010 4966 hoc
1041 4910 1168 4966 loro
1200 4915 1395 4968 creata
1439 4906 1728 4969 collectim
1760 4930 1863 4986 per
1892 4933 1993 4972 no-

339 5014 471 5053 men
504 4993 670 5053 ὅντων
696 4999 993 5072 signiﬁcat
1022 5002 1078 5055 et
1107 4999 1503 5070 intelligibilia
1518 5005 1575 5056 et
1605 5002 1857 5058 visibilis
1876 5021 1996 5060 om-

347 5086 486 5152 nia;
522 5093 734 5142 cuncta
777 5089 934 5143 enim
983 5090 1134 5144 Deus
1179 5105 1246 5144 ex
1299 5089 1487 5142 nihilo
1531 5091 1684 5156 fecit,
1722 5093 1995 5164 utipsius

348 5172 607 5230 bonitate
637 5175 1003 5246 fruerentur;
1036 5178 1525 5234 fruunturautem
1556 5193 1657 5250 per
1689 5182 1996 5251 providen-

414 5327 491 5398 (b)
520 5325 690 5384 Joan.
720 5343 837 5399 xw,
869 5333 925 5386 2.

2102 4647 2236 4701 κατᾶ
2262 4647 2323 4701 τὸ
2355 4645 2493 4702 ἴδιον
2523 4645 2676 4723 ἔργον
2708 4649 3025 4718 κοινωνήσει
3055 4650 3154 4717 τῆς
3188 4647 3350 4703 αὐτοῦ
3380 4647 3740 4723 ἀγαθότητος·

2103 4733 2246 4790 οὕτω
2277 4735 2365 4789 καὶ
2397 4735 2562 4797 Τίτος
2594 4735 2756 4810 φησὶν
2803 4734 2854 4791 ἐν
2914 4741 3032 4800 τοῖς
3087 4737 3237 4794 Κατὰ
3291 4735 3612 4812 Μανιχαίων
3644 4735 3745 4791 λό-

2102 4845 2243 4899 γοις.

2173 4917 2405 4970 Ὄντων.
2438 4915 2698 4978 Ἐνταῦθα
2727 4916 2901 4972 πάντα
2944 4911 3263 4987 συλλήϐδην
3295 4915 3363 4972 τὰ
3391 4914 3444 4972 ἐν
3477 4912 3745 4992 δημιουρ-

2103 5003 2196 5078 γίᾳ
2228 5000 2395 5072 δηλοῖ
2423 4999 2513 5057 διὰ
2540 5007 2636 5057 τοῦ
2671 5003 2939 5076 ὀνόματος
2968 5008 3076 5059 τῶν
3105 4999 3297 5074 ὄντων,
3329 5005 3418 5060 καὶ
3443 5004 3615 5074 νοητὰ
3655 5004 3746 5060 καὶ

2105 5093 2272 5166 ὁρατά
2336 5093 2544 5145 πάνταο
2608 5092 2812 5148 ἅπαντα
2877 5093 2979 5169 γὰρ
3040 5094 3068 5146 6
3139 5093 3269 5155 Θεὸς
3329 5092 3387 5148 ἐκ
3441 5094 3517 5165 μὴ
3576 5089 3745 5148 ὄντων

2103 5179 2354 5251 ἐποίησεν
2386 5177 2500 5254 [διὰ
2527 5183 2690 5235 τοῦτο
2742 5181 2831 5236 καὶ
2883 5180 3094 5254 μόνον],
3139 5179 3231 5237 ’ίνα
3280 5187 3380 5253 τῆς
3411 5181 3576 5238 αὐτοῦ
3622 5181 3749 5258 ἀγα·

1340 5456 1584 5514 VARI/E
1626 5459 2027 5518 LECTIONES
2068 5461 2160 5518 ET
2199 5460 2740 5519 CORRECTIONES

411 5566 454 5601 ’τ
487 5562 645 5652 ἴσως,
672 5565 1055 5652 φωτιστικούς,
1084 5573 1217 5641 quia
1239 5587 1352 5628 non
1375 5579 1460 5630 est
1475 5577 1837 5648 καθαρτικῶν,
1870 5577 1971 5634 sed

2109 5579 2348 5630 ειστιχῶν
2379 5577 2586 5648 docere,
2617 5577 2759 5633 sicut
2783 5579 2959 5635 etiam
2988 5579 3079 5637 hic
3115 5578 3418 5648 indicatur,
3465 5582 3633 5652 atque
3676 5580 3746 5636 ab

341 5636 428 5694 his
458 5637 528 5693 ad
554 5636 839 5710 episcopos
868 5638 1003 5694 itur.
