4042 6210
389 398 461 453 55
755 379 757 381 ’
1200 399 1579 455 APPENDIX
1617 401 1712 452 AD
1750 399 1992 453 omna
2030 399 2110 452 s.‘
2133 398 2448 454 DIONYSII
2486 398 2987 456 AREOPAGITE.
3725 393 3804 448 se

392 522 567 594 dicat,
597 523 836 594 insuper
854 526 1050 578 autem
1071 528 1127 578 et
1151 524 1445 595 quomodo
1470 540 1571 594 per
1590 521 1828 594 angelos
1845 520 2033 577 initie-

2163 514 2293 594 ἔχειν
2328 515 2441 574 ’ἔτι
2491 518 2548 574 δὲ
2594 521 2684 574 καὶ
2726 518 2876 583 ὅπως
2922 517 2993 574 δι’
3039 515 3290 592 ἆγγὲλων
3345 514 3626 589 μυούμεθα
3659 533 3673 547 ⁸
3708 518 3803 572 καὶ

393 629 549 679 mur,
573 616 628 667 et
644 613 938 684 quomodo
961 629 1064 683 per
1087 612 1243 684 ipsos
1265 613 1399 668 data
1421 613 1498 668 sit
1519 613 1629 678 lex,
1657 617 1713 667 et
1734 613 1887 682 quod
1911 629 2040 667 ma-

309 713 311 716 ‘
384 700 544 770 jores
575 703 812 754 nostros
840 705 895 754 et
915 715 1014 755 eos
1045 700 1145 770 qui
1176 699 1362 772 legem
1381 706 1826 772 praecesserunt,
1861 704 1918 755 et
1940 715 2040 755 eos

395 788 497 858 qui
525 804 649 843 eam
674 788 975 844 subsecuti
1000 795 1158 858 sunt,
1183 791 1252 844 ad
1278 790 1644 846 divinitatem
1668 791 1983 845 deducunt.

471 873 1615 942 Celebres,Gr.xlswouc.Gloriosos.Illud
1639 895 1808 950 porro
1830 878 2042 950 facien-

396 964 546 1030 dum,
581 963 736 1019 sicut
763 964 820 1017 in
849 964 1029 1019 Josue
1073 965 1194 1020 {ilio
1216 966 1390 1035 Nave,
1422 971 1479 1021 et
1509 967 1779 1022 Gedeone
1801 971 1856 1021 et
1885 967 2037 1034 aliis;

394 1052 466 1107 ad
495 1059 698 1105 rectam
729 1060 916 1106 autem
946 1054 1122 1106 vilam
1153 1069 1187 1106 a
1217 1055 1334 1108 vita
1363 1061 1604 1124 pro/ana
1637 1055 1792 1109 sicut
1820 1054 1879 1108 in
1903 1059 2040 1110 (tor-

395 1138 547 1194 nelio
563 1139 922 1206 centurione;
949 1139 1174 1210 primus
1202 1143 1358 1196 enim
1402 1159 1469 1198 ex
1488 1142 1824 1198 inﬁdelibus
1853 1142 2041 1215 genti-

402 1227 515 1283 bus
537 1227 932 1297 transpositus
954 1232 1070 1282 est:
1096 1228 1315 1283 ordines
1338 1235 1530 1286 autem
1576 1247 1757 1286 sarros
1799 1231 1951 1285 sicut
1980 1230 2040 1284 in

323 1373 326 1382 ,
395 1314 634 1370 Daniele
655 1315 746 1386 (α)
771 1339 784 1370 :
808 1315 988 1370 Decies
1022 1314 1231 1371 millies
1252 1321 1475 1372 centena
1496 1319 1706 1384 millia;
1739 1325 1796 1374 et
1825 1320 1884 1372 in
1908 1319 2040 1374 Eze-

393 1403 542 1459 chiel
559 1403 864 1475 cherubim,
885 1408 942 1458 et
959 1405 1016 1458 in
1040 1405 1213 1476 Isaia,
1237 1407 1516 1478 seraphim
1537 1407 1646 1463 visi
1669 1407 2038 1479 sunt.Super-

392 1492 705 1548 mundanas
724 1498 916 1547 autem
943 1495 1186 1549 visiones
1220 1495 1376 1550 sicut
1397 1494 1454 1549 in
1479 1496 1658 1551 Paulo
1694 1496 1763 1551 ad
1797 1497 2040 1552 tertium

393 1582 600 1638 coelum
632 1587 796 1652 rapto
815 1581 916 1651 (d),
940 1582 999 1635 in
1017 1582 1367 1654 Apocalypsi
1389 1584 1506 1638 divi
1526 1584 1790 1640 Joannis.

461 1671 490 1742 §
519 1670 618 1724 III.
650 1669 992 1726 Immediate.
1021 1671 1081 1725 Id
1114 1678 1204 1725 est
1227 1672 1354 1727 sine
1381 1671 1733 1743 angelorum
1773 1672 2044 1729 ministe-

394 1775 510 1814 1'10.

463 1849 646 1918 Ipsum
673 1847 849 1914 illud,
870 1847 1010 1918 quod
1043 1852 1142 1903 est.
1171 1848 1309 1904 Vide
1331 1851 1625 1920 quomodo
1649 1849 1888 1921 explicet
1922 1866 2041 1905 ser-
2074 1867 2088 1921 ί

397 1952 631 1993 munem
653 1938 966 2006 dicentem,
990 1938 1164 1993 Deum
1186 1954 1344 1994 nemo
1368 1939 1506 1994 vidit
1525 1957 1768 2010 unquam
1800 1942 1867 2011 (e)
1885 1941 2040 2011 quod

393 2026 767 2081 verissimum
807 2041 1037 2093 censeo;
1066 2032 1122 2081 et
1162 2027 1353 2082 sciens
1370 2044 1500 2083 esse
1519 2031 1692 2084 verba
1737 2029 2042 2100 Scriptura:

395 2130 522 2184 quas
555 2114 760 2168 dicunt
784 2114 968 2168 Deum
992 2115 1181 2171 visum
1239 2132 1371 2171 esse
1391 2116 1754 2184 hominibus,
1783 2118 1935 2172 sicut
1981 2117 2040 2171 in

390 2201 865 2264 Adamo,sicutin
889 2202 1320 2274 paradiso(f),et
1344 2203 1402 2257 in
1427 2204 1805 2274 Abraham,in
1822 2221 2041 2276 quercu

394 2290 656 2345 Mambre
678 2289 778 2360 (g);
803 2295 860 2345 et
881 2291 1037 2360 quod
1073 2292 1130 2345 in
1155 2291 1410 2346 Sodoma
1428 2293 1970 2364 proficiscebantur,
1989 2298 2046 2349 et

392 2377 541 2432 Mosi
562 2376 622 2430 in
648 2382 868 2444 monte,
890 2378 1003 2432 etsi
1030 2379 1356 2449 posteriora
1373 2380 1603 2435 dicatur
1624 2380 1924 2452 vidisse(h)
1949 2399 1962 2437 :
1986 2385 2044 2436 et

392 2463 535 2518 dicit
579 2465 761 2533 ipsum
787 2464 1007 2534 quidem
1048 2466 1148 2520 Dei
1177 2468 1468 2533 occultam,
1498 2484 1656 2523 nemo
1684 2469 1840 2535 vidit,
1871 2486 2043 2543 neque

390 2551 614 2619 videbit,
646 2554 800 2622 quod
821 2557 910 2607 est
950 2554 1081 2623 ejus
1107 2557 1384 2623 essentia;
1414 2562 1515 2610 aut
1545 2559 1696 2627 quod
1737 2559 1912 2612 etiam
1942 2575 2040 2613 su-

390 2639 856 2704 blimius,nullus
884 2643 1123 2711 cogitare
1152 2652 1250 2698 aut
1277 2645 1563 2714 explicare
1588 2649 1763 2716 potest
1791 2647 1876 2701 vel
1902 2655 2042 2717 pole-

392 2729 472 2782 ril
503 2727 631 2797 quid
678 2730 751 2782 sit
779 2729 918 2782 Deus
947 2745 959 2783 :
988 2730 1037 2783 si
1079 2746 1212 2786 vero
1259 2733 1427 2787 factm
1479 2733 1696 2788 fuerint
1742 2733 2042 2804 aliquibus

396 2819 738 2871 sanctorum
769 2817 865 2869 Dei
899 2817 1312 2887 apparitiones,
1334 2820 1523 2891 cogita
1545 2821 1699 2890 quod
1723 2823 2042 2892 unusquis-

397 2920 508 2975 que
540 2920 644 2974 pro
673 2903 880 2959 merito
909 2905 1155 2976 propriae
1180 2907 1312 2960 ﬁdei
1345 2908 1540 2979 aliqua
1562 2909 1776 2980 dignus
1808 2910 2042 2965 habitus

403 2991 483 3046 sit
541 2990 766 3046 visione
802 2992 914 3062 ipsi
960 2994 1326 3050 divinitatem
1404 3003 1879 3068 repraesentante,
1943 3015 2044 3070 per

397 3095 576 3150 quam
609 3078 1058 3136 illustrationem
1093 3083 1424 3139 divinarum
1465 3087 1537 3140 ad
1569 3086 1764 3157 ipsum
1803 3087 2040 3143 venien-

398 3166 549 3220 tium
581 3167 983 3238 cognitionum
1011 3170 1384 3241 suscipiebat.

477 3257 764 3325 Tanquam
791 3257 853 3310 in
881 3258 1234 3324 formatione.
1258 3260 1541 3329 Arbitror,
1575 3263 2040 3320 transformatio-
2071 3245 2113 3313 (ἶ

397 3359 530 3397 nem
565 3342 774 3413 dicere,
800 3350 900 3398 aut
932 3345 1284 3400 miraculum
1328 3347 1384 3401 in
1432 3354 1629 3404 monte
1677 3351 1858 3418 Sinai,
1890 3353 2043 3408 sicut

399 3431 595 3502 ignem
609 3470 622 3484 .
1415 3418 1418 3421 ’

468 3519 568 3572 Dei
593 3520 1020 3590 apparitionem.
1063 3521 1159 3576 Dei
1205 3524 1627 3594 apparitionem
1653 3542 1801 3598 esse,
1828 3529 2039 3599 inquit,

401 3621 518 3659 non
543 3607 696 3676 quod
722 3611 872 3661 Deus
917 3609 1276 3678 manifestat,
1313 3617 1370 3666 et
1420 3615 1708 3683 ostendat,
1733 3616 1872 3687 quid
1926 3619 2037 3685 sit;

399 3693 508 3748 hoc
525 3693 682 3748 enim
707 3694 827 3749 ﬁeri
854 3697 1184 3766 ncquit;sed
1213 3699 1346 3769 quia
1371 3703 1554 3756 sancti
1572 3703 1766 3758 divina
1788 3705 2043 3760 illustra-

396 3781 554 3838 tione
569 3783 731 3854 digni
745 3785 1034 3840 habentur
1046 3803 1149 3857 per
1161 3786 1273 3860 aliq
1285 3805 1388 3844 uas
1399 3790 1653 3846 visiones
1667 3809 1860 3848 sacras
1875 3794 2043 3865 ipsis-

397 3886 509 3940 que
530 3873 1061 3946 preportionatas,q
1073 3891 1176 3930 uas
1188 3876 1530 3948 angelorum
1550 3896 1724 3950 opera
1740 3881 2038 3939 (ieridicit.

468 3958 920 4025 Legislalionem.
955 3962 1103 4017 Nota
1145 3964 1327 4034 legem
1379 3983 1508 4022 esse
1552 3967 1862 4025 obscuram
1894 3969 2040 4027 alte-
2127 3973 2139 3988 '

399 4044 522 4098 rius
553 4046 780 4124 divinae
810 4047 956 4118 legis
1007 4051 1315 4118 positionis
1354 4053 1828 4128 deliueationem,
1863 4060 1921 4113 id
1953 4064 2042 4116 est

399 4131 606 4185 divinas
640 4132 696 4185 in
731 4133 962 4188 Christo
999 4142 1217 4192 naturae
1264 4139 1535 4195 humanae
1576 4146 2038 4216 assumptionis;

396 4219 549 4306 quod
584 4225 781 4274 autem
814 4238 916 4292 per
948 4223 1186 4293 angelos
1219 4226 1355 4281 data
1385 4231 1421 4281 Ι
1442 4230 1478 4281 7
1517 4230 1598 4283 sit
1627 4231 1817 4301 prima
1866 4233 2038 4306 legis-

391 4305 634 4378 positio,
678 4307 939 4363 declarat
973 4311 1145 4366 etiam
1179 4317 1418 4368 sanctus
1440 4315 1772 4388 Stephanus
1794 4305 1994 4377 dicens
2022 4339 2035 4378 :

394 4393 499 4461 Qui
535 4397 819 4465 accepistis
849 4397 1023 4465 legem
1065 4400 1124 4452 in
1154 4399 1511 4471 dispositione
1538 4404 1961 4478 angelororum,
1988 4417 2042 4466 et

391 4497 503 4537 non
532 4483 848 4538 custodistis
879 4486 940 4554 (ἰ)
953 4526 965 4541 .

467 4575 625 4627 Eam.
663 4572 1109 4643 Legislationem
1141 4576 1382 4633 scilicet.

465 4666 573 4716 Per
592 4662 804 4731 prima.
837 4665 986 4718 Nota
1019 4668 1333 4736 quomodo,
1361 4684 1463 4738 per
1488 4671 1670 4740 prima
1704 4670 1812 4728 hoc
1835 4677 1941 4745 est,
1973 4691 2041 4731 ea

397 4765 525 4820 qua:
584 4752 1095 4822 transcenderunt,
1156 4756 1394 4812 secunda
1443 4757 1572 4829 (pro
1620 4761 1910 4830 inferiora)
1968 4765 2039 4819 ad

393 4837 578 4894 Deum
611 4838 920 4911 eriguntur
952 4841 1128 4898 etiam
1161 4860 1265 4915 per
1295 4832 1592 4916 alngelicos
1624 4849 1878 4906 ordines.

461 5015 1025 5089 Supersubstanliali,
1087 5019 1184 5074 Gr.
1271 5017 1616 5092 ὐπεροόσιον.
1697 5024 2040 5095 Ὑπερούσιον

390 5100 728 5174 ταξιαρχίαν,
763 5107 1123 5180 principium
1169 5112 1224 5163 et
1262 5125 1501 5165 causam
1535 5112 1852 5169 efi‘ectivam
1882 5117 2037 5172 ordi-

391 5186 485 5242 nis
515 5187 778 5258 ipsorum
810 5195 974 5250 dicit.

459 5339 528 5410 (c)
551 5343 734 5414 Caput
762 5360 863 5414 vn,
897 5365 947 5402 ν.
985 5352 1069 5405 10.

385 5427 587 5480 xxxm,
619 5411 707 5467 23.
785 5411 857 5486 (ἰ)
880 5419 1004 5474 Act.
1037 5439 1136 5488 νιι,
1157 5411 1265 5479 53.

1266 5353 1314 5408 ΙΙ
1345 5354 1476 5409 Cor.
1507 5373 1607 5426 x11,
1635 5357 1689 5411 2.
1769 5359 1820 5430 (e
1851 5360 2039 5431 )Joan.

2185 5362 2271 5416 18.
2347 5360 2418 5431 (f)
2465 5360 2608 5417 Gen.
2641 5376 2725 5428 ιιι,
2751 5361 2807 5418 9.
2884 5359 2955 5431 (g)
3004 5364 3144 5417 Gen.
3171 5378 3334 5431 xvm,
3367 5363 3420 5417 1.

2147 612 2264 670 πῶς
2321 605 2389 661 δι’
2451 607 2625 663 αὐτῶν
2685 609 2712 662 ὁ
2743 609 2914 680 νόμος
2967 602 3153 676 ἐδόθη,
3187 605 3274 659 καὶ
3303 602 3385 660 ὅτι
3419 603 3507 659 καὶ
3537 604 3662 666 τοὺς
3691 605 3803 679 πρὸ

2146 694 2320 768 νόμου
2364 696 2452 750 καὶ
2497 697 2632 768 μετά
2675 695 2844 768 νόμον
2895 696 3127 769 πατέρας
3173 697 3333 768 ἡμῶν
3391 690 3613 769 ἄγγελοι
3660 694 3805 771 πρὸς

2149 789 2290 847 θεῖον
2324 786 2515 859 ἀνῆγον
2529 828 2539 840 .

2219 871 2498 935 Κλεινοός.
2532 870 2832 943 Ἐνδόξους.
2875 874 2949 930 Τὸ
3001 870 3058 926 δὲ
3104 873 3392 948 πρακτέον⁹
3439 872 3513 934 ὡς
3563 871 3651 927 ἐπὶ
3683 874 3799 944 Ἰη-

2148 965 2244 1014 cui}
2296 965 2392 1014 τοῦ
2449 962 2626 1030 Ναυῆ,
2657 959 2745 1015 καί
2802 958 3029 1033 Γεδεὼν,
3082 960 3170 1015 καὶ
3230 959 3416 1016 ἄλλων
3449 978 3462 993 ⁸
3515 962 3652 1036 πρὸς
3711 960 3805 1016 εὖ·

2150 1050 2294 1102 θεῖαν
2329 1046 2386 1103 δὲ
2416 1047 2540 1104 ὁδὸν
2573 1049 2678 1104 ἀπὸ
2721 1051 2937 1125 ἀνιέρου
2972 1055 3136 1118 ζωῆς,
3167 1051 3246 1111 ὡς
3303 1049 3391 1104 ἰπὶ
3445 1054 3543 1104 τοῦ
3593 1056 3808 1125 Κορνη-

2149 1135 2273 1192 λίου
2304 1141 2399 1192 τοῦ
2429 1137 2858 1213 ἑκατοντάρχου·
2895 1142 3113 1213 πρῶτος
3146 1139 3250 1213 γὰρ
3277 1136 3329 1208 ἐξ
3361 1137 3601 1192 ἀπίστων
3635 1137 3810 1193 ἐθνῶν

2153 1229 2408 1300 μετετέθη
2444 1245 2458 1260 ⁸
2491 1225 2666 1297 τάξεις
2697 1224 2755 1280 δὲ
2797 1227 2966 1300 ἱερὰς,
3001 1227 3075 1288 ὡς
3115 1225 3202 1281 ἐπὶ
3254 1230 3352 1281 τοῦ
3403 1225 3607 1296 Δανιήλ
3633 1243 3647 1258 ⁸
3683 1229 3807 1284 Μυ-

2151 1315 2259 1391 ρίαι
2295 1313 2550 1390 μυριάδες
2586 1337 2598 1350 ⁸
2640 1314 2729 1370 καὶ
2785 1319 2882 1370 τοῦ
2914 1313 3204 1385 Ἰεζεκιήλ,
3235 1313 3301 1369 τὰ
3357 1310 3636 1390 χερουϐίμ
3661 1333 3674 1347 ⁸
3708 1315 3807 1370 καὶ

2147 1407 2244 1457 τοῦ
2291 1401 2537 1471 Ἠσαίου,
2580 1403 2646 1457 τὰ
2690 1404 2926 1480 σεραφὶμ
2981 1399 3260 1481 ὤφθησαν.
3309 1404 3706 1476 Ὑποκοσμίους
3753 1406 3808 1440 ³ο

2151 1489 2208 1546 δὲ
2240 1492 2475 1566 ὁράσεις,
2508 1492 2581 1554 ὡς
2616 1491 2703 1546 ἰπὶ
2732 1496 2829 1547 τοῦ⁸
2861 1491 3080 1547 Παύλου
3110 1492 3441 1567 ἁρπαγὲντος
3469 1488 3573 1554 ἕως
3607 1492 3803 1566 τρίτου

2150 1579 2401 1654 οὖρανοῦσ
2424 1580 2513 1635 καὶ
2545 1579 2630 1635 ἐπὶ
2655 1587 2755 1650 τῆς
2784 1585 2882 1636 τοῦ
2913 1580 3059 1644 θείου
3077 1579 3329 1636 Ἰωάννου
3351 1579 3802 1655 Ἀποκαλύψεως.

2221 1671 2375 1738 §III.
2409 1670 2673 1742 Ἀμὲσως.
2718 1664 3005 1726 Τουτόοτιν
3057 1666 3180 1724 ἄνευ
3228 1675 3329 1738 τῆς
3373 1668 3614 1745 ἀγγέλων
3676 1667 3803 1724 δια-

2148 1757 2354 1821 κονίας.

2221 1845 2310 1906 Ὠς
2343 1843 2472 1899 αὐτὸ
2533 1846 2562 1899 δ
2611 1866 2665 1899 τι
2715 1845 2847 1900 ποτε
2903 1845 3032 1901 ἐστι.
3063 1848 3203 1918 ’Όρα
3252 1849 3370 1907 πῶς
3413 1843 3684 1921 ιξηγεῖται
3733 1846 3804 1900 τὸ

2153 1931 2316 2008 ῥητὸν
2375 1935 2437 1987 τὸ
2484 1931 2666 2008 λέγον,
2695 1934 2823 1989 Θεὸν
2879 1930 3056 1995 οὐδεὶς
3113 1935 3320 2006 ὶώρακε
3366 1935 3612 2006 πώποτε,
3668 1935 3805 2011 ὅπερ

2149 2021 2515 2091 ἀληθέστατον
2561 2025 2827 2098 ἠγοῦμαι,
2874 2023 2966 2076 καὶ
3012 2020 3170 2084 είδὼς
3237 2021 3320 2076 ὅτι
3389 2021 3493 2077 eici
3564 2026 3810 2101 γραφικὰ

2151 2107 2368 2185 ῥήματα
2416 2108 2666 2185 λέγοντα,
2719 2112 2792 2171 ὡς
2838 2111 2866 2164 ὁ
2916 2111 3044 2172 Θεὸς
3094 2108 3250 2188 ὤφθη
3289 2115 3408 2172 τοῖς
3470 2111 3804 2186 ἀνθρώποις,

2151 2199 2226 2261 ὡς
2283 2197 2369 2252 ἰπὶ
2416 2203 2513 2252 τοῦ
2559 2195 2752 2271 Ἀδὰμ,
2795 2199 2872 2261 ὡς
2924 2199 2975 2254 ἐν
3026 2203 3106 2270 τῷ
3154 2196 3465 2274 παραδείσῳ
3498 2218 3511 2232 ⁸
3559 2199 3651 2254 καὶ
3708 2199 3802 2255 ἰπὶ

2147 2291 2244 2341 τοῦ
2275 2282 2547 2361 Ἀϐραὰμ,
2600 2288 2651 2342 ἂν
2692 2290 2760 2361 τῇ
2821 2285 2945 2362 δρυῒ
2995 2290 3064 2362 τῇ
3116 2282 3382 2361 Μαμϐρῆ,
3430 2287 3519 2342 καὶ
3582 2286 3671 2343 ὅτε
3722 2289 3802 2353 είς

2152 2373 2373 2448 Σόδομα
2401 2374 2720 2449 ἐπορεύοντο
2745 2394 2757 2406 ⁸
2792 2375 2881 2430 καὶ
2911 2380 2990 2448 τῷ
3027 2380 3214 2432 Μωσεῖ
3243 2375 3321 2437 εἷς
3351 2377 3412 2431 τὸ
3444 2371 3594 2451 ὅρος,
3629 2375 3678 2432 εί
3707 2379 3799 2432 καὶ

2148 2465 2215 2518 τὰ
2267 2463 2488 2518 ὀπίσθια
2546 2463 2757 2538 λέγεται
2814 2465 3108 2540 ἑωρακέναι
3143 2482 3156 2498 ⁸
3213 2463 3302 2519 καὶ
3348 2463 3496 2539 λέγει
3529 2463 3613 2519 ὅτι
3664 2465 3796 2521 αὐτὸ

2153 2553 2249 2624 μὲν
2304 2552 2366 2605 τὸ
2425 2551 2653 2629 κρύφιον
2726 2556 2823 2606 τοῦ
2898 2556 3031 2608 Θεοῦ
3101 2550 3277 2616 οὐδεὶς
3350 2553 3608 2625 ὶώρακεν,
3668 2552 3800 2610 οὗδὶ

2151 2635 2362 2712 ὄψεται,
2393 2638 2525 2714 ὅπερ
2573 2639 2712 2695 ἐστὶν
2762 2640 2914 2695 οὐσία
2963 2641 3128 2696 αὐτοῦ
3161 2660 3174 2674 ·
3207 2641 3242 2709 ἢ
3291 2641 3380 2696 καὶ
3432 2640 3796 2717 ὑψηλότερον,

2149 2728 2232 2783 ὅτι
2296 2726 2474 2790 οὐδεὶς
2539 2737 2868 2798 κατανοῆσαι
2925 2729 3014 2784 καὶ
3073 2729 3272 2803 φράσαι
3346 2727 3561 2785 δύναται
3615 2729 3650 2799 ἢ
3701 2727 3795 2784 δυ-

2149 2817 2390 2885 νήσεται,
2422 2814 2473 2868 τί
2533 2814 2671 2871 ἐστιν
2732 2818 2760 2871 ὁ
2817 2816 2964 2878 Θεός.
3012 2817 3072 2872 Εἰ
3133 2814 3189 2871 δὲ
3243 2816 3334 2871 καὶ
3387 2816 3626 2892 ἐγίνοντό
3680 2839 3792 2872 τισι

2149 2904 2452 2981 θεοφάνειαι
2480 2908 2586 2958 τῶν
2636 2904 2826 2979 ἁγίων,
2859 2906 3056 2976 νόησον
3109 2904 3193 2960 ὅτι
3242 2903 3526 2980 ἀναλόγως
3571 2901 3796 2969 ἕκαστος

2151 2999 2248 3061 τῆς
2286 2989 2421 3046 ίδίας
2450 2992 2681 3054 πίστεως
2731 2994 2953 3064 ἠξιοῦτό
3000 3014 3148 3055 τινος
3199 2992 3438 3070 ὁράσεως
3497 2992 3797 3066 ἐμφαινού-

2152 3101 2253 3151 σης
2282 3081 2433 3152 αὐτῷ
2462 3081 2525 3135 τὸ
2557 3087 2720 3152 θεῖον,
2757 3078 2826 3136 δι’
2855 3084 2920 3150 ἧς
2952 3084 3050 3151 τὴν
3097 3081 3374 3158 ἔλλαμψιν
3421 3079 3641 3158 ἐδέχετο
3687 3088 3795 3139 τῶν

2152 3169 2228 3230 είς
2257 3169 2416 3223 αὐτὸν
2453 3169 2766 3244 ἐρχομένων
2801 3169 2956 3225 θείων
2989 3171 3266 3246 γνώσεων.

2223 3259 2311 3319 Ὦς
2343 3257 2397 3312 ἐν
2451 3257 2750 3334 μορφώσει.
2783 3259 2974 3331 Οἶμαι,
3006 3261 3106 3329 τήν
3158 3261 3578 3335 μεταμόρφωσιν
3625 3257 3799 3335 λέγει,

2151 3347 2186 3416 ἢ
2215 3345 2278 3400 τὸ
2308 3344 2360 3399 ἐν
2392 3346 2472 3416 τῷ
2508 3345 2707 3418 Σιναίῳ
2737 3341 2849 3422 ὄρει
2883 3347 3064 3420 θαῦμα
3087 3347 3160 3409 ὡς
3192 3350 3321 3423 πῦρ.

2220 3521 2562 3600 Θεοφάνειαν.
2591 3522 2909 3600 Θεοφάνειαν
2943 3522 3077 3578 εἶναί
3108 3543 3271 3601 φησιν
3301 3523 3362 3578 οὗ
3413 3521 3502 3578 διὰ
3554 3523 3616 3578 τὸ
3671 3521 3796 3600 φαί-

2147 3631 2256 3665 νειν
2312 3611 2406 3665 τὸν
2465 3611 2590 3665 Θεὸν
2649 3609 2739 3665 καὶ
2794 3608 3130 3685 δεικνύειν,ό
3176 3632 3228 3665 τι
3277 3609 3411 3666 ποτέ
3443 3610 3554 3666 ἐστι
3588 3615 3797 3666 ’τοῦτο

2149 3700 2252 3774 γὰρ
2283 3699 2570 3773 ἀμήχανον
2602 3717 2614 3730 ⁸
2650 3697 2775 3753 ἀλλ’
2821 3699 2903 3754 ὅτι
2956 3700 3103 3762 θείας
3161 3697 3488 3774 ἆλλάμψεως
3546 3700 3598 3753 οἱ
3653 3699 3797 3774 ἅγιοι

2151 3787 2420 3856 ἀξιοῦνται
2470 3785 2559 3842 διά
2587 3809 2748 3842 τινων
2792 3787 3026 3863 ὁράσεων
3075 3789 3234 3863 ἱερῶν
3281 3787 3373 3841 καὶ
3429 3785 3614 3848 αὐτοῖς
3670 3785 3800 3841 ἀνα-

2151 3873 2355 3950 λόγων,
2387 3875 2448 3940 ἃς
2489 3873 2558 3930 δι’
2590 3876 2830 3952 ἀγγέλων
2858 3876 3097 3950 γίνέσθαι
3131 3874 3298 3951 λέγει.

2222 3964 2606 4036 Θεσμοθεσίαν.
2640 3965 2981 4038 Σημείωσαι,
3015 3963 3099 4019 ὅτι
3155 3963 3243 4019 καὶ
3303 3965 3330 4019 ὁ
3387 3959 3557 4038 νόμος
3614 3963 3799 4037 ἑτέρας

2151 4055 2294 4116 θείας
2322 4053 2640 4124 νομοθεσίας
2689 4053 3036 4116 ὑποτύπωσίς
3081 4053 3214 4121 ἐστι,
3251 4055 3497 4109 τουτέστι
3544 4060 3646 4123 τῆς
3698 4073 3802 4108 κα-

2147 4142 2212 4194 τὰ
2243 4143 2471 4216 Χριστὸν
2514 4141 2659 4204 θείας
2697 4142 3173 4219 ἐνανθρωπήσεως·
3209 4140 3292 4197 ὅτι
3333 4139 3390 4196 δὶ
3438 4139 3506 4196 δι’
3555 4141 3800 4216 ἀγγὲλων

2148 4226 2308 4299 ἐδόθη
2341 4231 2375 4298 ἡ
2407 4229 2597 4303 πρώτη
2625 4231 2939 4303 νομοθεσία,
2975 4228 3141 4301 δηλοῖ
3180 4231 3269 4286 καὶ
3309 4231 3337 4286 ὁ
3383 4230 3539 4304 ἅγιος
3596 4231 3798 4308 Στέφα-

2145 4338 2237 4379 νος
2267 4316 2442 4392 λὲγων
2475 4338 2487 4348 ⁸
2525 4318 2736 4380 Οἳτινες
2788 4315 3010 4374 ἐλάϐετε
3054 4321 3148 4374 τὸν
3195 4319 3363 4393 νόμον
3416 4319 3492 4381 εἷς
3542 4315 3798 4395 διαταγὰς

2149 4405 2413 4481 ἀγγέλων,
2445 4406 2534 4460 καὶ
2567 4409 2666 4463 οὐκ
2697 4407 3012 4486 ὶφυλάξατε.

2070 4607 2116 4671 D
2219 4585 2426 4671 Αὐτήν.
2460 4587 2576 4652 Τήν
2610 4584 2960 4658 θεσμοθεσίαν
2995 4583 3276 4654 δηλονότι.

2221 4673 2295 4729 Τὸ
2349 4670 2438 4727 διὰ
2491 4677 2598 4727 τῶν
2657 4674 2910 4749 πρώτων.
2965 4673 3306 4747 Σημείωσαι,
3365 4677 3482 4735 πῶς
3543 4670 3632 4727 διὰ
3687 4677 3794 4727 τῶν

2150 4763 2404 4837 πρώτων,
2462 4763 2706 4817 τουτέστι
2760 4767 2870 4817 τῶν
2947 4757 3383 4832 ἀναϐεϐηκότων,
3439 4763 3506 4816 τὰ
3576 4758 3799 4835 δεύτερα

2149 4850 2285 4923 (ἀντὶ
2319 4856 2416 4906 τοῦ
2455 4852 2524 4906 τὰ
2565 4845 2969 4923 ὑποϐεϐηκότα)
3000 4851 3140 4927 πρὸς
3189 4850 3316 4907 Θεὸν
3371 4851 3650 4926 ἀνάγονται
3703 4850 3797 4905 καὶ

2148 4939 2270 5012 περὶ
2299 4943 2404 4993 τῶν
2434 4939 2736 5014 ἆγγελικῶν
2767 4937 3075 5010 διατάξεων.

2217 5026 2583 5104 Ὑπεθούσιον.
2656 5028 3000 5102 Ὑπερούσιον
3103 5028 3422 5104 ταξιαρχίαν
3510 5027 3611 5097 τὴν
3692 5033 3796 5096 τῆς

2142 5115 2341 5188 τάξεως
2370 5116 2543 5170 αὐτῶν
2574 5117 2752 5191 ἀρχὴν
2786 5119 2872 5172 καί
2901 5118 3198 5188 ποιητικὴν
3230 5116 3403 5172 αἰτίαν
3435 5111 3562 5193 ἔφη.

3501 5361 3581 5432 (h)
3615 5361 3794 5417 Exod.

1412 5548 1652 5608 VARI/ﬁ
1693 5552 2082 5612 LECTIONES
2121 5555 2214 5610 ET
2253 5553 2820 5612 CORRECTIONES.

455 5634 500 5668 ⁸ο
533 5633 950 5707 ὑπερκοσμίους.
