4042 6210
264 347 334 402 57
686 335 688 337 ’
985 353 1048 405 s.
1088 349 1365 432 Maium
1399 349 1709 406 scaeua
1747 352 1822 403 IN
1858 351 1992 404 us.
2032 352 2128 404 Ds
2164 350 2485 406 CCELESTI
2522 352 2994 408 HIERARCHIA.
3623 353 3696 408 58

341 473 498 547 §IV.
531 466 807 547 Γαϐριήλ.
873 471 1219 544 Σημείωσαι,
1265 469 1348 526 ὅτι
1394 473 1462 527 τὰ
1512 472 1636 547 περὶ
1667 477 1766 540 τῆς
1799 470 1929 526 ἐναν-

2127 473 2270 541 §1V.
2305 475 2541 530 Gabriel.
2591 478 2756 541 Nota,
2805 475 3028 546 primos
3075 475 3313 548 angelos
3361 477 3553 533 doceri
3604 478 3693 533 in-

268 562 620 638 θρωπήσεως
648 565 863 632 πρῶτοι
905 564 1166 633 μυοῦνται
1225 557 1472 636 ἄγγελοι,
1531 561 1604 621 ὡς
1661 559 1828 629 ὸηλοῖ
1873 559 1929 614 ra‘

2047 563 2469 629 carnationem,
2503 563 2655 618 sicut
2682 563 2984 619 declarant
3011 563 3190 618 divini
3223 564 3504 620 Gabrielis
3540 571 3688 638 acta,

271 651 413 706 κατᾶ
462 651 560 703 τὸν
621 648 900 712 θειότατον
951 643 1218 724 Γαϐριὴλ,
1275 647 1512 722 μαθόντα
1566 649 1632 703 τὰ
1670 649 1794 722 περὶ
1840 652 1937 703 τοῦ

275 739 437 814 ἁγίου
499 738 797 793 Ἰωάννου⁶
859 735 1358 812 εὖαγγελισάμενον
1415 733 1473 792 δὲ
1525 736 1613 791 καὶ
1663 740 1732 810 τῇ
1791 742 1938 810 Παρ-

275 829 439 899 θένῳ,
501 826 588 880 ὅτι
641 825 701 880 ἐκ
731 825 1038 898 Πνεῦματος
1090 825 1244 900 ἁγίου
1303 823 1642 900 συλλήψεται
1704 824 1937 901 σαρκού-

283 937 442 992 μενον
473 916 569 970 τὸν
605 916 736 970 Θεὸν
765 914 962 990 Λόγον.

352 1002 669 1079 Ἀνδρικῆς.
741 1001 1004 1079 Ἀνδρικὴ
1077 1001 1328 1079 θεουργία
1395 1005 1430 1072 ἠ
1490 1007 1728 1077 Χριστοῦ
1787 1001 1933 1057 ἔναν-

277 1095 596 1168 θρώπησις,
647 1093 764 1147 καθ’
826 1092 893 1160 ἦν
953 1091 1080 1152 Θεὸς
1133 1092 1210 1146 ὢν
1263 1090 1314 1146 ἐν
1371 1091 1527 1167 σαρκὶ
1579 1093 1646 1146 τὰ
1677 1096 1793 1155 θεῖα
1823 1091 1934 1164 εἶρ-

273 1185 487 1258 γάζετο.
555 1181 757 1236 Σκόπει
819 1178 900 1247 δὲ,
952 1184 1092 1244 πῶς,
1147 1179 1312 1235 εἰπὼν
1347 1180 1574 1244 ἐνταῦθα
1601 1180 1693 1235 τὸν
1727 1181 1936 1250 Ἰησοῦν

279 1269 542 1345 ἀνδρικὴν
603 1269 911 1344 θεουργίαν,
951 1269 1042 1324 καὶ
1093 1265 1181 1323 διὰ
1237 1271 1330 1342 μὲν
1377 1273 1473 1323 τοῦ
1523 1267 1703 1344 λέγειν
1752 1266 1933 1343 ἄνδρι-

274 1363 399 1431 κήν,
433 1356 647 1430 δηλῶν,
679 1357 763 1412 ὅτι
789 1356 1003 1420 τέλειος
1030 1356 1313 1431 ἅνθρωπος
1340 1358 1550 1432 γέγονε·
1613 1355 1702 1411 διὰ
1753 1354 1810 1412 δὶ
1835 1361 1934 1412 τοῦ

273 1447 582 1524 θεουργίαν,
639 1446 720 1501 δτι
783 1446 913 1507 Θεὸς
969 1444 1060 1500 καὶ
1119 1441 1231 1500 ἔστι
1290 1443 1660 1522 ἅνθρωπος³¹,
1698 1447 1726 1501 ὁ
1775 1445 1935 1510 αὐτὸς

270 1539 367 1598 τὰς
419 1535 749 1608 διοσημείας
799 1533 1186 1609 ἐργασάμενος,
1234 1535 1368 1608 μετὰ
1422 1534 1599 1610 βραχὺ
1654 1534 1820 1610 λέγει,
1848 1534 1930 1590 ὅτι

274 1620 691 1698 ἆμετάὸλητος’
755 1619 939 1698 ἔμεινε
987 1624 1087 1698 γὰρ
1120 1625 1208 1678 καὶ
1269 1623 1298 1678 ’ὸ
1329 1625 1396 1693 ἦν
1455 1622 1558 1680 ἀεί.
1595 1622 1816 1678 suum
1876 1621 1932 1678 δὲ

270 1713 443 1769 πάλιν
507 1713 632 1789 δρα,
678 1717 798 1776 πῶς
844 1733 1008 1791 φησιν
1061 1711 1114 1767 έν
1171 1715 1240 1786 τῇ
1293 1711 1418 1788 ἁγίᾳ
1473 1711 1720 1785 Θεοτόιιῳ
1750 1711 1933 1789 Μαρίᾳ

266 1802 519 1878 γενέσθαι
596 1809 695 1871 τῆς
773 1800 1016 1877 ἀρρήτου
1097 1799 1457 1864 θεοπλαστίας
1510 1802 1572 1855 τὸ
1640 1800 1930 1875 θεαρχικὸν

272 1892 602 1962 μυστήριον.
666 1887 1037 1944 Θεοπλαστίαν
1097 1885 1155 1943 δέ
1213 1888 1379 1964 λέγει,
1439 1885 1624 1958 δηλῶν
1676 1890 1758 1943 ὅτι
1799 1889 1928 1951 Θεὸς

267 1977 545 2047 έπλάσθη,
596 1979 716 2041 καθ’
769 1979 798 2032 ὃ
828 1978 1046 2052 γέγονεν
1079 1975 1386 2051 ἅνθρωπος,
1419 1977 1492 2038 ὡς
1522 1977 1584 2031 τὸ
1615 1976 1731 2053 εΐρη
1744 1977 1924 2050 μένον·

268 2067 332 2124 Ὁ
382 2066 560 2138 Λόγος
619 2066 747 2142 σὰρξ
805 2066 1034 2140 έγένετο.
1067 2066 1369 2140 Θεαρχιχὸν
1403 2063 1482 2134 δὲ,
1528 2066 1610 2121 ὅτι
1666 2070 1764 2120 τοῦ
1794 2065 1928 2121 Θεοῦ

268 2158 368 2208 τοῦ
426 2154 612 2209 αἰτίου
669 2153 758 2208 καὶ
820 2155 998 2229 ἀρχῆς
1053 2150 1206 2216 ὄντος
1254 2158 1363 2208 τῶν
1409 2152 1714 2229 λεγομένων
1771 2157 1928 2224 θεῶν,

270 2242 532 2319 ἀγγέλων
570 2264 626 2298 ιε
651 2244 741 2298 καὶ
775 2240 1002 2298 δικαίων
1046 2242 1366 2314 ἀνθρώπων,
1406 2242 1470 2298 τὸ
1505 2246 1801 2316 μυστήριον
1833 2247 1932 2312 τῆς

273 2333 752 2408 ένανθρωπήσεως
814 2331 906 2402 ἦν,
971 2331 1029 2386 ὃν
1083 2331 1211 2386 Θεὸν
1249 2332 1460 2402 Ἰησοῦν
1488 2331 1928 2406 προωνόμασε³².

2048 650 2146 722 qui
2190 651 2332 705 dicit
2379 668 2444 706 ea
2490 667 2622 722 quae
2667 655 2937 706 sanctum
2985 652 3270 707 Joannem
3318 652 3690 724 (Baptistam)

2047 739 2411 808 spectabant,
2444 738 2814 795 annuntiavit
2843 744 3038 794 autem
3070 739 3246 796 etiam
3277 739 3692 812 Virgini,qucd

2045 843 2115 882 ex
2164 828 2382 899 Spiritu
2439 833 2642 884 sancto
2701 828 3032 900 conciperet
3077 829 3448 885 incarnatum
3506 830 3690 885 Deum

2043 916 2328 973 Verbum.

2115 1006 2408 1062 Humana.
2443 1006 2710 1062 Humana
2765 1006 2963 1062 divina
3015 1007 3274 1078 operatio
3322 1011 3424 1062 aut
3476 1005 3691 1064 Christi

2045 1108 2180 1148 cum
2211 1093 2549 1149 hominibus
2573 1094 2958 1164 conversatio,
2985 1093 3041 1148 in
3067 1111 3183 1166 qua
3205 1095 3360 1151 Deus
3381 1095 3692 1166 exsistens,

2042 1181 2238 1236 divina
2268 1183 2326 1238 in
2359 1199 2531 1238 carne
2561 1184 2934 1254 operabatur.
2968 1183 3284 1239 Considera
3313 1189 3511 1240 autem
3551 1200 3693 1256 quo-

2043 1271 2238 1336 modo,
2271 1275 2585 1343 postquam
2617 1271 2829 1326 dixerit
2859 1271 2968 1327 hoc
2999 1271 3122 1328 loco
3151 1272 3692 1343 Jesum,humanam

2041 1359 2139 1414 Dei
2162 1362 2542 1430 operationem
2567 1377 2588 1415 :
2619 1364 2676 1416 et
2704 1360 2943 1431 quidem
2971 1360 3216 1417 dicendo
3255 1361 3559 1417 humanam
3587 1363 3692 1417 de-

2040 1447 2225 1504 clarat
2253 1450 2404 1518 quod
2439 1449 2728 1519 perfectus
2762 1449 2932 1505 homo
2966 1449 3174 1518 fuerit;
3201 1466 3302 1521 per
3328 1466 3523 1505 vocem
3553 1467 3691 1506 vero

2041 1538 2140 1593 Dei
2191 1545 2582 1608 aperatwnem,
2615 1537 2769 1609 quod
2831 1538 2909 1594 sit
2964 1538 3144 1605 Deus,
3192 1542 3251 1594 et
3303 1538 3502 1607 homo,
3532 1537 3690 1594 idem

2040 1625 2168 1696 ipse
2223 1625 2460 1681 deitatis
2518 1626 2686 1698 signa
2743 1630 3059 1698 operatus;
3092 1625 3267 1696 paulo
3326 1632 3459 1698 post
3513 1627 3690 1696 dicat,

2041 1713 2194 1784 quod
2249 1715 2616 1769 immutabilis
2659 1730 2674 1781 ;
2736 1715 2957 1770 mansit
3011 1714 3170 1770 enim
3223 1730 3458 1786 semper
3512 1715 3690 1771 etiam

2041 1802 2194 1873 quod
2228 1807 2392 1858 erat:
2427 1802 2694 1874 illudque
2744 1820 2951 1858 rursus
2993 1803 3144 1870 vide,
3196 1805 3487 1874 quomodo
3536 1803 3693 1860 dicat

2034 1891 2095 1946 in
2126 1895 2329 1946 sancta
2362 1892 2605 1964 Deipara
2637 1893 2820 1947 Maria
2854 1892 3034 1948 luisse
3084 1891 3399 1948 ineffabilia
3432 1893 3532 1948 Dei
3564 1893 3691 1948 efﬁ-

2041 1980 2246 2035 clicnis
2292 1983 2753 2044 sacramentum.
2788 1981 2945 2052 quod
2983 1998 3016 2037 a
3045 1981 3159 2036 Deo
3193 1981 3546 2052 principium
3580 1982 3693 2035 du-

2041 2069 2140 2124 cit.
2173 2066 2538 2122 Θεοπλαστίαν
2571 2075 2766 2126 autem
2799 2069 2966 2139 dixit,
2996 2070 3304 2126 declarans
3353 2070 3508 2142 quod
3540 2074 3692 2126 Deus

2040 2159 2272 2213 efﬁctus
2301 2158 2476 2214 fuerit
2519 2159 2843 2214 secundum
2877 2161 3030 2230 quod
3067 2160 3176 2214 fuit
3207 2159 3404 2224 homo,
3435 2159 3592 2214 sicut
3621 2158 3691 2212 il-

2042 2245 2143 2301 lud
2175 2246 2488 2318 Scriptura
2521 2264 2534 2302 :
2568 2248 2808 2302 Verbum
2836 2263 2961 2302 caro
2988 2249 3200 2317 factum
3230 2251 3316 2301 est
3343 2246 3691 2320 (Ιί).Θεαρχι-

2044 2333 2139 2386 κόν
2172 2339 2392 2400 autem,
2426 2336 2564 2406 quia
2595 2339 2706 2390 Dec
2737 2352 2915 2391 causa
2947 2341 3004 2390 et
3034 2335 3320 2406 principio
3376 2336 3695 2391 exsistante

275 2423 518 2478 illorum
551 2421 655 2495 qui
689 2421 972 2478 dicuntur
999 2421 1104 2490 dii,
1134 2420 1477 2494 angelorum
1526 2426 1584 2477 et
1625 2423 1924 2494 justorum
1973 2421 2303 2492 hominum,
2348 2427 2781 2478 sacramentum
2831 2421 3256 2478 incarnationis
3303 2421 3498 2487 ﬁebat,
3532 2423 3690 2493 quod

280 2511 483 2566 Jesum
515 2510 706 2566 Deum
740 2508 1206 2581 praenominavit.

355 2598 467 2665 Τὴν
527 2595 583 2652 δὲ
643 2598 891 2671 Μαριάμ.
953 2597 1272 2671 Σημείωσαι
1324 2600 1493 2652 ταῦτα
1546 2597 1683 2652 κατὰ
1728 2599 1930 2653 Νεστο-

283 2691 502 2759 ριανῶν·
560 2685 626 2740 οὗ
672 2685 870 2747 πάντες
926 2682 984 2740 δὲ
1031 2683 1258 2761 ἄγγελοι
1312 2684 1688 2762 ἐθαῤῥήθησαν
1741 2686 1804 2740 τὸ
1838 2707 1933 2758 μυ-

277 2776 505 2848 στήριον
563 2781 668 2844 τῆς
719 2774 1074 2847 οἴκονομίαςο
1124 2773 1260 2847 ἐπεὶ,
1320 2776 1409 2830 ὅτε
1463 2769 1870 2847 ἀνελαμϐάνετο
1901 2775 1929 2829 ὁ

275 2863 478 2937 Κύριος
517 2863 655 2935 μετὰ
677 2864 741 2918 τὸ
771 2865 968 2930 πάθος,
999 2864 1141 2923 τινὶς
1198 2863 1333 2931 ἦσαν
1387 2865 1438 2917 οἱ
1491 2863 1766 2938 λέγοντες,
1822 2863 1930 2932 ὅτι,

271 2950 361 3012 Τίς
434 2951 583 3006 ἔστιν
649 2952 804 3013 οὗτος
879 2952 908 3006 ὁ
986 2950 1250 3015 Βασιλεὺς
1323 2955 1424 3015 τῆς
1475 2949 1672 3022 Scine;
1728 2955 1762 3022 ἡ
1823 2953 1927 3027 γὰρ

274 3038 550 3115 έρώτησις
602 3039 824 3115 ἄγνοιαν
879 3039 1148 3118 ἐμφαίνει.
1208 3040 1523 3112 Σημείωσαι
1572 3041 1710 3096 κατὰ
1733 3046 1931 3096 Νεστο-

274 3133 474 3202 ριανῶν
535 3129 627 3183 καὶ
687 3127 1024 3206 Ἀκεφάλων,
1076 3129 1157 3184 ὅτι
1214 3129 1308 3184 τὸν
1339 3129 1546 3199 Ἰησοῦν
1608 3128 1925 3204 ὑπερούσιον

275 3216 475 3286 αἰτίαν,
533 3217 724 3294 φησὶν,
786 3218 876 3272 ἅτε
932 3219 1171 3288 ποιητὴν
1232 3213 1360 3272 ὄντα
1411 3217 1648 3273 πάντων·
1705 3216 1794 3272 καὶ
1844 3218 1926 3271 ὅτι

2114 2600 2358 2655 Mariam
2407 2602 2610 2654 autem.
2652 2598 2801 2654 Nota
2848 2597 2969 2654 haec
3016 2601 3219 2654 contra
3267 2597 3694 2667 Nestorianos;

2038 2704 2153 2743 non
2185 2703 2391 2744 omnes
2439 2691 2633 2743 autem
2682 2685 2875 2758 angeli
2926 2701 3132 2742 secure
3184 2702 3286 2742 seu
3320 2687 3544 2758 absque
3572 2686 3691 2742 ullo

2039 2776 2217 2832 dubio
2247 2776 2564 2832 credebant
2595 2775 2942 2845 mysterium
2977 2774 3435 2846 dispensationis
3465 2790 3565 2830 seu
3599 2775 3694 2829 in-

2039 2865 2436 2931 carnationis;
2469 2864 2972 2936 quandoquidem,
3006 2864 3245 2935 quando
3277 2863 3696 2919 assumebatur

2039 2954 2323 3010 Dominus
2356 2959 2485 3022 post
2519 2953 2854 3024 passionem
2886 2951 3065 3023 aliqui
3115 2951 3366 3007 dixerint
3397 2967 3409 3006 :
3443 2953 3584 3021 Quis
3614 2955 3694 3008 est

2037 3044 2140 3098 iste
2168 3043 2279 3097 Rea:
2305 3043 2502 3110 gloria
2525 3043 2587 3114 (t)
2609 3041 2636 3097 ‘I
2659 3041 3037 3114 interrogatio
3071 3039 3228 3096 enim
3262 3039 3692 3112 ignorationem

2036 3131 2406 3203 arguit.Nota
2427 3135 2630 3186 contra
2653 3130 3028 3186 Nestorianos
3050 3133 3109 3185 et
3131 3127 3455 3198 Acepbalos
3487 3144 3500 3182 :
3535 3129 3693 3200 quod

2033 3219 2235 3276 Jesum
2291 3218 2843 3290 superessentialem
2893 3234 3134 3274 causam
3185 3219 3362 3282 dicat,
3405 3222 3691 3288 tanquam

270 3299 641 3379 ἀμεταϐόλως
700 3305 845 3381 λέγει
874 3305 1033 3361 αὐτὸν
1063 3310 1409 3383 γεγεννῆσθαι
1440 3308 1558 3370 καθ’
1605 3308 1774 3380 ἡμᾶς·
1820 3305 1927 3382 οὐχ

2047 3313 2354 3364 creatorem
2388 3308 2677 3376 omnium,
2705 3308 2856 3379 quod
2889 3307 3066 3362 etiam
3099 3306 3275 3376 dicat,
3308 3321 3439 3361 eum
3471 3305 3693 3360 immu-

273 3371 482 3464 ﬂ‘auxﬁ
519 3392 578 3449 δὲ
607 3393 696 3448 καὶ
733 3371 830 3468 μία
884 3399 1050 3450 ταῦτα
1076 3371 1292 3469 ’ᾇῦσιῇ
1351 3395 1396 3449 εἰ
1448 3396 1535 3450 καὶ
1597 3371 1832 3457 ὁσιαῦτὸς
1861 3371 1928 3450 ἐδ

2047 3397 2295 3453 tabiliter
2341 3397 2526 3452 fuisse
2574 3371 2748 3453 nobis
2792 3395 3049 3451 similem
3085 3412 3098 3451 :
3131 3371 3271 3450 non'
3299 3398 3440 3449 sunt
3492 3397 3690 3449 autem

273 3479 392 3536 δύο·
442 3483 538 3537 καὶ
569 3481 654 3536 ὅτι
685 3482 847 3547 αὐτὸς
875 3483 964 3537 καὶ
994 3483 1299 3556 νομοθέτης
1331 3482 1419 3538 καὶ
1448 3483 1551 3538 ὑπὸ
1599 3483 1788 3556 νόμον,
1837 3483 1927 3538 καὶ

2047 3487 2160 3542 hanc
2181 3504 2300 3542 una
2321 3492 2379 3543 et
2399 3488 2599 3544 eadem
2626 3490 2857 3554 natura,
2879 3486 2989 3542 etsi
3007 3486 3164 3542 idem
3187 3485 3314 3556 ipse
3332 3485 3410 3540 sit
3439 3485 3556 3540 duo
3585 3499 3691 3540 seu

274 3571 358 3626 ὅτι
391 3571 486 3625 καὶ
518 3571 679 3635 αὐτὸς
712 3572 785 3634 ὡς
836 3570 1120 3647 ἄνθρωπος
1168 3568 1238 3626 δι’
1298 3569 1545 3646 ἀγγέλων
1599 3569 1924 3641 διετάττετο,

2047 3580 2355 3648 utrumque
2381 3595 2393 3643 ;
2417 3581 2474 3632 et
2515 3577 2669 3648 quod
2700 3576 2852 3630 idem
2897 3576 2974 3630 sit
3003 3574 3306 3646 legislalor
3325 3579 3381 3628 et
3404 3572 3519 3645 legi
3549 3572 3689 3628 sub-

275 3656 326 3713 ἔν
385 3680 446 3714 τε
485 3664 556 3732 τῇ
617 3660 692 3722 εἷς
749 3657 1023 3734 Αἴγυπτον
1075 3661 1445 3735 ἀναχωρήσει,
1495 3659 1584 3714 καὶ
1643 3659 1694 3714 έν
1752 3664 1820 3733 τῇ
1875 3659 1927 3730 ἐξ

2047 3664 2220 3731 iectus
2249 3681 2262 3730 ;
2286 3664 2517 3735 etquod
2543 3664 2791 3728 idem,ut
2811 3664 3118 3734 homo,per
3135 3661 3373 3732 angelos
3393 3660 3689 3732 dirigeba-

273 3749 447 3817 αὑτῆς
507 3747 850 3824 ὖποστροφῇ,
887 3749 975 3802 καὶ
1031 3748 1112 3803 ὅτι
1172 3747 1330 3810 αὐτός
1387 3747 1529 3803 ἔστιν
1587 3749 1615 3802 ὁ
1670 3748 1758 3802 καὶ
1815 3753 1926 3803 τῶν

271 3835 531 3910 ἀγγέλων
587 3835 954 3912 δημιουργός.
1011 3839 1172 3891 Ὥστε
1224 3839 1302 3899 εἷς
1359 3837 1447 3891 καὶ
1505 3835 1664 3898 αὐτὸς
1695 3839 1925 3912 Χριστὸς

275 3924 333 3978 έν
371 3922 469 3978 δύο
515 3925 694 4003 φύσεσι
753 3929 818 3980 τὸ
881 3925 1016 4000 μέγα
1057 3928 1155 3994 τῆς
1188 3925 1510 3998 οἴκονομίας
1560 3926 1925 3999 κατεπράξατο

275 4014 604 4090 μυστήριον·
656 4012 869 4089 εἴρηται
926 4013 1050 4090 γάρ.
1083 4016 1202 4081 "Oc,
1263 4012 1314 4068 ἐν
1380 4017 1562 4091 μορφῇ
1593 4018 1726 4069 Θεοῦ
1759 4015 1927 4090 ὖπάρ-

276 4121 396 4176 χων
429 4148 444 4173 ,
509 4102 615 4178 οὔχ
689 4103 974 4179 ἁρπαγμὸν
1027 4105 1278 4179 ἡγήσατο
1331 4102 1395 4158 τὸ
1452 4104 1583 4158 εἶναι
1644 4100 1733 4158 ἴσα
1785 4108 1920 4177 Θεῷ’

271 4190 400 4246 ἀλλ’
478 4192 664 4247 ἑαυτὸν
753 4191 1015 4262 έκένωσε,
1105 4193 1320 4270 μορφὴν
1419 4190 1618 4247 δούλου
1699 4187 1920 4249 λαϐών.

2034 3759 2132 3806 tur
2161 3768 2296 3808 cum
2328 3753 2388 3806 in
2413 3768 2648 3807 secessu
2681 3752 2738 3806 in
2771 3752 3235 3823 Egyptumﬁum
3278 3749 3370 3803 I8
3403 3748 3463 3802 in
3496 3748 3688 3802 reditu

2034 3855 2102 3894 ex
2132 3839 2356 3905 eadem,
2397 3845 2456 3893 et
2487 3839 2639 3909 quod
2691 3839 2845 3893 idem
2877 3839 3002 3908 ipse
3032 3838 3110 3892 sit
3139 3837 3466 3905 angelorum
3491 3833 3688 3890 condi-

2034 3937 2156 3994 tor;
2185 3927 2267 3982 ita
2296 3932 2362 3982 ut
2393 3943 2547 3982 unus
2577 3932 2634 3982 et
2681 3928 2832 3981 idem
2881 3926 3144 3981 Christus
3175 3926 3232 3979 in
3268 3922 3495 3980 naturis
3538 3922 3682 3978 dua-

2033 4017 2168 4085 bus,
2198 4033 2478 4089 msgnum
2510 4016 2968 4087 dispensationis
3017 4015 3306 4086 peregerit
3353 4027 3686 4068 sacramen-

2032 4111 2196 4172 tum;
2231 4105 2451 4161 dictum
2483 4105 2778 4176 siquidem
2809 4109 2899 4160 est
2931 4121 2944 4159 :
2980 4104 3087 4172 Qui
3115 4119 3240 4158 eum
3269 4104 3330 4157 in
3370 4104 3561 4173 forma
3587 4102 3692 4157 Dei

2034 4200 2190 4262 esset,
2220 4211 2336 4251 non
2382 4196 2641 4266 rapinam
2691 4194 2989 4249 arbitratus
3036 4196 3116 4248 est
3161 4208 3276 4247 esse
3319 4207 3377 4247 se
3416 4191 3693 4263 aequalem

268 4278 412 4336 Ἰδοὺ
479 4277 574 4334 δύο
654 4280 894 4357 μορφαί’
949 4279 1082 4356 ὅπερ
1139 4282 1244 4356 γάρ
1301 4301 1463 4358 φησιν
1521 4278 1768 4349 ἐνταῦθα,
1826 4281 1928 4336 οὐκ

2047 4286 2141 4340 Deo
2166 4302 2179 4348 ;
2211 4284 2306 4340 sed
2331 4286 2682 4355 semetipsum
2724 4283 3062 4348 exinanivit,
3093 4285 3339 4353 formam
3367 4281 3515 4334 servi
3540 4281 3689 4334 acci-

271 4365 560 4440 ἆποπηδᾷ,
617 4370 780 4423 τοῦτό
839 4369 950 4423 ἐστι
1009 4369 1098 4436 τὸ,
1150 4370 1260 4444 οὐχ
1315 4368 1598 4443 ἁρπαγμὸν
1660 4371 1928 4443 ἡγήσατο,

2047 4377 2190 4430 aiens
2217 4376 2339 4446 (m).
2371 4376 2516 4430 Ecce
2559 4377 2706 4430 duas
2738 4375 2995 4440 formas;
3027 4373 3184 4443 quod
3215 4371 3370 4427 enim
3401 4370 3496 4425 hic
3527 4369 3687 4438 dicit,

269 4459 552 4514 τουτέστιν
611 4460 711 4515 οὐκ
765 4459 1074 4530 ἀπηξίωσεν
1147 4460 1222 4521 ὡς
1296 4457 1578 4533 ἅνθρωπος
1628 4459 1926 4516 ὑπακοῦσαι

2047 4480 2150 4518 non
2185 4463 2420 4535 refugit,
2450 4462 2508 4517 id
2541 4466 2632 4518 est
2658 4478 2770 4518 non
2801 4463 3064 4533 rapinam
3109 4460 3412 4516 arbitratus
3440 4466 3540 4524 est,
3570 4457 3681 4513 hoc

266 4549 358 4601 καί
389 4546 682 4622 ἀγγέλοις,
740 4547 1006 4612 εὐπειθῶς
1064 4545 1178 4602 δὶ³³
1223 4548 1573 4603 ὑποτάττεται
1656 4553 1773 4610 ταῖς
1829 4552 1926 4604 τοῦ

2047 4557 2126 4608 est
2155 4569 2270 4607 non
2299 4552 2652 4623 dedignatus
2683 4556 2773 4606 est
2803 4557 2868 4606 ut
2899 4551 3095 4616 homo,
3130 4548 3367 4604 obedire
3413 4547 3638 4620 angelis
3670 4560 3685 4600 :

267 4640 406 4690 Θεοῦ
436 4636 528 4690 καὶ
584 4637 796 4712 Πατρὸς
846 4634 917 4692 δι’
948 4633 1196 4711 ἀγγέλων
1241 4637 1671 4692 ὑποτυπώσεσιν·
1705 4637 1926 4700 αὖτὸς³⁶

2047 4640 2386 4712 )bsequiose
2417 4645 2613 4696 autem
2666 4639 2983 4709 subjicitur
3015 4638 3111 4692 Dei
3143 4645 3192 4692 et
3229 4636 3418 4691 Patris
3451 4651 3553 4707 per
3583 4650 3693 4688 an-

265 4724 365 4800 γὶρ
393 4726 558 4786 οὗτος
588 4723 734 4797 ἔταξε
762 4727 828 4780 τὸ
860 4725 1196 4801 ἀνθρώπινον
1228 4726 1384 4800 γένος
1417 4722 1636 4782 διέπειν.

2047 4728 2193 4800 ;elcs
2225 4729 2782 4798 informationibus;
2816 4729 2909 4783 hic
2950 4727 3106 4782 enim
3141 4724 3438 4781 ordinavit
3479 4727 3543 4778 ut
3573 4721 3688 4794 ipsi

2032 4833 2220 4888 genus
2247 4816 2578 4872 humanum
2613 4816 3118 4873 administrarent.

2101 4906 2544 4962 Immutabiliter.
2579 4905 2778 4978 Neque
2806 4906 2960 4962 enim
2993 4920 3159 4960 versa
3189 4902 3301 4957 fuit
3330 4901 3393 4958 iu
3424 4899 3686 4957 divinam

2031 4999 2307 5050 naturam
2337 5019 2352 5062 ;
2386 4995 2645 5050 humana
2674 4993 2898 5050 scilicet
2930 4997 3161 5048 natura.

2099 5085 2218 5139 Non
2246 5085 2469 5156 refugit.
2503 5084 2648 5140 Nam
2681 5083 2755 5139 ab
2786 5082 2913 5153 ipso
2956 5080 3230 5136 ordinata
3259 5095 3366 5136 seu
3417 5077 3684 5152 pmdeﬁ-

334 4896 754 4974 ’Δμεταεόλως.
791 4902 870 4961 Οὐ
897 4902 998 4978 γὰρ
1040 4901 1244 4979 ἐτράπη
1273 4904 1370 4972 τὴν
1403 4901 1549 4957 θείαν
1582 4901 1759 4980 φύσιν.

335 5079 458 5137 Οὔκ
502 5078 783 5152 ἀποπηδᾷ.
843 5081 927 5138 Τὰ
976 5079 1076 5156 γὰρ
1138 5080 1227 5134 ὑπ’
1285 5077 1451 5135 αὐτοῦ
1505 5079 1795 5156 ταχθέντα,
1852 5077 1919 5150 ἤ-

332 5253 418 5324 (k)
450 5253 618 5309 Joan.
662 5270 703 5323 ι,
737 5253 825 5311 14.
902 5253 967 5326 (ι)
996 5253 1148 5310 Psal.
1179 5269 1344 5322 xxm,
1375 5253 1431 5320 8,
1465 5253 1552 5308 10.
1632 5253 1724 5322 (m)
1759 5251 1929 5327 Phili]

2047 5270 2110 5323 ιι,
2140 5255 2232 5310 67.

1283 5485 1519 5546 VARI!!!
1557 5488 1952 5546 LECTIONES
1990 5489 2078 5545 ET
2116 5488 2677 5547 CORRECTIONES.

337 5620 380 5656 ⁸¹
417 5619 551 5684 Θεὸς
581 5618 673 5677 καὶ
706 5617 1022 5696 ἅνθρωπος.
1094 5622 1139 5658 ³³
1167 5622 1582 5697 προσωνόμασε.
1661 5625 1707 5660 ³⁸
1735 5621 1858 5699 γάρ.
1933 5624 1980 5662 ⁹⁴
2004 5621 2220 5694 αὐτούς,
2253 5622 2494 5696 respicit
2523 5622 2680 5681 enim
2713 5619 3001 5699 ἀγγέλους.
