4042 6210
381 331 455 390 59
1211 336 1574 389 APPENDIX
1607 333 1709 387 AD
1745 331 1986 388 ΟΡΕΒΔ
2016 331 2035 383 1

2150 329 2437 389 >1οΝῩΒΙΙ
2478 333 2980 392 ΔΒΕΟΡΔΟΙΤΕ.
3717 337 3805 392 60

381 458 525 523 nite,
557 457 684 530 ipse
714 456 773 511 in
804 458 1081 514 extremis
1113 456 1476 529 assumpsit;
1508 460 1566 512 et
1594 456 1656 511 in
1705 455 1900 526 seipso
1932 468 2025 507 os-

2150 471 2269 523 γουν
2296 455 2708 528 προορισθέντα,
2741 455 2899 521 αὐτὸς
2923 455 3004 512 ἐπ’
3028 457 3269 533 έσχάτων
3303 453 3554 529 ἀνέλαϐε,
3587 459 3678 514 καὶ
3710 459 3796 522 εἷς

389 547 594 603 tendit.

455 636 528 672 3"
557 639 628 693 Εἰ
657 652 755 708 per
784 634 1032 705 angelos.
1045 635 1174 691 Fuit
1203 636 1418 691 etenim
1454 634 1565 690 sub
1597 632 1876 705 lege,quas
1907 647 2038 687 con-

388 724 598 781 stituta
628 725 739 781 fuit
769 740 871 795 per
900 724 1141 796 angelos
1174 724 1232 778 in
1267 740 1446 778 manu
1479 721 1840 777 mediatoris.

456 817 522 869 Et
550 815 615 871 de
646 815 863 886 angelo.
891 816 1076 886 Caput
1106 814 1177 869 de
1209 812 1414 885 angelo
1444 812 1805 868 confortante
1835 808 2036 864 Domi-

387 920 552 968 num,
586 905 740 975 quod
792 905 852 958 in
883 908 1036 959 Luca
1083 902 1350 970 habetur,
1382 903 1521 956 citat
1570 901 1745 955 etiam
1791 914 2038 968 magnus

388 993 745 1065 Dionysius;
780 994 897 1048 imo
954 991 1034 1047 ait
1066 991 1207 1047 illud
1242 990 1375 1057 sibi,
1398 996 1574 1061 atque
1608 991 1809 1044 sancto
1835 988 2035 1042 Timo-

387 1081 523 1137 theo
581 1084 641 1137 in
701 1081 979 1152 mysterio
1035 1085 1093 1134 et
1149 1078 1373 1134 occulte
1426 1077 1707 1132 traditum
1755 1092 1788 1130 a
1834 1079 2035 1130 sancto

389 1170 608 1236 Paulo;
641 1169 830 1240 ipsius
861 1168 1016 1223 enim
1050 1167 1519 1239 praedicationem
1571 1169 1811 1219 sanctus
1851 1164 2036 1218 Lucas

388 1257 759 1328 conscripsit.
796 1256 915 1311 Hoc
968 1255 1227 1311 declarat
1270 1269 1427 1321 vero,
1461 1268 1595 1307 eum
1643 1256 1925 1322 tanquam
1974 1249 2033 1306 in

390 1345 666 1419 mysterio
698 1345 995 1417 accepisse
1028 1344 1169 1415 quia
1197 1343 1341 1399 dicit
1373 1360 1386 1397 :
1420 1344 1632 1398 Nostris
1658 1342 1832 1396 sacris
1861 1340 2034 1395 tradi-

384 1435 628 1491 tionibus
676 1432 1011 1505 explanata.
1044 1433 1191 1488 Vide
1238 1449 1370 1487 vero
1420 1432 1595 1485 etiam
1627 1428 1804 1484 aliam
1854 1428 2033 1484 inter-

384 1520 775 1596 pretationem
808 1538 937 1593 quaa
990 1521 1153 1587 dicit,
1188 1522 1409 1576 dictum
1440 1518 1590 1574 enim
1622 1533 1752 1574 esse
1781 1517 1853 1572 ab
1887 1516 2034 1572 Isaia

380 1614 574 1682 magni
622 1612 847 1667 consilii
892 1612 1158 1680 angelum
1186 1629 1205 1665 :
1238 1608 1529 1665 nominari
1576 1607 1842 1680 genitum
1891 1623 2030 1679 pue-

386 1717 539 1770 rum,
571 1699 732 1756 carni
762 1700 948 1771 ipsius
995 1700 1305 1755 convenire
1337 1699 1496 1768 dicit,
1529 1703 1587 1753 et
1616 1701 1852 1769 propter
1889 1696 2030 1768 quid

2145 540 2333 596 ἑαυτὸν
2364 538 2546 614 ἔδειξε.

2214 807 2313 861 Καὶ
2371 808 2493 881 περὶ
2547 812 2644 877 106
2700 808 2956 884 ἀγγέλου.
3014 813 3136 869 Ὅτι
3165 810 3226 866 τὸ
3282 816 3379 868 106
3410 812 3793 890 ένισχύσαντος

2146 894 2384 971 ἀγγέλου
2435 898 2525 952 τὸν
2586 898 2778 973 Κύριον
2838 897 3156 974 κεφάλαιον,
3215 899 3347 977 ὅπερ
3405 901 3457 956 ἐν
3513 907 3595 974 τῷ
3650 904 3795 959 κατά

2147 988 2350 1041 Λουκᾶν
2401 984 2638 1061 φέρεται,
2686 987 2835 1062 λέγει
2891 988 2981 1042 καὶ
3039 990 3066 1043 ὁ
3128 990 3295 1065 μέγας
3352 990 3653 1058 Διονύσιος,
3696 992 3795 1047 καί

2145 1071 2227 1127 0'11
2258 1074 2510 1151 ἀγράφως
2546 1073 2758 1146 μᾶλλον
2793 1075 2843 1131 ἐν
2882 1078 3173 1151 μυστηρίῳ
3202 1079 3449 1155 κρυφίως
3477 1080 3610 1134 αὑτὸ
3641 1100 3793 1153 παρ-

2145 1160 2305 1232 εδόθη
2360 1162 2504 1233 αύτῷ
2565 1163 2655 1217 καὶ
2709 1169 2789 1235 τῷ
2845 1164 2984 1239 ἁγίῳ
3030 1167 3281 1238 Τιμοθέῳ
3340 1167 3445 1221 ὑπὸ
3495 1171 3592 1221 τοῦ
3647 1169 3792 1224 ἀπο-

2143 1249 2343 1306 στόλου
2376 1249 2615 1306 Παύλου·
2669 1253 2732 1307 τὸ
2779 1254 2879 1328 γὰρ
2932 1254 3099 1308 016106
3142 1256 3398 1332 κήρυγμα
3454 1256 3791 1331 συνέγραψεν

2143 1341 2171 1395 0
2204 1345 2429 1402 Λουκᾶς·
2456 1337 2719 1411 δηλοῦται
2748 1338 2805 1395 δὲ
2834 1346 3016 1414 τοῦτο,
3045 1342 3126 1397 0'11
3150 1346 3222 1404 ὡς
3253 1342 3304 1397 ἐν
3333 1342 3615 1419 μυστηρίῳ
3645 1364 3790 1420 παρ-

2142 1423 2333 1484 έλαϐεν
2391 1429 2497 1483 ἀπὸ
2553 1433 2650 1483 106
2708 1427 2899 1484 εῗπεῖν·
2954 1436 3082 1495 Ταῖς
3131 1431 3427 1507 ἱερατικαῖς
3454 1434 3613 1505 ἡμῶν
3673 1453 3787 1488 πα-

2141 1515 2417 1591 ραδόσεσιν
2478 1516 2871 1593 έκπεφασμένα.
2947 1522 3081 1592 Ὅρα
3151 1517 3209 1574 δὲ
3284 1522 3374 1575 καὶ
3442 1520 3541 1588 τὴν
3601 1519 3785 1588 ἄλλην

2139 1604 2450 1680 ἑρμηνείαν,
2507 1606 2630 1676 ἥτις
2686 1607 2840 1684 φησὶ,
2897 1607 2960 1662 τὸ
3015 1606 3117 1683 γὰρ
3178 1608 3421 1682 εἰρῆσθαι
3453 1611 3497 1646 ³⁵
3524 1610 3672 1684 παρὰ
3702 1614 3786 1682 τῷ

2137 1692 2330 1767 Ἠσαίᾳ
2398 1701 2498 1764 τῆς
2578 1694 2820 1772 μεγάλης
2903 1694 3111 1771 βουλῆς
3188 1695 3440 1772 ἄγγελον·
3518 1697 3787 1771 ὀνομάζε-

384 1794 627 1846 vocatus
674 1792 752 1845 sit
798 1788 1062 1861 angelus,
1095 1788 1235 1859 quia
1283 1788 1472 1843 Patris
1519 1786 1832 1843 consilium
1863 1784 2030 1841 nobis

2150 1793 2256 1847 τθαι
2304 1784 2365 1837 τὸ
2416 1785 2670 1857 γεννηθὲν
2727 1781 2944 1839 παιδίον
2996 1787 3065 1858 τῇ
3123 1785 3277 1860 σαρκί
3335 1784 3498 1842 116106
3555 1787 3783 1862 πρέπειν

385 1878 756 1935 annuntiavit
786 1894 800 1933 :
834 1892 1071 1932 servans
1100 1877 1256 1932 enim
1290 1893 1397 1932 nos
1427 1892 1528 1947 per
1565 1874 1860 1946 propriam
1892 1890 2031 1944 pas-

383 1965 633 2033 sionem,
693 1967 953 2021 ostendit
1011 1969 1235 2020 Patrem
1292 1965 1557 2035 ejusdem
1612 1964 1790 2019 etiam
1848 1961 2031 2016 fuisse

383 2054 613 2111 consilii
642 2074 656 2122 ;
695 2069 884 2125 neque
913 2052 1069 2108 enim
1101 2057 1168 2109 ut
1206 2052 1447 2108 inferior
1475 2051 1643 2107 Patre
1671 2055 1913 2106 vocatus
1943 2052 2032 2104 est

385 2142 632 2215 angelus
663 2158 677 2197 ε
712 2142 822 2197 hoc
854 2146 944 2198 est
970 2146 1173 2197 contra
1208 2141 1473 2196 Arianos.
1505 2141 1689 2210 Caput
1719 2140 1789 2193 de
1823 2144 2030 2209 angelo

385 2232 772 2287 conﬁrmante
818 2247 931 2285 non
990 2231 1189 2301 capias
1238 2234 1445 2300 prater
1473 2234 1687 2284 sanctas
1724 2226 2031 2298 Scriptura

385 2319 954 2392 interpretationem,
989 2319 1099 2373 hoc
1132 2319 1285 2374 enim
1322 2317 1559 2387 intelligi
1602 2317 1793 2385 debet,
1825 2332 2032 2371 secun-

385 2408 527 2462 dum
594 2421 875 2471 carnem;
936 2422 1071 2461 nam
1125 2410 1182 2459 et
1240 2404 1379 2459 alibi
1436 2403 1575 2458 dicit
1630 2401 2031 2474 Evangelium,

385 2498 517 2566 post
561 2493 913 2550 tentationes
946 2510 958 2548 :
992 2493 1312 2548 Accedentes
1341 2493 1527 2563 angeli
1552 2492 1951 2546 ministrabant
1980 2492 2036 2545 ei

386 2585 487 2654 (n):
509 2589 565 2638 et
592 2584 747 2654 quod
766 2585 1036 2651 fatigatus
1057 2599 1131 2637 ea:
1157 2583 1445 2649 ilinere,et
1466 2581 1619 2651 quod
1642 2582 1895 2636 esurieril
1924 2580 2030 2651 (0):

386 2673 509 2727 hinc
522 2671 677 2726 enim
692 2670 889 2726 omnia
910 2672 1372 2725 ostendunteum
1394 2670 1711 2739 perfectum
1735 2669 2033 2724 hominem

385 2779 521 2817 cum
562 2760 687 2817 suis
745 2760 1122 2832 passionibus
1185 2760 1602 2831 assumpsisse.
1643 2760 1851 2815 Verum
1882 2760 2037 2815 dicet

388 2844 622 2922 aliquis,
651 2850 748 2905 ubi
780 2849 1094 2906 necessitas
1116 2849 1225 2905 fuit
1244 2848 1450 2919 angelo
1481 2848 2036 2919 deitatepraasente?

389 2938 654 2994 Dicimus
705 2938 889 3010 igitur
936 2938 1119 2993 Deum
1171 2936 1430 3008 plurima
1478 2953 1581 3008 per
1629 2936 1868 3007 angelos
1921 2937 2035 2991 mi-

388 3026 590 3083 racula
636 3026 910 3099 operari:
953 3029 1128 3098 atque
1174 3026 1280 3082 hoc
1330 3024 1602 3081 universa
1651 3024 1793 3080 dicit
1841 3023 2034 3096 Scrip-

387 3118 545 3171 tura.

468 3294 567 3349 19
603 3295 1130 3363 Mani/estelorium.
1160 3293 1497 3349 Secundum
1526 3292 1672 3347 illud
1705 3292 1776 3347 ab
1806 3292 1931 3364 ipso
1961 3292 2033 3348 ad

389 3386 614 3438 Patrem
666 3383 884 3438 dictum
921 3400 934 3438 :
966 3383 1314 3454 Manifestavi
1341 3396 1540 3438 nomen
1587 3390 1747 3437 tuum
1794 3381 2035 3437 homini-

388 3471 485 3525 bus
516 3470 613 3543 (p).

1029 3557 1102 3614 IN
1141 3559 1295 3615 CAP.
1328 3558 1396 3612 V.

459 3648 705 3704 Calene:
750 3648 1037 3703 assentiar.
1071 3646 1186 3702 Cur
1240 3664 1433 3720 porro,
1498 3646 1751 3703 Ecclesia
1808 3648 2037 3704 dicente

389 3737 693 3793 universos
752 3741 988 3792 sanctos
1049 3739 1295 3808 angelos,
1328 3742 1505 3792 untus
1562 3754 1691 3793 esse
1748 3738 2032 3803 essentia.

388 3827 622 3883 divinus
651 3827 969 3899 Dionysius
1018 3826 1237 3883 multas
1289 3826 1554 3882 nominet
1599 3826 1886 3883 virtutes?
1917 3830 2036 3881 Ma-

389 3932 543 3988 gnus
570 3916 908 3986 Dionysius,
937 3914 1300 3971 Alexandriae
1331 3916 1661 3988 episcopus,
1694 3919 1892 3972 orator
1919 3915 2036 3983 ille,

390 4005 450 4058 in
482 4006 922 4059 commentariis
969 4006 1094 4060 suis
1126 4021 1272 4077 quos
1321 4005 1379 4059 in
1431 4005 1667 4060 beatum
1696 4005 2037 4083 Dionysium

393 4091 507 4147 sibi
556 4092 989 4163 cognominem,
1039 4094 1196 4163 fecit,
1228 4093 1309 4149 ita
1357 4093 1544 4149 dicit:
1579 4095 1742 4158 Quod
1796 4095 2040 4165 profana

394 4179 685 4252 sapientia
714 4197 821 4252 pro
854 4197 1014 4236 more
1045 4181 1256 4237 habeat
1308 4181 1604 4253 appellare
1634 4179 1922 4256 ἀγέννητον
1954 4182 2041 4238 in-

394 4273 678 4335 creatum,
712 4269 1045 4325 universam
1076 4268 1433 4324 invisibilem
1467 4269 2043 4341 naturam,similiter

395 4362 454 4413 et
481 4358 768 4414 essentias
799 4358 1241 4425 subsistentias,
1272 4363 1448 4428 atque
1475 4375 1544 4413 ex
1573 4358 1682 4414 hoc
1731 4358 1890 4424 dicit,
1932 4359 2039 4414 bas

392 4463 564 4503 voces
611 4462 680 4502 ex
731 4464 892 4503 more
941 4448 1319 4518 profanorum
1378 4446 1730 4520 scriptorum
1774 4464 1806 4501 a
1835 4454 2039 4505 sancto

396 4535 672 4608 Dionysio
706 4535 949 4591 abusive
979 4536 1164 4591 dictas
1195 4552 1345 4592 esse.

465 4624 982 4695 Mani/estationem,
1029 4628 1126 4679 Gr.
1177 4622 1583 4700 Ἐκφαντορίαν,
1616 4624 1674 4680 id
1716 4628 1807 4681 est
1852 4623 2039 4681 eluci-

392 4712 688 4769 dationem
720 4729 820 4769 seu
854 4712 1331 4769 declarationem.

462 4804 774 4875 Appellant.
826 4806 1196 4858 Postremum
1254 4801 1519 4857 ordinem
1579 4802 2037 4875 intelligibilium

393 4889 555 4959 dicit,
607 4892 899 4949 nominari
948 4892 1184 4963 proprie
1234 4890 1479 4963 angelos,
1531 4891 1863 4962 superiores
1908 4908 2041 4948 vero

393 4979 564 5037 aliter
587 5000 600 5050 ;
625 4998 875 5054 quorum
898 4981 1131 5054 aliquos
1149 4981 1325 5037 etiam
1360 4980 1652 5048 nominat;
1685 4981 1745 5036 in
1776 4982 2043 5053 sequenti

393 5085 564 5141 porro
612 5072 823 5143 capite,
876 5072 1149 5126 ordinum
1200 5085 1407 5125 novem
1462 5070 1706 5141 mystice
1752 5071 2041 5139 meminit,

395 5173 550 5212 nunc
584 5164 779 5214 autem
812 5160 1059 5231 perfecte
1091 5158 1253 5225 dicit,
1278 5157 1611 5228 superiores
1633 5158 1867 5214 ordines
1898 5160 2046 5215 scire

396 5245 596 5299 omnia
627 5262 756 5316 quae
803 5247 1108 5304 inferiores
1157 5244 1545 5301 illustrations
1597 5246 1911 5317 docentur;
1949 5264 2043 5304 co-

2138 1873 2293 1949 φησὶ,
2342 1871 2431 1927 καὶ
2473 1869 2563 1927 διὰ
2590 1874 2641 1927 τί
2673 1871 2881 1944 ἐκλήθη
2910 1870 3161 1949 ἄγγελος,
3195 1874 3278 1929 0'11
3308 1875 3405 1944 τὴν
3437 1879 3534 1929 τοῦ
3566 1877 3786 1952 Πατρὸς

2142 1960 2349 2036 βουλὴν
2408 1958 2731 2036 ἀνήγγειλεν
2787 1964 2945 2034 ἡμῖν·
2992 1963 3170 2025 σώσας
3220 1963 3321 2039 γὰρ
3352 1965 3502 2037 ἡμᾶς
3536 1960 3629 2018 διὰ
3679 1966 3783 2018 106

2139 2048 2345 2104 οἰκείου
2384 2050 2608 2118 πάθους,
2659 2046 2875 2122 ἔδειξεν,
2920 2049 3001 2105 ὅτι
3046 2050 3135 2105 καὶ
3184 2052 3212 2105 ὁ
3262 2052 3447 2126 Πατὴρ
3486 2050 3689 2123 ταύτης
3715 2052 3787 2120 ἦν

2138 2145 2238 2207 τῆς
2283 2136 2506 2212 βουλῆς·
2563 2135 2686 2193 061s
2722 2139 2823 2214 γὰρ
2873 2139 2948 2203 ὡς
2997 2134 3355 2210 ὑποϐεϐηκὼς
3407 2144 3503 2195 106
3571 2141 3785 2207 [ἰατρὸς

2140 2226 2346 2297 ἐκλήθη
2394 2225 2643 2302 ἄγγελος·
2693 2227 2829 2301 πρὸς
2876 2227 3190 2302 Ἀρειανοὺς
3238 2233 3419 2288 10610.
3452 2229 3531 2286 Τὸ
3559 2232 3661 2283 106
3694 2228 3787 2284 έν-

2143 2316 2463 2391 ισχύσαντος
2493 2314 2731 2389 ἀγγέλου
2754 2313 3047 2393 κεφάλαιον
3086 2320 3160 2389 μή
3192 2318 3339 2393 παρὰ
3364 2318 3465 2385 τὴν
3492 2316 3785 2391 ἑρμηνείαν

2143 2401 2265 2478 δέξῃ
2315 2410 2414 2473 τῆς
2466 2404 2620 2479 ἁγίας
2670 2411 2908 2483 Γραφῆς·
2953 2406 3089 2476 πρὸς
3139 2405 3242 2481 γὰρ
3291 2407 3391 2476 τὴν
3433 2406 3602 2482 σάρκα
3633 2405 3786 2484 ὀφεί-

2143 2507 2226 2548 Λει
2283 2496 2442 2547 τοῦτο
2490 2498 2751 2555 νοεῖσθαιο
2802 2492 2892 2548 καὶ
2943 2491 3195 2570 ἀλλαχοῦ
3224 2493 3324 2569 γάρ
3356 2516 3485 2569 φησι
3516 2496 3578 2549 τὸ
3610 2495 3787 2569 Εὐαγ-

2140 2580 2322 2657 γέλιον
2352 2625 2365 2651 ,
2443 2582 2577 2654 μετά
2625 2582 2757 2644 τοὺς
2812 2582 3182 2657 πειρασμοὺς,
3261 2583 3343 2638 0'11
3391 2581 3787 2658 προσελθόντες

2142 2668 2364 2745 ἄγγελοι
2425 2666 2709 2739 διἠκὸνουν
2762 2671 2927 2744 αὐτῷ·
2989 2671 3077 2726 καὶ
3111 2670 3192 2726 0'11
3233 2670 3512 2728 ἐκοπίασεν
3574 2671 3633 2727 ὲκ
3685 2674 3787 2739 τῆς

2143 2755 2459 2833 ὁδοιπορίας
2518 2759 2607 2815 καὶ
2660 2758 2742 2815 0'11
2788 2758 3056 2831 ἐπείνησε·
3088 2765 3253 2816 ταῦτα
3278 2761 3381 2837 γὰρ
3415 2762 3586 2816 πάντα
3633 2758 3787 2815 δείκ-

2140 2868 2312 2918 νυσιν,
2370 2847 2452 2902 ὅτι
2481 2849 2689 2903 τέλειον
2719 2844 2974 2904 ἀνέλαϐεν
3004 2846 3285 2924 ἄνθρωπον
3323 2849 3455 2923 μετά
3478 2854 3587 2906 τῶν
3618 2849 3788 2904 c.6106

2142 2937 2500 3010 παθημάτων.
2542 2935 2702 2993 Ἀλλ’
2752 2936 2864 3013 ἐρεῖ
2903 2958 3006 3007 τις,
3057 2942 3163 2993 ποῦ
3219 2939 3379 3014 χρεία
3423 2938 3489 3007 ἦν
3551 2937 3788 3015 ἀγγέλου

2143 3025 2483 3095 θειότητος³⁶
2528 3025 2844 3099 παρούσης;
2897 3028 3136 3101 Λέγομεν
3190 3024 3281 3081 06v
3329 3026 3413 3082 ὅτι
3454 3027 3523 3082 τὰ
3549 3027 3727 3082 πλείω
3759 3027 3787 3081 0

2144 3114 2271 3176 Θεὸς
2296 3111 2365 3168 δι’
2393 3112 2637 3189 ἀγγέλων
2669 3116 3086 3191 Θαυματουργεῖ’
3118 3116 3209 3171 καὶ
3235 3120 3398 3171 τοῦτο
3449 3115 3593 3190 λέγει
3643 3119 3789 3171 πασᾶ

2060 3178 2103 3246 C
2141 3206 2175 3272 ἡ
2208 3203 2326 3257 θεία
2352 3178 2561 3280 Γράῲή.

2215 3293 2639 3369 Ἐκφαντορικήν
2681 3335 2695 3348 .
2759 3291 2908 3349 Κατά
2979 3294 3043 3347 τὸ
3092 3293 3229 3367 πρὸς
3284 3291 3379 3347 τὸν
3436 3290 3643 3367 Πατέρα
3700 3292 3790 3345 ὑπ’

2142 3382 2310 3436 αὐτοῦ
2367 3377 2585 3455 λεχθένο
2643 3380 2986 3459 Ἐφανέρωσά
3037 3401 3131 3437 σου
3186 3381 3249 3435 τὸ
3301 3377 3477 3455 ὄνομα
3520 3386 3636 3443 τοῖς
3693 3379 3787 3435 ἀν-

2145 3470 2410 3545 θρώποις.

2631 3558 2744 3614 ΕΙΣ
2784 3559 2878 3614 ΤΟ
2917 3561 3185 3615 ΚΕΦΑΔ,
3217 3558 3297 3612 Ε”

2214 3646 2315 3708 Τάς
2384 3643 2634 3720 οὐρανίας
2705 3643 2922 3707 οὐσίας.
2985 3645 3050 3703 Τί
3107 3643 3348 3716 δήποτε,
3422 3649 3548 3718 μιᾶς
3602 3642 3788 3707 ούσίας

2147 3736 2278 3792 εἶναι
2338 3737 2539 3797 πάντας
2597 3732 2785 3809 ἁγίους
2852 3732 2985 3798 τοὺς
3039 3733 3307 3810 ἀγγέλους
3360 3731 3626 3807 λεγούσης
3682 3739 3787 3803 τῆς

2146 3822 2554 3895 Ἐκκλησίας³⁷,
2612 3824 2640 3879 0
2707 3827 2850 3887 θεῖος
2924 3822 3201 3885 Διονύσιος
3259 3819 3471 3885 πολλὰς
3530 3820 3791 3895 ὀνομάζει

2147 3912 2437 3987 δυνάμεις;
2491 3915 2551 3970 Ὀ
2605 3917 2732 3986 γοῦν
2797 3912 2963 3986 μέγας
2993 3912 3269 3973 Διονύσιος
3319 3912 3348 3966 0
3380 3908 3791 3986 ’Δλεξανδρείας

2147 4003 2466 4071 ἐπίσκοπος,
2521 4002 2550 4055 0
2608 4001 2712 4055 ἀπὸ
2745 4000 3013 4075 ῥητόρων,
3058 4001 3108 4056 έν
3141 4005 3258 4063 τοῖς
3288 3998 3545 4075 σχολίοις
3579 4002 3661 4061 οἷς
3694 4019 3792 4054 πε-

2146 4092 2369 4162 ποίηκεν
2418 4090 2493 4151 είς
2534 4091 2626 4143 τὸν
2677 4087 2941 4164 μακάριον
2989 4087 3266 4145 Διονύσιον
3300 4088 3390 4143 τὸν
3440 4088 3608 4143 αὐτοῦ
3665 4108 3797 4141 συν-

2148 4181 2388 4252 ώνυμον,
2416 4177 2558 4233 οὕτω
2589 4175 2757 4250 λέγει,
2791 4176 2873 4231 0'11
2904 4176 3194 4253 ἀγέννητον
3225 4175 3382 4241 εἴωθε
3410 4176 3595 4232 καλεῖν
3623 4177 3659 4244 ἡ
3691 4172 3795 4244 ἔξω

2148 4268 2308 4346 σοφία
2361 4271 2531 4321 πᾶσαν
2585 4266 2812 4341 ἀόρατον
2842 4265 3023 4343 φύσιν,
3078 4266 3284 4340 ὁμοίως
3338 4265 3427 4321 καὶ
3477 4263 3659 4325 ούσίας
3697 4263 3796 4325 τὰς

2150 4354 2486 4417 ὑποστάσεις
2545 4354 2650 4411 κάκ
2705 4354 2900 4411 τούτου
2959 4355 3146 4431 φησὶν,
3205 4355 3288 4410 ὅτι
3337 4354 3474 4410 κατὰ
3520 4354 3646 4416 τοὺς
3694 4350 3798 4423 ἔξω

2149 4444 2391 4521 εἴρηνται
2445 4448 2527 4517 τῷ
2576 4443 2717 4519 ἁγίῳ
2766 4444 3031 4519 Διονυσίῳ
3056 4447 3111 4500 αἱ
3155 4448 3399 4500 τοιαῦται
3432 4441 3603 4522 φωναὶ
3631 4463 3796 4498 κατα-

2065 4544 2112 4610 D
2141 4537 2479 4613 χρηστικῶς.

2221 4622 2625 4703 Ἐκφαντορίαν.
2684 4623 2935 4699 Τουτέρτι
2986 4622 3084 4692 τὴν
3134 4619 3409 4701 ἔκφανσιν,
3438 4618 3567 4691 ἤτοι
3607 4616 3795 4675 διασά-

2187 4736 2333 4786 ησιν.

2228 4737 2333 4770 σιν.

2147 4737 2602 4876 φηὈνομεὶζουσι.
2652 4803 2763 4870 Τὴν
2810 4799 3046 4877 ἐσχάτην
3090 4804 3198 4856 τῶν
3245 4803 3456 4871 νοητῶν
3498 4798 3640 4870 τάξιν
3698 4818 3797 4853 κυ-

2150 4893 2280 4969 ρίως
2326 4890 2591 4967 ἀγγέλους
2637 4890 2769 4968 φησί
2818 4889 3330 4967 προσαγορεύεσθαιο
3389 4888 3486 4951 τάς
3539 4885 3598 4945 δὶ
3631 4888 3796 4962 ὑπερ-

2151 4976 2444 5050 ϐεϐηκυίας
2494 4979 2713 5055 ἑτέρως,
2746 4980 2821 5033 ὧν
2870 4977 3010 5041 ένίας
3058 4978 3149 5033 καὶ
3190 4976 3465 5051 ὀνομάζει’
3518 4976 3568 5030 ἐν
3603 4972 3661 5030 δὲ
3714 4978 3796 5047 τῷ

2151 5070 2272 5139 ἑξῆς
2320 5066 2601 5144 κεφαλαίῳ
2649 5071 2757 5121 τῶν
2813 5066 2959 5123 ἐννέα
3006 5070 3294 5141 ταγμάτων
3335 5068 3607 5140 μυστικῶς
3656 5064 3795 5118 ἀπο-

2156 5179 2257 5231 μνη
2272 5155 2507 5229 μονεύειο
2537 5160 2627 5210 νῦν
2657 5152 2715 5209 δὶ
2742 5153 2945 5217 τελέως
2991 5153 3156 5228 λέγει,
3212 5154 3294 5209 ὅτι
3327 5155 3379 5208 αἱ
3410 5154 3672 5226 ἀνώτεραι
3699 5152 3795 5205 τά·

2154 5246 2257 5317 ξεις
2304 5244 2609 5300 ἐπίστανται
2661 5244 2754 5316 μὶν
2805 5243 2903 5299 ὅσα
2951 5244 3005 5298 αἱ
3050 5238 3448 5314 ὑποϐεϐηκυῖαι
3485 5239 3556 5297 δι’
3585 5239 3796 5313 ἐλλάμ-

469 5387 553 5458 (η)
583 5386 787 5442 Mattb.
820 5404 895 5457 xv,
934 5394 1018 5445 11.
1095 5391 1168 5462 (o)
1198 5390 1364 5447 Joan.
1398 5407 1476 5459 ιν,
1505 5390 1579 5458 6;
1615 5389 1817 5445 Matth.
1851 5407 1927 5461 ιν,
1956 5392 2010 5446 2.

2150 5392 2165 5464 )
2194 5395 2363 5447 Joan.
2395 5407 2533 5457 xvn,
2563 5391 2619 5443 6.

1352 5544 1600 5601 VARI/E
1639 5544 2036 5602 LECTIONES
2070 5544 2162 5601 ET
2202 5540 2757 5600 COBRECTIONES.

463 5638 534 5679 “‘
566 5642 697 5700 Haec
727 5643 943 5701 desunt
970 5643 1032 5700 in
1063 5642 1279 5702 Greco.
1352 5645 1400 5682 ⁸⁸
1428 5645 1736 5721 εἰρημένον.
1813 5647 1860 5684 ³⁸
1888 5645 2035 5720 ὰγγὲ]

2162 5644 2440 5715 θεότητος.
2468 5670 2469 5673 η
2516 5643 2561 5680 ³⁷
2590 5646 2832 5717 Γραφῆς,
2864 5641 3195 5714 Scriptum.
