4042 6210
200 386 260 442 ei
864 364 904 387 ‘
926 391 985 444 s.
1024 388 1292 444 mima
1325 386 1632 443 senon;
1666 389 1742 443 ιιι
1781 387 1915 441 LIB.
1955 387 2054 442 nn
2089 387 2412 442 CCELEBTI
2449 387 2924 441 mancam.
3553 384 3627 442 62

203 515 341 586 ψεως
376 508 703 584 μεμύηνται
743 529 756 542 ·
800 511 1130 586 γινώσκουσι
1179 506 1238 564 δὲ
1274 511 1362 564 καὶ
1393 506 1552 584 ἕτερα
1577 513 1698 573 ταῖς
1729 509 1864 564 ὑπο-

1982 526 2252 582 gnoscere
2272 525 2405 566 vero
2424 509 2601 566 etiam
2625 507 2740 565 alia
2762 508 3046 580 subjectis
3061 508 3394 582 incognita;
3420 526 3628 583 quam-

206 597 481 673 κειμέναις
533 595 834 676 ἄγνωστα·
895 599 940 655 εἰ
999 597 1055 654 δὶ
1113 599 1202 654 καὶ
1263 597 1436 663 οὕτως
1495 598 1659 668 έστὶν,
1719 597 1872 671 ὅμως

207 694 404 765 γενικῷ
442 688 682 763 δνοματι
713 689 807 745 καὶ
852 687 1072 766 ἄγγελοι
1122 685 1231 753 ἔσθ’
1262 685 1352 743 ὅτε
1381 687 1674 743 καλοῦνται
1700 688 1873 742 πάντα

208 779 272 835 τὰ
303 779 480 848 νοητὰ
509 780 789 853 τάγματα.
823 778 968 848 Φησὶ
1013 775 1070 832 δὲ
1115 777 1204 831 καὶ
1234 774 1323 832 διὰ
1347 776 1423 844 τί,
1453 777 1528 839 ὡς
1561 776 1612 832 έν
1638 781 1720 848 τῷ
1749 777 1871 832 ἱκα-

211 872 387 939 τοστῷ
421 865 668 941 δευτέρῳ
717 866 926 940 ψαλμῷ
961 887 974 898 ’
1017 864 1315 940 Εύλογεῖτε
1360 865 1452 920 τὸν
1485 865 1699 939 Κύριον,
1731 868 1870 919 πάν-

206 978 298 1018 τες
338 957 390 1012 οἱ
440 953 682 1030 ἄγγελοι
738 954 903 1010 αὐτοῦ
931 975 942 987 ·
976 954 1066 1009 καὶ
1117 953 1168 1009 ἂν
1227 958 1306 1026 τῷ
1357 953 1629 1025 δκατοστῷ
1655 953 1822 1029 τρίτῳ
1855 973 1868 986 ⁸

209 1048 272 1104 Ὀ
325 1050 499 1100 ποιῶν
551 1042 682 1106 τοὺς
751 1041 1018 1118 ἀγγέλους
1083 1041 1252 1098 αὐτοῦ
1307 1042 1607 1114 πνεύματα,
1659 1042 1750 1096 καὶ
1804 1043 1873 1097 τὰ

206 1133 354 1204 ἑξῆς.
390 1131 510 1190 Οὐκ
553 1130 892 1208 ἀντιστρέφει
944 1129 1003 1186 δὲ
1050 1132 1078 1186 ὁ
1110 1129 1280 1205 λόγος
1314 1171 1328 1186 .
1359 1131 1426 1185 τὰ
1457 1131 1560 1206 γὰρ
1593 1125 1870 1201 61:06:61;-

203 1224 341 1277 κότα
372 1221 476 1276 οὐκ
507 1221 837 1293 ὀνομάζεται
883 1223 964 1290 τῷ
1003 1223 1113 1274 τῶν
1162 1219 1446 1295 ἀνωτέρων
1480 1222 1820 1294 γνωρίσματι
1853 1241 1866 1254 ·

203 1311 296 1365 καὶ
355 1309 444 1364 ὅτι
493 1307 584 1364 διὰ
627 1312 738 1364 τῶν
787 1301 1232 1382 ὑπερϐεϐηκυιῶν
1287 1304 1566 1381 δυνάμεων
1623 1308 1679 1362 αἱ
1736 1309 1870 1363 ὑπο-

211 1392 511 1467 ϐεϐηκυῖαι
544 1399 1040 1473 μυπαγωγοῦνται.

284 1488 796 1562 Ἀποπερατοῦσαν.
887 1485 1143 1540 Σουτέστι
1234 1485 1334 1553 τήν
1421 1483 1659 1560 ἐσχάτην
1724 1483 1867 1556 τάξιν

211 1579 317 1630 τῶν
351 1572 665 1651 ἀγγελικῶν
699 1571 1006 1644 διατάξεων.

281 1664 475 1735 Φαμὶν
513 1660 592 1720 δέ.
645 1663 1000 1736 Ἐρωτήσειεν
1051 1659 1111 1716 ἄν
1162 1682 1246 1723 τις
1280 1683 1292 1696 ·
1347 1660 1514 1720 Αὗται
1570 1663 1626 1717 αἱ
1653 1667 1762 1717 τῶν
1785 1661 1875 1717 ού-

204 1751 409 1824 ρανίων
452 1753 662 1824 τάξεις,
746 1749 801 1804 αἱ
861 1744 1224 1825 ὑπερϐηκυῖαι
1271 1751 1339 1818 ⁸³,
1406 1749 1495 1805 καὶ
1547 1751 1871 1824 κατώτεραι,

202 1841 295 1894 καί
348 1837 435 1895 ἔτι
495 1837 777 1916 ὖῳιιμέναι
850 1837 1023 1899 οὕτως
1084 1836 1355 1912 ἐγίνοντο,
1417 1837 1556 1894 ὥστε
1608 1839 1708 1908 τήν
1773 1837 1866 1911 μὶν

200 1928 490 2004 άνωτέραν
547 1928 698 2000 εἶναι,
757 1927 857 1997 τὴν
911 1923 967 1981 δὲ
1029 1927 1390 2002 κατωτέραν;
1448 1928 1550 1984 Καὶ
1611 1925 1864 2004 λέγομεν,

199 2018 282 2072 ὅτι
325 2016 422 2072 καὶ
470 2016 540 2071 τὰ
576 2015 748 2073 νοητὰ
795 2017 968 2070 πάντα
1015 2013 1328 2086 αὐτεξούσια
1377 2012 1806 2092 ἰδημιούργησεν
1838 2015 1866 2070 ὁ

199 2105 374 2166 Θεύςο
441 2103 497 2159 εἴ
545 2105 648 2180 γάρ
706 2106 735 2159 ὁ
795 2105 1081 2176 ἄνθρωπος
1128 2102 1467 2174 αύτεξούσιος
1527 2103 1757 2181 ἐγένετο,
1807 2103 1867 2160 ἐκ

204 2197 405 2267 χοϊκοῦ
437 2194 767 2268 φυράματος
798 2193 885 2247 καὶ
933 2195 1119 2268 ψυχῆς
1148 2192 1434 2267 ὑπάρχων,
1466 2192 1620 2266 πόσῳ
1654 2191 1863 2266 μᾶλλον

207 2283 257 2336 αἱ
286 2283 486 2352 νοηταὶ
524 2278 807 2353 δυνάμεις,
842 2281 894 2335 αἱ
929 2278 1096 2354 μηδὲν
1143 2277 1366 2356 ἔχουσαι
1407 2278 1603 2356 γεῶδες
1635 2278 1672 2351 ἤ
1707 2281 1865 2357 βαρὺ,

212 2369 552 2443 τύτεξούσιοι
615 2369 904 2446 έγένοντο;
965 2371 1076 2427 Τοῖ’)
1143 2370 1246 2444 γὰρ
1303 2369 1392 2424 καὶ
1457 2371 1492 2440 ἡ
1554 2369 1670 2434 θεία
1723 2390 1865 2446 παρ-

221 2459 394 2529 ίστησι
445 2459 665 2536 Γραφή,
717 2458 970 2535 λέγουσα,
1026 2459 1116 2512 τὸν
1179 2453 1438 2513 διάϐολον
1493 2457 1545 2529 ἐξ
1570 2457 1865 2533 ἆγγελικῆς

217 2548 476 2608 ὶκουσίως
511 2546 757 2602 ἐκπεσεῖν
803 2547 1004 2618 τάξεως
1037 2564 1050 2579 ⁸
1101 2546 1193 2601 καὶ
1224 2543 1381 2608 οὗτος
1411 2543 1468 2600 δὲ
1499 2547 1526 2600 ὁ
1554 2551 1697 2610 θεῖος
1729 2547 1866 2620 ἀνὴρ

221 2638 327 2710 πρὸ
381 2635 474 2690 δύο
506 2639 554 2674 ³⁸
600 2633 832 2714 φύλλων
882 2635 1007 2712 περὶ
1058 2633 1358 2712 ἀγγελικῶν
1409 2633 1683 2710 δυνάμεων
1718 2656 1730 2668 ·
1783 2638 1867 2692 δτι

221 2729 431 2794 νοητῶς
487 2726 589 2799 γάρ
651 2723 739 2779 ἐπὶ
797 2725 862 2778 τὸ
920 2723 1255 2797 θεομίμητον
1316 2723 1504 2786 ἑαυτὰς
1553 2724 1868 2780 ἀποτυποῦ-

214 2833 317 2884 aut,
404 2812 503 2867 καὶ
580 2813 719 2886 πρὸς
800 2814 898 2882 τὴν
988 2813 1283 2887 θεαρχικὴν
1370 2811 1655 2890 ἐμφέρειαν
1713 2814 1869 2888 ὑπερ-

214 2901 461 2972 ιοσμίως
516 2902 728 2974 άρῶσαι
783 2900 874 2954 καὶ
927 2904 1172 2977 μορφοῦν
1228 2899 1502 2977 έφιέμεναι
1559 2902 1622 2956 τὸ
1679 2903 1864 2976 νοερὸν

216 2988 386 3043 αὐτῶν
450 2985 599 3050 εῖδος
635 3007 648 3019 ⁸
711 2987 764 3058 ἐξ
823 2985 894 3041 ὧν
956 2985 1170 3041 πάντων
1231 2984 1520 3056 δείκνυται,
1573 2987 1650 3050 ὡς
1708 2988 1866 3042 αύτο-

214 3079 537 3152 προαίρετω
586 3075 678 3131 καὶ
737 3074 1068 3146 αύτεξούσιοί
1100 3074 1230 3130 εἰσιν
1262 3075 1317 3130 αἱ
1366 3075 1554 3146 νοηταὶ
1591 3073 1865 3149 δυνάμεις.

210 3166 451 3228 Εἰκότως
495 3166 592 3220 οὗν
644 3185 834 3242 φησιν,
883 3165 964 3220 ὅτι
1015 3165 1211 3235 ἑκάστη
1256 3163 1394 3238 πρὸς
1438 3166 1535 3234 τήν
1569 3163 1864 3240 ἀναλογίαν

1976 599 2066 654 vis
2095 603 2289 656 autem
2324 616 2416 655 res
2446 599 2529 654 ita
2559 615 2621 654 se
2651 598 3150 669 habeat,attamen
3181 597 3501 671 aliquando
3531 615 3631 670 ge-

1978 688 2157 744 nerali
2191 689 2445 758 nomine,
2471 685 2875 758 intelligibiles
2904 685 3140 742 ordines
3172 686 3428 742 universi
3451 687 3626 743 etiam

1978 776 2167 848 angeli
2209 777 2599 849 appellantur.
2634 775 2785 832 Dicit
2831 779 3025 831 autem
3077 779 3135 832 et
3173 791 3436 841 causam,
3471 779 3537 830 ut
3569 777 3629 831 in

1977 865 2207 936 psalmo
2237 866 2558 922 centesimo
2588 865 2867 932 secundo,
2893 867 2924 934 Ῡ
2955 865 3058 920 2οε
3091 865 3411 921 Benedicite
3441 865 3630 922 Domi-

1977 970 2132 1018 num,
2163 969 2346 1009 omnes
2375 955 2564 1022 angeli
2591 955 2795 1025 ejus,et
2825 953 2882 1007 in
2916 953 3238 1009 centesimo
3260 953 3514 1021 tertio).
3548 955 3580 1009 4
3615 970 3628 1008 :

1977 1045 2210 1098 Faciem
2249 1043 2472 1112 angelos
2515 1059 2645 1099 suo:
2685 1045 2938 1114 spiritus,
2989 1046 3048 1098 et
3099 1058 3224 1113 qua
3275 1048 3628 1114 sequuntur.

1977 1131 2102 1187 Non
2163 1132 2554 1203 reciprocatur
2612 1136 2807 1186 autem
2867 1147 3106 1186 sermo:
3139 1131 3416 1188 inferiora
3471 1131 3629 1187 enim

1979 1235 2091 1275 non
2126 1219 2497 1292 appellantur
2524 1220 2762 1276 nomine
2791 1219 3156 1290 superiorum
3192 1235 3206 1274 :
3239 1223 3296 1275 et
3324 1219 3631 1278 inferiores

1979 1307 2371 1363 instituuntur
2401 1325 2434 1363 a
2463 1307 2867 1380 superioribus
2898 1307 3236 1363 virtutibus.

2051 1487 2477 1542 Terminantem.
2515 1486 2630 1542 Hoc
2661 1489 2753 1541 est
2779 1489 3106 1542 extremum
3157 1486 3424 1543 ordinem
3457 1501 3631 1560 ange-

1976 1574 2223 1630 licarum
2256 1574 2736 1646 dispositionum.

2049 1665 2354 1719 Asserimus
2409 1668 2617 1718 autem.
2653 1663 3036 1735 Interrogarit
3091 1662 3330 1736 aliquis,
3373 1681 3515 1720 num
3577 1664 3630 1721 si

1977 1750 2301 1809 caelestium
2324 1751 2560 1807 ordines
2583 1751 2915 1823 superiores
2937 1755 2994 1806 et
3021 1750 3328 1808 inferiores
3348 1757 3408 1809 et
3435 1751 3628 1808 adbuc

1980 1840 2264 1897 submissi
2297 1839 2379 1896 ita
2409 1840 2719 1911 exsistant,
2740 1843 2805 1894 ut
2832 1840 2926 1895 hic
2957 1839 3197 1911 quidem
3228 1841 3500 1913 superior
3526 1841 3626 1910 sit,

1975 1929 2075 1985 ille
2102 1935 2300 1986 autem
2335 1929 2577 1984 inferior
2595 1929 2623 1984 ?
2643 1929 2712 1984 Et
2743 1928 3017 1999 dicimus,
3037 1930 3216 1985 Deum
3239 1927 3633 2002 intelligibilia

1975 2019 2172 2075 omnia
2204 2018 2538 2074 condidisse
2587 2016 2808 2086 libera;
2842 2017 2890 2073 si
2923 2017 3078 2074 enim
3110 2018 3288 2074 homo
3319 2017 3468 2074 liber
3495 2019 3629 2088 fuit,

1974 2123 2038 2164 ex
2075 2107 2348 2180 pulverea
2407 2123 2604 2163 massa
2657 2114 2709 2162 et
2770 2107 2968 2162 anima
3023 2107 3374 2172 consistens,
3407 2112 3628 2180 quanto

1976 2197 2166 2269 magis
2200 2195 2599 2268 intelligibiles
2627 2195 2895 2265 virtutes,
2929 2196 3073 2251 nihil
3106 2200 3378 2252 terrestre
3407 2196 3628 2253 haben-

1973 2289 2064 2341 tes
2096 2288 2198 2342 aut
2246 2300 2441 2356 grave,
2474 2283 2670 2340 liberae
2713 2285 2995 2339 fuerunt?
3028 2285 3141 2340 Hoc
3188 2284 3400 2340 etenim
3433 2286 3629 2342 divina

1976 2377 2356 2445 repraesentat
2385 2373 2691 2444 Scriptura
2720 2373 2941 2438 dicens,
2972 2371 3270 2428 diabolum
3302 2371 3627 2430 voluntarie

1976 2478 2047 2518 ex
2075 2460 2334 2533 angelico
2382 2459 2689 2532 delapsum
2720 2460 2944 2515 ordine.
2980 2459 3081 2514 Hic
3131 2475 3363 2531 quoque
3395 2459 3627 2516 divinus

1975 2552 2066 2606 vir
2093 2555 2228 2606 ante
2269 2550 2386 2604 duo
2418 2548 2570 2616 folia,
2604 2549 2676 2604 de
2708 2547 2988 2621 angelicis
3038 2547 3359 2603 virtutibus
3388 2547 3576 2620 (dicit)
3612 2566 3626 2604 :

1976 2642 2076 2697 20
2107 2637 2571 2708 Inlelligibzliler
2597 2640 2744 2694 enim
2773 2639 2980 2709 seipse:
3005 2636 3076 2691 ad
3109 2637 3203 2692 Dei
3254 2638 3630 2692 imitationem

1973 2728 2356 2800 eﬁ'ormantes,
2390 2731 2440 2782 et
2469 2727 2530 2780 in
2581 2726 2828 2780 divinam
2857 2724 3280 2780 similitudinem
3305 2741 3629 2796 supermun-

1975 2818 2124 2873 dane
2151 2818 2495 2887 aspicientes,
2529 2819 2692 2887 atque
2713 2818 2966 2888 formare
2992 2815 3264 2886 cupiente:
3298 2815 3630 2882 intelligibi-

1975 2905 2084 2961 lem
2109 2922 2272 2960 suam
2317 2905 2590 2975 speciem;
2621 2920 2689 2959 ex
2719 2904 2931 2975 quibus
2962 2902 3240 2958 omnibus
3277 2901 3628 2963 ostenditur,

1977 2993 2273 3068 quomodo
2303 2993 2537 3064 proprio
2568 2991 2808 3047 arbitrio
2848 2995 2905 3046 et
2933 2991 3173 3064 prOpria
3202 2989 3472 3048 libertate
3501 2991 3630 3046 fru-

1976 3080 2569 3153 anturintelligibiles
2598 3080 2839 3136 virtutes
2870 3095 2883 3134 :
2920 3079 3301 3152 probabiliter
3331 3080 3511 3153 igitur
3541 3079 3628 3135 di-

1976 3173 2075 3240 cit,
2109 3185 2593 3242 unumquemque
2635 3168 2899 3224 ordinem
2949 3185 3052 3240 pro
3093 3168 3466 3240 proportione
3495 3186 3627 3242 pro-

210 3262 299 3324 τῆς
347 3253 498 3317 ἰδίας
553 3240 665 3309 τοῦή
709 3254 910 3328 ἀγαθοῦ
963 3251 1192 3332 ἆφέσεως
1247 3251 1588 3326 έλλάμπεται
1649 3253 1792 3318 θείας
1821 3257 1866 3292 ‘0

1982 3260 2116 3334 price
2149 3259 2284 3315 boni
2317 3240 2678 3331 cupiditatis
2722 3256 3008 3312 illustrari
3059 3257 3258 3313 divina
3289 3240 3629 3313 considera-

210 3347 570 3414 κατανοήσεις
595 3362 610 3375 ⁸
647 3339 737 3397 διὰ
763 3346 922 3397 τοῦτο
967 3341 1056 3397 καὶ
1102 3342 1279 3413 τάξεις
1308 3341 1623 3414 καλοῦνται,
1654 3343 1864 3418 βαθμη-

213 3429 319 3498 δὸν,
356 3432 549 3505 ὥσπερ
576 3437 677 3500 τῆς
712 3429 764 3486 ἰν
815 3430 1000 3493 αὐταῖς
1052 3431 1281 3508 ἐφέσεως
1318 3429 1554 3508 [οὕσης].
1589 3429 1677 3486 διὰ
1701 3436 1862 3486 τοῦτο

213 3521 461 3587 ἐνταῦθα,
512 3521 703 3597 φησὶν,
749 3519 851 3574 οὐκ
903 3515 1017 3594 ἔχει
1063 3516 1255 3593 λόγον,
1303 3518 1406 3586 τὴν
1435 3516 1743 3573 τελευταίαν
1776 3519 1863 3573 τά·

213 3610 284 3679 ξιν
315 3611 568 3686 πραφέμ
612 3606 649 3675 ἤ
699 3607 923 3682 θρόνους
977 3605 1283 3680 ὀνομάζειν.
1335 3607 1652 3679 Σημείωσαι
1688 3604 1745 3662 δὲ
1775 3605 1864 3662 διὰ

207 3699 255 3752 τί
287 3697 587 3754 καλοῦνται
619 3693 796 3750 πάντὰ
831 3695 899 3750 τά
953 3696 1199 3769 τάγματα
1245 3693 1476 3770 ἄγγελοι
1510 3715 1524 3728 ·
1560 3695 1644 3750 ὅτι
1677 3696 1728 3750 οἱ
1768 3717 1862 3750 κυ-

210 3786 337 3861 ρίως
397 3783 632 3861 ἄγγελοι
675 3783 935 3859 ἀνάγουσι
988 3783 1116 3845 τοὺς
1173 3784 1357 3858 ἱερούς
1403 3783 1723 3858 ἀνθρώπους
1774 3783 1861 3839 ἐπὶ

205 3877 298 3937 τὰς
333 3873 690 3948 ἒγνωσμέδας
725 3873 907 3934 αὐτοῖς
935 3870 1081 3933 θείας
1108 3871 1294 3949 αὐγάς.

272 3961 448 4018 Ἀλλ’
504 3958 680 4038 ὥσπερ
731 3959 890 4028 αὕτη.
931 3960 999 4018 Ἠ
1035 3965 1142 4016 τῶν
1204 3959 1452 4038 ἀγγέλων
1503 3957 1718 4032 δηλαδή
1765 3962 1862 4016 τά-

207 4052 307 4122 εις.

269 4141 420 4204 Τοὺς
471 4140 593 4194 καθ’
645 4140 824 4211 ἡμᾶς.
876 4140 996 4196 Τῶν
1038 4135 1492 4193 έποπτικωτάτων
1556 4137 1866 4211 μυστηρίων

204 4229 417 4284 τούτων
481 4226 816 4305 ἆμφορηῢείς
883 4227 912 4281 ὁ
989 4227 1133 4300 ἱερὸς
1186 4226 1486 4296 Διονύσιος,
1540 4225 1865 4284 έκκαλύπτει

207 4317 410 4391 λέγων,
468 4317 548 4378 ὡς
609 4319 644 4386 ἡ
709 4316 804 4388 μὶν
879 4314 1162 4370 τελευταία
1233 4312 1401 4388 τάξις,
1459 4317 1494 4384 ἡ
1547 4314 1862 4390 καλουμένη

201 4404 453 4480 ἕγγελοι,
520 4404 651 4465 τοὺς
700 4402 752 4458 έν
812 4402 1120 4475 ἀνθρώποις
1167 4404 1429 4479 ἱεράρχας
1475 4407 1583 4458 τῶν
1635 4402 1868 4476 Ἐκκλη-

199 4499 330 4548 σιῶν
362 4489 806 4568 παιδαγωγικῶς
855 4495 1287 4566 χειραγωγοῦσιν
1320 4490 1407 4546 ἐπὶ
1437 4493 1536 4560 τήν
1569 4493 1702 4566 πρὸς
1736 4494 1866 4548 Θεὸν

1971 3347 2163 3416 tione;
2209 3347 2340 3403 ideo
2390 3350 2446 3402 et
2493 3347 2729 3402 ordines
2776 3350 3096 3413 vocantur;
3143 3345 3458 3418 gradatim,
3506 3350 3633 3402 tan-

1971 3453 2150 3508 quam
2181 3436 2502 3508 cupiditate
2532 3434 2592 3490 in
2624 3434 2770 3508 ipsis
2803 3434 3122 3490 exsistente
3159 3451 3175 3492 :
3203 3439 3508 3506 prOpterea
3537 3434 3629 3490 hic

1969 3526 2208 3598 (inquit)
2238 3524 2403 3580 nulla
2433 3528 2522 3580 est
2553 3523 2724 3588 ratio,
2744 3527 3107 3594 postremum
3142 3523 3409 3581 ordinem
3439 3523 3629 3579 nomi-

1971 3613 2148 3669 nandi
2180 3612 2499 3684 seraphim,
2534 3616 2635 3667 aut
2684 3611 2950 3668 thronos.
2989 3612 3139 3670 Nota
3169 3629 3363 3684 porro,
3397 3616 3634 3684 propter

1970 3701 2111 3774 quid
2143 3705 2421 3756 vocentur
2450 3716 2654 3755 omnes
2685 3699 2922 3755 ordines
2953 3701 3178 3769 angeli;
3212 3699 3483 3770 quia,qui
3503 3715 3631 3769 pro-

1971 3790 2095 3862 prie
2125 3788 2340 3858 angeli,
2390 3787 2619 3842 elevant
2667 3793 2903 3842 sanctos
2957 3786 3227 3842 homines
3259 3787 3328 3841 ad
3361 3785 3629 3858 cognitos

1971 3877 2085 3934 sibi
2113 3877 2341 3932 divinos
2373 3875 2739 3947 splendores.

2043 3965 2144 4021 Sed
2172 3966 2314 4021 sicut
2332 3965 2439 4020 hic.
2472 3962 2829 4036 Angelorum
2863 3962 3085 4019 scilicet
3119 3963 3286 4018 ordo.

2042 4143 2284 4208 Nostros,
2314 4143 2409 4195 Gr.
2460 4137 2596 4200 Τοὺς
2642 4137 2761 4201 καθ’
2808 4139 2980 4210 ἡμᾶς.
3031 4137 3326 4212 Mysteriis
3375 4138 3629 4196 maxime

1973 4232 2040 4287 ad
2075 4234 2317 4303 epoptas
2350 4227 2778 4302 pertinentibus
2804 4226 3204 4300 ingurgitatus
3235 4231 3478 4284 sanctus
3498 4228 3630 4284 Dio-

1975 4319 2202 4392 nysius,
2233 4318 2452 4390 detegit
2500 4319 2722 4383 dicens,
2755 4317 2909 4389 quod
2955 4321 3289 4388 postremus
3334 4318 3474 4373 ordo
3525 4317 3629 4389 qui

1979 4413 2240 4480 vocatur,
2287 4407 2494 4478 angeli,
2526 4422 2625 4462 eos
2675 4405 2773 4477 qui
2825 4405 2979 4460 inter
3006 4404 3276 4461 homines
3325 4406 3630 4478 pontiﬁces

1985 4497 2377 4552 Ecclesiarum
2412 4499 2572 4562 sunt,
2603 4494 2903 4566 paedagogi
2936 4510 3098 4550 more
3127 4495 3534 4550 manuducunt
3561 4495 3634 4550 ad

201 4581 506 4657 ἀναγωγήν
543 4600 556 4613 ·
588 4581 689 4649 τήν
724 4577 780 4635 δὲ
821 4580 1132 4656 κατωτέραν
1176 4578 1322 4649 τάξιν
1353 4579 1543 4649 αὐτὴν,
1573 4581 1673 4650 τὴν
1707 4583 1866 4654 ἡμῶν

1982 4585 2194 4641 mentis
2247 4585 2302 4639 in
2349 4589 2529 4640 Deum
2580 4583 3003 4651 elevationem;
3047 4582 3382 4638 inferiorem
3432 4587 3629 4640 autem

197 4669 592 4746 παιδαγωγὸν,
641 4668 732 4723 καὶ
812 4668 906 4730 τὰς
988 4665 1271 4744 βαθμηδὸν
1353 4668 1737 4744 ὑπερκειμένας
1809 4670 1863 4724 αἱ

1982 4675 2169 4746 ipsum
2203 4673 2492 4739 ordinem,
2525 4673 2909 4744 paedagogum
2944 4676 3235 4738 nostrum,
3259 4675 3316 4727 et
3343 4671 3628 4742 gradatim

197 4759 476 4836 ἀνώτεραι
508 4756 583 4818 ὡς
612 4751 1011 4824 ὑποϐεϐηκυίας
1050 4759 1492 4831 μυσταγωγοῦσι.

263 4939 388 5003 Τῆς
475 4932 930 5009 ἀποκληρούσης,
1015 4933 1269 4988 Τουτέστι
1351 4940 1450 5004 τῆς
1531 4932 1868 5004 τελευταίας,

197 5032 295 5095 τῆς
335 5031 456 5081 τῶν
507 5022 764 5099 ἀγγέλων
813 5021 979 5100 φημί.
1030 5021 1347 5096 Σημείωσαι
1401 5020 1479 5092 δὲ,
1530 5024 1614 5078 ὅτι
1663 5021 1869 5096 δοξάζει

194 5116 387 5177 κοινὰς
449 5114 588 5169 εἶναι
644 5113 819 5175 πάσας
874 5112 970 5175 τὰς
1023 5110 1320 5183 ὀνομασίας
1373 5116 1480 5166 τῶν
1537 5111 1686 5166 ἐννέα
1738 5132 1872 5187 ταγ-

200 5204 412 5274 μάτων,
482 5202 717 5256 ὶκάστου
765 5201 1060 5277 τάγματος,
1132 5196 1222 5254 διὰ
1273 5200 1336 5254 τὸ
1392 5204 1590 5261 κοινῶς
1653 5197 1870 5272 ἐλλάμ-

195 5304 391 5357 meam
436 5290 511 5345 hc
554 5293 650 5344 τοῦ
693 5288 966 5353 θεοειδοῦς
1013 5289 1089 5352 εἲς
1119 5290 1216 5358 τήν
1251 5288 1308 5344 ἐκ
1346 5293 1480 5344 Θεοῦ
1511 5285 1872 5366 φωτοδοσίαν,

198 5380 239 5435 εἰ
266 5383 362 5437 καὶ
416 5381 507 5455 μή
560 5379 789 5453 ὁμοίως.
821 5381 998 5451 Ἔστι,
1024 5379 1176 5454 φησὶ,
1217 5381 1414 5441 κοινῶς
1465 5377 1725 5452 ὀνομάσαι
1767 5379 1874 5432 πά-

1976 4779 2155 4834 supra
2211 4760 2525 4816 collocatos
2583 4761 2914 4831 superiores
2973 4766 3253 4832 tanquam
3303 4757 3629 4829 inferiores,

1978 4850 2274 4923 mysteriis
2307 4849 2604 4905 imbuunt.

2047 4937 2344 5010 Adimplet,
2375 4941 2472 4992 Gr.
2503 4937 2603 5004 τῆς
2635 4934 3077 5008 ἀποκληρούσης.
3116 4935 3178 4990 Id
3207 4939 3298 4990 est
3327 4933 3631 5006 postremi,

1979 5027 2322 5100 angelorum
2372 5026 2638 5098 inquam.
2670 5026 2817 5081 Nota
2868 5031 3064 5080 aute‘n
3110 5023 3264 5094 quod
3314 5021 3638 5079 arbitratur

1981 5131 2326 5170 communes
2383 5131 2510 5171 esse
2567 5113 2986 5187 appellationes
3055 5127 3262 5166 novem
3329 5111 3630 5182 ordinum,

1983 5205 2456 5276 uniuscujusque
2487 5204 2732 5273 ordinis,
2750 5203 2888 5275 quia
2910 5200 3301 5256 communiter
3324 5200 3632 5256 illustran-

1983 5295 2081 5346 tur
2111 5309 2178 5348 ex
2208 5293 2306 5348 Dei
2341 5292 2734 5347 similitudine
2765 5291 2822 5345 in
2858 5289 3100 5345 luminis
3133 5304 3197 5344 ex
3228 5294 3346 5346 Deo
3367 5288 3634 5362 largitio-

1984 5396 2143 5452 nem,
2174 5381 2282 5436 etsi
2317 5396 2432 5435 non
2466 5377 2755 5434 similiter.
2791 5377 2972 5448 Licet,
3003 5376 3217 5450 inquit,
3240 5376 3635 5434 communiter

1242 5545 1489 5606 VARUE
1522 5545 1924 5608 LECTIONES
1963 5551 2055 5607 ET
2093 5546 2629 5608 CORRECTIONES

270 5681 316 5717 ⁸³
337 5670 788 5748 ὁτωὸιϐηκυῖαι.
861 5677 908 5714 ³⁸
935 5676 1041 5749 πρό
1069 5694 1235 5738 τινος.
1313 5677 1358 5714 ⁸ο
1384 5677 1481 5740 τὰς
1511 5674 1678 5742 θῑίας.
