4042 6210
408 361 480 418 63

1226 371 1601 428 APPENDIX
1636 379 1736 430 sn
1771 376 2016 432 ornas
2049 378 2110 430 s.
2150 375 2465 431 momen
2505 378 3002 434 ABEOPAGITE.
3177 339 3198 354 ’
3756 377 3836 432 64

408 486 705 559 appellare
737 503 942 544 omnes
974 488 1376 562 intelligibiles
1416 499 1474 550 et
1504 496 1889 566 incorporeus
1919 497 2076 553 ordi-

2207 517 2282 558 ηις
2311 496 2405 559 τὰς
2443 496 2634 572 νοερᾶς
2677 496 2765 552 καὶ
2816 498 3137 570 ἀσωμάτους
3189 497 3366 567 τάξεις
3413 495 3504 551 καὶ
3553 499 3674 562 καθ’
3714 495 3835 554 ετι-

409 591 535 643 nes,
569 581 628 631 et
679 579 1005 634 secundum
1036 579 1216 635 alium
1278 584 1544 655 modum,
1579 585 1688 642 hoc
1719 591 1809 642 est
1852 585 1987 640 κατὰ
2013 586 2075 639 τὸ

411 660 642 726 θεοειδές
675 667 830 736 quod
861 671 950 722 est
984 671 1311 726 secundum
1347 672 1462 728 Deo
1495 675 1891 730 assimilatum
1925 691 2073 743 esse;

409 752 470 807 in
504 759 794 825 quantum
825 757 1064 828 assequi
1093 759 1416 831 unicuique
1447 762 1716 834 ipsorum
1766 764 1938 832 licet;
1973 764 2076 819 ita-

414 857 529 914 que
571 859 777 898 omnes
827 843 1063 916 quidem
1113 850 1630 918 supermundanos
1680 854 1940 922 ordines,
1977 853 2073 908 Dei

413 929 642 986 similes
675 933 888 1000 vocari,
922 938 979 988 et
1008 932 1183 989 aliam
1217 953 1387 1006 porro
1419 937 1582 1010 ipsos
1626 956 1830 996 omnes
1861 941 2076 996 habere

412 1016 797 1074 lucidissime
830 1019 1554 1093 illustrationis,nimirum
1584 1043 1654 1083 ex
1683 1029 1802 1083 Deo
1834 1045 2070 1090 munus.

413 1107 682 1176 quamvis
713 1124 817 1179 pro
851 1110 1138 1180 cujusque
1168 1116 1364 1183 captu,
1397 1119 1500 1170 aut
1552 1115 1770 1184 minus,
1803 1122 1906 1171 aut
1949 1132 2074 1171 am-

412 1193 570 1265 plius
603 1194 919 1252 illustratio
948 1197 1222 1254 donetur.
1260 1202 1320 1254 In
1353 1200 1503 1258 libro
1534 1210 1730 1260 autem
1763 1206 1835 1260 De
1865 1204 2073 1260 divini:

408 1285 728 1338 nominibus
755 1283 920 1352 dicit,
953 1285 1182 1343 divinos
1213 1288 1372 1346 solos
1403 1290 1516 1346 dici
1548 1292 1775 1349 ordinis
1815 1294 2072 1350 universi

411 1371 714 1440 praefectos
725 1413 739 1427 .

485 1458 878 1528 Proprietates.
910 1459 1057 1517 Nota
1117 1465 1412 1534 quomodo
1475 1465 1862 1538 proprietates
1918 1467 2075 1523 dicat

413 1547 884 1620 uniuscujusque
914 1550 1143 1606 ordinis
1180 1552 1608 1624 proportiones.

977 1657 1071 1713 2|
1118 1661 1192 1714 IN
1233 1659 1385 1714 CAP.
1426 1659 1521 1715 VI.

487 1760 518 1834 §
549 1765 592 1815 Ι.
625 1762 813 1818 Solam
863 1767 1071 1818 exacte.
1106 1762 1265 1827 Quod
1301 1764 1467 1821 solus
1516 1771 1668 1823 Deus
1699 1767 1798 1839 qui
1828 1771 1885 1824 et
1913 1750 2074 1840 ipsos

2184 605 2276 660 ρον
2337 585 2563 660 τρόπον,
2613 586 2854 639 τουτέστι
2913 586 3048 639 κατὰ
3095 585 3157 639 τὰ
3213 582 3463 656 θεοειδὲς,
3527 584 3659 661 ὅπερ
3715 587 3834 642 ἐστὶ

2182 673 2318 728 κατὰ
2354 674 2415 728 τὸ
2443 674 2523 743 τῷ
2557 679 2675 745 Θεῷ
2722 672 2952 728 ἑοικέναι
2988 694 3001 706 ·
3048 675 3168 738 καθ’
3218 674 3344 727 ὅσον
3384 671 3601 749 ἐφικτὸν
3633 674 3838 749 ἑκάστῃ

2183 761 2359 816 αὐτῶν
2397 781 2410 793 '
2468 760 2606 816 ὥστε
2690 762 2862 823 πάσας
2942 761 3036 833 μὶν
3117 763 3212 823 τὰς
3286 762 3688 836 ὑπέρκοσμίους
3741 766 3842 818 τά·

2181 849 2288 920 ξεις
2343 846 2600 912 θεοειδεῖς
2657 847 2963 918 καλεῖσθαι,
3037 850 3127 904 καὶ
3197 851 3376 923 ἑτέραν
3429 848 3487 905 δὲ
3543 852 3841 906 κοινωνίαν

2182 937 2326 1013 ἔχειν
2360 939 2531 999 πάσας
2563 936 2725 998 αὐτὰς
2771 938 2869 1006 τὴν
2921 943 3021 1006 τῆς
3065 939 3468 1010 φωτεινοτάτης
3501 937 3840 1012 ἰλλάμψεως

2179 1023 2238 1079 ἐκ
2267 1030 2401 1080 Θεοῦ
2439 1023 2668 1100 δωρεὰν,
2716 1022 2811 1078 κᾶν
2870 1025 3007 1099 πρὸς
3051 1028 3114 1080 τὸ
3159 1025 3354 1099 ἑκάστῃ
3403 1026 3641 1104 ἐφικτὸν,
3674 1027 3710 1096 ἤ
3749 1027 3838 1082 ἂπ⁹

2179 1109 2422 1182 ἔλαττον,
2470 1112 2506 1183 ἥ
2559 1114 2646 1169 ἐπὶ
2697 1113 2888 1168 πλεῖον
2933 1116 2968 1183 ἡ
3013 1111 3292 1188 ’ἐλλαμψις
3348 1112 3596 1171 διδῶται.
3643 1117 3733 1172 Ἐν
3778 1113 3840 1171 δὲ

2177 1208 2257 1276 τῷ
2311 1202 2440 1279 Περὶ
2499 1201 2654 1256 θείων
2706 1202 2989 1275 ὀνομάτων
3059 1201 3214 1278 λόγῳ
3263 1203 3455 1280 φησὶν,
3507 1205 3590 1259 ὅτι
3641 1206 3837 1278 [θεῖοι]

2184 1289 2342 1367 μὸοοι
2375 1291 2621 1367 λέγονται
2651 1291 2703 1345 οἱ
2737 1292 2939 1354 παντὸς
2967 1290 3243 1366 τάγματος
3266 1291 3574 1368 ταξίαρχοι.

2254 1466 2575 1549 Ἰδιότητας.
2626 1467 2942 1541 Σημείωσαι
2999 1473 3116 1531 πῶς
3177 1466 3460 1539 ἰδιότητας
3517 1466 3666 1544 λέγει
3723 1468 3830 1531 τὰς

2180 1557 2409 1628 ἑκάστης
2438 1557 2635 1630 τάξεως
2665 1556 2961 1632 ἀναλογίας
2973 1600 2986 1613 .

2676 1665 2790 1720 ΕΙΣ
2829 1668 2914 1722 ΤΟ
2959 1667 3218 1721 ΚΕΦΑΛ.
3251 1665 3318 1727 ς’.

2252 1773 2349 1842 §l.
2406 1771 2595 1840 Μόνην
2653 1765 2916 1844 ἀκριϐῶς.
2973 1771 3093 1824 ’Ότι
3152 1769 3317 1843 μόνος
3375 1771 3402 1824 ὁ
3463 1772 3591 1832 Θεὸς
3640 1770 3669 1825 ὁ
3729 1769 3829 1824 καὶ

416 1850 600 1907 efﬁcit
627 1851 788 1920 deos,
825 1852 984 1907 novit
1013 1858 1284 1908 accurate
1317 1860 1374 1909 et
1406 1854 1566 1925 ipsos
1591 1861 1648 1911 et
1679 1857 1938 1928 ipsorum
1971 1857 2076 1912 mi-

2207 1864 2444 1915 νεοποιῶν
2492 1857 2708 1929 αὐτοὺς,
2768 1857 2907 1913 οἶδεν
2957 1853 3199 1934 ἀκριϐῶς
3248 1857 3444 1920 αὐτοὺς
3491 1879 3550 1913 τε
3597 1858 3689 1913 καὶ
3733 1859 3839 1921 τὰς

421 1938 686 2009 nisteria,
720 1945 895 2011 atque
945 1940 1058 2012 ipsi
1118 1949 1483 2014 cognoscunt
1539 1959 1624 2013 se,
1663 1949 1721 1999 et
1773 1962 1900 2000 sua.
1966 1945 2082 2000 Nos

432 2017 789 2082 enim’nibil
852 2031 1101 2099 perfecte
1157 2047 1359 2086 eorum
1420 2048 1546 2102 qua
1606 2033 1766 2104 ipsos
1820 2038 2087 2104 spectant

430 2115 680 2182 scimus,
721 2116 834 2172 nisi
866 2134 934 2172 ea
965 2133 1093 2188 quas
1127 2135 1160 2172 a
1187 2117 1387 2174 divina
1429 2120 1618 2176 edocti
1649 2137 1857 2177 sumus
1890 2122 2084 2194 Scrip-

432 2207 592 2258 tura.

501 2295 723 2347 Novem.
759 2296 928 2360 Nota,
981 2310 1184 2349 novem
1229 2309 1358 2350 esse
1388 2296 1622 2352 ordines
1653 2295 1885 2352 divinos
1915 2296 2086 2352 intel-

425 2378 773 2448 ligibilium.

502 2468 632 2536 §ll.
688 2467 982 2524 Sacrorum
1041 2472 1314 2532 iniliator.
1377 2471 1473 2527 Gr.
1528 2469 1922 2544 ἱεροτελεστής.
1957 2477 2090 2528 Pro-

430 2556 628 2629 prium
673 2558 914 2628 quidem
968 2575 1201 2614 sacrum
1255 2559 1474 2615 rituum
1527 2560 1924 2616 institutorem
1956 2577 2089 2616 con-

432 2644 623 2700 suevit
651 2661 854 2700 vocare
885 2651 990 2700 aut
1023 2647 1462 2703 divinissimum
1494 2646 1764 2714 Paulum,
1798 2657 1892 2703 aut
1928 2665 2091 2705 sanc-

429 2735 560 2787 tum
591 2732 969 2788 Hierotbeum
999 2752 1012 2801 ;
1048 2734 1202 2788 sicut
1234 2735 1292 2788 in
1325 2734 1472 2790 libro
1501 2737 1572 2790 De
1601 2737 1805 2791 divinis
1848 2738 2090 2792 nomini-

434 2821 532 2874 bus
561 2820 783 2875 dictum
838 2827 964 2890 est;
996 2838 1154 2877 nunc
1203 2828 1392 2876 autem
1427 2823 1679 2879 arbitror
1725 2825 1920 2896 ipsum
1957 2825 2089 2880 nul-

431 2907 556 2962 lum
587 2907 771 2963 alium
804 2909 1017 2977 dicere,
1044 2927 1222 2981 quam
1251 2916 1520 2966 sanctum
1555 2912 1799 2967 Paulum
1829 2938 1843 2978 ;
1871 2913 2093 2968 nullius

434 2995 589 3050 enirn
623 2996 774 3051 alius
795 3002 921 3052 erat
951 3015 1131 3069 quam
1164 2999 1376 3070 ipsius,
1401 3000 1500 3070 qui
1534 3016 1716 3071 usque
1747 3001 1816 3055 ad
1853 3001 2090 3056 tertium

434 3081 647 3138 coelum
707 3085 964 3157 pertigit,
997 3092 1054 3142 et
1100 3103 1164 3142 ea
1223 3103 1349 3158 quas
1399 3088 1469 3144 de
1515 3087 2094 3161 bis'cognoscuntur

435 3171 679 3229 edoctus
709 3177 818 3229 est.

888 3262 1117 3319 Primus
1149 3265 1444 3321 ternarius
1475 3265 1637 3322 ordo.

691 3351 921 3416 Throni,
1066 3352 1375 3420 cherubim,
1529 3353 1838 3426 seraphim.

509 3457 764 3512 Assidue.
796 3457 878 3513 De
907 3458 1094 3530 primo
1145 3474 1444 3516 sacrorum
1495 3459 1769 3516 ordinum
1825 3459 1940 3516 Deo
1991 3467 2092 3532 ap-

440 3544 898 3618 propinquante.

513 3634 915 3692 Sanctissimos.
954 3636 1212 3691 Primum
1245 3638 1571 3692 ternarium
1613 3639 1770 3693 hunc
1799 3641 1855 3693 et
1885 3637 1980 3693 Dei
2013 3636 2093 3692 si-

443 3721 642 3778 milem
683 3724 906 3780 ordinis
956 3724 1349 3796 principatum
1409 3725 1544 3780 licet
1597 3726 1649 3780 ei
1709 3725 1808 3797 qui
1871 3729 2094 3781 attenta

442 3817 638 3867 mente
670 3816 727 3866 et
756 3813 930 3884 digne
964 3818 1072 3868 Deo
1105 3813 1385 3881 intuetur,
1421 3814 1997 3886 cumprehendere,et
2028 3830 2094 3869 ex

441 3901 571 3972 ipso
603 3901 917 3968 Ezechiele,
950 3903 1050 3973 qui
1081 3903 1243 3973 dicit,
1275 3903 1552 3960 thronum
1595 3903 1850 3975 primum
1885 3904 1945 3959 in
1977 3919 2093 3975 quo

441 3987 606 4042 visus
636 3993 726 4042 est
756 3993 946 4057 Deus;
985 3995 1182 4060 postea
1232 3991 1432 4047 statim
1479 3993 1828 4047 assistentes
1865 3992 2094 4046 divinos

441 4074 746 4129 cherubim
782 4092 795 4129 :
831 4078 984 4146 apud
1020 4078 1228 4132 Isaiam
1262 4083 1457 4133 autem
1491 4081 1904 4136 sanctissimos
1935 4097 2093 4136 sera-

445 4161 610 4234 phim
643 4162 796 4217 circa
843 4163 1025 4219 Deum
1059 4170 1281 4220 stantes
1313 4168 1762 4236 contemplatur.
1799 4167 1929 4223 Haec
1959 4184 2093 4224 vero

441 4248 743 4305 declarant
790 4267 1127 4323 supremam
1175 4253 1436 4324 ipsorum
1491 4271 1673 4325 supra
1703 4271 1906 4310 omnes
1937 4256 2094 4326 apud

442 4338 628 4395 Deum
659 4345 898 4396 sortem.
934 4340 1332 4411 Explanantur
1360 4347 1556 4397 autem
1598 4342 1719 4398 hac
1749 4343 1866 4398 fere
1895 4343 2096 4399 simili-

443 4430 536 4483 ter
564 4427 741 4482 etiam
784 4428 841 4484 in
894 4429 1240 4502 Apocalypsi
1300 4431 1488 4485 sancti
1539 4431 1784 4487 Joannis
1845 4431 2094 4503 apostoli

447 4515 818 4587 evangelista
847 4521 905 4571 et
937 4516 1208 4589 theologi.

2191 1947 2367 2002 αὖτῶν
2414 1945 2750 2022 λειτουργίας
2785 1968 2798 1981 ο
2843 1946 2930 2002 καὶ
2981 1946 3135 2001 αὖτοῖ
3183 1945 3240 2002 δὶ
3292 1944 3469 2002 ἴσασιν
3519 1947 3715 2010 αὐτοὺς
3745 1946 3843 2002 καὶ

2191 2039 2257 2093 τὰ
2307 2040 2531 2094 ἑαυτῶν.
2591 2039 2780 2110 Ἡμεῖς
2846 2040 2950 2113 γάρ
3027 2036 3179 2092 οὐδὶν
3249 2033 3490 2113 ἀκριϐῶς
3548 2042 3656 2092 τῶν
3715 2039 3836 2092 κατ’

2193 2126 2386 2190 αὐτοὺς
2426 2127 2775 2199 ἐπιστάμεθα,
2826 2125 2871 2181 εί
2925 2129 2999 2200 μὴ
3056 2125 3156 2182 ὅσα
3205 2125 3264 2181 έκ
3318 2130 3416 2196 τῆς
3476 2125 3622 2191 θείας
3653 2123 3838 2181 έδιδά-

2194 2228 2304 2291 χθη
2317 2237 2411 2288 μεν
2438 2222 2674 2289 Γραφῆςο

2269 2305 2471 2361 Ἐννέα.
2536 2303 2873 2376 Σημείωσαι,
2933 2301 3016 2359 δτι
3073 2303 3223 2358 ὶννέα
3273 2301 3375 2358 εἰσὶ
3422 2304 3669 2378 τάγματα
3728 2305 3849 2358 θεῖα

2194 2397 2303 2448 τῶν
2333 2393 2568 2462 νοητῶν.

2269 2469 2296 2534 §
2355 2461 2429 2521 Il.
2500 2461 2918 2536 Ἱεροτελεστής.
2991 2461 3387 2537 Ἱεροτελεστῆν
3469 2463 3565 2536 μὶν
3640 2461 3849 2518 οἷ’κεῖον

2198 2550 2356 2615 εἷ’ωθε
2383 2551 2593 2618 καλεῖν,
2640 2549 2676 2620 ἤ
2724 2549 2814 2605 τὸν
2867 2550 3142 2605 θειότατον
3189 2549 3498 2606 ἀπόστολον
3534 2550 3774 2619 Παῦλον,
3805 2549 3842 2621 ἤ

2196 2643 2285 2696 τὸν
2317 2642 2466 2716 ἅγιον
2500 2639 2782 2715 Ἱερόθεον,
2829 2640 2903 2703 ὡς
2951 2638 3001 2693 ἐν
3048 2643 3129 2711 τῷ
3172 2640 3300 2714 Περὶ
3353 2639 3508 2702 θείων
3560 2639 3846 2712 ὀνομάτων

2199 2731 2401 2804 ἐλέχθη
2437 2727 2587 2805 λόγῳ
2619 2747 2631 2762 ·
2667 2732 2754 2782 νῦν
2789 2725 2847 2782 δὲ
2896 2725 3088 2782 οὐδένα
3137 2725 3323 2803 ἓτερον
3375 2730 3616 2804 ἠγοῦμαι
3659 2727 3846 2803 λέγειν

2199 2819 2356 2874 αὐτὸν
2389 2816 2425 2887 ἤ
2455 2817 2543 2870 τὸν
2595 2817 2745 2892 ἅγιον
2799 2814 3014 2870 Παῦλον
3043 2836 3055 2848 ·
3115 2814 3332 2878 οὐδενός
3375 2817 3474 2890 γάρ
3505 2816 3572 2884 ἦν
3605 2813 3783 2871 ἄλλου
3809 2814 3852 2886 ἤ

2198 2907 2357 2963 αὐτὸν
2391 2906 2425 2976 ἢ
2455 2905 2546 2960 τὸν
2580 2907 2726 2979 ἅγιον
2784 2902 2997 2958 Παῦλον
3031 2923 3043 2936 ·
3101 2902 3321 2967 οὐδενὸς
3360 2903 3460 2979 γὰρ
3491 2903 3556 2972 ἦν
3591 2901 3771 2959 ἄλλου
3804 2902 3844 2974 ἤ

2200 2996 2362 3051 αὐτοῦ
2410 2999 2505 3050 τοῦ
2557 2992 2686 3070 ἄχρι
2741 2993 2927 3069 τρίτου
2979 2993 3216 3070 οὐρανοῦ
3273 2993 3596 3072 φθάσαντος,
3653 2993 3743 3048 καὶ
3781 2994 3854 3049 τὰ

2199 3085 2323 3162 περῖ
2351 3083 2557 3140 τούτων
2593 3083 2911 3156 μυηθέντος.

2680 3258 2879 3334 Πρώτη
2911 3255 3162 3334 τριαδική
3193 3258 3360 3330 τάξις.

2821 3343 3027 3423 χερουό
3036 3347 3117 3420 ίμ,
3300 3344 3556 3424 σεραφίμ.

2272 3459 2590 3530 Προσεχῶς.
2652 3454 2784 3529 Περῖ
2830 3456 2927 3509 τοῦ
2976 3457 3092 3525 Θεῷ
3141 3451 3449 3527 έγγίξοντος
3481 3449 3700 3527 πρώτου
3727 3456 3845 3506 τῶν

2200 3546 2359 3618 ἱερῶν
2383 3545 2701 3618 ταγμάτων.

2269 3633 2659 3708 Ἃγιωτάτους.
2718 3631 2824 3699 Τὴν
2881 3632 3107 3706 πρώτην
3160 3627 3446 3706 τριαδικὴν
3501 3627 3700 3698 ταύτην
3755 3629 3845 3682 καὶ

2201 3719 2410 3791 θεοειδῆ
2463 3719 2777 3796 ταξιαρχίαν
2846 3715 2956 3774 ἔστι
3029 3718 3121 3774 τὸν
3194 3722 3470 3794 νουνεχῶς
3540 3715 3631 3771 καὶ
3690 3715 3853 3786 ἀξίως

2203 3815 2335 3867 Θεοῦ
2376 3809 2774 3865 κατοπτεόοντα
2819 3802 3164 3877 καταλαϐεῖν,
3200 3807 3305 3862 ἀπό
3333 3827 3391 3862 τε
3417 3809 3514 3861 τοῦ
3546 3803 3845 3874 ³Ῑεζεκιήλ,

2204 3897 2263 3964 ὅς
2292 3921 2423 3978 φησι
2467 3897 2656 3972 θρόνον
2702 3901 2942 3970 πρῶτον,
2997 3895 3079 3971 ἐφ’
3127 3897 3190 3951 οὗ
3232 3891 3387 3974 ὤφθη
3434 3895 3461 3948 ὁ
3509 3893 3637 3954 Θεός
3673 3910 3685 3923 ·
3742 3893 3854 3948 εἶτα

2205 3987 2359 4052 εὐθὺς
2393 3986 2633 4061 ἐχόμενα
2657 3985 2725 4040 τὰ
2775 3990 2892 4050 θεῖα
2930 3979 3207 4061 χερουϐἰμ
3239 4004 3250 4015 ·
3284 3985 3431 4058 παρᾶ
3463 3979 3521 4037 δὶ
3549 3985 3629 4054 τῷ
3658 3979 3855 4052 Ἡσαΐᾳ

2202 4077 2270 4131 τὰ
2327 4075 2603 4148 ἁγιώτατα
2681 4074 2920 4150 σεραφὶμ
2993 4071 3184 4145 κύκλῳ
3258 4070 3522 4144 ἱστάμενα
3569 4074 3666 4125 τοῦ
3715 4073 3853 4124 Θεοῦ

2205 4165 2529 4236 θεωροῦντα,
2581 4166 2755 4217 Ταῦτα
2795 4160 2852 4216 δὲ
2901 4159 3068 4232 δηλοῖ
3113 4163 3211 4231 τὴν
3268 4161 3400 4237 ὑπὶρ
3457 4160 3657 4220 πάντας
3710 4158 3852 4212 ἀνω-

2200 4251 2345 4306 τάτω
2393 4251 2539 4325 παρὰ
2585 4250 2676 4304 τὸν
2725 4251 2854 4305 Θεὸν
2913 4249 3091 4304 αὐτῶν
3150 4249 3306 4319 λῆξιν
3337 4268 3350 4281 ³
3408 4246 3755 4324 σαφηνίζεται
3791 4243 3852 4300 δὲ

2200 4344 2366 4395 ταῦτα
2419 4336 2616 4415 σχεδὸν
2679 4336 3079 4413 παραπλησίως
3119 4338 3209 4393 καὶ
3258 4337 3309 4392 έν
3353 4339 3422 4410 τῇ
3473 4334 3850 4407 ’Δποκαλύψει

2200 4433 2296 4484 τοῦ
2353 4429 2507 4503 ἆγίου
2566 4427 2844 4500 Ἰωάννου,
2909 4427 3006 4482 τοῦ
3065 4424 3395 4494 ἀποστόλου,
3457 4422 3852 4500 εὐαγγελιστοῦ

2272 4510 2483 4568 ⁸θλ”

2201 4536 2290 4571 και
2357 4535 2410 4569 εο
2455 4535 2610 4588 ογου.

2387 3346 2601 3424 Θρόνοι,

514 4605 855 4674 Immediate,
903 4609 999 4660 Gr.
1032 4605 1270 4678 ἀμέσως.
1304 4606 1443 4663 Sine
1487 4609 1680 4664 medio
1709 4609 1930 4664 dictum
1963 4613 2088 4679 est;

2270 4603 2536 4678 Ἀμέσως.
2592 4603 2842 4675 Ἀμέσως
2893 4599 3123 4678 εἴρηται,
3176 4598 3363 4671 έπειδή
3415 4598 3515 4654 οὐκ
3567 4596 3708 4653 ἔστιν
3743 4595 3852 4652 ἄλ-

445 4694 920 4766 quandoquidem
955 4711 1066 4749 non
1092 4699 1180 4750 est
1209 4695 1359 4750 alius
1390 4697 1531 4752 ordo
1562 4701 1696 4753 ante
1723 4697 2096 4770 ipsum.Nota

440 4799 596 4851 vero,
631 4799 763 4838 eum
796 4784 1041 4840 thronos
1073 4800 1174 4840 seu
1225 4783 1622 4841 multi-oculos
1655 4791 1711 4842 et
1762 4786 2096 4858 multi-pen.

440 4887 544 4926 nes
576 4872 881 4928 cherubim
907 4876 965 4928 et
995 4872 1294 4944 seraphim
1348 4873 1540 4928 dicere
1587 4875 1919 4946 superiores
1965 4892 2095 4932 esse

443 4960 714 5016 omnibus
746 4961 1016 5028 virtutes,
1047 4967 1104 5017 et
1135 4961 1313 5016 unius
1343 4961 1510 5015 trime
1541 4961 1900 5018 bierarcbiae.

513 5049 779 5121 Inclytus.
814 5050 1097 5108 Sanctum
1130 5051 1377 5106 Paulum
1411 5050 1692 5108 insinuat.

515 5139 862 5194 Potestatem.
895 5140 1053 5196 Duos
1087 5143 1400 5210 sequentes
1429 5138 1726 5195 terniones
1755 5139 2094 5214 intelligibi-

441 5219 590 5276 lium
614 5229 849 5283 sanctos
867 5229 1139 5284 ordinum
1168 5227 1537 5300 principatus
1559 5228 1632 5282 ab
1658 5229 1859 5286 infimo
1892 5232 1963 5286 ad
1995 5248 2094 5288 su-

443 5324 714 5382 premum
738 5321 1020 5372 recenset.
1053 5317 1259 5373 Primae
1282 5316 1439 5372 enim
1464 5319 1602 5370 sunt
1627 5317 2054 5374 dominationes
2078 5335 2094 5386 ;

445 5401 647 5469 postea
679 5406 1006 5468 sequuntur
1034 5405 1276 5460 virtutes
1302 5425 1315 5471 ;
1341 5405 1597 5476 denique
1629 5408 2098 5477 potestates.lpse

446 5490 642 5542 autem
677 5491 989 5560 potestates
1020 5492 1241 5562 primas
1271 5493 1588 5561 collocans,
1624 5494 1848 5550 medias
1879 5494 2101 5565 accepit

448 5575 880 5638 dominationes
907 5597 920 5646 ;
945 5583 1002 5634 et
1026 5580 1181 5634 tertii
1216 5581 1474 5653 liturgici
1507 5583 1607 5639 22
1640 5585 1944 5655 ternionis,
1981 5583 2099 5655 pri-

451 5663 531 5719 mi
553 5664 940 5738 principatus,
967 5666 1178 5724 deinde
1206 5667 1562 5740 archangeli,
1593 5675 1649 5727 et
1677 5678 1972 5744 postremo
2002 5687 2102 5727 an-

2201 4692 2268 4748 λο
2314 4692 2493 4768 τάγμα
2522 4691 2627 4768 πρὸ
2673 4692 2860 4760 αὑτῆς.
2913 4690 3229 4764 Σημείωσαι
3281 4688 3358 4763 δὶ,
3405 4686 3487 4744 ὅτι
3544 4685 3671 4742 τοὺς
3717 4686 3850 4760 θρό-

2201 4803 2356 4850 νους,
2414 4780 2542 4851 ἤτοι
2586 4782 2652 4836 τὰ
2701 4781 3073 4853 πολυόμματα
3121 4780 3208 4833 καὶ
3270 4778 3336 4833 τὰ
3385 4775 3703 4852 πολύπτερα
3751 4794 3852 4850 χε-

2203 4866 2408 4946 ρουϐὶμ
2470 4868 2558 4924 καὶ
2608 4870 2847 4947 σεραφὶμ
2907 4867 3057 4944 λέγει
3119 4866 3393 4944 ἆνωτέρας
3467 4867 3601 4921 εἶναι
3657 4868 3850 4920 πασῶν

2202 4957 2458 5031 δυνάμεις
2488 4959 2706 5026 καὶτῆς
2755 4963 2880 5031 μιᾶς
2926 4953 3214 5032 τριαδικῆς
3259 4957 3566 5031 ῖεραρχίαςο

2270 5049 2332 5103 Ὁ
2362 5046 2596 5109 κλεινός.
2630 5047 2733 5104 Τὸν
2767 5046 2915 5123 ’ὰγιον
2950 5042 3168 5101 Παῦλον
3191 5042 3500 5100 αἰνίττεται.

2270 5137 2579 5207 Ἐξουσιῶν.
2638 5136 2740 5198 Τὰς
2818 5135 3006 5214 ἐφεξῆς
3053 5132 3148 5189 δύο
3206 5131 3489 5210 τριαδικὰς
3547 5135 3656 5187 τῶν
3719 5150 3851 5200 νοη-

2199 5230 2306 5281 τῶν
2364 5225 2522 5300 ἁγίας
2577 5226 2894 5300 ταξιαρχίας
2933 5225 3171 5279 κατωθεν
3224 5222 3300 5284 εἰς
3345 5223 3456 5276 ἅνω
3505 5218 3797 5293 καταλέγει
3837 5237 3851 5251 ⁶

2201 5317 2413 5390 πρῶται
2444 5333 2546 5388 γαρ
2587 5311 2720 5366 εἷ’σιν
2767 5312 2822 5364 αἱ
2866 5330 3183 5385 κυριοτητες
3215 5328 3227 5340 ·
3281 5308 3395 5363 εἶτα
3436 5307 3559 5377 ἑξῆς
3588 5307 3644 5362 αἱ
3685 5303 3856 5360 δυνά-

2208 5423 2324 5476 μεις
2359 5422 2371 5433 ·
2415 5404 2530 5456 εἶτα
2562 5402 2617 5456 αἱ
2661 5398 2914 5472 ἐξουσίαι.
2954 5398 3129 5461 Αὐτὸς
3181 5395 3240 5452 δὲ
3285 5397 3381 5459 τὰς
3420 5394 3661 5469 ἐξουσίας
3704 5394 3861 5470 πρώ-

2203 5510 2296 5550 τας
2352 5491 2530 5562 τάξας,
2583 5487 2745 5564 μέσας
2811 5483 2974 5543 ἕλαϐε
3037 5487 3134 5548 τὰς
3190 5485 3543 5560 κυριότητας,
3605 5483 3699 5539 καὶ
3749 5485 3857 5548 τῆς

2203 5577 2392 5654 τρίτης
2444 5579 2825 5654 λειτουργικῆς
2872 5573 3090 5654 τριάδος
3147 5578 3360 5649 πρῶται
3405 5575 3459 5628 αἱ
3516 5571 3708 5650 ἀρχαὶ,
3738 5571 3856 5627 εἶτα

2205 5666 2404 5724 λοιπὸν
2435 5669 2489 5722 οἱ
2514 5665 2855 5743 ἀρχάγγελοι
2897 5685 2910 5700 ·
2964 5664 3055 5721 καὶ
3103 5664 3166 5720 τὸ
3213 5662 3524 5721 τελευταῖον
3562 5659 3791 5740 ἄγγελοι
3835 5677 3852 5695 ο
