4042 6210
182 351 248 404 65
891 351 950 402 Β·
995 347 1265 402 MAXIM!
1304 346 1609 402 SCHOLIA
1646 350 1721 402 IN
1761 349 1893 403 LIB.
1932 351 2030 403 DE
2069 346 2388 402 C(ELESTI
2430 347 2905 403 HIERARCHIA.
3530 351 3605 405 66

181 477 285 528 Νῦν
320 472 418 527 οὗν
455 470 574 546 οὐχ
617 469 793 532 οὕτως
842 469 1016 524 αὐτῶν
1063 466 1462 541 ἐμνημόνευσεν
1508 467 1562 523 ἐν
1592 473 1671 542 τῷ
1722 470 1842 542 ἑξῆς

1979 471 2089 543 geli.
2117 470 2281 525 Nunc
2307 468 2488 541 igitur
2510 485 2623 524 non
2651 469 2733 524 ita
2752 470 3020 526 meminit
3047 472 3310 542 ipsorum
3333 475 3390 530 in
3415 477 3606 548 capite

180 557 493 637 κεφαλαίῳ,
546 557 692 614 ἀλλᾶ
733 558 970 611 κάτωθεν
1023 555 1099 619 εἷς
1148 554 1258 610 ἅνω
1309 550 1492 611 λαϐὼν
1540 555 1842 629 ὠνόμασεν.

182 651 244 707 Ὀ
296 649 396 720 μὲν
451 647 548 701 οὖν
606 644 942 706 Ἀπόστολος
995 641 1046 698 ἔν
1104 665 1164 698 τε
1220 649 1290 718 τῇ
1341 645 1476 718 πρὸς
1522 645 1848 716 Ῥωμαίους,

185 738 271 792 καὶ
325 737 381 791 ἰν
443 741 516 809 τῇ
573 736 710 810 πρὸς
765 733 1039 809 Ἐφεσίους
1102 733 1369 807 μέμνηται
1421 733 1575 788 ἐνίων
1624 732 1848 809 ἀγγελι-

184 831 297 880 κῶν
344 824 666 900 ταγμάτων·
717 822 778 877 οὐ
829 821 1029 892 ταύτην
1087 819 1144 876 δί
1200 823 1302 890 τὴν
1346 821 1490 894 τάξιν
1544 823 1850 900 ὑφηγεῖται.

189 913 370 983 Δηλοῖ
399 911 518 968 ὂὲὸ
572 913 740 986 μίγας
788 910 1087 982 Διονύσιος,
1119 910 1202 964 ὅτι
1252 909 1308 964 ἐν
1357 911 1640 984 μυστηρίῳ
1684 908 1850 966 ταῦτα

191 1001 484 1078 παρεδωκε
512 1006 630 1062 τοῖς
658 999 838 1074 ἁγίοις
866 1001 894 1053 ὁ
927 1003 1073 1062 θεῖος
1103 994 1458 1060 Ἀπόστολος.

697 1108 809 1162 ΕΙΣ
844 1105 935 1162 ΤΟ
974 1107 1244 1163 ΚΕΦΑΛ.
1291 1106 1350 1172 ζ’.

261 1201 369 1268 §I.
421 1195 599 1252 Παλιν
648 1197 683 1263 ἡ
736 1193 1010 1271 ἐπιγραφή
1057 1189 1296 1248 κᾶτωθεν
1342 1191 1429 1247 ἰπὶ
1476 1194 1544 1247 τὰ
1591 1191 1853 1268 ὑπέρτερα

195 1286 387 1341 ἅνειιῖι⁸
417 1286 493 1340 τὰ
533 1285 638 1358 γὰρ
687 1284 845 1357 τρίτα
897 1281 1150 1359 σεραφίμ’
1183 1281 1252 1337 τὰ
1295 1279 1352 1336 δὶ
1401 1279 1624 1357 δεύτερα
1655 1301 1851 1356 χερου-

195 1371 315 1447 ὂίμ’
376 1375 469 1429 καὶ
527 1375 596 1429 τὰ
648 1377 841 1446 πρῶτα
897 1371 1101 1445 θρόνοι.
1164 1369 1563 1448 Ἀντιστρόφως
1617 1373 1706 1426 οὖν
1757 1371 1851 1428 ιπ-

196 1464 457 1538 ἐγραψενο

264 1551 614 1623 Ἐπωνυμία.
673 1550 1011 1623 Σημείωσαι,
1059 1551 1139 1603 δτι
1190 1555 1292 1603 πᾶν
1345 1544 1519 1620 ὄνομα
1549 1552 1654 1602 τῶν
1687 1549 1849 1624 ἱερῶν

196 1641 474 1712 σημασίαν
525 1639 771 1714 περιέχει
829 1646 930 1708 τῆς
981 1642 1078 1693 τοῦ
1132 1636 1409 1712 τάγματος
1468 1634 1650 1705 ἰδικῆς
1700 1637 1850 1713 ἐνερ-

194 1731 372 1804 γείας,
431 1729 512 1791 ὡς
571 1732 678 1782 τῶν
743 1727 911 1803 ἁγίων
970 1726 1205 1805 σεραφῖμ
1250 1726 1338 1780 καὶ
1398 1721 1673 1802 χερουϐἰμ
1721 1729 1848 1800 [τῶν

1957 559 2252 630 sequenti,
2277 559 2376 613 sed
2408 558 2480 613 ab
2508 557 2710 613 inﬁmo
2735 558 2805 612 ad
2839 575 3184 630 supremum
3227 577 3469 619 exorsus
3507 580 3609 620 no-

1958 646 2547 717 minavit.Apostolus
2568 646 2769 718 igitur,
2793 652 2918 701 tum
2940 647 2997 702 in
3021 649 3280 719 Epistola
3300 651 3370 706 ad
3396 651 3606 708 Roma.

1959 753 2088 804 nos,
2120 741 2247 790 tum
2283 736 2354 790 ad
2379 735 2682 806 Ephesios.
2718 735 2986 790 meminit
3014 738 3406 806 quorumdam
3438 755 3610 812 ange-

1958 824 2202 880 licorum
2257 823 2531 879 ordinum
2561 841 2574 891 ;
2608 822 2766 878 hunc
2796 840 2930 879 vero
2961 823 3226 881 ordinem
3261 842 3375 882 non
3416 828 3606 885 docet.

1959 913 2224 968 Declarat
2257 916 2450 968 autem
2488 928 2739 984 magnus
2771 913 3088 985 Dionysius
3118 913 3380 971 divinum
3424 917 3607 988 Apos-

1959 1001 2146 1058 tolum
2181 1002 2301 1056 hac
2328 1001 2388 1056 in
2421 1001 2700 1074 mysterio
2730 1002 2954 1059 sanctis
2983 1003 3320 1061 tradidisse.

2561 1111 2636 1164 IN
2676 1108 2832 1164 CAP.
2868 1109 2990 1166 VII.

2032 1196 2062 1268 §
2093 1198 2134 1252 l.
2170 1200 2424 1252 Rursum
2458 1197 2764 1268 inscriptio
2796 1198 2866 1252 ab
2900 1197 3105 1254 inﬁmo
3137 1200 3206 1254 ad
3260 1215 3606 1273 supremum

1958 1287 2264 1340 ascendit:
2317 1286 2469 1342 tertii
2519 1287 2671 1340 enim
2721 1286 3042 1358 seraphim,
3109 1289 3352 1343 secundi
3409 1294 3605 1346 autem

1958 1373 2286 1444 cherubim,
2319 1379 2377 1430 et
2407 1374 2579 1446 primi
2611 1374 2844 1430 throni:
2878 1376 3170 1431 contrario
3222 1376 3402 1449 igitur
3432 1379 3608 1435 modo

1958 1463 2280 1533 inscripsit.

2029 1549 2361 1622 Appellatz'o.
2393 1550 2558 1617 Nota,
2594 1567 2764 1606 omne
2796 1567 3008 1608 nomen
3041 1570 3340 1610 sacrorum
3381 1554 3604 1627 signiﬁ-

1959 1639 2247 1694 cationem
2281 1638 2586 1712 complecti
2613 1641 2859 1712 propriae
2886 1642 3109 1697 ordinis
3131 1643 3380 1716 energies
3405 1665 3419 1712 ;
3452 1643 3610 1700 sicut

1959 1733 2296 1784 sanctorum
2322 1728 2615 1800 seraphim
2640 1734 2696 1784 et
2717 1729 3018 1786 cherubim
3046 1732 3401 1804 [nominum]
3429 1733 3606 1789 inter-

197 1818 513 1890 ὀνομάτων]
565 1819 619 1872 αἱ
671 1819 953 1892 ἑρμηνεῖαι
1007 1813 1290 1886 δηλοῦσιν,
1323 1812 1510 1886 ἐπειδή
1563 1815 1662 1870 οὐκ
1708 1814 1848 1872 ἔστιν

1979 1817 2314 1873 )retationes
2345 1816 2644 1872 declarant
2669 1835 2683 1874 :
2707 1819 3185 1890 quandoquidem
3220 1837 3334 1877 non
3357 1823 3434 1877 sit
3453 1820 3608 1878 alius

198 1905 348 1962 ἄλλο
379 1907 567 1980 τάγμα
593 1906 700 1980 πρὸ
733 1905 922 1975 αὐτῆς.

272 1994 622 2072 Θεοφανείας.
682 1994 774 2056 Εἲς
835 1994 936 2069 γὰρ
991 1991 1120 2054 τοὺς
1193 1992 1445 2068 πρώτους
1512 1991 1850 2068 ἐργάζονται,

198 2083 582 2158 ἐνεργούμεναι
614 2083 670 2136 αῖ
699 2086 910 2156 πρῶται
943 2080 1272 2158 θεοφάνειαι.

265 2174 711 2246 Ἐκφαντορικῷ.
772 2169 920 2226 Ἀντὶ
968 2174 1064 2224 τοῦ
1113 2170 1491 2242 ἑρμηνευτικῷ
1539 2171 1627 2224 καὶ
1678 2190 1851 2244 παρα-

204 2265 461 2332 πατικῷ.

270 2346 565 2404 Θεοειδῶν.
597 2345 824 2415 Ἐπειδή
875 2343 1131 2409 θεοειδεῖς
1179 2343 1314 2417 ἕξεις
1373 2349 1537 2424 φησὶν
1599 2345 1685 2402 ἐπὶ
1741 2351 1849 2402 τῶν

207 2437 354 2501 θείων
387 2441 558 2507 νοῶν,
594 2434 656 2490 οὐ
705 2437 818 2511 χρὴ
871 2430 1276 2506 ὑπολαμϐάνειν
1319 2435 1410 2489 τὸν
1464 2436 1634 2510 μέγαν
1665 2435 1853 2490 Διονύ-

208 2546 316 2580 σιον
365 2525 465 2588 τὰς
515 2524 709 2599 ἀρετὰς
755 2522 952 2584 ταύτας
999 2523 1095 2585 τὰς
1131 2525 1330 2592 νοητὰς
1361 2522 1437 2584 ὠς
1486 2518 1852 2595 συμϐεϐηκὸς,

215 2613 301 2665 ἅτε
350 2611 438 2664 καὶ
494 2609 577 2687 ἐφ’
635 2612 797 2683 ἡμῶν
852 2608 1026 2663 αὐτῶν
1085 2610 1464 2685 προσγίνεσθαι
1529 2610 1727 2685 λέγειν,
1781 2610 1856 2674 ὠς

219 2695 354 2768 ὧνλη
383 2701 421 2735 ⁸⁸
454 2696 507 2752 ἐν
543 2695 707 2770 ἄλλῳ
760 2696 1124 2770 ὑποκειμένῳ,
1159 2698 1325 2752 οἱονεὶ
1373 2697 1638 2764 ποιότητα
1685 2719 1854 2774 προσ-

215 2788 527 2862 γινομένηνσ
611 2786 673 2840 τὸ
750 2785 854 2860 γὰρ
921 2780 1268 2858 συμϐεϐηκὸς
1335 2787 1426 2840 καὶ
1501 2787 1852 2860 ὑποκείμενον

214 2874 410 2939 ἐκεῖθεν
472 2871 846 2946 ἀπελήλαται,
891 2873 980 2928 ὅτε
1028 2875 1114 2928 καὶ
1158 2879 1304 2928 πᾶσα
1349 2873 1608 2942 σύνθεσις,
1658 2876 1745 2929 καὶ
1793 2873 1856 2930 τὸ

211 2971 303 3033 τῆς
355 2964 501 3034 ὕλης
554 2960 826 3038 ἄμορφον,
887 2962 1084 3017 ἑκεῖθεν
1143 2962 1457 3036 ἐξώρισται.
1510 2962 1574 3019 Εἰ
1627 2965 1729 3038 γὰρ
1788 2964 1856 3032 ἦν

1960 1906 2101 1961 ordo
2128 1911 2262 1960 ante
2292 1905 2507 1977 ipsum.

2033 1995 2574 2064 Dei-apparitiones.
2610 1996 2670 2050 In
2705 1995 2908 2065 primis
2941 1996 3098 2051 enim
3133 2006 3470 2069 operantur,
3496 1997 3610 2070 pri-

1959 2098 2066 2136 mae
2099 2081 2633 2152 Dei-apparitiones
2663 2083 2950 2138 efﬁcaces.

2030 2171 2506 2242 Explanalon’am.
2540 2171 2640 2227 Gr.
2672 2169 3062 2244 ἐκφαντορικῷ.
3104 2173 3212 2230 Pro
3259 2173 3608 2245 interpreta-

1961 2257 2074 2312 tivo
2105 2261 2162 2312 et
2191 2257 2683 2328 representative.

2034 2347 2412 2418 Dei/ormz’um.
2446 2348 2729 2411 Quoniam
2761 2347 3080 2404 deisimiles
3112 2349 3347 2406 habitus
3376 2350 3519 2406 dicit
3549 2351 3608 2407 in

1964 2434 2178 2490 divinis
2203 2436 2520 2503 mentibus,
2546 2453 2659 2491 non
2684 2436 3149 2508 oportetopinari
3176 2454 3456 2511 magnum
3483 2440 3610 2496 Dio-

1964 2523 2194 2595 nysium
2211 2524 2454 2580 virtutes
2468 2524 2574 2579 has
2588 2522 3296 2596 intelligibiles,tanquam
3313 2528 3608 2596 accidens,

1965 2612 2115 2666 sicut
2163 2611 2336 2667 etiam
2369 2613 2426 2666 in
2461 2613 2631 2668 nobis
2661 2611 2828 2683 ipsis,
2860 2612 3072 2679 inesse,
3105 2613 3338 2683 dicere;
3372 2619 3437 2669 ut
3489 2615 3606 2672 alia

1962 2699 2023 2754 in
2073 2699 2184 2755 alio
2233 2700 2519 2771 subjecto,
2575 2705 2862 2771 tanquam
2913 2700 3256 2772 qualitatem
3309 2703 3610 2760 adhazren-

1965 2796 2081 2844 tem
2110 2805 2122 2842 :
2157 2789 2425 2843 accidens
2454 2788 2610 2843 enim
2644 2793 2700 2843 et
2732 2788 3066 2858 subjectum
3105 2788 3266 2844 illinc
3297 2790 3609 2861 expulsum

1965 2882 2076 2942 est,
2101 2878 2334 2948 quando
2359 2882 2415 2931 et
2437 2879 2632 2932 omnis
2655 2878 3026 2948 compositio,
3049 2884 3105 2932 et
3140 2879 3393 2934 materie:
3418 2879 3612 2951 priva-

1964 2968 2046 3022 tio
2077 2966 2275 3021 formze
2306 2965 2468 3020 illinc
2498 2966 2885 3021 exterminata
2910 2970 3019 3022 est.
3053 2966 3110 3022 Si
3156 2966 3312 3022 enim
3356 2967 3516 3023 aliud
3547 2968 3609 3025 in

215 3050 351 3108 ἄλλο
384 3052 440 3107 ἐν
477 3050 662 3124 ἄλλῳ,
696 3054 811 3106 οἷον
863 3046 1206 3124 συμϐεϐηκὸς
1255 3051 1305 3105 ἐν
1360 3051 1728 3124 ὑποκειμᾶνῳ,
1761 3053 1852 3108 οὐκ

1979 3055 2080 3111 alio
2115 3060 2261 3119 erat,
2291 3055 2445 3109 sicut
2475 3054 2746 3110 accidens
2776 3056 2833 3110 in
2866 3057 3152 3125 subjecto,
3184 3072 3373 3127 neque
3421 3056 3612 3113 vivere

212 3141 265 3194 ἂν
309 3138 407 3211 ἔζη
471 3143 593 3195 καθ’
640 3140 834 3208 ἑαυτὴν
883 3142 916 3208 ἡ
969 3138 1128 3193 οὐσία
1169 3137 1371 3209 εκείνη,
1423 3136 1548 3194 οὐδὲ
1609 3142 1855 3203 θεοῦσθαι

1971 3144 2165 3215 seipsa
2195 3142 2472 3211 essentia,
2507 3159 2697 3214 neque
2728 3143 2922 3214 seipea
2952 3143 3106 3199 Deus
3139 3143 3290 3199 effici
3322 3149 3611 3216 quantum

211 3233 317 3284 καθ’
353 3206 574 3296 ’ἑαυτήν
626 3228 702 3292 ὠς
751 3206 965 3305 ἐφικτὸν
1023 3224 1282 3297 ἠδύνατο,
1333 3206 1422 3282 διὰ
1490 3229 1660 3301 μόνην
1710 3229 1852 3300 τάξιν

1979 3206 2106 3287 licet
2135 3231 2346 3304 quiret,
2378 3206 2482 3303 per
2511 3206 2705 3287 solum
2739 3206 3002 3288 ordinem
3055 3238 3120 3287 ut
3169 3206 3356 3287 aliud-
3384 3233 3442 3288 in
3497 3231 3614 3288 alio

208 3323 294 3389 τὴν
327 3319 403 3381 ὡς
436 3317 586 3374 ἄλλο
627 3318 680 3374 ἐν
729 3316 889 3391 ἄλλῳ
941 3317 1380 3392 φυλαττομένην·
1417 3319 1470 3372 αἱ
1521 3318 1612 3372 οὗν
1664 3318 1714 3372 ἐν
1761 3318 1853 3372 αὖ·

207 3415 308 3471 τοῖς
359 3409 654 3482 εἰρημέναι
706 3404 841 3478 ἔξεις
889 3406 1392 3480 αὖτουσιωμὲναι⁴²
1425 3405 1580 3477 εἷσὶν,
1633 3407 1698 3462 οὐ
1749 3408 1858 3479 μὴν

1964 3326 2412 3377 conservatum:
2446 3337 2584 3393 ergo
2614 3321 2753 3376 dicti
2785 3321 2843 3376 in
2895 3320 3042 3392 ipsis
3091 3319 3352 3387 habitus,
3401 3337 3503 3392 per
3550 3336 3614 3377 se

1965 3407 2350 3465 substantiati
2378 3413 2556 3476 sunt;
2584 3425 2696 3463 non
2719 3424 2854 3464 vero
2876 3409 3032 3464 sicut
3072 3408 3346 3464 accidens
3388 3407 3447 3463 in
3480 3408 3616 3464 sub-

207 3497 274 3558 ὠς
310 3492 672 3571 συμϐεϐηκὸς
721 3495 772 3551 ἂν
825 3497 1189 3570 ὑποκειμένῳ,
1241 3493 1328 3550 διὰ
1374 3496 1435 3550 τὸ
1483 3495 1672 3550 ἄυλον.
1703 3497 1852 3550 Ὅθεν

1987 3502 2135 3562 ecto,
2170 3502 2408 3569 propter
2436 3497 2693 3552 materia
2728 3497 3132 3568 privationem.
3167 3497 3328 3552 Unde
3361 3512 3614 3569 magnus

207 3587 436 3663 ὸμέγας
487 3587 770 3647 Διονύσιος
817 3587 1053 3640 κάτωθεν
1103 3585 1155 3640 ἐν
1207 3589 1288 3656 τῷ
1343 3584 1471 3659 Περὶ
1519 3591 1619 3654 τῆς
1653 3583 1856 3654 ἐκκλη-

207 3684 490 3746 σιαπικῆς
565 3675 854 3751 ἱεραρχίας
925 3673 1075 3751 λόγῳ
1127 3673 1406 3751 κεφαλαίῳ
1463 3673 1704 3746 τετάρτῳ
1761 3673 1856 3728 οὐ·

207 3763 418 3827 σιώδεις
447 3764 615 3842 φησὶν
650 3765 785 3818 εἶναι
813 3763 905 3825 τὰς
927 3759 1057 3836 ἔξεις
1084 3761 1180 3823 τὰς
1207 3761 1258 3817 ἄν
1291 3762 1499 3825 αὐτοῖς.

272 3857 499 3924 Ἕξεων.
563 3853 904 3925 Σημείωσαι,
964 3851 1047 3907 ὅτι
1106 3851 1158 3904 αἱ
1218 3856 1355 3914 θεῖαι
1427 3847 1680 3922 δυνάμεις
1738 3849 1858 3904 καθ’

204 3939 308 4014 ἕξιν
339 3937 531 4016 ἔχουσι
561 3941 626 3996 τὸ
658 3937 908 4005 θεοειδές.
941 3939 1087 4010 Ἕξις
1134 3936 1191 3993 δὲ
1238 3937 1350 3993 εστι
1402 3939 1631 4008 ποιότης
1679 3934 1857 4011 ἔμμο-

205 4051 319 4093 νος.

270 4123 549 4183 Ἐντεῦθεν
597 4120 690 4174 οὗν
743 4116 1034 4188 δηλοῦται,
1084 4115 1171 4171 ὅτι
1204 4113 1539 4188 αὖτεξούσιοί
1589 4115 1721 4169 εἰσιν
1751 4111 1855 4184 ἕξει

201 4209 288 4271 τὰς
342 4209 543 4285 ἀρετὰς
603 4208 902 4278 κτώμεναι.
957 4209 1128 4260 Τοῦτο
1204 4202 1540 4278 πλατύτερον
1621 4207 1857 4278 παριστᾷ

205 4303 436 4370 Ἄμμων
492 4299 520 4351 ὁ
571 4293 1095 4370 Ἀδριανουπολίτης
1155 4297 1222 4365 η,
1269 4293 1320 4347 ἐν
1364 4298 1481 4356 τοῖς
1541 4294 1670 4368 Περὶ
1727 4292 1849 4346 ἀνα-

203 4387 433 4448 στάσεως
494 4383 644 4457 αὖτῷ
701 4383 837 4440 κατᾶ
909 4383 1218 4459 Ὠριγὲνους
1288 4381 1694 4458 γεγραμμένοις
1752 4377 1852 4434 λό-

201 4495 332 4548 τοις.

263 4563 681 4637 Ὑψηλοτάτων.
715 4561 813 4616 Διά
839 4559 892 4615 τί
925 4557 1175 4636 λέγονται
1211 4556 1418 4634 θρόνοι.

265 4653 618 4727 Περιπεζίας.
682 4650 824 4706 Ἀντί
877 4653 1015 4720 τοῦ,
1069 4655 1172 4718 τῆς
1229 4647 1366 4722 πρὸς
1437 4646 1499 4701 τὸ
1558 4643 1850 4720 χθαμαλὸν

208 4743 432 4814 βάσεως.
480 4740 802 4810 Σημείωσαι
864 4735 942 4807 δὶ,
980 4737 1063 4799 τίς
1119 4738 1146 4792 ὁ
1205 4736 1405 4797 σκοπὸς
1459 4733 1636 4803 πάσης
1673 4735 1853 4809 ἱεραρ-

207 4829 345 4904 χίας.

265 4921 560 4996 Ὑφὲσεως.
616 4917 926 4986 Ἀνωτάτην
971 4914 1094 4970 τινὶ
1143 4913 1298 4991 φύσιν
1341 4912 1428 4967 καὶ
1487 4911 1618 4986 μετᾶ
1649 4914 1694 4948 ⁸⁸
1725 4911 1853 4966 Θεὸν

205 5009 355 5073 εὐθὺς
390 5010 484 5064 ὑπ’
517 5007 688 5062 αὑτοῦ
731 5004 1059 5082 τεταγμένην
1114 5001 1281 5073 δηλοῖ
1320 5001 1448 5064 τοὺς
1483 5002 1732 5076 θρόνους,
1765 4999 1856 5055 οὐ·

205 5095 282 5151 δὶν
315 5097 404 5152 ἐπὶ
431 5099 502 5150 τὰ
536 5095 704 5151 ὗΛικὰ
744 5095 1140 5170 προσέχοντας,
1172 5093 1246 5154 ὡς
1296 5090 1581 5164 σημαίνειν
1632 5091 1694 5144 τὸ
1747 5111 1854 5162 μη·

205 5187 283 5249 δὶν
343 5185 550 5246 αὐτοὺς
603 5179 752 5258 ἔχειν
810 5182 1126 5258 περιπεζίας
1187 5179 1467 5254 ὑφὲσεως,
1523 5176 1648 5248 ἤτοι
1706 5174 1856 5233 ἐνδό-

207 5295 354 5347 σεως,
401 5274 502 5330 καὶ
554 5279 655 5341 τῆς
702 5271 840 5348 πρὸς
884 5272 948 5326 τὸ
991 5269 1136 5324 κάτω
1184 5267 1436 5330 νεύσεως·
1485 5264 1632 5321 ἀλλὰ
1674 5263 1737 5320 τὸ
1769 5264 1856 5320 ἐπὶ

211 5364 331 5418 Θεὸν
392 5356 750 5432 ὶναϐατικὸν,
808 5357 1100 5435 ἀνωφερῶς
1165 5354 1437 5434 προσίχον
1474 5399 1488 5412 .
1547 5351 1744 5415 Καλῶς
1801 5350 1859 5408 δε

1964 3585 2278 3658 Dionysius
2308 3585 2478 3649 infra,
2519 3585 2578 3640 in
2612 3585 2760 3640 libro
2795 3589 2874 3641 De
2893 3583 3275 3641 ecclesiastica
3295 3584 3616 3640 hierarchia

1963 3674 2154 3745 capite
2180 3679 2388 3744 quarto
2419 3673 2580 3743 dicit,
2609 3672 3030 3729 substantiales
3059 3688 3192 3728 esse
3225 3672 3485 3740 habitus,
3512 3673 3617 3743 qui

1965 3762 2112 3832 ipsis
2143 3762 2368 3816 insunt.
2887 3833 2892 3838 _

2043 3850 2471 3905 Habitudinum.
2503 3850 2648 3905 Nota
2689 3847 2918 3903 divinas
2960 3847 3209 3902 virtutes
3259 3845 3471 3903 habere
3513 3863 3618 3918 per

1966 3939 2208 3994 modum
2238 3937 2480 3993 habitus
2527 3934 3132 3992 dei-similitudinem.
3183 3934 3432 3992 Habitus
3479 3951 3615 3992 vero

1965 4031 2055 4083 est
2085 4025 2341 4097 qualitas
2375 4025 2729 4080 immanens.

2037 4115 2183 4171 Hinc
2213 4113 2394 4186 igitur
2419 4113 2772 4182 declaratur,
2805 4113 2959 4185 quod
3000 4111 3167 4168 liberi
3219 4113 3357 4183 sint,
3409 4113 3616 4172 habitu

1965 4205 2212 4261 virtutes
2244 4203 2597 4259 obtinentes.
2627 4202 2744 4258 Hoc
2768 4202 2868 4258 28
2893 4201 3087 4257 fusius
3111 4201 3343 4258 exhibet
3361 4202 3620 4260 Ammon

1966 4291 2430 4363 Adrianopolita,
2463 4293 2523 4346 in
2555 4290 2723 4346 libris
2775 4296 2855 4346 De
2901 4293 3329 4362 resurrectione,
3363 4307 3397 4346 a
3427 4291 3622 4364 seipso

1966 4387 2166 4438 contra
2195 4381 2507 4452 Origenem
2538 4380 2793 4452 scriptis.

1888 4574 1934 4638 D
2040 4559 2602 4624 Sublimiuimorum,
2636 4555 2877 4627 Propter
2905 4555 3046 4627 quid
3083 4555 3363 4612 dicuntur
3390 4555 3610 4611 throni.

2043 4648 2386 4704 Humilitate.
2422 4645 2519 4700 Gr.
2554 4641 2866 4716 περιπεζίας
2899 4659 3046 4715 pro:
3079 4645 3149 4698 ad
3204 4645 3471 4700 incessus
3515 4643 3620 4697 hu-

1967 4735 2300 4790 militatem.
2335 4733 2485 4788 Nota
2514 4749 2673 4800 vero,
2705 4732 2838 4804 quis
2869 4733 2946 4787 sit
2975 4748 3190 4804 scopus
3218 4732 3468 4787 universa
3494 4728 3618 4784 hie-

1973 4822 2238 4880 rarcbize.

2033 4911 2491 4970 Submissionem.
2549 4909 2898 4982 Supremam
2954 4909 3211 4981 aliquam
3264 4911 3534 4962 naturam
3562 4909 3620 4961 et

1968 5005 2102 5072 post
2134 5005 2313 5056 Deum
2365 4999 2566 5054 statim
2628 4998 2739 5054 sub
2800 4998 2930 5070 ipso
2979 4997 3309 5053 ordinatam
3363 4993 3622 5049 declarat

1964 5089 2207 5147 thronos
2240 5087 2384 5142 nihil
2417 5088 2486 5143 ad
2522 5086 2851 5144 materialia
2881 5085 3246 5140 attendentes
3271 5100 3286 5150 ;
3309 5087 3373 5137 ut
3393 5081 3620 5153 signiﬁ-

1966 5183 2057 5234 cet
2088 5176 2233 5232 nihil
2275 5177 2436 5246 ipsos
2473 5175 2686 5230 habere
2707 5173 3003 5229 terrestris
3043 5170 3483 5237 submissionis,
3513 5185 3621 5227 seu

1967 5263 2360 5330 remissionis,
2387 5267 2445 5319 et
2479 5260 2890 5335 propensionis
2921 5261 2993 5315 ad
3032 5259 3344 5327 inferiora;
3375 5259 3477 5316 sed
3500 5258 3622 5314 vim

1969 5352 2323 5410 ascendendi
2353 5352 2424 5408 ad
2460 5353 2662 5415 Deum,
2687 5349 2831 5404 dum
2856 5363 3096 5404 sursum
3119 5349 3304 5406 fertur
3323 5347 3626 5406 attenden-

1231 5507 1473 5565 VARLE
1510 5503 1903 5563 LECTIONES
1943 5503 2030 5559 ET
2067 5497 2617 5560 CORRECTIONES.

283 5633 326 5674 “
357 5630 539 5689 ἄλλο.
613 5629 663 5667 ⁸³
693 5625 1159 5701 ἀντιουσιωμᾶναι.
1228 5625 1275 5663 ⁴⁸
1303 5617 1860 5700 Ἀνδριανουπόλεως.
1934 5619 1981 5656 “
2006 5614 2152 5694 περί.
