4042 6210
418 332 488 385 67
1100 376 1107 377 κ
1237 327 1601 382 ΔΡΡΕΝΒῙΧ
1640 327 1736 378 ΔΙ)
1774 323 2015 377 OPEBA
2049 327 2057 377 l

2178 324 2462 380 )IONYSII
2499 324 2999 381 ΑΒΕΟΡΔΟῙΤΛΕ.
3757 330 3831 384 68

416 456 559 509 tem.
592 452 766 508 Recte
817 453 1016 506 autem
1074 448 1317 504 adduxit
1366 445 1743 522 ὑπερκοσμίως
1789 462 1892 515 pro
1942 443 2057 499 sine

2180 442 2447 520 ἐπήγαγεν
2531 445 2913 517 ὑπερκοσμίως
2946 492 2960 517 ,
3017 444 3131 499 ἀντὶ
3202 450 3299 501 τοῦ
3356 446 3663 521 ἀσωμάτως
3741 450 3831 505 καὶ

418 556 681 611 corpore,
714 543 772 593 et
802 537 929 592 sine
952 536 1218 604 materia,
1241 544 1298 592 et
1319 534 1763 605 intelligibiliter
1786 549 1801 600 ;
1827 537 1889 587 ut
1910 532 2065 587 enim

421 628 665 684 minime
686 624 1012 693 arbitreris,
1029 623 1093 677 τὸ
1118 620 1337 683 ἄναντες
1367 640 1497 680 esse
1526 622 1681 677 viam
1704 635 2066 691 corpoream,

420 716 710 787 adjunxit,
743 712 1225 769 immaterialiler.

493 803 986 875 Deiferum.Nota.
1019 818 1156 857 eum
1207 802 1379 857 etiam
1433 804 1772 856 sanctorum
1825 797 2067 852 throno-

422 910 555 950 rum
588 893 854 949 ordinem
883 893 1163 962 Deiferum
1193 890 1438 955 dixisse,
1468 894 1751 960 tanquam
1786 886 2064 942 ferentem

421 984 606 1039 Deum
651 981 821 1038 modo
868 979 1228 1051 intelligibili
1276 978 1879 1051 superquiescentem.
1922 973 2067 1029 Vide

420 1072 619 1143 igitur,
654 1068 1132 1143 quandoquidem
1157 1068 1332 1124 etiam
1357 1068 1557 1123 beatus
1580 1064 1831 1121 Basilius
1849 1064 2067 1135 Cappa-

420 1164 553 1229 dox,
588 1160 865 1217 deiferam
893 1159 1040 1215 dixit
1079 1176 1338 1227 carnem,
1394 1157 1887 1215 considerandum
1922 1171 2066 1227 quo-

422 1252 594 1306 modo
625 1250 849 1305 dictum
881 1249 979 1303 sit.
1007 1248 1223 1303 Verum
1264 1264 1397 1303 caro
1449 1248 1688 1319 quidem
1735 1244 1921 1317 ipsius
1950 1243 2067 1298 Do-

421 1339 564 1394 mini
588 1338 914 1394 secundum
939 1337 1334 1393 substantiam
1356 1341 1413 1391 et
1433 1334 1881 1392 subsistentiam
1904 1332 2067 1389 unita

418 1429 529 1485 fuit
549 1428 657 1500 ipsi
689 1428 805 1483 Deo
827 1426 1016 1483 Verbo
1046 1444 1060 1495 ;
1096 1426 1225 1482 ideo
1255 1426 1433 1481 etiam
1463 1426 1587 1497 ipse
1613 1440 1848 1481 carnem
1874 1426 2066 1494 gesta-

415 1533 476 1573 re
506 1517 842 1573 aPatribus
893 1515 1131 1583 dicitur,
1183 1523 1240 1571 et
1284 1532 1518 1571 carnem
1569 1513 1873 1579 induisse;
1925 1510 2065 1582 quid

413 1606 595 1677 igitur
626 1606 977 1671 absurdum,
1012 1604 1063 1659 si
1094 1603 1265 1660 etiam
1298 1603 1486 1674 ipsius
1508 1619 1644 1658 caro
1676 1603 1895 1657 deifera
1922 1599 2065 1655 dici-

413 1700 530 1762 tur,
561 1698 847 1765 tanquam
881 1694 1070 1748 ferens
1104 1697 1284 1748 Deum
1305 1692 1560 1748 Verbum
1582 1692 1907 1747 secundum
1930 1688 2062 1743 uni—

2176 530 2358 595 ἀύλως
2404 535 2494 589 καὶ
2543 538 2777 603 νοητῶς,
2828 533 2955 602 ¹ἦτοι
2996 537 3221 608 νοερῶς*
3249 533 3341 590 ἵνα
3383 537 3483 612 γὰρ
3536 539 3612 610 μή
3661 537 3833 611 νομί-

2176 642 2277 695 σῃς
2327 623 2390 676 τὸ
2449 623 2668 684 ἄναντες
2718 620 2842 677 ὁδὸν
2896 623 3028 676 εἶναι
3073 625 3413 697 σωματικὴν,
3469 624 3715 702 ἰπήγαγε
3765 627 3829 682 τὸ

2174 708 2379 770 eum.

2245 798 2536 876 Θεοφόρον.
2589 797 2935 873 Σημείωσαι,
2966 797 3049 854 ὅτι
3090 800 3180 855 καὶ
3230 802 3294 856 τὸ
3341 806 3449 857 τῶν
3492 802 3662 879 ἁγίων
3698 805 3828 878 θρό-

2172 907 2275 941 νων
2332 889 2511 964 τάγμα
2568 888 2837 967 Θεοφόρον
2900 886 3068 960 εἶπεν,
3128 888 3203 951 ὠς
3261 891 3423 967 φέρον
3480 891 3829 948 ἐπαναπαυό-

2179 997 2337 1048 μενον
2394 982 2607 1046 νοητῶς
2654 978 2745 1033 τὸν
2802 974 2951 1033 Θεόν.
3000 978 3141 1053 Ὅρα
3188 979 3299 1045 οὖν,
3354 978 3541 1050 ἐπειδή
3574 982 3605 1036 δ
3650 982 3829 1055 μακάο

2174 1085 2291 1138 ριος
2349 1064 2634 1122 Βασίλειος
2692 1066 2719 1119 ὀ
2779 1062 3152 1136 Καππαδόκης
3219 1070 3319 1137 τήν
3381 1066 3645 1147 θεοφόρον
3708 1074 3827 1127 εἷπε

2175 1153 2365 1227 σάρκα,
2420 1156 2719 1225 σκοπητέον
2780 1160 2897 1219 πῶς
2955 1152 3187 1230 εἴρηται.
3236 1155 3391 1214 Ἀλλ’
3444 1161 3479 1228 ἡ
3536 1159 3633 1231 μὶν
3696 1160 3825 1236 σὰρξ

2174 1242 2337 1297 αὐτοῦ
2374 1248 2470 1298 τοῦ
2528 1244 2732 1319 Κυρίου
2787 1246 2904 1299 κατ’
2963 1244 3144 1300 οὐσίαν
3204 1246 3294 1300 καὶ
3353 1249 3471 1311 καθ’
3531 1248 3829 1304 ὑπόστασιν

2173 1330 2375 1399 ἥνωται
2418 1332 2565 1404 αὐτῷ
2593 1337 2672 1404 τῷ
2719 1336 2834 1404 Θεῷ
2867 1334 3042 1407 Λόγῳ’
3100 1330 3186 1389 διὸ
3214 1334 3302 1390 καὶ
3332 1343 3694 1413 σαρκοφορεῖν
3730 1336 3825 1393 αὖ·

2171 1420 2265 1480 τὸς
2324 1418 2538 1495 λέγεται
2594 1422 2739 1495 παρὰ
2792 1425 2901 1475 τῶν
2954 1421 3224 1496 πατέρων,
3256 1422 3345 1477 καὶ
3404 1423 3575 1500 σάρκα
3606 1422 3825 1481 ένδύσα-

2175 1509 2315 1562 σθαι’
2345 1508 2397 1562 τί
2445 1505 2644 1564 ἄτοπον
2691 1509 2779 1563 οὗν
2815 1509 2860 1563 εἰ
2904 1510 2991 1564 καὶ
3023 1512 3058 1579 ἡ
3105 1511 3233 1587 σὰρξ
3263 1511 3427 1567 αὐτοῦ
3459 1512 3673 1589 λέγεται
3704 1516 3824 1569 θεο-

2174 1596 2369 1672 φόρος,
2400 1596 2474 1659 ὠς
2506 1597 2742 1675 φέρουσα
2768 1598 2862 1653 τὸν
2913 1600 3041 1653 Θεὸν
3097 1597 3272 1675 Λόγον
3301 1601 3424 1666 καθ’
3447 1597 3645 1657 ’ἐνωσιν
3675 1599 3827 1657 ἀδιά-

2174 1705 2384 1754 στατον,
2433 1686 2599 1741 αὐτοῦ
2652 1684 2785 1759 [καὶ]
2836 1685 2960 1761 σὰρξ
3010 1685 3103 1742 καὶ
3165 1686 3437 1764 λεγομένη
3500 1688 3825 1765 ὑπάρχουσα

415 1782 639 1839 tionem
669 1781 1113 1847 indivisibilem,
1147 1781 1337 1852 ipsius
1362 1780 1540 1837 etiam
1564 1796 1717 1847 caro,
1741 1794 1868 1849 quae
1898 1781 1956 1832 et
1975 1776 2057 1831 di-

2178 1772 2374 1845 κυρίως
2424 1773 2514 1827 καὶ
2569 1774 2705 1827 κατὰ
2759 1770 3072 1845 άλήθειαν;
3122 1775 3289 1834 Οὗτοι
3348 1774 3405 1832 δὲ
3467 1778 3603 1833 κατὰ
3659 1780 3822 1855 χάριν

2178 1856 2197 1877 ΙΙ
2442 1861 2455 1878 ἱ
2542 1862 2557 1878 ι
2706 1867 2728 1877 ν
2843 1862 2857 1878 \
2953 1870 2981 1878 Α
3023 1864 3035 1878 \
3142 1865 3157 1878 ς
3181 1866 3193 1878 ι
3217 1863 3229 1878 ο
3258 1867 3270 1878 ι
3521 1866 3541 1878 ς
3575 1866 3586 1878 ι
3800 1868 3813 1878 ι

414 1871 568 1926 citur
596 1874 652 1926 et
681 1871 910 1925 exsistit
941 1870 1195 1941 proprie,
1220 1874 1277 1925 et
1296 1869 1621 1924 secundum
1643 1868 1970 1923 veritatem.
1992 1864 2063 1921 Hi

416 1963 613 2015 autem
635 1958 961 2017 secundum
984 1958 1234 2030 gratiam
1262 1957 1544 2013 habentes
1566 1957 1625 2010 in
1646 1955 1727 2010 sei
1736 1956 1858 2026 peis
1882 1954 2062 2009 Deum

416 2046 698 2102 ineffabili
719 2062 991 2102 sermone
1011 2050 1069 2101 et
1092 2044 1524 2116 inconceptibili
1550 2041 2063 2115 cogitatione,dei-

416 2134 521 2191 feri
552 2135 730 2190 etiam
761 2135 875 2206 ipsi
907 2134 1035 2189 ideo
1069 2134 1365 2200 dicuntur,
1402 2133 1541 2205 quia
1589 2132 1778 2203 primo
1824 2130 2062 2202 partici-

416 2228 561 2296 pant
595 2223 793 2294 primas
819 2223 1065 2278 virtutes
1097 2223 1167 2277 de
1196 2223 1332 2289 Deo,
1381 2228 1554 2293 atque
1602 2221 1683 2275 ita
1728 2220 2061 2275 communi-

415 2316 549 2366 cant
580 2310 1076 2383 indigentioribus
1108 2310 1321 2365 factam
1355 2310 1415 2364 in
1446 2326 1509 2365 se
1547 2307 2025 2363 illustrationem.

487 2399 517 2472 ἓ
548 2399 614 2454 ΙΙ.
643 2400 873 2455 Primis.
906 2398 1000 2453 Sic
1030 2398 1362 2453 secundum
1411 2396 1940 2469 transgressionem
1974 2395 2062 2448 in-

417 2487 734 2560 telligenda
766 2492 855 2544 est
885 2486 1094 2543 lectio:
1131 2486 1340 2558 primis
1372 2486 1722 2541 substantiis
1764 2484 2058 2556 prepriam

418 2577 746 2649 putandum
779 2592 908 2631 esse
941 2575 1328 2632 hierarchiam
1380 2574 1731 2630 uniformem
1772 2572 1919 2644 ipsis
1968 2588 2059 2629 se-

417 2665 677 2721 cundum
709 2665 946 2729 omnia;
982 2664 1208 2734 reliqua
1237 2668 1459 2727 autem,
1486 2663 1545 2717 in
1580 2663 1792 2717 medio.

485 2752 854 2807 Invisibilem.
887 2751 1033 2806 Nota
1064 2752 1219 2822 quod
1252 2751 1412 2806 omni
1442 2750 1723 2805 invisibili
1750 2755 1805 2805 et
1842 2750 2060 2807 visibili

416 2839 634 2895 virtute
662 2840 912 2909 majores
942 2838 1060 2894 sint
1091 2844 1209 2893 tres
1236 2838 1296 2893 hi
1330 2838 1503 2910 primi
1535 2839 1794 2893 ordines.

489 3018 768 3085 Creatam,
801 3016 898 3073 Gr.
929 3013 1233 3089 γεγονυίας.
1268 3016 1384 3071 Hoc
1416 3019 1505 3071 est
1533 3014 1841 3071 conditam.

491 3126 632 3181 Visa.
665 3123 827 3189 Quod
870 3121 1099 3178 nullum
1142 3122 1358 3189 visum,
1412 3137 1515 3177 seu
1568 3120 2053 3193 imaginationem

414 3211 781 3269 materialem
806 3211 1060 3282 recipere
1080 3216 1317 3281 queant,
1347 3214 1404 3266 et
1429 3208 1587 3277 inulli
1632 3210 1908 3265 immistae
1936 3211 2057 3266 sint

412 3300 830 3367 submissioni;
855 3300 1009 3371 quod
1032 3315 1147 3355 non
1170 3304 1399 3354 tantum
1419 3298 1627 3353 divinae
1650 3298 1892 3354 virtutes
1915 3299 2058 3371 ipsa

412 3388 711 3445 amaculis
740 3394 797 3444 et
825 3387 1291 3459 inquinamentis
1314 3387 1574 3442 liberatae
1602 3386 1742 3456 sint,
1763 3389 1862 3443 sed
1888 3389 2061 3443 etiam

412 3478 634 3533 nullam
668 3478 771 3533 ‘24
800 3476 1287 3548 imaginationem
1336 3474 1721 3531 materialem
1748 3476 2059 3532 admittere

412 3572 650 3637 queant,
676 3581 865 3636 neque
887 3564 990 3619 ulli
1017 3564 1208 3620 mistm
1228 3564 1657 3627 imminutioni,
1682 3568 1740 3617 et
1761 3564 1922 3618 nullo
1947 3580 2062 3618 mo-

414 3654 487 3708 do
518 3653 990 3710 extenuationem
1024 3653 1094 3707 ad
1147 3652 1422 3707 inferiora
1470 3655 1909 3721 cognoscentes.
1942 3651 2060 3707 Hoc

412 3757 545 3798 vero
580 3741 863 3814 intellige,
887 3758 1002 3796 non
1028 3741 1180 3813 quod
1207 3741 1528 3795 secundum
1552 3743 1822 3794 naturam
1848 3740 2061 3794 immu-

413 3830 621 3888 tabiles
652 3830 808 3897 sint;
845 3830 942 3886 sed
979 3830 1133 3901 quod
1164 3828 1348 3885 libero
1374 3827 1617 3884 arbitrio
1667 3831 1904 3900 agentes
1957 3844 2061 3900 per

412 3920 656 3976 nimiam
692 3920 748 3973 in
785 3920 998 3974 bonum
1025 3918 1429 3989 cupiditatem,
1456 3919 1513 3972 in
1535 3916 1896 3973 divinitatem
1921 3934 2058 3988 pro-

412 4022 605 4077 pensa:
638 4007 720 4062 ita
738 4008 1139 4076 perstiterunt,
1164 4006 1633 4062 immobilitatem
1656 4011 1935 4077 tanquam
1962 4007 2062 4062 ha-

411 4094 605 4149 bitum
638 4093 938 4148 habentes.
991 4093 1162 4149 Solus
1203 4094 1359 4149 enim
1415 4097 1737 4149 secundum
1789 4099 2059 4150 naturam

412 4180 806 4238 immutabilis
836 4182 1012 4237 Deus.
1036 4181 1130 4235 Has
1154 4185 1351 4237 autem
1374 4181 1425 4236 si
1450 4181 1531 4237 ita
1554 4187 1761 4236 creatae
1786 4183 2057 4250 fuissent,

414 4288 531 4328 non
564 4270 878 4327 excidisset
907 4268 1205 4324 diabolus.
1238 4268 1452 4324 Verum
1481 4273 1536 4324 et
1562 4269 1648 4323 his
1666 4284 1861 4324 omnes
1886 4271 2061 4326 unius

416 4364 472 4416 et
501 4357 743 4431 aqualis
774 4357 999 4413 ordinis
1026 4377 1040 4425 ;
1075 4358 1230 4428 quod
1263 4357 1419 4412 enim
1452 4362 1662 4413 natura
1702 4357 1919 4413 bonum
1950 4364 2058 4426 est,

412 4450 769 4504 descensum
801 4462 917 4501 non
950 4446 1146 4501 habet.

2172 1856 2391 1936 ἔχοντες
2438 1861 2490 1916 ἐν
2542 1862 2755 1923 έαυτοῖς
2805 1862 2895 1916 τὸν
2946 1864 3074 1919 Θεὸν
3132 1863 3353 1940 ἀρρήτῳ
3407 1887 3466 1922 τε
3521 1866 3676 1942 λόγῳ
3725 1868 3816 1923 καὶ

2171 1949 2477 2022 άνεννοήτῳ
2532 1954 2600 2024 τῇ
2659 1948 2869 2022 διανοίᾳ
2924 1952 3177 2030 θεοφόροι
3236 1957 3324 2027 [α’]
3380 1954 3471 2010 καὶ
3528 1954 3683 2011 αὐτοὶ
3732 1953 3819 2011 διὰ

2170 2043 2331 2093 τοῦτο
2382 2036 2657 2113 λέγονται,
2702 2038 2784 2094 ὅτι
2844 2040 3076 2112 πρώτως
3136 2040 3457 2118 μετέχουσιν
3500 2045 3555 2098 αἱ
3602 2050 3818 2118 πρῶται

2173 2124 2429 2198 δυνάμεις
2466 2131 2564 2181 τοῦ
2606 2127 2763 2199 Θεοῦ,
2796 2127 2885 2181 καὶ
2936 2128 3077 2183 οὕτω
3129 2126 3475 2201 μεταδιδόασι
3525 2138 3647 2195 ταῖς
3680 2132 3819 2188 ὐπο-

2172 2213 2473 2291 δεεστέραις
2495 2217 2594 2285 τήν
2622 2216 2928 2291 γενομένην
2961 2216 3038 2281 εἰς
3066 2216 3230 2281 αὐτὰς
3261 2216 3562 2294 ἔλλαμψιν.

2239 2397 2266 2461 §
2298 2396 2364 2449 II.
2399 2394 2516 2467 [β’.]
2548 2396 2680 2455 Ταῖς
2725 2396 2991 2468 πρώταις.
3024 2393 3182 2454 Οὕτω
3226 2398 3327 2466 τὴν
3373 2399 3491 2462 καθ’
3526 2394 3821 2475 ὑπέρϐασιν

2171 2482 2466 2556 ἀνάγνωσιν
2524 2480 2787 2552 νοητέον·
2844 2489 2962 2546 ταῖς
3034 2486 3277 2559 πρώταις
3345 2485 3553 2549 οὐσίαις
3616 2487 3818 2543 οἰκείαν

2171 2569 2382 2641 οἰητέον
2444 2572 2578 2625 εἶναι
2642 2571 2926 2647 ίεραρχίαν
2984 2574 3083 2642 τὴν
3140 2572 3373 2648 ὁμοειδῆ
3431 2574 3622 2638 αὐταῖς
3684 2578 3825 2632 κατὰ

2169 2658 2361 2714 πάντα·
2392 2659 2459 2714 τὰ
2487 2656 2544 2714 δὲ
2576 2659 2744 2714 λοιπὰ
2775 2657 2864 2715 διὰ
2896 2660 3084 2734 μέσου.

2241 2745 2538 2821 Ἀοράτου.
2604 2746 2922 2820 Σημείωσαι
2958 2793 2972 2818 ,
3032 2748 3115 2805 ὅτι
3189 2750 3370 2823 πάσης
3437 2754 3668 2828 ἀοράτου
3724 2754 3822 2808 καὶ

2169 2834 2368 2908 ὁρατῆς
2398 2831 2677 2907 δυνάμεως
2709 2835 2927 2909 μείζους
2956 2837 3089 2893 εἴσὶν
3120 2839 3176 2893 αἱ
3217 2845 3429 2913 πρῶται
3476 2846 3623 2916 τρεῖς
3652 2841 3822 2896 αὗται

2167 2923 2367 2992 τάξεις.

2242 3013 2323 3087 [γ’.
2334 3018 2351 3085 J
2376 3012 2679 3086 Γεγονυιας,
2704 3012 2962 3070 Τουτέστι
2993 3022 3243 3086 κτιστῆς.

2239 3123 2575 3177 Φαντασιῶν.
2624 3121 2749 3178 ’Ὁτι
2803 3119 2981 3192 πάσης
3041 3123 3335 3200 φαντασίας
3382 3122 3661 3199 προσῦλου
3716 3124 3817 3179 ἀν-

2170 3203 2442 3262 επίδεκτοί
2473 3206 2574 3262 εἶσι
2603 3208 2693 3263 καὶ
2741 3208 2963 3285 ἀμιγεῖς
2993 3212 3177 3282 πάσης
3208 3210 3467 3287 ὑφέσεως,
3499 3213 3581 3267 ὅτι
3615 3212 3677 3267 οὐ
3713 3212 3817 3287 μό-

2166 3315 2254 3349 νον
2285 3295 2340 3348 cti
2371 3299 2508 3358 θεῖαι
2562 3293 2819 3369 δυνάμεις
2868 3298 3027 3353 αὐταὶ
3078 3296 3325 3369 κηλίδων
3375 3300 3463 3355 καὶ
3518 3299 3823 3374 μολυσμῶν

2166 3380 2592 3456 ἡλευθέρωνται,
2648 3383 2794 3440 ἀλλὰ
2839 3386 2927 3441 καὶ
2979 3388 3158 3458 πάσης
3208 3389 3498 3466 φαντασίας
3534 3390 3821 3465 προσύλου

2166 3468 2499 3525 ἀνεπίδεκτοί
2544 3472 2639 3526 είσ·
2693 3474 2782 3527 καὶ
2832 3473 3049 3550 ἀμιγεῖς
3099 3478 3278 3547 πάσης
3321 3477 3690 3545 ἐλαττώσεως,
3724 3479 3821 3533 καὶ

2168 3560 2267 3626 τήν
2298 3559 2386 3613 ἐπὶ
2417 3560 2484 3614 τὰ
2533 3560 2702 3635 χείρω
2758 3563 2982 3633 μείωσιν
3035 3562 3150 3619 οὐδ’
3196 3562 3345 3628 ὅλως
3383 3564 3600 3622 εἷ’δυῖαι.
3632 3569 3817 3624 Τοῦτο

2169 3643 2226 3700 δί
2256 3647 2473 3717 νόησον,
2516 3648 2622 3723 οὐχ
2670 3647 2751 3703 ὅτι
2801 3650 2935 3705 κατὰ
2981 3652 3136 3729 φύσιν
3176 3651 3431 3726 ἄτρεπτοί
3482 3654 3636 3723 εἰσιν,
3688 3654 3821 3711 ἀλλ’

2170 3734 2274 3806 ὅτι,
2308 3734 2751 3811 αὐτοπροαίρετοι
2784 3740 2935 3793 οὖσαι
2985 3739 3073 3795 διὰ
3100 3750 3201 3810 τῆς
3240 3742 3315 3804 είς
3345 3743 3406 3798 τὸ
3438 3743 3641 3818 ἀγαθὸν
3673 3743 3814 3819 ἄγαν

2172 3824 2422 3901 ἐφέσεως,
2468 3824 2555 3880 ἐπὶ
2606 3828 2668 3882 τὸ
2720 3832 2860 3890 θεῖον
2914 3828 3138 3904 ῥέψασαι
3193 3827 3407 3904 ἔμειναν
3460 3832 3657 3901 οὕτως,
3704 3830 3811 3905 ἕξιν

2170 3913 2351 3990 ὥσπερ
2412 3912 2636 3990 ἔχουσαι
2690 3916 2753 3970 τὸ
2807 3917 3226 3989 ἀμετακίνητον.
3285 3922 3463 3984 Μόνος
3517 3921 3620 3997 γὰρ
3678 3922 3817 3980 κατὰ

2170 4000 2324 4077 φύσιν
2359 4000 2620 4077 ἄτρεπτος
2650 4005 2677 4058 ὁ
2708 4004 2855 4068 Θεός’
2900 4007 3050 4061 αὗται
3102 4004 3159 4062 δὲ
3208 4008 3253 4061 εί
3303 4008 3474 4073 οὕτως
3518 4008 3817 4087 ἐδημιουρ-

2168 4090 2434 4164 γήθησαν,
2491 4091 2590 4145 οὐκ
2644 4090 2705 4147 ἂν
2766 4091 3044 4163 ἰξέπιπτεν
3102 4096 3130 4149 ὁ
3178 4091 3460 4161 διάϐολος.
3504 4096 3680 4154 ’Δλλὰ
3727 4101 3818 4155 καὶ

2169 4178 2323 4232 αὗται
2351 4185 2541 4266 ,πᾶσαι
2605 4185 2733 4266 μιᾷς
2781 4182 2869 4237 καὶ
2932 4182 3055 4266 ἴσης
3101 4186 3320 4259 τάξεως
3377 4188 3439 4242 τὸ
3486 4189 3584 4265 γὰρ
3632 4187 3692 4243 ἐκ
3722 4188 3822 4266 φύ-

2170 4284 2304 4327 σεως
2337 4265 2530 4339 ἀγαθὸν
2559 4263 2824 4326 ὑπόϐασιν
2858 4269 2958 4327 οὐκ
2985 4264 3125 4346 ἔχει.

479 4557 573 4613 Pet
611 4571 666 4611 se
694 4554 966 4611 mobilem.
1000 4553 1111 4609 Per
1145 4571 1206 4610 se
1239 4553 1513 4609 mobilem
1541 4552 1681 4608 dicit
1701 4552 1797 4608 hic
1818 4557 2057 4610 sanctus

2240 4544 2350 4620 [82]
2400 4549 2830 4620 Ταυτοκινήτου.
2896 4554 3291 4625 Ταυτοκίνητόν
3353 4578 3513 4635 φησιν
3574 4558 3601 4612 ὁ
3662 4559 3818 4635 ἅγιος

408 4646 670 4717 ipsorum
696 4659 825 4699 esse
856 4643 1213 4699 motionem:
1239 4647 1302 4698 ut
1325 4642 1751 4713 invariubilem,
1769 4648 1825 4698 et
1846 4642 2057 4699 immu-

2166 4636 2327 4699 οὗτος
2386 4638 2516 4691 εἶναι
2578 4639 2677 4707 τήν
2732 4642 2945 4712 κίνησιν
2995 4643 3193 4712 αὐτῶν,
3254 4645 3328 4708 ὠς
3388 4644 3815 4721 ἀπαράλλακτον

409 4732 669 4801 tabilem,
693 4732 899 4787 eodem
922 4736 1112 4788 autem
1139 4732 1310 4787 modo
1334 4747 1396 4787 se
1418 4731 1755 4788 habentem.
1771 4732 2056 4789 Motiones

2178 4725 2251 4779 ιαὶ
2304 4722 2669 4800 ἀμετάϐολον,
2719 4730 2978 4794 ὡσαύτως
3030 4730 3089 4787 δὲ
3137 4732 3405 4809 ἔχουσαν.
3458 4737 3705 4805 Κινήσεις
3758 4734 3819 4792 δέ

408 4837 543 4878 vero
568 4822 627 4877 in
652 4819 796 4892 ipsis
830 4825 992 4884 sunt,
1029 4820 1427 4875 indesinentes
1448 4818 1601 4873 circa
1636 4819 2055 4875 consideratio-

411 4925 515 4965 nes
546 4908 913 4982 operationes
939 4908 1227 4963 efﬁcaces.
1255 4906 1477 4960 Mentes
1499 4906 1654 4960 enim
1678 4912 1817 4960 sunt
1843 4907 2055 4963 silendi

410 4996 799 5068 impotentes;
833 5002 891 5053 et
921 5002 1079 5061 nota,
1109 4992 1407 5050 secundum
1432 4994 1695 5063 pietatem
1732 4995 2055 5050 immutabi-

410 5084 641 5140 litalem.
677 5088 826 5156 Lege
858 5100 1086 5157 quoque
1118 5086 1295 5153 caput
1324 5087 1598 5151 quartum
1631 5078 1764 5135 libri
1811 5083 1885 5138 De
1913 5084 2055 5139 divi-

408 5172 494 5225 nis
523 5174 861 5240 nominibus,
897 5179 955 5229 et
983 5176 1159 5243 caput
1189 5175 1457 5226 octavum
1493 5169 1797 5240 praesentis
1825 5169 1981 5226 libri.

480 5256 977 5329 Contemplatriees.
1016 5260 1161 5315 Nota
1184 5259 1472 5330 quomodo
1494 5256 1773 5311 dicuntur
1796 5263 2046 5314 contem-

408 5344 609 5417 plativi
638 5344 701 5400 hi
732 5348 919 5400 sancti
952 5348 1207 5415 ordines,
1240 5352 1294 5402 et
1318 5345 1471 5418 quod
1498 5360 1613 5399 non
1639 5360 1741 5415 per
1760 5345 1930 5415 signa
1951 5351 2055 5402 aut

411 5431 932 5506 contemplationes
967 5433 1277 5504 Scripturae
1309 5434 1410 5489 Dei
1444 5432 1839 5506 cognitionem
1861 5434 2055 5506 acqui-

411 5525 570 5587 runt,
603 5519 775 5578 sicuti
809 5534 942 5575 nos.
1898 5592 1899 5595 η

480 5609 890 5667 Ιηιειιθοιίιίιιιη
933 5608 1300 5679 spectatrices.
1354 5614 1558 5683 Θεωροι
1620 5608 1900 5666 dicuntur
1926 5626 2051 5683 my-

2166 4813 2297 4868 εῗσιν
2341 4813 2423 4869 ἐπ’
2467 4814 2641 4870 αὐτῶν
2690 4818 2744 4870 αἱ
2780 4816 3042 4875 ἄπαυστοι
3090 4824 3213 4896 περὶ
3260 4823 3356 4885 τὰς
3404 4825 3621 4893 νοήσεις
3668 4823 3817 4901 ἐνέρ-

2165 4922 2329 4977 γειαι·
2390 4903 2507 4966 νόες
2565 4906 2665 4979 γάρ
2727 4905 2859 4961 εἶσιν
2915 4910 3189 4985 ἀσίγητοι.
3252 4910 3353 4965 Καὶ
3404 4912 3712 4985 σημείωσαι
3751 4914 3818 4969 τὸ

2163 4992 2299 5045 κατὰ
2322 4992 2385 5046 τὸ
2418 4990 2688 5068 φιλοθέως
2719 4992 3003 5072 ἄτρεπτον,
3036 5000 3125 5052 καὶ
3156 4998 3425 5074 ἀνάγνωθι
3457 5002 3518 5055 τὸ
3557 5002 3815 5075 τέταρτον

2163 5079 2457 5157 κεφάλαιον
2503 5086 2600 5136 τοῦ
2652 5083 2781 5152 Περὶ
2837 5084 2995 5149 θείων
3037 5087 3322 5160 ὀνομάτων
3366 5087 3559 5165 λόγου,
3608 5090 3697 5145 καὶ
3750 5092 3818 5146 τὸ

2164 5166 2355 5241 ὄγδοον
2387 5168 2682 5243 κεφάλαιον
2715 5177 2811 5226 τοῦ
2840 5172 3109 5246 παρόντος
3139 5175 3329 5250 Λόγου.

2237 5257 2339 5329 [ε’.]
2390 5257 2754 5332 Θεωρητικάς.
2817 5259 3134 5333 Σημείωσαι
3190 5268 3309 5327 πῶς
3370 5264 3623 5342 λέγονται
3681 5277 3823 5330 θεω-

2165 5346 2385 5417 ρητικαὶ
2417 5346 2469 5399 αἱ
2520 5348 2665 5423 ἅγιαι
2702 5348 2874 5419 τάξεις
2906 5351 3080 5405 αὗται·
3114 5352 3203 5407 καὶ
3253 5353 3335 5410 ὅτι
3368 5356 3429 5411 οὐ
3482 5354 3572 5411 διὰ
3603 5352 3823 5427 συμϐό-

2164 5429 2277 5486 λων
2332 5432 2368 5503 ἢ
2430 5438 2799 5509 θεωρημάτων
2863 5445 2964 5510 τῆς
3036 5445 3254 5519 Γραφῆς
3319 5446 3420 5515 τὴν
3481 5446 3820 5522 θεογνωσίαν

2160 5523 2418 5591 κτῶνται,
2452 5522 2525 5585 ώς
2555 5526 2739 5599 ἡμεῖς.

2169 5611 2196 5645 ”
2234 5609 2345 5681 [ςό]
2401 5614 2615 5685 Νοιρῶν
2669 5612 2905 5690 θεωρούς
2940 5658 2954 5674 .
3004 5618 3213 5694 Θεωροί
3238 5686 3260 5708 ⁸
3288 5619 3540 5695 λέγονται
3601 5622 3653 5677 oi
3691 5603 3819 5678 τῶν
