4042 6210
198 372 267 429 69

901 371 959 425 Β.
999 367 1274 434 MAXIM]
1310 369 1619 425 SCHOLIA
1654 369 1728 424 IN
1767 367 1902 422 LIB.
1948 365 2045 419 DE
2082 365 2404 422 CCELESTI
2441 365 2912 423 HIEBAECHIA.
3544 367 3618 423 70

206 492 525 572 μυστηρίων
573 490 806 547 ἐπόπται
841 507 856 522 ⁸
911 494 1076 546 ταῦτα
1124 487 1182 545 δὶ
1227 496 1343 553 τοῖς
1397 491 1576 564 ἁγίοις
1633 486 1724 544 διὰ
1749 491 1858 542 τῶν

1993 487 2282 542 Iteriorum
2324 489 2718 558 inspectores;
2753 487 2877 544 haec
2924 493 3119 544 autem
3165 491 3388 547 sanctis
3420 509 3523 563 per
3551 508 3622 549 ea

201 578 562 659 συμϐολικῶς
600 579 915 656 λεγομένων
965 578 1086 654 περὶ
1137 583 1271 634 Θεοῦ
1311 578 1580 650 αἰσθητῶν
1631 574 1854 632 ἐκκαλύ·

200 693 455 741 πτονται,
496 667 662 746 οἵπερ
690 671 738 706 ⁸⁸
781 666 870 723 ἐπὶ
917 673 1028 723 τῶν
1079 669 1190 722 ἅνω
1238 665 1518 741 δυνάμεων
1569 665 1669 722 οὔκ
1715 663 1852 720 ἔστιν

206 763 410 818 ἒννοεῖν
421 803 433 816 .

273 848 546 924 Θεωρίας.
592 845 911 920 Σημείωσαι
945 846 1044 914 τὴν
1095 843 1389 920 εἰρημένην
1445 850 1676 923 τριφανῆ
1724 844 1857 897 θεω-

208 941 324 1016 ρίαν
357 936 482 993 ἀντὶ
511 939 610 992 τοῦ
639 935 1065 1010 τρισυπόστατον
1103 932 1226 1007 μίαν
1261 932 1522 1004 Θεότητα.

277 1117 486 1186 Ἰησοῦ.
535 1114 720 1184 Ἰησοῦ
761 1110 1049 1166 κοινωνίαν
1098 1111 1196 1179 τήν
1253 1110 1494 1185 μετοχὴν
1541 1115 1641 1178 τῆς
1697 1105 1861 1180 δόξης

205 1205 293 1260 καὶ
326 1207 427 1272 τῆς
461 1201 704 1278 ἆρῥήτου
752 1199 1146 1274 λαμπρότητος
1199 1196 1298 1254 τοῦ
1325 1199 1578 1270 σώματος
1607 1197 1703 1252 τοῦ
1734 1203 1863 1272 Χρι-

208 1297 334 1349 στοῦ
389 1291 546 1367 λέγει
581 1309 594 1322 ·
660 1290 797 1362 μετὰ
854 1290 1052 1364 σαρκὸς
1124 1287 1226 1363 γὰρ
1280 1284 1581 1363 συνεδρεόει
1626 1290 1708 1359 τῷ
1753 1290 1864 1342 Πα-

215 1382 321 1438 τοί.

248 1403 366 1528 Ρ’ἓν
425 1468 620 1524 εἰκόσι.
677 1466 747 1521 Τὸ
814 1462 872 1520 δὲ
937 1463 1226 1540 εἷρημὲνον
1299 1463 1351 1518 ἐν
1398 1462 1598 1518 εἰκόσιν
1659 1463 1864 1518 ἀποτυ-

213 1561 370 1612 ποῦσι
402 1556 512 1624 τὴν
557 1555 849 1628 ὁμοίωσιν,
903 1550 1022 1607 δέον
1079 1551 1245 1607 εἶπεῖν
1293 1551 1715 1621 ἀποτυποόσαις,
1753 1572 1863 1624 μη-

214 1645 322 1709 δεὶς
347 1639 626 1700 ὑπολάϐοι
659 1642 939 1712 σόλοικον,
983 1641 1058 1703 ὡς
1102 1640 1468 1717 ἀγνοήσαντος
1497 1644 1594 1696 τοῦ
1627 1638 1864 1717 μεγάλου

215 1734 499 1790 Διονυσίου
582 1730 706 1788 ἆλλ⁰
755 1724 994 1806 ἀκριϐῶς
1046 1727 1198 1801 ἴστω,
1232 1730 1314 1785 δτι
1357 1728 1635 1785 καὶτοῦτο
1665 1728 1740 1791 ὡς
1783 1732 1864 1800 τῷ

1962 576 2267 632 sensibilis
2299 593 2423 647 qua:
2468 576 2713 649 ﬁgurate
2743 578 2813 631 de
2865 577 2980 633 Deo
3025 578 3308 633 dicuntur
3358 581 3618 637 revelan-

1967 671 2081 735 tur,
2109 667 2264 738 quod
2296 666 2354 721 in
2387 667 2790 738 superioribus
2817 665 3134 722 virtutibus
3156 667 3321 724 nefas
3353 673 3442 724 est
3471 670 3623 742 cogi-

1969 758 2112 810 tare.

2039 843 2551 916 Conlemplulioncs.
2580 849 2727 901 Nota
2776 843 2998 900 dictum
3048 845 3212 902 tertio
3260 850 3623 917 apparentem

1966 934 2501 1004 contemplationem,
2533 949 2636 1006 pro
2673 949 2849 988 unam
2896 933 3177 990 Deitatem
3205 934 3386 990 trium
3426 934 3626 991 subsi-

1969 1022 2341 1079 stentiarum.

2040 1112 2185 1167 Iesu.
2214 1111 2353 1167 Jesu
2404 1111 2904 1178 communionem,
2957 1112 3466 1184 participationem
3495 1113 3624 1186 glo-

1972 1199 2090 1263 riae,
2126 1207 2179 1255 et
2209 1199 2523 1256 ineffabilia
2552 1199 2888 1272 splendoris
2919 1202 3178 1272 corporis
3209 1200 3430 1258 Christi
3459 1202 3622 1273 dicit;

1973 1305 2106 1345 cum
2138 1305 2312 1345 carne
2341 1289 2496 1345 enim
2530 1289 2797 1345 considet
2825 1289 3003 1346 Patri.

2045 1465 2106 1519 In
2135 1465 2489 1536 imaginibus.
2526 1465 2687 1532 Quod
2720 1468 2916 1520 autem
2963 1464 3182 1520 dictum
3217 1470 3309 1523 est
3337 1463 3389 1518 ἐν
3423 1463 3623 1520 εἶκόσιν

1973 1551 2308 1607 ἀποτυποῦσι
2367 1553 2468 1621 τήν
2525 1552 2817 1625 ὁμοίωσιν,
2878 1569 3012 1609 cum
3071 1553 3388 1610 dicendum
3447 1555 3629 1611 fuerit

1973 1639 2397 1708 ἀποτυποῦσαις,
2429 1641 2627 1698 nullus
2657 1643 2994 1714 suspicetur
3033 1643 3457 1714 solcecismum,
3489 1648 3626 1700 tan-

1973 1747 2150 1802 quam
2182 1748 2432 1804 magnus
2461 1729 2774 1804 Dionysius
2805 1732 3176 1803 ignorasset;
3210 1733 3311 1788 sed
3357 1736 3629 1789 accurata

217 1819 328 1878 ὄντι
360 1824 650 1888 ’Δνηναῖος
679 1820 771 1874 καὶ
822 1817 944 1874 λίαν
995 1818 1239 1882 Ἀττικὸς
1287 1816 1430 1873 οὕτω
1470 1817 1653 1894 φησίν.
1686 1818 1861 1874 Ἀττι-

1993 1821 2142 1888 sciat,
2175 1820 2330 1891 quod
2380 1820 2555 1875 etiam
2589 1820 2699 1875 hoc
2747 1819 2898 1875 sicut
2928 1835 3131 1877 revera
3161 1820 3542 1878 Atheniensis
3571 1825 3632 1878 et

215 1917 326 1966 κῶν
383 1911 492 1984 γάρ
546 1909 655 1965 ἐστι
693 1909 757 1963 τὸ
808 1907 1046 1984 μετοχὰς
1094 1907 1376 1981 ἀρσενικᾶς
1427 1906 1690 1977 θηλυκοῖς
1737 1927 1866 1961 συν-

1993 1907 2142 1964 Valde
2173 1907 2400 1964 Atticus
2429 1909 2511 1964 ita
2541 1907 2722 1976 dicit;
2757 1908 3084 1964 Atticorum
3134 1909 3293 1965 enim
3323 1914 3414 1965 est
3446 1911 3632 1981 parti-

213 2002 450 2067 τάττειν,
486 2000 560 2062 ὡς
587 1999 675 2052 καὶ
725 1999 979 2073 ’Όμηρος
1023 2001 1172 2051 ποιεῖ
1220 1997 1319 2065 τὴν
1352 1996 1488 2070 ’Ἰριν
1521 1994 1580 2049 ἐκ
1619 1995 1742 2058 Διὸς
1772 1995 1867 2049 Αί-

213 2108 406 2164 γουσαν
440 2086 580 2161 πρὸς
609 2086 707 2154 τὴν
733 2086 916 2160 ηνΗραν
945 2084 1037 2138 καὶ
1063 2085 1161 2154 τὴν
1195 2085 1446 2153 Ἀθηνᾶν.

218 2281 317 2337 Οὐκ
372 2277 452 2336 ἔτ’
516 2278 600 2358 ἐφ’
680 2276 952 2354 ὑμετέρων
1042 2277 1218 2353 ὀχέων
1271 2276 1542 2353 πληγέντε
1604 2281 1864 2354 κεραυνῷ,

314 2443 424 2513 ’Ἀψ
449 2438 503 2500 ἐς
533 2437 827 2511 ’Ὀλυμπον
853 2435 1087 2495 ἵκεσθον.

288 2543 430 2601 Ἔδει
463 2547 570 2620 γὰρ
606 2545 724 2599 ἀντὶ
769 2543 866 2599 τοῦ
904 2543 1200 2618 πληγέντε,
1251 2545 1534 2620 ἀρσενικοῦ
1564 2540 1718 2606 ὄντος
1751 2542 1866 2599 δυϊ-

231 2639 342 2702 κοῦ,
371 2634 540 2688 εἰπεῖν
591 2631 888 2708 πληγείσα,
934 2630 1115 2687 δυϊκὸν
1165 2631 1254 2687 καὶ
1303 2632 1564 2704 θηλυκόν.
1592 2633 1698 2689 Καὶ
1749 2638 1869 2688 τοῦ·

232 2722 290 2776 τό
336 2743 456 2799 φασι
500 2722 595 2777 καὶ
648 2720 914 2794 κωμικοὶ,
949 2717 1188 2790 θηλυκὸν
1241 2721 1352 2776 ἀντ’
1385 2718 1667 2796 οὐδετέρου
1697 2724 1761 2791 ⁸⁸,
1795 2722 1870 2786 ὡς

229 2810 497 2884 ἀρσενικὸν
521 2811 665 2864 κατὰ
713 2807 978 2880 θηλυκοῦ,
1014 2808 1102 2863 καὶ
1151 2807 1380 2866 Ηλάτων
1429 2808 1519 2864 καὶ
1569 2806 1869 2886 Εὐριπίδης

224 2897 272 2951 ἐν
301 2898 544 2971 Βάκχαις
573 2917 586 2929 ·

351 3002 630 3060 Διανεῦων
668 3000 902 3078 δρομάσι
939 3001 1253 3081 βλεφάροις.

220 3125 233 3139 ·
285 3112 360 3168 Τὸ
395 3110 680 3190 βλέφαρον
711 3111 814 3186 γὰρ
846 3107 1056 3185 δρομὰς
1087 3108 1188 3164 οὐκ
1239 3107 1297 3164 ἄν
1337 3130 1422 3174 τις
1468 3109 1632 3166 εἷ’ποι.
1663 3112 1768 3170 Καὶ
1814 3112 1866 3169 ἐν

225 3201 442 3274 Ὀρέστῃ
467 3220 482 3232 ·

355 3307 600 3360 Μανιάσι
633 3302 806 3375 λυσση
817 3325 969 3378 μασι.

291 3413 652 3486 Θεουργικην.
705 3409 1046 3482 Σημείωσαι,
1097 3408 1179 3466 ὅτι
1234 3413 1270 3481 ἡ
1328 3412 1465 3486 πρὸς
1519 3413 1612 3469 τὸν
1677 3415 1870 3491 Κύριον

232 3501 436 3570 Ἰησοῦν
468 3499 744 3572 ὁμοίωσις
771 3501 1058 3574 θεουργική
1109 3499 1245 3569 ἐστι,
1277 3499 1549 3557 τουτέστιν
1596 3502 1872 3579 ἐργάζεται

231 3590 383 3651 θεοὺς
440 3587 574 3651 τοὺς
625 3586 1024 3662 ὁμοιουμένους
1056 3607 1070 3620 ·
1100 3589 1190 3642 καὶ
1218 3591 1334 3650 πῶς
1367 3590 1581 3662 ἀμέσως
1620 3592 1710 3647 καὶ
1743 3591 1875 3667 δίχα

228 3673 526 3749 συμϐόλων
577 3678 634 3730 αἱ
681 3677 856 3747 τάξεις
906 3677 1062 3732 αὗται
1106 3679 1421 3751 ὁμοιοῦνται
1470 3682 1716 3754 Χριστῷ,
1746 3683 1875 3757 παρ’

226 3770 386 3824 αὐτοῦ
424 3774 592 3825 τοῦτο
626 3765 913 3827 λαϐοῦσαι.

293 3860 673 3931 Πρωτουργῷ.
710 3858 1052 3931 Σημείωσαι,
1086 3858 1170 3912 ὅτι
1197 3861 1287 3914 καὶ
1326 3857 1722 3932 πρωτὸκτιστοί
1769 3863 1870 3919 εἰσι

219 3941 482 4018 δυνάμεις
537 3946 716 4014 αὗται,
747 3945 840 4000 καὶ
896 3947 994 4009 τὰς
1049 3946 1239 4022 ἀρετὰς
1296 3946 1392 4004 τοῦ
1441 3949 1640 4024 Κυρίου
1690 3952 1870 4022 Ἰησοῦ

218 4039 459 4109 Χριστοῦ
487 4035 560 4097 ὡς
589 4032 844 4108 δυνάμεις
873 4035 1025 4089 αὗται
1058 4029 1267 4111 ἔχουσι.

280 4122 693 4197 Τετελεσμὲνας
755 4120 833 4180 δέ.
883 4123 1221 4197 Σημείωσαι,
1266 4129 1382 4188 πῶς
1429 4124 1676 4202 λέγονται
1722 4149 1870 4185 τετε-

214 4207 476 4284 λεσμέναι
510 4213 566 4265 αἱ
596 4213 737 4267 θεῖαι
772 4209 1029 4287 δυνάμεις
1060 4215 1102 4249 ⁸⁷
1132 4213 1309 4269 αὗται.

275 4299 680 4370 Ἀναλυτικήν.
723 4302 831 4369 Τήν
879 4305 984 4356 τῶν
1030 4300 1323 4356 ποικιλιῶν
1374 4301 1681 4377 ἐπιστήμην
1738 4309 1869 4384 φησὶ

211 4389 304 4454 τήν
365 4389 774 4463 ὶρμηνευτικὴν
849 4388 938 4443 καὶ
1006 4390 1394 4461 σαφηνιπικήν
1463 4390 1713 4466 ἐξήγησιν
1769 4401 1870 4464 τῆς

212 4475 736 4551 περιπεπλεγμένης
785 4476 933 4549 ἱερᾶς
977 4475 1345 4551 παραδόσεως,
1393 4480 1462 4547 ἧς
1521 4475 1728 4535 δέονται
1776 4483 1865 4536 καὶ

1976 1997 2126 2068 cipia
2158 1996 2487 2052 masculina
2509 1996 2808 2052 femininis
2839 1998 3216 2069 conjungere,
3249 1999 3406 2054 sicut
3451 1998 3631 2055 etiam

1976 2085 2263 2141 Homerus
2311 2084 2448 2140 facit
2476 2085 2595 2140 Irin
2622 2101 2691 2140 ex
2736 2085 2872 2141 Jove
2903 2086 3198 2142 dicentem
3231 2088 3303 2142 ad
3335 2087 3627 2143 Junonem

1975 2178 2032 2229 et
2062 2173 2360 2231 Palladem
2394 2189 2408 2227 :

1973 2285 2092 2339 Non
2151 2280 2398 2350 amplius
2445 2295 2609 2352 super
2652 2281 2846 2335 vestris
2905 2281 3161 2337 curribus
3198 2297 3474 2424 permissae
3518 2282 3634 2353 [ul-

3389 2369 3556 2410 mine.

3389 2369 3556 2410 mmo.

2081 2441 2286 2495 Rursus
2315 2439 2374 2494 in
2407 2438 2704 2511 Olympum
2733 2439 2984 2495 venietis.

2045 2545 2360 2618 Oportebat
2387 2545 2680 2616 siquidem
2713 2561 2819 2618 pro
2852 2543 3119 2618 πληγέντε
3161 2545 3316 2616 quod
3348 2546 3630 2602 masculi-

1977 2651 2117 2689 num
2151 2637 2240 2689 est
2289 2632 2482 2699 duale,
2527 2633 2747 2689 dixisse
2776 2629 3048 2706 πληγεῖσα
3098 2632 3272 2689 duale
3302 2638 3363 2689 et
3389 2634 3625 2690 femini-

1977 2739 2160 2789 num;
2192 2729 2368 2794 atque
2418 2723 2513 2779 25
2549 2721 2656 2779 hoc
2686 2722 2861 2778 etiam
2917 2722 3122 2777 dicunt
3153 2721 3364 2778 comici
3407 2723 3632 2780 femini-

1977 2827 2120 2866 num
2151 2801 2254 2884 pro
2305 2815 2535 2879 neutro,
2565 2809 2720 2866 sicut
2772 2809 3172 2866 masculinum
3225 2814 3360 2883 post
3399 2811 3630 2869 femini-

1978 2914 2146 2971 num,
2177 2905 2233 2955 et
2264 2899 2423 2955 Plato
2453 2903 2509 2955 et
2538 2898 2848 2971 Euripides
2877 2899 2939 2953 in
2974 2899 3197 2955 Bacchis
3227 2918 3247 2957 :

2156 3007 2524 3062 Tranmatam
2553 3005 2900 3062 currentibus
2931 3007 3105 3062 oculis

2048 3113 2230 3168 Nemo
2268 3113 2426 3168 enim
2483 3111 2696 3168 dixerit
2721 3110 2784 3165 τὸ
2845 3107 3120 3188 βλεφαρον
3173 3109 3404 3186 δρομάς.
3451 3115 3520 3172 Et
3565 3114 3627 3172 in

1899 3208 1944 3276 ρ
1983 3200 2172 3258 Oreste
2197 3218 2217 3257 :

2158 3309 2409 3364 Γεινίοεὺ
2436 3307 2714 3365 ναὸίεὒιιε.

2056 3418 2338 3485 Deiﬂcam.
2369 3413 2518 3470 Nota
2543 3413 3021 3485 similitudinem,
3053 3414 3296 3471 Domino
3326 3415 3465 3472 Jesu
3495 3432 3625 3474 esse

1982 3506 2393 3572 deificativam,
2423 3504 2534 3561 hoc
2579 3508 2670 3560 est
2698 3521 2796 3559 eos
2826 3504 3056 3560 efﬁcere
3103 3506 3242 3561 deos
3271 3505 3373 3577 qui
3403 3506 3628 3563 similes

1981 3600 2140 3650 sunt.
2174 3594 2322 3650 Nota
2367 3593 2565 3664 etiam,
2594 3593 2888 3665 quomodo
2941 3593 3068 3648 sine
3099 3593 3288 3649 medio
3318 3599 3375 3649 et
3404 3595 3629 3667 absque

1980 3683 2168 3756 signis
2221 3683 2455 3739 ordines
2484 3681 2544 3736 hi
2597 3681 2822 3736 similes
2871 3681 3099 3736 Christo
3129 3681 3478 3748 efficiantur,
3519 3686 3628 3739 hoc

1980 3772 2052 3826 ab
2086 3772 2211 3843 ipso
2241 3769 2559 3825 consecuti.

2049 3860 2340 3913 Primzva.
2373 3855 2522 3911 Nota
2563 3861 2618 3910 et
2677 3855 2863 3926 primo
2924 3863 3152 3911 creatas
3207 3871 3336 3911 esse
3381 3859 3628 3915 virtutes

1978 3947 2170 4014 has,et
2197 3945 2347 4015 quod
2397 3944 2645 4000 virtutes
2689 3943 2924 4000 Domini
2969 3943 3113 4000 Jesu
3159 3943 3374 4001 Christi
3417 3945 3505 4001 has
3562 3949 3632 4004 ut

1977 4035 2221 4091 virtutes
2252 4033 2524 4088 habeant.

2046 4125 2322 4194 Perfecta:
2353 4126 2558 4176 autem.
2592 4119 2761 4190 Nota,
2794 4121 3086 4190 quomodo
3121 4121 3389 4194 perfectas
3423 4122 3632 4181 divina

1977 4212 2067 4268 ha:
2094 4211 2344 4266 virtutes
2373 4209 2666 4265 dicantur.

2045 4299 2404 4357 Resolutoria-
2473 4296 2840 4352 Varietatum
2891 4297 3200 4355 scientiam
3254 4299 3414 4368 dicit,
3447 4300 3632 4356 inter-

1975 4387 2320 4460 pretativam
2346 4390 2404 4441 et
2433 4384 2847 4441 declarativam
2872 4385 3322 4457 explicationem
3347 4389 3632 4460 perplexa

1979 4493 2155 4533 sacras
2181 4473 2532 4541 traditionis;
2565 4489 2684 4545 qua
2705 4473 2881 4529 etiam
2908 4474 3174 4546 indigent
3200 4475 3506 4533 inferiores
3535 4494 3633 4534 or-

211 4563 264 4615 αὶ
333 4565 636 4641 ὁφειμὲναι
702 4563 897 4634 τάξεις,
944 4565 1016 4626 ὡς
1084 4564 1273 4640 ἐφεξῆς
1335 4587 1466 4643 φησι
1500 4585 1514 4599 ⁶
1565 4565 1765 4642 πολλῷ
1817 4567 1866 4624 Si

1993 4567 2240 4632 dines,ut
2261 4570 2464 4638 postea
2483 4564 2626 4619 dicit
2659 4581 2672 4620 :
2700 4564 2884 4620 multo
2912 4569 3106 4621 autem
3131 4565 3318 4637 magis
3338 4567 3629 4636 homines;

210 4647 376 4705 πλέον
443 4649 734 4726 ἅνθρωποι
768 4669 783 4684 ’
817 4648 952 4726 δίχα
1009 4652 1114 4727 γὰρ
1172 4651 1474 4727 ἐξηγήσεων
1523 4653 1869 4712 ἀναλυουσῶν

207 4739 300 4807 τήν
329 4737 756 4794 πολυποίκιλον
786 4740 976 4817 σοφίαν
1017 4744 1123 4794 τῶν
1175 4740 1343 4815 ἁγίων
1393 4743 1764 4817 θεωρημάτων
1805 4744 1869 4800 οὔ

210 4822 433 4883 δυνατὸν
485 4827 630 4882 αὐτὰ
674 4830 888 4896 νοῆσαι,
920 4824 1043 4882 οὔτε
1090 4829 1260 4901 ἡμᾶς,
1293 4826 1416 4884 οὔτε
1455 4831 1522 4886 τὰ
1570 4828 1870 4909 ὑπερϐεϐη-

207 4915 334 4969 κότα
382 4917 491 4977 τὰς
544 4915 771 4990 πρώτας
815 4920 962 4991 τρεῖς
1002 4915 1194 4987 τάξεις.
1219 4917 1380 4981 ’Όθεν
1422 4920 1604 4991 φησὶν,
1637 4922 1710 4983 ὡς
1765 4926 1872 4977 τῶν

211 5004 304 5074 μὲν
353 4998 794 5074 ὑποϐεϐηκυιῶν
843 5004 1042 5074 τάξεων
1092 5003 1285 5075 ἑκάστη
1319 5008 1354 5076 ἠ
1399 5009 1588 5082 πρώτη
1624 5009 1873 5085 ἰεραρχεῖ

210 5092 395 5162 μόνος,
427 5093 527 5147 καὶ
586 5091 688 5146 οὐκ
733 5090 881 5162 ἄλλη
934 5089 1158 5166 δύναμις
1194 5115 1206 5127 ·
1238 5097 1338 5159 τῆς
1389 5093 1447 5150 δὶ
1481 5101 1590 5151 τῶν
1618 5097 1870 5153 ἀνωτάτω

206 5180 416 5234 τούτων
451 5177 779 5252 διακόσμων
811 5179 1095 5254 ἱεραρχίας
1127 5182 1155 5236 ὁ
1199 5182 1328 5245 Θεὸς
1379 5184 1626 5259 ἱεραρχεῖ
1683 5188 1868 5259 μόνος,

209 5267 295 5322 καὶ
323 5267 433 5323 οὐκ
468 5265 629 5337 ἄλλη
663 5264 926 5340 δύναμις.

1983 4673 2116 4711 nam
2158 4656 2284 4710 sine
2323 4653 2808 4726 explicationibus
2870 4653 3302 4711 resolventibus
3354 4655 3631 4711 multiva-

1979 4745 2126 4800 riam
2159 4747 2497 4799 sanctarum
2530 4741 3097 4814 contemplationum
3131 4742 3630 4815 sapientiam,im-

1980 4831 2258 4905 possibile
2287 4836 2375 4887 est
2403 4831 2566 4902 ipsas
2595 4829 2925 4903 intelligere
2957 4847 2971 4886 :
3006 4847 3194 4903 neque
3224 4831 3416 4901 nobis,
3438 4845 3629 4902 neque

1979 4920 2354 4977 inferioribus
2398 4918 2623 4991 angelis
2671 4917 2808 4975 licet
2860 4919 3190 4991 intelligere
3239 4923 3360 4975 tres
3405 4916 3632 4990 primos

1981 5011 2236 5067 ordines.
2269 5009 2430 5064 Unde
2479 5007 2643 5077 dicit,
2694 5008 3040 5063 inferiorum
3076 5007 3314 5078 quidem
3357 5007 3630 5062 ordinum

1981 5099 2236 5170 primum
2266 5112 2564 5168 quemque
2590 5100 2822 5151 tantum
2879 5112 3112 5150 sacrum
3144 5094 3438 5150 sustinere
3469 5093 3635 5167 prin-

1980 5188 2260 5259 cipatum,
2289 5190 2347 5240 et
2382 5201 2496 5239 non
2527 5183 2704 5239 aliam
2735 5183 3010 5238 virtutem
3041 5201 3056 5252 ;
3090 5199 3505 5254 supremorum
3532 5200 3636 5240 au-

1980 5284 2093 5332 tem
2126 5274 2398 5329 ordinum
2431 5269 2767 5328 hierarchiae
2798 5270 2988 5326 solum
3019 5275 3202 5327 Deum
3233 5288 3423 5346 neque
3453 5273 3630 5330 aliam

1978 5366 2250 5422 virtutem
2282 5375 2514 5417 sacrum
2543 5363 2743 5416 tenere
2772 5358 3192 5431 principatum.

1223 5527 1474 5586 VARIE
1514 5531 1904 5593 LECTIONES
1943 5534 2031 5592 ET
2066 5526 2615 5589 CORREGTIONES.

283 5653 329 5690 ει
358 5649 538 5726 οπερ,
620 5649 666 5687 ιδ
693 5646 814 5702 κατ’
844 5642 1156 5723 οὐδετᾶρου.
1232 5652 1276 5689 ⁸⁷
1303 5652 1497 5726 τάξεις.
