4042 6210
444 320 512 376 ’11
1256 316 1619 370 APPENDIX
1654 317 1751 367 AD
1788 314 2030 369 OPERA
2068 317 2127 367 S.
2168 316 2483 374 DIONYSII
2521 318 3025 376 ABEOPAGITE.
3778 314 3853 370 72

514 440 703 496 Sacris
732 439 1054 507 initiantur,
1084 439 1182 491 Gr.
1215 433 1656 509 ἱεραρχούμεναι.
1706 436 1771 491 Id
1797 442 1886 492 est
1926 452 2088 508 mys-
2117 440 2173 505 Α

442 530 591 585 teris
621 529 837 583 edocen
847 532 963 581 tur.

515 620 637 673 Hoc
667 616 857 687 igitur.
890 613 1431 670 Demonstrationes
1477 614 1768 669 dictorum
1802 628 1870 668 ex
1896 613 2088 685 Scrip-

441 712 671 862 tugalll.
723 792 975 859 Edocsri,
1010 792 1107 848 Gr.
1157 786 1580 844 ἐκδιδάσκεσθαι.
1640 790 1791 846 Nota
1834 789 1896 842 τὸ
1945 785 2091 843 ἐκδι-

446 880 751 951 δάσκεσθαι,
800 882 1066 948 edoceri;
1114 880 1371 936 declarat
1417 879 1573 935 enim
1624 878 1785 951 ipsas
1844 878 2088 934 minime

440 972 591 1029 tales
619 987 749 1028 esse
776 970 1102 1027 secundum
1131 973 1420 1025 naturam.

514 1060 776 1117 Omnibus
806 1069 988 1114 autem
1013 1058 1383 1113 sublimiores.
1416 1057 1899 1129 Quandoquidem
1929 1055 2086 1111 enim

439 1156 581 1205 sunt
610 1148 884 1205 omnibus
918 1146 1272 1218 superiores,
1320 1151 1378 1201 et
1410 1146 1555 1200 nihil
1605 1145 1861 1201 habeant
1909 1161 2086 1215 supe-

439 1239 583 1303 rius,
617 1240 906 1308 quantum
939 1235 1010 1289 ad
1061 1232 1209 1289 alias
1258 1234 1525 1299 virtutes,
1577 1234 1785 1289 merito
1835 1234 1906 1288 ab
1956 1233 2083 1304 ipso

441 1328 552 1381 Deo
584 1325 729 1391 solo,
762 1325 935 1395 primi
968 1330 1249 1394 tanquam
1282 1324 1636 1394 superiores,
1670 1321 1868 1377 divina
1907 1321 2083 1377 insti-

436 1418 687 1470 tuuntur
715 1412 1065 1484 cognitione.

505 1504 565 1558 In
596 1502 809 1557 calum.
831 1500 979 1555 Nota
1008 1503 1211 1555 contra
1240 1497 1567 1554 Basilianos
1598 1503 1655 1553 et
1682 1497 2079 1566 Nestorianos,

431 1592 636 1648 Jesum
682 1590 978 1645 Christum
1012 1588 1071 1642 in
1125 1586 1297 1643 ccelos
1346 1592 1720 1658 assumptum
1752 1587 2077 1642 secundum

431 1681 586 1751 quod
620 1679 795 1734 homo
824 1681 913 1732 est
939 1693 1067 1733 esse
1096 1677 1409 1731 Dominum
1462 1675 1920 1746 intelligibilium
1954 1692 2079 1730 om-

430 1768 621 1834 nium,
680 1776 733 1822 et
792 1782 988 1838 regem
1047 1764 1814 1837 gloriae;quemadmodum
1866 1780 2156 1869 arcanaB

428 1856 619 1912 edocti
650 1856 890 1911 discunt
919 1872 952 1909 a
983 1854 1312 1909 dicentibus
1348 1869 1360 1907 :
1398 1854 1593 1908 Tollite
1627 1856 1841 1923 portas,
1872 1854 2080 1921 princi-

420 1961 535 2017 pes,
566 1949 797 2013 vestras,
828 1949 887 2000 et
916 1944 1347 2014 interrogantes
1376 1960 1389 1997 :
1424 1943 1556 2010 Quis
1594 1947 1674 1996 est
1702 1943 1803 1996 iste
1830 1943 1944 1996 Rex
1965 1941 2079 2009 glo-

423 2036 573 2092 ria!
601 2040 772 2105 atque
804 2048 1011 2088 rursus
1042 2032 1644 2099 audientes,Dominus
1675 2032 1946 2085 virtutum
1977 2030 2072 2101 (q);

423 2127 481 2177 et
529 2138 654 2195 qua
703 2120 998 2191 deinceps.
1033 2120 1133 2176 26
1178 2120 1391 2174 Contra
1444 2136 1577 2173 vero
1624 2118 1968 2190 Acephalos,
2019 2123 2077 2173 et

424 2209 834 2281 Eutychianos,
868 2208 1023 2279 quod
1052 2208 1321 2278 quamvis
1353 2207 1638 2262 Dominus
1668 2207 2074 2273 virtutum,ve-

328 2298 331 2301 ’
421 2303 754 2354 rumtamen
786 2313 920 2352 caro
951 2302 1008 2352 et
1059 2296 1407 2351 manifestus
1456 2294 1665 2363 homo;
1700 2295 1780 2349 ita
1808 2300 1872 2349 ut
1903 2312 2073 2366 prop-

418 2390 508 2441 ter
536 2386 619 2441 rei
667 2385 982 2441 novitatem
1031 2390 1345 2455 sequentes
1397 2384 1764 2455 principatus
1796 2383 2072 2455 obtupes-

414 2478 634 2530 carent.

485 2563 678 2617 Divini
707 2564 909 2632 aperis,
945 2560 1043 2616 Gr.
1079 2558 1383 2633 θεουργίας.
1437 2560 1609 2615 Recte
1638 2560 1861 2614 vocavit
1890 2570 2072 2633 θεουρ-

412 2648 554 2721 γίαν,
589 2650 690 2705 Dei
720 2648 1057 2720 opus,illam
1090 2665 1191 2718 pro
1224 2649 1393 2703 nobis
1420 2648 1943 2717 dispensationem;
1968 2648 2069 2703 Dei

416 2738 573 2792 enim
607 2744 774 2792 erant
804 2753 933 2792 vere
963 2751 1140 2806 opera
1170 2735 1365 2790 omnia
1395 2735 1653 2802 Domini,
1685 2752 1811 2805 quae
1858 2753 2070 2791 secun-

416 2828 557 2880 dum
592 2824 1113 2897 dispensationem,
1149 2829 1214 2879 ut
1246 2831 1450 2895 partus
1482 2828 1813 2888 sanctus,et
1844 2823 2067 2878 sanita-

416 2918 528 2978 tes,
561 2913 729 2984 signa
760 2913 816 2966 in
851 2911 1144 2984 passione,
1178 2917 1235 2967 et
1268 2910 1637 2967 resurrectio.

484 3002 591 3072 Ego
623 3002 772 3056 enim
820 3001 1029 3071 inquio.
1065 2999 1170 3054 Illa
1218 3004 1411 3054 autem
1447 3016 1461 3055 :
1510 3002 1629 3068 Ego
1672 3001 1821 3054 enim
1872 3000 2066 3070 loquor

405 3090 688 3160 justitiam
739 3098 789 3144 et
836 3088 1106 3156 iudicium
1154 3088 1436 3156 salutaris,
1490 3092 1629 3143 sunt
1676 3088 1881 3156 Isaias;
1931 3087 2063 3144 vide
2108 3163 2120 3171 ν

408 3177 608 3246 etiam,
642 3177 935 3249 quomodo
967 3176 1088 3231 haec
1119 3174 1421 3231 intellexit.

474 3266 646 3320 Miror
688 3269 893 3320 autem.
932 3264 1165 3319 Locutio
1212 3265 1294 3319 ita
1323 3270 1412 3321 est
1462 3265 1867 3335 componenda
1901 3282 1913 3320 :
1952 3264 2061 3319 mi-

404 3370 500 3408 ror
529 3354 825 3424 quomodo
858 3353 1029 3424 primi
1062 3353 1214 3409 sicut
1246 3353 1422 3409 medii
1455 3354 1685 3409 divinas
1717 3353 2061 3409 illustratio-

403 3458 510 3497 nes
540 3442 748 3498 timide
774 3442 1035 3513 cupiant.

475 3533 538 3586 In
571 3530 747 3586 medio
794 3532 1065 3586 volantes.
1115 3534 1441 3590 Μεσοπετεῖς
1492 3532 1549 3585 in
1598 3531 1773 3587 medio
1816 3532 2060 3586 volantes

403 3618 570 3688 dixit,
604 3623 667 3673 ut
701 3619 945 3674 minime
978 3620 1046 3674 ad
1083 3619 1413 3674 altitudinis
1466 3618 1765 3691 fastigium
1818 3635 2055 3674 sursum

402 3706 691 3775 volantes,
720 3709 822 3764 sed
856 3709 926 3763 ad
980 3709 1239 3763 medium
1291 3707 1730 3778 pervenientes;
1761 3706 1823 3759 τὸ
1869 3703 1926 3759 δέ
1954 3708 2056 3762 du-

402 3796 601 3866 bitare,
635 3795 926 3867 significat
973 3795 1121 3852 illud
1167 3796 1404 3852 dicere:
1440 3796 1582 3869 Quis
1626 3796 1717 3850 hic
1764 3795 2057 3851 adveniens

400 3900 468 3940 ex
498 3885 664 3941 Edam
695 3887 766 3956 (r)
789 3886 815 3940 ?

471 3977 837 4043 Interrogunl.
870 3975 1035 4041 Vide,
1069 3992 1205 4030 cum
1238 3980 1456 4047 quanto
1504 3978 1659 4031 metu
1700 3979 1756 4031 et
1785 3992 2052 4031 reveren-

396 4058 481 4113 tia
506 4060 768 4130 supremi
802 4062 1068 4116 omnium
1101 4064 1357 4129 ordines,
1394 4069 1455 4118 ut
1486 4063 1666 4118 medii
1699 4068 1755 4117 et
1785 4081 1899 4118 non
1934 4063 2049 4135 pri-

401 4145 875 4218 mi,interrogant
904 4149 1437 4220 invicem,primum
1470 4168 1594 4221 quae
1627 4151 1780 4220 apud
1812 4150 2047 4205 Isaiam.

398 4235 533 4303 Quis
583 4236 673 4289 hic
727 4236 948 4291 veniens
996 4253 1068 4290 ea:
1116 4238 1321 4292 Edam?
1383 4239 1554 4294 rubor
1602 4240 2047 4292 vestimentorum

2274 436 2739 513 Ἱεραρχούμεναι.
2769 440 3023 493 Τουτὲστι
3061 432 3594 512 μυσταγωγούμεναι.

2269 615 2443 670 Τοῦτο
2528 619 2658 690 γοῦν
2695 658 2707 673 .
2768 612 3097 685 Ἀποδείξεις
3178 610 3441 689 γραφικαὶ
3522 615 3629 665 τῶν
3700 611 3854 688 εἰρη-

2203 701 2294 773 μέν
2303 724 2395 760 ων,

2267 793 2458 861 §III.
2516 789 2994 856 Ἐκδιδάσκεσθαι.
3084 790 3401 863 Σημείωσαι
3484 789 3545 843 τὸ
3630 785 3846 844 ἐκδιδά-

2198 890 2414 944 σκεσθαι
2447 901 2458 913 ·
2497 878 2664 951 δηλοῖ
2694 882 2797 956 γὰρ
2832 881 2909 953 μὴ
2940 878 3075 935 κατᾶ
3106 878 3262 956 φύσιν
3319 880 3453 932 εἶναι
3514 876 3677 940 αὐτὰς
3727 898 3847 932 τοι-

2198 967 2382 1031 αὐτας.

2264 1058 2364 1119 Τὰς
2424 1055 2481 1112 δὲ
2532 1064 2717 1113 πασῶν
2779 1056 3145 1133 ὑψηλοτέρας.
3201 1053 3422 1125 Ἐπειδὴ
3478 1055 3579 1131 γὰρ
3656 1059 3844 1110 πασῶν

2193 1145 2455 1221 ἀνώτεραί
2504 1146 2629 1213 εἶσι,
2668 1147 2761 1202 καὶ
2802 1144 2956 1202 οὐδὲν
3006 1142 3195 1222 ἔχουσι
3245 1144 3305 1199 τὸ
3357 1144 3667 1218 ὑπερτερον,
3715 1144 3840 1198 ὅσον

2193 1234 2270 1297 εἷς
2324 1234 2507 1311 ἑτέρας
2562 1236 2836 1309 δυνάμεις,
2886 1235 3111 1297 εἰκότως
3174 1235 3262 1289 ὑπ’
3312 1232 3477 1287 αὑτοῦ
3546 1236 3644 1287 τοῦ
3707 1236 3841 1287 Θεοῦ

2195 1322 2360 1394 μόνου
2415 1329 2622 1398 πρῶται
2673 1323 2747 1387 ὠς
2796 1324 3061 1399 ἀνώτεραι
3093 1326 3353 1397 μυοῦνται
3383 1321 3483 1390 τήν
3517 1320 3660 1375 θείαν
3694 1325 3840 1395 γνῶ-

2190 1432 2293 1468 σιν.

2259 1499 2352 1562 Εἷς
2413 1501 2693 1575 οὐρανούς.
2736 1501 3053 1575 Σημείωσαι
3101 1499 3239 1554 κατὰ
3291 1496 3660 1553 Βασιλείανῶν
3710 1494 3836 1565 ἤτοι

2188 1594 2581 1663 Νεστοριανῶν,
2615 1592 2695 1644 ὅτι
2750 1590 2793 1669 ,ὁ
2824 1589 3156 1666 ἀναληφθεὶς
3200 1587 3318 1650 καθ’
3348 1587 3377 1640 ὃ
3416 1583 3702 1660 ἄνθρωπος
3726 1585 3838 1655 ’1ης-

2188 1682 2311 1739 σοῦς
2344 1680 2600 1753 Χριστὸς,
2632 1678 2790 1739 αὐτός
2825 1677 2965 1732 ἐστιν
2996 1679 3023 1732 ὁ
3054 1675 3250 1749 Κύριος
3280 1680 3387 1730 τῶν
3432 1679 3644 1745 νοητῶν
3695 1674 3837 1728 πάνυ

2186 1768 2417 1836 των,καὶ
2450 1767 2703 1842 βασιλεὺς
2731 1774 2831 1837 τῆς
2860 1765 3136 1840 δόξης,ὡς
3173 1764 3469 1838 μυούμενοι
3505 1764 3835 1836 μανθάνουσι

2186 1856 2331 1929 παρᾶ
2357 1860 2465 1909 τῶν
2498 1853 2782 1930 λεγόντων.
2814 1859 3013 1929 ’Ἄρατε
3043 1853 3240 1923 πύλας,
3273 1854 3325 1907 οἱ
3356 1851 3831 1928 ἄρχοντες,ὑμῶν⁶

2183 1943 2272 1998 καὶ
2328 1943 2720 2016 πυνθανόμενοι
2749 1961 2763 1977 ⁸
2796 1945 2887 2006 Τίς
2940 1943 3079 1998 ἐστιν
3140 1942 3297 2003 οὗτος
3341 1943 3368 1996 ὁ
3418 1940 3677 2001 Βασιλεὺς
3726 1946 3829 2010 τῆς

2186 2029 2385 2102 δόξηςς
2417 2032 2505 2087 καὶ
2550 2030 2700 2093 αὖθις
2746 2032 3054 2100 ἀκούοντες,
3097 2030 3297 2105 Κύριος
3338 2034 3442 2084 τῶν
3495 2026 3775 2101 δυνάμεων
3813 2045 3827 2061 ⁶

2182 2122 2272 2175 καὶ
2304 2121 2369 2174 τὰ
2398 2121 2541 2189 ἑξῆς.
2587 2122 2734 2176 Κατὰ
2764 2118 2821 2175 δὲ
2852 2116 3164 2197 Ἀκεφάλων
3221 2117 3311 2172 καὶ
3361 2117 3827 2192 Εὐτυχιανιστῶν,

2183 2208 2288 2281 ὅτι,
2315 2206 2408 2263 κᾶν
2450 2208 2653 2284 Κύριος
2700 2205 3003 2281 δυνάμεων,
3035 2205 3161 2261 ἀλλ’
3193 2203 3284 2259 οὖν
3332 2206 3459 2278 σὰρξ
3506 2204 3597 2259 καὶ
3653 2204 3831 2281 σαφὴς

2183 2296 2489 2372 ἄνθρωπος,
2520 2299 2594 2359 ὡς
2648 2295 2737 2350 καὶ
2790 2296 2923 2370 πρὸς
2980 2294 3043 2349 τὸ
3093 2293 3236 2364 ξένον
3293 2290 3687 2363 ἐκπλήττεσθαι
3734 2293 3832 2353 τὰς

2183 2385 2302 2456 ἱξῆς
2332 2385 2531 2462 ἀρχάς.

2251 2562 2557 2637 Θεουργίας.
2618 2559 2816 2625 Καλῶς
2871 2560 3145 2637 θεουργίαν
3215 2558 3434 2614 ἐκάλεσε
3509 2560 3608 2627 τὴν
3689 2559 3821 2633 ὑπὲρ

2178 2654 2337 2724 ἡμῶν
2380 2651 2691 2724 οἰκονομίαν
2722 2668 2735 2681 ⁸
2769 2653 2901 2705 Θεοῦ
2931 2636 3033 2725 γὰρ
3065 2650 3131 2717 ἦν
3163 2649 3235 2710 ὡς
3266 2645 3489 2715 ἀληθῶς
3522 2636 3653 2721 ἔργα
3684 2647 3823 2701 πάν-

2175 2760 2242 2793 τα
2268 2741 2335 2794 τὰ
2361 2740 2497 2794 κατὰ
2528 2738 2845 2811 οἰκονομίαν
2872 2742 2969 2793 τοῦ
2998 2738 3199 2807 Κυρίου
3235 2757 3246 2769 ·
3290 2736 3318 2789 ὁ
3348 2736 3509 2795 τόκος
3563 2736 3591 2788 ὁ
3641 2735 3822 2809 ἅγιος,

2175 2826 2263 2880 καὶ
2324 2826 2513 2895 ἰάσεις,
2570 2828 2637 2881 τὰ
2692 2826 2779 2881 ἐπὶ
2834 2830 2913 2897 τῷ
2962 2824 3118 2888 πάθει
3179 2829 3403 2895 σημεῖα,
3454 2823 3538 2877 καὶ
3600 2824 3635 2891 ἡ
3689 2822 3820 2876 ἀνά-

2175 2935 2383 2975 στασις.

2240 3002 2384 3075 Ἐγὼ
2438 3002 2536 3077 γάρ
2592 3023 2755 3080 φημι.
2789 3002 2864 3054 Τὰ
2917 2998 2975 3055 δὲ
3027 3003 3091 3068 ⁸⁸,
3148 3000 3291 3074 Ἐγὼ
3335 2999 3433 3075 γὰρ
3494 2995 3826 3074 διαλέγομαι

2174 3087 2519 3160 δικαιοσῦνην
2582 3090 2670 3144 καὶ
2726 3089 2903 3164 κρίσιν
2965 3089 3262 3163 σωτηρίου,
3312 3085 3533 3145 Ἠσαίου
3594 3086 3698 3141 εἶ’σί
3730 3090 3827 3124 ⁴⁹⁹

2124 3165 2139 3227 ἶ
2173 3178 2260 3233 καὶ
2304 3178 2401 3253 ὅρα
2430 3180 2547 3241 πῶς
2574 3182 2744 3232 ταῦτα
2775 3176 3046 3247 νενόηκεν.

2245 3269 2492 3341 Ἀγαμαι
2526 3264 2603 3323 δὲ.
2634 3267 2706 3321 Τὸ
2738 3265 2902 3342 ῥητὸν
2938 3263 3079 3319 οὕτω
3121 3263 3389 3319 συνθετὲον
3423 3266 3467 3300 ⁸ο
3499 3283 3512 3297 ·
3560 3262 3823 3336 θαυμάζω

2172 3360 2288 3419 πῶς
2314 3357 2366 3409 αἱ
2398 3360 2603 3429 πρῶται
2639 3356 2713 3417 ὡς
2765 3352 2920 3427 μέσαι
2965 3358 3073 3408 τῶν
3124 3357 3430 3427 θεαρχικῶν
3489 3350 3820 3426 ἐλλάμψεων

2172 3439 2415 3504 εὐλαϐῶς
2449 3442 2705 3517 ἐφίενται.

2242 3538 2592 3593 Μεσοπετεῖς.
2644 3533 2976 3595 Μεσοπετεῖς
3061 3527 3187 3608 ἔφη,
3247 3529 3322 3591 ὡς
3416 3530 3490 3602 μὴ
3563 3528 3702 3603 πρὸς
3757 3529 3822 3582 τὸ

2169 3619 2330 3697 ἄκρον
2361 3625 2457 3675 τοῦ
2498 3619 2665 3693 ὕψους
2714 3620 3099 3693 ἀνιπταμένας,
3132 3617 3276 3673 ἀλλὰ
3327 3622 3424 3672 τοῦ
3487 3618 3650 3690 μέσου
3710 3615 3822 3694 ἔφι-

2167 3707 2466 3781 κνουμένας
2502 3729 2515 3743 ·
2548 3709 2608 3762 τὸ
2640 3706 2696 3762 δὲ
2727 3705 3002 3782 διαπορεῖν
3055 3707 3308 3779 σημαίνει
3354 3708 3416 3761 τὸ
3462 3705 3639 3779 λέγειν
3670 3724 3683 3737 ·
3719 3703 3819 3765 Τίς

2168 3798 2323 3859 οὗτος
2355 3798 2381 3851 ὁ
2415 3796 2851 3872 παραγενόμενος
2893 3794 2943 3866 ἐξ
2977 3792 3202 3868 Ἐδώμ;

2235 3977 2560 4049 Ἐρωτῶσιν.
2620 3976 2760 4047 ’Ὀρα
2844 3972 2976 4046 μετὰ
3048 3971 3218 4026 πόσου
3274 3964 3447 4049 φόϐου
3504 3968 3593 4023 καὶ
3651 3969 3813 4025 εὐλα-

2163 4058 2313 4124 ϐείας
2345 4063 2399 4117 αἱ
2430 4066 2615 4116 πασῶν
2646 4062 2909 4116 ἀνώταται
2949 4060 3147 4131 τάξεις,
3180 4061 3254 4122 ὡς
3317 4060 3500 4132 μέσαι,
3529 4057 3620 4113 καὶ
3676 4057 3812 4133 οὐχὶ

2159 4150 2486 4225 πρώτισται,
2530 4148 2805 4223 ἐρωτῶσιν
2852 4146 3130 4219 ἆλΛήλας,
3164 4152 3378 4223 πρῶτον
3426 4147 3494 4201 τὰ
3542 4148 3687 4221 παρᾶ
3728 4150 3812 4218 τῷ

2158 4236 2368 4308 Ἡσαΐᾳ·
2393 4237 2484 4298 Τίς
2516 4238 2672 4299 οὗτος
2706 4238 2733 4291 ὁ
2764 4238 3205 4313 παραγενόμενος
3237 4235 3287 4306 ἕξ
3317 4232 3537 4309 Ἑδώμς
3561 4234 3815 4310 ἐρύθημα

403 4324 524 4394 ejus
574 4339 644 4378 ex
692 4325 1006 4396 Basor(s);
1035 4334 1087 4380 et
1117 4329 1244 4379 tum
1293 4326 1459 4395 quasi
1514 4342 1654 4380 cura
1706 4325 1817 4380 sibi
1852 4342 1884 4381 a
1930 4325 2047 4381 Deo

2199 4326 2385 4379 ,ιατίων
2420 4325 2582 4380 αὐτοῦ
2616 4324 2674 4380 ἐκ
2728 4325 2897 4401 Βοσόρ
2933 4344 2945 4357 ⁶
2982 4325 3070 4379 καὶ
3112 4324 3255 4391 τότε,
3291 4324 3471 4397 ὥσπερ
3522 4322 3811 4398 ἐπιτρεπό-

395 4411 733 4481 commissa,
766 4413 967 4467 dicunt
1026 4414 1098 4469 ad
1159 4413 1401 4485 ipsum:
1448 4415 1630 4481 Quare
1684 4414 1859 4469 rubra
1917 4420 2045 4469 sunt

392 4500 713 4555 vestimenta
745 4506 847 4555 tua
870 4503 895 4553 .9

460 4588 881 4643 Sanctissimam
906 4592 1320 4660 purgationem.
1354 4590 1520 4659 Nota,
1556 4592 1849 4662 quomodo
1888 4591 2041 4646 dicat

389 4676 633 4751 expiari,
664 4681 720 4733 et
750 4677 1056 4743 illustrari,
1090 4684 1146 4735 et
1174 4680 1372 4752 perlici
1406 4679 1632 4735 divinos
1664 4680 1919 4736 ordines.

464 4856 832 4927 Bxpiationis.
864 4859 1033 4925 Nota,
1062 4872 1330 4927 quaenam
1368 4856 1442 4912 sit
1484 4857 1751 4928 purgatio
1783 4856 1839 4910 in
1876 4874 2039 4912 men-

391 4943 570 5011 tibus,
604 4950 661 5000 et
690 4962 815 5017 qua
847 4945 1159 5017 ignoratio.

464 5033 696 5103 Copioso
757 5032 991 5100 lumine,
1053 5034 1150 5088 Gr.
1210 5030 1446 5085 ἀπΛὲτου
1501 5030 1701 5108 φωτός.
1768 5030 2036 5087 Ἀπλετον

388 5114 681 5184 signiﬁcat
710 5138 987 5194 magnum
1018 5126 1076 5178 et
1106 5120 1383 5177 multum.

459 5288 536 5360 (ᾳ)
561 5289 713 5347 Psal.
746 5310 906 5361 χχιιι,
936 5298 1092 5352 7-10.
1168 5298 1244 5369 (r)
1277 5299 1388 5353 Isa.
1422 5312 1578 5365 Lxm,
1615 5301 1665 5352 1.
1742 5299 1811 5369 (s)
1844 5298 1989 5354 Ibid-

2160 4435 2311 4485 μεναι
2369 4414 2515 4489 παρὰ
2562 4418 2716 4482 Θεοῦ,
2767 4415 2903 4488 πρὸς
2951 4414 3112 4468 αὐτὸν
3172 4413 3415 4489 λέγουσι.
3451 4413 3548 4466 Δια
3602 4412 3654 4466 τί
3710 4432 3809 4466 σου

2078 4523 2121 4587 D
2154 4501 2352 4577 ἐρυθρὰ
2380 4504 2446 4555 τὰ
2477 4503 2670 4587 ἱμάτια
2697 4520 2710 4571 ;

2230 4586 2644 4665 ΙΙαναγεστοίτης
2701 4586 3033 4663 καθάρσεως.
3098 4587 3421 4661 Σημείωσαι
3490 4593 3607 4650 πῶς
3670 4609 3807 4664 φησι

2150 4678 2519 4753 καθαίρεσθαι,
2552 4677 2640 4731 καὶ
2674 4675 3016 4755 φωτίζεσθαι,
3050 4676 3138 4730 καὶ
3170 4675 3667 4752 τελεσιουργεῖσθαι
3709 4678 3808 4739 τὰς

2151 4766 2296 4828 θείας
2329 4765 2502 4836 τάξεις
2517 4812 2528 4823 .

2222 4857 2335 4923 Τῆς
2366 4855 2693 4928 καθάρσεως.
2726 4858 2802 4923 Ση
2816 4852 3041 4925 μείωσαι
3070 4852 3152 4917 τίς
3180 4855 3214 4922 ἡ
3247 4854 3509 4929 κάθαρσις
3573 4851 3661 4907 ἰπὶ
3695 4858 3809 4908 τῶν

2149 4947 2311 5015 νοῶν,
2343 4943 2428 4996 καὶ
2457 4941 2539 5004 τίς
2569 4944 2602 5010 ἡ
2636 4938 2846 5015 ἄγνοια.

2221 5028 2491 5087 Ἀπλὲτου
2522 5030 2720 5107 φωτός.
2756 5030 3027 5086 ’Λπλετον
3058 5030 3120 5084 τὸ
3158 5030 3297 5105 μέγα
3326 5031 3417 5083 καὶ
3455 5026 3621 5086 πολύ.

1402 5473 1632 5532 VARl/E
1670 5475 2065 5533 LECTIONEB
2102 5478 2184 5532 ET
2221 5470 2776 5532 CORBECTIONES.

460 5589 505 5627 ⁴⁸
532 5587 594 5643 τὸ
625 5584 700 5647 δι.
778 5591 823 5627 ⁴⁹
845 5588 977 5647 ini.
1052 5593 1097 5629 ⁸ο
1126 5591 1339 5658 σύνθες.
