4042 6210
273 365 345 418 73
990 365 1048 416 S.
1091 362 1363 418 MAXIM!
1399 364 1704 419 SCHOLIA
1743 364 1817 417 IN
1857 363 1988 415 LIB.
2031 363 2126 415 DE
2165 362 2490 416 C(ELESTI
2526 360 3002 420 HIERARCHIA.
3623 369 3690 426 74

347 485 824 564 Τελεσιουργεῖται
864 531 876 544 .

271 579 367 635 καὶ
397 576 754 655 φωτίζονται,
788 576 881 633 καὶ
925 575 1425 654 τελεσιουργοῦνται
1475 578 1530 631 αἱ
1580 581 1716 642 θεῖαι
1761 572 1930 648 τᾶξεις

283 669 457 724 αὗται.

350 757 480 813 Καθ’
537 755 668 826 ἓξιν.
720 757 850 819 Καθ’
897 753 1003 826 ἕξιν
1065 753 1344 828 ἐπιστήμη
1403 753 1541 809 ἐστὶν
1591 755 1626 823 ἡ
1688 747 1934 826 ἕμμονος

277 848 366 902 καὶ
415 841 804 916 ἀναπόϐλητος
848 852 950 915 τῆς
992 843 1405 924 έλλαμφθείσης
1462 845 1716 920 γνώσεως
1768 840 1936 896 κατά-

279 934 474 1010 ληψις.
1067 979 1073 985 .

347 1025 410 1081 Ἡ
441 1021 659 1096 κύκλῳ.
693 1021 918 1092 Ἐπειδή
950 1025 1040 1078 καὶ
1090 1023 1379 1094 ἑστηκυίας
1419 1020 1510 1076 καὶ
1561 1019 1751 1092 κύκλῳ
1803 1022 1936 1074 Θεοῦ

272 1112 744 1189 περιχορευούσας
796 1113 1013 1186 ἀμέσως
1058 1112 1154 1177 τὰς
1199 1113 1420 1188 πρώτας
1469 1109 1664 1171 ταύτας
1717 1110 1932 1182 ταξιαρ-

271 1203 399 1277 lia;
427 1201 592 1278 φησὶ,
626 1202 1001 1279 σαφηνιστέον,
1033 1205 1150 1264 πῶς
1200 1202 1287 1256 καὶ
1342 1203 1520 1256 ἑστᾶσι
1568 1197 1656 1254 καὶ
1713 1199 1929 1251 κινοῦν-

269 1312 380 1360 ται,
413 1292 660 1363 καθάπερ
713 1289 764 1344 ἐν
817 1290 1014 1365 χορείᾳ
1059 1289 1249 1362 κύκλῳ
1297 1294 1394 1344 τοῦ
1445 1292 1603 1345 Θεοῦ.
1644 1285 1746 1344 Καὶ
1803 1285 1937 1345 τᾶως

276 1380 369 1450 μέν
403 1379 457 1449 ἕξ
487 1377 722 1434 Ἡσαΐου
763 1380 864 1448 τήν
916 1379 1174 1455 ἀφορμήν
1223 1376 1472 1456 εἴληφενς
1503 1378 1562 1439 ’ὸς
1614 1376 1759 1450 Λέγει
1791 1391 1802 1403 ⁸
1839 1379 1937 1438 Καὶ

272 1469 520 1545 σεραιρίμ
579 1468 818 1537 εἱστήκει
875 1467 1065 1540 κύκλῳ
1141 1467 1306 1522 αὐτοῦ
1339 1487 1349 1497 ·
1407 1467 1462 1537 ’ἐξ
1542 1466 1802 1540 πτέρυγες
1857 1461 1937 1532 τῷ

270 1558 366 1630 δνῖ,
397 1557 491 1611 καὶ
550 1556 620 1611 τᾶ
676 1556 840 1627 ἒξῆςο
901 1555 1082 1633 ἐπάγει
1144 1554 1222 1627 δέ,
1280 1557 1383 1612 Καὶ
1431 1560 1552 1616 ταῖς
1612 1551 1760 1608 δυσὶν
1823 1548 1939 1604 έπέ-

268 1666 432 1701 ταντο
467 1666 479 1678 ⁸
536 1651 659 1707 πῶς
716 1646 820 1721 γὰρ
870 1646 1076 1700 ἑστῶτα
1125 1645 1512 1721 περιεπέταντο
1556 1641 1784 1714 κύκλῳς
1838 1639 1933 1694 Καὶ

269 1736 502 1805 νοητέον
533 1733 710 1796 οὕτως
744 1753 758 1767 ⁸
787 1739 892 1799 πᾶς
922 1739 1049 1796 νοῦς
1079 1733 1180 1808 [ἐκ]
1213 1739 1314 1789 τοῦ
1343 1736 1557 1789 πάντων
1593 1732 1770 1786 αἰτίου
1803 1731 1936 1783 Θεοῦ

272 1823 586 1897 ἐκλάμψας,
622 1820 810 1892 ἐπειδὴ
856 1823 962 1879 ἀπὸ
999 1829 1096 1879 τοῦ
1147 1822 1656 1899 δημιουργήσαντος
1705 1818 1933 1890 ἐξέλαμ-

272 1916 368 1986 ψε,
417 1910 634 1987 λέγεται
671 1913 797 1987 περὶ
852 1911 1012 1967 αὐτὸν
1068 1913 1142 1974 ὡς
1197 1912 1320 1987 περὶ
1368 1913 1586 1986 κέντρον
1637 1909 1922 1976 κινεῖσθαι,

268 2007 381 2070 τῆς
435 2002 699 2070 κινήσεως
757 2001 820 2056 οὖ
876 2002 1109 2070 τοπικῆς
1143 2023 1296 2065 τινος
1325 1999 1508 2071 οὔσης,
1543 1997 1689 2054 ἀλλὰ
1736 2001 1927 2072 νοερᾶς

269 2091 365 2145 καὶ
396 2090 576 2160 ζώσης
611 2109 623 2121 ⁸
656 2086 765 2144 ἔστι
800 2087 856 2145 δὶ
886 2095 982 2145 νοῦ
1023 2091 1212 2163 κύκλῳ
1263 2090 1474 2160 κίνησις
1511 2088 1736 2157 τοιαύτη
1773 2105 1786 2117 ⁸
1819 2090 1922 2139 πᾶι

271 2181 335 2233 τὸ
385 2183 545 2234 νοοῦν
593 2179 629 2248 ἢ
676 2183 803 2243 νοῦς
850 2177 923 2234 ὢν
967 2186 1100 2249 νοεῖ,
1133 2181 1167 2249 ἢ
1202 2180 1278 2244 ὡς
1310 2176 1538 2253 μετέχον
1571 2179 1688 2232 νοῦ.
1720 2177 1776 2228 Ὀ
1830 2174 1922 2247 μὶν

270 2272 402 2329 νοῦς
447 2264 546 2335 ὢν,
589 2270 822 2342 πρώτως
869 2275 981 2324 νοεῖ
1012 2288 1025 2300 ⁸
1058 2270 1121 2324 τὸ
1167 2267 1223 2323 δὲ
1257 2270 1487 2343 μετέχον
1517 2271 1612 2321 νοῦ
1663 2262 1924 2335 δευτέρως

273 2364 394 2412 νοεῖ
424 2377 439 2390 ⁸
474 2359 612 2413 κατᾶ
636 2363 798 2413 τοῦτο
829 2358 925 2431 μὶν
957 2357 1067 2426 οῦν,
1099 2359 1218 2412 καθ’
1247 2359 1276 2412 ’ὀ
1306 2362 1430 2418 νοῦς
1479 2355 1552 2410 ὢν
1597 2359 1729 2418 νοεῖ,
1761 2357 1928 2407 κινεῖ-

276 2459 400 2510 σθαι
451 2445 672 2520 λέγοιτο
723 2448 782 2500 ἄν
819 2465 830 2478 '
863 2443 1096 2515 κυκλική
1157 2445 1214 2500 δὲ
1270 2445 1563 2500 ἐπινοεῖται
1621 2446 1654 2512 ἠ
1713 2440 1926 2512 κίνησις

276 2533 418 2603 αὕτη
471 2535 586 2588 καθ’
628 2535 658 2588 ’ὁ
709 2535 1058 2608 ἀνακάμπτον
1107 2535 1196 2589 καὶ
1244 2534 1366 2609 περὶ
1414 2533 1575 2588 αὐτὸν
1622 2526 1924 2607 γινόμενος,

284 2622 460 2685 οὕτως
515 2623 706 2677 ἑαυτὸν
761 2626 944 2694 νοήσει
1001 2623 1090 2677 καὶ
1147 2624 1238 2678 τὸν
1297 2624 1403 2700 πρὸ
1462 2621 1645 2690 αὐτοῦ,
1679 2620 1728 2692 ἐξ
1762 2620 1822 2672 οὗ
1852 2616 1930 2687 ἐξ·

283 2708 522 2783 λαμψεν,
554 2713 629 2773 ὡς
688 2710 781 2766 οῦν
838 2710 897 2766 ἐκ
951 2715 1084 2767 Θεοῦ
1145 2710 1512 2788 βουληθέντος
1565 2704 1926 2785 προϐληθεὶς.

276 2800 406 2876 περὶ
469 2799 802 2867 αὖτὸν,ἆντί
854 2805 952 2855 τοῦ
1011 2801 1135 2875 περῖ
1190 2803 1290 2871 τὴν
1342 2803 1476 2855 Θεοῦ
1507 2803 1550 2837 ⁸¹
1603 2795 1779 2876 ἔφεσιν
1837 2793 1927 2848 καὶ

274 2887 520 2964 ἀγάπην,
571 2889 645 2950 ὡς
704 2890 828 2963 περὶ
877 2891 1110 2965 κέντρον,
1163 2885 1310 2944 ἔσται
1343 2907 1358 2922 ⁸
1403 2890 1467 2944 οὐ
1529 2887 1628 2963 γὰρ
1685 2887 1926 2940 ένοῦνται

271 2980 343 3032 τὰ
374 2975 599 3052 δεύτερα
627 2982 745 3041 τοῖς
771 2978 878 3053 πρὸ
928 2977 1123 3047 αὐτῶν,
1161 2977 1306 3033 ἀλλᾶ
1354 2976 1547 3053 χορείᾳ
1594 2974 1699 3029 τινὶ
1741 2974 1802 3028 τὸ
1850 2992 1931 3046 γι-

276 3065 514 3138 νόμενον
549 3060 693 3120 ἔοικε
723 3085 737 3098 ⁸
769 3066 835 3120 τὰ
863 3066 966 3142 γὰρ
998 3067 1312 3142 γεννώμενα
1343 3066 1474 3120 εἶναι
1514 3063 1565 3118 ἐν
1613 3067 1692 3134 τῷ
1740 3061 1930 3131 οἱκείῳ

967 495 1043 559 Ση
1057 487 1284 560 μείωσαι
1364 491 1483 550 πῶς
1566 485 1933 561 καθαίρονται,

2121 487 2439 558 Perﬁcitur.
2465 489 2612 544 Nota
2633 490 2925 560 quomodo
2956 491 3300 562 purgentur,
3323 495 3380 548 et
3398 491 3696 552 illustrem

2047 581 2164 644 tur,
2201 581 2257 632 et
2287 577 2670 648 perficiantur
2699 577 2759 632 hi
2786 577 2967 633 divini
2999 579 3257 636 ordines.

2117 758 2428 814 Secundum
2460 758 2724 813 habitum.
2744 752 3020 828 Καθ’ἓξιν,
3041 760 3365 815 secundum
3411 759 3700 832 habitum,

2046 847 2292 903 scientia
2322 852 2412 902 est
2441 847 2758 912 inhaerens,
2791 851 2848 903 et
2877 864 3004 918 qum
3034 847 3209 919 abjici
3240 855 3512 921 nequeat,
3552 851 3688 908 illu-

2051 940 2246 991 strataa
2272 935 2645 1008 cogitationis
2672 935 3031 992 consecutio.

2117 1027 2175 1081 In
2207 1027 2464 1094 circuitu,
2498 1025 2597 1080 Gr.
2652 1026 2687 1092 ὴ
2741 1022 2949 1095 κύκλῳ.
3009 1026 3298 1091 Quoniam
3356 1032 3413 1085 et
3472 1033 3697 1087 stantes

2045 1117 2102 1170 et
2133 1113 2515 1169 circumcirca
2545 1115 2726 1169 Deum
2758 1112 3024 1171 saltando
3056 1131 3189 1169 cum
3243 1121 3416 1172 cantu
3473 1119 3698 1174 obeun-

2047 1206 2134 1259 tes
2166 1203 2290 1258 sine
2340 1203 2532 1258 medio
2574 1203 2795 1274 primos
2843 1202 2951 1258 hos
2998 1203 3272 1260 ordinum
3326 1205 3696 1279 principatus

2045 1292 2205 1360 dicit,
2238 1292 2650 1363 explicandum
2705 1295 2814 1354 est,
2869 1293 3164 1362 quomodo
3197 1298 3254 1348 et
3281 1299 3456 1360 stent,
3486 1300 3542 1350 et
3572 1313 3700 1350 mo-

2046 1385 2309 1450 veantur,
2345 1380 2843 1452 quemadmodum
2894 1380 2953 1434 in
3003 1379 3262 1451 tripudio
3317 1381 3700 1439 circumcirca

2047 1473 2248 1524 Deum.
2281 1473 2351 1524 Et
2380 1469 2667 1524 hactenus
2718 1469 2956 1540 quidem
3007 1469 3374 1526 occasionem
3423 1487 3492 1527 ex
3546 1473 3699 1528 Isaia

2047 1560 2292 1630 accepit,
2325 1560 2424 1631 qui
2449 1558 2625 1614 dicit:
2651 1561 2714 1612 Et
2735 1557 3012 1629 seraphim
3052 1559 3277 1615 stabant
3317 1561 3465 1615 circa
3497 1562 3696 1632 ipsum,

2045 1664 2140 1704 sex
2159 1649 2269 1704 σιω
2289 1649 2408 1715 uni,
2435 1651 2493 1702 et
2535 1647 2868 1719 sequentia;
2898 1647 3061 1702 addit
3081 1663 3247 1703 vero:
3289 1653 3340 1704 et
3361 1648 3571 1705 duabus
3595 1651 3693 1706 27

2045 1739 2302 1794 volabant
2325 1738 2384 1808 (t)
2411 1753 2425 1804 ;
2451 1738 2744 1808 quomodo
2770 1735 2922 1791 enim
2946 1741 3170 1791 stantes
3192 1737 3697 1796 circumvolabant

2047 1825 2106 1880 in
2131 1825 2372 1882 orbem?
2395 1830 2581 1897 Atque
2606 1825 2685 1881 ita
2707 1823 3155 1897 intelligendum
3180 1843 3192 1881 :
3219 1842 3386 1882 mens
3409 1827 3600 1884 omnis
3622 1844 3693 1884 ex

2038 1915 2155 1971 Deo
2212 1914 2614 1970 universorum
2677 1919 2916 1970 auctore
2984 1914 3244 1985 elucens,
3315 1917 3687 1988 quandoqui-

2039 2005 2170 2060 dem
2203 2021 2236 2058 a
2267 2003 2538 2059 Creatore
2566 2001 2833 2069 eluxerit,
2861 2003 3077 2058 dicitur
3107 2003 3262 2059 circa
3304 2004 3522 2076 ipsum,
3573 2007 3689 2062 sic-

2039 2097 2103 2148 ut
2131 2093 2286 2148 circa
2315 2097 2578 2147 centrum
2612 2092 2827 2147 moveri
2855 2113 2869 2160 ;
2922 2092 3180 2147 motione
3233 2092 3477 2149 minime
3517 2092 3690 2151 locali

2037 2180 2235 2252 aliqua
2263 2180 2600 2246 exsistente,
2651 2180 2752 2236 sed
2802 2179 3156 2252 intelligibili
3190 2185 3246 2235 et
3274 2182 3439 2250 viva;
3495 2188 3691 2239 motus

2036 2274 2231 2326 autem
2267 2270 2478 2324 mentis
2509 2269 2836 2334 circularis,
2885 2269 3020 2324 talis
3069 2274 3196 2324 est:
3248 2287 3421 2326 omne
3472 2271 3692 2328 intelli-

2035 2374 2200 2430 gens,
2235 2363 2335 2413 aut
2361 2375 2523 2413 mens
2545 2360 2833 2413 exsistens
2857 2357 3132 2430 intelligit
3155 2384 3168 2425 ;
3190 2357 3277 2413 vel
3309 2365 3371 2414 ut
3396 2361 3690 2432 particeps

2041 2447 2276 2502 mentis.
2309 2447 2475 2502 Mens
2507 2446 2744 2518 quidem
2785 2448 3098 2512 exsistens,
3148 2447 3334 2517 primo
3375 2447 3687 2520 intelligit:

2038 2535 2191 2606 quod
2211 2539 2407 2590 autem
2435 2536 2506 2590 de
2526 2540 2720 2590 mente
2742 2535 3079 2607 participat,
3100 2537 3357 2591 secundo
3378 2535 3686 2609 intelligit;

2038 2624 2363 2679 secundum
2388 2623 2498 2679 hoc
2530 2624 2731 2696 igitur,
2765 2625 3092 2678 secundum
3119 2625 3268 2694 quod
3306 2641 3475 2680 mens
3503 2627 3689 2682 exsis-

2036 2715 2167 2767 tens
2193 2711 2492 2784 intelligit,
2528 2712 2742 2767 moveri
2777 2712 2890 2766 dici
2924 2717 3138 2782 queat;
3163 2712 3467 2768 circularis
3491 2718 3688 2770 autem

2037 2800 2133 2855 hic
2154 2806 2345 2856 motus
2366 2800 2751 2872 excogitatur,
2779 2805 3071 2872 quatenus
3098 2801 3422 2870 reﬂectens,
3447 2805 3502 2857 et
3533 2803 3690 2859 circa

2039 2889 2293 2960 seipsam
2328 2888 2616 2944 exsistens
2649 2888 2730 2942 ita
2779 2889 3031 2958 seipsam
3089 2888 3394 2960 intelliget,
3453 2894 3508 2944 et
3555 2907 3685 2946 eam

2038 2993 2166 3048 qua
2190 2977 2379 3048 ipsam
2401 2977 2673 3048 praecedit
2697 2992 2763 3030 ex
2785 2992 2901 3046 qua
2929 2976 3158 3032 illuxit:
3185 2981 3467 3048 tanquam
3497 2978 3683 3050 igitur

2038 3081 2106 3120 ex
2137 3065 2251 3120 Deo
2296 3065 2522 3120 volente
2571 3065 2849 3136 projecta,
2904 3065 3054 3120 circa
3105 3065 3324 3136 ipsum,
3373 3083 3476 3136 pro
3526 3067 3686 3122 circa

272 3156 554 3230 ἰφιέμενα,
583 3153 677 3209 τὸν
706 3159 972 3229 γεννῶντα
1000 3156 1285 3230 περιαθρεῖ
1306 3174 1319 3188 ⁸
1352 3155 1414 3208 τὸ
1474 3151 1566 3207 οῦν
1617 3155 1684 3224 τῇ
1743 3151 1925 3220 νοήσει

2047 3154 2138 3209 Dei
2189 3153 2540 3210 desiderium
2574 3159 2630 3208 et
2659 3170 2940 3224 amorem,
2991 3154 3146 3209 sicut
3198 3154 3349 3210 circa
3397 3160 3685 3222 centrum,

271 3245 414 3320 πρὸς
464 3244 533 3298 τὰ
580 3244 686 3318 πρὸ
735 3243 899 3299 αὐτοῦ
949 3243 1403 3319 έπεστραμμένον,
1455 3239 1723 3309 κυκλικῆς
1770 3242 1924 3310 κινή-

277 3355 416 3395 σεως
471 3327 680 3387 ἔννοιαν
734 3332 952 3408 εἰσάγει.
1004 3330 1227 3401 Ἐπειδὴ
1279 3330 1369 3386 οῦν
1403 3333 1684 3406 πανταχοῦ
1735 3327 1873 3382 ἐστιν
1903 3329 1930 3381 ὁ

277 3424 433 3494 Θεὸς,
465 3423 520 3475 αἱ
549 3425 834 3496 πανταχοῦ
881 3420 1027 3493 αύτῷ
1076 3417 1567 3483 συνακολουθοῦσαι
1615 3422 1694 3491 τῷ
1751 3418 1928 3481 θέλειν

277 3511 441 3565 αύτὸν
473 3514 622 3564 νοεῖν
669 3509 776 3577 ἀεὶ,
812 3509 900 3563 ἐπὶ
941 3508 1120 3581 τούτῳ
1165 3507 1518 3585 ἀγόίλλονται,
1553 3511 1641 3562 καὶ
1699 3526 1930 3581 περιχο-

278 3599 554 3674 ρεύουσιν,
591 3599 770 3674 ὥσπερ
801 3602 870 3672 τῇ
920 3597 1244 3675 εὐφροσύνῃ.
1277 3598 1493 3674 Λέγεται
1547 3595 1636 3651 οῦν
1697 3601 1821 3658 νοῦς
1880 3595 1931 3649 έν

279 3689 460 3758 ἑαυτῷ
504 3685 659 3753 εἶναι,
720 3687 809 3741 καὶ
866 3687 1003 3759 πρὸς
1059 3686 1243 3740 ἑαυτὸν
1305 3683 1548 3739 σπεύδειν
1584 3706 1594 3717 ·
1651 3684 1680 3738 ’ὁ
1737 3682 1826 3738 οῦν
1874 3681 1926 3738 ἐν

271 3777 456 3847 ἑαυτῷ
505 3773 637 3841 ἐστι,
667 3774 756 3829 καὶ
802 3771 969 3845 δηλοῖ
1016 3772 1325 3842 ἀθανασίαν,
1360 3772 1539 3827 στάσιν
1593 3767 1707 3847 ἔχει
1745 3790 1758 3804 ⁸
1791 3771 1928 3826 κατὰ

273 3866 381 3941 γὰρ
438 3865 501 3917 τὸ
554 3863 713 3932 εἶναι,
745 3863 775 3918 8
821 3863 959 3918 ἐστιν
1017 3863 1294 3925 ἁθανάτως
1343 3864 1500 3928 εἶναι,
1531 3862 1741 3916 ἑστάναι
1781 3867 1925 3916 νοεῖ-

275 3975 370 4008 ται
404 3972 419 3985 ⁸
470 3954 603 4006 κατὰ
653 3950 712 4006 δὲ
755 3953 818 4006 τὸ
860 3953 996 4028 πρὸς
1049 3951 1232 4006 ἑαυτὸν
1265 3948 1534 4018 σπεύδειν,
1565 3955 1789 4004 κινεῖται
1847 3952 1922 4022 μὴ

283 4042 625 4118 βουλόμενος
656 4039 962 4116 διαχεῖσθαι
992 4061 1110 4103 πως
1140 4038 1214 4101 εἷς
1242 4039 1336 4101 τὰς
1382 4037 1572 4109 ἔξωθεν
1628 4038 1792 4093 αὐτοῦ
1837 4037 1928 4092 καὶ

283 4128 602 4206 προσύλους
650 4131 887 4200 νοήσεις.
929 4129 1077 4183 Κατὰ
1135 4129 1229 4202 μὶν
1287 4126 1380 4182 οῦν
1425 4129 1488 4183 τὸ
1544 4126 1929 4198 ταυτοκίνητον

285 4219 398 4293 οὐχ
422 4215 676 4288 ἕστηκεν,
706 4214 852 4272 ἀλλὰ
889 4221 1134 4289 κινεῖται,
1166 4217 1302 4272 κατὰ
1351 4214 1408 4271 δέ
1458 4217 1554 4285 τὴν
1617 4215 1798 4270 οὐσίαν
1850 4215 1930 4270 ἀεὶ

284 4305 550 4368 ὡσαύτως
582 4303 813 4381 ἔχουσαν
856 4303 1060 4376 στᾶσιν,
1104 4304 1227 4361 ἀλλ’
1261 4305 1322 4360 ού
1361 4303 1568 4375 κίνησιν
1618 4301 1750 4381 ἔχει.
1784 4311 1938 4358 ’Ἐστι

283 4396 470 4452 τοίνυν
522 4395 614 4449 καὶ
670 4394 805 4449 κατὰ
864 4394 1018 4472 φύσιν
1070 4395 1278 4466 ὶκάστῳ
1332 4397 1440 4448 τῶν
1492 4398 1632 4448 νοῶν
1684 4394 1852 4468 ὁρμή,
1901 4394 1936 4461 ἡ

287 4486 432 4559 πρὸς
460 4484 590 4539 Θεὸν
623 4481 800 4559 ἔφεσις
848 4483 939 4538 καὶ
969 4485 1005 4553 ἢ
1037 4483 1159 4558 περὶ
1198 4482 1379 4550 αὐτὸν,
1411 4483 1484 4544 ὡς
1541 4482 1663 4557 περὶ
1723 4481 1940 4555 κέντρον

2038 3243 2403 3311 versabitur;
2436 3259 2548 3296 non
2583 3243 2736 3297 enim
2767 3243 3025 3297 secunda
3046 3243 3334 3298 uniuntur
3355 3246 3684 3314 praeceden-

2038 3332 2239 3395 tibus;
2272 3333 2365 3386 sed
2400 3331 2458 3385 id
2492 3331 2647 3402 quod
2680 3331 2766 3396 fit,
2801 3329 2992 3386 simile
3023 3335 3110 3386 est
3160 3331 3336 3386 alicui
3387 3333 3684 3404 tripudio;

2041 3438 2168 3494 quae
2199 3419 2353 3476 enim
2386 3425 2736 3492 generantur
2764 3419 2823 3473 in
2855 3421 3088 3491 proprio
3115 3421 3259 3490 loco,
3283 3437 3412 3476 esse
3432 3421 3686 3493 gestien-

2037 3509 2141 3578 tia,
2174 3514 2548 3582 generantem
2583 3508 3108 3580 circumspiciunt:
3144 3511 3301 3581 quod
3334 3526 3473 3582 ergo
3515 3509 3684 3565 intel-

2041 3597 2242 3653 lective
2264 3598 2332 3652 ad
2359 3613 2424 3652 ea
2447 3614 2575 3669 qua
2600 3597 2792 3668 ipsum
2821 3598 3177 3652 antecedunt
3196 3615 3540 3654 conversum
3567 3604 3681 3665 est,

2037 3687 2340 3742 circularis
2372 3686 2647 3740 motionis
2676 3685 3084 3756 cogitationem
3118 3686 3365 3742 inducit.
3391 3687 3678 3750 Quoniam

2035 3776 2216 3848 igitur
2247 3775 2400 3830 Deus
2430 3775 2650 3844 ubique
2679 3779 2786 3841 est,
2825 3790 2952 3844 quae
2989 3774 3348 3843 ubicumque
3377 3775 3571 3845 ipsum
3598 3790 3682 3830 se-
3785 3822 3787 3824 .

2036 3875 2201 3932 cutes,
2235 3880 2300 3918 eo
2331 3863 2484 3933 quod
2512 3861 2691 3916 velint
2721 3878 2954 3932 semper
2983 3861 3179 3932 ipsum
3221 3862 3567 3934 intelligere,
3618 3864 3676 3917 in

2034 3953 2142 4007 hoc
2170 3949 2488 4016 exsultant,
2521 3954 2578 4004 et
2606 3949 2825 4004 circum
2856 3949 3183 4021 tripudiant
3204 3951 3359 4006 sicut
3391 3951 3448 4005 in
3475 3953 3678 4007 conv-i-

2033 4041 2166 4106 vio;
2199 4038 2416 4093 dicitur
2445 4037 2643 4109 itaque
2675 4053 2841 4092 mens
2872 4037 2929 4091 in
2973 4037 3169 4108 seipsa
3217 4055 3368 4108 esse,
3400 4043 3457 4094 et
3486 4041 3555 4095 ad
3590 4055 3679 4096 se-

2036 4129 2226 4200 ipsam
2257 4126 2533 4182 festinare
2558 4143 2570 4180 :
2605 4127 2762 4197 quod
2791 4125 2976 4198 igitur
2995 4127 3055 4181 in
3079 4127 3272 4199 seipse
3295 4132 3404 4194 est,
3427 4132 3486 4185 et
3502 4127 3686 4200 signi-

2043 4218 2178 4274 ﬁcat
2192 4215 2692 4272 immortalitatem
2707 4219 2946 4279 ,statum
2973 4215 3147 4270 habet
3164 4236 3177 4284 ;
3194 4217 3516 4272 secundum
3532 4219 3688 4272 enim

2045 4322 2172 4362 esse
2202 4306 2357 4376 quod
2391 4309 2482 4360 est
2509 4303 2921 4360 immortaliter
2947 4320 3096 4369 esse,
3125 4309 3282 4360 stare
3308 4305 3694 4377 intelligitur;

2050 4394 2376 4450 secundum
2407 4397 2605 4448 autem
2656 4393 2726 4446 ad
2777 4393 3037 4464 seipsum
3087 4392 3385 4459 festinare,
3432 4398 3698 4448 movetur

2053 4482 2216 4538 nulla
2237 4482 2460 4537 ratione
2484 4480 2683 4537 volens
2702 4481 2950 4536 diffundi
2974 4482 3031 4536 in
3059 4498 3156 4536 eas
3176 4499 3302 4554 qua
3321 4487 3483 4537 extra
3505 4482 3701 4553 ipsum

287 4545 534 4638 κυκλική
567 4545 784 4644 χορεία,
816 4571 889 4631 ὡς
933 4572 968 4639 ἡ
994 4545 1517 4643 '105.x6xlouvuspi
1573 4545 1636 4624 10
1692 4545 1933 4640 mpsim),

2056 4576 2216 4638 sunt,
2249 4575 2308 4625 et
2338 4568 2671 4624 materiales
2701 4569 3149 4624 intellectiones.
3182 4545 3483 4634 Quatenus
3524 4545 3706 4642 igitur

289 4659 422 4728 ἤτοι
456 4659 699 4733 κέντρον,
733 4659 821 4734 ἄξεθ’
853 4659 914 4712 οὗ
944 4659 1166 4728 συνέστη
1203 4677 1216 4691 ⁸
1250 4656 1339 4712 καὶ
1377 4658 1478 4732 γὰρ
1526 4658 1614 4711 καὶ
1668 4656 1802 4712 κατὰ
1847 4678 1946 4732 φυ-

294 4751 459 4818 σικὴν
488 4746 727 4822 ἀνάγκην
757 4744 980 4802 ἕκαστον
1013 4751 1118 4801 τῶν
1151 4741 1320 4801 ὄντων
1346 4751 1445 4814 τὴν
1492 4746 1616 4821 περὶ
1669 4747 1758 4800 τὸν
1817 4747 1947 4802 Θεὸν

295 4838 519 4914 χορεύει
552 4837 800 4912 χορείαν,
833 4841 914 4909 τῷ
943 4837 1075 4892 εἶναι
1107 4835 1385 4915 ἐφιέμενον
1434 4839 1530 4890 τοῦ
1580 4839 1715 4890 εἶναι
1747 4837 1810 4890 ⁸³.
1845 4835 1952 4892 Οὕ-

292 4948 403 4988 τως
438 4924 532 4980 οῦν
561 4925 686 5000 περὶ
743 4929 852 4980 τῶν
909 4925 1124 4980 πάντων
1192 4923 1416 5000 βασιλέα
1471 4925 1644 4979 πάντα
1687 4924 1820 4992 ἐστὶ,
1863 4923 1955 4978 καὶ

298 5015 513 5070 ἐκείνου
541 5011 698 5069 ἓνεκα
751 5014 919 5069 πάντα
966 5013 1055 5068 καὶ
1107 5013 1280 5069 έκεῖνο
1330 5013 1578 5068 ἁπάντων
1628 5012 1812 5068 καλῶν
1868 5011 1957 5068 αἶ’-

302 5127 445 5160 τιον.
479 5105 547 5161 Ὀ
595 5101 652 5158 δὲ
703 5107 851 5159 εἶπεν
900 5103 1116 5178 ἀμέσως
1156 5105 1225 5159 τὰ
1253 5106 1443 5179 πρῶτα
1497 5103 1620 5179 περὶ
1684 5103 1812 5158 Θεὸν
1853 5122 1959 5178 χο-

299 5195 505 5271 ρεύειν,
540 5197 614 5257 ὡς
642 5197 718 5270 μὴ
749 5191 949 5272 ἔχοντά
973 5216 1024 5250 τι
1053 5196 1158 5270 πρὸ
1189 5194 1353 5251 αὐτοῦ
1385 5193 1573 5268 δηλοῖ,
1603 5192 1686 5249 ὅτι
1728 5194 1794 5249 τὰ
1841 5191 1961 5248 δεύ-

372 5378 392 5414 ¹
433 5378 549 5433 Isa.
585 5391 663 5444 γι,
693 5375 750 5430 2.

2058 4677 2161 4732 per
2191 4675 2252 4714 se
2286 4657 2522 4713 mobilis
2551 4661 2656 4725 est,
2689 4674 2802 4711 non
2837 4662 2978 4724 stat,
3009 4659 3109 4713 sed
3145 4663 3450 4728 movetur;
3495 4661 3704 4728 quate-

2062 4765 2172 4804 nus
2197 4753 2389 4802 autem
2414 4750 2504 4800 est
2528 4746 2783 4802 essentia
2808 4763 2929 4801 hem
2943 4763 3040 4818 per
3063 4748 3264 4802 eodem
3292 4748 3463 4801 modo
3505 4762 3566 4801 se
3598 4744 3706 4798 ha-

2062 4839 2228 4905 bens,
2258 4839 2500 4901 slatum,
2532 4851 2646 4889 non
2680 4850 2814 4889 vero
2850 4841 3096 4901 motum,
3131 4835 3324 4888 habet.
3373 4835 3476 4890 Est
3528 4833 3711 4906 igitur

2065 4931 2121 4982 et
2141 4924 2468 4981 secundum
2487 4927 2753 4978 naturam
2780 4923 3099 4995 unicuique
3121 4923 3407 4977 mentium
3431 4923 3709 4994 impetus,

2068 5015 2360 5088 cupiditas
2391 5030 2529 5086 erga
2583 5017 2760 5068 Deum
2805 5017 2862 5066 et
2909 5029 3046 5083 erga
3104 5012 3382 5081 seipsam,
3433 5018 3715 5081 tanquam

2069 5105 2222 5160 circa
2254 5108 2519 5159 centrum
2565 5101 2848 5157 circulare
2894 5099 3243 5171 tripudium,
3293 5099 3465 5154 sicuti
3514 5099 3720 5156 circuli

2071 5195 2222 5249 circa
2253 5197 2533 5264 punctum
2569 5207 2671 5246 seu
2703 5193 2970 5244 centrum
3021 5204 3090 5242 ex
3137 5203 3254 5258 quo
3301 5189 3599 5260 constitit;
3631 5193 3720 5245 et-

1324 5524 1566 5582 VARL‘E
1602 5521 1994 5582 LECTIONES
2033 5522 2125 5580 ET
2164 5516 2723 5578 CORRECTIONES.

382 5675 434 5711 ἰ
464 5668 656 5728 αῦτοῦ.
733 5670 778 5706 ⁸²
805 5665 1005 5728 αἰτίου.

649 5801 912 5860 ΡΑτιιοι..
957 5796 1057 5859 ιν.
