4042 6210
330 352 402 406 75
1169 343 1535 396 APPENDIX
1576 343 1672 396 AD
1709 339 1949 394 OPERA
1988 338 2045 390 S.
2087 336 2400 392 DIONYSII
2438 330 2940 395 AREOPAGITE.
3669 341 3747 394 76

332 474 491 532 enim
547 470 727 529 etiam
785 465 1112 524 secundum
1171 462 1500 521 naturalem
1560 461 1971 520 necessitatem

2103 475 2212 531 τερα
2254 458 2344 511 καὶ
2390 459 2458 514 τὰ
2510 461 2693 531 τρίτα,
2720 457 2965 515 τουτέστι
3012 456 3079 512 τὰ
3126 456 3378 529 αἲσθητὶ,
3421 458 3512 515 διὰ
3563 462 3747 534 μὲσων

335 560 806 634 unumquodque
853 554 1081 611 entium
1113 552 1488 609 saltationem
1538 569 1666 624 quas
1717 552 1783 605 ﬁt
1831 548 1985 603 circa

339 656 521 709 Deum
552 648 731 705 saltat
759 645 887 716 ipso
919 658 1048 698 esse
1069 640 1314 713 cupiens
1337 657 1496 696 esse:
1523 640 1606 696 sic
1628 640 1808 711 igitur
1831 636 1987 693 circa

2091 549 2201 600 τῶν
2248 548 2354 620 πρὸ
2404 546 2579 604 αὐτῶν
2620 548 2745 625 περὶ
2774 549 2867 605 τὸν
2908 548 3059 619 Θεὸν,
3092 548 3165 611 ὡς
3198 544 3430 622 εἴρηται,
3460 548 3755 628 ἀναλόγως

2095 635 2335 709 χορεύει.

338 755 535 813 regem
562 734 828 794 omnium
860 734 1000 788 sunt
1031 730 1324 798 universa,
1354 733 1412 784 et
1436 728 1595 784 illius
1626 743 1803 783 causa
1831 723 2030 781 omnia
2057 728 2127 813 et
2147 724 2247 781 ille
2275 728 2567 785 bonorum
2598 728 2865 785 omnium
2899 732 3120 784 auctor.
3154 729 3319 793 Quod
3352 733 3547 785 autem
3574 730 3755 812 dixit,

339 812 679 886 immediate
708 822 931 895 primos
960 820 1113 876 circa
1148 821 1327 874 Deum
1360 818 1706 890 tripudiare,
1736 820 2022 886 tanquam
2051 812 2201 868 nihil
2249 821 2388 873 ante
2435 834 2495 873 se
2544 817 2843 885 habentia,
2894 817 3153 874 declarat
3195 819 3350 889 quod
3404 820 3661 875 secunda
3693 827 3757 876 et

342 917 538 984 tertia,
561 914 673 970 hoc
703 916 789 969 est
817 907 1264 974 sensibilia,28
1294 922 1398 979 per
1421 908 1615 963 media
1648 900 2039 979 praecedentia
2067 902 2223 959 circa
2247 905 2457 977 Deum,
2485 906 2636 961 sicut
2666 906 2891 962 dictum
2923 910 3033 976 est,
3060 923 3163 978 pro
3196 910 3373 978 captu
3396 906 3762 978 tripudiant.

416 1004 782 1062 lntellectilia.
816 999 1051 1071 Species
1082 997 1320 1069 quidem
1352 1002 1408 1052 et
1438 996 1821 1068 proprietates
1846 995 1988 1048 sunt

345 1091 821 1153 exsistentiarum
861 1086 1314 1142 distinctarum:
1367 1085 1425 1140 in
1476 1083 1737 1154 corporis
1789 1083 1984 1136 autem

345 1182 687 1257 privatione,
718 1181 776 1234 et
804 1175 943 1247 quia
973 1172 1384 1240 immateriala,
1410 1172 1535 1228 loco
1562 1188 1677 1227 non
1701 1168 1984 1240 indigent,

342 1276 410 1328 ut
437 1271 780 1341 separentur
807 1264 962 1320 sicut
990 1278 1234 1333 corpora
1263 1260 1496 1328 omnia;
1531 1260 1631 1314 ubi
1661 1258 1818 1314 enim
1860 1272 1985 1311 cor-

341 1377 454 1433 pus
481 1364 590 1428 est,
620 1354 703 1412 ibi
734 1368 967 1426 quoque
994 1350 1161 1407 locus
1191 1353 1301 1418 est,
1347 1349 1448 1421 qui
1497 1347 1624 1405 sine
1671 1345 1989 1403 certamine

340 1464 584 1521 corpora
610 1447 997 1516 suscepturus
1025 1444 1134 1497 est.

414 1538 581 1606 Quasi
607 1550 738 1592 vox.
778 1533 910 1587 Haac
942 1533 1083 1587 sunt
1112 1526 1453 1585 Ezechielis.

411 1629 485 1682 De
513 1639 612 1681 suo
642 1624 776 1679 loco.
818 1619 1121 1685 Quomodo
1162 1621 1391 1689 oportet
1419 1615 1748 1689 intelligere
1794 1614 1987 1671 locum
2018 1629 2068 1696 Β

343 1716 404 1772 in
438 1717 571 1781 Deo,
606 1711 914 1782 Scriptura
959 1706 1177 1779 ubique
1235 1705 1462 1762 dicente
1511 1703 1990 1775 incircumscrip-

340 1810 463 1861 tam
495 1816 623 1859 esse
655 1799 1049 1864 Divinitatem,
1072 1800 1159 1852 et:
1187 1795 1390 1851 Cretum
1408 1794 1555 1851 sedes
1573 1795 1866 1864 ejus,terra
1884 1808 1990 1847 au-

343 1898 455 1949 tem
482 1890 783 1947 scabellum
808 1889 1011 1959 pedum
1040 1885 1157 1956 ejus
1198 1883 1323 1954 (u);
1368 1886 1424 1939 et
1480 1899 1728 1938 rursus:
1788 1881 1993 1937 Statuit

342 1981 516 2036 valles
571 1981 800 2042 statera,
831 1982 882 2030 et
910 1988 1126 2029 omnem
1172 1975 1377 2026 terram
1413 1972 1621 2042 pugillo
1652 1970 1766 2041 (v);
1814 1974 1990 2040 atque

344 2071 557 2125 iterum
584 2083 598 2123 :
631 2066 693 2122 Si
720 2063 1006 2120 escendero
1036 2064 1096 2116 in
1133 2061 1349 2130 caelum,
1378 2064 1440 2115 tu
1463 2060 1584 2115 illic
1611 2075 1665 2115 es
1690 2077 1705 2128 ;
1738 2060 1787 2113 si
1806 2061 1991 2114 autem

342 2156 668 2214 descendero
709 2157 772 2208 in
816 2154 1121 2222 infernum,
1181 2148 1311 2204 ades
1369 2148 1472 2220 (ω).
1535 2146 1779 2213 Qualem
1810 2147 1990 2218 igitur

342 2243 604 2301 Ezechiel
635 2239 983 2313 excogitavit
1013 2242 1127 2293 Deo
1174 2236 1419 2293 locum?
1469 2236 1758 2304 Dicimus,
1807 2236 1986 2307 quod,

342 2350 471 2405 qua
508 2332 783 2388 videntur
810 2328 983 2383 nobis
1013 2327 1285 2395 obscura,
1316 2325 1469 2380 Deus
1501 2324 1596 2392 iis,
1644 2324 1744 2395 qui
1793 2323 1989 2393 ipsum

341 2427 463 2477 toto
492 2420 719 2491 impetu
748 2415 1074 2485 inquirunt,
1107 2412 1401 2480 illustret;
1438 2412 1579 2468 dicit
1606 2412 1763 2467 enim
1795 2411 1993 2467 divina

342 2509 651 2581 Scriptura
676 2522 689 2562 :
725 2505 785 2562 Si
818 2507 1106 2576 praicepta
1135 2518 1268 2558 mea
1297 2501 1591 2557 custodiat
1621 2500 1858 2572 aliquis,
1884 2516 1990 2572 ego

344 2602 404 2654 et
431 2598 600 2653 Pater
624 2596 929 2661 veniemus,
960 2596 1014 2647 et
1051 2593 1399 2646 mansionem
1447 2589 1597 2661 apud
1644 2606 1769 2645 eum
1814 2590 1991 2659 facie-

347 2702 471 2742 mus
499 2684 618 2757 (y);
655 2683 855 2753 itaque
907 2680 1085 2751 igitur
1112 2684 1169 2734 et
1197 2678 1598 2750 intelligibiles
1644 2679 1904 2745 virtutes,
1936 2683 1993 2732 et

351 2778 686 2831 sanctorum
709 2777 883 2842 atque
903 2767 1165 2824 omnium
1185 2770 1472 2839 precepts
1488 2766 1844 2821 servantium
1866 2765 1992 2820 ani-

351 2880 482 2931 mas,
515 2860 725 2917 merito
755 2857 949 2913 vocari
982 2856 1279 2928 potuerint
1306 2855 1405 2911 Dei
1435 2854 1600 2910 locus
1625 2858 1683 2908 et
1726 2854 1990 2925 requies:

344 2950 563 3008 etenim
594 2947 736 3005 alibi
766 2946 911 3001 dicit
937 2960 952 3000 :
987 2943 1265 3015 Requievil
1294 2942 1540 3014 Spiritus
1560 2958 1711 2999 meus
1742 2945 1803 2998 in
1832 2944 1986 3015 ipsis.

420 3129 483 3184 In
512 3126 606 3194 iis,
635 3139 761 3199 quae
789 3124 855 3180 de
882 3123 1087 3179 divinis
1114 3122 1354 3194 hymnis.
1388 3121 1553 3190 Nota,
1586 3119 1769 3175 alium
1810 3120 1989 3177 etiam

344 3217 586 3274 librum.
619 3215 695 3270 De
721 3213 935 3269 divinis
961 3211 1182 3282 hymnis
1209 3212 1283 3266 ab
1315 3209 1444 3282 ipso
1475 3208 1862 3266 elaboratum.

406 3396 609 3453 Divina
638 3394 781 3449 loca.
814 3389 1097 3457 Quisnam
1131 3389 1230 3444 Dei
1264 3388 1450 3444 locus.

403 3486 530 3541 Loci
559 3483 756 3539 divini.
791 3479 1134 3551 Scriptura:
1169 3477 1396 3545 Qualem
1429 3475 1653 3531 domum
1679 3477 1827 3533 mihi
1841 3479 1988 3535 8di-

344 3573 601 3646 ﬁcabitis,
631 3570 763 3625 dicit
793 3568 1073 3633 Dominus,
1127 3569 1225 3620 aut
1271 3566 1393 3636 quis
1442 3565 1590 3619 locus
1633 3568 1990 3635 requietionis

333 3678 471 3719 mea:
491 3661 586 3733 (κο),
618 3657 896 3723 declarat,
930 3672 1045 3711 non
1077 3654 1193 3710 dici
1217 3655 1287 3709 de
1313 3653 1515 3709 sensili
1542 3653 1759 3725 aliquo,
1784 3670 1986 3711 verum

337 3753 409 3809 de
426 3749 643 3807 divinis
663 3747 755 3804 bis
780 3746 1074 3803 mentibus
1100 3770 1115 3813 ;
1135 3749 1238 3801 aut
1258 3745 1433 3801 etiam
1460 3745 1565 3801 hoc
1587 3746 1760 3801 modo
1777 3762 1790 3801 :
1805 3745 1990 3802 voluit

342 3846 494 3897 Deus
552 3837 886 3910 signiﬁcare
942 3834 1200 3891 divinam
1260 3838 1532 3890 naturam
1583 3833 1987 3904 circumscribi

343 3946 459 3985 non
492 3944 687 4000 posse.
722 3927 789 3981 Et
818 3924 1018 3980 aliter:
1066 3939 1255 3994 neque
1307 3924 1366 3978 in
1418 3923 1565 3995 ipsis
1613 3922 1986 3980 audientibus

344 4017 460 4072 Deo
490 4015 684 4070 locum
716 4011 1100 4082 requietionis
1133 4011 1316 4068 fuisse
1345 4014 1584 4084 propter
1604 4011 1986 4068 incredulita-

340 4108 460 4159 tem
490 4101 779 4172 ipsorum,
813 4100 968 4154 sicut
998 4099 1079 4153 ait
1109 4099 1169 4153 in
1198 4099 1525 4171 Evsngeliis
1548 4100 1828 4156 Dominus
1854 4117 1866 4156 :
1895 4103 1987 4157 Fi-

342 4190 457 4248 lius
496 4192 680 4246 autem
709 4186 952 4243 hominis
980 4202 1091 4243 non
1124 4186 1285 4242 habet
1317 4187 1415 4241 ubi
1442 4191 1605 4259 caput
1631 4188 1860 4245 reclinet
1886 4188 1985 4260 (a).

2167 991 2241 1046 Τὰ
2269 992 2457 1063 νοητά.
2493 993 2586 1067 [Τὰ
2614 995 2807 1065 νοητὰ]
2839 991 2957 1063 εἷ’ὃη
3018 994 3113 1065 μὶν
3166 992 3267 1048 εἶσὶ
3326 993 3418 1048 καὶ
3472 991 3754 1065 ἰδιότητες

2098 1077 2373 1152 ὑπάρξεων
2424 1078 2851 1155 διακεκριμένων
2885 1102 2898 1115 υ
2945 1080 2996 1137 ἐν
3058 1080 3115 1137 δὶ
3165 1086 3235 1157 τῇ
3294 1082 3598 1155 ἀσωματίᾳ,
3658 1082 3755 1137 καὶ

2099 1168 2175 1239 μὴ
2233 1170 2405 1223 τόπου
2456 1167 2662 1234 δεῖσθαι
2711 1171 2779 1225 τὰ
2822 1168 2983 1243 itala,
3011 1168 3104 1224 ἵνα
3152 1175 3524 1245 χωρισθῶσιν,
3559 1172 3634 1232 ὡς
3685 1172 3761 1225 τὰ

2098 1255 2326 1328 σώματα
2372 1259 2546 1313 πάντα
2577 1277 2589 1291 ·
2624 1257 2762 1313 ὅπου
2807 1260 2909 1335 γὰρ
2955 1261 3115 1334 σῶμα
3142 1260 3229 1314 καὶ
3262 1260 3430 1324 τόπος
3460 1260 3489 1314 6
3525 1258 3754 1333 μέλλων

2098 1351 2301 1420 χωρεῖν
2335 1346 2572 1423 ἀμάχως
2599 1347 2667 1403 τὰ
2695 1349 2944 1421 σώματα.

2167 1528 2253 1586 Ὠς
2284 1528 2437 1601 φωνή
2451 1567 2464 1581 .
2494 1529 2669 1581 Ταῦτα
2694 1530 2792 1581 τοῦ
2824 1526 3111 1596 Ἰεζεκιήλ.

2170 1613 2264 1669 Ἐκ
2317 1612 2414 1667 τοῦ
2486 1613 2658 1669 τόπου
2735 1614 2922 1672 αὐτοῦ.
2978 1618 3101 1677 Πῶς
3159 1615 3272 1689 χρὴ
3336 1622 3531 1685 νοῆσαι
3580 1617 3757 1671 τόπον

2099 1700 2187 1756 ἐπὶ
2232 1705 2387 1773 Θεοῦ,
2429 1708 2530 1772 τῆς
2585 1708 2805 1777 Γραφῆς
2855 1705 3172 1778 ἁπανταχοῦ
3219 1703 3510 1780 λεγούσης,
3560 1705 3759 1781 ἀπερι-

2099 1789 2314 1863 όριστον
2342 1792 2564 1846 εἶναιτὸ
2603 1797 2777 1861 Θεῖον,
2810 1793 2903 1846 καὶ
2948 1792 3011 1847 τό
3048 1813 3060 1825 ο
3114 1791 3359 1868 Οὐρανὺς
3404 1794 3595 1869 θρόνος
3650 1794 3755 1848 αὗ-

2096 1882 2216 1951 τοῦ,
2274 1882 2309 1949 ἡ
2369 1877 2426 1934 δὲ
2496 1887 2568 1955 γῆ
2630 1878 2932 1936 ὑποπόδιον
2985 1885 3092 1937 τῶν
3143 1880 3327 1937 ποδῶν
3386 1884 3598 1938 αὐτοῦ’
3660 1883 3754 1937 καὶ

2097 1967 2263 2022 πάλιν
2293 1985 2307 2001 ⁸
2360 1971 2595 2039 Ἔστηκε
2666 1971 2763 2032 τὰς
2839 1971 3010 2033 νάπας
3092 1976 3256 2046 ζυγῷ,
3314 1971 3405 2026 καὶ
3482 1972 3580 2040 τὴν
3644 1974 3753 2045 γῆν

2100 2054 2256 2133 δρακί
2286 2075 2299 2089 ο
2358 2057 2448 2111 καὶ
2509 2054 2659 2122 αὖθις
2693 2076 2705 2090 ⁸
2742 2058 2864 2116 Ἐὰν
2922 2063 3172 2133 πορευθῶ
3220 2059 3297 2122 εἷς
3349 2061 3439 2114 τὸν
3499 2060 3752 2134 οὐρανὸν,

2099 2144 2162 2199 σὺ
2220 2143 2332 2200 ἐκεῖ
2362 2164 2375 2178 ’
2437 2145 2523 2200 ἰὰν
2585 2144 2643 2202 δὲ
2696 2143 2918 2203 καταϐῶ
2993 2147 3067 2211 εἷς
3146 2148 3238 2203 τὸν
3314 2144 3441 2218 ᾅδην
3479 2193 3493 2219 ,
3548 2151 3709 2224 πάρει
3738 2190 3752 2205 .

2100 2239 2266 2288 ΙΙοῖον
2299 2232 2388 2288 οὖν
2419 2235 2447 2289 6
2480 2236 2741 2304 Ἰεσεκιὴλ
2776 2236 3033 2307 ἐπενόησε
3088 2240 3169 2308 τῷ
3201 2240 3315 2309 Θεῷ
3344 2237 3511 2292 τόπον
3539 2257 3553 2306 ;
3591 2242 3759 2311 Λέγο-

2105 2342 2219 2395 μεν,
2251 2320 2334 2376 ὅτι
2363 2323 2431 2378 τὰ
2460 2321 2726 2380 δοκοῦντα
2755 2327 2891 2396 ἡμῖν
2920 2322 3098 2401 ἄπορα
3130 2327 3158 2381 6
3188 2326 3317 2388 Θεὸς
3348 2332 3465 2388 τοῖς
3515 2326 3567 2397 ἐξ
3614 2326 3756 2396 ὅλης

2098 2411 2257 2466 αὐτὸν
2317 2410 2639 2483 ἐπιζητοῦσι
2699 2415 2965 2484 κινήσεως
3023 2412 3245 2490 φωτίζει
3280 2432 3293 2447 ⁸
3356 2413 3500 2490 λέγει
3555 2416 3657 2491 γὰρ
3713 2418 3750 2485 ἠ

2102 2498 2216 2553 Θεία
2246 2502 2430 2577 Γραφή
2468 2521 2480 2534 ”
2516 2500 2640 2558 Ἐὰν
2670 2502 2765 2564 τὰς
2798 2500 3024 2564 ἐντολάς
3074 2523 3181 2575 μου
3213 2499 3456 2579 φυλάττῃ
3506 2524 3611 2572 τις,
3641 2502 3754 2577 εγὼ

2100 2588 2189 2641 καὶ
2248 2589 2275 2643 6
2333 2588 2519 2664 Πατήρ
2599 2587 2951 2662 ἐλευσόμεθα,
3012 2590 3101 2644 καὶ
3184 2591 3357 2662 μονὴν
3422 2593 3551 2665 παρ’
3601 2592 3755 2664 αὖτῷ

2100 2677 2463 2749 ποιησόμεθα.
2496 2680 2656 2733 ’Ὡστε
2711 2676 2801 2733 οὖν
2856 2677 2944 2733 καὶ
2988 2680 3042 2733 αἱ
3082 2680 3275 2750 νοηταὶ
3337 2678 3610 2752 δυνάμεις,
3660 2678 3754 2735 καὶ

2103 2765 2156 2818 αἱ
2202 2770 2310 2821 τῶν
2360 2764 2523 2842 ἁγίων
2574 2768 2770 2841 ψυχαὶ,
2802 2767 2892 2822 καὶ
2942 2769 3157 2822 πάντων
3203 2773 3310 2823 τῶν
3361 2767 3751 2841 φυλασσόντων

2098 2852 2195 2915 τὰς
2253 2852 2695 2925 ἐντολὰς,τόπος
2754 2856 3008 2926 κληθεῖεν
3060 2854 3122 2911 ἂν
3177 2856 3399 2920 εἰκότως
3456 2863 3553 2912 τοῦ
3615 2862 3751 2913 Θεοῦ

2101 2941 2191 2996 καὶ
2247 2941 2542 3006 ἀνάπαυσις
2575 2962 2588 2974 °
2636 2943 2725 2999 καὶ
2787 2944 3043 3020 ἀλλαχοῦ
3093 2946 3198 3021 γάρ
3255 2961 3417 3025 φησιν
3453 2967 3466 2980 ·
3519 2948 3749 3003 Ἐπαναο

2102 3031 2368 3086 πέπαυται
2397 3034 2459 3087 τὸ
2492 3034 2708 3107 Πνεῦμά
2741 3054 2848 3108 μου
2879 3034 2959 3090 ἐπ’
2998 3034 3213 3099 αὐτούς.

2169 3125 2259 3174 ’Ev
2306 3126 2421 3183 τοῖς
2468 3122 2591 3197 περὶ
2638 3127 2743 3178 τῶν
2819 3123 2973 3187 θείων
3028 3124 3231 3198 ὕμνων.
3283 3124 3603 3196 Σημείωσαι
3664 3124 3748 3179 ὅτι

2098 3208 2186 3262 καὶ
2217 3206 2359 3265 ἄλλο
2408 3210 2687 3284 σύνταγμα
2729 3212 2881 3285 αὐτῷ
2934 3214 3063 3289 Περὶ
3124 3212 3281 3277 θείων
3332 3212 3518 3286 ὕμνων
3569 3214 3748 3267 πεπό-

2097 3317 2282 3367 νηται.

2169 3388 2237 3445 Οἱ
2268 3389 2404 3443 θεῖοι
2431 3388 2613 3446 τόποι.
2644 3389 2734 3454 Τίς
2764 3391 2792 3444 6
2818 3394 2916 3445 τοῦ
2946 3395 3078 3446 Θεοῦ
3107 3391 3297 3455 τόπος.

2167 3478 2334 3531 Τόποι
2391 3484 2491 3547 τῆς
2549 3480 2871 3553 θεαρχικῆς.
2930 3480 3001 3533 Τὸ
3058 3479 3346 3555 εἰρημένον
3378 3498 3391 3513 ⁸
3437 3486 3600 3535 Ποῖον
3655 3484 3747 3536 οἷ-

2095 3585 2189 3620 κον
2249 3562 2643 3639 οἰκοδομήσετέ
2703 3588 2819 3640 μοι,
2880 3565 3026 3641 λέγει
3079 3570 3300 3641 Κύριος,
3352 3568 3388 3636 ἢ
3447 3568 3531 3627 τίς
3577 3568 3749 3634 τόπος

2094 3660 2195 3723 τῆς
2249 3654 2633 3716 καταπαύσεώς
2690 3676 2815 3727 μου,
2849 3653 3017 3726 δηλοῖ
3077 3656 3152 3729 μὴ
3213 3655 3457 3730 λέγεσθαι
3502 3660 3628 3731 περὶ
3659 3658 3746 3713 al-

2099 3747 2299 3813 σθητοῦ
2328 3764 2497 3815 τινος,
2531 3742 2678 3799 ἀλλὰ
2706 3744 2830 3819 περὶ
2876 3748 2984 3799 τῶν
3030 3744 3183 3808 θείων
3230 3744 3436 3799 τούτων
3485 3750 3621 3800 νοῶν
3660 3764 3672 3778 ·
3706 3748 3743 3816 ἢ

2097 3833 2183 3887 καὶ
2232 3830 2402 3893 οὕτως
2439 3850 2451 3863 '
2501 3827 2790 3903 ἠϐουλήθη
2840 3833 2868 3886 6
2917 3833 3048 3895 Θεὸς
3109 3838 3371 3905 σημᾶναι,
3417 3832 3499 3887 δτι
3557 3833 3751 3909 ἀπερί-

2098 3940 2337 3995 γραπτον
2380 3921 2442 3975 τὸ
2493 3926 2669 3976 Θεῖον.
2702 3921 2802 3975 Καὶ
2848 3919 3034 3983 ἄλλως
3071 3942 3084 3958 ·
3136 3921 3219 3976 ὅτι
3280 3921 3331 3976 ἐν
3390 3921 3573 3984 αὐτοῖς
3630 3929 3750 3985 τοῖς

2099 4009 2383 4064 ἀκούουσιν
2445 4008 2544 4063 οὐκ
2596 4010 2663 4078 ἦν
2710 4013 2792 4081 τῷ
2839 4014 2957 4081 Θεῷ
3003 4010 3173 4075 τόπος
3218 4009 3603 4072 καταπαύσεως
3661 4009 3756 4065 διὰ

2096 4098 2197 4166 τὴν
2244 4096 2494 4152 ἀπιστίαν
2548 4097 2750 4168 αὐτῶν,
2783 4096 2860 4159 ὥς
2908 4119 3069 4175 φησιν
3102 4097 3152 4154 ἐν
3192 4096 3550 4175 Εὖαγγελίοις
3581 4100 3609 4153 6
3640 4100 3754 4154 K6-

2098 4203 2258 4260 ριος’
2308 4186 2369 4242 Ὁ
2420 4183 2479 4240 δὲ
2520 4185 2640 4247 υἱὸς
2686 4190 2782 4240 τοῦ
2835 4185 3125 4260 ἀνθρώπου
3177 4187 3277 4243 οὐκ
3319 4184 3435 4262 ἔχει
3491 4192 3598 4243 ποῦ
3645 4189 3749 4255 τὴν

2095 4272 2337 4352 κεφαλὴν
2366 4272 2561 4330 κλίνει.

412 4367 603 4426 Unitas
631 4369 729 4421 est.
764 4363 887 4421 Non
918 4365 1175 4433 tantum,
1206 4361 1422 4435 inquit,
1445 4367 1534 4419 ter
1555 4368 1795 4421 sanctus
1819 4365 1986 4437 hym-

2170 4364 2350 4426 Μονάς
2395 4362 2529 4419 ἐστι.
2570 4362 2644 4418 Οὐ
2700 4365 2889 4436 μόνον,
2940 4364 3128 4440 φησὶν,
3174 4366 3202 4419 6
3252 4367 3533 4441 τρισάγιος
3580 4363 3754 4438 ὕμνος

335 4474 449 4513 nus
475 4454 751 4522 declarat,
785 4456 963 4523 atque
991 4467 1104 4506 vox
1145 4467 1214 4507 ex
1264 4450 1390 4507 loco
1445 4450 1573 4524 ipso
1624 4456 1806 4508 Deum
1855 4470 1989 4511 cum

333 4545 521 4621 gloria
550 4541 899 4616 praedicans,
930 4540 1356 4596 communicari
1386 4540 1562 4597 etiam
1594 4541 1877 4613 subjectis
1902 4560 1991 4599 or-

341 4634 581 4692 dinibus
623 4642 976 4703 cognoscere
1034 4632 1091 4684 et
1136 4628 1454 4685 decantare
1500 4628 1725 4699 Deum;
1786 4647 1986 4688 verum

342 4724 520 4783 etiam
551 4720 773 4792 aliquid
806 4717 966 4775 aliud
1000 4721 1208 4790 praeter
1234 4717 1359 4773 haec
1392 4718 1707 4789 significat.
1736 4719 1855 4775 Hoc
1884 4737 1987 4776 au-

340 4819 461 4871 tem
493 4811 754 4869 declarat
782 4807 1073 4865 sententia
1103 4806 1338 4862 dicens:
1391 4807 1665 4878 equidem
1699 4808 1986 4865 unitatem

343 4907 400 4959 et
430 4902 739 4959 monadem
788 4896 967 4953 trium
1017 4893 1537 4951 subsistentiarum
1587 4896 1685 4951 29
1737 4896 1986 4953 dicimus

343 5006 472 5047 esse
506 4990 713 5055 Deum,
739 4991 798 5044 et
830 4984 1108 5042 omnibus
1145 4983 1469 5055 providere,
1493 5000 1526 5037 a
1550 4984 1757 5054 primis
1789 4986 1860 5040 ad
1886 5002 1984 5041 ex-

341 5083 532 5134 trema
560 5083 723 5133 terra:
750 5072 1339 5146 comprehendentem
1365 5071 1638 5127 universa
1664 5071 1987 5144 incompre-

338 5167 725 5233 hensibiliter,
756 5165 867 5222 hoc
895 5168 983 5221 est
1012 5180 1129 5220 non
1161 5177 1457 5235 corporea,
1489 5163 1589 5218 sed
1622 5162 1819 5219 divina
1848 5181 1983 5236 pro-

334 5254 592 5312 videntia
620 5252 1198 5325 superessentialiter
1226 5252 1651 5308 continentem.
1685 5252 1845 5316 Quod
1880 5270 1982 5309 au-

332 5350 451 5401 tem
483 5342 560 5398 sit
588 5341 786 5396 unitas
817 5346 873 5396 et
905 5358 1134 5412 monas,
1160 5341 1337 5397 etiam
1371 5340 1654 5414 Evagrius
1678 5341 1899 5414 impius
1922 5342 1980 5398 in

2098 4449 2287 4523 δηλοῖ,
2318 4451 2408 4507 καὶ
2440 4454 2475 4521 ἡ
2508 4452 2568 4508 ἐκ
2592 4457 2689 4509 τοῦ
2716 4452 2889 4507 τόπου
2920 4453 3090 4507 αὐτοῦ
3118 4454 3210 4508 τὸν
3244 4454 3371 4510 Θεὸν
3416 4451 3751 4529 δοξολογοῦο

2098 4561 2164 4594 σα
2211 4541 2387 4617 φωνή,
2418 4542 2481 4595 τὸ
2536 4538 2919 4615 μεταδεδόσθαι
2975 4542 3065 4597 καὶ
3122 4547 3242 4606 ταῖς
3291 4542 3605 4620 ὑφειμέναις
3651 4546 3751 4597 τά·

2098 4629 2205 4699 ξεσι
2247 4630 2535 4703 γινώσκειν
2589 4630 2679 4684 καὶ
2725 4631 2909 4703 ὑμνεῖν
2954 4631 3046 4685 τὸν
3098 4630 3251 4699 Θεὸν,
3288 4629 3435 4686 ἀλλὰ
3484 4630 3575 4685 καὶ
3631 4628 3752 4687 ἓτε-

2098 4718 2190 4790 ρόν
2212 4737 2263 4772 τι
2292 4717 2546 4791 σημαίνει
2576 4720 2714 4792 πρὸς
2743 4720 2961 4782 τούτοις
2993 4737 3006 4750 ·
3040 4722 3204 4773 τοῦτο
3238 4717 3295 4774 δὲ
3327 4716 3497 4790 δηλοῖ
3536 4720 3600 4774 τὸ
3647 4719 3751 4795 ῥη-

2092 4807 2186 4861 τὸν
2214 4807 2276 4861 τὸ
2309 4804 2465 4882 λέγον
2498 4825 2510 4839 ⁸
2542 4806 2632 4861 καὶ
2670 4808 2776 4878 μὴν
2828 4805 2917 4861 καὶ
2967 4804 3123 4862 ὲνάδα
3175 4808 3262 4862 καὶ
3332 4805 3539 4880 μονάδα
3593 4827 3750 4880 τρισ-

2094 4895 2392 4950 υπόστατον
2446 4894 2677 4971 λέγομεν
2745 4897 2877 4950 εἶναι
2953 4896 3043 4950 τὸν
3125 4896 3276 4967 Θεὸν,
3332 4898 3424 4951 καὶ
3491 4902 3746 4971 προνοεῖν

2095 4983 2367 5056 ἀπάντων,
2400 4985 2506 5039 ἀπὸ
2551 4990 2659 5040 τῶν
2712 4985 2945 5057 πρώτων
2994 4984 3081 5039 καὶ
3119 4986 3283 5059 μὲγρι
3340 4989 3448 5039 τῶν
3505 4983 3750 5058 ἐσχάτων

2092 5080 2190 5143 τῆς
2238 5080 2341 5149 γῆς
2388 5070 2890 5148 περιδεδραγμὲνον
2937 5074 3187 5127 ἁπάντων
3260 5073 3534 5147 ἀσχέτως,
3581 5094 3745 5127 τουτ-

2092 5162 2232 5217 εστιν
2282 5161 2342 5215 οὐ
2391 5164 2679 5235 σωματικῇ
2731 5159 3051 5234 κατᾶχοντα,
3101 5158 3248 5215 ἀλλὰ
3298 5164 3453 5234 θεϊκῇ
3510 5159 3746 5234 προνοίᾳ

2093 5249 2450 5323 ὁπερουσίῳς.
2481 5252 2597 5303 ’Ὀτι
2645 5246 2701 5303 δά
2752 5248 2892 5305 ἐστιν
2952 5249 3073 5310 ὲνὰς
3123 5249 3209 5302 καὶ
3271 5248 3461 5321 μονὰς,
3491 5249 3581 5302 καὶ
3631 5247 3742 5302 Εὐ-

2091 5341 2275 5415 ἀγριος
2306 5340 2334 5392 6
2366 5337 2581 5400 ἀνόσιος
2614 5336 2665 5391 ἐν
2705 5341 2774 5410 τῇ
2820 5334 3042 5412 δευτέρᾳ
3087 5334 3403 5392 ὶκατοντάδι
3458 5334 3744 5412 κεφαλαίῳ

327 5431 587 5491 secunda
617 5428 883 5484 centuria
930 5428 1121 5500 capite
1152 5430 1345 5499 tertio,
1397 5429 1506 5486 hoc
1558 5429 1737 5486 dicit:
1790 5432 1982 5503 «Ipse

2103 5427 2255 5502 τρίτῳ
2286 5425 2416 5501 φησί
2446 5430 2633 5480 τοῦτο’
2655 5450 2683 5476 ‹‹
2718 5424 2897 5488 Αὐτός
2928 5424 3037 5480 ἐστι
3073 5423 3471 5499 μονὰς,ὲπείδὴ
3504 5426 3566 5480 τὸ
3588 5429 3741 5480 Θεῖον

395 5576 476 5647 (u)
507 5577 617 5631 Isa.
652 5587 797 5647 Lavi,
832 5572 879 5625 1.
956 5570 1032 5640 (υ)
1061 5572 1173 5627 Isa.
1209 5589 1300 5643 ιι,
1336 5575 1421 5631 12.
1499 5575 1581 5647 (x)
1611 5574 1763 5631 Psal.
1799 5591 2066 5647 cxxxvru,
2096 5575 2146 5630 8.

322 5643 409 5721 (α)
436 5643 567 5703 Luc.
599 5661 677 5711 ix,
707 5643 796 5700 58.

2227 5572 2304 5644 (9)
2328 5572 2495 5629 ιῖοειιι·
2530 5587 2645 5639 XIV.
2673 5569 2765 5626 23-
2807 5572 3025 5643 (1018a.
3075 5588 3225 5641 Lm,
3264 5571 3331 5642 1;
3366 5574 3494 5628 Act.
3528 5570 3735 5641 vn,47.
