4042 6210
157 424 232 478 7‘7
893 421 953 474 Β.
994 416 1268 476 MAXIM!
1305 414 1610 473 SCHOLIA
1647 417 1721 471 IN
1761 416 1893 470 LIB.
1933 416 2030 470 DE
2067 415 2389 473 C(ELESTI
2428 419 2899 476 HIERARCHIA.
3527 418 3598 475 78

157 543 370 602 ἁπλοῦν
429 543 526 598 καὶ
588 538 897 616 ἀδιαίρετόν
952 539 1093 595 ἐστι·
1152 538 1350 594 τούτου
1402 541 1564 616 χάριν
1610 535 1776 611 μονάς
1809 554 1822 569 ⁸

1958 549 2034 602 ast
2063 560 2292 613 mones,
2323 542 2602 614 quoniam
2634 542 2915 598 divinitas
2945 545 3036 599 est
3060 541 3312 615 simplex
3343 546 3401 600 et
3439 543 3598 602 indi-

158 637 254 690 καὶ
290 633 462 708 μονάς
510 631 619 706 γὰρ
671 631 1046 706 ἀριθμητικῶς
1098 629 1293 696 εἰπεῖν,
1341 628 1490 698 ἁπλῆ
1540 629 1630 682 καὶ
1674 626 1830 682 ἀσύνο

159 723 315 784 Θετός
350 721 524 776 ἔστιν’
563 720 682 782 ἒνάς
726 715 785 773 Si
835 716 924 773 διὰ
965 721 1149 789 τοῦτο,
1183 713 1372 786 ἑπειδὴ
1402 716 1493 772 καὶ
1542 716 1679 791 πρὸς
1711 717 1832 770 δαυ-

159 815 266 883 τῆν
296 811 511 881 ἥνωται
543 812 580 878 ἠ
628 807 758 884 ἀγία
805 806 965 882 Τριᾶς
1016 809 1282 881 φυσικῶς,
1333 805 1424 860 καὶ
1472 806 1586 860 ἑνοῖ
1633 805 1834 866 πάντας

161 901 294 964 τοὺς
343 898 486 972 αῦτῇ
549 895 956 969 πλησιάζοντας
1004 895 1144 950 κατά
1197 895 1261 950 τὸ
1311 894 1599 971 εἰρημένον
1655 894 1706 947 ἐν
1756 896 1835 964 τῷ

163 985 518 1064 Εῦιγγελίῳ,
546 988 666 1040 Ἵνα
717 985 847 1038 ῶσιν
896 982 1049 1038 αὐτοὶ
1095 980 1176 1053 ἓν,
1210 981 1390 1057 ὥσπερ
1436 981 1525 1037 καὶ
1575 984 1740 1055 ἡμεῖς
1777 978 1832 1034 ἓν

166 1077 356 1150 ἰσμεν.
388 1099 417 1128 ››

242 1252 521 1329 Ἀσ-χὲτῳ.
555 1254 826 1328 ’Ἃσχετον
858 1251 1099 1326 συνοχὴν
1149 1247 1299 1326 λιγει
1348 1250 1447 1318 τὴν
1490 1248 1830 1324 ἐξηυρημένην

175 1344 347 1414 πάντη
383 1344 472 1398 καὶ
510 1345 755 1419 ἀσυναφῆ
787 1341 924 1416 πρὸς
952 1341 1020 1396 τὰ
1064 1338 1404 1416 συνεχόμενοι
1451 1338 1709 1414 πρόνοιαν
1734 1341 1832 1392 τοῦ

179 1436 308 1488 Θεοῦ
340 1430 436 1486 καὶ
464 1449 662 1506 περικρ
670 1430 879 1501 άτησιν.

680 1613 797 1664 ΕΙΣ
835 1607 922 1665 ΤΟ
963 1609 1217 1664 ΚΕΦΑΛ.
1251 1606 1332 1662 Η’.

244 1695 482 1754 Δσδνατά.
517 1693 892 1772 Ἰσχυρότατα.

243 1783 630 1859 Ἑπωνυμίας.
657 1786 724 1838 Ὅ
752 1805 805 1840 τι
848 1786 885 1854 ἡ
915 1781 1198 1858 ἕπωνυμία
1240 1783 1418 1839 αὐτῶν
1452 1779 1724 1855 σημαίνει,
1753 1780 1834 1843 τίς

173 1877 206 1943 ἠ
239 1871 294 1930 ίδ
303 1874 466 1944 ιόπτης
499 1871 696 1928 αὐτῶν.

680 1958 837 2030 Μία-η
877 1955 1130 2034 τριαδικὴ
1161 1957 1330 2031 τάξις,

496 2045 857 2124 Κυριότητες,
901 2045 1182 2120 Δυνάμεις,
1224 2046 1516 2116 Ἐξουσίαι.

243 2136 627 2196 ’Δδούλωτον.
658 2139 781 2195 ’Ότι
812 2139 958 2192 πᾶσα
1001 2137 1174 2206 νοητὴ
1225 2132 1454 2207 δύναμις
1495 2132 1830 2207 ἀμειλίκτως

182 2231 309 2304 πρὸς
338 2229 404 2282 τὸ
437 2232 631 2302 χεῖρον
659 2223 800 2300 ἔχει.

246 2320 376 2394 ﬁll.
431 2317 526 2377 Ὠς
585 2314 905 2387 ἀμείλικτον
958 2313 1275 2389 κυριότητα.
1344 2312 1606 2374 Ἐνταῦθα
1661 2308 1831 2388 σφάλ-

189 2428 308 2480 iam
335 2409 450 2460 τῶν
481 2401 798 2474 ἐλληνικῶν
830 2401 1146 2480 φιλοσόφων
1199 2394 1435 2462 εὐσεϐῶς
1481 2398 1829 2454 ἐπισκώπτει·

185 2493 380 2556 οἵτινες
415 2491 596 2547 ίδικὰς
623 2497 771 2566 τρεῖς
803 2489 1058 2563 δυνάμεις
1100 2489 1247 2551 τινας
1289 2487 1638 2561 ἀμειλίκτους
1670 2507 1834 2562 προσ-

185 2585 506 2660 ηγόρευσαν,
564 2578 938 2656 προελθούσας
996 2578 1071 2640 εἷς
1126 2576 1348 2654 ὕπαρξιν
1403 2573 1464 2632 ἔκ
1515 2597 1678 2632 τινων
1727 2577 1834 2651 πρὸ

183 2674 361 2727 αὑτῶν
415 2668 613 2745 ἑτέρων
672 2673 840 2744 τριῶν
901 2664 1176 2741 δυνάμεων
1211 2687 1224 2702 ’
1287 2665 1348 2721 οὗ
1421 2667 1529 2739 μὴν
1587 2664 1645 2719 ἐκ
1701 2667 1834 2721 Θεοῦ

182 2766 334 2838 φῶτα
364 2762 430 2828 ⁸³,
489 2755 992 2833 δημιουργηθείσας
1055 2753 1266 2818 ίδικῶς.
1329 2756 1432 2812 Καὶ
1493 2753 1649 2829 φασὶν
1702 2754 1834 2808 εἶναι

181 2850 302 2911 τοὺς
334 2847 697 2921 ἀμειλίκτους
728 2845 956 2907 τούτους
1008 2845 1334 2914 ὑποπεζίους
1377 2848 1483 2898 τῶν
1518 2838 1837 2918 προϐαλλο-

191 2937 357 3009 μένων
405 2938 608 2999 αὐτοὺς
655 2938 868 3004 νοητῶν
923 2931 1228 3006 δυνάμεων,
1268 2930 1694 2994 ἀναστέλλοντας
1745 2932 1835 2986 καὶ

190 3029 368 3104 ὥσπερ
414 3023 843 3095 ἀντιϐαίνοντας,
890 3026 980 3080 καὶ
1029 3022 1340 3102 ἐφεκτικοὺς
1386 3028 1492 3078 τῶν
1525 3023 1631 3099 πρὸ
1661 3023 1837 3078 αὐτῶν

192 3119 274 3171 καὶ
303 3118 538 3184 ἑαυτῶν,
569 3117 669 3171 τοῦ
723 3114 799 3186 μὴ
845 3117 1028 3168 πεσεῖν
1077 3111 1154 3174 εἷς
1201 3111 1478 3182 ὕλην,καὶ
1527 3110 1838 3166 ἀσθενεστὲ-

195 3227 315 3281 ρους
344 3207 487 3261 κατά
514 3209 680 3260 τοῦτο
725 3207 832 3258 τῶν
881 3197 1348 3275 προϐαλλομένων
1389 3199 1630 3274 ἑαυτοὺς,
1661 3201 1780 3264 καθ’
1808 3199 1837 3254 ὃ

191 3291 394 3348 δέονται
421 3297 524 3348 τοῦ
570 3292 823 3366 κατεχειν
875 3289 954 3352 εἷς
999 3289 1061 3343 τὸ
1110 3287 1355 3343 ἄπτωτον
1389 3287 1628 3349 ἑαυτούς.
1659 3285 1839 3345 Ταῦτα

193 3383 281 3453 μὲν
312 3380 406 3436 οῦν
457 3381 535 3442 ὡς
587 3380 639 3434 ἐν
674 3378 915 3452 ἐπιτομῇ
962 3376 1028 3431 τὰ
1075 3375 1312 3430 ἐκείνων*
1348 3377 1376 3430 ὁ
1409 3373 1468 3430 δὶ
1517 3373 1686 3452 μέγας
1715 3383 1837 3429 Διο-
1887 3405 1894 3411 ·

189 3470 367 3532 νῦσιος
421 3474 607 3547 σοφῶς
655 3469 724 3522 τὰ
781 3465 992 3522 ἐναντία
1048 3465 1221 3520 πάντα
1277 3463 1461 3526 αὐτοῖς
1515 3483 1718 3543 φησιν·
1780 3463 1839 3519 ἐκ

191 3562 318 3614 Θεοῦ
367 3559 478 3632 γὰρ
526 3555 690 3618 αὖτάς
741 3552 1156 3630 δημιουργικῶς
1211 3551 1508 3622 ὑποστῆναί
1559 3569 1743 3630 φησιν·
1777 3552 1838 3606 οὗ

187 3646 273 3701 καὶ
301 3647 409 3716 τὴν
459 3644 738 3722 ἰμφὲρειαν
790 3640 1013 3719 ἔχουσιν
1065 3641 1142 3704 εἷς
1189 3639 1506 3718 κυριότητα,
1540 3638 1720 3716 ὥσπερ
1749 3640 1839 3694 καὶ

185 3737 352 3807 ἡμεῖς
413 3734 467 3788 οἱ
524 3733 642 3787 καθ’
699 3732 972 3806 ὁμοίωσιν
1030 3730 1328 3791 κτισθέντες
1361 3747 1374 3761 ·
1422 3727 1619 3792 αὐτοὺς
1675 3725 1732 3783 δὲ
1776 3728 1840 3782 τὸ

191 3821 512 3894 ἀμείλικτον
539 3819 678 3876 κατὰ
706 3818 884 3890 πάσης
931 3818 1170 3896 ὗφέσεως
1216 3821 1296 3890 τῷ
1347 3816 1498 3893 λόγῳ
1525 3822 1624 3887 τῆς
1652 3815 1838 3893 κυριό-

188 3931 358 3980 τητος
390 3908 538 3986 ἔχειν
589 3907 756 3986 λέγει,
808 3907 1108 3968 κόπτοντας
1165 3903 1344 3980 ὥσπερ
1392 3905 1482 3960 καὶ
1527 3903 1840 3979 διατέμνον-

189 4019 304 4068 τας,
364 3998 460 4052 καὶ
519 3995 614 4052 οὐκ
655 3995 858 4059 ἐῶντας
909 4000 1126 4072 κρατεῖν
1176 3995 1274 4063 τὴν
1329 3994 1466 4070 πρὸς
1510 3994 1576 4048 τὰ
1613 3993 1842 4064 αἰσθητά

192 4086 506 4160 ἐπιθυμίαν,
566 4086 628 4142 οὗ
686 4087 796 4159 μὴν
844 4083 974 4148 τοὺς
1019 4084 1128 4159 πρὸ
1179 4083 1355 4139 αὐτῶν
1399 4082 1840 4145 ἀναστέλλοντας·

193 4177 256 4230 τὰ
313 4173 373 4230 δὲ
429 4174 665 4245 αἴσθητά
721 4174 812 4229 καὶ
874 4172 1159 4248 σωματικὰ
1225 4169 1651 4248 δουλοπρέπειαν
1710 4193 1842 4251 φησι

194 4265 279 4318 καὶ
331 4263 704 4335 ἀνελευθερίαν
761 4262 848 4317 καὶ
901 4262 1102 4317 εἰκαίαν
1153 4259 1332 4334 δόξαν.
1380 4259 1740 4324 Δουλοποιίας
1788 4257 1845 4316 δὲ

194 4352 308 4406 ἀντὶ
366 4357 465 4407 τοῦ
513 4340 945 4426 δουλοπρεπείας
979 4395 994 4420 ,
1047 4350 1162 4405 ἐπεὶ
1225 4351 1301 4424 μή
1373 4354 1724 4425 συγχωροῦσι
1777 4350 1846 4404 τά

193 4439 357 4504 ὅπως
410 4438 546 4495 ὄντα
605 4438 828 4509 ὶννοεῖν,
859 4437 1006 4496 ἀλλὰ
1059 4437 1380 4515 κατάγουσιν
1433 4436 1492 4492 ἐκ
1536 4444 1633 4509 τῆς
1687 4435 1843 4492 ἀκλι-

191 4527 315 4590 νοῦς
370 4523 729 4600 ἐδραιότητος
786 4527 874 4582 ἰπὶ
918 4527 1017 4596 τὴν
1065 4531 1175 4582 τῶν
1213 4527 1589 4600 ματαιοτήτων
1643 4525 1845 4580 ὑποκα-

1941 635 2089 700 visa,
2123 632 2304 702 hujus
2326 631 2512 702 gratia
2536 646 2744 686 monas
2770 648 2784 699 ;
2805 629 3019 686 etenim
3040 645 3246 686 monas
3267 632 3599 686 secundum

1947 721 2179 779 numeri
2203 720 2488 776 rationem
2517 719 2835 790 loquendo,
2861 719 3115 790 simplex
3130 724 3188 775 et
3210 719 3600 791 incomposita

1944 819 2069 867 est:
2107 811 2304 865 unitas
2336 813 2535 864 autem
2565 807 2718 878 ideo,
2753 809 3028 879 quoniam
3063 813 3120 864 et
3141 808 3203 864 in
3226 824 3289 863 se
3311 808 3594 864 naturali-

1942 905 2032 957 ter
2061 899 2226 955 unita
2256 903 2346 954 est
2384 902 2591 954 sancta
2630 897 2915 966 Trinitas,
2968 902 3026 953 et
3076 897 3206 953 unit
3264 913 3468 953 omnes
3517 898 3592 953 ad

1943 991 2136 1063 ipsam
2167 989 2510 1044 accedentes
2542 1005 2556 1054 ;
2589 987 2916 1043 secundum
2951 987 3106 1059 quod
3138 987 3361 1042 dictum
3392 992 3485 1042 est
3533 987 3593 1042 in

1944 1077 2295 1150 Evangelia:
2335 1078 2398 1133 Ut
2425 1078 2536 1132 sint
2566 1077 2676 1147 ipsi
2703 1093 2900 1142 unum,
2933 1078 3077 1133 sicut
3107 1081 3159 1131 ct
3180 1092 3282 1132 nos
3313 1091 3489 1132 unum
3507 1092 3599 1131 su-

1940 1183 2060 1223 mus
2087 1169 2187 1236 (b).
2226 1188 2254 1217 »
2957 1182 2961 1187 '

2011 1253 2598 1326 Incomprehcnsibiti.
2633 1253 2731 1320 Gr,
2763 1250 3003 1326 ἀσχὲτῳ.
3043 1254 3314 1327 ’Ἃσχετον
3363 1253 3595 1311 incom-

1942 1343 2399 1417 prehensibilem
2431 1358 2774 1414 compagem
2803 1342 2966 1409 dicit,
3019 1341 3295 1398 selectam
3351 1343 3593 1400 omnino

1941 1437 2000 1489 et
2029 1431 2275 1488 minime
2305 1447 2627 1488 connexam
2659 1446 2792 1486 cum
2820 1430 3251 1487 cohaarentibus
3273 1430 3372 1486 Dei
3397 1431 3594 1502 provi-

1941 1521 2199 1578 dentiam
2231 1523 2289 1576 et
2317 1519 2805 1577 dominationem.

2533 1607 2602 1662 IN
2646 1607 2799 1664 CAP.
2841 1607 2996 1664 VIII.

2013 1699 2296 1765 Potentia,
2327 1696 2425 1752 Gr.
2459 1691 2676 1750 δυνατά.
2711 1696 3078 1752 Fortissime.

2012 1787 2341 1858 Appellatio.
2401 1785 2551 1851 Quid
2600 1800 2887 1856 agnomen
2946 1785 3214 1857 ipsorum
3273 1785 3593 1859 signiﬁcet,

1866 1903 1916 1969 Β
1943 1890 2214 1946 quasnam
2245 1875 2323 1930 sit
2351 1873 2615 1969 ipsorum
2646 1873 2998 1946 proprietas.

2442 1962 2672 2019 Medius
2703 1963 2897 2018 trinus
2928 1964 3091 2019 ordo.

2225 2053 2660 2118 Dominatz’ones,
2697 2053 2952 2122 Virtutes,
2986 2057 3303 2109 Potestates.

2011 2143 2250 2198 Minime
2275 2142 2650 2211 subjugatam.
2683 2142 2846 2208 Quod
2872 2140 3037 2197 nulla
3055 2140 3446 2214 intelligibilis
3475 2141 3591 2198 vir-

1939 2234 2039 2287 tus
2068 2229 2389 2286 demulceri
2419 2245 2554 2302 erga
2587 2230 2847 2286 deterius
2881 2230 3193 2286 sustineat.

2011 2319 2141 2387 §II.
2214 2320 2278 2375 Ut
2330 2334 2580 2373 severam
2645 2319 3107 2374 dominationem.
3165 2319 3269 2375 Hic
3327 2336 3583 2376 errorem

1941 2423 2262 2480 graecorum
2291 2405 2775 2478 philosophorum
2809 2407 2900 2478 pie
2931 2407 3322 2477 reprehendit,
3346 2409 3445 2479 qui
3465 2413 3585 2464 tres

1943 2493 2327 2567 particulares
2359 2494 2648 2564 quasdam
2680 2493 2924 2549 virtutes
2957 2494 3360 2566 implacabiles
3391 2499 3586 2553 nomi-

1944 2587 2183 2652 narunt,
2213 2598 2555 2654 progressas
2586 2582 2644 2636 in
2703 2581 3107 2637 exsistentiam
3139 2599 3209 2638 ex
3237 2583 3587 2654 quibusdam

1942 2673 2136 2727 tribus
2169 2670 2300 2726 aliis
2331 2671 2493 2743 ipsas
2544 2670 3010 2742 praecedentibus
3055 2671 3416 2741 virtutibus;
3471 2691 3588 2730 non

1944 2765 2143 2816 tamen
2176 2777 2210 2816 a
2248 2760 2366 2816 Deo
2397 2759 2831 2832 particulariter
2860 2764 3126 2815 creatas:
3162 2763 3218 2816 et
3238 2761 3443 2818 dicunt
3464 2779 3594 2820 esse

1945 2848 2350 2920 implacabiles
2381 2849 2488 2904 has
2520 2848 2766 2919 pedibus
2797 2848 2966 2918 quasi
2999 2849 3332 2906 substratas
3381 2851 3595 2907 intelli-

1946 2938 2217 3011 gibilium
2250 2938 2556 3008 virtutum,
2589 2955 2716 3009 quas
2750 2938 2910 3010 ipsas
2941 2939 3316 3010 antecedunt,
3358 2945 3589 2996 contra-

1947 3027 2152 3083 hentes
2183 3033 2240 3083 et
2271 3027 2437 3098 quasi
2469 3031 2673 3082 contra
2703 3026 3027 3095 tendentes,
3061 3031 3238 3098 atque
3269 3028 3386 3084 vim
3437 3029 3593 3086 inhi-

1948 3115 2122 3172 bendi
2154 3115 2458 3184 habentes,
2493 3131 2564 3170 ne
2596 3115 2735 3187 ipsae
2761 3118 2818 3170 et
2848 3132 2976 3186 quas
3009 3118 3347 3188 praecedunt
3375 3117 3434 3174 in
3469 3135 3593 3175 ma-

1949 3203 2159 3259 teriam
2191 3203 2574 3270 delabantur;
2610 3207 2779 3274 atque
2811 3204 3137 3260 secundum
3171 3204 3280 3261 hoc
3330 3206 3594 3262 imbecil-

1951 3292 2126 3348 liores
2155 3291 2248 3360 iis,
2282 3308 2411 3363 qua:
2437 3291 2596 3364 ipsas
2634 3293 2990 3363 praecedunt,
3042 3298 3334 3364 quatenus
3382 3295 3596 3351 debent

1948 3381 2319 3438 secontinere
2350 3397 2422 3436 ne
2444 3379 2759 3450 labantur;
2794 3379 2916 3436 haec
2934 3381 3114 3453 igitur
3130 3383 3412 3440 orationis
3435 3401 3593 3440 com-

1948 3470 2159 3542 pendio
2190 3468 2429 3526 illorum
2463 3476 2554 3525 est
2592 3469 2905 3525 sententia.
2937 3473 3185 3542 Magnus
3217 3476 3412 3528 autem
3455 3473 3594 3530 Dio-

1949 3558 2154 3632 nysius
2181 3556 2480 3630 sapienter
2509 3559 2709 3614 omnia
2739 3558 2886 3630 ipsis
2917 3561 3210 3616 contraria
3231 3561 3373 3618 dicit
3397 3580 3410 3618 :
3434 3563 3596 3634 ipsas

1949 3647 2105 3704 enim
2137 3664 2206 3704 ex
2262 3646 2379 3702 Deo
2428 3646 2666 3702 creandi
2723 3647 2997 3704 facultate
3040 3649 3366 3705 subsistere
3415 3651 3595 3719 dicit;

1950 3739 2123 3807 cujus
2153 3737 2329 3792 etiam
2360 3735 2808 3790 similitudinem
2842 3735 3060 3790 habent
3091 3736 3148 3791 in
3172 3737 3594 3808 dominatione,

1949 3825 2105 3881 sicut
2135 3828 2192 3880 et
2223 3839 2329 3879 nos
2350 3823 2450 3894 qui
2470 3822 2797 3878 secundum
2821 3821 3271 3878 similitudinem
3293 3824 3469 3880 creati
3491 3842 3593 3880 su-

1951 3930 2105 3968 mus.
2133 3917 2296 3984 Ipsas
2321 3926 2452 3965 vero
2485 3909 3024 3981 implacabilitatem
3043 3925 3182 3981 erga
3198 3927 3432 3967 omnem
3451 3913 3596 3968 sub.

1949 4000 2293 4057 missionem
2323 3998 2547 4053 ratione
2577 3996 2994 4053 dominationis
3027 3997 3242 4055 habere
3275 4000 3376 4055 80
3429 3999 3597 4067 dicit,

1950 4088 2122 4160 quasi
2147 4087 2435 4143 caedentes
2464 4090 2522 4141 et
2553 4085 2938 4154 dissecantes,
2972 4101 3162 4158 neque
3187 4087 3448 4145 sinentes
3469 4088 3597 4144 vin-

1951 4193 2079 4234 cere
2109 4175 2494 4248 cupiditatem
2527 4174 2599 4229 ad
2627 4172 2954 4241 sensibilis,
2988 4191 3104 4230 non
3129 4180 3321 4232 tamen
3344 4193 3442 4233 eas
3470 4195 3597 4250 qum

1951 4265 2282 4339 praecedunt
2307 4263 2667 4319 cohibentes.
2690 4262 3005 4318 Sensibilia
3031 4269 3223 4320 autem
3248 4270 3304 4320 et
3323 4283 3602 4337 corporea

1951 4355 2094 4409 dicit
2109 4351 2489 4409 servilitatem
2513 4355 2569 4406 et
2593 4351 2879 4407 libertatis
2904 4352 3374 4424 privationem,et
3389 4371 3598 4411 vanam

1952 4443 2219 4513 gloriam.
2255 4437 2618 4502 Δουλοποιίας
2647 4456 2750 4511 pro
2802 4435 3258 4515 δουλοπρεπείας,
3303 4459 3430 4513 qua
3478 4461 3603 4499 εθιι-

1952 4532 2198 4588 vitutem
2231 4531 2421 4597 docet,
2479 4527 2760 4600 quoniam
2813 4545 2929 4584 non
2979 4531 3309 4586 concedunt
3361 4547 3429 4587 ea
3475 4547 3603 4602 qum

192 4617 464 4674 τάκλισιν.
495 4617 895 4691 ’Δνομοιότητα
942 4613 1000 4671 δὶ
1043 4613 1197 4680 αὖθις
1244 4612 1406 4670 καλεῖ
1449 4614 1516 4670 τὰ
1558 4613 1739 4685 ὑλικᾶ,
1772 4613 1837 4677 ὠς

1958 4637 2100 4677 vera
2132 4618 2422 4674 exsistunt
2452 4617 2729 4690 cogitare,
2781 4617 2883 4672 sed
2934 4617 3234 4674 deducunt
3263 4635 3333 4674 ex
3365 4617 3605 4674 minime

197 4705 481 4779 μηδίποτε
538 4707 769 4780 μὲνοντα
816 4705 906 4761 ἐπὶ
960 4703 1313 4779 ταύτότητος,
1361 4702 1510 4760 ἆλλά
1554 4703 1636 4760 ἀεὶ
1683 4725 1848 4779 μετα-

195 4791 363 4818 nn,
416 4815 480 4818 μ

195 4794 500 4851 ϐάλλοντα.

262 5060 636 5138 Κυριαρχίας.
696 5060 1037 5137 Κυριαρχίαν
1113 5060 1214 5130 τήν
1275 5058 1506 5132 θεότητα
1560 5056 1660 5138 ἔφη
1698 5081 1710 5094 ο
1769 5059 1850 5116 ὅτι

193 5155 378 5222 πάσης
403 5151 734 5224 κυριότητος
765 5150 912 5225 ἀρχὴ
938 5148 1030 5204 καὶ
1061 5148 1206 5205 αἰτία
1233 5147 1576 5218 καθέστηκεν.

258 5329 380 5391 Οὐκ
464 5327 905 5386 ἀπολείπουσαν.
982 5325 1297 5402 Σημείωσαι
1372 5330 1490 5390 πῶς
1570 5333 1856 5404 πανταχοῦ

264 5478 349 5550 (b)
377 5477 556 5536 Joan.
589 5492 734 5548 xvn,
770 5475 858 5533 1t.

1959 4707 2280 4764 inclinante
2313 4705 2634 4762 stabilitate
2661 4705 2734 4760 ad
2768 4703 3026 4777 aliquam
3057 4706 3388 4764 vanitatum
3435 4706 3606 4762 recli-

1958 4797 2256 4853 nationem
2277 4811 2291 4863 ;
2327 4793 2873 4850 dissimilitudinem
2894 4810 3028 4851 vero
3052 4795 3261 4851 iterum
3282 4794 3608 4852 materialia

1960 4889 2145 4952 vocat,
2178 4887 2241 4940 ut
2269 4900 2396 4956 qua
2429 4899 2728 4953 nunquam
2765 4883 2822 4938 in
2857 4883 3160 4940 identitate
3184 4888 3477 4953 maneant,
3502 4886 3603 4940 sed

1961 4989 2195 5046 semper
2223 4976 2548 5028 mutentur.

2031 5061 2308 5134 Principii
2335 5061 2753 5126 dominationis,
2814 5059 2912 5116 Gr.
2963 5057 3310 5136 κυριαρχίας.
3369 5061 3606 5134 Κυριαρ-

1962 5151 2090 5225 χίαν
2116 5149 2540 5207 dominationis
2563 5149 2957 5222 principatum
2985 5149 3261 5205 deitatem
3283 5150 3443 5219 dicit,
3468 5151 3610 5222 quia

1963 5239 2158 5297 omnis
2188 5237 2610 5296 dominationis
2636 5236 2992 5309 principium
3024 5242 3080 5293 et
3109 5254 3288 5295 causa
3319 5241 3570 5296 exsistit.

2037 5329 2164 5398 Quae
2195 5345 2305 5386 non
2333 5328 2495 5385 deest.
2527 5330 2697 5398 Nota,
2730 5327 3026 5396 quomodo
3069 5327 3290 5400 ubique
3329 5329 3485 5386 dicat
3513 5346 3612 5386 su-

1221 5591 1455 5651 VARLE
1495 5590 1890 5650 LECTIONES
1926 5591 2020 5651 ET
2059 5586 2620 5648 CORRECTIONES.

273 5720 318 5757 ⁵³
355 5722 510 5794 φῶτα
537 5722 803 5780 omissum
831 5727 912 5779 ut
942 5737 978 5778 α
1006 5720 1300 5792 Pachym.,
1331 5719 1580 5793 adeoque
1607 5720 1750 5777 mihi
1777 5719 1837 5776 vi.

1983 5713 2331 5785 ἐπιπολάζειν
2342 5757 2356 5774 .
