4042 6210
424 321 502 374 ι79
1252 322 1620 374 APPENDIX
1659 322 1756 373 AD
1793 318 2034 373 OPERA
2070 318 2129 370 S.
2172 312 2490 366 DIONYSII
2533 314 3033 371 AREOPOGITE.
3783 323 3849 378 80

433 443 692 517 perieres
709 443 957 500 virtutes
979 443 1416 500 communicare
1429 443 1668 517 propria
1680 441 2080 506 inferioribus,

2228 454 2334 504 ›ησι
2389 433 2483 494 τὰς
2544 430 2968 508 ὑπερϐεϐηκυίας
3028 433 3282 509 δυνάμεις
3347 437 3695 510 μεταδιδόναι
3743 449 3848 499 τῶν

434 538 492 590 et
519 535 768 590 virtutes
813 534 1192 589 corroborare
1249 533 1557 600 subditas;
1619 532 1840 588 scimus
1889 533 2085 586 autem

436 623 590 692 quod
621 623 910 694 scriptum
942 622 1038 688 sit,
1063 621 1338 694 angelum
1363 622 1770 677 corroborasse
1787 616 2084 675 Danielem

437 715 496 765 et
525 709 694 778 alios,
727 714 803 782 et,
838 711 994 780 quod
1026 709 1302 765 omnibus
1329 711 1545 780 majus,
1566 709 1741 765 etiam
1771 705 2085 764 Dominum

439 803 704 855 nostrum
725 799 928 854 Jesum
947 797 1268 865 Christum,
1294 802 1496 870 utpote
1517 798 1816 854 hominem
1832 809 2084 868 quoque,

442 888 598 944 sicut
626 888 686 943 in
715 886 1022 960 Evangelio
1054 888 1382 944 secundum
1418 888 1630 943 Lucam
1662 885 1931 942 habetur.

520 1061 728 1113 Bonum
757 1055 1028 1112 ordinem.
1060 1059 1203 1110 Cum
1235 1069 1323 1126 eo,
1357 1054 1512 1127 quod
1535 1055 1805 1126 superius
1827 1051 2088 1126 positum

444 1152 535 1204 est
559 1147 681 1202 haec
701 1161 937 1216 quoque
954 1145 1382 1212 connectenda;
1405 1143 1883 1200 subaudiendum
1907 1141 2089 1209 enim,

441 1234 683 1289 arbitror
709 1232 1016 1288 declarare.

511 1321 867 1376 Assimilatz.
925 1320 1091 1384 Quod
1149 1319 1320 1375 etiam
1381 1322 1750 1389 potestatem,
1801 1321 2088 1389 quantum

439 1410 588 1482 ipsis
616 1410 772 1477 licet,
805 1408 1213 1480 sequentibus,
1263 1411 1465 1479 utpote
1513 1407 1762 1479 angelis,
1810 1405 2090 1478 intelligi-

440 1497 590 1554 biles
619 1499 868 1554 virtutes
899 1496 1350 1553 communicent.

517 1588 800 1659 Expiatur
826 1587 998 1642 enim.
1032 1584 1332 1651 Quomodo
1364 1587 1420 1640 et
1448 1599 1551 1655 per
1580 1582 1719 1655 quid
1763 1599 2091 1656 expurgen-

443 1680 542 1731 tur
570 1680 627 1732 et
655 1675 1045 1744 illustrantur,
1075 1678 1250 1744 atque
1281 1672 1663 1744 perﬁciantur
1703 1672 1880 1727 medii
1930 1672 2089 1727 ordi-

2196 521 2410 576 οίκείων
2453 527 2574 583 ταῖς
2631 524 2746 596 μετ’
2797 523 2959 585 αὐτας
3005 523 3096 578 καὶ
3141 524 3238 587 τὰς
3286 523 3542 600 δυνάμεις
3586 527 3852 606 δυναμοῦν

2194 609 2288 671 τὰς
2349 611 2735 684 ὑποκειμένας·
2793 610 2947 686 ἴσμεν
2999 609 3078 682 δὲ,
3131 615 3215 669 δτι
3262 615 3352 670 καὶ
3402 617 3492 671 τὸν
3524 618 3731 690 Δανιὴλ
3765 625 3854 697 γέ-

2194 719 2427 774 γραπται
2478 697 2716 774 ἄγγελος
2765 698 3054 775 ἐνισχύων,
3102 701 3192 756 καὶ
3241 700 3450 768 ἄλλους
3483 725 3496 737 ·
3549 707 3638 763 καὶ
3691 709 3754 764 τὸ
3786 708 3849 782 δὴ

2195 785 2408 841 πάντων
2445 791 2648 859 μεῖζον,
2698 789 2788 843 καὶ
2834 789 2997 844 αὐτὸν
3044 790 3134 845 τὸν
3183 789 3383 867 Κύριον
3434 795 3599 867 ἡμῶν
3645 798 3848 868 Ἰησοῦν

2197 875 2450 950 Χριστὸν,
2485 875 2576 931 ἅτε
2616 877 2707 931 καὶ
2758 875 3066 955 ἄνθρωπον,
3118 880 3193 941 ὡς
3243 879 3295 933 ἐν
3343 886 3424 954 τῷ
3470 884 3606 940 κατὰ
3643 892 3848 942 Λουκᾶν

2197 961 2443 1040 Εὐαγγελ
2455 964 2517 1037 ίῳ
2545 969 2742 1022 κεῖται.

2269 1053 2552 1123 Εὗταξίαν.
2616 1054 2758 1129 Πρὸς
2832 1059 2912 1127 τῷ
2990 1056 3272 1132 ἆνωτὲρως
3346 1061 3391 1096 ⁵⁴
3469 1062 3708 1138 κειμὲνῴ
3765 1067 3852 1122 καὶ

2195 1145 2363 1196 ταῦτα
2421 1141 2762 1198 συντακτέον·
2823 1144 2961 1200 κατὰ
3015 1150 3199 1201 κοινοῦ
3257 1146 3360 1224 γὰρ
3415 1150 3479 1205 τὸ
3539 1154 3698 1226 οἶμαι
3758 1153 3852 1227 δη-

2202 1227 2357 1286 λοῦν.

2270 1320 2750 1398 Ἀφομοιωμένης.
2801 1323 2925 1380 ’Ότι
2978 1325 3067 1379 καὶ
3126 1330 3230 1394 τῆς
3286 1325 3526 1397 ἐξουσίας
3583 1328 3708 1386 ὅσον
3767 1333 3858 1389 αὖ·

2196 1413 2314 1470 ταῖς
2346 1409 2589 1482 θεμιτὸν,
2619 1409 2694 1473 ὠς
2725 1409 2981 1488 ἀγγέλοις
3035 1412 3208 1482 οὖσιν,
3260 1417 3314 1469 αἱ
3363 1419 3552 1488 νοηταὶ
3598 1417 3854 1496 δυνάμεις

2196 1501 2313 1558 τοῖς
2349 1498 2465 1569 μετ’
2496 1497 2692 1561 αὐτοὺς
2725 1499 3098 1573 μεταδιδόασι.

2271 1583 2588 1659 Καθαίρεται
2645 1587 2769 1663 γάρ.
2831 1593 2954 1652 Πῶς
3011 1590 3100 1645 καὶ
3155 1588 3244 1646 διὰ
3288 1593 3436 1658 τίνος
3483 1598 3851 1674 καθαίρονται,

2199 1674 2286 1728 καὶ
2321 1674 2669 1751 φωτίζονται,
2700 1676 2792 1731 καῖ
2841 1677 3343 1755 τελεσιουργοῦνται
3376 1684 3430 1737 αἳ
3464 1683 3619 1756 μέσαι
3651 1689 3850 1758 τάξεις·

447 1781 553 1820 nes
577 1782 590 1820 :
624 1769 682 1820 et
711 1765 863 1836 quod
897 1763 1201 1834 Scriptura
1229 1761 1425 1828 habet,
1449 1762 1600 1831 quod
1635 1759 1787 1817 alius
1817 1762 1887 1816 ad
1906 1761 2085 1816 alium

2228 1761 2398 1867 μαὶέτι
2425 1762 2986 1867 ,ἔχειὶὴΓραφήἈώς
3037 1765 3208 1833 ἄλλος
3254 1767 3413 1844 ἄλλῳ
3454 1771 3687 1849 ἄγγελος
3735 1775 3851 1832 διας-

448 1852 691 1920 angelus
722 1851 980 1923 trajiciat
1011 1849 1212 1907 divina
1243 1849 1432 1921 signa.

518 1943 586 1997 Et
611 1957 710 2013 per
736 1941 1000 1996 medium.
1035 1939 1425 1995 Perfectiones
1457 1955 1561 2010 per
1603 1937 1829 1993 medios
1876 1938 2092 1994 obscu-

447 2030 632 2086 riores
662 2045 790 2086 esse
823 2029 914 2098 iis,
949 2044 1076 2090 quae
1139 2027 1330 2099 primo
1378 2030 1728 2099 apparenter
1757 2043 1790 2082 a
1822 2028 1935 2082 Deo
1963 2026 2089 2082 efﬁ-

447 2119 722 2188 ciuntur;
758 2136 885 2192 quae
913 2123 1054 2174 sunt
1083 2118 1308 2190 primae.

517 2210 646 2277 Quas
672 2224 774 2280 per
801 2207 986 2264 alium
1005 2206 1238 2262 dicitur.
1264 2206 1604 2262 Secundum
1638 2220 1705 2260 ea
1737 2221 1864 2276 quae
1891 2204 1948 2258 in
1983 2206 2091 2260 Za-

442 2295 662 2366 charia,
696 2300 753 2351 et
773 2294 1026 2364 Daniele,
1050 2298 1109 2349 et
1127 2293 1425 2349 Ezechiele
1448 2292 1754 2365 praphetis
1776 2293 2087 2349 habentur.

517 2475 793 2542 Obscurae,
826 2472 924 2528 Gr.
985 2467 1405 2544 ἀμυδρουμένης
1449 2467 1902 2544 Ἀμυδρουμὲνης
1952 2471 2092 2526 obs-

446 2579 598 2618 cura
630 2561 798 2630 dixit,
829 2578 945 2616 non
978 2565 1218 2632 propter
1237 2559 1537 2632 propriam
1565 2560 1695 2631 ejus
1726 2559 2090 2626 relationem,

448 2652 550 2707 sed
583 2655 820 2722 propter
849 2647 1245 2703 humilitatem
1280 2647 1728 2718 recipientium;
1777 2647 1886 2702 hoc
1934 2649 2092 2704 enim

448 2738 745 2810 signiﬁcat
775 2737 1019 2792 dicendo
1053 2731 1372 2807 δευτέρωσιν
1405 2735 1805 2807 perfectionis,
1840 2736 1946 2790 hoc
2005 2740 2095 2792 est

449 2827 755 2884 obscurius
786 2825 987 2898 perﬁci
1017 2825 1296 2880 secunda.

519 2917 718 2970 Periti.
752 2915 919 2983 Nota,
953 2914 1248 2985 quomodo
1287 2913 1621 2969 sacerdotes
1670 2913 1791 2968 haec
1837 2913 2092 2969 tradide-

449 3008 590 3060 runt
618 3018 833 3075 magno
865 3001 1179 3074 Dionysio;
1221 2999 1539 3078 αὖτοφανεῑς
1576 3019 1679 3074 per
1711 3017 1772 3058 se
1805 3019 2091 3074 apparen-

447 3096 536 3147 tes
568 3095 765 3146 autem
793 3091 1020 3146 vocavit
1067 3091 1290 3161 primas
1338 3091 1567 3146 divinas
1605 3091 1891 3158 virtutes;
1951 3107 2092 3162 quo-

2199 1851 2495 1925 πορθμεύει
2523 1853 2590 1908 τὰ
2621 1855 2737 1909 θεῖα
2767 1851 3044 1928 σύμϐολα.

2273 1940 2372 1994 Καὶ
2429 1938 2518 1994 διὰ
2578 1940 2790 2013 μέσης.
2850 1945 2972 2001 Ὃτι
3031 1947 3087 2000 αἱ
3145 1943 3234 2002 διὰ
3292 1949 3468 2022 μέσων
3540 1950 3854 2020 τελειώσεις

2202 2025 2565 2116 ἀμυδρότεραι
2593 2034 2701 2084 τῶν
2728 2038 3104 2111 πρωτοφανῶς
3128 2035 3230 2090 ὑπὸ
3257 2041 3392 2092 Θεοῦ
3423 2039 3852 2116 ἐνεργουμένων,

2201 2115 2400 2180 α’ίτινὲς
2433 2117 2534 2172 είσι
2566 2124 2801 2194 πρῶται.

2273 2207 2408 2295 Τὴν,
2448 2204 2515 2261 δι’
2604 2205 2778 2262 ἄλλου
2857 2207 3193 2285 λεγομένην.
3272 2216 3417 2269 Κατὰ
3495 2217 3562 2272 τὰ.
3637 2219 3688 2274 ἐν
3775 2222 3855 2295 τῷ

2201 2294 2464 2388 Ζαχαρία,
2513 2295 2603 2350 καὶ
2655 2295 2881 2368 Δανιὴλ,
2933 2299 3023 2353 καὶ
3077 2301 3357 2372 Ἰεζεκιὴλ,
3399 2310 3518 2368 τοῖς
3545 2294 3855 2388 προφήταις

2200 2383 2443 2456 κείμενα.

2273 2469 2770 2563 Ἀμυδρουμένης.
2807 2473 3273 2563 ξ’Λμυδρουμένης
3342 2479 3468 2560 ἔφη,
3551 2487 3612 2542 οὗ
3703 2491 3854 2563 παρά

2200 2562 2299 2630 τήν
2333 2560 2536 2648 οἰκείαν,
2586 2561 2754 2631 αὐτῆς
2794 2561 3035 2635 ἀτονίαν,
3086 2565 3232 2622 ἀλλὰ
3278 2572 3424 2644 παρᾶ
3449 2573 3514 2627 τὸ
3559 2560 3849 2648 ὑφειμένον

2199 2653 2308 2738 τών
2338 2645 2672 2738 δεχομένων·
2703 2655 2864 2738 τοῦτο
2888 2652 2989 2728 γὰρ
3022 2651 3189 2724 δηλοῖ
3212 2655 3276 2711 τὸ
3313 2657 3479 2714 εἰπεῖν
3529 2645 3854 2738 δευτέρωσιν

2199 2734 2556 2807 τελειώσεως,
2603 2736 2844 2793 τουτέστι
2881 2741 2944 2794 τὸ
2992 2739 3358 2820 ἀμυδρότερον
3412 2734 3754 2804 τελειοῦσθαι
3787 2753 3856 2807 τὰ

2204 2820 2446 2893 δεύτερα.

2273 2913 2338 2969 Οἱ
2391 2910 2579 2971 δεινοί.
2633 2914 2976 2988 Σημείωσαι,
3029 2916 3111 2973 ὅτι
3165 2919 3328 2996 ἱερεῖς
3385 2928 3554 2980 ταῦτα
3613 2927 3854 3001 παραδε-

2202 2998 2406 3056 δώκασι
2436 3006 2514 3074 τῷ
2564 3002 2784 3077 μεγάλῳ
2832 3006 3119 3080 Διονυσίῳ·
3171 3009 3492 3086 αὑτοφανεῖς
3544 3011 3603 3069 δὲ
3631 2998 3858 3073 ἐκάλεσε

2199 3089 2292 3151 τὰς
2339 3090 2559 3167 πρώτας
2609 3090 2753 3154 θείας
2803 3089 3078 3166 δυνάμεις,
3130 3095 3318 3168 ἐπειδὴ
3371 3101 3458 3174 ἀφ’
3511 3103 3716 3159 ἑαυτῶν
3762 3108 3861 3168 τὰς

449 3181 608 3237 niam
641 3179 918 3250 aseipsis
975 3179 1203 3235 divinas
1261 3178 1557 3250 accipiunt
1622 3178 2085 3250 illustrationes;

2228 3179 2345 3266 cici:
2383 3163 2650 3255 ’δέχονται
2699 3163 3022 3255 ἐλλάμψεις·
3063 3163 3120 3237 αἱ
3171 3185 3274 3261 γὰρ
3309 3163 3518 3244 ,λοι-παὶ
3570 3163 3859 3266 δυνάμεις,

450 3269 683 3342 reliqua
715 3267 873 3325 enim
902 3266 1172 3336 virtutes,
1208 3283 1323 3322 non
1357 3284 1459 3339 per
1483 3268 1710 3340 selpsas
1733 3267 1930 3324 divina
1959 3285 2092 3324 sus-

450 3357 678 3430 cipiunt
699 3373 947 3413 munera
977 3356 1370 3428 cogitationis,
1403 3357 1503 3411 sed
1539 3372 1640 3426 per
1667 3356 2021 3428 superiores.

525 3447 620 3502 8|
659 3445 1043 3502 Sacerdotalis.
1073 3447 1219 3500 Nota
1263 3444 1685 3500 sacerdotalem
1736 3461 1866 3501 esse
1913 3447 2095 3501 tradi-

453 3535 697 3605 tionem,
729 3535 800 3589 de
831 3533 1176 3606 angelorum
1208 3533 1413 3588 ordine
1443 3549 1809 3602 cognoscere.

525 3624 987 3681 "lustrationum.
1013 3621 1443 3678 Demonstratio
1466 3622 1592 3694 ejus
1620 3623 1774 3693 quod
1797 3623 2099 3694 Scriptura

455 3712 615 3782 dicit,
649 3712 914 3768 secunda
940 3728 974 3767 a
1001 3710 1209 3784 primis
1241 3710 1496 3779 institui,
1529 3727 1598 3766 ex
1638 3711 1916 3768 Zacharia
1969 3729 2097 3784 pro-

456 3801 654 3874 pheta.

518 3889 866 3955 ﬂrudelibm,
895 3889 992 3944 Gr.
1014 3885 1345 3949 ἀτιθάσσοις.
1378 3888 1560 3944 Foris.

519 3975 758 4031 Tradita.
791 3976 872 4032 De
914 3976 989 4031 iis
1046 3993 1177 4047 quas
1234 3977 1554 4049 Babylonio
1611 3977 1819 4050 angelo
1874 3977 2091 4036 tradita

445 4063 686 4120 fuerint.

515 4152 677 4208 Omni
704 4150 882 4207 modo.
915 4151 1068 4206 Nota
1097 4153 1254 4224 quod
1288 4157 1440 4208 Deus
1472 4153 1673 4208 omnia
1703 4154 1984 4210 moliatur
2014 4156 2084 4212 ad

439 4240 900 4297 convertendum
929 4243 1214 4295 errantes.

512 4331 819 4388 Clementer
844 4328 1080 4384 adduxit
1113 4327 1438 4398 Clementer,
1483 4328 1582 4384 Gr.
1649 4327 1923 4403 έπιεικῶς,
1975 4333 2084 4390 hoc

435 4421 526 4476 est
554 4417 829 4489 benigne,
861 4420 962 4472 aut
991 4416 1255 4484 omnino,
1289 4421 1347 4472 et
1375 4416 1767 4474 vehementer.

2203 3264 2594 3354 obhn’ﬁaurébv
2624 3268 2730 3342 [τὰ]
2764 3275 2880 3333 θεῖα
2930 3267 3184 3346 δέχονται
3227 3271 3376 3352 δῶρα
3422 3285 3524 3347 τῆς
3575 3264 3860 3354 γνώσεως,

2205 3353 2351 3411 ἀλλὰ
2381 3353 2469 3410 διὰ
2490 3362 2599 3411 τῶν
2644 3357 3064 3432 ὑπερκειμένων.

2274 3445 2594 3520 Ἱερατικῆς.
2669 3446 3014 3520 Σημείωσαι,
3084 3449 3168 3505 ὅτι
3236 3453 3479 3527 ἱερατική
3548 3455 3859 3530 παράδοσίς

2207 3532 2316 3588 έστι
2345 3535 2408 3589 τὸ
2437 3533 2561 3611 περὶ
2590 3541 2690 3606 τῆς
2717 3536 2915 3606 τάξεως
2942 3542 3050 3592 τῶν
3081 3544 3220 3595 νοῶν
3255 3540 3474 3602 εἰδέναι.

2278 3622 2641 3698 Ἐλλάμψεων
2677 3668 2691 3682 .
2753 3623 3056 3696 ’Λπόδειξις
3129 3633 3225 3683 τοῦ
3283 3631 3540 3706 ῥηθέντος
3576 3677 3590 3703 ,
3647 3634 3732 3690 δτι
3790 3640 3858 3693 τὰ

2208 3708 2428 3787 δεύτερα
2457 3714 2601 3788 παρὰ
2645 3717 2753 3768 τῶν
2796 3713 3030 3787 πρώτων
3083 3722 3364 3790 μυοῦνται,
3415 3721 3521 3776 ἀπὸ
3571 3728 3858 3800 Ζαχαρίου

2200 3804 2298 3856 τοῦ
2328 3803 2637 3879 προφήτου.

2276 3889 2636 3952 Ἀτιθάσσοις.
2668 3890 3014 3966 Ἀνημὲροις.

2273 3973 2653 4035 Ἐκδεδωκυῖα.
2723 3979 2853 4055 Περὶ
2904 3985 3011 4036 τῶν
3067 3981 3479 4058 παραδοθέντων
3535 3995 3616 4062 τῷ
3673 3989 3858 4049 Βαϐυ-

2202 4063 2410 4137 λωνίῳ.

2265 4157 2347 4244 τῇ
2378 4154 2625 4244 παντοίᾳ.
2658 4157 2819 4232 ’Όρα,
2879 4156 2962 4212 ὅτι
3023 4161 3052 4215 ὁ
3112 4163 3243 4225 Θεὸς
3299 4162 3473 4220 πάντα
3529 4175 3855 4244 μηχανᾶται

2195 4240 2330 4317 πρὸς
2358 4243 2421 4297 τὸ
2447 4243 2759 4320 ἐπιπρέψαι
2783 4247 2910 4309 τοὺς
2933 4247 3344 4323 πλανωμένους.

2265 4331 2549 4396 Ἐπιεικῶς
2624 4331 2908 4409 ἐπανῆγεν.
2969 4335 3040 4390 Τὸ
3115 4340 3159 4374 ⁸⁸
3233 4338 3486 4405 ἐπιεικῶς
3563 4345 3680 4399 ἀντῖ
3751 4354 3855 4404 τοῦ

2192 4417 2594 4498 φιλανθρώπως
2625 4421 2659 4491 ἢ
2691 4423 2831 4477 πάνυ
2861 4422 2950 4478 καὶ
2987 4424 3244 4501 μεγάλως
3276 4428 3497 4501 νόησον.

507 4509 804 4564 Commune
826 4505 992 4562 enim.
1011 4505 1322 4561 Communi
1345 4505 1582 4562 nomine
1603 4523 1809 4564 omnes
1833 4509 2080 4568 virtutes

2259 4510 2455 4566 Κοινὸν
2489 4512 2613 4598 γάρ.
2648 4513 2769 4568 Ὅτι
2801 4517 2973 4585 κοινῷ
3023 4515 3252 4589 ὀνόματι
3284 4523 3448 4574 πᾶσαι
3499 4523 3554 4576 αἱ
3588 4519 3854 4597 δυνάμεις

433 4594 840 4670 intelligibiles
871 4598 1112 4668 angelos
1142 4594 1448 4667 appellari.

503 4686 858 4758 Inferiorum.
895 4685 988 4740 Gr.
1024 4681 1347 4758 ὑφειμένων.
1403 4683 1834 4754 Subjectionem
1885 4690 1942 4742 et
1990 4704 2080 4744 se-

432 4775 694 4832 cundum
727 4773 924 4830 locum
960 4769 1410 4828 obstinentium.

501 4863 936 4922 Precedentem.
970 4861 1335 4916 Praeeuntem
1369 4859 1516 4916 forte
1547 4861 1882 4933 prophetae;
1930 4863 2077 4920 forte

427 4957 626 5008 autem
659 4956 980 5024 antequam
1014 4948 1206 5020 major
1235 4945 1482 5020 angelus
1513 4949 1584 5005 ad
1635 4949 1834 5021 ipsum
1885 4951 2074 5008 venis-

427 5044 536 5092 set.

495 5126 698 5182 Deinde
732 5129 799 5183 ab
831 5130 948 5200 ipso
976 5127 1246 5184 divinam.
1298 5125 1438 5180 Vult
1486 5125 1593 5182 hoc
1643 5127 2066 5199 demonstrare,

2189 4599 2244 4652 αἱ
2273 4599 2467 4669 νοηταὶ
2496 4597 2717 4676 ἄγγελοι
2753 4601 3028 4677 λέγονται.

2259 4686 2607 4766 Ὑφειμένων,
2641 4685 3114 4764 Ὑποϐεϐηκότων,
3146 4691 3592 4772 δευτερευόντων.

2256 4865 2764 4952 Προπορευόμενον.
2819 4871 3304 4946 Προπορευόμενον
3361 4875 3508 4950 τάχα
3556 4880 3654 4931 τοῦ
3700 4899 3854 4952 προ-

2184 4952 2380 5040 φήτου.
2412 4953 2557 5027 τάχα
2605 4951 2683 5025 δὲ,
2716 4956 2822 5031 πρὸ
2870 4962 2967 5012 τοῦ
3009 4959 3101 5013 τὸν
3150 4959 3376 5032 μείζονα
3403 4962 3631 5040 ἄγγελον
3661 4964 3854 5023 έλθεῖν

2182 5037 2267 5094 ἐπ’
2292 5039 2478 5096 αὑτόν.

2250 5129 2386 5185 Εἶτα
2434 5129 2570 5204 πρὸς
2629 5132 2796 5186 αὑτοῦ
2847 5136 2946 5204 τὴν
3003 5135 3167 5195 θείαν.
3219 5142 3387 5195 Τοῦτο
3450 5139 3596 5204 θέλει
3642 5139 3856 5216 δεῖξαι,

423 5212 582 5284 quod
608 5213 784 5269 etiam
816 5215 874 5269 in
902 5215 1188 5288 angelicis
1232 5213 1543 5270 ordinibus
1583 5214 1759 5287 primi
1792 5219 2068 5274 secundis

2228 5238 2261 5272 τι
2301 5217 2391 5272 καὶ
2443 5216 2493 5272 ἐν
2535 5223 2650 5280 τοῖς
2699 5219 3009 5296 ἀπελικοῖς
3060 5227 3324 5302 τάγμασιν
3382 5230 3432 5284 οἱ
3465 5235 3675 5300 πρῶτοι
3718 5212 3851 5299 τοῖς

419 5300 729 5356 enuntient
757 5301 858 5355 Dei
888 5303 1276 5360 voluntatem.
1308 5303 1678 5376 Κατακάρπως
1706 5309 1926 5377 autem,
1961 5324 2064 5380 pro

2228 5307 2447 5393 ιυτὲροις
2493 5303 2880 5383 διαγγέλλουσι
2929 5311 3028 5381 τὴν
3079 5300 3175 5369 τοῦ
3207 5317 3340 5371 Θεοῦ
3388 5317 3619 5393 βουλήν.
3655 5323 3850 5379 Κατα-

419 5389 684 5460 omnino,
720 5403 788 5444 ex
822 5389 1136 5449 Ezechiele.

2174 5397 2398 5469 κάρπως
2429 5392 2487 5450 δὲ
2517 5395 2631 5450 ἀντὶ
2661 5401 2758 5451 τοῦ
2783 5399 2922 5454 πάνυ
2955 5399 3014 5455 ἐκ
3041 5405 3139 5456 τοῦ
3167 5392 3458 5476 Ἰεζεκιήλ.

1414 5508 1659 5566 νΑΒΙιΕ
1697 5510 2097 5570 LECTIONEB
2134 5513 2228 5572 ET
2267 5511 2826 5572 CORRECTIONES.

491 5597 536 5633 ⁸⁸
564 5592 838 5668 ἀνωτέρω.
916 5593 961 5629 ⁸⁸
991 5592 1052 5647 τὸ
1087 5588 1165 5650 δέ.
