4042 6210
241 359 306 412 81
971 363 1030 414 S.
1072 361 1341 415 MAXIM!
1377 361 1685 415 SCHOLIA
1720 361 1797 415 IN
1835 360 1911 415 LII

2031 361 2106 414 )E
2144 361 2465 420 CCELETI
2503 367 2973 421 HIERARCHIA.
3613 360 3685 414 82

312 478 763 555 Ἀποκρίνεσθαι.
797 479 994 544 Καλῶς
1039 483 1187 536 εἶπεν
1239 483 1267 536 6
1313 482 1515 556 Κύριος
1548 482 1599 535 ἐν
1648 486 1726 553 τῷ
1774 501 1910 556 προ-

2100 486 2455 557 Responderc.
2480 491 2652 545 Recte
2684 487 2830 543 dixit
2851 486 3129 541 dominus
3152 485 3211 539 in
3239 484 3521 555 propheta
3543 485 3681 539 Eze-

246 571 396 647 φήτῃ
428 568 727 642 Ἰεζεκιήλ,
757 568 896 623 ὥστε
945 577 1287 645 χωρισθῆναι
1345 576 1453 626 τῶν
1506 568 1730 625 δικαίων
1792 568 1918 631 τοὺς

252 656 633 733 ἁμαρτωλούς
664 677 677 689 ⁸
710 662 874 713 τοῦτο
904 660 1008 733 γὰρ
1039 660 1125 713 καὶ
1156 657 1209 713 ἰν
1238 664 1355 720 τοῖς
1398 658 1749 734 Εὐαγγελίοις
1797 659 1921 736 φαί-

252 768 402 803 νεται
439 748 792 816 πεποιηκὼς,
826 747 964 802 ὥστε
993 750 1038 784 ⁸⁸
1065 750 1131 801 τὰ
1160 742 1406 821 πρόϐατα
1456 748 1514 803 ὲκ
1558 752 1665 801 τῶν
1718 748 1918 823 ἐρίφων

254 834 592 911 διεμέρισεν.
652 834 797 891 Ἰδοὺ
856 833 1069 907 συνᾴδει
1127 837 1214 890 καὶ
1279 836 1332 891 ἐν
1386 837 1567 909 τούτῳ
1614 839 1649 906 ἡ
1708 835 1922 891 Παλαιᾶ

252 929 509 996 Διαθήκη
542 929 612 999 τῇ
646 926 776 995 Νέᾳ.

328 1020 424 1077 ⁸ος
453 1015 548 1069 τὸν
581 1011 825 1088 ποδήρη.
860 1012 991 1089 Περὶ
1019 1017 1118 1068 τοῦ
1161 1014 1251 1067 τὸν
1302 1011 1521 1090 ποδήρη
1571 1012 1922 1078 ἰνδεδυκότος

252 1108 474 1179 χιτῶνα
506 1105 571 1160 ⁸⁷,
602 1102 920 1175 Σημείωσαι
955 1100 1033 1172 δὲ,
1067 1100 1149 1157 ὅτι
1198 1107 1278 1175 τῷ
1325 1104 1421 1175 μὶν
1469 1101 1685 1179 ἀγγέλῳ
1732 1108 1811 1175 τῷ
1858 1104 1919 1157 τὸ

257 1195 357 1266 μὲν
446 1198 679 1265 σημεῖον
766 1190 1028 1256 ἐπιθεῖναι
1111 1189 1449 1247 κελευσθέντι
1521 1189 1776 1267 ποδήρης
1854 1192 1921 1260 ἦν

253 1281 460 1357 χιτὼν,
509 1282 597 1335 καὶ
684 1282 825 1351 ζώνη
888 1279 1014 1355 περὶ
1071 1282 1172 1350 τὴν
1219 1280 1409 1358 ὀσφὺν,
1464 1288 1659 1356 σχῆμα
1715 1280 1923 1356 πρέπον

258 1372 442 1445 ἱερεῖο
503 1375 624 1431 τοῖς
684 1366 741 1424 δὲ
821 1366 1080 1444 ἀγγίλοις
1142 1367 1340 1431 ἄλλοις
1412 1368 1643 1431 πέλεκυς
1696 1368 1749 1423 ἐν
1806 1374 1923 1431 ταῖς

253 1460 471 1533 χερσὶν,
526 1458 659 1532 ὅπερ
707 1454 876 1527 δηλοῖ
921 1460 1304 1533 τιμωρητικήν
1364 1478 1479 1511 τινα
1532 1454 1760 1530 δύναμιν
1797 1476 1810 1489 ·
1846 1458 1919 1519 ὡς

259 1546 322 1601 hi
350 1547 554 1601 τούτου
583 1552 726 1601 νοεῖν
756 1548 927 1618 ἡμᾶς,
968 1545 1050 1600 ὅτι
1082 1548 1219 1621 πρὸς
1266 1546 1328 1601 τὸ
1381 1545 1585 1618 μέλλον
1638 1545 1920 1600 ἀποτελεῖ-

254 1638 381 1690 σθαι
428 1636 521 1691 καὶ
570 1636 634 1689 τὸ
681 1638 789 1689 τῶν
838 1633 1087 1709 ἀγγέλων
1139 1633 1283 1696 εἶδος
1334 1634 1753 1710 σχηματίζεται,
1786 1633 1918 1710 ὅπερ

253 1726 515 1789 ἆννοῆσαι
549 1724 845 1801 ὀφείλομεν
874 1724 997 1799 περὶ
1035 1727 1142 1777 τῶν
1196 1724 1436 1801 σεραφὶμ
1482 1725 1568 1778 καὶ
1621 1719 1915 1799 χερουϐἲμ,

2031 573 2231 640 chiele,
2294 581 2359 630 ut
2412 580 2759 648 separentur
2796 575 2942 646 justi
2994 591 3027 629 a
3083 572 3531 645 peccatoribus:
3568 572 3677 627 hoc

2030 662 2184 718 enim
2211 663 2269 718 in
2292 665 2621 737 Evangeliis
2651 668 2894 736 apparet
2925 662 3129 718 fecisse
3159 661 3394 731 quando
3425 674 3562 717 oves
3604 661 3676 716 ab

2030 751 2211 807 hadis
2242 753 2441 809 divisit
2467 754 2561 823 (ε).
2601 758 2741 809 Ecce
2768 752 2945 808 etiam
2968 752 3028 806 in
3054 750 3163 806 hoc
3186 752 3473 805 consonat
3493 751 3674 804 Vetus

2030 841 2473 897 Testamentum
2501 843 2679 898 Novo.

2101 931 2209 998 Qui
2236 932 2402 987 talari
2430 940 2588 987 veste.
2622 937 2701 987 De
2730 947 2817 999 eo,
2852 930 2951 1001 qui
2982 930 3231 984 indutus
3261 930 3387 984 erat
3414 925 3679 982 tunicam

2029 1018 2293 1074 talarem.
2326 1020 2475 1075 Nota
2504 1037 2662 1088 vero,
2696 1020 2849 1091 quod
2874 1018 3081 1091 angelo
3122 1018 3353 1088 signum
3385 1030 3681 1087 apponere

2021 1108 2215 1178 jusso,
2247 1110 2448 1165 talari:
2478 1113 2594 1165 erat
2625 1111 2838 1176 tunica,
2864 1117 2915 1163 et
2943 1108 3236 1177 cingulum
3263 1108 3413 1161 circa
3445 1105 3679 1170 lumbos,

2035 1197 2240 1253 habitu
2290 1199 2575 1254 sacerdoti
2620 1199 2993 1253 conveniens.
3027 1195 3262 1268 Angelis
3293 1211 3464 1267 porro
3512 1198 3686 1250 cate-

2035 1286 2137 1353 ris,
2168 1289 2371 1342 securis
2410 1289 2471 1341 in
2498 1288 2775 1356 manibus,
2821 1287 2979 1357 quod
3029 1284 3327 1357 signiﬁcat
3366 1282 3686 1338 vindicati-

2032 1391 2161 1429 vam
2192 1374 2453 1447 aliquam
2483 1376 2760 1431 virtutem
2794 1392 2807 1431 :
2843 1380 2909 1430 ut
2956 1391 3026 1429 ex
3071 1374 3183 1429 hoc
3235 1389 3344 1428 nos
3392 1370 3685 1443 intelligo.

2034 1480 2187 1528 mus,
2220 1465 2375 1535 quod
2402 1464 2571 1535 juxta
2600 1463 2769 1529 illud,
2810 1464 2963 1534 quod
2994 1462 3368 1518 efﬁciendum
3400 1464 3511 1529 est,
3542 1476 3683 1531 spe-

2031 1552 2151 1607 cies
2181 1554 2358 1608 etiam
2390 1552 2735 1624 angelorum
2769 1552 3028 1623 ﬁngatur
3056 1568 3068 1606 :
3101 1550 3254 1622 quod
3286 1549 3543 1621 cogitare
3574 1549 3673 1603 de-

2030 1641 2234 1696 bemus
2292 1642 2363 1695 de
2420 1639 2719 1710 seraphim
2778 1643 2834 1693 et
2890 1638 3193 1693 cherubim
3224 1640 3283 1691 et
3312 1634 3534 1691 caeteris
3564 1634 3677 1690 vir-

2026 1729 2287 1797 tutibus;
2322 1730 2461 1801 quia
2492 1728 2817 1783 secundum
2852 1727 3152 1798 proprium
3184 1724 3453 1781 ordinem
3496 1723 3675 1779 etiam

252 1814 346 1867 καὶ
378 1817 490 1867 τῶν
521 1808 706 1867 ἄλλων
742 1809 1043 1884 δυνάμεων,
1070 1811 1153 1866 ὅτι
1192 1813 1329 1884 πρὸς
1374 1813 1473 1880 τήν
1522 1812 1719 1866 οἰκείαν
1769 1814 1911 1884 τάξιν

2031 1817 2291 1873 habitum
2324 1818 2607 1884 habeant;
2639 1816 2740 1887 qui
2770 1815 2929 1871 enim
2952 1814 3231 1888 τρισάγιον
3266 1813 3553 1885 hymnum
3585 1810 3677 1866 di-

253 1902 350 1956 καὶ
398 1902 462 1955 τὸ
509 1908 701 1975 σχῆμα
745 1898 966 1975 ἔχουσιν
1002 1920 1014 1932 ·
1053 1901 1105 1954 οἱ
1150 1901 1253 1974 γὰρ
1301 1901 1394 1954 τὸν
1424 1900 1698 1973 τρισάγιον
1748 1900 1913 1973 ὕμνον

258 1991 523 2065 Λάγοντες
551 1988 987 2061 πολυπρόσωποι
1021 2006 1129 2062 σχη
1142 1985 1796 2061 ματίζονται,δηλοῦντος
1818 1990 1914 2043 τοῦ

258 2078 460 2154 λόγου,
494 2079 576 2132 δτι
611 2075 868 2153 ἀσίγητός
918 2074 1028 2131 ἐστι
1072 2076 1163 2130 καὶ
1204 2074 1381 2139 πολὺς
1412 2077 1439 2131 6
1470 2076 1646 2131 αὐτῶν
1696 2076 1862 2150 ὕμνος
1896 2095 1912 2113 ο

256 2166 406 2222 οὕτω
436 2166 530 2221 καὶ
557 2166 681 2239 περὶ
713 2170 822 2220 τῶν
856 2165 979 2235 ἑξῆς
1010 2165 1233 2235 νόησον.

320 2254 392 2307 Τὸ
450 2258 685 2325 σημεῖον
746 2251 821 2313 είς
876 2253 944 2305 τὰ
1005 2252 1250 2324 μέτωπα.
1286 2250 1628 2325 Σημείωσαι,
1675 2252 1755 2307 ὅτι
1816 2254 1914 2322 τὴν

250 2342 397 2406 θείαν
463 2340 818 2415 προτῦπωσιν
875 2341 926 2410 ἐξ
980 2340 1183 2395 ἐκείνου
1242 2343 1614 2416 προεμήνυσε,
1667 2343 1728 2396 τὸ
1784 2342 1913 2404 τοὺς

254 2430 485 2493 πιστοὺς
519 2430 656 2485 κατὰ
680 2429 742 2483 τὸ
777 2430 1027 2504 μέτωπον
1056 2431 1099 2465 ⁵⁸
1136 2431 1237 2499 τήν
1294 2432 1563 2499 ζωοποιὸν
1619 2430 1911 2494 ἂπιτιθὲναι

258 2518 554 2598 σφραγῖδα,
589 2519 679 2574 καὶ
712 2520 1101 2595 περισώζεσθαι
1136 2519 1195 2573 ὲκ
1221 2523 1317 2573 τοῦ
1348 2519 1676 2593 ὀλοθρευτοῦ
1710 2538 1721 2550 ·
1768 2518 1915 2575 ἀλλὰ

254 2610 378 2663 τότε
440 2610 536 2681 μὶν
590 2606 811 2683 ἄγγελοι
863 2606 915 2662 ἰν
984 2609 1232 2681 σχήματι
1281 2609 1467 2683 ἱερέων
1515 2612 1676 2663 τοῦτο
1734 2614 1911 2663 ποιεῖν

255 2696 650 2767 ἐκελεύσθησαν
708 2702 825 2759 τοῖς
873 2696 1179 2760 ἀνευθύνοις
1214 2716 1227 2727 θ
1290 2699 1323 2766 ἡ
1381 2698 1481 2771 γὰρ
1545 2698 1685 2767 ζώνη
1744 2697 1833 2751 καὶ
1882 2698 1911 2750 6

257 2784 513 2862 ποδήρης
543 2787 721 2861 χιτὼν
749 2786 813 2840 τὸ
854 2786 1172 2860 ἱεροπρεπὲς
1199 2790 1305 2839 τῶν
1338 2786 1526 2859 ἱερέων
1572 2783 1739 2855 δηλοῖ
1778 2792 1914 2860 σχῆ-

257 2898 330 2947 μα
366 2895 378 2905 ·
414 2875 508 2929 νῦν
544 2872 604 2929 δὲ
650 2876 739 2929 καὶ
804 2876 990 2947 ἡμεῖς,
1047 2875 1255 2934 ἑαυτοῖς
1314 2874 1363 2927 οἱ
1422 2873 1605 2928 πιστοὶ
1660 2874 1759 2941 τὴν
1816 2876 1911 2927 τοῦ

255 2968 497 3038 σταυροῦ
569 2961 841 3041 σφραγῖδα
902 2984 1040 3018 κατα
1104 2963 1168 3017 τὸ
1237 2961 1486 3034 μέτωπον
1543 2960 1911 3031 ὲντυποῦντες,

253 3051 629 3131 διαφεύγομεν
680 3053 770 3106 τὸν
828 3050 1025 3127 ἐχθρόν
1063 3070 1075 3084 ⁸
1123 3048 1243 3106 ἰδοὺ
1302 3052 1388 3105 καὶ
1452 3048 1597 3121 ἄλλη
1648 3050 1910 3124 ὁμοίωσις

252 3140 497 3202 Ηαλαιῖες
542 3142 683 3217 πρὸς
742 3142 844 3209 τὴν
913 3141 1071 3197 Νέαν.
1126 3139 1444 3213 Σημείωσαι
1495 3137 1571 3211 δὲ,
1619 3141 1702 3195 ὅτι
1761 3138 1912 3194 αὗταί

2028 1910 2170 1961 cunt
2201 1907 2419 1961 multas
2462 1906 2678 1961 habere
2728 1904 2907 1960 facies
2956 1905 3243 1975 ﬁguntur,
3275 1916 3549 1958 sermone
3579 1903 3681 1955 de-

2028 1995 2307 2061 clarante,
2338 1996 2488 2065 quod
2521 1994 2864 2049 indesinens
2895 1993 2975 2048 sit
3016 1998 3074 2048 et
3104 1993 3380 2063 frequens
3410 1991 3678 2062 ipsorum

2026 2083 2282 2158 hymnus
2316 2101 2329 2139 :
2372 2084 2570 2155 itaque
2596 2084 2667 2138 de
2692 2081 2936 2154 reliquis
2968 2080 3250 2152 intellige.

2095 2261 2333 2329 Signum
2362 2263 2421 2315 in
2450 2261 2747 2331 frontibus.
2781 2259 2931 2317 Nota
2962 2248 3217 2315 divinam
3249 2255 3673 2330 praﬁguratio-

2026 2366 2160 2405 nem
2193 2366 2261 2404 ex
2291 2350 2390 2405 illo
2422 2348 2991 2420 praemonstravisse,
3021 2346 3222 2402 ﬁdeles
3244 2346 3304 2400 in
3322 2346 3511 2400 fronte
3528 2344 3673 2399 vivi-

2026 2438 2202 2493 ﬁcum
2236 2454 2526 2509 opponere
2575 2436 2857 2509 sigillum,
2890 2440 2950 2491 et
2991 2433 3321 2490 conservari
3365 2432 3437 2487 ab
3476 2436 3671 2487 exter-

2026 2526 2345 2595 minatore;
2380 2527 2479 2581 sed
2512 2530 2640 2581 tum
2674 2526 2914 2596 quidem
2946 2522 3135 2596 angeli
3160 2523 3220 2577 in
3250 2521 3455 2577 habitu
3477 2536 3672 2576 sacer-

2024 2617 2226 2670 dotum
2260 2616 2366 2671 hoc
2408 2615 2632 2686 iniquis
2680 2616 2781 2670 32
2830 2611 3190 2683 facerejussi
3242 2614 3424 2667 sunt:
3457 2608 3671 2681 cingu-

2023 2705 2147 2760 lum
2175 2694 2337 2760 enim
2369 2709 2425 2761 et
2471 2705 2674 2760 talaria
2722 2703 2947 2773 tunica,
2988 2703 3170 2758 sacris
3226 2699 3667 2757 convenientem

2024 2795 2396 2849 sacerdotum
2428 2793 2723 2866 signiﬁcat
2752 2791 3050 2859 habitum;
3104 2807 3257 2846 nunc
3303 2806 3434 2846 vero
3489 2789 3671 2844 etiam

2025 2899 2131 2938 nos
2189 2881 2388 2938 ﬁdeles
2438 2882 2607 2938 nobis
2657 2882 2803 2954 ipsis
2852 2880 3091 2953 signum
3137 2878 3329 2934 crucis
3377 2878 3437 2931 in
3479 2877 3671 2932 fronte

2024 2971 2449 3043 imprimentes,
2484 2971 2755 3041 fugamus
2803 2968 3070 3034 hostem;
3103 2982 3173 3022 en
3214 2970 3271 3022 et
3316 2964 3491 3021 aliam
3524 2981 3673 3031 quo-

2024 3077 2138 3132 que
2168 3058 2623 3115 similitudinem
2658 3058 2901 3131 Antiqui
2933 3055 3292 3113 Testamenti
3325 3070 3460 3110 cum
3491 3053 3673 3109 Novo.
3782 3110 3789 3121 ,

2026 3149 2175 3205 Nota
2204 3153 2421 3218 autem,
2454 3148 2561 3204 hos
2593 3164 2724 3204 esse
2752 3152 2874 3203 tres
2905 3146 3091 3202 trinos
3118 3144 3354 3201 ordines
3386 3142 3673 3213 intelligi-

251 3230 385 3285 εἰσιν
418 3231 476 3284 αἱ
506 3236 653 3303 τρεῖς
686 3226 961 3301 τριαδικαί
988 3228 1164 3299 τάξεις
1193 3232 1301 3282 τῶν
1330 3232 1540 3299 νοητῶν
1577 3226 1855 3301 δυνάμεων
1888 3248 1901 3261 ·

2031 3238 2224 3294 silium
2254 3237 2538 3293 virtutum
2573 3254 2586 3291 :
2623 3236 2848 3307 primus
2880 3234 3088 3301 ternio,
3121 3232 3339 3301 throni,
3372 3236 3495 3288 tum
3534 3230 3670 3285 che-

254 3322 448 3393 πρώτη
480 3322 656 3395 τριὰς,
689 3319 872 3395 θρόνοι
907 3338 919 3351 ’
964 3321 1079 3373 εἶτα
1128 3312 1426 3393 χερουϐἰμ,
1458 3320 1574 3372 εἶτα
1630 3316 1864 3395 σεραφίμ
1886 3336 1902 3353 ο

256 3406 484 3484 δευτέρα
574 3409 749 3483 τριὰς³
831 3407 1168 3483 κυριότητες,
1256 3406 1533 3480 δυνάμεις,
1618 3406 1849 3477 ἐξουσίαι
1887 3424 1901 3439 ·

256 3498 416 3551 αὗται
492 3497 581 3551 καὶ
654 3498 812 3570 μὲσαι
890 3495 1187 3571 λέγονται⁹
1247 3496 1405 3571 τρίτη
1479 3498 1655 3570 τριὰς⁹
1711 3494 1902 3571 ἀρχαὶ,

249 3585 622 3661 ἆρχάγγελοι,
698 3585 962 3661 ἄγγελοι·
1016 3590 1183 3658 κοινῷ
1255 3582 1312 3639 δὲ
1388 3584 1610 3658 ὀνόματι
1705 3586 1900 3647 πάντες

248 3675 511 3748 ἄγγελοι.

322 3762 607 3835 Εότιείας.
657 3763 789 3838 Περὶ
839 3762 1081 3833 εὐταξίας
1124 3766 1233 3817 τῶν
1278 3760 1537 3837 δευτέρων
1590 3762 1726 3837 πρὸς
1775 3762 1900 3823 τοὺς

244 3854 584 3927 ἆνωτὲρους.

316 3959 422 4012 Τὸν
502 3957 772 4012 Θειότατον
851 3952 1119 4030 Γαϐριήλ.
1182 3956 1524 4027 Σημείωσαι,
1589 3954 1671 4009 ὅτι
1732 3954 1822 4009 καὶ
1871 3956 1898 4008 6

248 4042 501 4121 Γαϐριὴλ
563 4048 666 4101 οὐκ
718 4044 830 4101 ἔστι
885 4049 994 4100 τῶν
1045 4045 1329 4119 ἀνωτέρων
1392 4042 1697 4118 δυνάμεων,
1754 4042 1903 4099 ἀλλὰ

244 4143 361 4192 τῶν
398 4135 720 4214 ὑφειμένων.

320 4225 652 4301 Ἰεραρχίας.

255 4322 527 4389 μυστικῆς
584 4312 871 4388 ἱεραρχίας
922 4313 990 4367 τὰ
1046 4311 1097 4366 ἰν
1153 4316 1222 4384 τῇ
1282 4310 1579 4383 Ἐκκλησία
1649 4311 1905 4387 γινόμενα

247 4407 495 4477 σήμερον
531 4422 543 4434 ·
578 4403 669 4457 καὶ
700 4402 803 4476 γὰρ
837 4402 887 4455 οἱ
918 4402 1083 4475 ἱερεῖς
1132 4398 1402 4477 σφραγῖδα
1458 4398 1754 4464 ἐπιτιθέασι
1806 4406 1904 4455 τοῦ

254 4497 531 4562 ζωοποιοῦ
583 4494 814 4564 σταυροῦ
865 4495 981 4553 τοῖς
1025 4493 1312 4564 προσιοῦσι
1362 4493 1440 4560 τῷ
1474 4488 1782 4564 μυστηρίῳ,
1816 4488 1905 4543 διὰ

741 4223 1083 4297 Σημείωσαι,
1131 4222 1213 4277 ὅτι
1302 4222 1529 4295 μίμημα
1607 4227 1706 4288 τῆς
1791 4221 1902 4277 ἅνω

2018 3327 2234 3393 ruhim,
2268 3325 2481 3381 deinde
2507 3325 2829 3397 seraphim.
2885 3323 3193 3379 Secundus
3240 3320 3433 3388 tertio,
3479 3320 3667 3375 domi-

2016 3415 2309 3484 nationes,
2367 3413 2641 3480 virtutes,
2697 3415 3052 3485 potestates;
3104 3410 3188 3465 bus
3232 3409 3409 3465 etiam
3453 3408 3658 3463 medias

2014 3503 2321 3569 dicuntur;
2354 3504 2566 3558 tertius
2622 3502 2833 3568 ternio,
2878 3501 3265 3572 principatus,
3297 3496 3659 3569 archangeli,

2012 3588 2202 3661 angeli
2238 3606 2251 3645 :
2281 3588 2581 3645 communi
2610 3592 2807 3645 autem
2838 3587 3075 3643 nomine
3106 3582 3366 3640 universi
3396 3582 3610 3655 angeli.

2084 3766 2219 3822 Boni
2244 3766 2475 3822 ordinis.
2512 3766 2589 3820 De
2618 3767 2776 3820 recto
2825 3762 3031 3818 ordine
3083 3759 3481 3816 secundorum
3514 3772 3654 3828 erga

2008 3855 2360 3926 superiores.

2088 3960 2515 4015 Divinissimum
2546 3956 2875 4013 Gabrielcm.
2908 3955 3057 4011 Nota
3103 3955 3281 4011 etiam
3328 3950 3659 4009 Gabrielem

2010 4066 2125 4105 non
2154 4064 2283 4105 esse
2313 4047 2685 4119 superiorum
2714 4048 3024 4111 virtutum,
3048 4044 3152 4100 sed
3182 4041 3550 4098 inferiorum.

2083 4225 2443 4283 Hierarchiaa.
2476 4226 2643 4289 Nota.
2676 4243 2745 4282 ea
2769 4241 2897 4296 quas
2927 4223 3102 4279 hodie
3135 4222 3194 4277 in
3226 4219 3485 4277 Ecclesia
3512 4219 3664 4274 ﬁunt

2012 4333 2142 4371 esse
2192 4316 2581 4371 imitationem
2644 4330 2911 4387 supernae
2961 4312 3220 4385 mystica
3274 4308 3658 4372 hierarchiie;

2013 4406 2231 4460 etenim
2263 4404 2598 4460 sacerdotes
2619 4403 2933 4474 imponunt
2954 4400 3191 4471 signum
3214 4397 3450 4453 viviﬁcaa
3473 4394 3661 4451 crucis

2015 4492 2427 4548 accedentibus
2459 4494 2529 4548 ad
2563 4495 3026 4555 sacramentum;
3059 4488 3198 4560 quia
3236 4485 3489 4557 separati
3522 4487 3663 4540 sunt

242 4583 309 4635 τὸ
368 4586 715 4655 χωρισθῆναι
776 4578 969 4639 αὐτοὺς
1024 4582 1131 4631 τῶν
1189 4577 1453 4643 ἀπίστων,
1512 4577 1601 4631 καὶ
1662 4576 1754 4632 ’ίνα
1809 4577 1900 4632 τὸν

2031 4582 2087 4636 Ib
2118 4580 2477 4651 inﬁdelibus,
2511 4590 2706 4652 atque,
2738 4584 2805 4635 ut
2833 4580 3059 4634 hostem
3105 4575 3449 4647 effugerint;
3494 4572 3665 4628 aliter

253 4670 458 4745 ἐχθρὸν
490 4666 825 4745 διαφύγωσιν
862 4685 873 4698 ο
907 4664 1097 4727 ἄλλως
1134 4686 1193 4720 τε
1239 4666 1329 4720 καὶ
1377 4665 1525 4736 τάξις
1581 4664 1905 4743 φυλάττεται

244 4760 388 4813 κατὰ
445 4758 545 4826 τήν
602 4756 753 4831 ἁγίαν
817 4754 1145 4825 Ἐκκλησίαν
1180 4771 1196 4789 ⁸
1254 4755 1283 4809 ὃ
1339 4754 1439 4830 γὰρ
1490 4760 1665 4809 ποιεῖν
1724 4754 1905 4810 ἐπιτέ-

242 4866 483 4919 τραπται
518 4846 547 4899 6
578 4841 960 4913 ὑποδιάκονος,
996 4842 1058 4897 οὐ
1091 4847 1337 4897 ποιοῦσιν
1377 4844 1428 4897 οἱ
1482 4840 1857 4917 ὑποδεέστεροι
1892 4862 1905 4876 ⁸

246 4933 340 4988 καὶ
372 4935 402 4987 ’ὁ
437 4938 586 4987 ποιεῖ
614 4934 642 4987 6
669 4926 1053 5008 πρεσϐύτερος,
1090 4930 1150 4985 οὐ
1210 4937 1357 4986 ποιεῖ
1411 4933 1438 4986 6
1496 4929 1777 4996 διάκονος’
1819 4934 1908 4987 καὶ

250 5021 452 5083 ἁπλῶς
510 5022 703 5089 εἰπεῖν,
764 5017 986 5084 ἕκαστος
1045 5016 1162 5094 ἔχει
1215 5022 1315 5088 τὴν
1391 5020 1700 5096 πρίπουσαν
1758 5023 1907 5094 αὐτῷ

250 5111 599 5187 λειτουργίαν
635 5131 648 5143 ·
683 5114 853 5181 κοινῷ
898 5106 954 5163 δὲ
1001 5109 1225 5181 ὀνόματι
1272 5108 1464 5171 πάντες
1510 5110 1768 5185 κληρικοὶ
1816 5112 1904 5165 καὶ

242 5200 567 5275 λειτουργοὶ
628 5199 946 5265 καλοῦνται,
982 5198 1055 5260 ὡς
1112 5198 1202 5251 καὶ
1256 5199 1306 5251 οἱ
1362 5196 1588 5273 ἄγγελοι
1620 5217 1635 5232 ⁸
1670 5199 1908 5264 ἐντεῦθεν

318 5374 385 5443 (c)
420 5370 629 5428 Matth.
662 5385 797 5442 xxv,
826 5369 921 5428 32.

2018 4686 2254 4742 quoque
2285 4670 2428 4724 ordo
2460 4670 2636 4725 etiam
2690 4670 2750 4723 in
2795 4672 3002 4723 sancta
3050 4664 3309 4721 Ecclesia
3358 4665 3660 4727 servatur;

2018 4758 2171 4829 quod
2204 4758 2360 4813 enim
2395 4759 2583 4814 iacere
2634 4757 2996 4813 subdiacono
3043 4754 3380 4820 mandatur,
3418 4748 3662 4804 minime

2020 4846 2243 4901 faciunt
2271 4846 2599 4913 inferiores,
2627 4851 2684 4902 et
2706 4847 2855 4916 quod
2878 4844 3017 4900 facit
3047 4842 3345 4905 sacerdos,
3378 4854 3491 4894 non
3521 4836 3662 4892 facit

2020 4934 2328 5002 diaconus,
2359 4940 2536 5007 atque
2566 4940 2631 4989 ut
2658 4934 2833 4989 verbo
2873 4931 3197 4999 absolvam,
3252 4926 3665 4997 unusquisque

2020 5022 2195 5079 habet
2233 5024 2587 5079 conveniens
2617 5023 2730 5079 sibi
2762 5016 3193 5084 ministerium;
3225 5014 3525 5072 communi
3553 5029 3661 5069 au-

2019 5116 2138 5167 tem
2196 5113 2433 5169 nomine
2483 5128 2687 5168 omnes
2734 5108 2931 5165 clerici
2974 5113 3031 5162 et
3075 5104 3331 5161 ministri
3360 5107 3660 5173 vocantur,

2023 5200 2178 5257 sicut
2206 5202 2382 5258 etiam
2414 5201 2607 5274 angeli
2644 5218 2656 5256 :
2691 5198 2846 5253 unde
2877 5193 3205 5267 intelligere
3234 5197 3485 5267 Oportet,
3516 5209 3662 5266 quo-

1246 5510 1485 5568 VARIJE
1524 5510 1906 5570 LECTIONES
1941 5512 2035 5570 ET
2074 5512 2630 5571 CORRECTIONES.

321 5670 362 5705 ⁵⁸
389 5666 496 5725 ὅτε.
578 5666 622 5703 ⁵⁷
656 5662 922 5739 ἆγγέλου.
998 5662 1043 5699 ⁸⁸
1071 5660 1385 5736 πρόσωπον.
