4042 6210
406 338 477 392 83
1227 341 1592 396 ΔΡΡΕΝΒΙΧ
1631 341 1728 394 AD
1766 339 2009 394 OPERA
2044 340 2073 392 ε

2219 337 2457 394 ONYSII
2496 339 3002 398 ABEOPAGITE.
3754 342 3825 398 84

409 459 584 516 modo
617 459 844 515 dictum
879 458 961 514 sit
993 475 1026 516 a
1054 458 1255 516 divino
1283 461 1580 534 Stephano
1615 477 1630 518 :
1664 462 1771 530 Qui
1786 461 2068 533 accepistis

2214 459 2292 534 μρὴ
2323 463 2488 528 νοεῖν,
2521 462 2639 522 πῶς
2671 455 2884 534 εἴρηται
2937 463 3016 531 τῷ
3068 456 3199 531 θείῳ
3258 461 3517 538 Στεφάνῳ
3549 480 3564 496 ’
3618 460 3830 528 οἵτινες

410 545 588 620 legem
628 552 690 605 in
730 549 1096 621 dispositione
1151 553 1506 622 angelorum,
1562 561 1614 610 et
1668 569 1780 610 non
1827 551 2065 609 custodi-

411 639 534 694 stis.
567 637 668 709 (d).

1036 729 1109 784 IN
1141 729 1298 786 CAP.
1331 731 1430 786 IX.

487 815 516 888 ἕ
582 814 600 870 l
651 815 1178 888 Superessentialem
1233 820 1346 876 eius
1400 819 1614 875 ordinis
1665 819 2064 890 principatum.

2173 543 2394 602 ἐλάϐετε
2441 547 2535 602 τὸν
2593 546 2762 621 νόμον
2823 547 2900 610 εἴς
2961 545 3214 624 διαταγὰς
3265 549 3535 626 ἀγγέλων,
3581 551 3674 606 καὶ
3732 552 3829 607 οὐκ

2174 634 2487 713 ἐφυλάξατε.

2665 730 2776 780 ΕΙΣ
2814 727 2902 782 ΤΟ
2941 726 3206 782 ΚΕΦΔΛ.
3247 727 3322 784 ϐ’.

2251 814 2280 887 ἓ
2328 817 2370 871 Ι.
2430 812 2774 890 Ὑπερούσιον
2846 813 3014 883 αἱτῆς
3081 814 3423 890 ταξιαρχίαν.
3477 815 3667 887 Αὐτῆς
3731 825 3831 888 τῆς

417 903 612 976 Ipsius
637 904 991 977 principium
1014 906 1282 962 facientis
1313 907 1678 980 principatus
1707 908 2071 963 demonstrat

2215 907 2488 977 ρχοποιοῦ
2536 904 2719 978 ἀρχῆς
2771 901 3050 979 ἀναφαίνει
3109 904 3207 972 τὴν
3260 903 3584 978 ὁπερούσιον
3615 909 3830 984 ταξιαρ-

418 993 969 1064 superessentialem
1002 995 1226 1052 ordinis
1280 996 1700 1070 principatum,
1732 995 1859 1068 ipse
1907 995 2068 1067 prin-

418 1081 722 1154 cipatuum
755 1083 918 1139 ordo.

491 1173 520 1239 §
548 1175 619 1226 II.
651 1172 1146 1243 Archangelorum.
1177 1174 1259 1230 De
1299 1173 1707 1247 archangelico
1751 1175 1983 1240 ornatu,
2017 1174 2075 1227 et

429 1259 572 1332 quid
601 1259 912 1332 signiﬁcet.

486 1349 847 1406 Hierarchia.
867 1350 1018 1406 Nota
1039 1351 1570 1409 universalitatem:
1596 1366 1830 1408 omnem
1848 1349 2074 1406 hierar-

2183 989 2308 1066 χίαν
2337 993 2477 1062 αύτή
2510 995 2545 1062 ἡ
2567 997 2678 1047 τῶν
2716 991 2906 1066 ἀρχῶν
2939 992 3108 1062 τάξις.

2253 1173 2281 1239 §
2307 1171 2378 1227 II.
2412 1168 2823 1246 Ἀρχαγγὲλων.
2858 1169 2990 1245 Περὶ
3019 1173 3118 1226 τοῦ
3147 1168 3560 1247 ἀρχαγγιλικοῦ
3598 1173 3831 1246 κόσμου,

2180 1256 2270 1312 καὶ
2299 1257 2352 1312 τί
2383 1254 2569 1328 δηλοῖ.

2253 1347 2551 1420 Ἱεραρχία.
2627 1347 2944 1421 Σημείωσαι
3015 1347 3079 1403 τὸ
3145 1347 3464 1418 ωθολικόν,
3529 1348 3614 1403 ὅτι
3691 1351 3834 1405 πᾶσα

425 1437 616 1494 chiam
645 1437 863 1495 habere
893 1440 1116 1510 primas
1162 1445 1221 1496 et
1259 1440 1486 1496 medias
1532 1445 1712 1512 atque
1748 1444 2073 1512 postremas

2214 1434 2436 1510 εραρχία
2491 1432 2608 1510 ἔχει
2666 1436 2912 1508 πρώτας,
2967 1435 3057 1491 καὶ
3118 1437 3304 1509 μὲσας,
3362 1438 3454 1492 καὶ
3519 1439 3836 1502 τεΛιυταίας

419 1525 689 1597 virtutes,
713 1527 823 1583 hoc
855 1532 946 1584 est
973 1532 1092 1586 tres
1122 1530 1311 1586 trinos
1343 1529 1601 1586 ordines.

493 1614 893 1684 Sanctissimis,
945 1617 1044 1673 Gr.
1124 1616 1470 1691 ἁγιωτάταις.
1525 1616 1712 1674 Scrib.
1761 1615 1850 1670 καὶ
1907 1615 2074 1689 ἱερω-

419 1700 623 1770 τάταις,
655 1712 710 1760 et
736 1707 1156 1763 sacratissimis.
1209 1707 1512 1772 Quomodo
1561 1705 1735 1762 etiam
1766 1704 1948 1760 divini
1979 1721 2072 1760 ar-

2184 1521 2464 1596 δυνάμεις,
2491 1524 2767 1580 τουτέστιν
2801 1526 2857 1579 αἱ
2883 1530 3030 1598 τρεῖς
3052 1523 3326 1602 τριαδικαὶ
3358 1527 3558 1598 τάξεις.

2251 1611 2632 1686 Ἀγιωτάταις.
2691 1619 2786 1688 Γρ.
2857 1615 2947 1669 καὶ
3015 1614 3359 1689 ἱερωτάταις.
3419 1621 3546 1679 Πῶς
3619 1618 3712 1672 καὶ
3786 1619 3837 1672 οἱ

2184 1703 2319 1756 θεῖοι
2379 1700 2717 1776 ἀρχάγγελοι
2767 1707 2887 1764 ταῖς
2943 1703 3051 1779 πρὸ
3107 1703 3282 1759 αὐτῶν
3331 1705 3421 1760 καὶ
3473 1707 3588 1778 μετ’
3641 1705 3836 1770 αὐτοὺς

423 1791 692 1865 changeli
721 1810 856 1850 cum
889 1795 1354 1867 praecedentibus
1392 1800 1450 1851 et
1497 1793 1884 1866 sequentibus
1913 1809 2072 1849 com-

2214 1793 2526 1848 .οινωνοῦσι.

419 1881 746 1938 municent.

493 1970 803 2028 Secundum
827 1976 1183 2044 postremum.
1237 1973 1404 2040 Quod
1453 1975 1752 2028 extremus
1800 1971 1876 2026 sit
1932 1971 2075 2026 ordo

431 2059 802 2132 angelorum,
826 2065 885 2118 et
905 2062 1192 2118 mundum
1224 2063 1542 2134 attingens.

800 2167 901 2222 88
935 2166 1276 2223 Postremus
1307 2166 1496 2222 trinus
1527 2167 1691 2222 ordo.

729 2254 1117 2324 Principatus,
1156 2252 1508 2325 Archangeli,
1544 2252 1760 2322 Angeli.

495 2358 559 2414 Et
591 2360 768 2428 magis
795 2359 885 2416 ad.
918 2361 1259 2416 Extremum
1292 2359 1558 2416 ordinem
1609 2358 1934 2416 caelestium
1964 2359 2076 2415 vir-

381 2455 384 2458 ’
422 2452 619 2503 tutum
651 2447 978 2520 digniorem
1007 2465 1138 2505 esse
1169 2447 1572 2521 appellarique
1605 2447 1868 2522 angelos,
1903 2451 1969 2504 ut
2001 2448 2074 2504 ad

421 2535 695 2592 homines
725 2538 1124 2606 accedentem,
1156 2554 1258 2610 per
1289 2554 1463 2610 quem
1498 2537 1672 2594 etiam
1722 2537 1922 2593 divina
1963 2537 2073 2593 ho-

425 2624 616 2681 mines
647 2625 987 2682 edocentur.

496 2715 636 2770 Nam
657 2715 878 2785 quidem
907 2731 1243 2787 supremum.
1298 2715 1556 2771 Primum
1607 2715 1933 2771 ternionem
1983 2730 2076 2771 se-

425 2802 618 2858 cundo
650 2819 815 2859 sacro
836 2820 1108 2876 praeesse,
1131 2807 1189 2860 et
1216 2804 1586 2860 secunudum
1616 2803 1809 2874 tertio;
1834 2804 2072 2859 tertium

425 2895 619 2947 autem
656 2891 728 2947 iis
781 2892 882 2963 qui
913 2893 1065 2947 inter
1111 2891 1386 2948 homines
1445 2892 1780 2948 sacerdotes
1828 2895 1986 2963 sunt,
2019 2897 2077 2947 et

425 2978 754 3051 inspiciunt
783 2997 851 3036 ea
882 2997 1008 3053 quae
1041 2981 1112 3038 ab
1143 2981 1292 3054 ipsis
1315 2980 1486 3036 ﬁunt.

496 3067 794 3124 Occultius.
865 3070 1168 3134 Quomodo
1225 3069 1315 3126 hs:
1385 3069 1626 3142 quidem
1685 3069 2074 3136 obscuriores,

425 3155 539 3211 ille
565 3172 698 3213 vero
732 3157 1057 3230 perspicua:
1087 3159 1274 3231 magis
1314 3160 1434 3214 sint
1464 3158 1822 3214 bierarchise.

500 3246 768 3301 Humanis
807 3245 1162 3302 hierarchiis.
1213 3246 1465 3310 Quinam
1516 3247 1685 3304 nobis
1717 3247 2076 3304 hierarchice

428 3333 686 3406 prmeint.
739 3333 891 3392 Nota
941 3335 1501 3391 demonstrationem
1544 3352 1613 3391 ex
1660 3335 1920 3404 Daniele,
1973 3336 2083 3391 hoc

431 3427 522 3479 est
550 3427 877 3479 extremum
926 3423 1192 3481 ordinem
1233 3423 1576 3481 hierarcbiaa
1629 3429 1841 3480 nostra;
1894 3425 2081 3497 impe-

394 3531 402 3542 '
433 3528 561 3568 rare
572 3556 583 3568 .

505 3601 642 3668 Quae
668 3603 859 3657 etiam.
887 3601 1396 3671 Subaudiendum,
1437 3611 1498 3658 ut
1543 3603 1614 3658 sit
1663 3601 1964 3658 secundum
1990 3617 2079 3657 or-

430 3689 636 3760 dinem,
670 3689 751 3744 ita
780 3695 846 3745 ut
876 3689 1011 3746 talis
1042 3691 1120 3746 sit
1150 3692 1506 3748 constructio
1540 3709 1553 3749 :
1586 3691 1859 3762 equidem
1891 3695 1955 3746 ut
1985 3707 2079 3746 se-

429 3776 688 3832 cundum
721 3776 986 3834 ordinem
1020 3777 1117 3849 sit,
1149 3783 1205 3834 et
1234 3778 1333 3850 qui
1366 3796 1397 3834 a
1428 3779 1565 3849 Deo,
1598 3783 1656 3834 et
1687 3782 1914 3834 caetera.

501 3866 651 3934 Quod
676 3867 728 3921 si
753 3867 1226 3938 quaerataliquis.
1280 3867 1581 3932 Quomodo
1634 3866 1808 3922 bonis
1853 3866 2078 3938 angelis

425 3954 705 4025 gentibus
733 3955 1040 4026 praefectis,
1095 3953 1260 4011 solus
1320 3954 1496 4011 Israel
1529 3960 1710 4011 Deum
1756 3971 2076 4028 cognosce-

427 4041 560 4096 bat:
586 4057 956 4113 unaquaeque
977 4043 1132 4098 enim
1164 4058 1310 4115 gens
1341 4042 1518 4098 habet
1547 4042 1824 4116 angelum
1851 4043 1962 4100 sibi
1987 4059 2077 4100 se-

427 4127 668 4196 lectum,
700 4128 852 4184 sicut
883 4129 1069 4184 Judai
1100 4129 1474 4198 Michaelem;
1522 4146 1690 4202 quem
1737 4149 1805 4188 ex
1851 4137 2075 4203 postre-

425 4229 523 4270 mo
554 4219 892 4272 sanctorum
928 4217 1268 4289 angelorum
1300 4217 1503 4273 ordine
1534 4233 1664 4274 esse
1696 4219 1859 4274 dicit.

495 4307 854 4376 Nequaquam
907 4305 1255 4377 angelorum.
1306 4306 1432 4361 Non
1484 4310 1722 4378 propter
1775 4306 2075 4379 imperan-

421 4391 572 4448 tium
619 4391 960 4465 angelorum
1005 4394 1238 4466 culpam
1290 4395 1430 4450 talia
1478 4395 1650 4462 dicit;
1693 4397 1795 4452 sed
1839 4401 2078 4468 propter

421 4481 723 4554 propriam
756 4481 1001 4540 liberam
1040 4484 1112 4540 ad
1144 4500 1213 4540 ea
1242 4499 1369 4556 quae
1403 4483 1649 4540 minime
1680 4483 1806 4540 fieri
1835 4484 2073 4556 debent,

420 4571 897 4643 propensionem.

489 4662 690 4717 Amore
716 4663 959 4732 proprio.
1019 4661 1186 4730 Nota,
1245 4663 1404 4734 quod
1472 4661 1725 4735 quisque
1784 4662 1899 4720 sibi
1956 4662 2069 4735 ipsi

2257 1970 2408 2026 Κατὰ
2453 1970 2516 2024 τὸ
2562 1969 2896 2030 τελευταῖον.
2928 1973 3046 2026 Ὅτι
3105 1969 3311 2047 ἐσχάτη
3359 1972 3508 2044 τάξις
3557 1971 3832 2050 ἀγγέλων,

2143 2091 2149 2100 ·
2183 2059 2274 2114 καὶ
2304 2057 2686 2135 περιχόσμιος.

2573 2167 2638 2224 ἸΙ
2667 2164 2950 2222 τελευταία
2978 2165 3232 2244 τριαδικὴ
3262 2169 3431 2240 τάξις.

2782 2256 3150 2333 Ἀρχάγγελοι
3169 2303 3185 2329 ,
3401 2256 3690 2336 Ἄγγελοι.

2255 2359 2353 2416 Καὶ
2390 2357 2602 2434 μᾶλλον
2649 2359 2802 2436 πρός.
2836 2363 2960 2420 ’Ότι
2991 2365 3026 2432 ἡ
3057 2361 3343 2418 τελευταία
3390 2365 3540 2438 τάξις
3583 2369 3691 2421 τῶν
3741 2363 3836 2420 ού-

2187 2447 2386 2525 ρανίων
2421 2445 2698 2523 δυνάμεων
2735 2447 2950 2523 μᾶλλον
2979 2449 3099 2524 ἀξία
3128 2451 3268 2507 ἐστὶν
3301 2449 3532 2528 ἄγγελοι
3564 2473 3838 2530 προσαγο-

2187 2536 2454 2613 ρεύεσθαι,
2486 2538 2560 2599 ὡς
2622 2537 3000 2608 πλησιάζουσα
3042 2539 3371 2614 ἀνθρώποις,
3405 2539 3475 2596 δι’
3521 2544 3590 2612 ἧς
3636 2542 3725 2598 καὶ
3771 2545 3841 2598 τὰ

2185 2630 2302 2690 θεῖα
2338 2629 2594 2700 μυοῦνται
2627 2624 2930 2702 ἄνθρωποι.

2251 2715 2360 2784 Τὴν
2392 2715 2486 2788 μὲν
2530 2715 2633 2790 γὰρ
2679 2716 3003 2790 ὑπερτάτην.
3037 2717 3163 2773 ’Ότι
3201 2719 3236 2786 ἡ
3288 2718 3479 2792 πρώτη
3523 2717 3680 2793 τριὰς
3735 2726 3836 2790 τῆς

2185 2799 2436 2877 δευτέρας
2487 2804 2758 2879 ἱεραρχεῖ,
2791 2803 2880 2858 καὶ
2924 2806 2959 2873 ἡ
3006 2801 3225 2878 δευτέρα
3279 2811 3378 2874 τῆς
3421 2806 3612 2881 τρίτης
3640 2827 3654 2840 ·
3690 2810 3724 2877 ἡ
3781 2806 3838 2862 δὲ

2181 2891 2336 2966 τρίτη
2368 2896 2477 2946 τῶν
2510 2891 2562 2946 ἐν
2586 2891 2895 2967 ἀνθρώποις
2924 2892 3136 2970 ἱερέων,
3162 2895 3250 2948 καὶ
3307 2893 3542 2972 ἐφορῶσι
3593 2897 3659 2950 τὰ
3707 2899 3836 2972 παρ’

2185 2980 2358 3036 αὐτῶν
2390 2979 2719 3054 τελούμενα.

2254 3067 2789 3148 Κρυφιοειδὲστερον.
2837 3076 2960 3133 Πῶς
3008 3071 3060 3126 αἱ
3115 3071 3208 3146 μὲν
3258 3073 3646 3150 κρυφιώτεραι,
3674 3075 3730 3130 αἱ
3781 3073 3839 3130 δὲ

2188 3156 2578 3235 ὲμφανὲστεραι
2609 3159 2905 3235 ἱεραρχίαι.

2263 3249 2398 3310 Ταῖς
2463 3247 2825 3321 ἀνθρωπείαις
2882 3249 3211 3325 ἱεραρχίαις.
3242 3250 3390 3312 Τίνες
3440 3252 3600 3324 ἡμῶν
3658 3252 3842 3328 ἱεραρ-

2191 3339 2368 3410 χικῶς
2401 3334 2747 3414 ἐφεστήκασι.
2782 3338 3100 3410 Σημείωσαι
3150 3340 3251 3407 τὴν
3301 3336 3571 3410 ἀπόδειξιν
3623 3339 3685 3394 ἐκ
3740 3346 3841 3396 τοῦ

2193 3422 2418 3497 Δανιὴλ,
2446 3427 2720 3480 τουτέστιν
2756 3424 2990 3502 ἐσχάτην
3017 3427 3162 3500 τάξιν
3191 3426 3493 3484 ἐπιστατεῖν
3525 3431 3570 3465 ⁸⁸
3595 3435 3697 3498 τῆς
3724 3432 3842 3485 καθ’

2191 3515 2340 3586 ἡμᾶς
2370 3513 2670 3590 ἱεραρχίας.

2260 3602 2364 3656 Καὶ
2404 3602 2510 3675 μὴν
2541 3603 2632 3657 καὶ
2661 3605 2718 3673 ἠ.
2753 3605 2902 3660 Κατὰ
2928 3609 3116 3660 κοινοῦ
3163 3606 3225 3660 τὸ
3267 3604 3358 3660 ἵνα
3404 3605 3441 3680 ᾖ
3475 3605 3611 3661 κατὰ
3663 3608 3838 3678 τάξιν,

2192 3691 2266 3752 ὡς
2299 3689 2432 3744 εἶναι
2457 3692 2558 3761 τὴν
2590 3691 2857 3762 σύνταξιν,
2886 3693 2976 3748 καὶ
3010 3695 3119 3767 μὴν
3144 3692 3236 3749 *ίνα
3263 3695 3400 3750 κατά
3425 3695 3572 3766 τάξιν
3609 3695 3646 3770 ᾖ
3678 3696 3771 3752 καὶ
3801 3699 3835 3767 ἡ

2190 3777 2336 3851 παρὰ
2363 3784 2518 3850 Θεοῦ,
2549 3779 2640 3834 καὶ
2669 3781 2736 3834 τὰ
2765 3781 2910 3853 ἑξῆς.

2260 3867 2326 3922 Et
2357 3865 2414 3922 δέ
2460 3890 2545 3931 τις
2594 3869 2750 3945 φαίη.
2784 3871 2910 3934 Πῶς
2955 3871 3201 3945 ἀγγέλων
3247 3873 3459 3948 ἀγαθῶν
3517 3871 3838 3950 ἐφεστώτων

2183 3961 2301 4017 τοῖς
2353 3954 2546 4029 ἔθνεσι,
2611 3956 2774 4030 μόνος
2821 3957 2848 4011 ὁ
2906 3956 3124 4033 Ἰσραήλ
3184 3959 3442 4036 ἐγίνωσκε
3498 3960 3588 4016 τὸν
3652 3963 3784 4018 Θεόν
3819 3980 3834 3995 ⁸

2183 4042 2406 4100 ’ἕκαστον
2457 4045 2560 4121 γὰρ
2619 4042 2771 4109 ἔθνος
2821 4043 3048 4123 ἄγγελον
3102 4044 3220 4124 ἔχει
3293 4049 3834 4126 άποκεκληρωμένον

2186 4132 2354 4204 αὐτῷ,
2388 4133 2462 4195 ὡς
2496 4131 2759 4190 Ἰονδαῖοί
2786 4136 2876 4190 τὸν
2910 4136 3168 4212 Μιχαὴλ,
3197 4138 3255 4194 ὃν
3304 4137 3394 4193 καὶ
3449 4145 3551 4210 τῆς
3601 4138 3842 4214 ἐσχάτης

2181 4221 2382 4292 τάξεως
2412 4225 2520 4276 τῶν
2551 4221 2718 4297 ἁγίων
2747 4222 2994 4299 ἀγγέλων
3025 4226 3205 4304 φησίν.

2253 4309 2376 4365 ’Ότι
2456 4310 2530 4383 μή
2608 4309 2702 4373 τὰς
2754 4315 2862 4366 τῶν
2922 4313 3190 4389 ἀγγέλων.
3249 4314 3322 4371 ού
3380 4315 3528 4391 παρᾶ
3574 4317 3677 4386 τὴν
3729 4321 3842 4372 τῶν

2183 4397 2610 4455 ἐπιστατούντων
2637 4399 2885 4476 ἀγγέλων
2929 4401 3104 4458 αἰτίαν
3137 4404 3266 4480 φησὶ
3300 4404 3362 4460 τὸ
3407 4409 3648 4474 τοιοῦτο,
3691 4403 3841 4462 ἀλλὰ

2181 4487 2328 4562 παρὰ
2377 4487 2477 4557 τήν
2537 4486 2742 4543 οἲκείαν
2800 4489 3141 4564 αὐτεξούσιον
3197 4491 3334 4568 πρὸς
3381 4491 3448 4548 τὰ
3502 4494 3578 4566 μὴ
3640 4491 3840 4550 δέοντα

2325 2253 2526 2330 ’Δρχαὶ
2546 2301 2562 2328 ,

2097 4563 2143 4628 D
2176 4574 2374 4653 ῥοπήν.

2251 4668 2332 4738 Τῇ
2385 4662 2662 4739 φιλαυτία.
2724 4666 3042 4741 Σημείωσαι
3088 4666 3171 4723 ὅτι
3218 4665 3441 4732 ἕκαστος
3518 4670 3693 4742 ἑαυτῷ
3746 4669 3836 4726 αἶ’-

419 4767 597 4807 causa
625 4751 764 4808 boni
790 4754 847 4807 et
877 4751 1017 4807 mali
1049 4753 1328 4821 exsistat;
1375 4769 1535 4810 amor
1565 4758 1762 4810 autem
1809 4756 2071 4826 proprius

2217 4774 2294 4816 ιος
2342 4753 2432 4808 καὶ
2478 4759 2578 4810 τοῦ
2619 4755 2824 4830 ἀγαθοῦ
2871 4758 2958 4812 καὶ
2991 4760 3089 4812 τοῦ
3121 4762 3289 4813 κακοῦ
3327 4776 3345 4796 ο
3369 4759 3433 4814 τὸ
3465 4756 3523 4814 δὲ
3576 4758 3838 4837 φιλαυτία

417 4844 477 4896 et
500 4842 822 4913 pervicacia
871 4841 1170 4913 aequaliter
1217 4843 1332 4899 sibi
1364 4843 1849 4915 complacentiam
1883 4842 2070 4916 signi-

416 4929 618 4986 ﬁcant.

487 5020 599 5075 Hoc
627 5021 809 5092 ipsum
839 5021 1217 5090 conﬁrmatur.
1247 5019 1374 5076 Non
1405 5021 1562 5093 quod
1609 5026 1760 5078 Deus
1796 5019 2072 5077 Israelem

416 5106 608 5163 solum
639 5108 900 5181 elegerit,
923 5109 1021 5166 sed
1057 5111 1214 5181 quod
1237 5110 1400 5167 solus
1425 5109 1600 5166 Israel
1621 5107 1868 5164 voluerit
1889 5114 2070 5164 Deum

433 5195 640 5265 sequi:
688 5197 773 5255 ita
802 5199 957 5256 enim
997 5199 1403 5272 interpretatio
1441 5198 1715 5254 dictionis
1759 5197 2072 5270 signiﬁcat,

415 5300 573 5342 mens
592 5286 764 5343 Deum
796 5289 983 5346 videns
1004 5308 1022 5346 :
1043 5291 1124 5347 sic
1157 5291 1482 5364 intelligere
1512 5291 1812 5363 debemus,
1849 5307 1976 5364 quas
2008 5291 2068 5346 in

488 5407 566 5482 (ἀ)
587 5412 714 5466 Act.
746 5427 844 5480 vn,
875 5414 965 5469 53.

2179 4843 2270 4898 καὶ
2295 4840 2550 4908 αὐθάδεια
2579 4842 2640 4900 ἐκ
2668 4842 3036 4922 παραλλήλου
3064 4847 3128 4902 τὸ
3158 4847 3488 4924 αὖτάρεσκον
3520 4845 3705 4919 δηλοῖ.

2250 5023 2428 5078 Τοῦτο
2461 5019 2518 5078 δὲ
2554 5028 2924 5099 μαρτυρεῖται.
2961 5025 3082 5101 Οὐχ
3113 5025 3194 5080 ὅτι
3229 5027 3258 5081 ὁ
3287 5027 3418 5089 Θεὸς
3466 5027 3557 5082 τὸν
3611 5027 3841 5104 Ἰσραὴλ

2187 5109 2350 5183 μόνον
2391 5108 2688 5184 ἐξελέξατο,
2721 5111 2849 5169 ἀλλ’
2878 5113 2960 5169 ὅτι
2993 5115 3022 5168 ὁ
3051 5113 3274 5189 Ἰσραὴλ
3337 5114 3508 5188 μόνος
3553 5111 3841 5188 ἐϐουλήθη

2179 5196 2398 5254 ἕπεσθαι
2425 5205 2542 5273 Θεῷ
2575 5218 2591 5234 ⁸
2624 5201 2766 5257 οὕτω
2795 5203 2896 5279 γὰρ
2931 5202 3040 5276 [καὶ
3072 5205 3132 5277 ἡ]
3165 5203 3424 5281 ἑρμηνεία
3479 5207 3577 5275 τῆς
3633 5203 3841 5276 λέξεως

2183 5287 2456 5362 σημαίνει,
2487 5294 2613 5354 νοῦς
2669 5291 2811 5368 ὁρῶν
2869 5293 3006 5365 [τὸν]
3056 5292 3186 5348 Θεόν
3220 5311 3234 5326 ⁶
3288 5292 3431 5350 οὕτω
3474 5299 3616 5351 νοεῖν
3675 5295 3838 5374 ὀφεί-

1413 5540 1651 5602 νΑΗΙᾸΞ
1690 5539 2084 5602 LECTIONES
2121 5539 2216 5599 ET
2255 5539 2814 5601 CORRECTIONES.

491 5649 536 5687 ⁸9
561 5649 645 5706 ὅτι
676 5649 766 5704 καὶ
796 5649 830 5719 ἡ
865 5645 1071 5726 ἐσχάτη
1103 5651 1248 5723 τάξις
1277 5653 1570 5715 ἐπιστατεῖ.
