4042 6210
310 347 379 402 85
1020 354 1077 406 8.
1118 351 1386 405 ΜΔΧᾸΜΙ
1423 348 1729 404 SCHOLIA
1765 350 1840 403 IN
1879 348 1946 402 LI

2069 348 2153 400 DE
2189 348 2514 403 CGLESTI
2554 348 3026 403 ΗΙΕΒΑΒΟΗΙΑ.
3655 347 3729 401 86

310 469 479 545 λομεν
530 472 598 527 τὰ
645 470 697 526 ἒν
746 474 815 546 τῇ
868 470 986 546 ᾠδῇ
1036 475 1318 537 Μωϋσέως
1364 475 1647 551 εἰρημένα,
1694 474 1946 547 Ἐγενήθτ

2074 476 2299 532 cantico
2330 476 2545 549 Moysis
2575 477 2729 532 dicta
2759 480 2919 545 sunt,
2952 478 3147 531 Factus
3178 480 3263 530 est
3286 477 3464 547 portio
3493 479 3723 534 Domini

312 562 465 634 μερὶς
524 562 729 636 Κυρίου
806 561 1106 636 σχοίνισμα
1177 560 1397 635 Ἰακὼϐ,
1457 567 1589 641 ὅπερ
1649 562 1817 634 δηλοῖ
1870 562 1946 617 τὸη

2072 566 2361 637 funiculus
2386 568 2549 623 Iacob
2580 567 2669 639 (θ).
2698 567 2855 639 quod
2902 565 3197 638 signiﬁcat
3245 565 3548 634 Israelem;
3601 584 3720 622 non

308 651 559 724 Ἰσραήλ’
595 649 754 725 οὖχὸ
788 652 919 713 Θεὸς
966 652 1071 726 γὰρ
1119 651 1212 707 τὸν
1268 654 1490 727 Ἰσραήλ
1544 655 1710 727 μόνον
1761 653 1939 725 ἀγαπᾷ

2072 656 2228 711 enim
2260 656 2415 712 Deus
2447 656 2637 711 solum
2671 654 2947 711 Israelem
2973 653 3185 725 diligit,
3219 654 3719 725 quemadmodum

306 740 378 800 ὡς
410 740 506 795 καὶ
536 741 565 794 6
600 738 935 803 Ἀπόστολος
980 740 1276 817 πολλαχοῦ
1326 741 1599 814 ἐδήλωσεν
1641 740 1828 797 εἰπών’
1864 740 1946 796 Mi

2070 745 2244 801 etiam
2279 744 2591 816 Apostolus
2623 760 2773 816 saepe
2806 742 3124 800 declaravit
3149 742 3350 798 dicens
3384 758 3397 797 :
3432 741 3622 798 Nonne
3640 747 3721 799 est

308 828 405 883 οὐκ
456 824 603 883 ἔστιν
666 830 695 884 6
744 830 876 893 Θεὸς
932 831 1020 884 καὶ
1065 829 1283 901 ἐθνῶν;
1336 834 1419 886 ναὶ
1470 831 1558 887 χαί
1615 831 1820 899 ἐθνῶν,
1882 827 1946 883 εἴ·

2069 836 2206 890 Deus
2231 838 2399 891 etiam
2443 835 2738 907 gentium?
2785 837 2863 889 ita
2912 836 3087 889 etiam
3134 835 3407 905 gentium,
3448 833 3721 905 siquidem

305 938 404 991 περ
466 920 542 982 εἷς
601 919 629 972 6
682 919 835 980 Θεός·
876 916 1001 972 ἀλλ’
1060 920 1087 972 6
1147 920 1367 995 Ἰσραὴλ
1427 927 1643 997 πρῶτος
1689 918 1946 993 ἐπορεύθη

2069 942 2209 981 unus
2240 927 2380 981 Deus
2411 926 2474 997 (Γ)
2527 944 2545 980 .·
2597 926 2697 981 sed
2725 923 2901 980 Israel
2945 925 3176 995 primus
3211 923 3313 978 ivit
3344 927 3477 995 post
3505 923 3716 990 Deum,

305 1005 523 1063 ὄπισθεν
559 1013 716 1077 Θεοῦ,
768 1007 883 1063 ἐπεὶ
929 1007 1145 1085 ὕστερον
1195 1010 1432 1073 ἀποστὰς
1480 1012 1572 1067 καὶ
1620 1011 1777 1071 αὐτὸς
1824 1010 1946 1064 ἀπε-

2073 1031 2206 1070 cum
2233 1020 2437 1086 postea
2457 1014 2688 1084 defecit,
2713 1014 2839 1086 ipse
2863 1028 3095 1085 quoque
3118 1012 3383 1083 abjectus
3413 1016 3504 1068 est
3528 1029 3543 1080 ;
3574 1010 3719 1068 libe-

304 1094 549 1173 διώχθη·
580 1098 644 1152 τὸ
674 1097 777 1173 γὰρ
813 1097 1157 1169 αὐτεξούσιον
1192 1097 1414 1174 ἔχοντες
1446 1101 1497 1155 οἱ
1539 1099 1839 1176 ἅνθρωποι,
1866 1096 1946 1153 ὅτε

2069 1121 2196 1161 rum
2226 1106 2383 1161 enim
2444 1105 2753 1161 arbitrium
2794 1104 3079 1159 habentes
3136 1102 3435 1170 homines,
3480 1103 3718 1175 quando

304 1185 546 1257 θέλουσι,
579 1189 796 1241 ποιοῦσι
825 1189 917 1241 τὸν
950 1188 1078 1243 Θεὸν
1114 1190 1230 1261 μεθ’
1260 1190 1485 1244 ὲαυτῶν.

2069 1193 2286 1263 volunt,
2317 1198 2503 1249 Deum
2535 1193 2644 1249 sibi
2676 1195 3022 1265 praesentem
3054 1190 3298 1248 faciunt.

371 1273 729 1341 Πεπονθέναι.
761 1277 885 1333 Ὅτι
912 1276 1001 1331 καὶ
1034 1277 1061 1331 6
1092 1276 1316 1351 Ἰσραὴλ
1348 1277 1506 1340 αὐτὸς
1536 1277 1763 1348 ἀπέστη.

2132 1284 2235 1337 84
2264 1285 2499 1339 Passum
2532 1282 2847 1345 ssse.Quod
2874 1280 3049 1336 etiam
3070 1279 3198 1351 ipse
3221 1279 3399 1336 Israel
3417 1280 3713 1337 defecerit.

370 1367 549 1436 Ζωήν.
584 1368 710 1423 Ὅτι
738 1364 1083 1435 αὒτεξούσιος
1115 1367 1143 1420 6
1174 1364 1477 1443 ἄνθρωπος.

2138 1369 2330 1424 Vitam.
2361 1368 2523 1431 Quod
2556 1368 2730 1423 homo
2764 1365 2857 1422 sui
2889 1364 2966 1422 sit
2986 1363 3164 1435 juris.

372 1456 610 1527 Ὀψεων.
641 1455 813 1528 Ὅπερ
864 1453 1091 1518 ἐνταῦθά
1140 1476 1302 1531 φησιν
1336 1456 1363 1510 6
1395 1456 1605 1529 Πατὴρ,
1644 1458 1805 1510 τοῦτο
1859 1456 1946 1508 καὶ

2132 1458 2442 1515 Oculorum.
2496 1458 2660 1521 Quod
2711 1456 2806 1513 hic
2859 1460 3026 1512 Pater
3055 1456 3139 1512 ait
3168 1472 3182 1513 :
3214 1456 3323 1512 hoc
3361 1472 3597 1528 quoque
3647 1457 3708 1513 in

299 1542 385 1598 ἰπὶ
418 1547 520 1598 τοῦ
549 1543 787 1613 ἡλιακοῦ
813 1545 993 1619 φωτὸς
1027 1545 1314 1619 γινόμενον
1348 1543 1488 1599 ἔστιν
1534 1541 1689 1614 ἲδεῖν,
1721 1542 1809 1598 ἐπὶ
1853 1542 1945 1615 μὲν

2069 1547 2237 1604 solari
2268 1548 2493 1603 lumine
2523 1547 2650 1603 ﬁeri
2680 1546 2875 1603 videre
2903 1545 3056 1615 licet,
3090 1547 3150 1601 in
3190 1545 3707 1617 transparentibus

299 1636 407 1686 τῶν
458 1629 734 1707 διαφανῶν
782 1630 953 1703 ὑλῶν,
991 1634 1092 1701 τήν
1131 1633 1333 1687 οἰκείαν
1393 1630 1632 1688 διάδοσιν
1681 1632 1946 1704 ποιουμὲ-

2069 1637 2297 1709 quidem
2330 1637 2673 1709 corporibus
2705 1635 3001 1707 propriam
3035 1635 3282 1691 faciente
3308 1634 3707 1691 communica-

297 1741 416 1777 νου·
452 1721 541 1777 ἐπὶ
576 1719 635 1777 δὲ
662 1726 768 1776 τῶν
800 1723 1120 1797 παχυτέρων
1150 1721 1258 1798 οὐχ
1287 1722 1522 1794 ὁμοίως,
1554 1719 1682 1776 ἀλλ’
1718 1722 1745 1791 l3
1772 1722 1943 1790 πάντη

2069 1727 2309 1795 tionem;
2342 1726 2401 1781 in
2434 1725 2823 1782 crassioribus
2856 1728 3052 1780 autem
3105 1740 3220 1779 non
3270 1722 3565 1793 similiter,
3598 1725 3705 1779 sed

302 1808 611 1874 ἀδιαδότως
659 1812 695 1881 ἢ
743 1808 1026 1885 ἀμυδρῶς.
1075 1812 1247 1885 ’Όπερ
1298 1812 1387 1865 οὗν
1441 1811 1666 1866 ἐνταῦθα
1730 1809 1791 1865 τὸ
1846 1813 1946 1875 τῆς

2069 1819 2161 1870 aut
2190 1815 2429 1871 omnino
2451 1812 3108 1881 incommunicahiliter,
3132 1812 3517 1879 autobscure;
3548 1812 3707 1883 quod

304 1898 447 1969 ὕλης
496 1897 753 1978 διάφορον
785 1906 954 1967 ποιεῖ,
986 1904 1147 1955 τοῦτο
1196 1899 1283 1954 ἐπὶ
1311 1908 1412 1970 τῆς
1440 1900 1585 1963 θείας
1621 1898 1946 1973 ἐλλάμψεως

2069 1903 2244 1975 igitur
2294 1903 2389 1958 hic
2449 1903 2759 1959 diversitas
2810 1901 3073 1973 corporis
3130 1900 3292 1965 facit,
3334 1900 3446 1956 hoc
3503 1900 3563 1955 in
3620 1899 3709 1954 di-

301 1991 337 2057 ἡ
370 1984 625 2060 ἀνισότης
651 1996 753 2059 τῆς
783 1988 1125 2061 αὐτεξουσίου
1156 1987 1441 2065 ἐργάζεται
1466 1988 1665 2065 ῥοπῆς.

370 2166 759 2239 Ἀνομοιότης.
811 2168 1093 2237 Τουτέσει,
1122 2170 1231 2221 τῶν
1280 2169 1379 2220 τοῦ
1425 2169 1525 2219 νοῦ
1572 2163 1872 2243 ὀφθαλμῶν
1911 2168 1946 2235 ἡ

295 2258 629 2331 παρατροπή
642 2299 656 2313 .

365 2346 438 2401 Ἦ
497 2342 786 2408 παντελῶς
841 2344 1136 2417 ἀμὲθεκτον
1194 2348 1368 2401 ποιεῖ.
1426 2344 1566 2417 Ὅρα
1620 2346 1738 2404 πῶς
1786 2364 1945 2419 φησιν

294 2434 445 2504 ἡμᾶς
475 2430 675 2493 αὐτοὺς
706 2430 914 2494 αΐτίους
947 2431 1080 2486 εἶναι
1109 2436 1207 2486 τοῖ’)
1261 2428 1506 2503 δέξασθαι
1537 2432 1637 2499 τὴν
1667 2428 1945 2504 ἓλλαμψιν

296 2524 394 2591 τὴν
420 2521 595 2593 θείαν,
630 2520 665 2589 ἢ
700 2518 909 2595 ὀλίγον,
949 2522 983 2591 ἢ
1027 2518 1172 2575 πολὺ
1224 2520 1394 2590 αὐτῆς
1444 2518 1715 2595 δέχεσθαι,
1748 2520 1783 2587 ἢ
1811 2540 1947 2573 παν-

299 2609 471 2671 τελῶς
535 2607 708 2682 μηδὶν
768 2608 933 2677 αὐτῆς
993 2606 1343 2681 εἰσδέξασθαι,
1404 2607 1527 2663 ὅταν
1586 2609 1723 2680 πρὸς
1778 2606 1945 2676 αὐτὴν

303 2699 583 2754 ἀντίτυποι
614 2699 920 2774 γενώμεθα,
952 2699 1118 2752 οἱονεὶ
1167 2697 1398 2771 σκληροὶ
1428 2695 1552 2765 ἤτοι
1584 2695 1804 2751 λίθινοι·
1838 2718 1944 2775 φη-

300 2787 380 2841 σὲν
440 2788 536 2842 οὖν
599 2786 652 2842 ἐν
698 2785 1055 2860 Εὐαγγελίοις
1099 2786 1262 2849 αὐτὸς
1308 2788 1337 2840 6
1382 2786 1603 2859 Κύριος
1656 2786 1884 2840 Δύναται
1917 2787 1945 2840 6

298 2878 423 2938 Θεὸς
505 2876 569 2931 ἐκ
629 2880 741 2930 τῶν
818 2873 986 2930 Λίθων
1066 2875 1272 2930 τούτων
1350 2875 1554 2950 ἐγεῖραι
1626 2877 1787 2930 τὲκνα
1866 2880 1946 2947 τῷ

298 2960 574 3037 Ἀϐραάμ·
611 2965 745 3039 ὅπερ
776 2965 876 3039 γὰρ
908 2966 1045 3037 ἡμῖν
1080 2962 1317 3039 σκληρὸν
1350 2965 1438 3019 καὶ
1470 2962 1753 3033 ἇδύνατον,
1783 2969 1945 3020 τοῦτο

296 3058 372 3125 τῷ
402 3058 524 3125 Θεῷ
556 3050 805 3109 δυνατόν.

365 3144 561 3213 Ἡμεῖς
621 3140 1003 3214 ἆνενεύσαμεν.
1064 3140 1413 3212 Σημείωσαι,
1475 3140 1712 3214 μάλιστα
1767 3141 1943 3197 ἐντεῦ-

302 3243 381 3294 θεν
430 3206 842 3302 έπιστομίζεται
873 3206 919 3267 δο
945 3231 1043 3299 τήν
1095 3206 1314 3306 ἄξαιρόν
1360 3206 1522 3285 τινων
1572 3230 1661 3286 καὶ
1692 3228 1944 3307 ἀδιάκρι-
1975 3206 2019 3275 C

299 3340 387 3374 τον
438 3317 815 3387 ἀπαιδευσίαν,
868 3320 919 3374 οἳ
950 3318 1204 3392 τολμῶσι
1252 3321 1492 3395 φάσκειν,
1522 3319 1590 3374 τὰ
1638 3326 1755 3384 θεῖα
1782 3323 1947 3376 ταῦτα

305 3410 702 3483 συγγράμματα
732 3405 1163 3483 Ἀπολλιναρίου
1186 3409 1337 3479 εἶναι,
1376 3410 1450 3481 μὴ
1481 3411 1525 3446 ⁶¹
1558 3407 1618 3464 ἐκ
1642 3414 1749 3464 τῶν
1776 3430 1945 3485 προσ-

306 3498 467 3551 ώπων
499 3495 576 3550 ὧν
631 3497 957 3570 μνημονεύει
1000 3498 1537 3571 καταστοχαζόμενοι
1579 3505 1677 3568 τῆς
1712 3499 1946 3575 ἀρχαιό-

302 3605 467 3655 τητος
498 3588 593 3638 τοῦ
643 3583 862 3659 ἀνδρὸς,
895 3584 1040 3641 ἀλλά
1086 3583 1521 3663 ψευδεπίγραφον
1568 3586 1815 3663 λὲγοντες
1844 3590 1943 3658 τήν

306 3673 586 3728 Διονυσίου
612 3675 1010 3751 προσηγορίαν·
1045 3673 1184 3749 μηδὲ
1206 3678 1287 3731 ὅτι
1319 3681 1409 3731 νῦν
1441 3675 1493 3746 ἐξ
1525 3674 1943 3752 εἰδωλολατρῶν

298 3765 444 3818 εἶπεν
476 3763 635 3818 αὐτὸν
684 3766 729 3801 ⁸³
760 3762 1095 3839 ἐπιπρᾶψαι,
1144 3763 1322 3819 καίτοι
1366 3764 1797 3841 Ἀπολλινᾶριος
1848 3766 1948 3821 οὐκ

300 3850 358 3906 ἔκ
385 3852 651 3907 τοιούτων
684 3853 774 3920 ἦν.

371 3941 498 3997 Ἐπί
550 3942 613 3996 τὸ
662 3947 823 3995 πᾶσιν
887 3940 1142 4013 ἑτοίμως.
1197 3944 1319 3999 ’Ότι
1381 3942 1409 3996 6
1467 3942 1595 4003 Θεὸς
1662 3942 1815 4017 φύσει
1874 3943 1945 3999 ὥν

300 4029 519 4105 ἀγαθὸς,
552 4026 775 4103 ἶτοιμον
809 4030 993 4084 ἑαυτὸν
1042 4034 1162 4091 τοῖς
1211 4031 1341 4084 πᾶσι
1391 4030 1621 4106 παρέχει
1661 4030 1737 4092 είς
1765 4032 1827 4085 τὸ
1861 4052 1951 4104 με-

302 4113 673 4191 ταλαμϐάνειν
728 4124 829 4187 τῆς
890 4117 1181 4193 ἁγιότητος
1236 4119 1403 4173 αὐτοῦ
1468 4118 1558 4173 καὶ
1616 4120 1948 4196 φωτισθῆναι

297 4210 394 4275 τήν
425 4209 642 4282 ψυχὴν,
677 4206 871 4262 λοιπὸν
901 4208 964 4262 τὸ
993 4206 1075 4285 ἐφ’
1104 4210 1241 4280 ἡμῖν
1271 4213 1531 4277 ζητεῖται,
1562 4208 1647 4275 τὸ,
1669 4213 1787 4271 πῶς
1810 4208 1949 4283 ἱρῶ-

304 4317 395 4368 μεν
426 4301 725 4371 μετασχεῖν
754 4303 856 4365 τῆς
881 4297 1134 4371 γνώσεως
1163 4296 1351 4367 αὐτοῦ,
1376 4296 1470 4351 ’ίνα
1508 4294 1703 4372 δειχθῇ
1733 4300 1795 4352 τὸ
1824 4297 1948 4353 αὐτ-

297 4384 566 4454 εξούσιονο
629 4383 691 4439 οὐ
746 4387 849 4459 γὰρ
906 4383 1084 4447 αἴτιος
1139 4388 1247 4440 τῶν
1299 4390 1480 4440 κακῶν
1526 4386 1552 4439 6
1606 4386 1768 4458 Θεὸς,
1818 4388 1949 4460 ὅπερ

298 4472 443 4528 ἐστὶν
478 4476 507 4528 6
539 4474 592 4545 ἐξ
626 4474 788 4528 αὐτοῦ
831 4474 1139 4549 χωρισμός·
1172 4476 1209 4543 ἡ
1261 4472 1319 4529 δὶ
1360 4475 1605 4545 σύνταξις
1646 4474 1803 4545 αὕτη·
1837 4475 1951 4531 ἐπεὶ

2059 1995 2195 2049 vina
2223 1992 2621 2049 illustrations
2652 1990 3025 2063 inaequalitas
3064 1990 3259 2046 liberae
3294 1989 3709 2062 propensionis

2059 2087 2355 2154 operatur.

2130 2170 2567 2228 Dissimilitudo.
2601 2171 2719 2227 Hoc
2749 2172 2842 2226 est
2870 2167 3175 2226 oculorum
3209 2165 3426 2225 mentis
3458 2168 3703 2225 aversio.

2128 2350 2235 2405 Aut
2261 2350 2483 2405 omnino
2530 2363 2739 2403 cassam
2786 2347 2944 2417 facit.
2990 2345 3154 2413 Vide,
3188 2345 3485 2417 quomodo
3527 2343 3707 2411 dicat,

2056 2454 2165 2494 nos
2196 2438 2355 2509 ipsos
2396 2452 2608 2492 causas
2651 2450 2781 2491 esse
2831 2433 3193 2506 suscipiendi
3243 2432 3705 2488 illustrationem

2057 2526 2338 2595 divinam,
2372 2528 2474 2580 aut
2502 2540 2731 2597 parum,
2763 2528 2865 2579 aut
2895 2521 3151 2577 multum
3188 2520 3378 2592 ipsius
3419 2521 3703 2592 accipere,

2056 2620 2159 2671 aut
2188 2615 2334 2671 nihil
2391 2614 2633 2671 omnino
2692 2614 2823 2683 ejus
2873 2610 3202 2681 admittere,
3236 2611 3475 2682 quando
3503 2613 3709 2666 contra

2054 2703 2245 2775 ipsam
2299 2703 2632 2759 referientes
2681 2701 2969 2756 fuerimus
3012 2704 3295 2770 tauquam
3356 2698 3549 2770 asperi
3602 2714 3704 2754 seu

2053 2792 2292 2863 lapidsi.
2322 2793 2415 2847 Ait
2458 2792 2639 2863 igitur
2686 2790 2746 2844 in
2797 2788 3127 2860 Evangeliis
3186 2788 3312 2860 ipse
3367 2788 3703 2843 Dominus:

2051 2884 2235 2938 Potest
2292 2882 2429 2937 Deus
2484 2896 2554 2935 eo:
2612 2879 2901 2951 lapidibus
2953 2878 3038 2932 his
3078 2879 3322 2933 excitare
3350 2877 3500 2946 ﬁlios
3530 2877 3708 2931 Abra-

2051 2971 2140 3028 hae
2159 2970 2262 3042 (g);
2291 2970 2445 3042 quod
2477 2968 2632 3025 enim
2666 2966 2835 3023 nobis
2865 2967 3079 3022 durum
3100 2970 3159 3021 et
3180 2964 3571 3038 impossibile,
3597 2965 3707 3021 hoc

2052 3060 2169 3117 Deo
2199 3063 2291 3116 est
2319 3058 2619 3131 possibile.

2125 3150 2230 3205 Nos
2258 3149 2602 3205 mersimus.
2635 3149 2780 3202 Nota
2801 3145 3055 3201 maxime
3077 3160 3145 3200 ex
3174 3143 3287 3200 hoc
3316 3142 3444 3200 loco
3461 3142 3702 3215 reprimi

2055 3236 2454 3308 importunam
2489 3233 2882 3307 quorumdam
2894 3235 2952 3288 et
2968 3231 3349 3287 indiscretum
3381 3230 3701 3297 inscitiam,

2057 3326 2157 3398 qui
2189 3324 2407 3380 audent
2436 3323 2648 3393 dicere,
2673 3322 2904 3377 divinos
2942 3319 3053 3375 hos
3088 3319 3270 3376 libros
3291 3336 3421 3376 esse
3452 3317 3703 3391 Appolli-

2056 3413 2225 3477 uarii,
2258 3430 2330 3469 ne
2360 3412 2598 3484 quidem
2628 3427 2696 3465 ex
2721 3408 2991 3483 personis
3021 3424 3268 3480 quarum
3289 3407 3579 3477 meminit,
3596 3423 3702 3462 an-

2055 3502 2388 3575 tiquitatem
2436 3499 2545 3556 viri
2590 3498 2998 3569 conjicientes;
3031 3497 3131 3552 sed
3166 3496 3314 3553 falso
3353 3496 3701 3568 inscriptam

2055 3590 2316 3663 Dionysii
2347 3588 2823 3661 appellationem,
2865 3586 3092 3652 dicunt,
3142 3601 3327 3656 neque
3357 3586 3511 3656 quod
3546 3600 3702 3640 nunc

2056 3680 2221 3749 dixit,
2243 3695 2305 3734 se
2326 3679 2396 3733 ab
2419 3675 2748 3732 idololatria
2770 3688 3145 3738 conversum;
3170 3673 3334 3743 atqui
3355 3670 3702 3742 Appollina-

2056 3768 2180 3823 rius
2210 3782 2325 3822 non
2356 3768 2481 3820 erat
2508 3780 2578 3819 ex
2606 3762 2843 3819 talibus.

2129 3942 2277 4013 Quod
2303 3944 2367 3998 in
2393 3950 2646 4014 promptu
2667 3940 2939 3996 omnibus.
2964 3938 3129 4005 Quod
3160 3937 3316 3994 Deus
3356 3938 3567 3992 natura
3597 3935 3699 3991 bo-

2057 4051 2170 4090 nus
2202 4032 2491 4089 exsistsns
2524 4033 2795 4101 paratum
2828 4028 3092 4100 seipsum
3129 4025 3405 4083 omnibus
3427 4024 3704 4096 praebeat,

2058 4127 2124 4178 ut
2154 4119 2505 4194 participant
2534 4118 2605 4173 de
2635 4115 2945 4174 sanctitate
2976 4115 3187 4187 ipsius,
3235 4116 3293 4169 et
3313 4113 3373 4168 in
3405 4112 3606 4168 anima
3635 4110 3703 4166 il-

2056 4211 2384 4267 lustrentur
2422 4223 2436 4263 :
2484 4206 2778 4278 reliquum
2811 4206 2868 4259 in
2911 4203 3083 4260 nobis
3130 4202 3312 4259 situm
3361 4200 3703 4272 requiritur,

2058 4316 2271 4371 nempe
2300 4297 2595 4369 quomodo
2628 4294 2921 4366 cupimus,
2954 4291 3272 4365 participes
3293 4290 3416 4346 ﬁeri
3456 4291 3586 4361 ejus
3607 4306 3701 4345 co-

2058 4386 2363 4463 gnitionis,
2396 4390 2461 4440 ut
2490 4384 2839 4441 ostendatur
2859 4382 3110 4437 liberum
3132 4378 3445 4436 arbitrium
3474 4394 3488 4432 :
3513 4392 3705 4449 neque

2060 4480 2214 4535 enim
2250 4482 2402 4532 Deus
2431 4478 2523 4530 est
2552 4479 2758 4529 auctor
2786 4469 3105 4537 malorum,
3138 4467 3293 4540 quod
3337 4472 3426 4523 est
3472 4468 3544 4522 ab
3574 4467 3702 4538 ipso

299 4562 380 4616 ὅτι
446 4584 508 4635 γε
558 4563 648 4617 καὶ
694 4568 803 4617 τῶν
854 4563 1051 4636 ἒτέρων
1121 4562 1286 4627 ἐθνῶν
1358 4564 1457 4619 οὑκ
1527 4558 1756 4641 ἔκφυλοί
1809 4585 1946 4627 τινες

2069 4565 2383 4639 separatio;
2435 4563 2559 4619 haec
2598 4566 2688 4618 est
2730 4565 2926 4616 autem
2975 4555 3335 4615 constructio
3368 4571 3381 4610 :
3416 4555 3702 4622 Quoniam

298 4650 629 4706 ἐπεστάτουν
668 4651 816 4719 θεοὶ,
875 4651 971 4724 μία
1029 4650 1086 4707 δὲ
1139 4652 1353 4707 πάντων
1409 4652 1579 4728 ἀρχή·
1637 4652 1727 4706 καὶ
1786 4654 1946 4713 οὕτως

2069 4655 2288 4712 ceteris
2317 4654 2495 4709 etiam
2526 4650 2803 4723 gentibus
2834 4665 2949 4704 non
2981 4646 3160 4703 exteri
3184 4645 3426 4717 quidam
3458 4645 3705 4715 impera-

297 4738 500 4808 τᾶλλα,
536 4738 627 4795 διὰ
662 4741 849 4812 μέσουο
883 4741 972 4795 καὶ
1006 4742 1091 4796 ὅτι
1138 4741 1229 4795 καὶ
1276 4746 1383 4795 τῶν
1433 4740 1618 4796 ἄλλων
1652 4740 1817 4795 ἐθνῶν
1855 4742 1952 4815 μία

299 4830 447 4905 ἀρχὴ
476 4834 581 4885 τοῦ
611 4834 744 4884 Θεοῦ
773 4832 941 4906 ἦρχε,
973 4830 1062 4885 καὶ
1091 4830 1214 4885 τότε
1241 4828 1330 4884 διὰ
1356 4834 1463 4885 τῶν
1518 4827 1671 4885 ἰδίων
1705 4829 1952 4906 ἀγγέλων

296 4918 714 4995 ἱεραρχούντων
747 4921 813 4975 ⁸³.

376 5095 749 5173 Μελχισεδεκ.
797 5096 1113 5170 Σημείωσαι
1161 5096 1227 5151 τὰ
1272 5097 1395 5172 περὶ
1442 5101 1537 5151 τοῦ
1588 5096 1953 5173 Μελχισεδὲκ,

2060 4746 2203 4801 bant
2233 4743 2336 4809 dii,
2364 4755 2693 4795 unumvero
2714 4740 2805 4793 est
2833 4736 3097 4793 omnium
3132 4732 3511 4807 principium,
3532 4736 3703 4802 atque

2060 4835 2143 4890 ita
2173 4833 2397 4903 reliqua
2428 4827 2796 4885 intermedia.
2816 4826 2885 4882 Et
2905 4825 3060 4897 quod
3094 4822 3227 4878 aliis
3258 4837 3491 4893 quoque
3512 4821 3705 4892 genti-

2062 4924 2175 4979 bus
2203 4938 2386 4977 unum
2421 4919 2516 4976 Dei
2546 4917 2864 4990 imperium
2888 4913 3235 4986 imperabat,
3254 4914 3382 4965 tum
3405 4909 3579 4966 etiam
3601 4924 3705 4981 per

2062 5010 2330 5084 proprios
2361 5006 2599 5080 angelos
2628 5022 2789 5061 sacre
2826 5004 3205 5075 imperantes.

2136 5096 2499 5154 Melchisedec.
2530 5096 2678 5150 Nota
2706 5110 2832 5164 quas
2864 5093 2935 5147 de
2979 5088 3365 5145 Melchisedec
3397 5089 3705 5158 tanquam,

308 5186 379 5249 ὦς
409 5188 681 5263 ἱεράρχου
715 5182 894 5259 ὄντος,
944 5186 1033 5241 καὶ
1084 5193 1147 5255 τῆ
1203 5182 1272 5241 δι’
1320 5185 1572 5261 ἀγγέλων
1623 5184 1825 5263 ὁδηγίᾳ
1866 5189 1946 5243 τὸη

2069 5186 2375 5244 hierarcha
2405 5184 2704 5250 dicuntur,
2736 5184 2793 5236 et
2825 5180 2895 5235 de
2924 5194 2990 5234 so
3022 5178 3122 5248 qui
3156 5174 3507 5231 deductione
3540 5191 3687 5250 auge

371 5371 450 5443 (e)
480 5370 652 5427 Deut.
686 5386 865 5436 nm,
894 5370 948 5426 9.
1025 5367 1091 5440 (Ι)
1124 5368 1291 5425 Rom.
1325 5383 1410 5438 ιιι,
1441 5367 1533 5435 29,
1564 5370 1654 5426 30.
1731 5370 1805 5443 (g)
1846 5371 1985 5427 Luc.
2017 5387 2104 5442 m,
2133 5371 2186 5425 8.

1309 5549 1548 5608 VARI/1‘3
1588 5550 1976 5608 LECTIONES
2013 5549 2106 5606 ET
2145 5541 2705 5603 CORRECTIONES.

369 5668 417 5703 ‘°
451 5665 919 5742 ἐπιστομίζεσθαι.
993 5669 1038 5705 ⁶¹
1077 5662 1236 5740 μηδι.
1312 5666 1359 5704 ⁶²
1390 5665 1599 5723 ἑαυτόν.
1678 5668 1724 5705 ⁸³
1744 5667 2151 5741 ίεραρχοῧντος.
