4042 6210
315 361 384 413 87
1128 360 1495 413 APPENDIX
1531 361 1631 412 AD
1667 358 1911 413 OPERA
1949 360 2006 411 Β.
2048 357 2367 411 DlONYSIl
2407 357 2909 413 AREOPAGITE.
3654 351 3734 405 88

318 481 514 538 lorum
546 496 747 538 verum
771 481 1038 552 agnovit:
1063 490 1340 553 sequentes
1388 485 1583 536 autem
1628 479 1792 549 dixit,
1835 497 1966 553 pro-

2092 475 2248 541 ίντως
2279 475 2407 533 ὄντα
2437 479 2568 534 Θεὸν
2611 477 3005 552 ἐπεγνωκότος·
3049 472 3348 547 έπομένους
3390 471 3448 529 δὲ
3493 475 3605 530 εἴπι-
3637 471 3735 528 διὰ

320 575 450 643 pter
480 570 811 626 libertatem
843 569 1093 636 arbitrii,
1126 573 1183 624 et
1213 587 1327 626 non
1360 570 1740 625 coactionem.

2092 568 2135 622 τὸ
2160 569 2495 643 αὑθαιρετον,
2526 567 2614 623 καὶ
2648 569 2713 622 οὑ
2739 565 3275 640 κατηναγκασμένον.

395 661 493 716 35
527 661 555 728 §
585 659 676 714 IV.
713 659 1023 714 Pharaoni.
1057 658 1203 714 Nota
1233 659 1387 730 quod
1421 658 1576 713 dicat
1619 658 1872 713 visiones
1908 659 1966 712 in

2149 658 2179 731 §
2207 659 2298 712 IV.
2332 659 2425 728 Τῷ
2465 657 2688 730 Φαραώ.
2742 654 3080 728 Σημείωσαι,
3116 653 3198 708 ὅτι
3240 650 3287 706 δ’
3319 652 3563 729 ἀγγέλων
3592 650 3733 730 φησὶ

324 747 574 804 somniis
613 763 716 819 per
763 745 1003 818 angelos
1044 746 1228 802 factas
1286 745 1515 813 fuisse,.
1551 746 1862 812 Pharaoni,
1913 750 1970 800 et

2092 743 2170 806 τὰς
2194 746 2310 808 καθ’
2343 744 2540 806 ὕπνους
2590 743 2831 819 γενέσθαι
2883 741 3094 818 ὁράσεις
3143 745 3224 812 τῷ
3271 741 3496 814 Φαραὼ,
3527 742 3616 794 καὶ
3648 744 3734 810 τῷ

321 835 904 906 Nabuchodonosori,
935 840 993 891 et
1023 835 1235 890 horum
1268 832 1618 910 ἐκφαντορίας
1649 851 1751 890 seu
1783 835 1966 889 inter-

2092 828 2592 909 ἳαϐουχοδονόσορ,
2637 833 2727 887 καὶ
2773 834 2866 894 τὰς
2911 832 3116 886 τούτων
3149 830 3523 908 ἐκφαντορίας,
3556 827 3729 904 ἤγουν

322 923 701 994 pretationes.

2092 924 2135 998 ὶρ
2145 923 2395 995 μηνείας.

391 1015 631 1069 Famuli.
655 1012 872 1084 Joseph
902 1013 1140 1084 quidem
1171 1013 1594 1084 Egyptiorum,
1625 1011 1818 1067 Daniel
1865 1029 1966 1066 au-

2149 1013 2498 1088 Θεράποντες.
2532 1013 2590 1064 '0
2647 1011 2741 1084 μὶν
2793 1011 2994 1086 Ἰωσὴφ
3041 1012 3148 1063 τῶν
3195 1006 3537 1083 Αἷγυπτίων·
3594 1008 3623 1061 6
3675 1003 3737 1060 δὲ

323 1105 442 1156 tem
477 1099 946 1174 Babyloniorum,
981 1100 1212 1172 angelis
1244 1101 1674 1172 imperantibus
1705 1100 1798 1157 his
1827 1117 1968 1173 gen-

2092 1099 2280 1170 λανιὴλ
2327 1105 2434 1155 τῶν
2486 1095 2880 1166 Βαϐυλωνίων,
2925 1096 3170 1174 ἀγγέλων
3219 1101 3326 1152 τῶν
3378 1095 3736 1152 ἐπιστατούν-

321 1189 504 1260 tibus,
527 1189 626 1245 Dei
658 1187 955 1244 voluntate
977 1188 1231 1244 visiones
1263 1188 1682 1245 revelantibus.

2092 1210 2183 1244 των
2215 1194 2330 1251 τοῖς
2361 1187 2532 1244 ἔθνεσι
2561 1187 2795 1258 τούτεις,
2833 1185 3008 1262 βουλῇ
3046 1190 3180 1241 Θεοῦ
3226 1184 3734 1242 ἀποκαλυπτόντων

2076 1279 2143 1332 τὰ
2173 1279 2421 1353 ὁράματα
2449 1281 2513 1334 ⁶⁴.

398 1367 570 1435 Quasi
595 1368 810 1423 sortito.
867 1367 1017 1422 Nota
1064 1365 1608 1437 interpretationem
1660 1366 1969 1422 verborum

325 1455 537 1512 cantici
569 1457 783 1528 Moysis
807 1472 820 1511 :
847 1455 1074 1525 Quando
1102 1456 1377 1512 dividebat
1408 1457 1720 1513 Altissimus
1761 1465 1968 1526 gentes,

329 1559 461 1615 quos
490 1545 754 1616 dispersit
777 1545 922 1614 ﬁlios
964 1546 1157 1613 Adam,
1189 1547 1381 1600 statuit
1429 1547 1694 1602 terminos
1723 1548 1970 1618 gentium

329 1633 630 1688 secundum
658 1651 952 1690 numerum
966 1633 1300 1704 angelorum
1321 1637 1440 1697 Dei;
1461 1643 1514 1691 et
1538 1638 1718 1706 factus
1746 1645 1828 1690 est
1843 1651 1971 1706 por-

326 1724 405 1777 tio
430 1723 650 1777 Domini
676 1724 907 1794 populus
934 1723 1115 1790 Iacob,
1137 1722 1428 1794 funiculus
1449 1724 1784 1780 hereditatis
1798 1726 1973 1795 ipsius

329 1812 497 1866 Israel
521 1811 631 1883 (h):
657 1828 770 1867 non
801 1812 959 1867 enim
991 1817 1236 1883 oportet,
1269 1812 1484 1884 inquit,
1515 1813 1786 1870 arbitrari
1826 1814 1970 1868 divi-

333 1897 484 1955 sisse
517 1916 650 1954 cum
685 1899 816 1956 aliis
845 1900 960 1956 diis
990 1905 1090 1955 aut
1120 1899 1340 1970 angelis
1365 1904 1597 1972 gentes;
1654 1919 1768 1958 non
1818 1902 1975 1958 enim

328 1987 536 2042 sortito
571 1987 781 2060 obtigit
827 1993 942 2044 Deo
992 1988 1230 2060 quidem
1264 1987 1464 2056 Israel,
1497 1988 1626 2045 aliis
1657 1995 1851 2046 autem
1875 2009 1983 2046 an-

336 2074 483 2147 gelis
513 2075 810 2148 privatim,
835 2082 901 2132 ut
925 2077 982 2132 in
1007 2076 1168 2132 nullo
1191 2077 1304 2134 alio
1327 2077 1440 2148 ipsi
1464 2078 1580 2133 Deo
1612 2080 1980 2136 ministrent:

340 2163 594 2237 exempli
625 2167 832 2237 gratia,
868 2166 989 2222 haec
1019 2182 1164 2237 gens
1196 2165 1334 2221 huic
1359 2166 1565 2238 angelo
1585 2172 1739 2224 sorte
1756 2169 1988 2241 obtigit,

343 2269 534 2324 neque
564 2253 681 2308 ista
717 2270 862 2326 gens
893 2259 983 2310 est
1015 2255 1130 2310 Deo
1153 2271 1328 2325 curae,
1360 2260 1462 2310 aut
1511 2255 1658 2310 nulli
1695 2257 1793 2312 alii
1823 2262 1988 2314 vacat

342 2343 497 2412 apud
553 2343 758 2412 Deum,
808 2342 1060 2414 alicujus
1125 2343 1322 2415 gentis
1370 2344 1616 2416 angelus
1651 2361 1664 2401 :
1696 2363 1830 2402 vero
1873 2365 1988 2404 non

345 2428 554 2500 aequali
587 2429 806 2486 honore
836 2431 925 2487 vel
949 2432 1216 2502 opposite
1235 2433 1495 2503 suscepit
1514 2433 1667 2490 Deus
1681 2433 1831 2490 hanc
1854 2453 1989 2506 gen-

350 2523 502 2587 tem;
531 2523 587 2576 et
617 2519 869 2592 quisque
906 2519 1249 2592 angelorum
1295 2522 1705 2593 particularem
1737 2530 1990 2597 gentem,

351 2607 508 2663 sicut
528 2607 587 2663 in
625 2609 774 2665 Isaia
797 2609 1020 2664 dictum
1043 2614 1154 2681 est,
1184 2611 1340 2681 quod
1363 2610 1635 2668 diabolus
1659 2618 1886 2669 montes
1917 2615 1988 2670 ad

346 2695 611 2762 boream,
658 2697 767 2753 hoc
797 2701 886 2753 est
914 2703 1119 2770 gentes
1167 2699 1313 2754 dixit
1341 2697 1400 2754 in
1446 2699 1638 2770 seipso
1670 2701 1903 2769 habere,
1935 2708 1992 2759 et

348 2785 693 2841 contrariari
727 2787 861 2854 Deo,
895 2786 1222 2858 similisque
1249 2803 1376 2843 esse
1415 2787 1737 2845 Altissimo.
1781 2791 1991 2850 Omnia

347 2874 502 2929 enim
535 2875 797 2931 serviunt
830 2877 964 2944 Deo,
996 2880 1052 2932 et
1085 2876 1210 2948 ipse
1237 2877 1512 2933 omnibus
1563 2879 1850 2951 imperat:
1885 2884 1985 2938 sed

342 2960 537 3032 ipsum
572 2969 988 3034 cognoscentes
1009 2964 1197 3037 pluris
1229 2966 1366 3021 facit
1397 2967 1644 3039 ideoque
1683 2969 1806 3040 ipse
1839 2970 1985 3026 dici-

340 3053 436 3104 tur
489 3049 634 3122 ipsis
686 3052 994 3124 imperare,
1060 3054 1170 3110 etsi
1228 3054 1483 3110 habeant
1539 3055 1812 3128 angelum
1846 3076 1987 3131 prae-

344 3138 584 3205 fectum,
607 3140 759 3197 sicut
785 3141 962 3198 Israel
993 3141 1358 3212 Michaelem;
1382 3147 1438 3200 et
1479 3147 1771 3217 quomodo
1790 3147 1988 3203 omni-5

2151 1365 2674 1441 Ἀποκληρωτικῶς.
2732 1363 3060 1438 Σημείωσαι
3106 1364 3207 1432 τὴν
3267 1364 3559 1439 ἑρμηνείαν
3617 1368 3733 1418 τῶν

2081 1454 2259 1531 ῥητῶν
2306 1462 2406 1524 τῆς
2453 1456 2693 1511 Μωσέως
2721 1451 2892 1526 ᾠδῆςο
2925 1457 3052 1512 ’Ότε
3088 1450 3387 1528 διεμέριζεν
3417 1453 3446 1508 6
3474 1455 3737 1526 ⁸’Υψιστος

2079 1540 2229 1614 ἔθνη,
2286 1544 2376 1606 οὓς
2449 1543 2750 1619 διεμέρισεν
2829 1543 2978 1604 υἱοὺς
3039 1539 3260 1614 Ἀδάμ,
3323 1536 3545 1612 ἔστησεν
3605 1543 3737 1616 ὅρια

2082 1633 2241 1689 ἐθνῶν
2301 1635 2437 1688 κατὰ
2509 1634 2738 1709 ἀρῐθμὸν
2795 1631 3042 1709 ἀγγέλων
3100 1634 3233 1686 Θεοῦ
3274 1649 3288 1662 ·
3347 1629 3438 1686 xui
3496 1629 3733 1705 ἐγενήθη

2086 1724 2237 1799 μερὶς
2339 1725 2542 1796 Κυρίου
2626 1723 2760 1786 λαὸς
2862 1723 3025 1776 αὐτοῦ
3105 1715 3342 1789 Ἰακὼϐ,
3429 1720 3737 1795 σχοίνισμα

2081 1811 2457 1887 κληρονομίας
2527 1812 2691 1867 αὑτοῦ
2767 1808 3008 1887 Ἰσραήλ·
3070 1809 3133 1864 οὗ
3201 1809 3306 1885 γὰρ
3376 1806 3478 1879 δεῖ,
3539 1808 3732 1887 φησὶν,

2093 1898 2295 1964 ο⁹ίεσθαι
2347 1900 2661 1975 μερίσασθαι
2710 1901 2846 1975 πρὸς
2895 1899 3108 1974 ἑτέρους
3165 1898 3318 1963 θεοὺς
3375 1899 3410 1968 ἢ
3461 1897 3737 1974 ἀγγέλους

2093 1989 2158 2042 τὰ
2188 1986 2335 2058 ἔθνη·
2371 1990 2434 2044 o6
2482 1991 2583 2066 γὰρ
2610 1986 3085 2061 ἀποκληρωτικῶς
3132 1985 3320 2062 ἔλαχε,
3361 1991 3441 2059 τῷ
3489 1991 3607 2059 Θεῷ
3642 1987 3742 2060 μὲν

2098 2076 2341 2152 Ἰσραὴλ,
2373 2084 2488 2139 τοῖς
2538 2075 2595 2132 δὶ
2642 2075 2838 2139 ἄλλοις
2885 2075 3142 2152 ἀγγέλοις
3192 2073 3370 2148 ἰδίως,
3401 2075 3475 2138 ὠς
3513 2077 3587 2149 μή
3632 2073 3754 2130 δια-

2097 2172 2272 2221 κονεῖν
2303 2167 2498 2228 αὑτοὺς
2526 2167 2599 2229 είς
2631 2164 2772 2222 ἄλλο
2819 2187 2870 2220 τι
2915 2169 2995 2237 τῷ
3047 2169 3182 2237 Θεῷ·
3235 2165 3347 2219 οἶον
3393 2163 3518 2242 φέρε
3548 2164 3750 2233 εἷπεῖν,

2097 2251 2221 2309 τόδε
2268 2255 2330 2309 τὸ
2377 2251 2526 2316 ἔθνος
2573 2252 2714 2327 τῷδε
2763 2259 2840 2325 τῷ
2869 2252 3088 2329 ἀγγέλῳ
3136 2249 3326 2327 ἔλαχε,
3359 2252 3541 2306 καὶοὺ
3588 2251 3751 2326 μέλει

2098 2347 2178 2415 τῷ
2207 2349 2324 2416 Θεῷ
2351 2348 2446 2399 τοῦ
2491 2340 2676 2408 ἔθνους
2723 2343 2908 2398 αὐτοῦ·
2941 2341 2976 2411 ἢ
3008 2342 3069 2396 o6
3120 2339 3384 2417 σχολάζει
3433 2341 3600 2418 έτέρῳ
3638 2362 3754 2396 τινι

2101 2434 2237 2508 πρὸς
2266 2434 2416 2500 Θεὸν,
2449 2435 2477 2487 6
2505 2437 2602 2488 τοῦ
2643 2431 2827 2496 ἔθνους
2856 2429 3109 2507 ἄγγελος,
3144 2429 3268 2486 ἀλλ’
3308 2429 3430 2486 οὐδ’
3463 2430 3755 2504 ὁμοτίμως

2103 2522 2136 2591 ἢ
2169 2522 2457 2586 ἀντιθέτως
2490 2516 2680 2576 ἔλαϐεν
2711 2523 2738 2576 6
2769 2522 2897 2583 Θεὸς
2929 2518 3054 2575 τόδε
3099 2519 3161 2573 τὸ
3190 2515 3366 2589 ἔθνος,
3395 2519 3485 2574 καὶ
3522 2519 3753 2583 ’ἕκαστος

2101 2617 2207 2666 τῶν
2240 2610 2481 2688 ἀγγέλων
2539 2609 2675 2666 ἴδιον
2721 2605 2890 2681 ἔθνος,
2925 2609 2999 2672 ὡς
3049 2607 3100 2663 ἐν
3149 2613 3229 2680 τῷ
3273 2607 3467 2680 Ἡσαΐᾳ
3511 2607 3752 2683 εἶ’ρηται,

2102 2703 2184 2755 ὅτι
2243 2702 2271 2754 δ
2329 2694 2589 2761 διάϐολος
2645 2699 2714 2754 τὰ
2768 2699 2904 2772 πρὸς
2956 2697 3152 2773 βορῥᾶν
3206 2693 3330 2773 ὅρη,
3382 2698 3626 2752 τουτέστι
3671 2701 3746 2754 τὰ

2101 2787 2249 2859 ἔθνη,
2291 2789 2430 2842 εἶπεν
2476 2786 2529 2842 έν
2579 2788 2752 2859 έαυτῷ
2778 2784 2945 2862 ἔχειν,
2976 2785 3065 2840 καὶ
3096 2785 3463 2850 έναντιοῦσθαι
3493 2791 3572 2858 τῷ
3599 2791 3740 2858 Θεῷ,

2097 2876 2185 2932 καὶ
2235 2880 2370 2932 εἶναι
2425 2878 2616 2949 ὅμοιος
2657 2881 2737 2948 τῷ
2770 2876 3023 2948 Ὑψίστῳ·
3065 2877 3238 2930 πάντα
3290 2875 3390 2950 γὰρ
3443 2871 3614 2930 δοῦλα
3640 2879 3741 2929 τοῦ

2098 2969 2252 3034 Θεοῦ,
2301 2965 2390 3020 καὶ
2430 2965 2616 3020 πάντω
2667 2966 2827 3027 αὑτὸς
2869 2962 3050 3040 ἄρχειο
3083 2961 3230 3018 ἀλλά
3264 2963 3394 3026 τοὺς
3439 2965 3744 3039 γινώσκον-

2095 3076 2191 3118 τας
2223 3056 2383 3111 αὑτὸν
2411 3059 2672 3130 προτιμᾷ·
2704 3054 2792 3108 καὶ
2843 3051 2931 3108 διὰ
2975 3057 3139 3108 τοῦτο
3187 3052 3276 3106 καὶ
3326 3053 3484 3114 αὑτὸς
3525 3051 3740 3128 λέγεται

2094 3144 2270 3199 αὐτῶν
2300 3142 2510 3220 ἄρχειν,
2552 3141 2646 3197 κᾶν
2693 3141 2872 3218 ἔχοιεν
2922 3145 2966 3178 ⁸⁸
3016 3139 3244 3217 ἄγγελον
3282 3141 3574 3219 ἐφεστῶτα,
3608 3143 3682 3205 ὥς
3713 3143 3743 3196 ὁ

341 3226 455 3283 bus
482 3227 637 3286 Deus
671 3231 989 3302 imperans,
1024 3248 1127 3303 per
1155 3231 1556 3288 excellentiam
1600 3239 1797 3291 tamen
1845 3238 1978 3293 dici-

2094 3231 2315 3308 Ἰσραὴλ
2349 3235 2438 3288 τὸν
2491 3231 2744 3308 Μιχαήλ.
2775 3231 2882 3287 Καὶ
2922 3235 3039 3293 πῶς
3071 3233 3287 3285 πάντων
3337 3231 3365 3284 6
3393 3232 3523 3293 Θεὸς
3553 3231 3745 3306 ἄρχων

339 3319 438 3372 tur
469 3317 622 3374 Deus
672 3319 870 3388 Israel,
927 3325 984 3375 et
1029 3319 1204 3376 Israel
1255 3321 1442 3392 ipsius
1493 3322 1767 3394 populus.
1799 3326 1984 3396 Atque

340 3405 594 3462 dicimus
621 3409 774 3479 quod
810 3408 963 3464 Deus
993 3410 1255 3464 omnium
1271 3415 1360 3465 est
1389 3411 1979 3477 Deus;accedentium

342 3498 539 3550 autem
555 3497 624 3551 ad
649 3496 866 3568 ipsum,
893 3497 1211 3570 ipsumque
1233 3499 1423 3555 solum
1443 3500 1984 3573 adorantiumjuste

338 3586 492 3639 Deus
515 3583 751 3652 dicitur;
775 3585 984 3658 reliqui
1013 3603 1146 3642 vero
1173 3586 1326 3643 idola
1367 3587 1647 3656 colentes,
1679 3589 1824 3646 alios
1867 3592 1979 3647 sibi

337 3671 564 3727 faciunt
593 3673 752 3728 deos.

407 3765 614 3818 Factus
659 3767 737 3818 est
781 3779 914 3834 pars
969 3764 1227 3820 Domini.
1263 3765 1434 3821 Recte
1463 3765 1881 3838 interpretatur
1911 3769 1980 3824 il-

333 3849 435 3904 lud
473 3851 638 3905 :Fuit
656 3867 786 3922 pars
816 3853 1039 3908 Domini
1063 3852 1277 3909 Israel.
1319 3854 1637 3925 Oportebat
1679 3855 1877 3927 igitur,
1929 3857 1978 3913 si

334 3939 570 4008 quidem
588 3941 765 3997 Israel
782 3942 944 3997 solus
967 3942 1766 4016 cognoscebatDeum,ipsum
1783 3947 1975 4001 solum

332 4041 365 4077 a
389 4025 500 4079 Deo
521 4030 578 4080 et
601 4027 825 4097 angelis
859 4029 989 4098 ejus
1030 4030 1242 4098 curari;
1282 4047 1483 4086 verum
1515 4031 1574 4085 in
1598 4031 1705 4087 hoc
1745 4049 1976 4106 quoque

330 4113 661 4168 ostenditur
690 4115 983 4171 immensa
1025 4123 1084 4172 et
1137 4119 1561 4191 investigabilis
1598 4121 1692 4175 Dei
1741 4122 1974 4178 miseri-

329 4200 549 4269 cordia,
574 4204 730 4272 quod
755 4203 826 4259 iis
847 4204 1023 4260 etiam
1065 4207 1164 4277 qui
1197 4206 1468 4262 videntur
1487 4224 1600 4262 non
1624 4225 1753 4264 esse
1793 4211 1975 4280 partis

329 4289 459 4358 ejus
491 4289 901 4361 particularem
938 4294 1211 4366 angelum
1247 4295 1628 4366 praeposuerit
1673 4299 1833 4368 genti
1873 4315 1972 4354 cu-

328 4380 588 4436 stodem:
615 4380 771 4436 Oriri
794 4382 942 4437 enim
960 4385 1100 4451 facit
1122 4383 1291 4438 solem
1318 4399 1479 4438 suum
1516 4401 1682 4456 super
1719 4385 1899 4455 justas
1925 4397 1976 4444 et

327 4467 562 4537 injustas
583 4470 674 4540 (i);
694 4470 976 4526 etiterum
998 4488 1010 4526 :
1031 4472 1147 4527 Non
1171 4471 1358 4528 volens
1386 4477 1614 4529 mortem
1651 4478 1970 4548 peccatoris,

2091 3323 2208 3377 κατ’
2239 3321 2502 3396 ἐξαίρετον
2533 3325 2630 3376 τοῦ
2660 3319 2877 3392 Ἰσραήλ
2911 3318 3128 3395 λέγεται
3161 3321 3315 3387 Θεὸς,
3336 3321 3426 3374 καὶ
3463 3321 3491 3374 6
3523 3319 3748 3395 Ἰσραήλ

2092 3412 2258 3466 αὐτοῦ
2293 3429 2306 3479 ;
2337 3409 2434 3464 Καὶ
2484 3409 2742 3485 λέγομεν,
2796 3408 2878 3464 ὅτι
2930 3409 2957 3463 6
3000 3410 3131 3472 Θεὸς
3181 3409 3394 3464 πάντων
3445 3408 3555 3464 ἐστὶ
3586 3410 3744 3471 Θεός’

2088 3496 2289 3554 τῶνδὲ
2339 3498 2754 3568 πλησιαζόντων
2805 3497 2975 3569 αὐτῷ,
3007 3499 3096 3552 καὶ
3150 3497 3309 3553 αὐτὸν
3363 3496 3524 3569 μόνον
3569 3517 3750 3572 προσ-

2089 3587 2394 3643 κυνούντων
2466 3585 2679 3662 λέγεται
2725 3587 2856 3649 Θεὸς
2905 3584 3148 3648 δικαίως·
3202 3587 3256 3641 οἱ
3311 3583 3368 3640 δὲ
3425 3588 3470 3624 ⁶⁶
3528 3584 3744 3656 λοιποὶ,

2090 3674 2295 3731 εἷ’δωλα
2326 3671 2595 3745 σέϐοντες,
2628 3676 2842 3751 έτέρους
2874 3680 3121 3731 ποιοῦσιν
3154 3676 3354 3730 έαυτῶν
3392 3675 3566 3738 θεούς.

2158 3767 2418 3840 Ἐγενήθη
2501 3764 2658 3841 μερὶς
2734 3764 2955 3840 Κυρίου.
3031 3762 3226 3827 Καλῶς
3305 3763 3590 3838 έρμηνεύει
3652 3765 3739 3818 τόο

2089 3855 2330 3930 Ἐγένετο
2393 3855 2547 3928 μερὶς
2607 3854 2803 3929 Κυρίου
2860 3851 3106 3926 Ἰσραήλ.
3165 3853 3367 3927 Ἐχρῆν
3419 3852 3536 3924 οὗν,
3586 3851 3741 3926 εἴπερ

2087 3943 2368 4018 ὁἸσραὴλ
2405 3943 2570 4015 μόνος
2624 3942 2954 4016 ἰπεγίνωσκε
2996 3942 3148 4009 Θεὸν,
3200 3941 3362 3996 αὐτὸν
3411 3942 3575 4013 μόνον
3629 3941 3738 3995 ὐπὸ

2083 4037 2180 4087 τοῦ
2230 4031 2428 4108 Κυρίου
2481 4031 2910 4100 ἐπισκοπεῖσθαι,
2961 4030 3050 4085 καὶ
3099 4035 3207 4084 τῶν
3259 4028 3503 4104 ἀγγέλων
3549 4031 3741 4086 αὐτοῦ·

2087 4119 2233 4174 ἀλλὰ
2262 4121 2350 4174 καὶ
2384 4120 2434 4174 ἐν
2465 4119 2643 4192 τούτῳ
2675 4116 2943 4174 δείκνυται
2992 4119 3053 4172 τὸ
3086 4119 3390 4193 ἀμέτρητον
3435 4117 3526 4172 xui
3565 4119 3739 4191 ἀνεξι-

2083 4208 2338 4282 χνίαστον
2373 4207 2525 4271 ἕλεος
2549 4211 2646 4262 τοῦ
2693 4212 2849 4278 Θεοῦ,
2883 4208 2965 4262 ὅτι
3012 4208 3103 4262 καὶ
3146 4212 3262 4268 τοῖς
3293 4204 3517 4262 δοκοῦσι
3555 4208 3629 4280 μὴ
3664 4209 3742 4262 εἶ-

2080 4317 2167 4350 ναι
2197 4304 2297 4366 τῆς
2333 4294 2555 4373 μερίδος
2587 4295 2776 4365 αὑτοῦ,
2812 4294 2948 4351 ἴδιον
2983 4296 3212 4371 ἄγγελον
3256 4291 3596 4371 προεϐάλετο
3642 4295 3743 4374 φύ-

2083 4383 2222 4439 λακα
2263 4389 2358 4440 τοῦ
2407 4381 2622 4448 ἔθνους·
2672 4383 2988 4442 Ἀνατὲλλει
3035 4386 3139 4460 γὰρ
3197 4385 3286 4438 τὸν
3346 4383 3508 4453 ἥλιον
3567 4383 3736 4439 αὐτοῦ

2081 4473 2168 4527 ἐπὶ
2218 4470 2456 4536 δικαίους
2505 4474 2593 4529 καὶ
2645 4472 2886 4536 ἀδίκους.
2936 4475 3031 4528 Καὶ
3081 4472 3268 4528 πάλιν·
3317 4474 3377 4531 Ὀ
3431 4474 3507 4546 μὴ
3555 4473 3732 4529 θέλων

325 4555 419 4610 sed
439 4560 496 4612 ut
523 4566 873 4615 convertatur
901 4566 957 4615 et
987 4562 1134 4616 vivat
1156 4561 1460 4631 (k);verum
1478 4561 1970 4633 dices,quomodo

2092 4562 2168 4617 τὸν
2248 4564 2474 4618 θάνατον
2544 4567 2642 4619 τοῦ
2717 4563 3070 4636 ἀμαρτωλοῦ,
3130 4562 3204 4624 ὡς
3280 4562 3344 4616 τὸ
3416 4560 3732 4637 ἐπιστρέψαι

327 4645 429 4700 86
452 4646 550 4718 qui
585 4645 803 4704 habent
828 4648 1068 4721 angelos
1101 4649 1214 4704 sibi
1243 4667 1276 4705 a
1298 4655 1411 4706 Deo
1435 4651 1492 4706 in
1528 4667 1692 4723 reges
1716 4656 1772 4707 et
1793 4653 1970 4710 duces

2092 4651 2168 4705 sui
2224 4655 2319 4725 ζῇν
2381 4653 2564 4708 αὐτόν.
2627 4649 2791 4709 Ἀλλ’
2849 4650 3010 4724 ἐρεῖς·
3075 4651 3181 4706 Καὶ
3239 4654 3356 4712 πῶς
3404 4651 3455 4706 οἱ
3512 4645 3734 4726 ἔχοντες

323 4733 514 4804 datos,
547 4735 946 4793 discesserunt
1003 4757 1035 4794 a
1084 4739 1200 4794 Deo
1231 4740 1455 4795 vivente
1498 4744 1555 4796 et
1577 4741 1970 4800 adoraverunt

319 4821 523 4879 idola?
571 4824 829 4882 Dicimus
877 4843 1112 4883 omnem
1166 4828 1577 4884 necessitatem
1623 4830 1694 4885 ab
1748 4830 1818 4888 iis
1867 4834 1966 4904 qui

318 4909 504 4968 Deum
538 4912 841 4970 intuentur
871 4915 1170 4982 abactam;
1197 4922 1400 4970 contra
1428 4933 1564 4972 vero
1593 4916 1845 4973 liberum
1871 4936 1966 4973 ar-

317 4996 560 5058 bitrium
584 5002 1011 5074 introductum;
1047 5005 1096 5062 si
1129 5005 1261 5076 quis
1282 5004 1464 5077 igitur
1489 5004 1666 5078 eligat
1693 5023 1827 5062 cum
1852 5011 1963 5063 Deo

385 5233 466 5306 (Ιι)
500 5235 664 5291 Deut.
696 5254 875 5307 xxxu,
902 5240 958 5308 8,
987 5242 1040 5298 9.
1119 5241 1184 5313 (i)
1217 5240 1426 5298 Matth.
1459 5257 1517 5312 ν,
1549 5241 1636 5296 45.

2080 4739 2346 4816 ἀγγέλους
2380 4742 2522 4814 παρᾶ
2551 4744 2647 4796 τοῦ
2695 4745 2830 4796 Θεοῦ
2859 4737 3184 4811 δεδομένους
3217 4738 3294 4802 είς
3328 4741 3390 4794 τὸ
3432 4738 3730 4794 ἐπιστατεῖν

2075 4829 2167 4882 xui
2193 4832 2440 4904 ἡγεῖσθαι
2473 4831 2675 4901 αὐτῶν,
2708 4828 3014 4898 ἀπέστησαν
3059 4827 3166 4882 ἀπὸ
3215 4831 3352 4883 Θεοῦ
3386 4833 3604 4898 ζῶντος,
3636 4828 3730 4883 καὶ

2076 4918 2474 4990 προσεκύνησαν
2528 4917 2829 4988 εἶδώλοιςς
2876 4916 3137 4994 Λέγομεν,
3196 4919 3280 4972 ὅτι
3327 4923 3473 4971 πᾶσα
3521 4917 3729 4991 ἀνάγκη

2077 5004 2262 5061 ἐκτῶν
2297 5006 2375 5069 εἶς
2406 5009 2534 5063 Θεὸν
2563 5008 2816 5084 ὁρώντων
2851 5005 3120 5078 ἐλήλαται
3161 5005 3252 5062 καὶ
3300 5005 3636 5080 ἀντεισήχθη
3669 5007 3730 5060 τὸ

1717 5240 1793 5314 (Is)
1826 5242 2032 5299 Ezech.
2064 5259 2268 5313 xxxm,
2301 5244 2355 5299 9.

1309 5475 1550 5533 VARLE
1588 5473 1985 5533 LECTIONES
2025 5474 2116 5532 ET
2154 5474 2710 5536 CORRECTIONES.

383 5647 429 5683 ⁸⁸
460 5642 840 5701 ἆπεκάλυπτον
869 5647 958 5700 xui
991 5655 1130 5727 σαφῆ
1158 5647 1372 5705 ἐποίουν
1403 5653 1469 5707 τὰ
1499 5653 1664 5730 ὁράμ.
1698 5656 1944 5713 Visiones
1972 5673 1978 5710 ι

2092 5652 2302 5712 ιιαὸαηι
2327 5672 2391 5712 ac
2420 5656 2875 5731 maui/estabani.
2948 5658 2993 5695 ⁵⁸
3021 5650 3195 5734 ἔχωσι
3223 5652 3336 5715 καί.
3411 5657 3456 5694 ⁸⁸
3498 5655 3549 5710 οἱ
3589 5650 3710 5730 γάρ.
