4042 6210
237 359 310 413 89
952 360 1012 411 S.
1051 355 1317 410 MAXIMI
1357 351 1665 407 SCHOLIA
1703 353 1776 404 IN
1815 351 1951 404 LIB.
1991 352 2088 404 DE
2125 355 2446 414 CCELRSTI
2486 363 2956 418 HIEBARCHIA.
3583 364 3655 416 90

243 477 721 554 αὐτοπροαίρετον
754 496 766 510 ·
820 474 951 537 εἷ’τις
999 473 1088 529 οὗν
1143 475 1374 548 αἱρεῖται
1435 471 1525 526 σὺν
1581 474 1699 542 Θεῷ
1752 471 1909 541 εἶναι,

2030 489 2172 544 esse,
2206 483 2264 534 et
2293 481 2624 538 custoditur
2671 484 2744 540 ab
2791 483 3019 554 angelo,
3051 487 3108 540 et
3138 484 3490 556 disponitur,
3535 486 3654 542 ait:

241 571 568 645 φρουρεῖται
630 565 734 620 ὑπὸ
789 568 889 620 τοῦ
949 562 1207 639 ἀγγέλου,
1236 561 1326 617 καὶ
1383 559 1672 616 τάττεται·
1708 557 1908 632 Κύριος

236 659 368 735 γὰρ,
431 656 591 735 φησὶ,
651 656 910 730 γινώσκει
991 651 1115 708 ὁδὸν
1203 650 1470 706 δικαίων·
1530 649 1620 704 καὶ
1684 646 1898 702 πάλιν.

243 746 538 820 Νεώτερος
594 741 771 817 ἤμην,
823 742 913 797 καὶ
971 742 1073 818 γὰρ
1131 740 1391 817 ἰγήρασα,
1451 738 1538 794 καὶ
1611 737 1710 793 οὐκ
1765 735 1910 792 εἶδον

242 834 453 891 δίκαιον
513 829 1084 908 ἐγκαταλελειμμένον
1123 849 1135 862 ·
1171 827 1224 885 εἷ’
1264 851 1348 891 τις
1409 825 1467 883 δὲ
1513 828 1614 896 τὴν
1671 825 1910 881 ἐναντίαν

241 926 505 1001 αἱρεῖται,
539 922 639 977 οὐκ
666 920 1020 996 ἀναγκάζεται
1079 920 1184 974 ὐπὸ
1238 923 1333 974 τοῦ
1392 916 1630 994 ἀγγέλου
1674 913 1802 971 τόδε
1859 936 1911 1001 τι

242 1018 422 1068 ποιεῖν
453 1031 468 1044 °
509 1014 669 1072 οὗτος
693 1011 795 1086 γὰρ
828 1011 857 1064 6
909 1009 1027 1085 βίος
1075 1010 1166 1064 καὶ
1197 1005 1483 1078 κτηνώδης
1538 1003 1777 1079 μᾶλλον,
1822 989 1912 1059 καὶ

239 1103 341 1157 οὐκ
390 1101 877 1176 αὐτοπροαίρετος.
934 1097 1154 1171 Ἀμέλει
1204 1098 1292 1152 καὶ
1354 1097 1479 1171 περὶ
1535 1099 1636 1151 τοῖ’)
1688 1095 1910 1170 Ἰσραήλ

243 1212 436 1269 φησιν,
491 1189 575 1244 ὅτι
626 1189 840 1261 ἥμαρτε
887 1187 978 1242 καὶ
1041 1185 1481 1260 έμοσχοποίησεν
1516 1204 1528 1217 ⁶
1592 1183 1910 1260 Ἐπίγνωσιν

240 1281 374 1354 γὰρ,
435 1277 598 1356 φησί,
656 1281 790 1333 Θεοῦ
845 1276 1075 1346 ἀπώσω,
1127 1275 1217 1330 καὶ
1279 1273 1455 1328 ὀπίσω
1511 1275 1611 1342 τῆς
1687 1269 1912 1347 καρδίας

246 1389 348 1422 σου
407 1365 738 1442 ἰπορεύθης,
796 1364 1041 1421 τουτέστι
1092 1365 1156 1420 τὸ
1217 1361 1356 1419 ἴδιον
1415 1361 1633 1437 θέλημα
1697 1360 1914 1438 προετί⁶

249 1478 325 1529 μη
334 1477 454 1518 σας.

319 1547 429 1601 Τὸν
457 1542 720 1620 Μιχαήλ.
748 1548 869 1600 Ὅτι
910 1545 999 1598 καὶ
1031 1545 1058 1599 6
1086 1543 1327 1619 Ἰσραὴλ,
1360 1542 1408 1598 ei
1449 1542 1540 1598 xui
1603 1543 1757 1619 μερὶς
1805 1547 1912 1595 Κυ-

248 1633 372 1710 ρίου
398 1633 634 1710 ἐγένετο,
668 1631 798 1689 ἀλλ’
820 1631 911 1690 οὗν
933 1632 1024 1688 καὶ
1055 1630 1212 1687 αὐτοὶ
1245 1628 1421 1685 ἴδικὸν
1472 1627 1698 1705 ἄγγελον
1753 1631 1908 1703 εἶχον

243 1724 339 1778 τὸν
377 1721 640 1797 Μιχαήλ.

2022 564 2282 623 Dominus
2311 573 2461 626 enim
2494 574 2648 628 novit
2670 575 2821 628 viam
2837 574 3119 642 justorum
3153 574 3257 644 (l);
3307 577 3364 628 et
3411 591 3656 630 rursus:

2019 655 2222 712 Iunior
2247 661 2355 729 fui,
2391 663 2595 718 etenim
2614 665 2796 732 senui,
2827 668 2880 718 et
2908 679 3019 719 non
3051 663 3168 719 vidi
3188 664 3406 735 justum
3432 663 3662 719 derelic-

2023 751 2136 799 tum
2165 748 2264 818 (m)
2297 766 2310 805 :
2335 751 2383 805 si
2407 751 2542 823 quis
2565 757 2756 808 autem
2778 752 3132 808 contrariam
3151 751 3302 808 viam
3325 751 3520 825 eligat,
3546 769 3662 808 non

2023 834 2254 905 cogitur
2281 839 2353 893 ab
2382 840 2590 912 angelo
2623 840 2844 912 aliquid
2877 843 3018 897 certi
3067 842 3254 898 facere
3285 857 3299 896 :
3334 841 3456 896 hac
3501 841 3658 897 enim

2023 922 2152 977 vita
2185 927 2331 982 ratio
2367 930 2642 999 pecuaria
2673 931 2866 1002 potius
2897 936 2989 986 est
3026 947 3198 1002 quam
3249 930 3432 986 libero
3481 947 3662 1002 agens

2025 1013 2265 1072 arbitrio
2292 1034 2305 1085 ;
2331 1018 2609 1075 nimirum
2633 1021 2812 1076 etiam
2837 1021 2908 1077 de
2930 1020 3146 1076 lsraele
3168 1019 3330 1088 dicit,
3355 1021 3513 1092 quod
3534 1036 3667 1092 pec-

2025 1101 2173 1156 cavit
2201 1107 2257 1158 et
2287 1104 2533 1160 vitulum
2568 1105 2742 1174 fecit;
2801 1108 3180 1178 Cognitionem
3226 1108 3395 1174 enim,
3448 1105 3664 1178 inquit,

2022 1190 2123 1244 Dei
2152 1195 2428 1263 reputisti,
2463 1199 2516 1250 et
2540 1200 2666 1266 post
2695 1211 2790 1252 cor
2845 1199 3000 1251 tuum
3039 1195 3364 1263 ambulasti,
3414 1195 3524 1251 hoc
3572 1198 3663 1251 est

2021 1277 2379 1339 voluntatem
2415 1285 2707 1356 propriam
2739 1284 3128 1358 preposuieti.

2092 1550 2424 1607 Michaelem.
2461 1551 2622 1618 Quod
2656 1552 2854 1618 Israel,
2887 1551 2995 1607 etsi
3026 1568 3163 1624 pars
3195 1551 3421 1607 Domini
3469 1551 3664 1618 fuerit,

2021 1641 2218 1693 tamen
2252 1637 2365 1710 ipsi
2398 1640 2574 1695 etiam
2607 1640 2966 1712 peculiarem
3000 1639 3274 1710 angelum
3323 1637 3664 1696 Michaelem

2021 1725 2357 1782 habuerint.

318 1811 708 1875 Ἐθελουσίως.
760 1811 940 1870 Τοῦτό
990 1833 1121 1891 φησι
1173 1807 1262 1865 διὰ
1309 1809 1372 1863 τὸ
1421 1805 1764 1880 αὐτεξούσιον
1819 1803 1909 1861 xui

2096 1816 2436 1873 Voluntarie.
2462 1816 2580 1872 Hoc
2612 1817 2755 1872 dicit
2789 1821 3028 1889 propter
3073 1817 3376 1890 propriam
3424 1815 3668 1873 liberta-

245 1895 531 1960 ἆῦίαστον.

767 2015 881 2066 ΕΙΣ
920 2011 1012 2066 ΤΟ
1050 2013 1308 2064 ΚΕΦΑΛ.
1355 2009 1411 2066 I'.

333 2103 363 2168 §
391 2103 435 2154 Ι.
470 2096 903 2174 Τελεταρχικῆς.
932 2099 1344 2174 Τελεταρχικὴν
1372 2097 1474 2165 τήν
1531 2094 1775 2171 ἀρχηγὸν
1825 2073 1926 2148 καἶ

260 2185 437 2242 αἰτίαν
471 2192 572 2255 τῆς
606 2188 785 2243 αὐτῶν
811 2187 1170 2252 τελειώσεως.

335 2364 700 2442 Κρυφιωτέρα
759 2367 877 2439 μέν.
940 2366 1258 2438 Σημείωσαι
1317 2363 1400 2420 ὅτι
1459 2362 1684 2420 ένταῦθα
1732 2367 1916 2442 σαφῶς

261 2451 454 2523 δηλοῖ,
488 2450 579 2508 διὰ
608 2453 769 2508 ποίαν
799 2452 969 2508 αἷτίαν
1001 2455 1056 2508 αἱ
1084 2455 1261 2524 τάξεις
1289 2458 1398 2509 τῶν
1455 2453 1720 2529 οὐρανίων
1754 2449 1914 2506 δυνά-

267 2564 416 2614 μεων
471 2542 644 2604 οὕτως
694 2542 850 2612 εἰσὶν,
884 2542 1020 2598 ὥστε
1071 2545 1170 2613 τὴν
1233 2543 1326 2615 μὲν
1378 2541 1668 2618 ὑπερτέραν
1725 2544 1862 2596 εἶναι
1897 2559 1910 2574 ο

258 2632 364 2698 τὴν
399 2628 456 2686 8‘s
491 2631 660 2704 μέσην
697 2650 710 2662 °
738 2633 838 2700 τήν
873 2629 930 2686 δὲ
958 2631 1268 2688 τελευταίαν
1303 2651 1316 2664 ’
1350 2631 1494 2708 λέγει
1526 2631 1626 2708 γὰρ
1677 2628 1766 2684 διὰ
1809 2630 1908 2698 τὴν

264 2722 536 2796 ἀνωτὲραν
585 2721 756 2791 τάξιν,
789 2720 912 2790 ἥτις
957 2720 1066 2776 ἐστὶ
1116 2721 1320 2796 Θρόνοι,
1375 2721 1632 2799 σεραφὶμ,
1681 2720 1770 2775 καὶ
1820 2739 1913 2794 χε-

264 2805 492 2884 ρουϐἰμ,
521 2811 606 2864 ὅτι
657 2811 747 2865 ὑπ’
777 2810 944 2880 αὐτῆς
981 2819 1083 2881 τῆς
1131 2810 1274 2874 θείας
1323 2812 1572 2886 γνώσεως
1630 2808 1913 2882 έλλαμπό-

267 2919 449 2971 μεναι,
485 2895 574 2952 διὰ
627 2900 692 2954 τὸ
733 2899 952 2972 ἀμέσως
1000 2900 1084 2954 ἐπ’
1112 2899 1280 2969 αὐτὴν
1329 2899 1777 2968 ἐπανατείνεσθαι,
1820 2897 1910 2953 καὶ

268 2989 348 3059 μή
378 2985 528 3062 ἔχειν
575 2989 636 3042 τὸ
685 2984 1100 3062 προλαμϐάνον,
1135 2986 1307 3051 οὕτως
1355 2989 1443 3044 ὑπ’
1473 2987 1640 3058 αὐτῆς
1681 2995 1781 3057 τῆς
1825 3008 1913 3043 τε-

264 3076 568 3151 λεταρχίας
617 3080 714 3146 τῆς
766 3077 910 3142 θείας
958 3077 1286 3151 καθαίρεται,
1326 3078 1416 3133 καὶ
1465 3077 1771 3156 φωτίζεται,
1821 3075 1911 3131 xui

259 3164 772 3240 τελεσιουργεῖται·
807 3166 852 3221 εί
905 3166 1006 3244 γὰρ
1065 3165 1235 3229 οὕτως
1291 3164 1734 3242 ὲὸημιουργήθη,
1775 3165 1913 3223 ὥστε

261 3251 456 3325 πρώτη
520 3255 676 3324 εἴναι,
710 3252 832 3310 οὔτε
861 3257 1172 3330 καθάρσεως
1230 3253 1353 3311 οὔτε
1395 3259 1680 3334 φωτισμοῦ
1711 3253 1909 3327 ἐδέετο,

264 3340 411 3395 οὕτω
440 3342 762 3415 κλασθεῖσα,
798 3344 938 3398 ὥστε
966 3344 1053 3399 καὶ
1103 3344 1223 3417 ἀξία
1279 3347 1415 3400 εἶναι
1442 3346 1542 3414 τῆς
1571 3345 1794 3421 πρώτης
1823 3344 1917 3400 τάσ-

262 3429 419 3498 ξεως.
455 3428 678 3493 ’Δλλως
706 3453 786 3500 τε,
822 3433 921 3506 δρα
949 3432 1001 3488 τί
1051 3431 1200 3507 λέγει
1255 3435 1389 3506 μετὰ
1438 3434 1628 3507 μικρὸν
1687 3435 1714 3489 ὁ
1767 3440 1916 3498 θεῖος

262 3518 426 3580 οὗτος
512 3520 671 3596 ἀνὴρ,
729 3521 807 3582 ὡς
889 3523 1230 3599 κρυφιωτέρα
1314 3523 1527 3596 μᾶλλόν
1604 3522 1765 3595 ἐστιν,
1831 3525 1918 3580 ὅτι

259 3610 595 3682 νοητοτέρα,
629 3609 720 3664 xui
783 3608 996 3683 μᾶλλον
1056 3611 1343 3682 ἁπλωτική
1380 3632 1392 3645 ⁸
1448 3612 1508 3668 ἐκ
1559 3613 1765 3669 τούτων
1813 3617 1913 3691 γὰρ

260 3693 381 3750 ἔστι
439 3696 598 3752 πλέον
642 3693 829 3754 λαϐεῖν
876 3701 940 3754 τὸ
970 3699 1425 3777 αὐτοπροαίρετον
1474 3701 1646 3758 αὐτῶν
1679 3721 1692 3736 ο
1722 3703 1772 3758 si
1812 3706 1912 3780 γὰρ

267 3786 346 3858 μὴ
379 3784 549 3841 πλέον
581 3791 688 3842 τῶν
730 3785 1128 3863 ὑποδεεστέρων
1179 3787 1365 3860 ἥπλου
1415 3790 1633 3860 ἑαυτὴν,
1663 3792 1754 3847 xui
1805 3790 1913 3848 διε-

263 3880 469 3942 νοεῖτο,
502 3876 604 3931 οὐκ
651 3876 710 3931 ἂν
762 3875 1057 3947 ἐπλησίαζε
1101 3883 1216 3951 θεῷ
1251 3898 1264 3911 ·
1310 3878 1564 3954 ἐγγίσασα
1611 3880 1668 3935 δὲ
1725 3885 1840 3954 Θεῷ
1870 3886 1913 3920 ⁸⁷

264 3963 552 4034 ἑκουσίως,
608 3971 852 4039 κρεῖττον
901 3967 1233 4044 καθαίρεται,
1291 3969 1380 4022 καὶ
1454 3970 1765 4046 φωτίζεται,
1823 3971 1913 4026 xui

261 4051 748 4130 τελεσιουργεῖται,
777 4055 1022 4111 τουτέστι
1056 4056 1263 4132 ἐνεργεῖ
1314 4057 1382 4111 τὰ
1434 4056 1638 4128 τέλεια,
1669 4058 1786 4114 ἀντὶ
1815 4064 1912 4114 τοῦ

260 4142 330 4194 τὰ
358 4143 485 4216 περῖ
533 4144 662 4198 Θεόν
700 4163 712 4177 ·
764 4144 856 4199 xui
902 4150 1062 4201 τοῦτο
1106 4145 1260 4220 οἶμαι
1310 4148 1408 4216 τήν
1460 4149 1675 4226 Γραφὴν
1739 4148 1912 4204 αῗνίτ-

258 4233 446 4285 τεσθαι
480 4251 492 4262 ·
553 4231 887 4308 Προσέλθετε
958 4236 1094 4310 πρὸς
1176 4234 1357 4305 αὐτὸν,
1415 4235 1504 4290 καὶ
1584 4236 1907 4315 φωτίσθητε,

259 4320 345 4373 καὶ
407 4321 478 4375 τὰ
533 4321 806 4396 πρόσωπα
858 4323 1009 4395 ὑμῶν
1042 4324 1118 4396 μή
1165 4327 1580 4401 καταισχυνθῇ·
1629 4324 1771 4381 οὕτω
1818 4326 1908 4381 καὶ

258 4409 380 4481 περί
442 4414 552 4463 τῶν
607 4409 794 4487 ἐφεξῆς
847 4409 1125 4485 δυνάμεων
1175 4413 1398 4484 νόησον,
1429 4413 1510 4469 ὅτι
1543 4415 1739 4486 ἑκάστη
1774 4417 1910 4471 κατὰ

254 4498 354 4566 τήν
392 4495 598 4552 οἷ’κείαν
631 4498 925 4574 ἀναλογίαν
961 4502 1060 4575 ὁρᾷ
1086 4502 1179 4556 τὸν
1209 4503 1360 4558 Θεόν’
1392 4507 1560 4558 τοῦτο
1583 4503 1907 4581 σαφέστερον

256 4585 407 4660 λέγει
443 4587 529 4640 καὶ
563 4586 614 4642 έν
645 4592 726 4660 τῷ
754 4588 900 4645 τέλει
929 4594 1024 4644 τοῦ
1055 4589 1354 4668 κεφαλαίου
1386 4591 1604 4650 τούτου.

326 4679 354 4743 §
414 4680 487 4732 II.
547 4677 976 4754 Ἐκφαντορικοί.
1026 4681 1148 4736 ’Ὁτι
1217 4681 1409 4743 πάντες
1456 4682 1508 4736 οἱ
1562 4679 1785 4758 ἄγγελοι
1841 4684 1909 4740 τὰ

254 4764 402 4836 παρᾶ
446 4768 553 4818 τῶν
611 4767 718 4839 πρὸ
769 4765 943 4822 αὐτῶν
977 4766 1053 4830 εἷς
1083 4767 1279 4831 αὐτοὺς
1310 4765 1584 4845 φερόμενα
1612 4777 1764 4849 φῶτα
1791 4779 1908 4836 τοῖς

255 4850 670 4929 ὑποδεεστέροις
728 4855 1064 4932 ἐκφαίνουσι.
1107 4857 1250 4912 Κατᾶ
1308 4863 1494 4913 κοινοῦ
1553 4858 1790 4931 ληπτέον
1845 4862 1906 4917 τὸ

253 4939 636 5017 ἓκφαντορικοί
669 4963 680 4974 ·
712 4945 772 5000 έκ
801 4950 935 5001 Θεοῦ
967 4943 1024 5000 δὶ
1053 4946 1422 5020 κεκινημένων
1453 4949 1586 5023 φησὶ
1639 4951 1763 5024 περὶ
1806 4957 1905 5021 τῆς

250 5033 482 5104 πρώτης
506 5037 616 5088 τῶν
649 5035 889 5112 σεραφίμ
917 5036 1256 5112 ταξιαρχίας.

326 5123 598 5200 Σεραφίμ.
632 5124 733 5178 Διὰ
759 5124 812 5179 τί
844 5125 967 5200 περὶ
1000 5130 1105 5180 τῶν
1157 5126 1396 5204 σεραφὶμ
1452 5128 1480 5182 ὁ
1539 5134 1681 5192 θεῖος
1735 5126 1905 5202 ὕμνος

249 5212 386 5289 φησί
417 5213 739 5290 κεκραγέναι
767 5210 950 5290 ἕτερον
983 5217 1118 5286 πρὸς
1144 5216 1236 5271 τὸν
1285 5212 1504 5293 ἓτερον;
1539 5214 1629 5272 διὰ
1669 5219 1731 5274 τὸ
1778 5219 1906 5283 τοὺς

1935 4568 1986 4635 D

2031 1907 2170 1972 tem,
2203 1909 2260 1960 et
2288 1922 2321 1962 a
2349 1905 2626 1962 violentia
2653 1906 3109 1962 immunitatem.

2653 2014 2724 2068 IN
2764 2013 2918 2069 CAP.
2959 2013 3033 2068 X.

2102 2098 2204 2170 §I.
2249 2102 2518 2156 Primitus
2565 2102 2845 2169 initiante,
2895 2102 2990 2156 Gr.
3034 2097 3451 2176 τελεταρχικῆς.
3501 2099 3668 2156 Τελε-

2027 2189 2319 2261 ταρχικήν,
2348 2190 2671 2263 principem
2705 2194 2762 2246 et
2791 2207 3032 2246 causam
3080 2190 3453 2262 perfectionis
3507 2191 3668 2263 ipso-

2029 2292 2182 2331 rum.

2098 2363 2378 2422 Occultior
2403 2367 2642 2438 quidem.
2675 2367 2822 2423 Nota
2852 2367 3005 2438 quod
3063 2367 3158 2423 hic
3209 2367 3518 2422 manifeste
3563 2368 3668 2422 de-

2025 2452 2226 2524 claret,
2257 2461 2494 2527 propter
2543 2473 2720 2528 quam
2765 2441 3014 2512 causam'
3062 2455 3296 2512 ordines
3340 2455 3664 2511 omlestium

2022 2541 2305 2599 virtutum
2341 2544 2485 2601 tales
2517 2545 2656 2613 sint,
2692 2550 2754 2600 ut
2785 2545 2879 2600 hic
2921 2543 3164 2616 quidem
3215 2559 3532 2614 supremus
3562 2543 3660 2609 sit,

2023 2630 2134 2686 iste
2162 2633 2412 2703 medius;
2463 2634 2562 2689 ille
2621 2650 2756 2689 vero
2806 2637 3141 2705 postremus
3188 2633 3452 2688 exsistat.
3514 2632 3666 2688 Dicit

2024 2720 2180 2775 enim
2209 2727 2445 2793 propter
2472 2738 2817 2794 supremum
2849 2721 3142 2787 ordinem,
3173 2719 3272 2792 qui
3305 2725 3394 2775 est
3443 2719 3665 2791 throni,

2025 2809 2317 2881 seraphim
2354 2815 2411 2866 et
2440 2811 2768 2870 cherubim.
2802 2811 2954 2882 quod
2984 2812 3055 2866 ab
3087 2811 3216 2882 ipsa
3244 2809 3441 2864 divina
3461 2810 3665 2881 cogni-

2024 2899 2180 2955 tione
2200 2899 2597 2970 illustrentur;
2623 2901 2763 2973 quia
2783 2900 3123 2956 immediate
3152 2900 3210 2954 in
3235 2899 3363 2970 ipsa
3384 2899 3663 2968 intendit,

2024 2988 2290 3061 nihilque
2312 2990 2480 3046 habet
2513 2992 2669 3062 quod
2695 2994 3078 3063 praeoccupet,
3105 2989 3188 3044 ita
3210 2991 3282 3043 ab
3307 2990 3433 3060 ipso
3467 2987 3662 3042 divino

2025 3076 2245 3132 rituum
2288 3079 2621 3151 principatu
2675 3084 2962 3151 purgatur
3008 3082 3066 3133 et
3113 3077 3445 3132 illustratur
3489 3080 3666 3148 atque

2024 3167 2344 3238 perficitur.
2375 3168 2433 3223 Si
2466 3167 2620 3224 enim
2656 3169 2740 3224 sic
2770 3174 3002 3223 creatus
3033 3171 3141 3233 est,
3174 3171 3240 3221 ut
3284 3165 3512 3236 primus
3565 3166 3664 3231 sit,

2028 3273 2216 3329 neque
2238 3258 2806 3330 expiationis,neque
2824 3255 3241 3312 illustrationis
3261 3255 3505 3327 indiget,
3529 3271 3666 3310 cum

2025 3345 2108 3401 ita
2138 3347 2368 3404 efﬁctus
2399 3349 2495 3416 sit,
2526 3352 2591 3404 ut
2618 3348 2794 3404 etiam
2827 3347 3043 3419 dignus
3073 3345 3263 3418 primo
3313 3343 3518 3399 ordine
3569 3361 3667 3399 ex-

2025 3436 2216 3492 sistat.
2248 3437 2428 3504 Alias,
2460 3438 2590 3493 vide
2619 3438 2757 3508 quid
2790 3436 2963 3508 paulo
2995 3441 3128 3508 post
3155 3435 3245 3490 vir
3295 3433 3388 3489 hic
3427 3433 3666 3488 divinus

2024 3526 2178 3582 dicat
2203 3543 2216 3581 :
2243 3528 2404 3596 Quod
2430 3529 2744 3584 abstrusior
2772 3527 2952 3595 magis
2979 3529 3075 3593 sit,
3099 3527 3233 3596 quia
3255 3523 3668 3592 intelligibilior

2023 3618 2074 3670 et
2102 3615 2349 3688 simplex
2367 3619 2546 3689 magis
2570 3635 2584 3686 ;
2613 3634 2683 3672 ex
2713 3615 2807 3671 his
2839 3615 2995 3670 enim
3027 3619 3219 3686 potest
3235 3611 3493 3684 amplius
3518 3611 3665 3682 ipso-

2024 3719 2154 3759 rum
2184 3705 2434 3761 liberum
2467 3705 2777 3762 arbitrium
2828 3703 3056 3774 colligi:
3089 3701 3138 3757 si
3168 3700 3324 3757 enim
3383 3716 3495 3754 non
3545 3716 3665 3752 am-

2023 3791 2178 3862 plius
2208 3793 2586 3850 inferioribus
2617 3793 2880 3864 seipsum
2904 3789 3248 3863 explicabat,
3283 3792 3339 3842 et
3368 3784 3664 3855 intellige-

2023 3884 2142 3950 bat,
2175 3899 2316 3938 sane
2347 3899 2463 3938 non
2494 3882 2805 3938 accedebat
2834 3881 2905 3934 ad
2933 3880 3110 3933 Deum
3138 3893 3151 3943 ;
3181 3873 3662 3946 appropinquans

2021 3972 2176 4027 enim
2200 3973 2528 4028 voluntarie
2550 3976 2683 4037 Deo,
2708 3969 2920 4025 melius
2942 3971 3230 4039 purgatur
3251 3967 3308 4020 et
3329 3963 3664 4019 illustratur

2020 4067 2194 4131 atque
2226 4061 2547 4133 perficitur,
2596 4059 2708 4115 hoc
2764 4064 2874 4126 est,
2927 4058 3164 4128 perfecta
3220 4062 3498 4126 operatur,
3557 4068 3660 4124 pro

2019 4168 2146 4222 quae
2177 4151 2359 4207 Deum
2387 4155 2683 4224 tangunt;
2718 4153 2896 4220 atque
2934 4147 3042 4202 hoc
3092 4144 3363 4211 arbitror,
3397 4143 3662 4214 Scriptu-

2019 4255 2145 4294 ram
2177 4238 2516 4296 insinuare:
2548 4237 2796 4294 Accedite
2822 4237 2900 4291 ad
2928 4237 3127 4306 ipsum,
3158 4241 3208 4288 et
3230 4230 3658 4300 illuminamini,

2019 4337 2069 4384 et
2097 4331 2266 4400 [acies
2300 4331 2494 4386 vestra
2519 4344 2626 4384 non
2658 4325 3066 4396 confundantur
3097 4322 3180 4394 (τι)
3207 4340 3219 4378 :
3255 4321 3339 4376 ita
3387 4319 3560 4376 etiam
3589 4319 3662 4373 de

2018 4419 2114 4474 37
2152 4418 2396 4490 reliquis
2433 4417 2751 4473 virtutibus
2781 4413 3061 4484 intellige,
3096 4411 3251 4483 quod
3292 4423 3661 4479 unaquaeque

2020 4524 2122 4578 pro
2154 4523 2263 4562 sua
2295 4505 2668 4579 proportione
2695 4502 2892 4560 videat
2922 4501 3106 4556 Deum
3136 4515 3149 4566 ;
3181 4496 3519 4565 clariusque
3551 4493 3659 4548 hoc

2019 4595 2160 4651 dicit
2189 4595 2248 4651 in
2282 4597 2395 4651 {ine
2425 4595 2606 4667 hujus
2637 4591 2864 4665 capitis.

2088 4687 2215 4755 §l[.
2247 4686 2694 4758 lnterpretantes.
2742 4681 2904 4747 Quod
2951 4693 3150 4735 omnes
3199 4673 3390 4747 angeli
3435 4670 3661 4727 lumina

2017 4779 2090 4834 ad
2121 4793 2184 4834 se
2213 4795 2248 4833 a
2277 4775 2682 4849 superioribus
2711 4771 2924 4839 delata,
2949 4764 3447 4840 indigentioribus
3465 4758 3659 4816 decla-

2017 4870 2166 4932 rent,
2198 4863 2670 4922 subaudiendum
2702 4864 2810 4930 est,
2847 4857 3310 4928 interpretantes:
3344 4867 3377 4905 a
3406 4849 3523 4904 Deo
3555 4863 3658 4902 au-

2016 4957 2134 5011 tem
2167 4957 2566 5026 permotorum
2595 4950 2738 5008 dicit
2768 4949 2839 5005 de
2870 4947 3060 5019 primo
3081 4939 3304 4999 ordinis
3325 4936 3659 5011 principatu

2017 5043 2489 5116 seraphinorum.

2087 5133 2402 5206 Seraphim.
2435 5132 2552 5188 Cur
2580 5129 2844 5185 divinum
2896 5123 3192 5181 canticum
3244 5118 3402 5175 dicat
3447 5118 3519 5172 de
3569 5132 3662 5206 se-

2019 5204 2272 5294 raphim,
2307 5236 2484 5277 unum
2536 5218 2610 5275 ad
2667 5216 2917 5273 alterum
2976 5209 3310 5267 clamasse?
3362 5206 3502 5280 quia
3555 5204 3664 5262 sci-

320 5371 381 5445 (ι)
412 5371 569 5430 Psal.
600 5389 642 5443 ι,
673 5373 728 5429 6.
808 5373 908 5446 (νη)
939 5373 1086 5432 Psal.
1118 5391 1308 5447 xxxvr,
1338 5374 1430 5432 25.
1507 5375 1588 5449 (η)
1620 5376 1772 5434 Psal.
1806 5393 2012 5450 χχχιιι,
2043 5381 2098 5438 6.

1257 5555 1500 5616 VARI/E
1530 5556 1924 5618 LECTIONES
1966 5560 2058 5618 ET
2089 5554 2640 5618 CORRECTIONES.

324 5665 365 5700 ⁸⁷
393 5661 557 5736 αὐτῷ.
