4042 6210
403 329 469 383 91
1223 325 1590 380 ΔΡΡΕΝΒΙΧ
1628 324 1725 376 ΔΙ)
1761 320 2001 375 ΟΡΕΒΔ
2035 322 2097 373 Β.
2136 316 2452 373 ΒΙΟΝΥΒΙΙ
2488 320 2984 379 ΔΒΒΟΡΑθιΤε.

3743 322 3819 377 92

402 452 538 508 licet
568 450 747 524 primi
780 448 1140 506 annuntiant
1171 446 1447 503 secundis
1506 445 1706 501 divina
1756 442 2053 515 mysteria.

2187 442 2419 515 τρώτους
2475 441 2756 518 ἀγγέλλειν
2813 449 2930 506 τοῖς
2986 442 3261 520 δευτέροις
3313 443 3380 498 τὰ
3425 449 3541 507 θεῖα
3597 447 3816 517 μυστή-

475 631 505 705 §
544 632 642 686 III.
676 633 798 686 Non
832 630 1127 684 immerito.
1161 628 1243 682 Ex
1272 625 1611 681 rudioribus
1635 623 1789 679 enim
1815 621 2049 678 institu-

402 721 664 777 tionibus
688 719 867 791 (quod
901 717 1071 774 lactis
1099 715 1561 789 potionationem
1592 710 1906 785 Apostolus
1949 727 2050 766 vo-

403 809 576 878 cavit)
610 809 680 862 ad
714 806 949 875 media;
980 810 1038 860 et
1068 806 1139 860 ab
1172 804 1264 858 his
1290 805 1361 858 ad
1396 802 1619 871 majora
1679 817 1781 855 seu
1831 799 2049 871 perfec-

406 905 605 956 torum
637 897 830 953 cibum
867 896 1213 961 ascendens,
1246 898 1606 964 postremum
1651 890 1906 945 ostendit
1960 906 2052 945 or-

407 989 604 1044 dinem
636 991 694 1042 et
720 987 1020 1041 virtutem.
1049 985 1207 1039 Licet
1222 999 1355 1038 vero
1377 986 1433 1037 et
1454 981 1567 1036 alio
1592 981 1762 1036 modo
1785 979 1905 1033 haec
1924 994 2054 1049 quae

403 1077 599 1134 locum
631 1080 883 1148 tangunt
920 1073 1272 1145 intelligere,
1303 1077 1479 1144 atque
1509 1070 1765 1141 primum
1814 1068 2054 1140 quidem

408 1169 601 1224 dicere
630 1165 1017 1222 intentionem
1050 1164 1121 1219 ad
1160 1163 1229 1235 {id
1276 1162 1434 1233 quod
1484 1159 1899 1232 supereminet.
1933 1157 2055 1213 Me-

408 1256 573 1311 dium
607 1259 826 1321 autem,
861 1252 1302 1309 conversionem
1333 1253 1391 1305 et
1408 1247 1879 1305 convolutionem
1904 1245 2058 1301 circa

408 1343 606 1415 ipsum
635 1362 649 1413 ;
682 1346 1048 1415 postremum
1079 1356 1235 1406 vero,
1261 1354 1395 1394 eum
1421 1336 1521 1408 qui
1548 1335 1715 1391 illum
1736 1336 1837 1407 qui
1860 1334 2057 1390 subin-

410 1432 706 1503 digentior
736 1434 846 1498 est,
878 1428 1100 1485 elevat:
1135 1428 1289 1499 quod
1323 1443 1465 1483 sane
1494 1426 1689 1499 potius
1718 1425 1778 1480 in
1832 1422 2056 1496 angelis

407 1518 883 1590 intelligendum.

483 1610 555 1663 Et
579 1609 791 1678 primo:
820 1613 877 1662 et
896 1606 1120 1663 medios.
1160 1608 1344 1678 [Nota]
1379 1605 1533 1677 quod
1586 1604 2057 1675 uniuscujusque

409 1700 679 1751 nostrum
711 1713 875 1751 mens
906 1696 1130 1768 primos
1163 1700 1220 1751 et
1247 1695 1471 1750 medios
1503 1698 1560 1749 et
1590 1698 1922 1765 postremos
1961 1710 2055 1748 or-

410 1785 579 1873 dines
609 1784 843 1873 haheat,
877 1788 943 1839 ut
972 1783 1263 1854 intelligat
1291 1783 1348 1837 in
1374 1783 1489 1837 Deo
1516 1786 1636 1873 tres
1656 1780 1765 1873 hos
1792 1782 2055 1849 ordines,
2088 1808 2135 1873 B

413 1873 499 1928 sic
530 1871 980 1944 intelligendum
1017 1877 1272 1927 mentem
1316 1884 1552 1927 omnem
1603 1869 1815 1925 habere
1859 1884 2057 1925 essen-

410 1962 559 2016 tiam
608 1961 934 2017 secundum
992 1976 1167 2032 quam
1220 1959 1479 2031 primum
1537 1957 1800 2024 exsistit;
1854 1956 2062 2012 deinde

414 2050 590 2106 etiam
615 2049 1241 2114 virtutem,secundum
1263 2064 1439 2121 quam
1460 2046 2063 2118 perdurat,postremo

416 2142 611 2194 autem
648 2138 993 2208 efﬁcaciam,
1022 2138 1345 2194 secundum
1380 2152 1554 2208 quam
1588 2134 1823 2207 propria
1844 2133 2062 2189 faciens

402 2226 508 2298 pie
538 2225 677 2297 agit.
711 2226 843 2282 Haec
874 2226 1051 2282 etiam
1084 2226 1141 2281 in
1177 2226 1366 2296 capite
1396 2222 1667 2295 sequenti
1696 2222 1971 2277 declarat.

487 2314 644 2369 Unde
671 2314 805 2370 licet
835 2314 967 2370 hinc
999 2318 1198 2385 aperte
1226 2317 1284 2367 et
1314 2312 1443 2368 sine
1474 2309 1939 2367 contradictione
1969 2323 2062 2364 ac-

413 2403 630 2475 cipere,
663 2420 770 2460 nos
801 2403 975 2476 paulo
1010 2407 1142 2457 ante
1170 2418 1306 2456 vera
1336 2400 1706 2471 ascripsisse.
1742 2402 1882 2454 Ecce
1904 2398 2061 2453 enim

417 2492 713 2563 quomodo
745 2492 889 2547 dicit
918 2508 930 2547 :
970 2492 1322 2562 Unaquaeque
1352 2489 1585 2545 caelestis
1613 2496 1777 2559 atque
1819 2488 2067 2542 humana

413 2596 590 2649 mens,
618 2582 831 2651 primas
851 2583 905 2633 et
928 2578 1137 2633 medias
1178 2586 1556 2646 extremasque
1603 2575 1762 2629 habet
1805 2576 2064 2630 elevatio-

419 2682 537 2733 nes,
568 2666 877 2720 secundum
905 2681 1039 2737 quas
1065 2678 1415 2734 unaquaque
1443 2663 1504 2732 ﬁt
1530 2664 1802 2734 particeps
1844 2662 2063 2718 divina-

417 2770 545 2808 rum
574 2758 629 2809 et
671 2753 741 2808 ad
788 2754 1105 2808 hierarchas
1149 2753 1554 2823 pertinentium
1602 2752 2061 2807 itlustralionum.

418 2841 610 2897 Primo
645 2841 904 2913 quidem,
931 2840 1069 2913 quia
1090 2839 1372 2911 aequalem
1398 2840 1863 2895 dixithominum
1886 2846 1944 2896 et
1963 2857 2061 2895 su-

424 2932 725 3004 periorum
757 2932 1044 2988 virtutum
1077 2932 1366 2999 ordinem,
1387 2930 1735 3002 nullumque
1754 2932 2063 2986 hominum

421 3021 646 3075 scimus
678 3035 868 3091 neque
899 3019 1264 3091 prophetam,
1300 3035 1490 3090 neque
1514 3020 1764 3088 justum,
1789 3019 1890 3091 qui
1918 3018 2065 3073 nihil

421 3106 733 3177 peculiaris
764 3123 950 3162 causa:
983 3107 1265 3178 posuerit,
1298 3112 1364 3162 ut
1392 3109 1464 3162 ad
1504 3107 1688 3162 Deum
1743 3108 2063 3163 accederet.

420 3197 566 3253 Vide
595 3198 752 3254 enim
785 3198 926 3269 quid
959 3198 1119 3253 dicat
1146 3198 1196 3254 is
1226 3199 1323 3268 qui
1356 3215 1544 3271 usque
1575 3199 1645 3253 ad
1680 3199 1918 3254 tertium
1953 3216 2064 3254 cce-

418 3286 544 3341 lum
576 3288 858 3358 pervenit,
892 3287 1032 3358 quia
1059 3289 1269 3356 castigo
1294 3304 1489 3362 corpus
1518 3303 1702 3342 meum
1717 3293 1769 3342 et
1799 3289 1864 3342 z'n
1891 3291 2061 3343 servi-

422 3380 593 3429 tutem
620 3375 828 3446 redigo,
858 3392 927 3431 ne
954 3378 1095 3447 forte
1114 3392 1238 3431 cum
1259 3377 1392 3431 aliis
1407 3377 1815 3447 praedicavero,
1842 3379 1957 3448 ipse
1984 3393 2066 3432 re-

416 3465 623 3537 probus
653 3466 870 3536 efﬁciar
894 3466 991 3535 (ο).
1019 3469 1222 3521 Postea
1249 3466 1558 3521 manifeste
1582 3466 1673 3521 hic
1698 3466 1839 3520 dicit
1863 3466 2067 3522 etlibe-

424 3569 556 3608 rum
574 3554 881 3609 arbitrium
897 3553 1236 3625 angelorum
1255 3559 1312 3611 et
1334 3554 1921 3627 peculiarisipsorum
1942 3572 2069 3626 pro-

424 3644 724 3715 pensionis
753 3645 1162 3717 cupiditatem,
1194 3650 1260 3701 ut
1291 3650 1485 3701 autem
1508 3645 1707 3701 nullus
1729 3645 1908 3701 nimis
1930 3662 2066 3702 con-

425 3734 815 3790 tentiosorum
850 3736 1091 3805 rixetur,
1124 3741 1407 3807 tanquam
1437 3753 1539 3808 pro
1562 3734 1938 3792 conclusione
1967 3736 2067 3792 38

429 3823 592 3893 dicit,
626 3823 775 3880 nihil
807 3841 935 3881 esse
966 3824 1189 3880 nullius
1220 3826 1302 3880 rei
1338 3826 1605 3898 indigum
1656 3830 1714 3881 et
1759 3821 2068 3891 αὑτοτελές,

430 3912 540 3967 hoc
572 3917 659 3968 est
690 3930 724 3967 a
753 3913 947 3985 seipso
973 3915 1321 3985 perfectum,
1346 3914 1461 3970 nisi
1484 3915 1675 3970 solum
1698 3920 1907 3987 Deum,
1931 3915 2073 3970 adeo

432 4002 500 4052 ut
530 3999 722 4069 angeli
751 4005 809 4055 et
838 3999 1109 4057 homines
1141 4002 1403 4072 pro’feotu
1435 4005 1492 4057 et
1532 4001 1884 4073 perfectione
1931 4003 2079 4058 indi-

433 4096 631 4165 geant.

1059 4189 1129 4241 IN
1160 4186 1314 4242 CAP.
1350 4185 1451 4241 XI.

506 4290 690 4361 Neque
717 4290 873 4346 enim
902 4292 1044 4347 utin
1066 4292 1278 4361 angelis
1296 4292 1477 4348 dicere
1490 4308 1798 4365 possumus.
1822 4292 2081 4349 Virtutes

437 4380 597 4436 enim
629 4381 898 4437 secundas
929 4387 1070 4438 sunt
1097 4389 1156 4439 et
1187 4384 1394 4441 mediae
1432 4384 1642 4441 triadis
1668 4388 1799 4456 post
1820 4384 2083 4440 domina-

436 4469 630 4526 tiones
658 4469 937 4528 ordinatas
969 4489 983 4540 ;
1017 4473 1099 4529 ita
1131 4476 1194 4528 ut
1247 4490 1363 4529 non
1407 4473 1547 4544 quia
1584 4477 1894 4546 postremae
1922 4477 2083 4541 sunt,

2158 550 2268 604 ρια.

2227 622 2380 690 §IlI.
2416 621 2529 679 Οὑκ
2578 622 2899 686 ἀπεικότως.
2955 625 3050 680 Ἐκ
3104 624 3204 700 γὰρ
3260 628 3368 679 τῶν
3425 622 3815 698 ἁπλουστέρων

2165 710 2584 786 μυήσεων,δπερ
2614 710 2881 785 γάλακτος
2911 714 3177 785 ποτισμὸν
3212 711 3461 768 ἐκάλεσεν
3493 714 3521 767 6
3543 712 3813 771 Ἀπόστο-

2162 797 2282 868 λος,
2314 802 2451 875 πρὸς
2481 800 2548 855 τὰ
2581 801 2738 873 μέσα,
2768 803 2857 856 καὶ
2889 802 2946 856 ἐκ
2990 802 3198 858 τούτων
3247 804 3384 879 πρὸς
3436 803 3503 858 τὰ
3562 804 3811 875 μείζονα,

2161 885 2337 961 ἤγουν
2366 892 2464 959 τὴν
2498 894 2604 944 τῶν
2629 889 2854 945 τελείων
2886 892 3093 966 τροφὴν
3129 892 3311 964 ἀνιὼν,
3342 891 3442 959 τήν
3494 890 3812 946 τελευταίαν

2165 978 2439 1054 ἀναφαίνει
2473 980 2617 1051 τάξιν
2643 980 2734 1034 καὶ
2766 976 3017 1053 δύναμιν.
3052 981 3203 1037 Ἔστι
3256 978 3313 1035 δὲ
3360 980 3449 1035 καὶ
3499 979 3697 1056 ἑτέρως
3750 980 3819 1035 τὰ

2162 1068 2299 1123 κατὰ
2325 1069 2418 1123 τὸν
2448 1070 2614 1124 τόπον
2669 1070 2862 1137 νοῆσαι
2898 1088 2910 1100 ·
2948 1070 3036 1124 καὶ
3073 1070 3297 1144 πρώτην
3352 1070 3447 1142 μὶν
3497 1069 3666 1124 εἷπεῖν
3714 1071 3816 1139 τήν

2164 1158 2300 1234 πρὸς
2327 1159 2390 1213 τὸ
2434 1158 2812 1231 ὑπερκείμενον
2865 1159 3117 1214 ἀνάτασιν
3154 1178 3167 1191 ³
3205 1158 3372 1232 μίσην
3423 1157 3481 1214 δὶ
3537 1160 3637 1228 τήν
3691 1157 3819 1233 περὶ

2165 1247 2324 1304 αὑτὸν
2353 1246 2691 1325 ἀναστροφὴν
2741 1248 2831 1303 καὶ
2884 1245 3148 1319 ωνὲλιξιν
3181 1268 3193 1281 ·
3241 1248 3552 1303 τελευταίαν
3599 1245 3658 1302 δὲ
3714 1249 3819 1317 τὴν

2164 1338 2226 1392 τὸ
2277 1334 2659 1411 ὑποδεέστερον
2701 1337 3022 1411 ἀνάγουσαν,
3063 1337 3093 1391 '6
3139 1338 3226 1391 καὶ
3288 1337 3499 1410 μᾶλλον
3559 1336 3646 1391 ἐπὶ
3701 1340 3817 1390 τῶν

2165 1424 2415 1502 ἀγγέλων
2444 1425 2689 1496 νοητὲον.

2240 1604 2341 1662 Καὶ
2388 1605 2608 1681 πρώτας
2650 1603 2739 1659 καὶ
2794 1606 2977 1677 μέσας.
3026 1602 3390 1677 [Σημείωσαι]
3440 1601 3523 1658 ὅτι
3582 1603 3817 1657 ἑκάστου

2166 1696 2326 1767 ἡμῶν
2361 1695 2389 1748 6
2417 1698 2543 1755 νοῦς
2574 1694 2790 1767 πρώτας
2817 1693 2907 1748 καὶ
2964 1694 3128 1767 μέσας
3164 1693 3253 1747 καὶ
3291 1691 3604 1754 τελευταίας
3637 1690 3815 1761 τάξεις

2165 1780 2281 1859 ἔχει
2314 1784 2390 1847 εἷς
2420 1786 2482 1839 τὸ
2512 1790 2651 1840 νοεῖν
2685 1784 2807 1860 περὶ
2839 1789 2972 1841 Θεοῦ
3018 1785 3112 1847 τὰς
3154 1790 3302 1860 τρεῖς
3345 1784 3521 1855 τάξεις
3564 1780 3763 1843 ταύτας
3800 1798 3815 1814 ⁸

2169 1874 2397 1945 νοητέον
2448 1873 2638 1945 οὕτως,
2690 1872 2772 1929 ὅτι
2804 1878 2934 1936 «πᾶς
2991 1878 3117 1935 νοῦς
3172 1868 3286 1948 ἔχει
3346 1872 3550 1942 οὐσίαν,
3597 1870 3719 1925 καθ’
3753 1871 3816 1939 ἢν

2171 1967 2387 2037 πρῶτόν
2422 1963 2563 2019 ἐστιν
2598 1983 2612 1996 ·
2648 1964 2759 2019 εἶτα
2784 1964 2877 2019 καὶ
2910 1960 3157 2036 δύναμιν,
3187 1964 3308 2027 καθ’
3336 1964 3401 2033 ἢν
3437 1960 3649 2037 διαρκεῖ
3675 1978 3687 1991 ·
3721 1981 3815 2015 τε-

2132 2046 2139 2091 Ῡ
2174 2053 2419 2110 λευταῖον
2453 2052 2510 2109 δὲ
2542 2053 2835 2129 ἐνέργειαν,
2866 2054 2984 2108 καθ’
3015 2055 3082 2123 ἣν
3112 2051 3179 2107 τὰ
3208 2051 3382 2108 οἰκεῖα
3431 2052 3682 2126 πράττων
3729 2047 3820 2104 εὑ-

2174 2138 2338 2198 σεϐεἴ.
2369 2146 2544 2197 Ταῦτα
2573 2144 2660 2198 καὶ
2696 2141 2747 2197 ἐν
2777 2146 2856 2215 τῷ
2888 2141 3008 2212 ἑξῆς
3038 2139 3324 2220 κεφαλαίῳ
3370 2140 3671 2218 σαφηνίζει.

2242 2322 2401 2383 ’Όθεν
2435 2319 2673 2383 ἐντεῦθεν
2720 2324 2903 2397 σαφῶς
2946 2319 3035 2374 καὶ
3087 2317 3491 2395 ἀναντιρῥήτως
3542 2316 3652 2373 lam
3714 2316 3821 2373 λα-

2173 2403 2307 2477 ϐεῖν,
2339 2406 2421 2462 ὅτι
2455 2406 2635 2478 ἀληθῆ
2669 2412 2775 2483 πρὸ
2805 2412 3004 2483 μικροῦ
3033 2410 3452 2483 παρεγράψαμεν
3488 2428 3502 2442 ·
3538 2404 3658 2465 ἰδοὺ
3706 2408 3817 2482 γὰρ

2172 2501 2291 2561 πῶς
2351 2518 2510 2575 φησιν
2548 2538 2560 2551 .
2617 2499 2886 2558 ’Ἐκαστος
2965 2496 3215 2572 οὐράνιος
3303 2498 3393 2551 καὶ
3478 2496 3822 2571 ἀνθρώπινος

2172 2592 2294 2651 νοῦς
2336 2588 2555 2661 πρώτας
2608 2586 2699 2641 καὶ
2760 2585 2923 2658 μὲσας
2993 2584 3083 2640 καὶ
3156 2582 3467 2647 τελευταίας
3514 2581 3629 2660 ἔχει
3687 2585 3819 2639 ἀνα-

2170 2678 2376 2754 γωγὰς,
2428 2678 2544 2740 καθ’
2605 2675 2667 2738 ἃς
2716 2672 2942 2737 ἕκαστος
2999 2674 3050 2728 ἐν
3114 2674 3372 2747 μετουσίᾳ
3440 2675 3643 2749 γίνεται
3706 2679 3817 2729 τῶν

2175 2769 2328 2833 θείων
2361 2769 2448 2823 καὶ
2503 2770 2832 2844 ἱεραρχικῶν
2894 2765 3244 2840 ἐλλάμψεων.
3291 2771 3513 2841 Πρῶτον
3567 2767 3686 2839 μὶν,
3734 2763 3819 2820 ὅτι

2176 2854 2295 2927 ἷ¹σην
2322 2856 2507 2934 τάξιφν
2538 2857 2649 2911 εἶπε
2696 2860 2803 2911 τῶν
2850 2857 3149 2931 ἀνθρώπων
3199 2852 3287 2910 καί
3333 2859 3439 2909 τῶν
3490 2852 3602 2911 ξένω
3658 2851 3822 2909 δυνά-

2178 2967 2343 3019 μεων,
2374 2945 2463 3000 καὶ
2497 2942 2685 3001 οὑδὲνα
2711 2949 2819 3001 τῶν
2860 2944 3163 3018 ἀνθρώπων
3216 2941 3394 3016 ἴσμεν,
3428 2941 3556 2998 οὔτε
3600 2946 3823 3017 προφή-

2172 3054 2271 3103 την
2301 3030 2425 3087 cii-cs
2473 3029 2699 3101 δίκαιον,
2734 3029 2903 3104 μηδὲν
2947 3032 3100 3094 θέντα
3146 3037 3248 3100 τῆς
3301 3028 3441 3092 ἰδίας
3495 3033 3821 3108 προφάσεως

2179 3122 2254 3184 εἰς
2282 3122 2343 3176 τὸ
2372 3120 2677 3193 πλησιάσαι
2706 3125 2844 3193 Θεῷ.
2875 3122 3013 3197 Ὅρα
3070 3119 3175 3195 γὰρ
3214 3120 3266 3175 τί
3297 3139 3461 3197 φησιν
3489 3121 3517 3173 ὁ
3545 3116 3653 3180 ἕως
3700 3121 3825 3195 τρί-

2176 3232 2273 3266 του
2322 3210 2552 3285 οὑρανοῦ
2601 3211 2825 3287 φθάσας,
2858 3208 2940 3263 ὅτι
3001 3208 3303 3277 ὑπωπιάζω
3362 3229 3467 3281 μου
3524 3208 3583 3263 τὸ
3637 3212 3823 3281 σῶμα,

2174 3300 2263 3356 καὶ
2339 3297 2703 3375 δουλαγωγῶ,
2784 3299 3001 3371 μήπως,
3062 3295 3258 3359 ἄλλοις
3326 3297 3581 3374 κηρύξας,
3657 3295 3821 3360 αὐτὸς

2176 3389 2441 3464 ἀδόκιμος
2486 3390 2731 3465 γένωμαι
2763 3409 2776 3421 ·
2811 3385 2996 3445 ἔπειτα
3043 3393 3226 3465 σαφῶς
3265 3386 3372 3443 ὧδέ
3402 3409 3533 3466 φησι
3575 3387 3638 3441 τὸ
3694 3386 3819 3442 αὑτ-

2177 3480 2414 3551 εξοόσιον
2473 3481 2563 3533 καὶ
2618 3484 2724 3533 τῶν
2758 3477 3022 3553 ἀγγέλων,
3054 3477 3143 3533 καὶ
3172 3479 3272 3547 τὴν
3321 3485 3421 3547 τῆς
3478 3474 3614 3539 ἰδίας
3644 3475 3821 3531 αὑτῶν

2181 3571 2362 3644 ὁρμῆς
2396 3565 2600 3644 ἔφεσιν·
2641 3565 2727 3621 ἵνα
2758 3564 2813 3620 δὲ
2847 3563 3041 3638 μηδεὶς
3073 3570 3179 3621 τῶν
3225 3564 3348 3621 λίαν
3400 3564 3683 3640 ἐριστικῶν
3736 3585 3821 3641 φι-

2182 3655 2498 3731 λονεικήσῃ,
2532 3657 2604 3718 ὡς
2635 3655 2685 3710 ἐν
2717 3653 2962 3728 ἐπιλόγῳ
2992 3655 3177 3733 φησῖν,
3209 3654 3292 3709 ὅτι
3323 3652 3477 3709 οὐδὶν
3532 3651 3826 3730 ἀπροσδεὲς

2183 3747 2272 3804 καὶ
2322 3743 2635 3813 αὐτοτελὲς,
2672 3742 2945 3800 τουτέστιν
2987 3744 3076 3822 ἀφ’
3123 3745 3314 3799 ἑαυτοῦ
3368 3743 3602 3815 τέλειον,
3643 3743 3690 3797 εὶ
3752 3743 3825 3814 μὴ

2190 3836 2352 3911 μόνος
2383 3838 2410 3892 6
2441 3836 2570 3899 Θεός
2602 3855 2614 3868 ·
2650 3834 2788 3890 ὥστε
2818 3832 3041 3910 ἄγγελοι
3080 3833 3171 3888 καὶ
3217 3830 3491 3910 ἅνθρωποι
3538 3838 3828 3908 προκοπῆς

2185 3926 2275 3983 καὶ
2304 3922 2644 3988 τελειώσεως
2675 3922 2905 3981 δέονται.

2672 4197 2784 4249 ΕΙΣ
2823 4197 2905 4247 ΤΟ
2943 4196 3207 4249 ΚΕΦΑΛ.
3249 4196 3354 4246 ῙΔ’.

2264 4299 2344 4356 Οὐ
2401 4296 2504 4374 γὰρ
2556 4296 2696 4354 ἔστιν
2752 4298 2918 4353 εἰπεῖν
2976 4298 3051 4360 ὡς
3083 4297 3169 4353 ἐπὶ
3198 4302 3306 4352 τῶν
3337 4295 3605 4372 ἀγγέλων.
3639 4296 3709 4353 Αἱ
3737 4296 3843 4368 γὰρ

2195 4387 2452 4461 δυνάμεις
2526 4393 2628 4456 τῆς
2706 4384 2956 4462 δευτέρας
3040 4386 3141 4440 εἶσὶ
3214 4386 3305 4441 καὶ
3381 4384 3549 4458 μέσης
3623 4381 3849 4461 τριάδος

2201 4476 2334 4551 μετὰ
2360 4477 2454 4539 τὰς
2483 4477 2810 4557 κυριότητας
2835 4479 3160 4549 ταττόμεναι
3193 4494 3206 4507 ο
3241 4473 3379 4529 ὥστε
3415 4472 3523 4548 οὑχ
3551 4474 3624 4534 ὡς
3654 4471 3848 4527 τελευ-

440 4575 645 4615 omnes
678 4559 911 4616 ordines
942 4561 1129 4618 vocati
1161 4561 1281 4618 sint
1310 4561 1580 4632 virtutes,
1610 4562 1765 4619 sicut
1794 4563 1854 4619 in
1908 4578 2065 4634 anget

2195 4540 2363 4623 ταίων
2396 4540 2570 4620 αὑτῶν
2603 4565 2780 4620 οὐσῶν
2828 4571 2993 4619 πᾶσαι
3051 4566 3105 4618 αἱ
3160 4564 3335 4635 τάξεις
3388 4561 3700 4632 ἐκλήθησαν
3752 4558 3851 4615 δυ-

440 4647 537 4705 lis.

513 4749 973 4806 Novissimarum.
1013 4749 1238 4806 Altiora
1268 4749 1483 4806 habere
1514 4767 1638 4822 quae
1668 4749 1964 4819 inferiora,
1996 4751 2089 4803 in-

441 4839 657 4895 feriora
687 4854 820 4894 vero
852 4856 968 4894 non
996 4838 1213 4895 habere
1246 4857 1372 4911 qum
1406 4840 1653 4895 altiora:
1688 4839 1771 4894 sic
1794 4839 1969 4894 etiam
2004 4854 2092 4893 su-

440 4930 640 5000 perius
671 4929 895 4985 dictum
927 4934 1019 4986 est
1045 4946 1058 4984 :
1083 4930 1385 5001 nimirum,
1407 4931 1599 5003 prima
1621 4929 1856 5001 quidem
1880 4929 2093 4985 habere

444 5019 685 5075 omnino
708 5019 1499 5092 illustrationem,postrema
1515 5035 1651 5075 vero
1677 5020 1913 5091 partim,
1941 5018 2093 5075 sicut

445 5112 647 5175 postea
681 5108 861 5164 dicit:
895 5111 980 5164 sic
1010 5110 1188 5165 etiam
1247 5108 1307 5163 in
1355 5106 1613 5164 Ecclesia
1666 5108 1919 5178 reperire
1967 5111 2092 5175 est;

444 5194 720 5251 sacerdos
750 5197 906 5253 enim
941 5202 1132 5270 potest
1164 5198 1354 5254 facere
1380 5197 1579 5253 omnia
1604 5195 1971 5267 inferiorum,
2013 5195 2093 5251 si-

448 5287 545 5339 cut
577 5282 957 5343 diaconorum
989 5292 1046 5343 et
1078 5288 1478 5359 sequentium,
1510 5286 1754 5342 diacono
1786 5289 1982 5341 autem
2002 5301 2096 5341 sa-

451 5377 753 5432 cerdotum
786 5393 1003 5435 munus
1034 5379 1195 5435 obire
1222 5396 1337 5436 non
1384 5378 1786 5451 permittitur;
1834 5379 2095 5432 nostram

2196 4659 2412 4732 νάμεις,
2445 4655 2519 4718 ὡς
2548 4652 2634 4710 ἐπὶ
2668 4659 2775 4709 τῶν
2810 4651 3086 4730 ἀγγέλων.

2267 4748 2390 4803 Τῶν
2441 4744 2711 4820 ἐσχάτων.
2763 4745 2890 4801 ’Ὀτι
2937 4743 3006 4797 τὰ
3051 4746 3158 4797 τῶν
3221 4739 3467 4816 ἐσχάτων
3547 4734 3739 4814 ἔχουσι
3788 4736 3857 4792 τὰ

2204 4833 2559 4909 ὑπερκείμενα
2589 4851 2603 4865 ’
2636 4833 2702 4887 τὰ
2757 4830 2814 4887 δὲ
2859 4833 2966 4886 τῶν
3002 4831 3401 4907 ὑπερκειμένων
3460 4828 3559 4884 οὐκ
3615 4822 3731 4902 ἔχει
3786 4827 3858 4881 τὰ

2202 4920 2405 4999 ἔσχατα
2441 4944 2453 4956 ⁸
2489 4921 2630 4977 οὕτω
2685 4922 2775 4977 καὶ
2827 4921 3082 4995 ἀνωτέρω
3128 4918 3362 4993 εἴρηται,
3395 4914 3585 4986 ἐπειδή
3642 4917 3710 4970 τὰ
3759 4915 3858 4988 μὲν

2203 5018 2394 5089 πρῶτα
2424 5010 2627 5073 ὑλικῶς
2658 5006 2777 5087 ἔχει
2827 5011 2926 5078 τῆν
2976 5006 3253 5082 ἔλλαμψιν
3291 5027 3303 5039 ·
3337 5008 3404 5061 τὰ
3462 5004 3518 5061 δὲ
3569 5004 3859 5061 τελευταῖα

2209 5106 2468 5177 μερικῶς,
2500 5101 2575 5163 ὡς
2635 5100 2825 5177 ἐφεξῆς
2882 5120 3063 5177 φησιν.
3098 5097 3256 5155 Οὕτω
3299 5097 3387 5151 καὶ
3432 5094 3484 5149 ἐν
3513 5098 3582 5169 τῇ
3617 5091 3862 5163 Ἐκκλη-

2204 5192 2292 5264 σίᾳ
2322 5187 2464 5246 ἔστιν
2493 5190 2689 5263 εὑρεῖν·
2725 5190 2753 5243 6
2786 5190 2891 5264 γὰρ
2925 5186 3103 5263 ἱερεὺς
3155 5185 3370 5241 δύναται
3420 5190 3598 5241 ποιεῖν
3644 5182 3747 5238 ὅλα
3796 5182 3865 5237 τὰ

2203 5285 2313 5336 τῶν
2347 5276 2770 5352 ὑποδεεστέρων,
2806 5279 2920 5332 οἷον
2974 5274 3236 5330 διακόνων
3286 5273 3377 5330 καὶ
3424 5278 3533 5329 τῶν
3563 5271 3750 5350 ἐφεξῆς
3782 5290 3796 5302 ·
3833 5272 3861 5325 6

2210 5368 2267 5426 δὲ
2297 5368 2542 5429 διάκονος
2573 5367 2639 5422 τὰ
2667 5371 2774 5421 τῶν
2805 5364 2991 5442 ἱερέων
3045 5364 3145 5420 οὐκ
3188 5362 3572 5438 ἐπιτετραπται
3629 5364 3808 5416 ποιεῖν
3845 5378 3857 5391 ·

452 5463 611 5523 enim
642 5464 1033 5524 hierarchiam
1056 5467 1277 5525 imitari
1293 5446 1587 5526 ccelestem
1610 5466 1897 5535 ordinem,
1921 5481 2065 5537 supr

2210 5460 2292 5514 ὅτι
2322 5459 2426 5535 γὰρ
2455 5461 2491 5527 ἡ
2523 5458 2641 5521 καθ’
2671 5459 2819 5531 ἡμᾶς
2859 5452 3114 5531 ἱεραργία
3159 5458 3409 5529 μιμεῖται
3452 5454 3556 5521 τὴν
3606 5446 3860 5526 οὐρανίαν

525 5653 598 5726 (ο)
630 5654 650 5707 Ι
683 5650 811 5708 Cor.
847 5668 927 5717 Ix,
958 5650 1049 5705 27.
