  <div class='ocr_page' id='page_1' title='image "/cluster/home/n/w/nwhite01/storage/ocr_20150623/4/hvd.32044073426538/056.png"; bbox 0 0 4042 6210; ppageno 0'>
   <div class='ocr_carea' id='block_1_1' title="bbox 302 363 3716 425">
    <p class='ocr_par' dir='ltr' id='par_1_1' title="bbox 302 363 3716 425">
     <span class='ocr_line' id='line_1_1' title="bbox 302 363 3716 425; baseline -0.003 2"><span class='ocrx_word' id='word_1_1' title='bbox 302 363 377 418; x_wconf 82' lang='grc'>93</span> <span class='ocrx_word' id='word_1_2' title='bbox 1014 371 1071 425; x_wconf 87' lang='lat' dir='ltr'>s.</span> <span class='ocrx_word' id='word_1_3' title='bbox 1114 372 1382 425; x_wconf 68' lang='lat' dir='ltr'>mum</span> <span class='ocrx_word' id='word_1_4' title='bbox 1420 370 1726 425; x_wconf 68' lang='lat' dir='ltr'>scnoua</span> <span class='ocrx_word' id='word_1_5' title='bbox 1762 370 1836 421; x_wconf 84' lang='lat' dir='ltr'>IN</span> <span class='ocrx_word' id='word_1_6' title='bbox 1876 366 2012 421; x_wconf 83' lang='lat' dir='ltr'>LIB.</span> <span class='ocrx_word' id='word_1_7' title='bbox 2051 368 2148 421; x_wconf 82' lang='lat' dir='ltr'>DE</span> <span class='ocrx_word' id='word_1_8' title='bbox 2186 369 2509 423; x_wconf 74' lang='lat' dir='ltr'>C(ELss&#39;ri</span> <span class='ocrx_word' id='word_1_9' title='bbox 2548 370 3017 424; x_wconf 67' lang='lat' dir='ltr'>mancam.</span> <span class='ocrx_word' id='word_1_10' title='bbox 3649 363 3716 417; x_wconf 74' lang='lat' dir='ltr'>si</span> 
     </span>
    </p>
   </div>
   <div class='ocr_carea' id='block_1_2' title="bbox 300 485 1957 567">
    <p class='ocr_par' dir='ltr' id='par_1_2' title="bbox 300 485 1957 567">
     <span class='ocr_line' id='line_1_2' title="bbox 300 485 1957 567; baseline 0.003 -27"><span class='ocrx_word' id='word_1_11' title='bbox 300 488 479 556; x_wconf 82' lang='grc' dir='ltr'>τάξιν,</span> <span class='ocrx_word' id='word_1_12' title='bbox 537 485 764 559; x_wconf 70' lang='grc' dir='ltr'>εἴπομεν</span> <span class='ocrx_word' id='word_1_13' title='bbox 822 486 955 543; x_wconf 81' lang='grc' dir='ltr'>ἄνω.</span> <span class='ocrx_word' id='word_1_14' title='bbox 991 488 1183 552; x_wconf 82' lang='grc' dir='ltr'>Καλῶς</span> <span class='ocrx_word' id='word_1_15' title='bbox 1221 488 1278 546; x_wconf 76' lang='grc' dir='ltr'>δὲ</span> <span class='ocrx_word' id='word_1_16' title='bbox 1308 490 1611 567; x_wconf 85' lang='grc' dir='ltr'>προσέθηκε</span> <span class='ocrx_word' id='word_1_17' title='bbox 1638 491 1701 545; x_wconf 70' lang='grc' dir='ltr'>τὸ</span> <span class='ocrx_word' id='word_1_18' title='bbox 1733 491 1957 561; x_wconf 82' lang='grc' dir='ltr'>ὀΛικῶς,</span> 
     </span>
    </p>
   </div>
   <div class='ocr_carea' id='block_1_3' title="bbox 2081 485 3719 567">
    <p class='ocr_par' dir='ltr' id='par_1_3' title="bbox 2081 488 3719 561">
     <span class='ocr_line' id='line_1_3' title="bbox 2081 488 3719 561; baseline -0.002 -16"><span class='ocrx_word' id='word_1_19' title='bbox 2081 490 2357 546; x_wconf 84' lang='lat' dir='ltr'>diximus.</span> <span class='ocrx_word' id='word_1_20' title='bbox 2400 490 2572 547; x_wconf 80' lang='lat' dir='ltr'>Recte</span> <span class='ocrx_word' id='word_1_21' title='bbox 2628 494 2823 546; x_wconf 88' lang='lat' dir='ltr'>autem</span> <span class='ocrx_word' id='word_1_22' title='bbox 2878 488 3149 561; x_wconf 91' lang='lat' dir='ltr'>apposuit</span> <span class='ocrx_word' id='word_1_23' title='bbox 3206 488 3458 555; x_wconf 75' lang='lat' dir='ltr'>omnino,</span> <span class='ocrx_word' id='word_1_24' title='bbox 3504 488 3719 558; x_wconf 88' lang='lat' dir='ltr'>partim</span> 
     </span>
    </p>
   </div>
   <div class='ocr_carea' id='block_1_4' title="bbox 308 576 1964 653">
    <p class='ocr_par' dir='ltr' id='par_1_4' title="bbox 308 576 1964 653">
     <span class='ocr_line' id='line_1_4' title="bbox 308 576 1964 653; baseline 0.002 -23"><span class='ocrx_word' id='word_1_25' title='bbox 308 579 555 649; x_wconf 78' lang='grc' dir='ltr'>μερικῶς</span> <span class='ocrx_word' id='word_1_26' title='bbox 606 576 711 651; x_wconf 76' lang='grc' dir='ltr'>γὰρ</span> <span class='ocrx_word' id='word_1_27' title='bbox 764 579 1080 653; x_wconf 76' lang='grc' dir='ltr'><strong>μετέχουσι·</strong></span> <span class='ocrx_word' id='word_1_28' title='bbox 1114 581 1216 648; x_wconf 77' lang='grc' dir='ltr'>τὴν</span> <span class='ocrx_word' id='word_1_29' title='bbox 1251 578 1493 651; x_wconf 78' lang='grc' dir='ltr'>σύνταξιν</span> <span class='ocrx_word' id='word_1_30' title='bbox 1528 577 1585 635; x_wconf 75' lang='grc' dir='ltr'>δὲ</span> <span class='ocrx_word' id='word_1_31' title='bbox 1616 579 1721 634; x_wconf 84' lang='grc' dir='ltr'>ἀπὸ</span> <span class='ocrx_word' id='word_1_32' title='bbox 1749 584 1865 647; x_wconf 78' lang='grc' dir='ltr'>τοῦ,</span> <span class='ocrx_word' id='word_1_33' title='bbox 1901 580 1964 634; x_wconf 81' lang='grc' dir='ltr'>οὐ</span> 
     </span>
    </p>
   </div>
   <div class='ocr_carea' id='block_1_5' title="bbox 304 664 1963 744">
    <p class='ocr_par' dir='ltr' id='par_1_5' title="bbox 304 664 1963 744">
     <span class='ocr_line' id='line_1_5' title="bbox 304 664 1963 744; baseline 0.001 -25"><span class='ocrx_word' id='word_1_34' title='bbox 304 664 413 741; x_wconf 73' lang='grc' dir='ltr'>γὰρ</span> <span class='ocrx_word' id='word_1_35' title='bbox 445 664 595 721; x_wconf 81' lang='grc' dir='ltr'>ἔστιν</span> <span class='ocrx_word' id='word_1_36' title='bbox 624 665 819 737; x_wconf 74' lang='grc' dir='ltr'>εἰπεῖν,</span> <span class='ocrx_word' id='word_1_37' title='bbox 848 664 954 730; x_wconf 76' lang='grc' dir='ltr'>ἓως</span> <span class='ocrx_word' id='word_1_38' title='bbox 1004 666 1111 724; x_wconf 86' lang='grc' dir='ltr'>ὦδε</span> <span class='ocrx_word' id='word_1_39' title='bbox 1159 666 1241 724; x_wconf 82' lang='grc' dir='ltr'>δεῖ</span> <span class='ocrx_word' id='word_1_40' title='bbox 1286 669 1531 744; x_wconf 76' lang='grc' dir='ltr'>συνάψαι,</span> <span class='ocrx_word' id='word_1_41' title='bbox 1592 669 1726 743; x_wconf 79' lang='grc' dir='ltr'>[καὶ]</span> <span class='ocrx_word' id='word_1_42' title='bbox 1786 669 1963 743; x_wconf 82' lang='grc' dir='ltr'>ἀρχὴν</span> 
     </span>
    </p>
   </div>
   <div class='ocr_carea' id='block_1_6' title="bbox 304 756 1061 831">
    <p class='ocr_par' dir='ltr' id='par_1_6' title="bbox 304 756 1061 831">
     <span class='ocr_line' id='line_1_6' title="bbox 304 756 1061 831; baseline 0.005 -23"><span class='ocrx_word' id='word_1_43' title='bbox 304 756 642 825; x_wconf 74' lang='grc' dir='ltr'>ποιήσασθαι</span> <span class='ocrx_word' id='word_1_44' title='bbox 675 762 777 825; x_wconf 84' lang='grc' dir='ltr'>τῆς</span> <span class='ocrx_word' id='word_1_45' title='bbox 809 757 1061 831; x_wconf 81' lang='grc' dir='ltr'>ἀπορίας.</span> 
     </span>
    </p>
   </div>
   <div class='ocr_carea' id='block_1_7' title="bbox 384 841 1965 923">
    <p class='ocr_par' dir='ltr' id='par_1_7' title="bbox 384 841 1965 923">
     <span class='ocr_line' id='line_1_7' title="bbox 384 841 1965 923; baseline 0.001 -25"><span class='ocrx_word' id='word_1_46' title='bbox 384 844 571 917; x_wconf 69' lang='grc' dir='ltr'>Φαμὲν</span> <span class='ocrx_word' id='word_1_47' title='bbox 599 841 678 901; x_wconf 85' lang='grc' dir='ltr'>δέ.</span> <span class='ocrx_word' id='word_1_48' title='bbox 724 850 849 907; x_wconf 84' lang='grc' dir='ltr'>Πῶς</span> <span class='ocrx_word' id='word_1_49' title='bbox 892 848 1086 908; x_wconf 81' lang='grc' dir='ltr'>πάντες</span> <span class='ocrx_word' id='word_1_50' title='bbox 1134 844 1386 923; x_wconf 89' lang='grc' dir='ltr'>λέγονται</span> <span class='ocrx_word' id='word_1_51' title='bbox 1437 846 1737 921; x_wconf 81' lang='grc' dir='ltr'>δυνάμεις;</span> <span class='ocrx_word' id='word_1_52' title='bbox 1776 848 1965 923; x_wconf 56' lang='grc' dir='ltr'>τελευτ-</span> 
     </span>
    </p>
   </div>
   <div class='ocr_carea' id='block_1_8' title="bbox 304 920 1965 1013">
    <p class='ocr_par' dir='ltr' id='par_1_8' title="bbox 304 920 1965 1013">
     <span class='ocr_line' id='line_1_8' title="bbox 304 920 1965 1013; baseline 0.002 -26"><span class='ocrx_word' id='word_1_53' title='bbox 304 933 432 988; x_wconf 87' lang='grc' dir='ltr'>ταία</span> <span class='ocrx_word' id='word_1_54' title='bbox 465 935 567 1009; x_wconf 81' lang='grc' dir='ltr'>γὰρ</span> <span class='ocrx_word' id='word_1_55' title='bbox 618 934 764 1005; x_wconf 80' lang='grc' dir='ltr'>τάξις</span> <span class='ocrx_word' id='word_1_56' title='bbox 817 937 852 1003; x_wconf 70' lang='grc' dir='ltr'>ἡ</span> <span class='ocrx_word' id='word_1_57' title='bbox 883 940 991 989; x_wconf 90' lang='grc' dir='ltr'>τῶν</span> <span class='ocrx_word' id='word_1_58' title='bbox 1024 920 1235 1011; x_wconf 78' lang='grc' dir='ltr'>ἀρχῶν,</span> <span class='ocrx_word' id='word_1_59' title='bbox 1288 937 1378 991; x_wconf 82' lang='grc' dir='ltr'>καὶ</span> <span class='ocrx_word' id='word_1_60' title='bbox 1432 920 1817 1013; x_wconf 78' lang='grc' dir='ltr'>ἀρχαγγέλων,</span> <span class='ocrx_word' id='word_1_61' title='bbox 1874 920 1965 991; x_wconf 70' lang='grc' dir='ltr'>διαὶ</span> 
     </span>
    </p>
   </div>
   <div class='ocr_carea' id='block_1_9' title="bbox 305 1022 1967 1099">
    <p class='ocr_par' dir='ltr' id='par_1_9' title="bbox 305 1022 1967 1099">
     <span class='ocr_line' id='line_1_9' title="bbox 305 1022 1967 1099; baseline 0.003 -24"><span class='ocrx_word' id='word_1_62' title='bbox 305 1022 556 1097; x_wconf 77' lang='grc' dir='ltr'>ἀγγέλων</span> <span class='ocrx_word' id='word_1_63' title='bbox 586 1022 720 1077; x_wconf 69' lang='grc' dir='ltr'>ἐστι·</span> <span class='ocrx_word' id='word_1_64' title='bbox 764 1023 853 1077; x_wconf 77' lang='grc' dir='ltr'>καὶ</span> <span class='ocrx_word' id='word_1_65' title='bbox 915 1025 1068 1097; x_wconf 79' lang='grc' dir='ltr'>ὅμως</span> <span class='ocrx_word' id='word_1_66' title='bbox 1098 1026 1187 1078; x_wconf 79' lang='grc' dir='ltr'>καὶ</span> <span class='ocrx_word' id='word_1_67' title='bbox 1214 1024 1367 1081; x_wconf 82' lang='grc' dir='ltr'>αὐτοὶ</span> <span class='ocrx_word' id='word_1_68' title='bbox 1415 1023 1668 1099; x_wconf 84' lang='grc' dir='ltr'>δυνάμεις</span> <span class='ocrx_word' id='word_1_69' title='bbox 1702 1023 1844 1081; x_wconf 73' lang='grc' dir='ltr'>ἔστιν</span> <span class='ocrx_word' id='word_1_70' title='bbox 1877 1024 1967 1080; x_wconf 75' lang='grc' dir='ltr'>ὅτε</span> 
     </span>
    </p>
   </div>
   <div class='ocr_carea' id='block_1_10' title="bbox 305 1110 1315 1183">
    <p class='ocr_par' dir='ltr' id='par_1_10' title="bbox 305 1110 1315 1183">
     <span class='ocr_line' id='line_1_10' title="bbox 305 1110 1315 1183; baseline 0.003 -18"><span class='ocrx_word' id='word_1_71' title='bbox 305 1110 397 1165; x_wconf 82' lang='grc' dir='ltr'>ὀνο</span> <span class='ocrx_word' id='word_1_72' title='bbox 412 1113 699 1183; x_wconf 83' lang='grc' dir='ltr'>μάζονται.</span> <span class='ocrx_word' id='word_1_73' title='bbox 1306 1129 1315 1136; x_wconf 91' lang='grc'>·</span> 
     </span>
    </p>
   </div>
   <div class='ocr_carea' id='block_1_11' title="bbox 377 1198 1966 1279">
    <p class='ocr_par' dir='ltr' id='par_1_11' title="bbox 377 1198 1966 1279">
     <span class='ocr_line' id='line_1_11' title="bbox 377 1198 1966 1279; baseline 0.001 -24"><span class='ocrx_word' id='word_1_74' title='bbox 377 1198 475 1261; x_wconf 82' lang='grc' dir='ltr'>Εἷς</span> <span class='ocrx_word' id='word_1_75' title='bbox 509 1199 695 1255; x_wconf 79' lang='grc' dir='ltr'>οὐσίαν</span> <span class='ocrx_word' id='word_1_76' title='bbox 724 1201 814 1255; x_wconf 84' lang='grc' dir='ltr'>καὶ</span> <span class='ocrx_word' id='word_1_77' title='bbox 846 1198 1097 1274; x_wconf 72' lang='grc' dir='ltr'>δύναμιν.</span> <span class='ocrx_word' id='word_1_78' title='bbox 1130 1203 1217 1265; x_wconf 78' lang='grc' dir='ltr'>Ὠς</span> <span class='ocrx_word' id='word_1_79' title='bbox 1264 1202 1317 1257; x_wconf 87' lang='grc' dir='ltr'>έν</span> <span class='ocrx_word' id='word_1_80' title='bbox 1368 1201 1726 1279; x_wconf 81' lang='grc' dir='ltr'>ὑποδείγματι</span> <span class='ocrx_word' id='word_1_81' title='bbox 1776 1202 1966 1279; x_wconf 75' lang='grc' dir='ltr'>ῥητέον</span> 
     </span>
    </p>
   </div>
   <div class='ocr_carea' id='block_1_12' title="bbox 304 1286 1964 1369">
    <p class='ocr_par' dir='ltr' id='par_1_12' title="bbox 304 1286 1964 1369">
     <span class='ocr_line' id='line_1_12' title="bbox 304 1286 1964 1369; baseline 0.004 -29"><span class='ocrx_word' id='word_1_82' title='bbox 304 1286 489 1341; x_wconf 66' lang='grc' dir='ltr'>οὐσίαν</span> <span class='ocrx_word' id='word_1_83' title='bbox 529 1288 624 1361; x_wconf 74' lang='grc' dir='ltr'>μὶν</span> <span class='ocrx_word' id='word_1_84' title='bbox 658 1287 829 1344; x_wconf 77' lang='grc' dir='ltr'>εἰπεῖν</span> <span class='ocrx_word' id='word_1_85' title='bbox 858 1292 957 1358; x_wconf 74' lang='grc' dir='ltr'>τὴν</span> <span class='ocrx_word' id='word_1_86' title='bbox 997 1290 1169 1365; x_wconf 86' lang='grc' dir='ltr'>πυρὸς</span> <span class='ocrx_word' id='word_1_87' title='bbox 1200 1292 1377 1369; x_wconf 73' lang='grc' dir='ltr'>φύσιν·</span> <span class='ocrx_word' id='word_1_88' title='bbox 1413 1289 1642 1365; x_wconf 72' lang='grc' dir='ltr'>δύναμιν</span> <span class='ocrx_word' id='word_1_89' title='bbox 1679 1290 1736 1346; x_wconf 71' lang='grc' dir='ltr'>δὲ</span> <span class='ocrx_word' id='word_1_90' title='bbox 1763 1292 1964 1361; x_wconf 78' lang='grc' dir='ltr'>ταύτης</span> 
     </span>
    </p>
   </div>
   <div class='ocr_carea' id='block_1_13' title="bbox 301 1376 1965 1455">
    <p class='ocr_par' dir='ltr' id='par_1_13' title="bbox 301 1376 1965 1455">
     <span class='ocr_line' id='line_1_13' title="bbox 301 1376 1965 1455; baseline 0.003 -25"><span class='ocrx_word' id='word_1_91' title='bbox 301 1376 365 1431; x_wconf 79' lang='grc' dir='ltr'>τὸ</span> <span class='ocrx_word' id='word_1_92' title='bbox 397 1378 751 1453; x_wconf 75' lang='grc' dir='ltr'>φωτιστικόνο</span> <span class='ocrx_word' id='word_1_93' title='bbox 806 1376 1072 1455; x_wconf 78' lang='grc' dir='ltr'>ἐνέργειαν</span> <span class='ocrx_word' id='word_1_94' title='bbox 1124 1377 1182 1435; x_wconf 71' lang='grc' dir='ltr'>δλ</span> <span class='ocrx_word' id='word_1_95' title='bbox 1231 1382 1295 1435; x_wconf 87' lang='grc' dir='ltr'>τὸ</span> <span class='ocrx_word' id='word_1_96' title='bbox 1333 1387 1432 1450; x_wconf 76' lang='grc' dir='ltr'>τῆς</span> <span class='ocrx_word' id='word_1_97' title='bbox 1459 1378 1738 1455; x_wconf 84' lang='grc' dir='ltr'>δυνάμεως</span> <span class='ocrx_word' id='word_1_98' title='bbox 1769 1382 1965 1437; x_wconf 84' lang='grc' dir='ltr'>ἆποτέ-</span> 
     </span>
    </p>
   </div>
   <div class='ocr_carea' id='block_1_14' title="bbox 302 1463 1440 1545">
    <p class='ocr_par' dir='ltr' id='par_1_14' title="bbox 302 1463 1440 1545">
     <span class='ocr_line' id='line_1_14' title="bbox 302 1463 1440 1545; baseline 0.005 -27"><span class='ocrx_word' id='word_1_99' title='bbox 302 1463 510 1538; x_wconf 83' lang='grc' dir='ltr'>λεσμα,</span> <span class='ocrx_word' id='word_1_100' title='bbox 542 1465 711 1543; x_wconf 75' lang='grc' dir='ltr'>ἤγουν</span> <span class='ocrx_word' id='word_1_101' title='bbox 742 1468 805 1522; x_wconf 88' lang='grc' dir='ltr'>τὸ</span> <span class='ocrx_word' id='word_1_102' title='bbox 837 1468 1088 1545; x_wconf 81' lang='grc' dir='ltr'>φωτίζειν</span> <span class='ocrx_word' id='word_1_103' title='bbox 1122 1468 1211 1524; x_wconf 87' lang='grc' dir='ltr'>καὶ</span> <span class='ocrx_word' id='word_1_104' title='bbox 1245 1468 1440 1525; x_wconf 89' lang='grc' dir='ltr'>καίειν.</span> 
     </span>
    </p>
   </div>
   <div class='ocr_carea' id='block_1_15' title="bbox 378 1643 1961 1723">
    <p class='ocr_par' dir='ltr' id='par_1_15' title="bbox 378 1643 1961 1723">
     <span class='ocr_line' id='line_1_15' title="bbox 378 1643 1961 1723; baseline 0.004 -25"><span class='ocrx_word' id='word_1_105' title='bbox 378 1645 450 1701; x_wconf 86' lang='grc' dir='ltr'><em>Ἢ</em></span> <span class='ocrx_word' id='word_1_106' title='bbox 522 1643 780 1719; x_wconf 77' lang='grc' dir='ltr'>οὐρανίας</span> <span class='ocrx_word' id='word_1_107' title='bbox 860 1644 1116 1720; x_wconf 77' lang='grc' dir='ltr'>δυνάμεις</span> <span class='ocrx_word' id='word_1_108' title='bbox 1182 1646 1566 1721; x_wconf 83' lang='grc' dir='ltr'>ἀποκαλῶμεν.</span> <span class='ocrx_word' id='word_1_109' title='bbox 1639 1650 1961 1723; x_wconf 75' lang='grc' dir='ltr'>Ὀμώνυμόν</span> 
     </span>
    </p>
   </div>
   <div class='ocr_carea' id='block_1_16' title="bbox 305 1728 1963 1815">
    <p class='ocr_par' dir='ltr' id='par_1_16' title="bbox 305 1728 1963 1815">
     <span class='ocr_line' id='line_1_16' title="bbox 305 1728 1963 1815; baseline 0.006 -30"><span class='ocrx_word' id='word_1_110' title='bbox 305 1730 452 1786; x_wconf 80' lang='grc' dir='ltr'>ἐστιν</span> <span class='ocrx_word' id='word_1_111' title='bbox 514 1728 693 1805; x_wconf 74' lang='grc' dir='ltr'>ὄνομα</span> <span class='ocrx_word' id='word_1_112' title='bbox 748 1734 802 1788; x_wconf 74' lang='grc' dir='ltr'>αἱ</span> <span class='ocrx_word' id='word_1_113' title='bbox 863 1732 1139 1808; x_wconf 83' lang='grc' dir='ltr'>δυνάμεις·</span> <span class='ocrx_word' id='word_1_114' title='bbox 1200 1736 1409 1813; x_wconf 87' lang='grc' dir='ltr'>λέγεται</span> <span class='ocrx_word' id='word_1_115' title='bbox 1455 1738 1556 1815; x_wconf 75' lang='grc' dir='ltr'>γὰρ</span> <span class='ocrx_word' id='word_1_116' title='bbox 1610 1737 1752 1794; x_wconf 69' lang='grc' dir='ltr'>οὕτω</span> <span class='ocrx_word' id='word_1_117' title='bbox 1781 1740 1877 1794; x_wconf 85' lang='grc' dir='ltr'>καὶ¹</span> <span class='ocrx_word' id='word_1_118' title='bbox 1900 1742 1963 1795; x_wconf 86' lang='grc' dir='ltr'>τὸ</span> 
     </span>
    </p>
   </div>
   <div class='ocr_carea' id='block_1_17' title="bbox 2076 576 3719 647">
    <p class='ocr_par' dir='ltr' id='par_1_17' title="bbox 2076 576 3719 647">
     <span class='ocr_line' id='line_1_17' title="bbox 2076 576 3719 647; baseline -0.001 -14"><span class='ocrx_word' id='word_1_119' title='bbox 2076 580 2235 634; x_wconf 89' lang='lat' dir='ltr'>enim</span> <span class='ocrx_word' id='word_1_120' title='bbox 2284 580 2765 647; x_wconf 81' lang='lat' dir='ltr'>communicant;</span> <span class='ocrx_word' id='word_1_121' title='bbox 2823 577 3315 633; x_wconf 89' lang='lat' dir='ltr'>constructionem</span> <span class='ocrx_word' id='word_1_122' title='bbox 3364 591 3498 629; x_wconf 92' lang='lat' dir='ltr'>vero</span> <span class='ocrx_word' id='word_1_123' title='bbox 3530 576 3600 631; x_wconf 88' lang='lat' dir='ltr'>ab</span> <span class='ocrx_word' id='word_1_124' title='bbox 3630 592 3719 647; x_wconf 90' lang='lat' dir='ltr'>eo,</span> 
     </span>
    </p>
   </div>
   <div class='ocr_carea' id='block_1_18' title="bbox 2074 667 3722 737">
    <p class='ocr_par' dir='ltr' id='par_1_18' title="bbox 2074 667 3722 737">
     <span class='ocr_line' id='line_1_18' title="bbox 2074 667 3722 737; baseline -0.001 -15"><span class='ocrx_word' id='word_1_125' title='bbox 2074 684 2186 723; x_wconf 89' lang='lat' dir='ltr'>non</span> <span class='ocrx_word' id='word_1_126' title='bbox 2234 671 2387 724; x_wconf 83' lang='lat' dir='ltr'>enim</span> <span class='ocrx_word' id='word_1_127' title='bbox 2442 669 2621 725; x_wconf 77' lang='lat' dir='ltr'>dicere</span> <span class='ocrx_word' id='word_1_128' title='bbox 2661 683 2975 737; x_wconf 82' lang='lat' dir='ltr'>possumus,</span> <span class='ocrx_word' id='word_1_129' title='bbox 3022 667 3332 735; x_wconf 84' lang='lat' dir='ltr'>hucusque</span> <span class='ocrx_word' id='word_1_130' title='bbox 3381 669 3722 720; x_wconf 81' lang='lat' dir='ltr'>connectere</span> 
     </span>
    </p>
   </div>
   <div class='ocr_carea' id='block_1_19' title="bbox 2077 752 3479 829">
    <p class='ocr_par' dir='ltr' id='par_1_19' title="bbox 2077 752 3479 829">
     <span class='ocr_line' id='line_1_19' title="bbox 2077 752 3479 829; baseline -0.005 -16"><span class='ocrx_word' id='word_1_131' title='bbox 2077 761 2327 829; x_wconf 80' lang='lat' dir='ltr'>oportet,</span> <span class='ocrx_word' id='word_1_132' title='bbox 2364 762 2420 812; x_wconf 90' lang='lat' dir='ltr'>et</span> <span class='ocrx_word' id='word_1_133' title='bbox 2450 757 2807 829; x_wconf 81' lang='lat' dir='ltr'>principium</span> <span class='ocrx_word' id='word_1_134' title='bbox 2842 757 3029 811; x_wconf 89' lang='lat' dir='ltr'>facere</span> <span class='ocrx_word' id='word_1_135' title='bbox 3070 752 3479 809; x_wconf 89' lang='lat' dir='ltr'>dubitationis.</span> 
     </span>
    </p>
   </div>
   <div class='ocr_carea' id='block_1_20' title="bbox 2148 841 3721 911">
    <p class='ocr_par' dir='ltr' id='par_1_20' title="bbox 2148 841 3721 911">
     <span class='ocr_line' id='line_1_20' title="bbox 2148 841 3721 911; baseline -0.004 -10"><span class='ocrx_word' id='word_1_136' title='bbox 2148 847 2397 901; x_wconf 76' lang='lat' dir='ltr'>Dicimus</span> <span class='ocrx_word' id='word_1_137' title='bbox 2426 852 2631 902; x_wconf 77' lang='lat' dir='ltr'>autem.</span> <span class='ocrx_word' id='word_1_138' title='bbox 2668 846 2968 911; x_wconf 89' lang='lat' dir='ltr'>Quomodo</span> <span class='ocrx_word' id='word_1_139' title='bbox 3000 860 3205 900; x_wconf 90' lang='lat' dir='ltr'>omnes</span> <span class='ocrx_word' id='word_1_140' title='bbox 3236 842 3509 897; x_wconf 85' lang='lat' dir='ltr'>dicantur</span> <span class='ocrx_word' id='word_1_141' title='bbox 3536 841 3721 896; x_wconf 86' lang='lat' dir='ltr'>virtu-</span> 
     </span>
    </p>
   </div>
   <div class='ocr_carea' id='block_1_21' title="bbox 2077 930 3721 1007">
    <p class='ocr_par' dir='ltr' id='par_1_21' title="bbox 2077 930 3721 1007">
     <span class='ocr_line' id='line_1_21' title="bbox 2077 930 3721 1007; baseline -0.004 -16"><span class='ocrx_word' id='word_1_142' title='bbox 2077 943 2161 991; x_wconf 89' lang='lat' dir='ltr'>tes</span> <span class='ocrx_word' id='word_1_143' title='bbox 2191 951 2203 990; x_wconf 93' lang='lat'>:</span> <span class='ocrx_word' id='word_1_144' title='bbox 2230 940 2566 1006; x_wconf 89' lang='lat' dir='ltr'>postremus</span> <span class='ocrx_word' id='word_1_145' title='bbox 2587 935 2882 1007; x_wconf 91' lang='lat' dir='ltr'>siquidem</span> <span class='ocrx_word' id='word_1_146' title='bbox 2906 937 3047 989; x_wconf 91' lang='lat' dir='ltr'>ordo</span> <span class='ocrx_word' id='word_1_147' title='bbox 3070 930 3530 1004; x_wconf 88' lang='lat' dir='ltr'>principatuum,</span> <span class='ocrx_word' id='word_1_148' title='bbox 3554 934 3611 985; x_wconf 89' lang='lat' dir='ltr'>et</span> <span class='ocrx_word' id='word_1_149' title='bbox 3635 947 3721 985; x_wconf 83' lang='lat' dir='ltr'>ar-</span> 
     </span>
    </p>
   </div>
   <div class='ocr_carea' id='block_1_22' title="bbox 2074 1020 3719 1096">
    <p class='ocr_par' dir='ltr' id='par_1_22' title="bbox 2074 1020 3719 1096">
     <span class='ocr_line' id='line_1_22' title="bbox 2074 1020 3719 1096; baseline -0.004 -17"><span class='ocrx_word' id='word_1_150' title='bbox 2074 1024 2492 1095; x_wconf 90' lang='lat' dir='ltr'>changelorum</span> <span class='ocrx_word' id='word_1_151' title='bbox 2525 1029 2583 1079; x_wconf 88' lang='lat' dir='ltr'>et</span> <span class='ocrx_word' id='word_1_152' title='bbox 2612 1023 2954 1096; x_wconf 81' lang='lat' dir='ltr'>angelorum</span> <span class='ocrx_word' id='word_1_153' title='bbox 2987 1027 3114 1089; x_wconf 88' lang='lat' dir='ltr'>est;</span> <span class='ocrx_word' id='word_1_154' title='bbox 3150 1026 3410 1076; x_wconf 80' lang='lat' dir='ltr'>attamen</span> <span class='ocrx_word' id='word_1_155' title='bbox 3457 1020 3719 1089; x_wconf 86' lang='lat' dir='ltr'>quando-</span> 
     </span>
    </p>
   </div>
   <div class='ocr_carea' id='block_1_23' title="bbox 2076 1112 3246 1185">
    <p class='ocr_par' dir='ltr' id='par_1_23' title="bbox 2076 1112 3246 1185">
     <span class='ocr_line' id='line_1_23' title="bbox 2076 1112 3246 1185; baseline -0.003 -17"><span class='ocrx_word' id='word_1_156' title='bbox 2076 1130 2188 1185; x_wconf 88' lang='lat' dir='ltr'>que</span> <span class='ocrx_word' id='word_1_157' title='bbox 2217 1114 2330 1185; x_wconf 89' lang='lat' dir='ltr'>ipsi</span> <span class='ocrx_word' id='word_1_158' title='bbox 2361 1114 2537 1169; x_wconf 88' lang='lat' dir='ltr'>etiam</span> <span class='ocrx_word' id='word_1_159' title='bbox 2567 1115 2810 1168; x_wconf 77' lang='lat' dir='ltr'>virtutes</span> <span class='ocrx_word' id='word_1_160' title='bbox 2842 1112 3246 1167; x_wconf 85' lang='lat' dir='ltr'>nominantur.</span> 
     </span>
    </p>
   </div>
   <div class='ocr_carea' id='block_1_24' title="bbox 2146 1197 3722 1272">
    <p class='ocr_par' dir='ltr' id='par_1_24' title="bbox 2146 1197 3722 1272">
     <span class='ocr_line' id='line_1_24' title="bbox 2146 1197 3722 1272; baseline -0.004 -14"><span class='ocrx_word' id='word_1_161' title='bbox 2146 1204 2209 1258; x_wconf 89' lang='lat' dir='ltr'>In</span> <span class='ocrx_word' id='word_1_162' title='bbox 2236 1204 2528 1258; x_wconf 70' lang='lat' dir='ltr'>essentiam</span> <span class='ocrx_word' id='word_1_163' title='bbox 2557 1207 2609 1258; x_wconf 86' lang='lat' dir='ltr'>et</span> <span class='ocrx_word' id='word_1_164' title='bbox 2632 1204 2912 1258; x_wconf 76' lang='lat' dir='ltr'>virtutem.</span> <span class='ocrx_word' id='word_1_165' title='bbox 2946 1201 3249 1272; x_wconf 79' lang='lat' dir='ltr'>Tanquam</span> <span class='ocrx_word' id='word_1_166' title='bbox 3289 1197 3542 1269; x_wconf 81' lang='lat' dir='ltr'>exempli</span> <span class='ocrx_word' id='word_1_167' title='bbox 3588 1214 3722 1269; x_wconf 84' lang='lat' dir='ltr'>gra-</span> 
     </span>
    </p>
   </div>
   <div class='ocr_carea' id='block_1_25' title="bbox 2074 1285 3721 1361">
    <p class='ocr_par' dir='ltr' id='par_1_25' title="bbox 2074 1285 3721 1361">
     <span class='ocr_line' id='line_1_25' title="bbox 2074 1285 3721 1361; baseline -0.003 -15"><span class='ocrx_word' id='word_1_168' title='bbox 2074 1290 2155 1347; x_wconf 88' lang='lat' dir='ltr'>tia</span> <span class='ocrx_word' id='word_1_169' title='bbox 2184 1291 2523 1361; x_wconf 88' lang='lat' dir='ltr'>dicendum,</span> <span class='ocrx_word' id='word_1_170' title='bbox 2554 1292 2872 1348; x_wconf 81' lang='lat' dir='ltr'>essentiam</span> <span class='ocrx_word' id='word_1_171' title='bbox 2904 1290 3141 1361; x_wconf 89' lang='lat' dir='ltr'>quidem</span> <span class='ocrx_word' id='word_1_172' title='bbox 3189 1287 3518 1359; x_wconf 82' lang='lat' dir='ltr'>appellasse</span> <span class='ocrx_word' id='word_1_173' title='bbox 3567 1285 3721 1359; x_wconf 85' lang='lat' dir='ltr'>ignis</span> 
     </span>
    </p>
   </div>
   <div class='ocr_carea' id='block_1_26' title="bbox 2075 1373 3719 1448">
    <p class='ocr_par' dir='ltr' id='par_1_26' title="bbox 2075 1373 3719 1448">
     <span class='ocr_line' id='line_1_26' title="bbox 2075 1373 3719 1448; baseline -0.004 -13"><span class='ocrx_word' id='word_1_174' title='bbox 2075 1384 2347 1436; x_wconf 86' lang='lat' dir='ltr'>naturam</span> <span class='ocrx_word' id='word_1_175' title='bbox 2375 1398 2389 1448; x_wconf 89' lang='lat'><strong>;</strong></span> <span class='ocrx_word' id='word_1_176' title='bbox 2421 1381 2697 1436; x_wconf 87' lang='lat' dir='ltr'>virtutem</span> <span class='ocrx_word' id='word_1_177' title='bbox 2750 1396 2905 1447; x_wconf 90' lang='lat' dir='ltr'>vero,</span> <span class='ocrx_word' id='word_1_178' title='bbox 2955 1378 3071 1434; x_wconf 85' lang='lat' dir='ltr'>vim</span> <span class='ocrx_word' id='word_1_179' title='bbox 3118 1378 3248 1448; x_wconf 90' lang='lat' dir='ltr'>ejus</span> <span class='ocrx_word' id='word_1_180' title='bbox 3295 1377 3366 1431; x_wconf 91' lang='lat' dir='ltr'>ad</span> <span class='ocrx_word' id='word_1_181' title='bbox 3411 1373 3719 1431; x_wconf 87' lang='lat' dir='ltr'>illustran-</span> 
     </span>
    </p>
   </div>
   <div class='ocr_carea' id='block_1_27' title="bbox 2075 1463 3716 1539">
    <p class='ocr_par' dir='ltr' id='par_1_27' title="bbox 2075 1463 3716 1539">
     <span class='ocr_line' id='line_1_27' title="bbox 2075 1463 3716 1539; baseline -0.002 -16"><span class='ocrx_word' id='word_1_182' title='bbox 2075 1470 2255 1539; x_wconf 90' lang='lat' dir='ltr'>dum;</span> <span class='ocrx_word' id='word_1_183' title='bbox 2288 1469 2610 1526; x_wconf 82' lang='lat' dir='ltr'>efﬁcaciam</span> <span class='ocrx_word' id='word_1_184' title='bbox 2642 1473 2860 1536; x_wconf 89' lang='lat' dir='ltr'>autem,</span> <span class='ocrx_word' id='word_1_185' title='bbox 2895 1467 3130 1522; x_wconf 89' lang='lat' dir='ltr'>virtutis</span> <span class='ocrx_word' id='word_1_186' title='bbox 3160 1468 3454 1536; x_wconf 70' lang='lat' dir='ltr'>effectum,</span> <span class='ocrx_word' id='word_1_187' title='bbox 3488 1481 3593 1521; x_wconf 86' lang='lat' dir='ltr'>seu</span> <span class='ocrx_word' id='word_1_188' title='bbox 3646 1463 3716 1519; x_wconf 90' lang='lat' dir='ltr'>il-</span> 
     </span>
    </p>
   </div>
   <div class='ocr_carea' id='block_1_28' title="bbox 2076 1558 2846 1617">
    <p class='ocr_par' dir='ltr' id='par_1_28' title="bbox 2076 1558 2846 1617">
     <span class='ocr_line' id='line_1_28' title="bbox 2076 1558 2846 1617; baseline 0 -3"><span class='ocrx_word' id='word_1_189' title='bbox 2076 1558 2368 1616; x_wconf 84' lang='lat' dir='ltr'>luminare</span> <span class='ocrx_word' id='word_1_190' title='bbox 2396 1565 2454 1616; x_wconf 90' lang='lat' dir='ltr'>et</span> <span class='ocrx_word' id='word_1_191' title='bbox 2482 1560 2846 1617; x_wconf 65' lang='lat' dir='ltr'>comburere</span> 
     </span>
    </p>
   </div>
   <div class='ocr_carea' id='block_1_29' title="bbox 2152 1644 3719 1719">
    <p class='ocr_par' dir='ltr' id='par_1_29' title="bbox 2152 1644 3719 1719">
     <span class='ocr_line' id='line_1_29' title="bbox 2152 1644 3719 1719; baseline -0.004 -15"><span class='ocrx_word' id='word_1_192' title='bbox 2152 1650 2237 1704; x_wconf 85' lang='lat' dir='ltr'>Vel</span> <span class='ocrx_word' id='word_1_193' title='bbox 2264 1649 2503 1704; x_wconf 72' lang='lat' dir='ltr'>cwlestes</span> <span class='ocrx_word' id='word_1_194' title='bbox 2535 1650 2765 1704; x_wconf 79' lang='lat' dir='ltr'>virtutes</span> <span class='ocrx_word' id='word_1_195' title='bbox 2812 1647 3175 1719; x_wconf 79' lang='lat' dir='ltr'>appellamus.</span> <span class='ocrx_word' id='word_1_196' title='bbox 3224 1646 3444 1701; x_wconf 90' lang='lat' dir='ltr'>Nomen</span> <span class='ocrx_word' id='word_1_197' title='bbox 3488 1644 3719 1700; x_wconf 77' lang='lat' dir='ltr'>virtutes</span> 
     </span>
    </p>
   </div>
   <div class='ocr_carea' id='block_1_30' title="bbox 2073 1734 3716 1808">
    <p class='ocr_par' dir='ltr' id='par_1_30' title="bbox 2073 1734 3716 1808">
     <span class='ocr_line' id='line_1_30' title="bbox 2073 1734 3716 1808; baseline -0.003 -16"><span class='ocrx_word' id='word_1_198' title='bbox 2073 1742 2163 1792; x_wconf 88' lang='lat' dir='ltr'>est</span> <span class='ocrx_word' id='word_1_199' title='bbox 2193 1737 2605 1808; x_wconf 82' lang='lat' dir='ltr'>homonymum</span> <span class='ocrx_word' id='word_1_200' title='bbox 2632 1753 2643 1791; x_wconf 90' lang='lat'><strong>:</strong></span> <span class='ocrx_word' id='word_1_201' title='bbox 2677 1737 2759 1791; x_wconf 88' lang='lat' dir='ltr'>ita</span> <span class='ocrx_word' id='word_1_202' title='bbox 2788 1736 2946 1792; x_wconf 91' lang='lat' dir='ltr'>enim</span> <span class='ocrx_word' id='word_1_203' title='bbox 2980 1734 3313 1807; x_wconf 85' lang='lat' dir='ltr'>appellatur</span> <span class='ocrx_word' id='word_1_204' title='bbox 3341 1737 3399 1789; x_wconf 88' lang='lat' dir='ltr'>et</span> <span class='ocrx_word' id='word_1_205' title='bbox 3442 1734 3716 1805; x_wconf 84' lang='lat' dir='ltr'>praprius</span> 
     </span>
    </p>
   </div>
   <div class='ocr_carea' id='block_1_31' title="bbox 303 1818 1957 1917">
    <p class='ocr_par' dir='ltr' id='par_1_31' title="bbox 303 1818 1957 1917">
     <span class='ocr_line' id='line_1_31' title="bbox 303 1818 1957 1917; baseline 0.005 -41"><span class='ocrx_word' id='word_1_206' title='bbox 303 1818 733 1917; x_wconf 40' lang='lat' dir='ltr'>{Such-civim,</span> <span class='ocrx_word' id='word_1_207' title='bbox 782 1825 1026 1880; x_wconf 77' lang='grc' dir='ltr'>τουτέστι</span> <span class='ocrx_word' id='word_1_208' title='bbox 1079 1825 1143 1880; x_wconf 88' lang='grc' dir='ltr'>τὸ</span> <span class='ocrx_word' id='word_1_209' title='bbox 1194 1823 1441 1901; x_wconf 78' lang='grc' dir='ltr'>δεύτερον</span> <span class='ocrx_word' id='word_1_210' title='bbox 1474 1834 1574 1897; x_wconf 79' lang='grc' dir='ltr'>τῆς</span> <span class='ocrx_word' id='word_1_211' title='bbox 1614 1829 1783 1900; x_wconf 88' lang='grc' dir='ltr'>μέσης</span> <span class='ocrx_word' id='word_1_212' title='bbox 1808 1850 1957 1905; x_wconf 90' lang='grc' dir='ltr'>τρια-</span> 
     </span>
    </p>
   </div>
   <div class='ocr_carea' id='block_1_32' title="bbox 2081 1818 3717 1917">
    <p class='ocr_par' dir='ltr' id='par_1_32' title="bbox 2081 1821 3717 1894">
     <span class='ocr_line' id='line_1_32' title="bbox 2081 1821 3717 1894; baseline -0.003 -14"><span class='ocrx_word' id='word_1_213' title='bbox 2081 1825 2236 1891; x_wconf 88' lang='lat' dir='ltr'>ordo,</span> <span class='ocrx_word' id='word_1_214' title='bbox 2272 1825 2328 1879; x_wconf 90' lang='lat' dir='ltr'>id</span> <span class='ocrx_word' id='word_1_215' title='bbox 2361 1830 2449 1880; x_wconf 89' lang='lat' dir='ltr'>est</span> <span class='ocrx_word' id='word_1_216' title='bbox 2491 1826 2786 1881; x_wconf 88' lang='lat' dir='ltr'>secundus</span> <span class='ocrx_word' id='word_1_217' title='bbox 2837 1825 3041 1879; x_wconf 71' lang='lat' dir='ltr'>mediae</span> <span class='ocrx_word' id='word_1_218' title='bbox 3092 1822 3261 1879; x_wconf 64' lang='lat' dir='ltr'>trina</span> <span class='ocrx_word' id='word_1_219' title='bbox 3308 1821 3717 1894; x_wconf 87' lang='lat' dir='ltr'>dispositionis</span> 
     </span>
    </p>
   </div>
   <div class='ocr_carea' id='block_1_33' title="bbox 308 1906 1959 1994">
    <p class='ocr_par' dir='ltr' id='par_1_33' title="bbox 308 1906 1959 1994">
     <span class='ocr_line' id='line_1_33' title="bbox 308 1906 1959 1994; baseline 0.005 -30"><span class='ocrx_word' id='word_1_220' title='bbox 308 1906 469 1979; x_wconf 78' lang='grc' dir='ltr'>δικῆς</span> <span class='ocrx_word' id='word_1_221' title='bbox 497 1909 934 1985; x_wconf 72' lang='grc' dir='ltr'>διακοσμήσεως,</span> <span class='ocrx_word' id='word_1_222' title='bbox 984 1913 1072 1968; x_wconf 81' lang='grc' dir='ltr'>καὶ</span> <span class='ocrx_word' id='word_1_223' title='bbox 1122 1919 1320 1977; x_wconf 81' lang='grc' dir='ltr'>κοινῶς</span> <span class='ocrx_word' id='word_1_224' title='bbox 1358 1914 1529 1971; x_wconf 89' lang='grc' dir='ltr'>πάντα</span> <span class='ocrx_word' id='word_1_225' title='bbox 1575 1919 1644 1973; x_wconf 82' lang='grc' dir='ltr'>τὰ</span> <span class='ocrx_word' id='word_1_226' title='bbox 1691 1919 1959 1994; x_wconf 81' lang='grc' dir='ltr'>τάγματα,</span> 
     </span>
    </p>
   </div>
   <div class='ocr_carea' id='block_1_34' title="bbox 309 1995 1049 2075">
    <p class='ocr_par' dir='ltr' id='par_1_34' title="bbox 309 1995 1049 2075">
     <span class='ocr_line' id='line_1_34' title="bbox 309 1995 1049 2075; baseline 0.011 -25"><span class='ocrx_word' id='word_1_227' title='bbox 309 1996 388 2058; x_wconf 86' lang='grc' dir='ltr'>ὡς</span> <span class='ocrx_word' id='word_1_228' title='bbox 419 1995 646 2072; x_wconf 70' lang='grc' dir='ltr'>δύναμιν</span> <span class='ocrx_word' id='word_1_229' title='bbox 679 1997 879 2075; x_wconf 82' lang='grc' dir='ltr'>ἔχοντά</span> <span class='ocrx_word' id='word_1_230' title='bbox 908 2022 1049 2058; x_wconf 90' lang='grc' dir='ltr'>τινα.</span> 
     </span>
    </p>
   </div>
   <div class='ocr_carea' id='block_1_35' title="bbox 380 2088 1958 2167">
    <p class='ocr_par' dir='ltr' id='par_1_35' title="bbox 380 2088 1958 2167">
     <span class='ocr_line' id='line_1_35' title="bbox 380 2088 1958 2167; baseline 0.006 -24"><span class='ocrx_word' id='word_1_231' title='bbox 380 2089 521 2150; x_wconf 85' lang='grc' dir='ltr'>Ταῖς</span> <span class='ocrx_word' id='word_1_232' title='bbox 578 2088 912 2165; x_wconf 69' lang='grc' dir='ltr'>ὑφειμέναις.</span> <span class='ocrx_word' id='word_1_233' title='bbox 973 2092 1121 2147; x_wconf 84' lang='grc' dir='ltr'>Κατᾶ</span> <span class='ocrx_word' id='word_1_234' title='bbox 1169 2097 1357 2147; x_wconf 82' lang='grc' dir='ltr'>κοινοῦ</span> <span class='ocrx_word' id='word_1_235' title='bbox 1407 2094 1470 2149; x_wconf 87' lang='grc' dir='ltr'>τὸ</span> <span class='ocrx_word' id='word_1_236' title='bbox 1515 2095 1662 2167; x_wconf 76' lang='grc' dir='ltr'>ἡμᾶς</span> <span class='ocrx_word' id='word_1_237' title='bbox 1721 2095 1958 2167; x_wconf 83' lang='grc' dir='ltr'>οίητέον.</span> 
     </span>
    </p>
   </div>
   <div class='ocr_carea' id='block_1_36' title="bbox 306 2176 1958 2257">
    <p class='ocr_par' dir='ltr' id='par_1_36' title="bbox 306 2176 1958 2257">
     <span class='ocr_line' id='line_1_36' title="bbox 306 2176 1958 2257; baseline 0.006 -28"><span class='ocrx_word' id='word_1_238' title='bbox 306 2176 657 2249; x_wconf 77' lang='grc' dir='ltr'>Σημείωσαι,</span> <span class='ocrx_word' id='word_1_239' title='bbox 688 2181 806 2240; x_wconf 92' lang='grc' dir='ltr'>πῶς</span> <span class='ocrx_word' id='word_1_240' title='bbox 834 2177 1089 2253; x_wconf 79' lang='grc' dir='ltr'>ἀνωτέρω</span> <span class='ocrx_word' id='word_1_241' title='bbox 1124 2181 1218 2253; x_wconf 81' lang='grc' dir='ltr'>μέν</span> <span class='ocrx_word' id='word_1_242' title='bbox 1248 2181 1523 2255; x_wconf 79' lang='grc' dir='ltr'>φησιν,8τι</span> <span class='ocrx_word' id='word_1_243' title='bbox 1557 2182 1634 2245; x_wconf 78' lang='grc' dir='ltr'>εἰς</span> <span class='ocrx_word' id='word_1_244' title='bbox 1663 2184 1787 2257; x_wconf 89' lang='grc' dir='ltr'>τρία</span> <span class='ocrx_word' id='word_1_245' title='bbox 1818 2182 1958 2239; x_wconf 81' lang='grc' dir='ltr'>διαι-</span> 
     </span>
    </p>
   </div>
   <div class='ocr_carea' id='block_1_37' title="bbox 303 2264 1958 2346">
    <p class='ocr_par' dir='ltr' id='par_1_37' title="bbox 303 2264 1958 2346">
     <span class='ocr_line' id='line_1_37' title="bbox 303 2264 1958 2346; baseline 0.007 -29"><span class='ocrx_word' id='word_1_246' title='bbox 303 2268 529 2339; x_wconf 79' lang='grc' dir='ltr'>ροῦνται</span> <span class='ocrx_word' id='word_1_247' title='bbox 559 2266 616 2319; x_wconf 75' lang='grc' dir='ltr'>αἱ</span> <span class='ocrx_word' id='word_1_248' title='bbox 646 2264 934 2341; x_wconf 82' lang='grc' dir='ltr'>ἀγγελικαὶ</span> <span class='ocrx_word' id='word_1_249' title='bbox 961 2266 1158 2338; x_wconf 81' lang='grc' dir='ltr'>τάξεις,</span> <span class='ocrx_word' id='word_1_250' title='bbox 1200 2268 1277 2331; x_wconf 72' lang='grc' dir='ltr'>εἷς</span> <span class='ocrx_word' id='word_1_251' title='bbox 1332 2270 1539 2339; x_wconf 81' lang='grc' dir='ltr'>οὐσίαν,</span> <span class='ocrx_word' id='word_1_252' title='bbox 1587 2273 1674 2327; x_wconf 81' lang='grc' dir='ltr'>καὶ</span> <span class='ocrx_word' id='word_1_253' title='bbox 1707 2270 1958 2346; x_wconf 80' lang='grc' dir='ltr'>δύναμιν,</span> 
     </span>
    </p>
   </div>
   <div class='ocr_carea' id='block_1_38' title="bbox 301 2353 1959 2436">
    <p class='ocr_par' dir='ltr' id='par_1_38' title="bbox 301 2353 1959 2436">
     <span class='ocr_line' id='line_1_38' title="bbox 301 2353 1959 2436; baseline 0.007 -30"><span class='ocrx_word' id='word_1_254' title='bbox 301 2354 393 2407; x_wconf 78' lang='grc' dir='ltr'>καὶ</span> <span class='ocrx_word' id='word_1_255' title='bbox 447 2353 735 2429; x_wconf 62' lang='grc' dir='ltr'>ἐνέργειαν</span> <span class='ocrx_word' id='word_1_256' title='bbox 782 2354 1006 2419; x_wconf 69' lang='grc' dir='ltr'>ἐνταῦθα</span> <span class='ocrx_word' id='word_1_257' title='bbox 1032 2353 1089 2411; x_wconf 77' lang='grc' dir='ltr'>δὲ</span> <span class='ocrx_word' id='word_1_258' title='bbox 1136 2355 1285 2433; x_wconf 89' lang='grc' dir='ltr'>λέγει</span> <span class='ocrx_word' id='word_1_259' title='bbox 1313 2359 1405 2413; x_wconf 88' lang='grc' dir='ltr'>τὸν</span> <span class='ocrx_word' id='word_1_260' title='bbox 1438 2357 1626 2436; x_wconf 86' lang='grc' dir='ltr'>λόγον,</span> <span class='ocrx_word' id='word_1_261' title='bbox 1659 2358 1728 2416; x_wconf 81' lang='grc' dir='ltr'>δι’</span> <span class='ocrx_word' id='word_1_262' title='bbox 1774 2362 1833 2417; x_wconf 72' lang='grc' dir='ltr'>’ὸν</span> <span class='ocrx_word' id='word_1_263' title='bbox 1869 2360 1959 2416; x_wconf 84' lang='grc' dir='ltr'>δυ-</span> 
     </span>
    </p>
   </div>
   <div class='ocr_carea' id='block_1_39' title="bbox 300 2444 1044 2514">
    <p class='ocr_par' dir='ltr' id='par_1_39' title="bbox 300 2444 1044 2514">
     <span class='ocr_line' id='line_1_39' title="bbox 300 2444 1044 2514; baseline 0.005 -18"><span class='ocrx_word' id='word_1_264' title='bbox 300 2444 501 2514; x_wconf 85' lang='grc' dir='ltr'>νάμεις</span> <span class='ocrx_word' id='word_1_265' title='bbox 531 2447 700 2498; x_wconf 81' lang='grc' dir='ltr'>πᾶσαι</span> <span class='ocrx_word' id='word_1_266' title='bbox 730 2445 1044 2502; x_wconf 81' lang='grc' dir='ltr'>καλοῦνται.</span> 
     </span>
    </p>
   </div>
   <div class='ocr_carea' id='block_1_40' title="bbox 380 2529 1955 2607">
    <p class='ocr_par' dir='ltr' id='par_1_40' title="bbox 380 2529 1955 2607">
     <span class='ocr_line' id='line_1_40' title="bbox 380 2529 1955 2607; baseline 0.006 -21"><span class='ocrx_word' id='word_1_267' title='bbox 380 2534 662 2606; x_wconf 87' lang='grc' dir='ltr'>Περισσῶς</span> <span class='ocrx_word' id='word_1_268' title='bbox 712 2529 903 2607; x_wconf 85' lang='grc' dir='ltr'>ἔχουσι</span> <span class='ocrx_word' id='word_1_269' title='bbox 948 2533 1038 2588; x_wconf 79' lang='grc' dir='ltr'>καὶ</span> <span class='ocrx_word' id='word_1_270' title='bbox 1080 2535 1194 2597; x_wconf 88' lang='grc' dir='ltr'>τάς.</span> <span class='ocrx_word' id='word_1_271' title='bbox 1263 2537 1417 2591; x_wconf 85' lang='grc' dir='ltr'>Δοκεὶ</span> <span class='ocrx_word' id='word_1_272' title='bbox 1457 2559 1576 2602; x_wconf 84' lang='grc' dir='ltr'>πως</span> <span class='ocrx_word' id='word_1_273' title='bbox 1616 2536 1835 2594; x_wconf 78' lang='grc' dir='ltr'>ἐνταῦθα</span> <span class='ocrx_word' id='word_1_274' title='bbox 1866 2541 1955 2595; x_wconf 82' lang='grc' dir='ltr'>λέ-</span> 
     </span>
    </p>
   </div>
   <div class='ocr_carea' id='block_1_41' title="bbox 302 2619 1957 2701">
    <p class='ocr_par' dir='ltr' id='par_1_41' title="bbox 302 2619 1957 2701">
     <span class='ocr_line' id='line_1_41' title="bbox 302 2619 1957 2701; baseline 0.007 -28"><span class='ocrx_word' id='word_1_275' title='bbox 302 2641 445 2695; x_wconf 85' lang='grc' dir='ltr'>γειν,</span> <span class='ocrx_word' id='word_1_276' title='bbox 507 2619 591 2675; x_wconf 76' lang='grc' dir='ltr'>ὅτι</span> <span class='ocrx_word' id='word_1_277' title='bbox 639 2622 757 2676; x_wconf 80' lang='grc' dir='ltr'>κατ’</span> <span class='ocrx_word' id='word_1_278' title='bbox 815 2621 959 2691; x_wconf 80' lang='grc' dir='ltr'>ἀξίαν</span> <span class='ocrx_word' id='word_1_279' title='bbox 1013 2624 1067 2677; x_wconf 75' lang='grc' dir='ltr'>αἱ</span> <span class='ocrx_word' id='word_1_280' title='bbox 1126 2622 1410 2700; x_wconf 80' lang='grc' dir='ltr'>ἆγγελικαὶ</span> <span class='ocrx_word' id='word_1_281' title='bbox 1442 2624 1827 2701; x_wconf 76' lang='grc' dir='ltr'>διακοσμήσεις</span> <span class='ocrx_word' id='word_1_282' title='bbox 1859 2626 1957 2699; x_wconf 86' lang='grc' dir='ltr'>δη-</span> 
     </span>
    </p>
   </div>
   <div class='ocr_carea' id='block_1_42' title="bbox 310 2708 1955 2792">
    <p class='ocr_par' dir='ltr' id='par_1_42' title="bbox 310 2708 1955 2792">
     <span class='ocr_line' id='line_1_42' title="bbox 310 2708 1955 2792; baseline 0.007 -31"><span class='ocrx_word' id='word_1_283' title='bbox 310 2714 659 2784; x_wconf 86' lang='grc' dir='ltr'>μιουργικῶς</span> <span class='ocrx_word' id='word_1_284' title='bbox 690 2708 1015 2784; x_wconf 80' lang='grc' dir='ltr'>έτάχθησαν,</span> <span class='ocrx_word' id='word_1_285' title='bbox 1071 2711 1133 2767; x_wconf 78' lang='grc' dir='ltr'>οὗ</span> <span class='ocrx_word' id='word_1_286' title='bbox 1179 2718 1362 2778; x_wconf 82' lang='grc' dir='ltr'>σαφῶς</span> <span class='ocrx_word' id='word_1_287' title='bbox 1396 2712 1452 2770; x_wconf 76' lang='grc' dir='ltr'>δὶ</span> <span class='ocrx_word' id='word_1_288' title='bbox 1480 2720 1641 2771; x_wconf 83' lang='grc' dir='ltr'>τοῦτο</span> <span class='ocrx_word' id='word_1_289' title='bbox 1691 2716 1955 2792; x_wconf 86' lang='grc' dir='ltr'>παρίστη-</span> 
     </span>
    </p>
   </div>
   <div class='ocr_carea' id='block_1_43' title="bbox 304 2797 1955 2882">
    <p class='ocr_par' dir='ltr' id='par_1_43' title="bbox 304 2797 1955 2882">
     <span class='ocr_line' id='line_1_43' title="bbox 304 2797 1955 2882; baseline 0.006 -31"><span class='ocrx_word' id='word_1_290' title='bbox 304 2818 410 2851; x_wconf 84' lang='grc' dir='ltr'>σιν-</span> <span class='ocrx_word' id='word_1_291' title='bbox 467 2797 583 2852; x_wconf 80' lang='grc' dir='ltr'>ἄνω</span> <span class='ocrx_word' id='word_1_292' title='bbox 626 2798 732 2873; x_wconf 72' lang='grc' dir='ltr'>γὰρ</span> <span class='ocrx_word' id='word_1_293' title='bbox 791 2798 842 2853; x_wconf 83' lang='grc' dir='ltr'>έν</span> <span class='ocrx_word' id='word_1_294' title='bbox 886 2804 964 2871; x_wconf 84' lang='grc' dir='ltr'>τῷ</span> <span class='ocrx_word' id='word_1_295' title='bbox 1009 2802 1116 2876; x_wconf 84' lang='grc' dir='ltr'>πρὸ</span> <span class='ocrx_word' id='word_1_296' title='bbox 1158 2802 1357 2857; x_wconf 77' lang='grc' dir='ltr'>τούτου</span> <span class='ocrx_word' id='word_1_297' title='bbox 1405 2803 1683 2882; x_wconf 85' lang='grc' dir='ltr'>κεφαλαίῳ</span> <span class='ocrx_word' id='word_1_298' title='bbox 1711 2810 1955 2879; x_wconf 52' lang='grc' dir='ltr'>φανερῶς</span> 
     </span>
    </p>
   </div>
   <div class='ocr_carea' id='block_1_44' title="bbox 303 2886 1954 2967">
    <p class='ocr_par' dir='ltr' id='par_1_44' title="bbox 303 2886 1954 2967">
     <span class='ocr_line' id='line_1_44' title="bbox 303 2886 1954 2967; baseline 0.006 -28"><span class='ocrx_word' id='word_1_299' title='bbox 303 2887 403 2955; x_wconf 76' lang='grc' dir='ltr'>τήν</span> <span class='ocrx_word' id='word_1_300' title='bbox 438 2888 623 2941; x_wconf 76' lang='grc' dir='ltr'>αὐτῶν</span> <span class='ocrx_word' id='word_1_301' title='bbox 679 2886 855 2963; x_wconf 84' lang='grc' dir='ltr'>ἔφεσιν</span> <span class='ocrx_word' id='word_1_302' title='bbox 906 2890 992 2943; x_wconf 84' lang='grc' dir='ltr'>καὶ</span> <span class='ocrx_word' id='word_1_303' title='bbox 1040 2886 1227 2961; x_wconf 84' lang='grc' dir='ltr'>νόησιν</span> <span class='ocrx_word' id='word_1_304' title='bbox 1280 2890 1450 2967; x_wconf 81' lang='grc' dir='ltr'>λέγει,</span> <span class='ocrx_word' id='word_1_305' title='bbox 1481 2893 1657 2956; x_wconf 80' lang='grc' dir='ltr'>αἰτίας</span> <span class='ocrx_word' id='word_1_306' title='bbox 1690 2895 1850 2955; x_wconf 76' lang='grc' dir='ltr'>αὐτὰς</span> <span class='ocrx_word' id='word_1_307' title='bbox 1882 2896 1954 2948; x_wconf 74' lang='grc' dir='ltr'>εἶ-</span> 
     </span>
    </p>
   </div>
   <div class='ocr_carea' id='block_1_45' title="bbox 301 2976 1955 3054">
    <p class='ocr_par' dir='ltr' id='par_1_45' title="bbox 301 2976 1955 3054">
     <span class='ocr_line' id='line_1_45' title="bbox 301 2976 1955 3054; baseline 0.007 -26"><span class='ocrx_word' id='word_1_308' title='bbox 301 2996 390 3029; x_wconf 87' lang='grc' dir='ltr'>ναι</span> <span class='ocrx_word' id='word_1_309' title='bbox 440 2981 544 3044; x_wconf 79' lang='grc' dir='ltr'>τῆς</span> <span class='ocrx_word' id='word_1_310' title='bbox 596 2976 891 3051; x_wconf 75' lang='grc' dir='ltr'>ὑπερτέρας</span> <span class='ocrx_word' id='word_1_311' title='bbox 958 2976 1132 3033; x_wconf 75' lang='grc' dir='ltr'>αὐτῶν</span> <span class='ocrx_word' id='word_1_312' title='bbox 1180 2980 1379 3051; x_wconf 87' lang='grc' dir='ltr'>τάξεως</span> <span class='ocrx_word' id='word_1_313' title='bbox 1428 2981 1617 3054; x_wconf 81' lang='grc' dir='ltr'>ἀμέλει</span> <span class='ocrx_word' id='word_1_314' title='bbox 1673 2983 1755 3038; x_wconf 81' lang='grc' dir='ltr'>ὅτι</span> <span class='ocrx_word' id='word_1_315' title='bbox 1802 2984 1955 3038; x_wconf 67' lang='lat' dir='ltr'>xui“</span> 
     </span>
    </p>
   </div>
   <div class='ocr_carea' id='block_1_46' title="bbox 306 3064 1952 3145">
    <p class='ocr_par' dir='ltr' id='par_1_46' title="bbox 306 3064 1952 3145">
     <span class='ocr_line' id='line_1_46' title="bbox 306 3064 1952 3145; baseline 0.005 -26"><span class='ocrx_word' id='word_1_316' title='bbox 306 3064 658 3139; x_wconf 77' lang='grc' dir='ltr'>καθαίρεσθαι</span> <span class='ocrx_word' id='word_1_317' title='bbox 707 3066 795 3119; x_wconf 86' lang='grc' dir='ltr'>καὶ</span> <span class='ocrx_word' id='word_1_318' title='bbox 854 3066 1223 3145; x_wconf 79' lang='grc' dir='ltr'>φωτίζεσθαι,</span> <span class='ocrx_word' id='word_1_319' title='bbox 1281 3071 1368 3125; x_wconf 86' lang='grc' dir='ltr'>καὶ</span> <span class='ocrx_word' id='word_1_320' title='bbox 1422 3070 1759 3126; x_wconf 81' lang='grc' dir='ltr'>τελειοῦσθαι</span> <span class='ocrx_word' id='word_1_321' title='bbox 1810 3071 1952 3127; x_wconf 79' lang='grc' dir='ltr'>εἶπεν</span> 
     </span>
    </p>
   </div>
   <div class='ocr_carea' id='block_1_47' title="bbox 2073 1911 3717 1985">
    <p class='ocr_par' dir='ltr' id='par_1_47' title="bbox 2073 1911 3717 1985">
     <span class='ocr_line' id='line_1_47' title="bbox 2073 1911 3717 1985; baseline -0.003 -16"><span class='ocrx_word' id='word_1_322' title='bbox 2073 1913 2440 1969; x_wconf 72' lang='lat' dir='ltr'>hierarchiai:</span> <span class='ocrx_word' id='word_1_323' title='bbox 2491 1913 3005 1985; x_wconf 89' lang='lat' dir='ltr'>communiterque</span> <span class='ocrx_word' id='word_1_324' title='bbox 3052 1912 3288 1968; x_wconf 88' lang='lat' dir='ltr'>ordines</span> <span class='ocrx_word' id='word_1_325' title='bbox 3340 1911 3617 1982; x_wconf 85' lang='lat' dir='ltr'>universi,</span> <span class='ocrx_word' id='word_1_326' title='bbox 3652 1912 3717 1965; x_wconf 89' lang='lat' dir='ltr'>ut</span> 
     </span>
    </p>
   </div>
   <div class='ocr_carea' id='block_1_48' title="bbox 2071 2002 3082 2073">
    <p class='ocr_par' dir='ltr' id='par_1_48' title="bbox 2071 2002 3082 2073">
     <span class='ocr_line' id='line_1_48' title="bbox 2071 2002 3082 2073; baseline 0 -16"><span class='ocrx_word' id='word_1_327' title='bbox 2071 2002 2171 2073; x_wconf 91' lang='lat' dir='ltr'>qui</span> <span class='ocrx_word' id='word_1_328' title='bbox 2203 2002 2476 2058; x_wconf 90' lang='lat' dir='ltr'>virtutem</span> <span class='ocrx_word' id='word_1_329' title='bbox 2507 2002 2771 2073; x_wconf 86' lang='lat' dir='ltr'>aliquam</span> <span class='ocrx_word' id='word_1_330' title='bbox 2805 2002 3082 2058; x_wconf 78' lang='lat' dir='ltr'>habeant.</span> 
     </span>
    </p>
   </div>
   <div class='ocr_carea' id='block_1_49' title="bbox 2139 2088 3714 2163">
    <p class='ocr_par' dir='ltr' id='par_1_49' title="bbox 2139 2088 3714 2163">
     <span class='ocr_line' id='line_1_49' title="bbox 2139 2088 3714 2163; baseline -0.001 -17"><span class='ocrx_word' id='word_1_331' title='bbox 2139 2088 2529 2163; x_wconf 86' lang='lat' dir='ltr'>ln/erioribus.</span> <span class='ocrx_word' id='word_1_332' title='bbox 2563 2092 3051 2147; x_wconf 89' lang='lat' dir='ltr'>Subaudiendum</span> <span class='ocrx_word' id='word_1_333' title='bbox 3081 2089 3143 2143; x_wconf 84' lang='grc' dir='ltr'>τὸ</span> <span class='ocrx_word' id='word_1_334' title='bbox 3170 2106 3269 2146; x_wconf 89' lang='lat' dir='ltr'>nos</span> <span class='ocrx_word' id='word_1_335' title='bbox 3299 2088 3714 2145; x_wconf 78' lang='lat' dir='ltr'>arbitrandum.</span> 
     </span>
    </p>
   </div>
   <div class='ocr_carea' id='block_1_50' title="bbox 2068 2178 3714 2252">
    <p class='ocr_par' dir='ltr' id='par_1_50' title="bbox 2068 2178 3714 2252">
     <span class='ocr_line' id='line_1_50' title="bbox 2068 2178 3714 2252; baseline -0.002 -16"><span class='ocrx_word' id='word_1_336' title='bbox 2068 2184 2237 2247; x_wconf 84' lang='lat' dir='ltr'>Nota,</span> <span class='ocrx_word' id='word_1_337' title='bbox 2253 2182 2546 2251; x_wconf 90' lang='lat' dir='ltr'>quomodo</span> <span class='ocrx_word' id='word_1_338' title='bbox 2569 2181 2844 2252; x_wconf 89' lang='lat' dir='ltr'>superius</span> <span class='ocrx_word' id='word_1_339' title='bbox 2861 2181 3098 2252; x_wconf 88' lang='lat' dir='ltr'>quidem</span> <span class='ocrx_word' id='word_1_340' title='bbox 3121 2180 3279 2235; x_wconf 78' lang='lat' dir='ltr'>dicat</span> <span class='ocrx_word' id='word_1_341' title='bbox 3299 2178 3597 2251; x_wconf 84' lang='lat' dir='ltr'>angelicas</span> <span class='ocrx_word' id='word_1_342' title='bbox 3622 2196 3714 2234; x_wconf 86' lang='lat' dir='ltr'>or-</span> 
     </span>
    </p>
   </div>
   <div class='ocr_carea' id='block_1_51' title="bbox 2068 2268 3715 2339">
    <p class='ocr_par' dir='ltr' id='par_1_51' title="bbox 2068 2268 3715 2339">
     <span class='ocr_line' id='line_1_51' title="bbox 2068 2268 3715 2339; baseline 0 -16"><span class='ocrx_word' id='word_1_343' title='bbox 2068 2268 2237 2324; x_wconf 90' lang='lat' dir='ltr'>dines</span> <span class='ocrx_word' id='word_1_344' title='bbox 2276 2268 2337 2325; x_wconf 90' lang='lat' dir='ltr'>in</span> <span class='ocrx_word' id='word_1_345' title='bbox 2369 2270 2483 2325; x_wconf 85' lang='lat' dir='ltr'>tria</span> <span class='ocrx_word' id='word_1_346' title='bbox 2525 2269 2725 2339; x_wconf 91' lang='lat' dir='ltr'>dividi,</span> <span class='ocrx_word' id='word_1_347' title='bbox 2759 2270 2818 2324; x_wconf 91' lang='lat' dir='ltr'>in</span> <span class='ocrx_word' id='word_1_348' title='bbox 2851 2269 3191 2335; x_wconf 88' lang='lat' dir='ltr'>essentiam,</span> <span class='ocrx_word' id='word_1_349' title='bbox 3224 2272 3280 2323; x_wconf 88' lang='lat' dir='ltr'>et</span> <span class='ocrx_word' id='word_1_350' title='bbox 3313 2269 3612 2333; x_wconf 87' lang='lat' dir='ltr'>virtutem,</span> <span class='ocrx_word' id='word_1_351' title='bbox 3660 2274 3715 2323; x_wconf 89' lang='lat' dir='ltr'>et</span> 
     </span>
    </p>
   </div>
   <div class='ocr_carea' id='block_1_52' title="bbox 2067 2357 3708 2428">
    <p class='ocr_par' dir='ltr' id='par_1_52' title="bbox 2067 2357 3708 2428">
     <span class='ocr_line' id='line_1_52' title="bbox 2067 2357 3708 2428; baseline -0.002 -15"><span class='ocrx_word' id='word_1_352' title='bbox 2067 2358 2410 2415; x_wconf 82' lang='lat' dir='ltr'>efﬁcaciam.</span> <span class='ocrx_word' id='word_1_353' title='bbox 2442 2358 2548 2413; x_wconf 86' lang='lat' dir='ltr'>Hic</span> <span class='ocrx_word' id='word_1_354' title='bbox 2577 2362 2770 2413; x_wconf 89' lang='lat' dir='ltr'>autem</span> <span class='ocrx_word' id='word_1_355' title='bbox 2805 2357 2947 2413; x_wconf 90' lang='lat' dir='ltr'>dicit</span> <span class='ocrx_word' id='word_1_356' title='bbox 2969 2357 3253 2413; x_wconf 90' lang='lat' dir='ltr'>rationem</span> <span class='ocrx_word' id='word_1_357' title='bbox 3277 2360 3514 2428; x_wconf 85' lang='lat' dir='ltr'>propter</span> <span class='ocrx_word' id='word_1_358' title='bbox 3535 2372 3708 2426; x_wconf 91' lang='lat' dir='ltr'>quam</span> 
     </span>
    </p>
   </div>
   <div class='ocr_carea' id='block_1_53' title="bbox 2067 2446 2874 2503">
    <p class='ocr_par' dir='ltr' id='par_1_53' title="bbox 2067 2446 2874 2503">
     <span class='ocr_line' id='line_1_53' title="bbox 2067 2446 2874 2503; baseline 0.001 -3"><span class='ocrx_word' id='word_1_359' title='bbox 2067 2446 2313 2503; x_wconf 86' lang='lat' dir='ltr'>virtutes</span> <span class='ocrx_word' id='word_1_360' title='bbox 2343 2464 2545 2503; x_wconf 90' lang='lat' dir='ltr'>omnes</span> <span class='ocrx_word' id='word_1_361' title='bbox 2576 2453 2874 2502; x_wconf 87' lang='lat' dir='ltr'>vocentur.</span> 
     </span>
    </p>
   </div>
   <div class='ocr_carea' id='block_1_54' title="bbox 2137 2533 3707 2606">
    <p class='ocr_par' dir='ltr' id='par_1_54' title="bbox 2137 2533 3707 2606">
     <span class='ocr_line' id='line_1_54' title="bbox 2137 2533 3707 2606; baseline -0.003 -15"><span class='ocrx_word' id='word_1_362' title='bbox 2137 2536 2361 2591; x_wconf 82' lang='lat' dir='ltr'>Abunde</span> <span class='ocrx_word' id='word_1_363' title='bbox 2386 2537 2688 2591; x_wconf 75' lang='lat' dir='ltr'>continent.</span> <span class='ocrx_word' id='word_1_364' title='bbox 2722 2535 2966 2590; x_wconf 86' lang='lat' dir='ltr'>Videtur</span> <span class='ocrx_word' id='word_1_365' title='bbox 2995 2534 3431 2606; x_wconf 89' lang='lat' dir='ltr'>quodammodo</span> <span class='ocrx_word' id='word_1_366' title='bbox 3470 2533 3564 2589; x_wconf 88' lang='lat' dir='ltr'>hic</span> <span class='ocrx_word' id='word_1_367' title='bbox 3616 2533 3707 2588; x_wconf 89' lang='lat' dir='ltr'>di-</span> 
     </span>
    </p>
   </div>
   <div class='ocr_carea' id='block_1_55' title="bbox 2066 2623 3707 2696">
    <p class='ocr_par' dir='ltr' id='par_1_55' title="bbox 2066 2623 3707 2696">
     <span class='ocr_line' id='line_1_55' title="bbox 2066 2623 3707 2696; baseline -0.002 -15"><span class='ocrx_word' id='word_1_368' title='bbox 2066 2641 2195 2681; x_wconf 89' lang='lat' dir='ltr'>cere</span> <span class='ocrx_word' id='word_1_369' title='bbox 2225 2623 2517 2696; x_wconf 87' lang='lat' dir='ltr'>angelicas</span> <span class='ocrx_word' id='word_1_370' title='bbox 2550 2623 2971 2695; x_wconf 90' lang='lat' dir='ltr'>descriptiones</span> <span class='ocrx_word' id='word_1_371' title='bbox 3000 2624 3322 2679; x_wconf 89' lang='lat' dir='ltr'>secundum</span> <span class='ocrx_word' id='word_1_372' title='bbox 3356 2623 3707 2678; x_wconf 86' lang='lat' dir='ltr'>creationem</span> 
     </span>
    </p>
   </div>
   <div class='ocr_carea' id='block_1_56' title="bbox 2066 2711 3708 2780">
    <p class='ocr_par' dir='ltr' id='par_1_56' title="bbox 2066 2711 3708 2780">
     <span class='ocr_line' id='line_1_56' title="bbox 2066 2711 3708 2780; baseline -0.002 -11"><span class='ocrx_word' id='word_1_373' title='bbox 2066 2715 2126 2769; x_wconf 90' lang='lat' dir='ltr'>in</span> <span class='ocrx_word' id='word_1_374' title='bbox 2159 2714 2258 2769; x_wconf 77' lang='lat'>89</span> <span class='ocrx_word' id='word_1_375' title='bbox 2287 2714 2552 2770; x_wconf 89' lang='lat' dir='ltr'>ordinem</span> <span class='ocrx_word' id='word_1_376' title='bbox 2586 2713 2873 2780; x_wconf 89' lang='lat' dir='ltr'>redactas,</span> <span class='ocrx_word' id='word_1_377' title='bbox 2903 2728 3018 2768; x_wconf 90' lang='lat' dir='ltr'>non</span> <span class='ocrx_word' id='word_1_378' title='bbox 3049 2717 3245 2767; x_wconf 88' lang='lat' dir='ltr'>tamen</span> <span class='ocrx_word' id='word_1_379' title='bbox 3273 2711 3581 2767; x_wconf 87' lang='lat' dir='ltr'>manifeste</span> <span class='ocrx_word' id='word_1_380' title='bbox 3603 2711 3708 2767; x_wconf 88' lang='lat' dir='ltr'>hoc</span> 
     </span>
    </p>
   </div>
   <div class='ocr_carea' id='block_1_57' title="bbox 2067 2800 3710 2874">
    <p class='ocr_par' dir='ltr' id='par_1_57' title="bbox 2067 2800 3710 2874">
     <span class='ocr_line' id='line_1_57' title="bbox 2067 2800 3710 2874; baseline -0.002 -16"><span class='ocrx_word' id='word_1_381' title='bbox 2067 2802 2337 2874; x_wconf 81' lang='lat' dir='ltr'>exponit;</span> <span class='ocrx_word' id='word_1_382' title='bbox 2372 2818 2552 2872; x_wconf 88' lang='lat' dir='ltr'>supra</span> <span class='ocrx_word' id='word_1_383' title='bbox 2581 2802 2739 2857; x_wconf 90' lang='lat' dir='ltr'>enim</span> <span class='ocrx_word' id='word_1_384' title='bbox 2772 2801 2832 2855; x_wconf 90' lang='lat' dir='ltr'>in</span> <span class='ocrx_word' id='word_1_385' title='bbox 2876 2801 3064 2873; x_wconf 89' lang='lat' dir='ltr'>capite</span> <span class='ocrx_word' id='word_1_386' title='bbox 3097 2802 3253 2872; x_wconf 91' lang='lat' dir='ltr'>quod</span> <span class='ocrx_word' id='word_1_387' title='bbox 3277 2801 3386 2856; x_wconf 91' lang='lat' dir='ltr'>hoc</span> <span class='ocrx_word' id='word_1_388' title='bbox 3410 2800 3710 2872; x_wconf 74' lang='lat' dir='ltr'>praecedit,</span> 
     </span>
    </p>
   </div>
   <div class='ocr_carea' id='block_1_58' title="bbox 2066 2888 3713 2963">
    <p class='ocr_par' dir='ltr' id='par_1_58' title="bbox 2066 2888 3713 2963">
     <span class='ocr_line' id='line_1_58' title="bbox 2066 2888 3713 2963; baseline -0.002 -16"><span class='ocrx_word' id='word_1_389' title='bbox 2066 2896 2263 2963; x_wconf 90' lang='lat' dir='ltr'>aperte</span> <span class='ocrx_word' id='word_1_390' title='bbox 2301 2891 2565 2962; x_wconf 90' lang='lat' dir='ltr'>ipsorum</span> <span class='ocrx_word' id='word_1_391' title='bbox 2591 2891 2994 2962; x_wconf 84' lang='lat' dir='ltr'>cupiditatem,</span> <span class='ocrx_word' id='word_1_392' title='bbox 3019 2889 3549 2946; x_wconf 84' lang='lat' dir='ltr'>etintellectionem</span> <span class='ocrx_word' id='word_1_393' title='bbox 3571 2888 3713 2944; x_wconf 89' lang='lat' dir='ltr'>dicit</span> 
     </span>
    </p>
   </div>
   <div class='ocr_carea' id='block_1_59' title="bbox 2065 2979 3711 3051">
    <p class='ocr_par' dir='ltr' id='par_1_59' title="bbox 2065 2979 3711 3051">
     <span class='ocr_line' id='line_1_59' title="bbox 2065 2979 3711 3051; baseline 0 -18"><span class='ocrx_word' id='word_1_394' title='bbox 2065 2980 2226 3051; x_wconf 90' lang='lat' dir='ltr'>ipsas</span> <span class='ocrx_word' id='word_1_395' title='bbox 2248 2996 2458 3035; x_wconf 89' lang='lat' dir='ltr'>causas</span> <span class='ocrx_word' id='word_1_396' title='bbox 2480 2995 2612 3035; x_wconf 88' lang='lat' dir='ltr'>esse</span> <span class='ocrx_word' id='word_1_397' title='bbox 2633 2980 2957 3051; x_wconf 88' lang='lat' dir='ltr'>superioris</span> <span class='ocrx_word' id='word_1_398' title='bbox 2974 2980 3238 3050; x_wconf 88' lang='lat' dir='ltr'>ipsorum</span> <span class='ocrx_word' id='word_1_399' title='bbox 3262 2980 3486 3034; x_wconf 86' lang='lat' dir='ltr'>ordinis</span> <span class='ocrx_word' id='word_1_400' title='bbox 3513 2979 3711 3046; x_wconf 88' lang='lat' dir='ltr'>;vide-</span> 
     </span>
    </p>
   </div>
   <div class='ocr_carea' id='block_1_60' title="bbox 2063 3068 3713 3141">
    <p class='ocr_par' dir='ltr' id='par_1_60' title="bbox 2063 3068 3713 3141">
     <span class='ocr_line' id='line_1_60' title="bbox 2063 3068 3713 3141; baseline -0.001 -17"><span class='ocrx_word' id='word_1_401' title='bbox 2063 3068 2201 3125; x_wconf 89' lang='lat' dir='ltr'>licet</span> <span class='ocrx_word' id='word_1_402' title='bbox 2227 3069 2368 3139; x_wconf 88' lang='lat' dir='ltr'>quia</span> <span class='ocrx_word' id='word_1_403' title='bbox 2396 3068 2544 3124; x_wconf 84' lang='lat' dir='ltr'>dixit</span> <span class='ocrx_word' id='word_1_404' title='bbox 2571 3069 2733 3141; x_wconf 89' lang='lat' dir='ltr'>ipsas</span> <span class='ocrx_word' id='word_1_405' title='bbox 2758 3068 3017 3141; x_wconf 88' lang='lat' dir='ltr'>purgari,</span> <span class='ocrx_word' id='word_1_406' title='bbox 3048 3068 3329 3124; x_wconf 78' lang='lat' dir='ltr'>illustrari</span> <span class='ocrx_word' id='word_1_407' title='bbox 3356 3074 3532 3140; x_wconf 87' lang='lat' dir='ltr'>atque</span> <span class='ocrx_word' id='word_1_408' title='bbox 3577 3083 3713 3139; x_wconf 91' lang='lat' dir='ltr'>per-</span> 
     </span>
    </p>
   </div>
   <div class='ocr_carea' id='block_1_61' title="bbox 302 3152 1957 3233">
    <p class='ocr_par' dir='ltr' id='par_1_61' title="bbox 302 3152 1953 3233">
     <span class='ocr_line' id='line_1_61' title="bbox 302 3152 1953 3233; baseline 0.005 -27"><span class='ocrx_word' id='word_1_409' title='bbox 302 3152 489 3215; x_wconf 71' lang='grc' dir='ltr'>αὒτάς.</span> <span class='ocrx_word' id='word_1_410' title='bbox 549 3155 733 3209; x_wconf 79' lang='grc' dir='ltr'>Ἔστιν</span> <span class='ocrx_word' id='word_1_411' title='bbox 783 3153 873 3209; x_wconf 77' lang='grc' dir='ltr'>οὖν</span> <span class='ocrx_word' id='word_1_412' title='bbox 924 3154 1347 3233; x_wconf 70' lang='grc' dir='ltr'>ἐπιχειρήσαντα</span> <span class='ocrx_word' id='word_1_413' title='bbox 1375 3160 1541 3214; x_wconf 86' lang='grc' dir='ltr'>εἰπεῖν</span> <span class='ocrx_word' id='word_1_414' title='bbox 1574 3156 1831 3229; x_wconf 78' lang='grc' dir='ltr'>εὐσεϐῶς,</span> <span class='ocrx_word' id='word_1_415' title='bbox 1871 3162 1953 3215; x_wconf 81' lang='grc' dir='ltr'>ὅτι</span> 
     </span>
    </p>
   </div>
   <div class='ocr_carea' id='block_1_62' title="bbox 2081 3152 3712 3233">
    <p class='ocr_par' dir='ltr' id='par_1_62' title="bbox 2081 3158 3712 3230">
     <span class='ocr_line' id='line_1_62' title="bbox 2081 3158 3712 3230; baseline 0.001 -18"><span class='ocrx_word' id='word_1_416' title='bbox 2081 3158 2199 3214; x_wconf 75' lang='grc' dir='ltr'>Ξοίε</span> <span class='ocrx_word' id='word_1_417' title='bbox 2236 3158 2370 3213; x_wconf 89' lang='lat' dir='ltr'>licet</span> <span class='ocrx_word' id='word_1_418' title='bbox 2406 3158 2585 3229; x_wconf 88' lang='lat' dir='ltr'>igitur</span> <span class='ocrx_word' id='word_1_419' title='bbox 2639 3158 3037 3229; x_wconf 86' lang='lat' dir='ltr'>conjecturam</span> <span class='ocrx_word' id='word_1_420' title='bbox 3098 3158 3461 3230; x_wconf 88' lang='lat' dir='ltr'>aggredienti</span> <span class='ocrx_word' id='word_1_421' title='bbox 3520 3158 3712 3213; x_wconf 87' lang='lat' dir='ltr'>dicere</span> 
     </span>
    </p>
   </div>
   <div class='ocr_carea' id='block_1_63' title="bbox 305 3219 1957 3327">
    <p class='ocr_par' dir='ltr' id='par_1_63' title="bbox 305 3219 1953 3327">
     <span class='ocr_line' id='line_1_63' title="bbox 305 3219 1953 3327; baseline 0.006 -32"><span class='ocrx_word' id='word_1_422' title='bbox 305 3242 333 3295; x_wconf 81' lang='grc' dir='ltr'>ὀ</span> <span class='ocrx_word' id='word_1_423' title='bbox 391 3242 547 3309; x_wconf 84' lang='grc' dir='ltr'>Θεὸς,</span> <span class='ocrx_word' id='word_1_424' title='bbox 605 3240 876 3318; x_wconf 86' lang='grc' dir='ltr'>προειδὼς</span> <span class='ocrx_word' id='word_1_425' title='bbox 922 3219 1097 3300; x_wconf 71' lang='grc' dir='ltr'>αὐτῶν</span> <span class='ocrx_word' id='word_1_426' title='bbox 1150 3247 1249 3315; x_wconf 84' lang='grc' dir='ltr'>τήν</span> <span class='ocrx_word' id='word_1_427' title='bbox 1307 3254 1407 3317; x_wconf 85' lang='grc' dir='ltr'>τῆς</span> <span class='ocrx_word' id='word_1_428' title='bbox 1455 3247 1684 3327; x_wconf 81' lang='grc' dir='ltr'>ἐφέσεως</span> <span class='ocrx_word' id='word_1_429' title='bbox 1716 3250 1953 3323; x_wconf 77' lang='grc' dir='ltr'>κίνησιν,</span> 
     </span>
    </p>
   </div>
   <div class='ocr_carea' id='block_1_64' title="bbox 2081 3219 3709 3327">
    <p class='ocr_par' dir='ltr' id='par_1_64' title="bbox 2081 3219 3709 3319">
     <span class='ocr_line' id='line_1_64' title="bbox 2081 3219 3709 3319; baseline -0.002 -15"><span class='ocrx_word' id='word_1_430' title='bbox 2081 3264 2202 3304; x_wconf 68' lang='lat' dir='ltr'>sum</span> <span class='ocrx_word' id='word_1_431' title='bbox 2236 3219 2473 3319; x_wconf 67' lang='lat' dir='ltr'>pietate,</span> <span class='ocrx_word' id='word_1_432' title='bbox 2510 3252 2689 3303; x_wconf 90' lang='lat' dir='ltr'>Deum</span> <span class='ocrx_word' id='word_1_433' title='bbox 2725 3219 3061 3318; x_wconf 69' lang='lat' dir='ltr'>prievidisse</span> <span class='ocrx_word' id='word_1_434' title='bbox 3091 3219 3428 3318; x_wconf 66' lang='lat' dir='ltr'>cupiditatis</span> <span class='ocrx_word' id='word_1_435' title='bbox 3448 3247 3709 3317; x_wconf 87' lang='lat' dir='ltr'>ipsarum</span> 
     </span>
    </p>
   </div>
   <div class='ocr_carea' id='block_1_65' title="bbox 301 3330 1950 3413">
    <p class='ocr_par' dir='ltr' id='par_1_65' title="bbox 301 3330 1950 3413">
     <span class='ocr_line' id='line_1_65' title="bbox 301 3330 1950 3413; baseline 0.007 -30"><span class='ocrx_word' id='word_1_436' title='bbox 301 3330 519 3391; x_wconf 77' lang='grc' dir='ltr'>καὶτὰς</span> <span class='ocrx_word' id='word_1_437' title='bbox 576 3330 751 3386; x_wconf 76' lang='grc' dir='ltr'>αὐτῶν</span> <span class='ocrx_word' id='word_1_438' title='bbox 794 3333 969 3403; x_wconf 77' lang='grc' dir='ltr'>τάξεις</span> <span class='ocrx_word' id='word_1_439' title='bbox 1002 3334 1149 3404; x_wconf 78' lang='grc' dir='ltr'>ἀξίας</span> <span class='ocrx_word' id='word_1_440' title='bbox 1178 3335 1352 3391; x_wconf 78' lang='grc' dir='ltr'>αὐτῶν</span> <span class='ocrx_word' id='word_1_441' title='bbox 1388 3340 1722 3413; x_wconf 74' lang='grc' dir='ltr'>παρήγαγεν,</span> <span class='ocrx_word' id='word_1_442' title='bbox 1769 3337 1820 3411; x_wconf 74' lang='grc' dir='ltr'>ἐξ</span> <span class='ocrx_word' id='word_1_443' title='bbox 1878 3338 1950 3393; x_wconf 86' lang='grc' dir='ltr'>ὦν</span> 
     </span>
    </p>
   </div>
   <div class='ocr_carea' id='block_1_66' title="bbox 304 3417 1950 3499">
    <p class='ocr_par' dir='ltr' id='par_1_66' title="bbox 304 3417 1950 3499">
     <span class='ocr_line' id='line_1_66' title="bbox 304 3417 1950 3499; baseline 0.004 -25"><span class='ocrx_word' id='word_1_444' title='bbox 304 3419 404 3474; x_wconf 76' lang='grc' dir='ltr'>οὐκ</span> <span class='ocrx_word' id='word_1_445' title='bbox 433 3420 496 3473; x_wconf 77' lang='grc' dir='ltr'>ἂν</span> <span class='ocrx_word' id='word_1_446' title='bbox 528 3417 675 3475; x_wconf 67' lang='grc' dir='ltr'>εἴποι</span> <span class='ocrx_word' id='word_1_447' title='bbox 706 3440 789 3483; x_wconf 92' lang='grc' dir='ltr'>τις</span> <span class='ocrx_word' id='word_1_448' title='bbox 819 3422 981 3484; x_wconf 76' lang='grc' dir='ltr'>αὑτὰς</span> <span class='ocrx_word' id='word_1_449' title='bbox 1011 3420 1261 3479; x_wconf 82' lang='grc' dir='ltr'>δύνασθαι</span> <span class='ocrx_word' id='word_1_450' title='bbox 1294 3425 1558 3497; x_wconf 76' lang='grc' dir='ltr'>ἐκπεσεῖν,</span> <span class='ocrx_word' id='word_1_451' title='bbox 1618 3426 1705 3481; x_wconf 80' lang='grc' dir='ltr'>διὰ</span> <span class='ocrx_word' id='word_1_452' title='bbox 1733 3429 1795 3483; x_wconf 84' lang='grc' dir='ltr'>τὸ</span> <span class='ocrx_word' id='word_1_453' title='bbox 1848 3426 1950 3499; x_wconf 68' lang='grc' dir='ltr'>ἕξιν</span> 
     </span>
    </p>
   </div>
   <div class='ocr_carea' id='block_1_67' title="bbox 300 3509 1954 3590">
    <p class='ocr_par' dir='ltr' id='par_1_67' title="bbox 300 3509 1954 3590">
     <span class='ocr_line' id='line_1_67' title="bbox 300 3509 1954 3590; baseline 0.006 -29"><span class='ocrx_word' id='word_1_454' title='bbox 300 3509 426 3562; x_wconf 68' lang='grc' dir='ltr'>τινὰ</span> <span class='ocrx_word' id='word_1_455' title='bbox 483 3510 782 3578; x_wconf 70' lang='grc' dir='ltr'>κτήσασθαι</span> <span class='ocrx_word' id='word_1_456' title='bbox 832 3511 968 3585; x_wconf 84' lang='grc' dir='ltr'>πρὸς</span> <span class='ocrx_word' id='word_1_457' title='bbox 1023 3511 1086 3567; x_wconf 90' lang='grc' dir='ltr'>τὸ</span> <span class='ocrx_word' id='word_1_458' title='bbox 1130 3512 1324 3589; x_wconf 80' lang='grc' dir='ltr'>ἀγαθὸν</span> <span class='ocrx_word' id='word_1_459' title='bbox 1358 3511 1446 3568; x_wconf 84' lang='grc' dir='ltr'>διὰ</span> <span class='ocrx_word' id='word_1_460' title='bbox 1473 3522 1574 3585; x_wconf 85' lang='grc' dir='ltr'>τῆς</span> <span class='ocrx_word' id='word_1_461' title='bbox 1621 3513 1747 3590; x_wconf 73' lang='grc' dir='ltr'>ἄγαν</span> <span class='ocrx_word' id='word_1_462' title='bbox 1792 3516 1954 3588; x_wconf 76' lang='grc' dir='ltr'>Θελή-</span> 
     </span>
    </p>
   </div>
   <div class='ocr_carea' id='block_1_68' title="bbox 307 3595 1955 3673">
    <p class='ocr_par' dir='ltr' id='par_1_68' title="bbox 307 3595 1955 3673">
     <span class='ocr_line' id='line_1_68' title="bbox 307 3595 1955 3673; baseline 0.006 -22"><span class='ocrx_word' id='word_1_463' title='bbox 307 3614 469 3657; x_wconf 84' lang='grc' dir='ltr'>σεως·</span> <span class='ocrx_word' id='word_1_464' title='bbox 524 3597 649 3661; x_wconf 76' lang='grc' dir='ltr'>τοὺς</span> <span class='ocrx_word' id='word_1_465' title='bbox 692 3595 749 3653; x_wconf 79' lang='grc' dir='ltr'>δὶ</span> <span class='ocrx_word' id='word_1_466' title='bbox 784 3597 1075 3673; x_wconf 83' lang='grc' dir='ltr'>ἀγγέλους,</span> <span class='ocrx_word' id='word_1_467' title='bbox 1131 3603 1377 3657; x_wconf 87' lang='grc' dir='ltr'>τουτέστι</span> <span class='ocrx_word' id='word_1_468' title='bbox 1431 3602 1559 3665; x_wconf 78' lang='grc' dir='ltr'>τοὺς</span> <span class='ocrx_word' id='word_1_469' title='bbox 1614 3602 1955 3668; x_wconf 85' lang='grc' dir='ltr'>τελευταίους</span> 
     </span>
    </p>
   </div>
   <div class='ocr_carea' id='block_1_69' title="bbox 309 3681 1956 3767">
    <p class='ocr_par' dir='ltr' id='par_1_69' title="bbox 309 3681 1956 3767">
     <span class='ocr_line' id='line_1_69' title="bbox 309 3681 1956 3767; baseline 0.007 -30"><span class='ocrx_word' id='word_1_470' title='bbox 309 3681 642 3757; x_wconf 82' lang='grc' dir='ltr'>διακόσμους</span> <span class='ocrx_word' id='word_1_471' title='bbox 670 3684 980 3762; x_wconf 77' lang='grc' dir='ltr'>ἐνδέχεσθαι</span> <span class='ocrx_word' id='word_1_472' title='bbox 1013 3685 1143 3751; x_wconf 52' lang='grc' dir='ltr'>ἴσως</span> <span class='ocrx_word' id='word_1_473' title='bbox 1172 3690 1261 3744; x_wconf 80' lang='grc' dir='ltr'>καὶ</span> <span class='ocrx_word' id='word_1_474' title='bbox 1292 3689 1379 3745; x_wconf 85' lang='grc' dir='ltr'>έπὶ</span> <span class='ocrx_word' id='word_1_475' title='bbox 1404 3691 1466 3746; x_wconf 87' lang='grc' dir='ltr'>τὸ</span> <span class='ocrx_word' id='word_1_476' title='bbox 1509 3698 1697 3767; x_wconf 88' lang='grc' dir='ltr'>χεῖρον</span> <span class='ocrx_word' id='word_1_477' title='bbox 1741 3700 1956 3767; x_wconf 77' lang='grc' dir='ltr'>τραπῆ-</span> 
     </span>
    </p>
   </div>
   <div class='ocr_carea' id='block_1_70' title="bbox 297 3774 1955 3855">
    <p class='ocr_par' dir='ltr' id='par_1_70' title="bbox 297 3774 1955 3855">
     <span class='ocr_line' id='line_1_70' title="bbox 297 3774 1955 3855; baseline 0.004 -27"><span class='ocrx_word' id='word_1_478' title='bbox 297 3793 412 3828; x_wconf 79' lang='grc' dir='ltr'>νιιι⁸</span> <span class='ocrx_word' id='word_1_479' title='bbox 466 3774 611 3830; x_wconf 77' lang='grc' dir='ltr'>εἶπεν</span> <span class='ocrx_word' id='word_1_480' title='bbox 664 3774 858 3840; x_wconf 79' lang='grc' dir='ltr'>αὐτοὺς</span> <span class='ocrx_word' id='word_1_481' title='bbox 902 3776 1003 3852; x_wconf 82' lang='grc' dir='ltr'>γὰρ</span> <span class='ocrx_word' id='word_1_482' title='bbox 1035 3778 1448 3853; x_wconf 72' lang='grc' dir='ltr'>περικοσμίους,</span> <span class='ocrx_word' id='word_1_483' title='bbox 1480 3780 1531 3851; x_wconf 76' lang='grc' dir='ltr'>έξ</span> <span class='ocrx_word' id='word_1_484' title='bbox 1558 3782 1631 3835; x_wconf 83' lang='grc' dir='ltr'>ὧν</span> <span class='ocrx_word' id='word_1_485' title='bbox 1656 3783 1806 3855; x_wconf 74' lang='grc' dir='ltr'>οἶμαι</span> <span class='ocrx_word' id='word_1_486' title='bbox 1866 3783 1955 3837; x_wconf 80' lang='grc' dir='ltr'>καὶ</span> 
     </span>
    </p>
   </div>
   <div class='ocr_carea' id='block_1_71' title="bbox 298 3858 1963 3941">
    <p class='ocr_par' dir='ltr' id='par_1_71' title="bbox 298 3858 1963 3941">
     <span class='ocr_line' id='line_1_71' title="bbox 298 3858 1963 3941; baseline 0.005 -24"><span class='ocrx_word' id='word_1_487' title='bbox 298 3864 392 3917; x_wconf 80' lang='grc' dir='ltr'>τὸν</span> <span class='ocrx_word' id='word_1_488' title='bbox 428 3858 687 3919; x_wconf 81' lang='grc' dir='ltr'>διάϐολόν</span> <span class='ocrx_word' id='word_1_489' title='bbox 719 3885 853 3920; x_wconf 89' lang='grc' dir='ltr'>ποτε</span> <span class='ocrx_word' id='word_1_490' title='bbox 880 3865 1012 3921; x_wconf 76' lang='grc' dir='ltr'>εἶναι</span> <span class='ocrx_word' id='word_1_491' title='bbox 1044 3868 1150 3941; x_wconf 85' lang='grc' dir='ltr'>πρὸ</span> <span class='ocrx_word' id='word_1_492' title='bbox 1175 3872 1272 3923; x_wconf 78' lang='grc' dir='ltr'>τοῦ</span> <span class='ocrx_word' id='word_1_493' title='bbox 1326 3870 1402 3941; x_wconf 76' lang='grc' dir='ltr'>μὴ</span> <span class='ocrx_word' id='word_1_494' title='bbox 1449 3869 1711 3925; x_wconf 78' lang='grc' dir='ltr'>ἐκπεσεῖν·</span> <span class='ocrx_word' id='word_1_495' title='bbox 1762 3870 1851 3925; x_wconf 84' lang='grc' dir='ltr'>καὶ</span> <span class='ocrx_word' id='word_1_496' title='bbox 1910 3867 1963 3925; x_wconf 81' lang='grc' dir='ltr'>εἷ’</span> 
     </span>
    </p>
   </div>
   <div class='ocr_carea' id='block_1_72' title="bbox 299 3952 1952 4032">
    <p class='ocr_par' dir='ltr' id='par_1_72' title="bbox 299 3952 1952 4032">
     <span class='ocr_line' id='line_1_72' title="bbox 299 3952 1952 4032; baseline 0.006 -27"><span class='ocrx_word' id='word_1_497' title='bbox 299 3971 387 4014; x_wconf 89' lang='grc' dir='ltr'>τις</span> <span class='ocrx_word' id='word_1_498' title='bbox 420 3952 628 4007; x_wconf 74' lang='grc' dir='ltr'>τούτων</span> <span class='ocrx_word' id='word_1_499' title='bbox 661 3952 995 4029; x_wconf 88' lang='grc' dir='ltr'>τελειότερον</span> <span class='ocrx_word' id='word_1_500' title='bbox 1028 3953 1190 4027; x_wconf 72' lang='grc' dir='ltr'>οἶδεν,</span> <span class='ocrx_word' id='word_1_501' title='bbox 1224 3956 1361 4012; x_wconf 76' lang='grc' dir='ltr'>αἰτῶ</span> <span class='ocrx_word' id='word_1_502' title='bbox 1394 3960 1600 4031; x_wconf 76' lang='grc' dir='ltr'>μαθεῖν.</span> <span class='ocrx_word' id='word_1_503' title='bbox 1635 3961 1952 4032; x_wconf 85' lang='grc' dir='ltr'>Σημείωσαι</span> 
     </span>
    </p>
   </div>
   <div class='ocr_carea' id='block_1_73' title="bbox 305 4038 1951 4123">
    <p class='ocr_par' dir='ltr' id='par_1_73' title="bbox 305 4038 1951 4123">
     <span class='ocr_line' id='line_1_73' title="bbox 305 4038 1951 4123; baseline 0.005 -28"><span class='ocrx_word' id='word_1_504' title='bbox 305 4038 387 4110; x_wconf 73' lang='grc' dir='ltr'>δὲ,</span> <span class='ocrx_word' id='word_1_505' title='bbox 438 4045 557 4103; x_wconf 86' lang='grc' dir='ltr'>πῶς</span> <span class='ocrx_word' id='word_1_506' title='bbox 604 4044 740 4098; x_wconf 83' lang='grc' dir='ltr'>κατά</span> <span class='ocrx_word' id='word_1_507' title='bbox 778 4045 925 4115; x_wconf 84' lang='grc' dir='ltr'>τάξιν</span> <span class='ocrx_word' id='word_1_508' title='bbox 976 4045 1030 4099; x_wconf 81' lang='grc' dir='ltr'>αἱ</span> <span class='ocrx_word' id='word_1_509' title='bbox 1072 4044 1360 4123; x_wconf 79' lang='grc' dir='ltr'>ἀγγελικαὶ</span> <span class='ocrx_word' id='word_1_510' title='bbox 1409 4044 1794 4123; x_wconf 64' lang='grc' dir='ltr'>διακοσμήσας</span> <span class='ocrx_word' id='word_1_511' title='bbox 1853 4046 1951 4122; x_wconf 82' lang='grc' dir='ltr'>δη-</span> 
     </span>
    </p>
   </div>
   <div class='ocr_carea' id='block_1_74' title="bbox 307 4134 1066 4209">
    <p class='ocr_par' dir='ltr' id='par_1_74' title="bbox 307 4134 1066 4209">
     <span class='ocr_line' id='line_1_74' title="bbox 307 4134 1066 4209; baseline 0.005 -26"><span class='ocrx_word' id='word_1_512' title='bbox 307 4135 650 4207; x_wconf 84' lang='grc' dir='ltr'>μιουργικῶς</span> <span class='ocrx_word' id='word_1_513' title='bbox 678 4134 1066 4209; x_wconf 76' lang='grc' dir='ltr'>παρήχθησαν,</span> 
     </span>
    </p>
   </div>
   <div class='ocr_carea' id='block_1_75' title="bbox 787 4312 1471 4372">
    <p class='ocr_par' dir='ltr' id='par_1_75' title="bbox 787 4312 1471 4372">
     <span class='ocr_line' id='line_1_75' title="bbox 787 4312 1471 4372; baseline 0.01 -7"><span class='ocrx_word' id='word_1_514' title='bbox 787 4315 899 4365; x_wconf 79' lang='grc' dir='ltr'>ΕΙΣ</span> <span class='ocrx_word' id='word_1_515' title='bbox 939 4312 1030 4369; x_wconf 90' lang='grc' dir='ltr'><strong>ΤΟ</strong></span> <span class='ocrx_word' id='word_1_516' title='bbox 1070 4313 1331 4370; x_wconf 80' lang='grc' dir='ltr'>ΚΕΦΑΛ.</span> <span class='ocrx_word' id='word_1_517' title='bbox 1366 4315 1471 4372; x_wconf 87' lang='grc' dir='ltr'>ΙΒ’.</span> 
     </span>
    </p>
   </div>
   <div class='ocr_carea' id='block_1_76' title="bbox 372 4399 1956 4482">
    <p class='ocr_par' dir='ltr' id='par_1_76' title="bbox 372 4399 1956 4482">
     <span class='ocr_line' id='line_1_76' title="bbox 372 4399 1956 4482; baseline 0.004 -27"><span class='ocrx_word' id='word_1_518' title='bbox 372 4401 401 4467; x_wconf 83' lang='lat'>§</span> <span class='ocrx_word' id='word_1_519' title='bbox 433 4399 475 4455; x_wconf 91' lang='grc' dir='ltr'>Ι.</span> <span class='ocrx_word' id='word_1_520' title='bbox 506 4402 779 4469; x_wconf 85' lang='grc' dir='ltr'>Ζητεῖται.</span> <span class='ocrx_word' id='word_1_521' title='bbox 814 4403 938 4462; x_wconf 85' lang='grc' dir='ltr'>Πῶς</span> <span class='ocrx_word' id='word_1_522' title='bbox 967 4402 1017 4456; x_wconf 77' lang='grc' dir='ltr'>οἱ</span> <span class='ocrx_word' id='word_1_523' title='bbox 1048 4404 1165 4466; x_wconf 84' lang='grc' dir='ltr'>καθ’</span> <span class='ocrx_word' id='word_1_524' title='bbox 1218 4403 1367 4476; x_wconf 71' lang='grc' dir='ltr'>ἡμᾶς</span> <span class='ocrx_word' id='word_1_525' title='bbox 1417 4404 1580 4479; x_wconf 82' lang='grc' dir='ltr'>ἱερεῖς</span> <span class='ocrx_word' id='word_1_526' title='bbox 1612 4401 1839 4482; x_wconf 72' lang='grc' dir='ltr'>ἄγγελοι</span> <span class='ocrx_word' id='word_1_527' title='bbox 1872 4406 1956 4463; x_wconf 86' lang='grc' dir='ltr'>λέ-</span> 
     </span>
    </p>
   </div>
   <div class='ocr_carea' id='block_1_77' title="bbox 299 4506 519 4560">
    <p class='ocr_par' dir='ltr' id='par_1_77' title="bbox 299 4506 519 4560">
     <span class='ocr_line' id='line_1_77' title="bbox 299 4506 519 4560; baseline 0.009 -19"><span class='ocrx_word' id='word_1_528' title='bbox 299 4506 519 4560; x_wconf 79' lang='grc' dir='ltr'>γονται.</span> 
     </span>
    </p>
   </div>
   <div class='ocr_carea' id='block_1_78' title="bbox 2064 3336 3711 3407">
    <p class='ocr_par' dir='ltr' id='par_1_78' title="bbox 2064 3336 3711 3407">
     <span class='ocr_line' id='line_1_78' title="bbox 2064 3336 3711 3407; baseline -0.001 -15"><span class='ocrx_word' id='word_1_529' title='bbox 2064 3337 2405 3404; x_wconf 89' lang='lat' dir='ltr'>motionem,</span> <span class='ocrx_word' id='word_1_530' title='bbox 2440 3340 2614 3407; x_wconf 88' lang='lat' dir='ltr'>atque</span> <span class='ocrx_word' id='word_1_531' title='bbox 2645 3336 2906 3405; x_wconf 88' lang='lat' dir='ltr'>ipsarum</span> <span class='ocrx_word' id='word_1_532' title='bbox 2941 3336 3176 3391; x_wconf 88' lang='lat' dir='ltr'>ordines</span> <span class='ocrx_word' id='word_1_533' title='bbox 3209 3336 3294 3391; x_wconf 91' lang='lat' dir='ltr'>eis</span> <span class='ocrx_word' id='word_1_534' title='bbox 3324 3336 3535 3407; x_wconf 87' lang='lat' dir='ltr'>dignos</span> <span class='ocrx_word' id='word_1_535' title='bbox 3576 3351 3711 3407; x_wconf 88' lang='lat' dir='ltr'>pro-</span> 
     </span>
    </p>
   </div>
   <div class='ocr_carea' id='block_1_79' title="bbox 2064 3423 3710 3497">
    <p class='ocr_par' dir='ltr' id='par_1_79' title="bbox 2064 3423 3710 3497">
     <span class='ocr_line' id='line_1_79' title="bbox 2064 3423 3710 3497; baseline -0.001 -16"><span class='ocrx_word' id='word_1_536' title='bbox 2064 3427 2325 3494; x_wconf 87' lang='lat' dir='ltr'>duxisse,</span> <span class='ocrx_word' id='word_1_537' title='bbox 2358 3442 2427 3482; x_wconf 83' lang='lat' dir='ltr'>ex</span> <span class='ocrx_word' id='word_1_538' title='bbox 2455 3426 2672 3497; x_wconf 89' lang='lat' dir='ltr'>quibus</span> <span class='ocrx_word' id='word_1_539' title='bbox 2702 3441 2874 3480; x_wconf 91' lang='lat' dir='ltr'>nemo</span> <span class='ocrx_word' id='word_1_540' title='bbox 2906 3424 3116 3479; x_wconf 85' lang='lat' dir='ltr'>dixerit</span> <span class='ocrx_word' id='word_1_541' title='bbox 3154 3424 3315 3496; x_wconf 89' lang='lat' dir='ltr'>ipsas</span> <span class='ocrx_word' id='word_1_542' title='bbox 3367 3423 3559 3480; x_wconf 90' lang='lat' dir='ltr'>delabi</span> <span class='ocrx_word' id='word_1_543' title='bbox 3609 3440 3710 3496; x_wconf 90' lang='lat' dir='ltr'>po-</span> 
     </span>
    </p>
   </div>
   <div class='ocr_carea' id='block_1_80' title="bbox 2063 3513 3713 3587">
    <p class='ocr_par' dir='ltr' id='par_1_80' title="bbox 2063 3513 3713 3587">
     <span class='ocr_line' id='line_1_80' title="bbox 2063 3513 3713 3587; baseline -0.001 -17"><span class='ocrx_word' id='word_1_544' title='bbox 2063 3516 2271 3587; x_wconf 90' lang='lat' dir='ltr'>tuisse,</span> <span class='ocrx_word' id='word_1_545' title='bbox 2304 3531 2370 3571; x_wconf 89' lang='lat' dir='ltr'>eo</span> <span class='ocrx_word' id='word_1_546' title='bbox 2401 3516 2558 3587; x_wconf 90' lang='lat' dir='ltr'>quod</span> <span class='ocrx_word' id='word_1_547' title='bbox 2583 3514 2849 3570; x_wconf 87' lang='lat' dir='ltr'>habitum</span> <span class='ocrx_word' id='word_1_548' title='bbox 2874 3513 3129 3584; x_wconf 89' lang='lat' dir='ltr'>aliquem</span> <span class='ocrx_word' id='word_1_549' title='bbox 3156 3514 3224 3569; x_wconf 90' lang='lat' dir='ltr'>ad</span> <span class='ocrx_word' id='word_1_550' title='bbox 3249 3514 3471 3570; x_wconf 91' lang='lat' dir='ltr'>bonum</span> <span class='ocrx_word' id='word_1_551' title='bbox 3496 3514 3713 3570; x_wconf 90' lang='lat' dir='ltr'>habue-</span> 
     </span>
    </p>
   </div>
   <div class='ocr_carea' id='block_1_81' title="bbox 2063 3603 3712 3677">
    <p class='ocr_par' dir='ltr' id='par_1_81' title="bbox 2063 3603 3712 3677">
     <span class='ocr_line' id='line_1_81' title="bbox 2063 3603 3712 3677; baseline -0.002 -16"><span class='ocrx_word' id='word_1_552' title='bbox 2063 3606 2200 3673; x_wconf 81' lang='lat' dir='ltr'>rint,</span> <span class='ocrx_word' id='word_1_553' title='bbox 2226 3608 2462 3677; x_wconf 89' lang='lat' dir='ltr'>propter</span> <span class='ocrx_word' id='word_1_554' title='bbox 2483 3604 2724 3660; x_wconf 80' lang='lat' dir='ltr'>nimiam</span> <span class='ocrx_word' id='word_1_555' title='bbox 2747 3603 3109 3659; x_wconf 88' lang='lat' dir='ltr'>voluntatem</span> <span class='ocrx_word' id='word_1_556' title='bbox 3138 3623 3152 3671; x_wconf 90' lang='lat'><strong>;</strong></span> <span class='ocrx_word' id='word_1_557' title='bbox 3178 3603 3417 3675; x_wconf 89' lang='lat' dir='ltr'>angelos</span> <span class='ocrx_word' id='word_1_558' title='bbox 3438 3603 3712 3673; x_wconf 86' lang='lat' dir='ltr'>vero,hoc</span> 
     </span>
    </p>
   </div>
   <div class='ocr_carea' id='block_1_82' title="bbox 2062 3692 3712 3766">
    <p class='ocr_par' dir='ltr' id='par_1_82' title="bbox 2062 3692 3712 3766">
     <span class='ocr_line' id='line_1_82' title="bbox 2062 3692 3712 3766; baseline -0.002 -16"><span class='ocrx_word' id='word_1_559' title='bbox 2062 3698 2155 3750; x_wconf 89' lang='lat' dir='ltr'>est</span> <span class='ocrx_word' id='word_1_560' title='bbox 2183 3699 2533 3766; x_wconf 89' lang='lat' dir='ltr'>postremos,</span> <span class='ocrx_word' id='word_1_561' title='bbox 2558 3693 2867 3748; x_wconf 88' lang='lat' dir='ltr'>admittere</span> <span class='ocrx_word' id='word_1_562' title='bbox 2891 3692 3155 3747; x_wconf 82' lang='lat' dir='ltr'>fortassis</span> <span class='ocrx_word' id='word_1_563' title='bbox 3178 3692 3353 3745; x_wconf 88' lang='lat' dir='ltr'>etiam</span> <span class='ocrx_word' id='word_1_564' title='bbox 3378 3694 3712 3747; x_wconf 90' lang='lat' dir='ltr'>conversio-</span> 
     </span>
    </p>
   </div>
   <div class='ocr_carea' id='block_1_83' title="bbox 2065 3779 3711 3837">
    <p class='ocr_par' dir='ltr' id='par_1_83' title="bbox 2065 3779 3711 3837">
     <span class='ocr_line' id='line_1_83' title="bbox 2065 3779 3711 3837; baseline -0.003 1"><span class='ocrx_word' id='word_1_565' title='bbox 2065 3798 2197 3837; x_wconf 89' lang='lat' dir='ltr'>nem</span> <span class='ocrx_word' id='word_1_566' title='bbox 2231 3783 2303 3837; x_wconf 89' lang='lat' dir='ltr'>ad</span> <span class='ocrx_word' id='word_1_567' title='bbox 2338 3781 2598 3836; x_wconf 88' lang='lat' dir='ltr'>malum:</span> <span class='ocrx_word' id='word_1_568' title='bbox 2635 3780 2778 3835; x_wconf 85' lang='lat' dir='ltr'>dixit</span> <span class='ocrx_word' id='word_1_569' title='bbox 2808 3782 2964 3835; x_wconf 88' lang='lat' dir='ltr'>enim</span> <span class='ocrx_word' id='word_1_570' title='bbox 2998 3796 3097 3835; x_wconf 88' lang='lat' dir='ltr'>eos</span> <span class='ocrx_word' id='word_1_571' title='bbox 3130 3780 3283 3834; x_wconf 88' lang='lat' dir='ltr'>circa</span> <span class='ocrx_word' id='word_1_572' title='bbox 3315 3779 3601 3833; x_wconf 90' lang='lat' dir='ltr'>mundum</span> <span class='ocrx_word' id='word_1_573' title='bbox 3626 3780 3711 3833; x_wconf 88' lang='lat' dir='ltr'>af-</span> 
     </span>
    </p>
   </div>
   <div class='ocr_carea' id='block_1_84' title="bbox 2065 3866 3710 3942">
    <p class='ocr_par' dir='ltr' id='par_1_84' title="bbox 2065 3866 3710 3942">
     <span class='ocr_line' id='line_1_84' title="bbox 2065 3866 3710 3942; baseline -0.002 -16"><span class='ocrx_word' id='word_1_574' title='bbox 2065 3871 2182 3937; x_wconf 81' lang='lat' dir='ltr'>ﬂci,</span> <span class='ocrx_word' id='word_1_575' title='bbox 2215 3887 2283 3926; x_wconf 89' lang='lat' dir='ltr'>ex</span> <span class='ocrx_word' id='word_1_576' title='bbox 2313 3870 2528 3942; x_wconf 88' lang='lat' dir='ltr'>quibus</span> <span class='ocrx_word' id='word_1_577' title='bbox 2557 3868 2812 3925; x_wconf 89' lang='lat' dir='ltr'>arbitror</span> <span class='ocrx_word' id='word_1_578' title='bbox 2840 3868 3139 3923; x_wconf 91' lang='lat' dir='ltr'>diabolum</span> <span class='ocrx_word' id='word_1_579' title='bbox 3174 3867 3353 3923; x_wconf 88' lang='lat' dir='ltr'>etiam</span> <span class='ocrx_word' id='word_1_580' title='bbox 3387 3866 3572 3923; x_wconf 88' lang='lat' dir='ltr'>fuisse</span> <span class='ocrx_word' id='word_1_581' title='bbox 3605 3885 3710 3923; x_wconf 89' lang='lat' dir='ltr'>an-</span> 
     </span>
    </p>
   </div>
   <div class='ocr_carea' id='block_1_85' title="bbox 2064 3956 3714 4031">
    <p class='ocr_par' dir='ltr' id='par_1_85' title="bbox 2064 3956 3714 4031">
     <span class='ocr_line' id='line_1_85' title="bbox 2064 3956 3714 4031; baseline -0.002 -16"><span class='ocrx_word' id='word_1_582' title='bbox 2064 3965 2306 4031; x_wconf 90' lang='lat' dir='ltr'>tequam</span> <span class='ocrx_word' id='word_1_583' title='bbox 2356 3959 2696 4015; x_wconf 88' lang='lat' dir='ltr'>corruisset.</span> <span class='ocrx_word' id='word_1_584' title='bbox 2728 3958 2785 4012; x_wconf 73' lang='lat' dir='ltr'>Si</span> <span class='ocrx_word' id='word_1_585' title='bbox 2828 3957 3063 4029; x_wconf 89' lang='lat' dir='ltr'>quidem</span> <span class='ocrx_word' id='word_1_586' title='bbox 3124 3956 3341 4029; x_wconf 89' lang='lat' dir='ltr'>aliquis</span> <span class='ocrx_word' id='word_1_587' title='bbox 3398 3958 3714 4029; x_wconf 81' lang='lat' dir='ltr'>perfectius</span> 
     </span>
    </p>
   </div>
   <div class='ocr_carea' id='block_1_86' title="bbox 2065 4046 3713 4120">
    <p class='ocr_par' dir='ltr' id='par_1_86' title="bbox 2065 4046 3713 4120">
     <span class='ocr_line' id='line_1_86' title="bbox 2065 4046 3713 4120; baseline -0.002 -15"><span class='ocrx_word' id='word_1_588' title='bbox 2065 4048 2197 4105; x_wconf 88' lang='lat' dir='ltr'>istis</span> <span class='ocrx_word' id='word_1_589' title='bbox 2228 4048 2371 4120; x_wconf 92' lang='lat' dir='ltr'>quid</span> <span class='ocrx_word' id='word_1_590' title='bbox 2420 4046 2667 4114; x_wconf 88' lang='lat' dir='ltr'>noverit,</span> <span class='ocrx_word' id='word_1_591' title='bbox 2719 4046 2942 4102; x_wconf 89' lang='lat' dir='ltr'>discere</span> <span class='ocrx_word' id='word_1_592' title='bbox 2991 4046 3241 4118; x_wconf 86' lang='lat' dir='ltr'>postulo.</span> <span class='ocrx_word' id='word_1_593' title='bbox 3295 4047 3447 4105; x_wconf 86' lang='lat' dir='ltr'>Nota</span> <span class='ocrx_word' id='word_1_594' title='bbox 3494 4050 3713 4116; x_wconf 88' lang='lat' dir='ltr'>autem,</span> 
     </span>
    </p>
   </div>
   <div class='ocr_carea' id='block_1_87' title="bbox 2064 4134 3711 4209">
    <p class='ocr_par' dir='ltr' id='par_1_87' title="bbox 2064 4134 3711 4209">
     <span class='ocr_line' id='line_1_87' title="bbox 2064 4134 3711 4209; baseline -0.001 -17"><span class='ocrx_word' id='word_1_595' title='bbox 2064 4137 2359 4209; x_wconf 91' lang='lat' dir='ltr'>quomodo</span> <span class='ocrx_word' id='word_1_596' title='bbox 2409 4134 2682 4207; x_wconf 71' lang='lat' dir='ltr'>angelice</span> <span class='ocrx_word' id='word_1_597' title='bbox 2729 4134 3152 4207; x_wconf 86' lang='lat' dir='ltr'>descriptiones</span> <span class='ocrx_word' id='word_1_598' title='bbox 3199 4152 3302 4208; x_wconf 89' lang='lat' dir='ltr'>per</span> <span class='ocrx_word' id='word_1_599' title='bbox 3358 4135 3711 4193; x_wconf 88' lang='lat' dir='ltr'>creationem</span> 
     </span>
    </p>
   </div>
   <div class='ocr_carea' id='block_1_88' title="bbox 2064 4226 2631 4299">
    <p class='ocr_par' dir='ltr' id='par_1_88' title="bbox 2064 4226 2631 4299">
     <span class='ocr_line' id='line_1_88' title="bbox 2064 4226 2631 4299; baseline 0 -17"><span class='ocrx_word' id='word_1_600' title='bbox 2064 4227 2364 4299; x_wconf 70' lang='lat' dir='ltr'>productas</span> <span class='ocrx_word' id='word_1_601' title='bbox 2394 4226 2631 4282; x_wconf 80' lang='lat' dir='ltr'>fuerint.</span> 
     </span>
    </p>
   </div>
   <div class='ocr_carea' id='block_1_89' title="bbox 2672 4314 3105 4371">
    <p class='ocr_par' dir='ltr' id='par_1_89' title="bbox 2672 4314 3105 4371">
     <span class='ocr_line' id='line_1_89' title="bbox 2672 4314 3105 4371; baseline -0.002 0"><span class='ocrx_word' id='word_1_602' title='bbox 2672 4315 2744 4371; x_wconf 87' lang='lat' dir='ltr'><strong>IN</strong></span> <span class='ocrx_word' id='word_1_603' title='bbox 2784 4314 2940 4371; x_wconf 87' lang='lat' dir='ltr'>CAP.</span> <span class='ocrx_word' id='word_1_604' title='bbox 2982 4315 3105 4371; x_wconf 85' lang='lat' dir='ltr'>XII.</span> 
     </span>
    </p>
   </div>
   <div class='ocr_carea' id='block_1_90' title="bbox 2135 4402 3710 4475">
    <p class='ocr_par' dir='ltr' id='par_1_90' title="bbox 2135 4402 3710 4475">
     <span class='ocr_line' id='line_1_90' title="bbox 2135 4402 3710 4475; baseline -0.003 -14"><span class='ocrx_word' id='word_1_605' title='bbox 2135 4408 2162 4475; x_wconf 90' lang='lat'><strong>§</strong></span> <span class='ocrx_word' id='word_1_606' title='bbox 2193 4408 2239 4464; x_wconf 94' lang='grc' dir='ltr'>Ι.</span> <span class='ocrx_word' id='word_1_607' title='bbox 2271 4407 2577 4475; x_wconf 60' lang='lat' dir='ltr'>Quaeritur.</span> <span class='ocrx_word' id='word_1_608' title='bbox 2611 4406 2872 4472; x_wconf 87' lang='lat' dir='ltr'>Quanam</span> <span class='ocrx_word' id='word_1_609' title='bbox 2906 4405 3131 4461; x_wconf 90' lang='lat' dir='ltr'>ratione</span> <span class='ocrx_word' id='word_1_610' title='bbox 3164 4404 3495 4461; x_wconf 88' lang='lat' dir='ltr'>sacerdotes</span> <span class='ocrx_word' id='word_1_611' title='bbox 3527 4402 3710 4459; x_wconf 88' lang='lat' dir='ltr'>nostri</span> 
     </span>
    </p>
   </div>
   <div class='ocr_carea' id='block_1_91' title="bbox 2066 4495 2586 4568">
    <p class='ocr_par' dir='ltr' id='par_1_91' title="bbox 2066 4495 2586 4568">
     <span class='ocr_line' id='line_1_91' title="bbox 2066 4495 2586 4568; baseline -0.008 -15"><span class='ocrx_word' id='word_1_612' title='bbox 2066 4496 2259 4568; x_wconf 89' lang='lat' dir='ltr'>angeli</span> <span class='ocrx_word' id='word_1_613' title='bbox 2292 4495 2586 4551; x_wconf 88' lang='lat' dir='ltr'>dicantur.</span> 
     </span>
    </p>
   </div>
   <div class='ocr_carea' id='block_1_92' title="bbox 376 4576 1957 4660">
    <p class='ocr_par' dir='ltr' id='par_1_92' title="bbox 376 4576 1956 4659">
     <span class='ocr_line' id='line_1_92' title="bbox 376 4576 1956 4659; baseline 0.006 -29"><span class='ocrx_word' id='word_1_614' title='bbox 376 4579 505 4645; x_wconf 62' lang='grc' dir='ltr'>θη.</span> <span class='ocrx_word' id='word_1_615' title='bbox 542 4576 633 4651; x_wconf 84' lang='grc' dir='ltr'>[α’]</span> <span class='ocrx_word' id='word_1_616' title='bbox 681 4576 868 4649; x_wconf 75' lang='grc' dir='ltr'>Φαμὲν</span> <span class='ocrx_word' id='word_1_617' title='bbox 907 4576 1009 4654; x_wconf 79' lang='grc' dir='ltr'>γὰρ</span> <span class='ocrx_word' id='word_1_618' title='bbox 1060 4580 1141 4634; x_wconf 81' lang='grc' dir='ltr'>ὅτι</span> <span class='ocrx_word' id='word_1_619' title='bbox 1194 4580 1408 4651; x_wconf 74' lang='grc' dir='ltr'>ὑλικῆς.</span> <span class='ocrx_word' id='word_1_620' title='bbox 1462 4581 1798 4656; x_wconf 88' lang='grc' dir='ltr'>Σημείωσαι,</span> <span class='ocrx_word' id='word_1_621' title='bbox 1850 4584 1956 4659; x_wconf 77' lang='grc' dir='ltr'>ὅτι,</span> 
     </span>
    </p>
   </div>
   <div class='ocr_carea' id='block_1_93' title="bbox 2081 4576 3714 4660">
    <p class='ocr_par' dir='ltr' id='par_1_93' title="bbox 2135 4578 3714 4654">
     <span class='ocr_line' id='line_1_93' title="bbox 2135 4578 3714 4654; baseline -0.004 -15"><span class='ocrx_word' id='word_1_622' title='bbox 2135 4584 2265 4653; x_wconf 86' lang='lat' dir='ltr'>§Il.</span> <span class='ocrx_word' id='word_1_623' title='bbox 2300 4585 2542 4640; x_wconf 88' lang='lat' dir='ltr'>Dicimus</span> <span class='ocrx_word' id='word_1_624' title='bbox 2592 4584 2743 4640; x_wconf 88' lang='lat' dir='ltr'>enim</span> <span class='ocrx_word' id='word_1_625' title='bbox 2798 4583 3098 4654; x_wconf 81' lang='lat' dir='ltr'>integram.</span> <span class='ocrx_word' id='word_1_626' title='bbox 3159 4580 3309 4638; x_wconf 86' lang='lat' dir='ltr'>Nota</span> <span class='ocrx_word' id='word_1_627' title='bbox 3364 4580 3540 4653; x_wconf 91' lang='lat' dir='ltr'>quod,</span> <span class='ocrx_word' id='word_1_628' title='bbox 3601 4578 3714 4634; x_wconf 91' lang='lat' dir='ltr'>etsi</span> 
     </span>
    </p>
   </div>
   <div class='ocr_carea' id='block_1_94' title="bbox 296 4662 1954 4745">
    <p class='ocr_par' dir='ltr' id='par_1_94' title="bbox 296 4662 1954 4745">
     <span class='ocr_line' id='line_1_94' title="bbox 296 4662 1954 4745; baseline 0.007 -27"><span class='ocrx_word' id='word_1_629' title='bbox 296 4662 347 4718; x_wconf 68' lang='grc' dir='ltr'>εἴ</span> <span class='ocrx_word' id='word_1_630' title='bbox 373 4665 465 4719; x_wconf 88' lang='grc' dir='ltr'>καὶ</span> <span class='ocrx_word' id='word_1_631' title='bbox 506 4671 609 4733; x_wconf 81' lang='grc' dir='ltr'>τῆς</span> <span class='ocrx_word' id='word_1_632' title='bbox 655 4670 763 4720; x_wconf 91' lang='grc' dir='ltr'>τῶν</span> <span class='ocrx_word' id='word_1_633' title='bbox 797 4667 1052 4744; x_wconf 78' lang='grc' dir='ltr'>ἀνωτέρω</span> <span class='ocrx_word' id='word_1_634' title='bbox 1084 4666 1362 4742; x_wconf 83' lang='grc' dir='ltr'>δυνάμεων</span> <span class='ocrx_word' id='word_1_635' title='bbox 1396 4668 1717 4728; x_wconf 81' lang='grc' dir='ltr'>ἀποδέουσιν</span> <span class='ocrx_word' id='word_1_636' title='bbox 1752 4672 1954 4745; x_wconf 85' lang='grc' dir='ltr'>ὁλότη-</span> 
     </span>
    </p>
   </div>
   <div class='ocr_carea' id='block_1_95' title="bbox 293 4751 1955 4839">
    <p class='ocr_par' dir='ltr' id='par_1_95' title="bbox 293 4751 1955 4839">
     <span class='ocr_line' id='line_1_95' title="bbox 293 4751 1955 4839; baseline 0.007 -33"><span class='ocrx_word' id='word_1_637' title='bbox 293 4773 390 4814; x_wconf 82' lang='grc' dir='ltr'>τος</span> <span class='ocrx_word' id='word_1_638' title='bbox 420 4754 472 4807; x_wconf 69' lang='grc' dir='ltr'>οἱ</span> <span class='ocrx_word' id='word_1_639' title='bbox 523 4751 769 4829; x_wconf 80' lang='grc' dir='ltr'>ἔσχατοι,</span> <span class='ocrx_word' id='word_1_640' title='bbox 809 4753 938 4811; x_wconf 80' lang='grc' dir='ltr'>ἀλλ’</span> <span class='ocrx_word' id='word_1_641' title='bbox 969 4758 1062 4812; x_wconf 79' lang='grc' dir='ltr'>οὗν</span> <span class='ocrx_word' id='word_1_642' title='bbox 1099 4766 1329 4836; x_wconf 85' lang='grc' dir='ltr'>μερικῆς</span> <span class='ocrx_word' id='word_1_643' title='bbox 1359 4760 1650 4837; x_wconf 83' lang='grc' dir='ltr'>μετέχουσι</span> <span class='ocrx_word' id='word_1_644' title='bbox 1684 4762 1873 4839; x_wconf 80' lang='grc' dir='ltr'>σοφίας</span> <span class='ocrx_word' id='word_1_645' title='bbox 1898 4783 1955 4818; x_wconf 88' lang='grc' dir='ltr'>τε</span> 
     </span>
    </p>
   </div>
   <div class='ocr_carea' id='block_1_96' title="bbox 291 4842 1004 4917">
    <p class='ocr_par' dir='ltr' id='par_1_96' title="bbox 291 4842 1004 4917">
     <span class='ocr_line' id='line_1_96' title="bbox 291 4842 1004 4917; baseline 0.008 -20"><span class='ocrx_word' id='word_1_646' title='bbox 291 4842 385 4897; x_wconf 78' lang='grc' dir='ltr'>καὶ</span> <span class='ocrx_word' id='word_1_647' title='bbox 421 4844 677 4917; x_wconf 85' lang='grc' dir='ltr'>γνώσεως</span> <span class='ocrx_word' id='word_1_648' title='bbox 707 4845 797 4899; x_wconf 81' lang='grc' dir='ltr'>καὶ</span> <span class='ocrx_word' id='word_1_649' title='bbox 830 4845 1004 4903; x_wconf 75' lang='grc' dir='ltr'>αὐτοί.</span> 
     </span>
    </p>
   </div>
   <div class='ocr_carea' id='block_1_97' title="bbox 362 4930 1951 5019">
    <p class='ocr_par' dir='ltr' id='par_1_97' title="bbox 362 4930 1951 5019">
     <span class='ocr_line' id='line_1_97' title="bbox 362 4930 1951 5019; baseline 0.004 -29"><span class='ocrx_word' id='word_1_650' title='bbox 362 4932 465 5005; x_wconf 81' lang='grc' dir='ltr'>[β’]</span> <span class='ocrx_word' id='word_1_651' title='bbox 496 4934 566 4989; x_wconf 76' lang='grc' dir='ltr'>Αἱ</span> <span class='ocrx_word' id='word_1_652' title='bbox 599 4930 658 4988; x_wconf 71' lang='grc' dir='ltr'>δὶ</span> <span class='ocrx_word' id='word_1_653' title='bbox 710 4940 820 4989; x_wconf 89' lang='grc' dir='ltr'>τῶν</span> <span class='ocrx_word' id='word_1_654' title='bbox 881 4936 970 4991; x_wconf 84' lang='grc' dir='ltr'>ὑπ’</span> <span class='ocrx_word' id='word_1_655' title='bbox 1027 4936 1243 5001; x_wconf 76' lang='grc' dir='ltr'>αὐτούς.</span> <span class='ocrx_word' id='word_1_656' title='bbox 1275 4938 1363 5003; x_wconf 87' lang='grc' dir='ltr'>Τίς</span> <span class='ocrx_word' id='word_1_657' title='bbox 1415 4942 1449 5009; x_wconf 82' lang='grc' dir='ltr'>ἠ</span> <span class='ocrx_word' id='word_1_658' title='bbox 1480 4941 1637 5011; x_wconf 84' lang='grc' dir='ltr'>ὁκική</span> <span class='ocrx_word' id='word_1_659' title='bbox 1674 4942 1835 5019; x_wconf 87' lang='grc' dir='ltr'>σοφία</span> <span class='ocrx_word' id='word_1_660' title='bbox 1860 4942 1951 4997; x_wconf 84' lang='grc' dir='ltr'>καὶ</span> 
     </span>
    </p>
   </div>
   <div class='ocr_carea' id='block_1_98' title="bbox 294 5020 1951 5105">
    <p class='ocr_par' dir='ltr' id='par_1_98' title="bbox 294 5020 1951 5105">
     <span class='ocr_line' id='line_1_98' title="bbox 294 5020 1951 5105; baseline 0.008 -31"><span class='ocrx_word' id='word_1_661' title='bbox 294 5020 536 5094; x_wconf 74' lang='grc' dir='ltr'>μέθεξις,</span> <span class='ocrx_word' id='word_1_662' title='bbox 565 5023 654 5077; x_wconf 85' lang='grc' dir='ltr'>καὶ</span> <span class='ocrx_word' id='word_1_663' title='bbox 686 5024 767 5086; x_wconf 89' lang='grc' dir='ltr'>τίς</span> <span class='ocrx_word' id='word_1_664' title='bbox 792 5026 826 5094; x_wconf 80' lang='grc' dir='ltr'>ἡ</span> <span class='ocrx_word' id='word_1_665' title='bbox 865 5028 1083 5101; x_wconf 73' lang='grc' dir='ltr'>μερική·</span> <span class='ocrx_word' id='word_1_666' title='bbox 1115 5028 1176 5083; x_wconf 86' lang='grc' dir='ltr'>τὸ</span> <span class='ocrx_word' id='word_1_667' title='bbox 1207 5024 1265 5083; x_wconf 65' lang='grc' dir='ltr'>δὲ</span> <span class='ocrx_word' id='word_1_668' title='bbox 1291 5028 1426 5084; x_wconf 81' lang='grc' dir='ltr'>κατᾶ</span> <span class='ocrx_word' id='word_1_669' title='bbox 1474 5027 1701 5105; x_wconf 82' lang='grc' dir='ltr'>δύναμιν</span> <span class='ocrx_word' id='word_1_670' title='bbox 1748 5030 1951 5088; x_wconf 78' lang='grc' dir='ltr'>οἱκείαν</span> 
     </span>
    </p>
   </div>
   <div class='ocr_carea' id='block_1_99' title="bbox 283 5110 1599 5189">
    <p class='ocr_par' dir='ltr' id='par_1_99' title="bbox 283 5110 1599 5189">
     <span class='ocr_line' id='line_1_99' title="bbox 283 5110 1599 5189; baseline 0.008 -24"><span class='ocrx_word' id='word_1_671' title='bbox 283 5110 391 5178; x_wconf 75' lang='grc' dir='ltr'>τὴν</span> <span class='ocrx_word' id='word_1_672' title='bbox 426 5114 817 5187; x_wconf 74' lang='grc' dir='ltr'>προαιρετικὴν</span> <span class='ocrx_word' id='word_1_673' title='bbox 848 5111 1074 5189; x_wconf 79' lang='grc' dir='ltr'>δύναμιν</span> <span class='ocrx_word' id='word_1_674' title='bbox 1105 5118 1325 5188; x_wconf 89' lang='grc' dir='ltr'>νοητέον</span> <span class='ocrx_word' id='word_1_675' title='bbox 1349 5117 1599 5184; x_wconf 74' lang='grc' dir='ltr'>ἐνταῦθα.</span> 
     </span>
    </p>
   </div>
   <div class='ocr_carea' id='block_1_100' title="bbox 363 5290 1955 5370">
    <p class='ocr_par' dir='ltr' id='par_1_100' title="bbox 363 5290 1955 5370">
     <span class='ocr_line' id='line_1_100' title="bbox 363 5290 1955 5370; baseline 0.006 -24"><span class='ocrx_word' id='word_1_676' title='bbox 363 5290 459 5365; x_wconf 79' lang='grc' dir='ltr'>[γ’]</span> <span class='ocrx_word' id='word_1_677' title='bbox 508 5292 778 5365; x_wconf 84' lang='grc' dir='ltr'>Ὧρισται.</span> <span class='ocrx_word' id='word_1_678' title='bbox 836 5292 1149 5366; x_wconf 84' lang='grc' dir='ltr'>Σημείωσαι</span> <span class='ocrx_word' id='word_1_679' title='bbox 1180 5339 1193 5363; x_wconf 88' lang='grc'>,</span> <span class='ocrx_word' id='word_1_680' title='bbox 1246 5295 1328 5351; x_wconf 80' lang='grc' dir='ltr'>ὅτι</span> <span class='ocrx_word' id='word_1_681' title='bbox 1386 5296 1609 5370; x_wconf 81' lang='grc' dir='ltr'>ὥρισται</span> <span class='ocrx_word' id='word_1_682' title='bbox 1663 5299 1728 5354; x_wconf 84' lang='grc' dir='ltr'>οὐ</span> <span class='ocrx_word' id='word_1_683' title='bbox 1786 5296 1955 5370; x_wconf 85' lang='grc' dir='ltr'>δηλοῖ</span> 
     </span>
    </p>
   </div>
   <div class='ocr_carea' id='block_1_101' title="bbox 286 5376 1952 5461">
    <p class='ocr_par' dir='ltr' id='par_1_101' title="bbox 286 5376 1952 5461">
     <span class='ocr_line' id='line_1_101' title="bbox 286 5376 1952 5461; baseline 0.007 -28"><span class='ocrx_word' id='word_1_684' title='bbox 286 5376 633 5455; x_wconf 77' lang='grc' dir='ltr'>εἱμαρμένην</span> <span class='ocrx_word' id='word_1_685' title='bbox 680 5382 797 5435; x_wconf 80' lang='grc' dir='ltr'>τινὰ</span> <span class='ocrx_word' id='word_1_686' title='bbox 838 5381 927 5436; x_wconf 84' lang='grc' dir='ltr'>καὶ</span> <span class='ocrx_word' id='word_1_687' title='bbox 977 5378 1321 5459; x_wconf 75' lang='grc' dir='ltr'>ἀπαράϐατον</span> <span class='ocrx_word' id='word_1_688' title='bbox 1374 5385 1635 5461; x_wconf 84' lang='grc' dir='ltr'>ἀνάγκην,</span> <span class='ocrx_word' id='word_1_689' title='bbox 1694 5387 1767 5449; x_wconf 82' lang='grc' dir='ltr'>ὡς</span> <span class='ocrx_word' id='word_1_690' title='bbox 1828 5387 1952 5443; x_wconf 81' lang='grc' dir='ltr'>εἰω-</span> 
     </span>
    </p>
   </div>
   <div class='ocr_carea' id='block_1_102' title="bbox 2066 4668 3712 4747">
    <p class='ocr_par' dir='ltr' id='par_1_102' title="bbox 2066 4668 3712 4747">
     <span class='ocr_line' id='line_1_102' title="bbox 2066 4668 3712 4747; baseline -0.005 -17"><span class='ocrx_word' id='word_1_691' title='bbox 2066 4674 2344 4747; x_wconf 89' lang='lat' dir='ltr'>postremi</span> <span class='ocrx_word' id='word_1_692' title='bbox 2378 4677 2616 4729; x_wconf 91' lang='lat' dir='ltr'>careant</span> <span class='ocrx_word' id='word_1_693' title='bbox 2644 4676 2766 4728; x_wconf 88' lang='lat' dir='ltr'>tota</span> <span class='ocrx_word' id='word_1_694' title='bbox 2796 4673 3169 4744; x_wconf 85' lang='lat' dir='ltr'>superiorum</span> <span class='ocrx_word' id='word_1_695' title='bbox 3203 4672 3486 4726; x_wconf 86' lang='lat' dir='ltr'>virtutum</span> <span class='ocrx_word' id='word_1_696' title='bbox 3522 4668 3712 4740; x_wconf 88' lang='lat' dir='ltr'>perfe-</span> 
     </span>
    </p>
   </div>
   <div class='ocr_carea' id='block_1_103' title="bbox 2065 4756 3708 4835">
    <p class='ocr_par' dir='ltr' id='par_1_103' title="bbox 2065 4756 3708 4835">
     <span class='ocr_line' id='line_1_103' title="bbox 2065 4756 3708 4835; baseline -0.005 -16"><span class='ocrx_word' id='word_1_697' title='bbox 2065 4764 2277 4835; x_wconf 90' lang='lat' dir='ltr'>ctione,</span> <span class='ocrx_word' id='word_1_698' title='bbox 2314 4767 2571 4819; x_wconf 87' lang='lat' dir='ltr'>attamen</span> <span class='ocrx_word' id='word_1_699' title='bbox 2607 4761 2767 4835; x_wconf 91' lang='lat' dir='ltr'>ipsos</span> <span class='ocrx_word' id='word_1_700' title='bbox 2813 4761 3188 4835; x_wconf 89' lang='lat' dir='ltr'>particularis</span> <span class='ocrx_word' id='word_1_701' title='bbox 3238 4766 3360 4816; x_wconf 91' lang='lat' dir='ltr'>tum</span> <span class='ocrx_word' id='word_1_702' title='bbox 3410 4756 3708 4830; x_wconf 62' lang='lat' dir='ltr'>sapientia</span> 
     </span>
    </p>
   </div>
   <div class='ocr_carea' id='block_1_104' title="bbox 2063 4850 3103 4926">
    <p class='ocr_par' dir='ltr' id='par_1_104' title="bbox 2063 4850 3103 4926">
     <span class='ocr_line' id='line_1_104' title="bbox 2063 4850 3103 4926; baseline -0.003 -18"><span class='ocrx_word' id='word_1_703' title='bbox 2063 4856 2190 4908; x_wconf 90' lang='lat' dir='ltr'>tum</span> <span class='ocrx_word' id='word_1_704' title='bbox 2224 4851 2577 4926; x_wconf 86' lang='lat' dir='ltr'>cognitionis</span> <span class='ocrx_word' id='word_1_705' title='bbox 2608 4850 2924 4924; x_wconf 85' lang='lat' dir='ltr'>participes</span> <span class='ocrx_word' id='word_1_706' title='bbox 2954 4867 3103 4906; x_wconf 89' lang='lat' dir='ltr'>esse.</span> 
     </span>
    </p>
   </div>
   <div class='ocr_carea' id='block_1_105' title="bbox 2135 4938 3711 5014">
    <p class='ocr_par' dir='ltr' id='par_1_105' title="bbox 2135 4938 3711 5014">
     <span class='ocr_line' id='line_1_105' title="bbox 2135 4938 3711 5014; baseline -0.006 -16"><span class='ocrx_word' id='word_1_707' title='bbox 2135 4944 2490 5014; x_wconf 78' lang='lat' dir='ltr'>Inferiorum.</span> <span class='ocrx_word' id='word_1_708' title='bbox 2514 4941 2793 5005; x_wconf 70' lang='lat' dir='ltr'>Quaenam</span> <span class='ocrx_word' id='word_1_709' title='bbox 2819 4940 2898 4997; x_wconf 91' lang='lat' dir='ltr'>sit</span> <span class='ocrx_word' id='word_1_710' title='bbox 2915 4944 3037 4996; x_wconf 90' lang='lat' dir='ltr'>tota</span> <span class='ocrx_word' id='word_1_711' title='bbox 3057 4938 3346 5009; x_wconf 90' lang='lat' dir='ltr'>sapientia</span> <span class='ocrx_word' id='word_1_712' title='bbox 3362 4940 3537 5007; x_wconf 90' lang='lat' dir='ltr'>atque</span> <span class='ocrx_word' id='word_1_713' title='bbox 3556 4951 3711 4990; x_wconf 91' lang='lat' dir='ltr'>com-</span> 
     </span>
    </p>
   </div>
   <div class='ocr_carea' id='block_1_106' title="bbox 2064 5025 3705 5103">
    <p class='ocr_par' dir='ltr' id='par_1_106' title="bbox 2064 5025 3705 5103">
     <span class='ocr_line' id='line_1_106' title="bbox 2064 5025 3705 5103; baseline -0.005 -15"><span class='ocrx_word' id='word_1_714' title='bbox 2064 5031 2410 5098; x_wconf 89' lang='lat' dir='ltr'>municatio,</span> <span class='ocrx_word' id='word_1_715' title='bbox 2442 5036 2499 5088; x_wconf 93' lang='lat' dir='ltr'>et</span> <span class='ocrx_word' id='word_1_716' title='bbox 2527 5046 2800 5103; x_wconf 64' lang='lat' dir='ltr'>quanam</span> <span class='ocrx_word' id='word_1_717' title='bbox 2850 5028 3261 5102; x_wconf 88' lang='lat' dir='ltr'>particularis;</span> <span class='ocrx_word' id='word_1_718' title='bbox 3313 5025 3454 5081; x_wconf 91' lang='lat' dir='ltr'>illud</span> <span class='ocrx_word' id='word_1_719' title='bbox 3503 5030 3705 5080; x_wconf 89' lang='lat' dir='ltr'>autem</span> 
     </span>
    </p>
   </div>
   <div class='ocr_carea' id='block_1_107' title="bbox 2061 5110 3711 5189">
    <p class='ocr_par' dir='ltr' id='par_1_107' title="bbox 2061 5110 3711 5189">
     <span class='ocr_line' id='line_1_107' title="bbox 2061 5110 3711 5189; baseline -0.005 -11"><span class='ocrx_word' id='word_1_720' title='bbox 2061 5121 2365 5178; x_wconf 85' lang='lat' dir='ltr'>secundum</span> <span class='ocrx_word' id='word_1_721' title='bbox 2414 5110 2676 5177; x_wconf 69' lang='lat' dir='ltr'>uirtutem</span> <span class='ocrx_word' id='word_1_722' title='bbox 2732 5120 3038 5189; x_wconf 84' lang='lat' dir='ltr'>propriam,</span> <span class='ocrx_word' id='word_1_723' title='bbox 3096 5114 3545 5189; x_wconf 87' lang='lat' dir='ltr'>intelligendum</span> <span class='ocrx_word' id='word_1_724' title='bbox 3597 5113 3711 5171; x_wconf 87' lang='lat' dir='ltr'>hoc</span> 
     </span>
    </p>
   </div>
   <div class='ocr_carea' id='block_1_108' title="bbox 2062 5204 3141 5277">
    <p class='ocr_par' dir='ltr' id='par_1_108' title="bbox 2062 5204 3141 5277">
     <span class='ocr_line' id='line_1_108' title="bbox 2062 5204 3141 5277; baseline -0.01 -9"><span class='ocrx_word' id='word_1_725' title='bbox 2062 5211 2189 5268; x_wconf 91' lang='lat' dir='ltr'>loco</span> <span class='ocrx_word' id='word_1_726' title='bbox 2221 5215 2309 5267; x_wconf 89' lang='lat' dir='ltr'>est</span> <span class='ocrx_word' id='word_1_727' title='bbox 2338 5211 2407 5265; x_wconf 88' lang='lat' dir='ltr'>de</span> <span class='ocrx_word' id='word_1_728' title='bbox 2440 5208 2713 5266; x_wconf 87' lang='lat' dir='ltr'>facultate</span> <span class='ocrx_word' id='word_1_729' title='bbox 2744 5204 3141 5277; x_wconf 61' lang='lat' dir='ltr'>praeligendi.</span> 
     </span>
    </p>
   </div>
   <div class='ocr_carea' id='block_1_109' title="bbox 2135 5290 3709 5367">
    <p class='ocr_par' dir='ltr' id='par_1_109' title="bbox 2135 5290 3709 5367">
     <span class='ocr_line' id='line_1_109' title="bbox 2135 5290 3709 5367; baseline -0.006 -10"><span class='ocrx_word' id='word_1_730' title='bbox 2135 5301 2506 5357; x_wconf 80' lang='lat' dir='ltr'>Distributum</span> <span class='ocrx_word' id='word_1_731' title='bbox 2536 5314 2629 5354; x_wconf 83' lang='lat' dir='ltr'>seu</span> <span class='ocrx_word' id='word_1_732' title='bbox 2659 5295 2977 5365; x_wconf 76' lang='lat' dir='ltr'>deﬁntium.</span> <span class='ocrx_word' id='word_1_733' title='bbox 3002 5299 3152 5350; x_wconf 90' lang='lat' dir='ltr'>Nota</span> <span class='ocrx_word' id='word_1_734' title='bbox 3178 5290 3405 5367; x_wconf 75' lang='grc' dir='ltr'>ὥρισται</span> <span class='ocrx_word' id='word_1_735' title='bbox 3464 5311 3579 5349; x_wconf 92' lang='lat' dir='ltr'>non</span> <span class='ocrx_word' id='word_1_736' title='bbox 3629 5294 3709 5349; x_wconf 90' lang='lat' dir='ltr'>si-</span> 
     </span>
    </p>
   </div>
   <div class='ocr_carea' id='block_1_110' title="bbox 2060 5382 3709 5463">
    <p class='ocr_par' dir='ltr' id='par_1_110' title="bbox 2060 5382 3709 5463">
     <span class='ocr_line' id='line_1_110' title="bbox 2060 5382 3709 5463; baseline -0.006 -17"><span class='ocrx_word' id='word_1_737' title='bbox 2060 5390 2339 5463; x_wconf 82' lang='lat' dir='ltr'>gnificare</span> <span class='ocrx_word' id='word_1_738' title='bbox 2370 5389 2553 5443; x_wconf 88' lang='lat' dir='ltr'>fatum</span> <span class='ocrx_word' id='word_1_739' title='bbox 2582 5386 2819 5457; x_wconf 87' lang='lat' dir='ltr'>aliquod</span> <span class='ocrx_word' id='word_1_740' title='bbox 2851 5390 2910 5441; x_wconf 90' lang='lat' dir='ltr'>et</span> <span class='ocrx_word' id='word_1_741' title='bbox 2940 5384 3351 5442; x_wconf 87' lang='lat' dir='ltr'>necessitatem</span> <span class='ocrx_word' id='word_1_742' title='bbox 3400 5382 3709 5441; x_wconf 89' lang='lat' dir='ltr'>inevitabi-</span> 
     </span>
    </p>
   </div>
   <div class='ocr_carea' id='block_1_111' title="bbox 1311 5566 2692 5630">
    <p class='ocr_par' dir='ltr' id='par_1_111' title="bbox 1311 5566 2692 5630">
     <span class='ocr_line' id='line_1_111' title="bbox 1311 5566 2692 5630; baseline -0.001 -7"><span class='ocrx_word' id='word_1_743' title='bbox 1311 5566 1553 5627; x_wconf 73' lang='lat' dir='ltr'>VABUE</span> <span class='ocrx_word' id='word_1_744' title='bbox 1584 5569 1974 5630; x_wconf 81' lang='lat' dir='ltr'>LECTIONES</span> <span class='ocrx_word' id='word_1_745' title='bbox 2005 5570 2099 5629; x_wconf 82' lang='lat' dir='ltr'>ET</span> <span class='ocrx_word' id='word_1_746' title='bbox 2130 5566 2692 5628; x_wconf 80' lang='lat' dir='ltr'>CORRECTIONES.</span> 
     </span>
    </p>
   </div>
   <div class='ocr_carea' id='block_1_112' title="bbox 368 5668 716 5736">
    <p class='ocr_par' dir='ltr' id='par_1_112' title="bbox 368 5668 716 5736">
     <span class='ocr_line' id='line_1_112' title="bbox 368 5668 716 5736; baseline 0.006 -11"><span class='ocrx_word' id='word_1_747' title='bbox 368 5671 418 5708; x_wconf 76' lang='grc'>⁸³</span> <span class='ocrx_word' id='word_1_748' title='bbox 455 5668 571 5736; x_wconf 81' lang='grc' dir='ltr'>ὅθεν</span> <span class='ocrx_word' id='word_1_749' title='bbox 601 5671 716 5728; x_wconf 82' lang='grc' dir='ltr'>καί.</span> 
     </span>
    </p>
   </div>
  </div>
