4042 6210
341 330 412 382 95
1157 336 1524 389 APPENDIX
1568 337 1665 386 AD
1701 332 1944 389 ΟΡΕΒΔ
1978 335 2004 388 Ε

2135 330 2393 386 [ONYSII
2428 327 2928 385 AREOPAGITE.
3679 331 3755 386 96

341 451 478 521 lem,
511 452 666 508 sicut
695 450 889 508 solent
919 452 1090 510 multi
1121 454 1351 524 dicere;
1384 471 1587 511 verum
1621 451 1844 528 ὥρισται
1884 469 1986 526 po-

2135 471 2222 506 ασι
2254 447 2457 506 πολλοὶ
2490 447 2686 524 λέγειν’
2721 446 2870 504 ἀλλὰ
2895 449 2958 502 τὸ
2989 446 3214 522 ὥρισταὶ
3254 447 3375 503 ἀντὶ
3421 447 3520 503 τυύ
3569 447 3755 506 διατέ-

344 539 506 595 nitur
537 557 641 611 pro
674 541 1008 598 ordinatum
1041 547 1132 599 est
1161 545 1489 600 secundum
1522 544 1780 615 aliquam
1810 543 1991 598 virtu-

338 629 416 684 tis
448 631 905 700 proportionem,
937 632 1085 688 forte
1119 633 1338 688 mentis
1365 650 1379 700 ;
1413 649 1594 704 supra
1623 647 1803 702 quam
1828 629 1988 686 intel-

341 717 520 788 ligere
551 735 666 773 non
698 723 946 790 oportet.

412 807 440 873 §
477 805 575 862 III.
608 808 876 864 Invenies.
901 809 1202 874 Quomodo
1226 810 1405 866 etiam
1429 809 1730 866 communi
1755 809 1992 865 nomine

346 894 427 949 dii
456 900 740 951 vocentur
768 901 894 952 tum
941 899 1154 970 angeli,
1211 903 1336 953 tum
1387 897 1643 969 religiosi
1701 897 1990 963 homines,

347 985 675 1040 secundum
707 984 852 1041 illud
883 987 1196 1058 Scriptura:
1224 1004 1238 1043 :
1270 989 1378 1058 Ego
1398 987 1563 1042 dixi:
1595 988 1687 1042 Dii
1716 988 1846 1042 estis
1890 987 1991 1057 (μ).

417 1075 723 1143 Exempla.
755 1074 1056 1138 Quomodo
1077 1079 1135 1130 et
1155 1075 1406 1146 qualiter
1425 1082 1482 1131 et
1502 1075 1829 1131 secundum
1851 1073 1993 1143 quid

347 1161 565 1218 divinis
594 1162 773 1233 digna
803 1162 1009 1218 habita
1039 1169 1180 1218 sunt
1210 1163 1572 1219 nominibus.

955 1253 1025 1307 IN
1059 1253 1220 1309 CAP.
1241 1254 1400 1309 XIII.

415 1342 444 1408 §
472 1341 514 1396 Ι.
547 1340 852 1412 Seraphim
879 1341 1025 1397 Nota
1054 1341 1082 1394 ὁ
1112 1341 1354 1418 σεραφίμ
1385 1341 1443 1397 in
1493 1356 1706 1414 genere
1756 1357 1989 1397 mascu-

343 1428 488 1486 lino.

419 1519 640 1574 Etenim
673 1518 949 1575 dubitabit
1009 1519 1234 1592 aliquis.
1291 1519 1575 1584 Quoniam
1629 1518 1992 1576 contrarium

351 1623 632 1677 apparere
663 1607 834 1663 dictis
866 1609 1128 1677 videtur;
1163 1609 1309 1664 dixit
1338 1609 1497 1664 enim
1529 1612 1722 1675 antea,
1757 1606 1993 1663 inferio-

355 1710 450 1750 res
478 1695 549 1749 ab
581 1695 654 1751 iis
680 1698 782 1752 ΔΘ
803 1697 904 1768 qui
931 1697 1094 1769 ipsos
1125 1702 1426 1769 superant,
1460 1714 1578 1753 non
1607 1701 1802 1753 autem
1833 1714 1868 1751 a
1897 1713 1996 1750 su-

357 1784 578 1854 premis
611 1785 826 1855 doceri,
859 1785 1035 1841 sicuti
1072 1786 1309 1842 tertium
1340 1786 1604 1841 ordinem
1639 1803 1673 1841 a
1703 1785 1919 1849 medio,
1942 1787 2001 1839 et

359 1871 622 1926 medium
651 1873 724 1928 ab
754 1889 820 1929 eo
852 1873 954 1946 qui
984 1878 1074 1930 est
1104 1874 1382 1929 omnibus
1414 1873 1683 1945 superior
1709 1891 1722 1940 ;
1754 1872 2002 1944 quaesita

359 1965 556 2016 autem
589 1960 710 2017 hac
740 1962 995 2029 fuerant,
1024 1967 1200 2035 atque
1229 1979 1263 2017 a
1293 1962 1632 2018 diversitate
1662 1961 1874 2017 soluta.

431 2052 460 2116 §
491 2051 558 2104 II.
590 2052 965 2121 Peccatorum,
995 2066 1122 2124 quae
1159 2053 1428 2107 recensita
1477 2054 1625 2106 sunt.
1673 2054 1798 2106 Non
1835 2065 2005 2121 posse

362 2138 557 2193 doceri
572 2139 790 2208 divina,
812 2140 926 2195 nisi
945 2141 1109 2211 prius
1127 2140 1394 2196 dimissio
1416 2144 1787 2211 peccatorum
1805 2136 1999 2205 fuerit;

363 2243 500 2282 nam
529 2227 828 2300 seraphim
861 2227 1180 2301 ἑμπρηστής
1213 2245 1318 2284 seu
1376 2228 1604 2284 calidus
1658 2227 2004 2299 explicatur.

433 2402 461 2475 Ξ
492 2403 588 2458 III.
621 2403 777 2459 Alius
808 2405 938 2460 item
968 2403 1116 2459 haud
1145 2404 1462 2460 admodum.
1519 2404 1666 2461 Nota
1715 2401 1861 2458 illud
1893 2417 2006 2458 non

359 2491 684 2562 admodum,
711 2509 825 2548 non
858 2509 1099 2564 prorsus
1131 2495 1200 2549 ad
1243 2494 1745 2565 comparationem
1779 2489 2003 2547 medio-

362 2581 588 2636 critatis
610 2581 832 2635 dictum
857 2581 1222 2649 fuisse,sicut
1243 2599 1357 2637 non
1381 2582 1462 2636 ita
1481 2581 1704 2636 dictum
1727 2585 1816 2636 est
1835 2579 2003 2634 illud:

361 2683 471 2723 non
504 2668 660 2723 valde
687 2669 1016 2734 absurdum,
1048 2676 1113 2724 ut
1141 2671 1494 2725 arbitremur
1525 2687 1652 2740 nos,
1682 2669 2005 2724 absurdum

365 2756 604 2826 quidem
638 2773 876 2828 prorsus
905 2774 1056 2822 esse,
1087 2759 1186 2812 sed
1223 2757 1592 2813 mediocriter
1637 2757 2003 2823 absurdum;

363 2860 567 2899 verum
599 2845 775 2900 etiam
807 2861 908 2916 pro
937 2845 1187 2917 positivo
1218 2845 1573 2902 collocatur:
1607 2846 1717 2902 hoc
1749 2850 1859 2912 est,
1891 2861 2007 2900 non

363 2933 594 2989 videtur
623 2933 765 2988 mihi
793 2935 1116 2990 absurdum
1140 2951 1289 3003 esse,
1315 2941 1484 2991 caute
1508 2941 1570 2990 ut
1591 2933 2008 3006 philosophum

369 3023 533 3078 decet
563 3023 956 3094 pronuntians
985 3041 999 3093 ;
1033 3024 1176 3096 quin
1208 3023 1388 3079 etiam
1419 3040 1545 3096 pro,
1603 3023 1762 3080 nullo
1812 3023 2005 3092 modo,

369 3113 640 3184 ponitur,
683 3116 964 3184 tanquam
1001 3112 1052 3169 si
1081 3113 1318 3181 diceret,
1368 3113 1530 3170 nullo
1581 3114 1752 3169 modo
1798 3112 2006 3169 absur-

367 3200 537 3257 dum.

439 3291 545 3357 Qui
563 3291 882 3361 ufﬁnxerat.
919 3291 1085 3362 Nota,
1119 3292 1347 3348 divinas
1381 3291 1798 3363 prephetarum
1831 3289 2008 3346 visio-

367 3393 494 3446 nes,
528 3380 827 3450 praafectos
845 3379 1086 3452 angelos
1107 3381 1252 3436 dicit
1272 3381 1622 3451 afﬁngentes
1645 3380 1701 3434 in
1723 3379 2008 3448 imagina-

366 3468 586 3523 tionem
609 3468 899 3525 adducere
927 3486 1129 3525 eorum
1161 3487 1288 3542 quae
1309 3471 1466 3525 cerni
1498 3469 1805 3524 videntur:
1829 3469 2008 3541 aenig-

370 3559 528 3611 mata
558 3556 714 3612 enim
744 3561 801 3614 et
829 3557 1021 3631 signa,
1056 3575 1172 3614 non
1203 3575 1338 3614 vero
1371 3558 1564 3614 nudas
1595 3574 1688 3613 res
1718 3561 1778 3614 et
1806 3573 2008 3613 essen-

368 3646 482 3700 tias
512 3645 810 3702 videbant.

435 3735 499 3790 In
524 3735 716 3794 Deum.
747 3735 944 3806 Vides,
993 3735 1235 3808 angelos
1282 3737 1384 3808 qui
1441 3735 1823 3792 revelationes
1882 3752 2011 3806 pro-

364 3831 574 3902 phetas
599 3833 830 3902 docent,
856 3834 935 3888 ita
954 3833 1160 3889 fecisse
1187 3853 1200 3902 ;
1227 3837 1650 3906 promovebant
1698 3833 1860 3906 ipsos
1892 3832 2008 3904 pri-

367 3935 464 3973 ma
493 3921 732 3990 quidem
757 3923 944 3977 forma
965 3924 1037 3977 ad
1063 3927 1244 3978 Deum
1271 3922 1524 3979 universi
1547 3923 1779 3994 proprie
1803 3926 2008 3978 aucto-

368 4021 488 4060 rem
515 4010 896 4074 ;secundario
929 4016 1121 4066 autem
1143 4011 1216 4066 ad
1237 4017 1485 4080 mentes,
1509 4027 1635 4081 quis
1659 4012 1857 4081 primae
1882 4014 2012 4082 post

371 4093 555 4148 Deum
581 4095 951 4164 positione,et
970 4097 1071 4153 Dei
1092 4097 1384 4173 exemplo,
1410 4099 1768 4168 imperantes
1790 4099 2010 4154 hierar-

372 4180 540 4252 cbiae,
573 4198 700 4252 quae
731 4186 888 4255 apud
919 4185 1125 4241 Deum.
1159 4187 1290 4241 Haec
1321 4192 1527 4258 postea
1555 4187 1745 4242 docet.

441 4272 508 4326 Et
537 4271 616 4327 ad
644 4273 852 4328 omnia.
877 4273 1042 4342 Nota,
1075 4274 1174 4330 Dei
1205 4275 1632 4346 providentiam
1667 4275 1758 4345 ,ad
1808 4291 2014 4331 omnes

370 4359 596 4417 occulte
625 4363 926 4434 pervenire
951 4381 964 4432 ;
999 4368 1058 4419 et
1088 4364 1356 4420 intimum
1389 4364 1664 4440 angelum
1685 4364 1887 4423 eodem
1913 4382 2016 4420 no-

372 4449 530 4505 mine
560 4467 694 4506 cum
725 4452 1026 4524 serapbim
1061 4452 1364 4525 appellari.

2095 560 2286 596 τακται
2316 539 2453 594 κατά
2483 536 2792 613 ὡρισμένην
2833 538 2955 591 τινὰ
2983 535 3274 613 ἀναλογίαν
3314 535 3621 611 δυνάμεως,
3653 544 3754 595 τοῦ

2096 633 2190 683 νοῦ
2216 629 2407 704 τυχὸν,
2433 627 2566 703 ὑπὲρ
2591 629 2652 696 ἣν
2681 631 2872 692 νοῆσαι
2904 625 2966 681 οὐ
2999 628 3133 701 χρή.

2172 810 2200 874 §
2230 809 2325 863 III.
2480 805 2764 881 Εὐρήσεις.
2800 809 2923 868 Πῶς
2953 804 3042 860 καὶ
3085 806 3198 860 θεοὶ
3252 805 3530 881 λέγονται,
3581 805 3636 862 οἵ
3694 829 3753 863 τε

2099 893 2319 972 ἄγγελοι
2349 899 2518 967 κοινῷ
2544 894 2792 968 ὀνόματι,
2813 893 2902 948 καὶ
2925 896 2978 948 οἱ
3008 893 3256 972 φιλόθεοι
3289 893 3591 970 ἄνθρωποι,
3619 899 3760 951 κατὰ

2098 984 2182 1039 τό·
2217 984 2360 1057 Ἐγὼ
2392 984 2532 1037 εἶπα·
2563 982 2686 1038 Θεοί
2717 983 2854 1041 ἐστε.

2174 1073 2370 1146 Έξῃρη
2383 1071 2570 1146 μένης.
2616 1077 2762 1142 Πῶς,
2789 1073 2879 1127 καὶ
2909 1078 3062 1146 ποῖα,
3091 1073 3182 1128 καὶ
3215 1073 3348 1129 κατὰ
3370 1074 3422 1128 τί
3450 1076 3562 1128 τῶν
3592 1072 3754 1128 θείων

2102 1161 2385 1234 ὀνομάτων
2415 1160 2662 1230 ἠξίωται.

2593 1252 2708 1306 ΕΙΣ
2739 1251 2834 1306 ΤΟ
2868 1249 3121 1308 ΚΕΦΑΛ.
3155 1252 3255 1306 Il".

2171 1344 2199 1410 ε
2253 1341 2297 1396 Ι.
2356 1340 2416 1396 Ὁ
2474 1343 2730 1413 σεραφίμ.
2790 1339 3107 1412 Σημείωσαι
3140 1340 3168 1393 ὁ
3227 1339 3466 1416 σεραφὶμ
3497 1340 3757 1414 ἀρσενικῇ

2100 1428 2299 1486 κλίσει.

2173 1517 2272 1572 Καὶ
2329 1518 2432 1593 γὰρ
2491 1518 2784 1592 ἀπορήσειέ
2839 1537 2944 1579 τις.
2996 1515 3220 1587 Ἐπειδὴ
3265 1516 3644 1594 ἐναντιοφανὶς
3678 1518 3759 1571 εἴ·

2101 1627 2186 1660 ναι
2219 1604 2370 1660 δοκεῖ
2395 1611 2513 1668 τοῖς
2559 1604 2855 1682 λεχθεῖσιν·
2901 1600 3001 1683 ἔφη
3033 1605 3135 1680 γάρ
3166 1606 3272 1678 πρὸ
3300 1605 3534 1676 τούτων,
3571 1606 3657 1659 δτι
3693 1605 3761 1658 τὰ

2103 1695 2382 1770 κατώτερα
2413 1694 2515 1749 ὑπὸ
2539 1699 2646 1749 τῶν
2684 1695 3082 1768 ὑπερκειμένων
3118 1693 3274 1762 αὐτὰ,
3318 1693 3381 1748 οὐ
3417 1695 3525 1766 μὴν
3561 1693 3623 1747 ἐκ
3649 1697 3762 1747 τῶν

2107 1782 2366 1838 ἀνωτάτω
2401 1788 2682 1856 μυοῦνται,
2714 1785 2830 1838 οἷον
2862 1787 2896 1853 ἡ
2927 1783 3083 1858 τρίτη
3113 1784 3262 1853 τάξις
3305 1783 3364 1837 ἐκ
3415 1789 3517 1850 τῆς
3563 1781 3764 1854 μέσης,

2109 1872 2200 1928 καὶ
2230 1875 2265 1942 ἡ
2296 1871 2432 1945 μέση
2466 1871 2526 1926 έκ
2552 1879 2651 1942 τῆς
2678 1869 2822 1927 ὅλων
2847 1871 3138 1948 ἀνωτέρας.
3172 1872 3448 1942 Ἐζητήθη
3502 1869 3561 1924 δὲ
3590 1874 3764 1924 ταῦτα

2110 1961 2198 2016 καὶ
2229 1959 2488 2038 διαφορᾶς
2499 1963 2544 1998 ⁸³
2573 1959 2831 2030 έπελύθη.

2183 2051 2213 2124 §
2271 2051 2342 2107 ΙΙ.
2401 2051 2489 2122 Ja']
2548 2047 2870 2124 Εἰρημένων
2930 2050 3252 2123 ἁμαρτιῶν.
3303 2050 3424 2105 Ὀτι
3483 2047 3588 2102 οὐκ
3645 2042 3761 2100 ἔστι

2117 2145 2393 2211 μυηθῆναι
2418 2139 2485 2192 τά
2515 2142 2650 2206 θεῖα,
2702 2136 2751 2191 εἴ
2801 2138 2876 2210 μή
2926 2137 3149 2212 γένηται
3179 2136 3444 2212 πρότερον
3472 2134 3760 2211 ἁμαρτίων

2114 2226 2318 2305 ἄφεσιςο
2350 2227 2412 2284 Ὁ
2451 2228 2552 2303 γὰρ
2581 2225 2847 2304 σεραφεὶμ
2892 2224 3236 2301 ἐμπρηστής,
3279 2223 3404 2295 ἤτοι
3453 2222 3770 2300 θερμαίνων

2114 2314 2169 2390 ἐρ
2179 2313 2488 2388 μηνεύεται.

2186 2409 2213 2475 §
2244 2407 2342 2460 III.
2489 2405 2711 2477 Ἕτερος
2767 2400 2824 2457 δὲ
2863 2401 2924 2457 σὺ
2955 2400 3182 2480 σφόδρα.
3217 2401 3622 2475 Σημείωσαιτο,
3676 2400 3764 2456 ὅτι

2113 2495 2176 2548 τὸ
2207 2493 2269 2548 σὺ
2299 2491 2526 2571 σφόδρα,
2559 2492 2620 2547 οὐ
2651 2491 2866 2553 πάντως
2895 2491 3031 2568 πρδς
3066 2493 3339 2568 σύγκρισιν
3380 2495 3484 2546 τοῦ
3535 2489 3766 2564 μετρίου

2117 2581 2346 2658 εἷ’ρηται·
2380 2583 2492 2636 οἷον
2523 2581 2634 2657 οὐχ
2663 2580 2835 2642 οὕτως
2865 2579 3076 2655 εἴρηται
3106 2581 3167 2635 τὸ
3199 2580 3260 2634 οὐ
3297 2576 3506 2654 σφόδρα
3536 2580 3773 2654 ἄτοπον,

2117 2672 2255 2726 ὥστε
2283 2672 2502 2743 νομίσαι
2528 2673 2697 2742 ἡμᾶς,
2725 2669 2808 2725 ὅτι
2839 2668 3038 2726 ἄτοπον
3093 2670 3186 2742 μὶν
3218 2667 3330 2724 ἔστι
3379 2667 3612 2736 πάντως,
3666 2688 3768 2740 με-

2116 2759 2279 2835 τρίως
2309 2757 2366 2812 δὲ
2409 2761 2631 2813 ἅτοποψ
2683 2757 2829 2813 ἀλλᾶ
2871 2758 2960 2812 καὶ
3008 2757 3124 2812 amt
3167 2762 3265 2812 τοῦ
3315 2759 3530 2812 θετικοῦ
3556 2760 3768 2824 κεῖται,

2114 2849 2412 2914 τουτέστιν,
2439 2847 2501 2901 οὐ
2531 2845 2680 2902 δοκεῖ
2712 2867 2805 2920 μοι
2837 2844 3034 2902 ἄτοπον
3065 2847 3193 2900 εἶναι
3227 2841 3473 2906 εὐλαϐῶς
3523 2844 3774 2918 ἀποφαι-

2116 2937 2341 3009 νόμενος
2373 2932 2479 2990 ἔθει
2528 2934 2838 3014 φιλοσόφῳ,
2884 2935 3029 2991 ἀλλᾶ
3075 2934 3164 2990 καὶ
3208 2934 3324 2989 ἀντὶ
3371 2938 3467 2989 τοῦ
3498 2930 3772 3006 οὐδαμῶς

2117 3032 2312 3095 κεῖται,
2344 3026 2472 3080 ὡσεὶ
2503 3022 2702 3102 ἔλεγεν,
2735 3022 2996 3098 οὐδαμῶς
3031 3023 3256 3080 ἄτοπον.

2189 3295 2276 3371 [γ’]
2337 3292 2665 3354 Διαπλάσας.
2726 3291 3042 3366 Σημείωσαι
3080 3335 3094 3360 ,
3172 3292 3254 3346 ὅτι
3311 3291 3408 3353 τὰς
3471 3287 3612 3352 θείας
3656 3292 3776 3343 τῶν

2117 3387 2412 3460 προφητῶν
2458 3381 2688 3450 ὁράσεις,
2737 3380 2863 3443 τοὺς
2894 3380 3195 3458 ἐφεστῶτας
3229 3379 3460 3451 [αὐτοῖς]
3490 3375 3770 3451 ἀγγέλους

2118 3473 2248 3549 φησὶ
2317 3469 2709 3534 διπλάττοντας
2778 3470 2853 3531 εἷς
2919 3467 3210 3547 φαντασίαν
3283 3469 3427 3542 ἄγειν
3497 3467 3602 3520 τῶν
3665 3462 3775 3519 80-

2117 3561 2351 3616 κούντων
2385 3560 2628 3634 ὁρᾶσθαν
2672 3559 2967 3633 αἰνίγματα
2995 3559 3097 3633 γὰρ
3128 3556 3218 3612 καὶ
3249 3550 3524 3629 σύμϐολα,
3552 3554 3616 3608 οὐ
3654 3554 3770 3626 μὴν

2117 3651 2300 3726 γυμνὰ
2327 3648 2618 3724 πράγματα
2646 3647 2736 3703 καὶ
2763 3646 2946 3708 οὐσίας
2976 3646 3184 3722 ἐώρων.

2189 3740 2311 3795 Ἐπὶ
2362 3737 2514 3794 Θεόν.
2558 3738 2717 3813 Ὁρᾷς
2759 3735 2843 3791 ὅτι
2873 3737 2926 3790 οἱ
2966 3739 3225 3808 μυοῦντες
3255 3733 3478 3809 ἄγγελοι
3507 3734 3603 3793 τὰς
3629 3731 3774 3786 ἀπο-

2117 3827 2380 3904 καλύψεις
2429 3827 2556 3889 τοὺς
2602 3827 2886 3904 προφήτας
2938 3825 3112 3886 οὕτως
3168 3822 3407 3878 ἐποίουν·
3470 3820 3771 3896 ἀνάγοντες

2116 3918 2308 3980 αὐτοὺς
2355 3915 2727 3990 πρωτοτύπως
2775 3913 2864 3969 ἐπὶ
2909 3913 3035 3969 Θεὸν
3079 3914 3172 3968 τὸν
3203 3911 3416 3967 πάντων
3448 3909 3653 3983 κυρίως
3685 3910 3777 3962 αἱ·

2115 4027 2251 4064 τιον·
2305 4004 2570 4080 δευτέρως
2621 4001 2678 4058 δὶ
2724 4002 2811 4058 ἐπὶ
2841 4001 2971 4064 τοὺς
3005 4001 3139 4076 μετᾶ
3166 4001 3294 4056 Θεὸν
3326 4001 3576 4075 πρώτους
3636 3997 3770 4058 νόας

2119 4097 2258 4151 θέσει
2301 4095 2388 4149 καὶ
2431 4090 2685 4156 θεοειδῶς
2715 4090 2985 4166 ἄρχοντας
3014 4094 3114 4155 τῆς
3145 4089 3233 4144 ἰπὶ
3281 4088 3410 4144 Θεὸν
3458 4083 3772 4163 ἱεραρχίας.

2119 4187 2299 4242 Ταῦτα
2328 4182 2515 4257 ἐφεξῆς
2547 4178 2806 4236 διδάσκει.

2195 4271 2296 4330 Καὶ
2329 4268 2417 4325 διὰ
2445 4271 2675 4326 πάντων.
2710 4269 3052 4341 Σημείωσαι,
3083 4265 3167 4322 ὅτι
3207 4264 3295 4321 ἐπὶ
3343 4263 3546 4326 πάντας
3589 4266 3624 4332 ἡ
3671 4267 3775 4318 τοῦ

2123 4365 2256 4417 Θεοῦ
2286 4359 2514 4436 πρόνοια
2561 4357 2736 4430 διήκει
2782 4358 3048 4435 κρυφίως,
3081 4355 3170 4410 καὶ
3224 4355 3307 4410 ὅτι
3337 4354 3641 4427 κατώτερος
3674 4351 3774 4426 ἄγ-

2122 4449 2282 4528 γελος
2312 4448 2619 4523 ὁμωνύμως
2649 4446 2887 4524 σεραφὶμ
2916 4445 3260 4518 ὀνομάζεται.

443 4543 554 4594 Pro
583 4544 767 4612 captu.
810 4541 920 4597 Seu
955 4524 1284 4597 secundum
1311 4559 1651 4599 mensuram
1671 4542 1906 4598 virtutis
1927 4560 2004 4600 eo-

2137 4524 2146 4528 ν
2195 4537 2529 4615 Ἀναλόγως,
2560 4540 2758 4613 ἽΙγουν
2789 4533 2924 4590 κατὰ
2952 4535 3015 4588 τὸ
3070 4531 3263 4624 μέτρον
3314 4537 3416 4599 τῆς
3451 4533 3561 4584 τῶν
3609 4524 3777 4601 δεχο-

371 4644 528 4698 rum,
561 4629 666 4701 qui
701 4630 902 4687 lumen
951 4631 1268 4704 recipiunt,
1312 4632 1740 4690 illustrationes
1783 4649 2013 4705 quoque

369 4719 681 4788 protendit.

443 4807 764 4865 Secundum
791 4813 1074 4882 cujusque.
1117 4811 1418 4877 Quomodo
1466 4811 1676 4868 divinaa
1717 4811 2013 4868 illumina-

371 4893 563 4953 tiones
593 4896 951 4968 quibusdam
981 4899 1278 4969 clariores,
1312 4899 1610 4972 aliquibus
1640 4917 1774 4958 vero
1803 4901 2014 4957 obscu-

373 4981 556 5040 riores
587 4986 1043 5058 distribuantur,
1077 4989 1341 5057 exemplo
1371 4988 1650 5045 declarat.

443 5069 677 5130 Solaris.
697 5077 1042 5151 Exemplum
1071 5078 1177 5135 hoc
1201 5079 1377 5134 etiam
1392 5078 1665 5151 superius
1679 5078 2014 5152 appositum

374 5157 518 5226 fuit;
553 5163 806 5232 primam
838 5173 1035 5225 autem
1059 5167 1367 5225 materiam
1397 5173 1584 5237 vocat,
1616 5168 1834 5224 vitrum
1858 5174 1916 5226 et
1937 5168 2016 5225 si-

375 5245 579 5315 miles;
613 5255 1112 5321 quemadmodum
1142 5261 1200 5314 et
1227 5257 1595 5328 crassiorem,
1619 5257 1774 5314 sicut
1787 5258 2014 5326 domos,

447 5389 532 5462 (ρ)
560 5390 713 5448 Psal.
748 5410 935 5464 Lxxn,
965 5400 1020 5455 6.

2127 4630 2299 4704 μένων
2334 4625 2611 4702 δυνάμεως
2641 4625 2730 4681 καὶ
2759 4625 2854 4687 τὰς
2887 4621 3188 4696 έλλάμψεις
3220 4619 3466 4675 ἐκτείνει.

2196 4809 2343 4866 Κατᾶ
2391 4807 2489 4875 τήν
2540 4806 2792 4875 ἑκάστης.
2841 4807 2964 4865 Πῶς
3010 4801 3064 4855 αἱ
3117 4801 3256 4854 θεῖαι
3302 4797 3646 4869 ἐλλάμψεις,
3697 4791 3779 4854 εἷς

2123 4897 2294 4959 ἐνίους
2322 4897 2415 4968 μὶν
2449 4895 2759 4973 φανότεραι,
2808 4891 2883 4946 είς
2933 4889 3108 4951 ένίους
3156 4885 3217 4942 δὲ
3255 4883 3625 4960 ἀμυδρότεραι
3657 4879 3777 4936 δια-

2124 4984 2386 5053 δίδονται,
2420 4983 2479 5039 ἐκ
2506 4979 2944 5058 παραδείγματος
2974 4976 3272 5055 σαφηνίζει.

2194 5073 2478 5142 Ἠλιακῆς.
2526 5073 2604 5128 Τὸ
2652 5067 2954 5144 ὑπόδειγμα
3001 5070 3163 5122 τοῦτο
3203 5063 3295 5119 καὶ
3346 5061 3602 5135 ἂνωτέρω
3633 5077 3779 5134 παρ-

2126 5165 2300 5234 ετέθη·
2333 5161 2557 5237 πρώτην
2593 5157 2652 5214 δὶ
2680 5158 2816 5229 ὕλην
2850 5157 2980 5235 φησῖ
3012 5156 3108 5223 τήν
3144 5152 3300 5208 ὕελον
3325 5150 3413 5206 καὶ
3434 5151 3528 5212 τὰς
3553 5147 3777 5237 ὁμοίαςῖ

2127 5254 2308 5330 ὥσπερ
2333 5234 2424 5308 καὶ
2453 5247 2785 5328 παχυτέραν,
2839 5234 2951 5302 οἷον
2985 5241 3191 5316 οἴκους,
3241 5241 3333 5297 καὶ
3363 5240 3632 5311 σπήλαια,
3685 5234 3782 5291 καὶ

1387 5527 1624 5589 νΔΒΙιΕ
1651 5527 2046 5589 LECTIONES
2075 5525 2163 5584 ET
2190 5521 2750 5583 CORREGTIONES.

451 5636 496 5671 ⁸9
526 5631 820 5714 διαφόρως.
896 5640 941 5677 ⁷ο
969 5639 1327 5712 σημειωτέον.
