4042 6210
256 311 334 366 97
972 307 1029 359 8.
1071 302 1340 358 MAXIM!
1377 297 1683 355 SCHOLIA
1719 298 1794 350 IN
1834 296 1964 348 LIB.
2006 296 2102 348 DE
2139 296 2464 352 CCELRBTI
2502 299 2974 352 HIERARCHIA.
3607 292 3678 347 98

258 437 332 490 τὰ
378 430 766 507 παραπλήσια.
807 425 1050 488 ’Ἄλλωςο
1102 427 1328 502 πρώτην
1379 419 1518 492 ὕλην
1566 420 1663 488 τήν
1717 416 1924 486 λεπτὴν
1955 431 1974 487 Α

2127 437 2337 492 specus
2359 425 2416 478 et
2441 421 2679 478 similia.
2706 421 2892 476 Aliter
2913 419 3162 492 primum
3188 418 3494 474 materiam
3534 417 3677 474 dicit

259 524 364 580 καὶ
392 519 606 597 ἀερώόη
641 517 733 573 καὶ
763 516 1024 592 καθαράν.

347 595 519 667 Πάλιν
578 611 614 677 ἡ
677 605 850 682 πυρὸς
909 603 1200 678 θερμότης·
1263 598 1462 661 Καλῶς
1521 595 1795 664 ἀπεικάζει
1849 597 1931 666 τῷ

2038 523 2188 579 eam,
2222 526 2351 582 quae
2382 510 2598 578 tenuis,
2631 526 2817 574 aerea,
2850 513 2908 564 et
2936 524 3083 580 pura
3110 512 3220 562 est.

2109 600 2313 654 Iterum
2342 601 2494 655 calor
2516 601 2686 670 ignis.
2723 598 2895 653 Recte
2951 595 3254 667 componit
3298 595 3492 669 ignem
3548 613 3682 652 cum

274 700 400 772 Θεῷ
456 699 517 754 τὸ
574 701 701 769 πῦρ’
763 694 909 768 λὲγει
965 693 1068 768 γὰρ
1127 693 1162 760 ἡ
1212 691 1419 766 Γραφή⁶
1450 689 1509 744 Ὀ
1557 684 1614 740 δὲ
1644 686 1772 747 Θεὸς
1823 688 1930 772 πῦρ

2098 688 2361 755 eo;dicit
2405 688 2562 744 enim
2611 687 2934 758 Scriptura,
2983 687 3123 741 Deus
3170 685 3318 755 ignis
3366 701 3686 741 consumens

274 771 678 846 καταναλίσκον
730 783 864 839 ἐστὶ·
924 781 1013 836 καὶ
1067 778 1150 834 ὅτι
1209 778 1274 832 τὸ
1336 779 1429 850 μὶν
1489 775 1650 830 αὐτοῦ
1709 771 1932 848 θερμαί-

275 900 390 950 νει,
419 877 482 932 τὸ
513 873 569 930 δὶ
597 871 893 930 κατακλείει·
929 867 1070 924 οὕτω
1115 866 1206 922 καὶ
1261 866 1290 919 ὁ
1338 865 1466 926 Θεὸς
1508 862 1635 924 τοὺς
1681 859 1936 936 προσιόν-

279 949 384 1029 τας
436 963 585 1037 αύτῷ
630 960 877 1040 φωτίζει,
931 957 1058 1020 τοὺς
1109 954 1167 1012 δι
1223 954 1580 1014 ἀπιστοῦντας
1637 949 1936 1016 κατακαίει,

2041 783 2120 830 est
2151 776 2226 846 (q)
2257 793 2270 830 :
2305 781 2362 832 et
2391 776 2673 848 quoniam
2702 775 2858 847 ignis
2887 774 3102 847 partim
3158 772 3444 844 calefacit,
3468 773 3686 844 partim

2046 864 2336 920 comburit
2365 890 2380 933 ;
2411 865 2495 921 sio
2521 864 2698 921 etiam
2731 869 2883 919 Deus
2915 863 3258 918 accedentes
3281 861 3351 916 ad
3378 861 3573 934 ipsum
3617 860 3687 914 il-

2044 950 2658 1018 luminat,incredulos
2689 956 2883 1008 autem
2907 951 3007 1023 qui
3042 967 3143 1022 per
3172 951 3348 1006 ﬁdem
3375 966 3566 1022 neque
3587 951 3681 1006 ιιι

280 1056 415 1118 τοὺς
477 1053 554 1127 μή
611 1039 665 1106 ἐν
715 1050 895 1104 πίστει
949 1046 1275 1120 προσιόντας
1329 1043 1416 1097 καὶ
1489 1040 1938 1117 προσεγγίζοντας

2098 1041 2334 1098 :cedunt
2355 1058 2542 1113 neque
2573 1040 3050 1113 appropinquant
3071 1039 3204 1111 ipsi,
3224 1039 3533 1094 comburit.

285 1167 391 1202 αυτ
447 1187 461 1200 .

363 1167 507 1304 Πῗὸς
582 1226 640 1284 δὶ
708 1225 806 1289 τὰς
884 1225 1210 1284 ἀντιτυπεῖς.
1283 1221 1413 1278 Οῖον
1499 1215 1781 1292 ἀδάμαντα
1853 1213 1944 1268 καὶ

289 1320 464 1397 ὕδωρ.

368 1393 632 1477 Φῦσικῆς.
696 1403 908 1461 Φυσικᾶ
960 1401 1109 1476 λιγει
1162 1398 1230 1454 τὰ
1298 1397 1528 1468 αἴσθητὰ
1580 1397 1669 1451 καὶ
1731 1393 1896 1471 ὁρατά
1928 1436 1943 1452 .

2131 1241 2327 1298 Verum
2359 1241 2416 1294 in
2451 1238 2874 1296 reluctantibus.
2907 1237 3070 1292 Sicut
3091 1237 3402 1292 adamante
3431 1243 3488 1293 et
3520 1254 3696 1309 aqua.

2127 1419 2427 1475 Naturalis.
2459 1417 2763 1473 Naturalia
2793 1419 2958 1472 vocat
2981 1414 3284 1471 sensibilis
3314 1419 3370 1471 et
3421 1416 3697 1474 visibilia.

288 1501 494 1556 Ἰστὲον
546 1494 626 1568 δὲ,
680 1494 762 1549 ὅτι
819 1493 872 1549 ἐν
922 1496 1042 1552 τοῖς
1091 1493 1334 1560 νοητοῖς,
1381 1488 1436 1541 αἱ
1485 1486 1666 1561 ἀρεταὶ
1717 1484 1816 1539 οὐκ
1845 1483 1946 1537 εἶσι

2101 1508 2374 1564 ciendum
2403 1524 2574 1579 porro
2605 1507 2850 1562 virtutes
2882 1522 2996 1560 non
3029 1521 3158 1560 esse
3188 1520 3292 1575 per
3337 1505 3610 1561 accidens
3639 1507 3699 1561 in

289 1590 433 1644 κατὰ
491 1579 864 1658 συμϐεοηκὸς,
923 1579 999 1642 ὠς
1056 1579 1183 1654 παρ’
1239 1579 1396 1650 ἡμῖν,
1427 1573 1558 1631 ἀλλ’
1602 1577 1630 1628 ὸ
1680 1574 1808 1635 Θεὸς
1853 1572 1947 1644 μὲν

295 1674 412 1732 ἔστι
475 1679 620 1744 ζῶσα
695 1672 861 1746 ἀρετή
933 1668 1022 1723 καὶ
1089 1665 1389 1735 αὐτοτελὴς
1443 1663 1533 1720 καὶ
1592 1661 1899 1738 ἀπροσδεὴς
1937 1705 1952 1730 ,

2059 1597 2133 1652 iis
2164 1612 2292 1667 quae
2350 1599 2544 1650 mente
2601 1594 3007 1666 percipiuntur
3061 1593 3214 1649 sicut
3243 1593 3302 1647 in
3356 1593 3552 1661 nobis;
3602 1597 3701 1650 sed

2062 1681 2216 1737 Deus
2247 1682 2484 1754 quidem
2521 1686 2610 1736 est
2641 1680 2824 1735 virtus
2853 1681 2984 1735 viva
3015 1685 3072 1736 et
3092 1696 3196 1752 per
3245 1697 3306 1736 se
3337 1681 3589 1752 perfecta
3647 1686 3706 1737 et

300 1766 389 1822 ὅτι
450 1761 783 1836 ὑπερουσίως
826 1757 1104 1825 οὐσίωται,
1157 1755 1248 1810 καὶ
1309 1751 1674 1828 μεταδοτικῶς
1731 1751 1954 1828 ἐκφοιτᾷ

2098 1751 2286 1825 ullius
2317 1770 2546 1840 indiga;
2581 1768 2720 1840 quia
2763 1751 3347 1842 superessentialiter
3387 1771 3706 1826 essentiam

306 1856 389 1918 εἰς
443 1853 508 1907 τὰ
579 1851 669 1906 ἀπ’
743 1849 914 1914 αὐτῆς
989 1847 1062 1908 ὡς
1138 1844 1312 1906 αἴτίας
1383 1840 1570 1913 οὔσης,
1654 1840 1959 1916 ὑπάρξαντα

309 1943 506 2013 νοητὰ’
581 1940 737 2014 πηγὴ
823 1938 920 2011 μὲν
1000 1936 1092 1990 οῦν
1167 1940 1266 2003 τῆς
1341 1932 1538 2008 ἀρετῆς
1612 1931 1789 2000 ζώσης
1869 1927 1959 1982 καὶ

311 2031 545 2100 θεούσης
595 2028 732 2083 κατὰ
769 2028 832 2082 τὸ
882 2025 1094 2103 ἐφικτὸν
1128 2027 1172 2061 τί
1202 2020 1330 2084 τοὺς
1385 2021 1714 2096 μετέχοντας
1747 2019 1775 2072 ὁ
1806 2016 1958 2078 Θεός⁶

307 2118 444 2175 ἀλλ’
516 2119 670 2190 ὅμως
728 2115 804 2178 εἷς
872 2109 1106 2188 πρόοδον
1183 2113 1560 2186 προνοητικῶς
1637 2106 1862 2184 ἐκφοιτᾷ
1916 2107 1962 2141 ⁷³

309 2208 394 2271 εἷς
449 2208 517 2261 τὰ
571 2205 900 2260 ούσιωθέντα
941 2202 1031 2257 ὑπ’
1087 2199 1251 2255 αύτοῦ
1318 2199 1508 2269 νοητάο
1580 2196 1670 2251 καὶ
1727 2195 1961 2268 ἀκρότης

311 2297 407 2352 καὶ
460 2293 745 2364 τελειότης
792 2291 928 2346 κατὰ
975 2294 1135 2344 τοῦτο
1189 2289 1321 2343 εἶναι
1363 2291 1470 2341 τῶν
1519 2289 1656 2340 νοῶν
1689 2286 1791 2339 οὐκ
1829 2283 1964 2338 ἁπο-

317 2381 542 2442 6άλλει.
603 2382 676 2437 Οὐ
730 2380 868 2436 κατὰ
898 2372 1245 2451 συμϐεϐηκὸς
1276 2376 1369 2430 οὗν
1413 2376 1466 2430 οὶ
1495 2374 1638 2442 νόες,
1678 2373 1751 2435 ὠς
1779 2375 1966 2446 ἡμεῖς,

321 2470 514 2550 ἔχουσι
556 2473 660 2539 τήν
704 2470 924 2545 ἀρετὴν,
961 2469 1061 2537 τὴν
1109 2461 1374 2543 φρόνησιν
1427 2464 1479 2535 ἐξ
1525 2463 1804 2534 ἀσκήσεως
1853 2461 1968 2515 οἷον

321 2563 360 2631 ἢ
397 2562 711 2634 μαθήσεως,
741 2558 779 2627 ἢ
821 2558 921 2625 τὴν
973 2553 1340 2624 δικαιοσύνην,
1390 2553 1425 2622 ἢ
1473 2554 1573 2621 τὴν
1618 2550 1968 2627 σωφροσύνην

329 2649 398 2706 δι’
445 2648 784 2724 ἐγκρατείας,
835 2647 870 2716 ἢ
917 2645 1016 2713 τὴν
1065 2641 1281 2718 ἀνδρίαν
1333 2640 1385 2712 ἐξ
1433 2640 1671 2702 εὐθεσίας
1722 2640 1976 2712 σώματος

326 2739 419 2794 καὶ
465 2738 696 2812 νεύρων·
749 2734 812 2790 ού
860 2733 962 2808 γὰρ
1011 2733 1086 2795 ὡς
1132 2729 1277 2787 ἄλλο
1326 2731 1378 2784 ἓν
1427 2727 1610 2802 ἄλλῳ,
1658 2727 1708 2783 ὲν
1757 2727 1973 2788 τούτοις

329 2831 364 2897 ἡ
409 2828 602 2902 ἀρετήο
655 2823 802 2880 ἀλλὰ
839 2824 903 2877 τὸ
957 2822 1023 2876 τὰ
1071 2820 1246 2876 οἰκεῖα
1294 2817 1523 2894 ἐνεργεῖν
1571 2817 1661 2873 καὶ
1693 2815 1977 2878 ἀπαύστως

331 2915 688 2970 ἀνατετάσθαι
746 2913 881 2985 πρὸς
935 2910 1064 2964 Θεὸν
1121 2907 1210 2964 καί
1267 2907 1344 2969 εἰς
1402 2905 1647 2974 ἑαυτοὺς,
1706 2909 1864 2958 τοῦτο
1923 2903 1978 2958 ἐν

336 3003 521 3066 αὐτοῖς
578 2999 948 3073 θεομίμητον,
1003 2997 1189 3073 ἀρετή’
1247 2998 1395 3068 τάξις
1452 2993 1510 3049 δὲ
1563 2993 1718 3067 ὅμως
1759 2994 1858 3062 τὴν
1903 2992 1979 3054 ὠς

335 3090 509 3146 ἄλλου
559 3090 614 3144 ἐν
670 3087 829 3161 ἄλλῳ
887 3083 1256 3163 διαφυλάττει,
1302 3083 1376 3146 ὠς
1427 3082 1510 3137 τό’
1567 3087 1632 3156 ζῇ
1682 3081 1736 3137 ἐν
1789 3081 1978 3154 ἐμοὶὴ

2071 1858 2298 1927 habuit,
2332 1863 2388 1913 et
2417 1856 2790 1912 distributive
2822 1856 3012 1912 exitin
3044 1873 3113 1913 ea
3142 1856 3541 1930 intelligibilia
3580 1876 3708 1931 quae

2070 1964 2172 2020 per
2193 1949 2384 2018 ipsam
2415 1951 2616 2018 utpote
2639 1962 2879 2002 causam
2913 1946 3193 2001 existunt.
3230 1951 3381 2002 Deus
3414 1948 3708 2019 siquidem

2072 2039 2163 2091 est
2194 2035 2324 2090 fons
2355 2035 2491 2088 vivae
2517 2034 2753 2089 virtutis
2785 2039 2842 2089 et
2871 2039 3164 2105 quantum
3197 2035 3331 2090 licet
3385 2036 3526 2091 deos
3584 2035 3710 2090 effi-

2073 2125 2279 2180 cientis
2311 2123 2665 2196 participes:
2710 2127 2906 2178 tamen
2940 2124 3009 2178 ad
3062 2124 3385 2195 prodeundi
3424 2125 3714 2181 actionem

2075 2214 2192 2269 exit
2220 2212 2589 2284 providenter
2618 2211 2675 2266 in
2709 2211 3106 2283 intelligibilia
3134 2229 3261 2284 quea
3285 2215 3357 2268 ab
3380 2213 3505 2284 ipso
3524 2231 3719 2270 essen-

2075 2303 2219 2358 tiam
2252 2304 2640 2372 acceperunt;
2673 2315 2863 2372 neque
2893 2299 3110 2355 idcirco
3144 2301 3360 2356 desinit
3388 2317 3518 2357 esse
3550 2302 3716 2358 fasti-

2075 2390 2234 2462 gium
2261 2396 2320 2446 et
2349 2390 2618 2461 perfectio
2641 2389 2948 2445 mentium.
2981 2388 3104 2444 Non
3153 2389 3332 2458 igitur
3363 2395 3588 2447 mentes
3619 2407 3721 2463 per

2080 2479 2374 2549 accidens,
2406 2478 2580 2533 sicuti
2615 2493 2741 2546 nos,
2776 2477 2993 2532 habent
3020 2477 3315 2546 virtutem,
3348 2477 3528 2533 veluti
3587 2496 3723 2551 pru-

2081 2568 2338 2624 dentiam
2371 2583 2473 2640 per
2497 2565 2839 2623 exercitium
2871 2571 2930 2621 et
2959 2565 3358 2638 disciplinam,
3406 2567 3494 2623 vel
3543 2568 3722 2639 justi-

2079 2658 2247 2726 tiam,
2279 2661 2378 2712 aut
2406 2655 2854 2728 temperantiam
2886 2671 2990 2726 per
3007 2655 3450 2726 continentiam,
3475 2656 3563 2711 vel
3607 2658 3724 2712 for-

2083 2746 2395 2802 titudinem
2427 2761 2530 2817 per
2558 2745 2774 2800 bonam
2797 2745 3059 2816 corporis
3080 2748 3137 2799 et
3161 2761 3463 2800 nervorum
3486 2762 3728 2818 compo-

2085 2835 2503 2900 sitionem;non
2535 2833 2692 2887 enim
2717 2835 2781 2886 ut
2811 2831 2968 2886 aliud
3002 2831 3062 2886 in
3091 2831 3224 2902 alio,
3269 2834 3327 2888 in
3363 2833 3457 2888 his
3497 2833 3684 2888 virtus
3711 2852 3726 2903 ;

2089 2923 2190 2979 sed
2239 2922 2475 2994 propria
2503 2921 2729 2992 operari
2775 2925 2832 2975 et
2882 2919 3246 2976 incessanter
3294 2921 3354 2976 in
3429 2922 3613 2977 Deum
3671 2927 3732 2977 et

2090 3011 2315 3083 seipsos
2345 3010 2669 3080 intendere,
2706 3010 2823 3065 haec
2852 3009 2910 3064 in
2933 3009 3080 3080 ipsis
3111 3009 3211 3065 Dei
3238 3009 3512 3082 imitatio,
3545 3011 3732 3066 virtus

2094 3100 2387 3156 censenda
2416 3103 2825 3168 est;attamen
2848 3099 3135 3167 ordinem,
3187 3103 3251 3153 ut
3297 3099 3448 3154 alius
3506 3100 3565 3154 in
3621 3100 3734 3156 alio

338 3182 488 3255 ψυχή
539 3199 659 3246 σου,
691 3151 812 3231 ἀντί
854 3151 1000 3242 τοῦ,⁵
1029 3176 1065 3244 ἡ
1116 3180 1217 3242 τῆς
1242 3151 1618 3259 ⁷διδασκαλίας
1674 3151 1974 3259 μετάδοσις·

2098 3188 2374 3256 custodit,
2422 3151 2503 3242 Et
2533 3151 3158 3242 anaa‘;"i..;s1;.';;.;
3195 3151 3565 3254 Ini-Eia;
3611 3151 3736 3259 p13,

339 3253 509 3323 «ts—8:;
567 3259 916 3339 συμϐεϐηκὸς
983 3262 1036 3317 ἐν
1095 3261 1438 3335 ὑποκειμένῳ
1503 3257 1635 3334 ὅπερ
1695 3258 1794 3313 οὐκ
1849 3253 1988 3313 ἔστιν

344 3359 475 3413 ius?
538 3354 802 3410 ἀσύνθετα
850 3354 954 3428 γὰρ
1009 3352 1100 3406 καὶ
1155 3348 1298 3405 ἅϋλα
1357 3348 1552 3420 ἐκεῖνα,
1601 3349 1693 3402 καὶ
1747 3349 1815 3403 τὰ
1872 3345 1989 3418 εἷ’δη

348 3447 530 3501 αὐτῶν
578 3443 733 3513 ζωαὶ,
767 3442 880 3516 οὐχ
921 3441 996 3502 ὡς
1047 3439 1098 3494 ἰν
1147 3438 1275 3514 ὕλῃ.
1326 3438 1432 3494 Καὶ
1478 3441 1647 3492 ταῦτα
1699 3437 1792 3509 μὶν
1835 3437 1863 3492 ὁ
1892 3457 1994 3490 πα-

357 3532 636 3608 ραγράψας
682 3529 921 3600 ἐνόησεν.
955 3535 1092 3603 Ἔχε
1139 3525 1196 3582 δε
1242 3527 1379 3582 κατᾶ
1426 3531 1550 3580 νοῦν
1595 3527 1690 3587 τὰς
1723 3524 1856 3598 ὶμὰς
1899 3546 1998 3595 ση-

366 3621 641 3694 μειώσεις,
679 3619 776 3681 τὰς
819 3619 928 3692 πρὸ
975 3621 1138 3692 τριῶν
1192 3613 1440 3692 φύλλωνο
1488 3614 1578 3668 καὶ
1630 3612 1852 3668 ἐνταῦθα
1899 3613 2000 3687 γὰρ

353 3713 420 3766 τὸ
489 3710 766 3786 ἐφιέμεναι
831 3711 900 3780 τῇ
979 3705 1086 3778 ἐμῇ
1169 3707 1358 3775 νοήσει
1443 3707 1700 3777 συνεργεῖ⁶
1780 3703 1871 3756 καὶ
1950 3703 2004 3756 οἱ

354 3798 586 3870 πατέρες
638 3793 697 3850 δὶ
747 3794 922 3855 οὕτως
961 3792 1204 3863 ἐνόησαν,
1263 3792 1352 3845 καὶ
1415 3789 1573 3852 αὐτός
1635 3787 1692 3844 δὲ
1749 3786 1899 3844 δοκεῖ
1942 3789 2004 3842 τὸ

357 3885 816 3961 αύτοπροαίρετον
896 3887 1023 3953 [τῶν
1115 3879 1396 3957 ἀγγέλων,
1459 3878 1532 3940 ὡς
1618 3878 1735 3952 μετ’
1819 3877 2004 3952 ὀλίγον

359 3976 490 4052 εύρή
499 3976 653 4048 σεις].

431 4151 756 4228 Ταξιαρχία.
789 4149 1079 4208 Τουτεστιν
1113 4147 1142 4202 ὸ
1173 4144 1322 4209 Θεός.

435 4244 618 4297 Ἔστιν
672 4241 764 4294 οῦν
812 4236 998 4294 ἅπασι.
1056 4233 1372 4308 Σημείωσαι
1421 4231 1502 4288 ὅτι
1553 4233 1735 4310 φωτὸς
1797 4231 1952 4287 οὐσία
1982 4233 2010 4286 ὁ

368 4330 520 4398 Θεὸς,
545 4331 633 4384 καὶ
666 4329 730 4383 τὸ
763 4326 916 4405 φύσει
941 4325 1130 4400 ἀρετὴ,
1161 4324 1248 4378 καὶ
1282 4321 1419 4376 θέσει
1451 4322 1638 4396 ἀρετή.

2099 3269 2373 3324 doctrinae
2405 3266 2859 3323 communicatio
2885 3284 2898 3322 :
2924 3268 3195 3322 accidens
3225 3272 3420 3322 autem
3449 3268 3507 3322 in
3537 3269 3738 3338 subje-

2103 3363 2217 3427 cto,
2251 3357 2403 3428 quod
2435 3357 2622 3424 abest,
2655 3356 2893 3422 existit;
2928 3354 3220 3427 simplicia
3249 3356 3402 3412 enim
3453 3355 3555 3411 illa
3601 3360 3740 3411 sunt

2105 3452 2161 3502 et
2191 3446 2447 3501 materiae
2477 3445 2757 3517 expertia,
2781 3443 3125 3516 speciesque
3154 3443 3442 3515 ipsorum,
3467 3444 3741 3514 vitm,non

2107 3535 2262 3590 sicut
2290 3535 2348 3588 in
2381 3533 2646 3590 materia:
2679 3538 2736 3587 et
2768 3533 2886 3588 hac
2917 3533 3153 3603 quidem
3187 3533 3237 3587 is
3269 3533 3444 3604 quiin
3482 3535 3747 3603 margine

2111 3623 2410 3678 adnotavit
2456 3621 2776 3687 intellexit;
2835 3635 2994 3675 meas
3054 3624 3249 3674 autem
3289 3620 3746 3689 observationes,

2112 3727 2239 3782 quia
2270 3710 2328 3764 in
2359 3709 2550 3764 tribus
2571 3713 2704 3763 ante
2734 3707 2908 3773 foliis,
2948 3708 3006 3761 in
3042 3711 3235 3762 mente
3299 3706 3533 3774 habeto,
3574 3707 3750 3762 isthic

2113 3798 2269 3854 enim
2292 3796 2353 3850 τὸ
2382 3794 2654 3872 ἐφιὲμεναι
2685 3795 3007 3867 cupientes,
3042 3793 3498 3850 intellectionem
3560 3811 3749 3851 meum

2116 3887 2388 3957 adjuvat;
2421 3888 2478 3940 et
2505 3884 2704 3939 Patres
2725 3882 2810 3939 ita
2831 3882 3262 3950 intellexerunt,
3293 3887 3467 3956 atque
3514 3883 3640 3956 ipse
3683 3883 3755 3938 li-

2115 3977 2323 4031 berum
2346 3972 2650 4029 arbitrium
2685 3971 3074 4045 [angelorum]
3125 3971 3387 4028 admittit
3437 3974 3527 4042 [ut
3584 3971 3757 4044 paulo

2119 4068 2252 4136 post
2278 4062 2586 4134 invenies].

2192 4150 2414 4208 Ordinis
2442 4151 2619 4220 origo,
2642 4153 2739 4205 Gr.
2757 4147 3066 4223 ταξιαρχία.
3098 4150 3160 4206 Id
3185 4154 3275 4206 est
3303 4150 3478 4206 Deus.

2191 4242 2281 4295 Est
2335 4242 2512 4310 igitur
2566 4239 2840 4295 omnibus.
2889 4242 3061 4303 Nota,
3093 4239 3278 4294 Deum
3336 4254 3466 4294 esse
3523 4238 3768 4295 luminis

2124 4329 2442 4384 essentiam
2475 4333 2534 4384 et
2565 4332 2778 4384 natura
2805 4326 3106 4397 virtutem,
3137 4331 3194 4383 et
3222 4326 3561 4383 deﬁnitione
3593 4326 3771 4382 virtu-

2122 4421 2266 4472 tem.

442 4510 755 4584 ’Πγοῦνται.
807 4501 1150 4575 Σημείωσαι,
1209 4499 1292 4554 δτι
1350 4500 1486 4571 μετὰ
1540 4499 1665 4554 Θεὸν
1716 4499 1862 4584 ἀρχὴ
1916 4517 1974 4552 πο

2098 4541 2099 4550 η
2201 4505 2448 4561 Censent.
2486 4504 2650 4570 Nota,
2675 4519 2985 4576 supremas
3018 4510 3244 4559 mentes
3273 4519 3402 4559 esse
3433 4505 3563 4574 post
3594 4507 3772 4558 Deum

369 4618 468 4667 σης
499 4582 696 4668 ἀρετῆς
729 4595 781 4647 οἱ
824 4591 1088 4647 ἀνώτατοι
1120 4589 1260 4658 νόες,
1289 4586 1358 4642 δι’
1405 4589 1480 4642 ὦν
1527 4588 1759 4662 πρώτων
1814 4582 2016 4662 ἔχομεν

369 4689 474 4754 τὴν
501 4688 600 4739 τοῦ
630 4686 765 4738 Θεοῦ
797 4679 1095 4753 ἔλλαμψιν.

445 4772 750 4847 Ἑμπύριον
780 4767 1050 4840 ῗδιότητα.
1100 4767 1418 4840 Σημείωσαι
1471 4764 1552 4822 ὅτι
1591 4765 1728 4820 κατᾶ
1775 4762 2025 4837 ἷδιότητα

371 4863 634 4937 ἐμπνῦριοι
668 4861 719 4914 οἱ
749 4859 1015 4913 ἀνώτατοι
1046 4856 1186 4918 νόες,

447 4948 698 5024 Θρονίαν;
776 4946 975 5010 Καλῶς
1046 4943 1335 5021 ὲρμηνεύει
1401 4945 1453 4998 τι
1517 4943 1616 4998 εἰσι
1684 4944 1866 5020 θρόνοι
1919 4949 2026 4999 τῶν

2133 4594 2489 4666 principium
2521 4592 2715 4648 omnis
2745 4593 3002 4664 virtutis,
3028 4608 3130 4664 per
3159 4609 3306 4664 quas
3359 4591 3610 4664 primam
3670 4591 3774 4646 Dei

2130 4681 2586 4737 illustrationem
2614 4681 2966 4752 accipimus.

2203 4771 2431 4843 lgneam
2450 4769 3022 4842 proprietatem.Nota
3061 4785 3370 4841 supremas
3404 4770 3629 4823 mentes
3655 4783 3785 4824 esse

2135 4859 2462 4916 secundum
2495 4857 2914 4931 proprietatem
2943 4858 3167 4931 igneas.

2206 4949 2366 5004 Solii.
2401 4949 2577 5004 Recte
2605 4949 3052 5020 interpretatur,
3085 4946 3222 5018 quid
3255 4945 3375 5001 sint
3395 4946 3565 5002 sedes
3615 4946 3784 5002 cccle-

378 5039 668 5115 οὐρανίων,
745 5037 806 5091 τὸ
875 5033 1224 5111 ἀνεῳγμένην
1299 5034 1399 5102 τὴν
1460 5032 1586 5108 περὶ
1644 5037 1781 5088 Θεοῦ
1839 5034 1974 5104 νόησ

2140 5038 2344 5107 stium,
2377 5043 2638 5108 apertam
2687 5037 2760 5091 de
2788 5037 2902 5091 Deo
2925 5035 3336 5106 cogitationem
3371 5035 3623 5104 habere;
3660 5034 3791 5091 solii

377 5129 550 5204 ἔχειν·
586 5127 802 5200 θρονιαν
833 5122 890 5179 δὲ
921 5144 1082 5201 φησιν
1136 5119 1384 5189 ἰδιότητα
1413 5124 1512 5192 τὴν
1558 5121 1974 5198 ἀποκληρωτικί

2142 5131 2338 5182 autem
2392 5126 2534 5181 dicit
2577 5124 3018 5196 proprietatem,
3069 5123 3276 5178 sortito
3323 5125 3792 5182 demonstratum

376 5217 776 5294 ἀποφανθεῖσαν
808 5217 916 5268 τῶν
952 5211 1118 5287 ἁγίων
1147 5210 1351 5286 θρόνων
1385 5210 1586 5286 ἀρχήν.

454 5383 486 5439 q
518 5366 691 5424 Hebr.
727 5383 828 5435 xu,
859 5364 950 5420 29.

2143 5218 2482 5271 sanctorum
2513 5214 2862 5269 thronorum
2895 5210 3318 5284 principatum.

1420 5467 1657 5525 VARI/E
1705 5470 2097 5530 LECTIONES
2141 5472 2231 5530 ET
2267 5467 2810 5528 CORRECTIONES

461 5588 502 5624 ⁷¹
535 5586 609 5649 ὡς
643 5580 887 5664 ἱφικτόνο
967 5585 1011 5621 ’⁸⁸
1035 5580 1324 5661 ἐκφοιτῶν.
