4042 6210
359 332 429 388 99
1174 324 1540 379 APPENDIX
1576 326 1676 379 AD
1712 324 1954 379 OPERA
1989 323 2048 376 Β.
2088 323 2409 380 DIONYSII
2443 329 2943 391 AREOPAGITE.
3664 342 3770 398 100

430 460 791 533 lnfen'orum.
826 456 907 512 De
934 453 1219 525 subjectis
1240 452 1566 521 ordinibus,
1584 452 1879 525 quomodo
1902 466 2006 522 per

2187 448 2534 527 Ὑφειμὲνων.
2568 457 2701 534 Περὶ
2748 463 2852 515 τῶν
2902 456 3321 534 ὖποόεϐηκυιῶν
3363 464 3584 539 τάξεων,
3612 464 3766 532 ὅπως

355 551 580 624 primos
611 546 827 603 divinis
864 544 1326 603 communicent.

2110 535 2197 593 διὰ
2224 544 2332 595 τῶν
2363 542 2595 618 πρώτων
2632 550 2925 623 μετέχουσι
2957 549 3065 606 τῶν
3101 551 3280 615 θείων.

2179 630 2290 692 Τὰς
2336 631 2647 707 εἰρημένας.
2693 637 2895 695 Ἦλθεν
2941 639 3017 702 εἷς
3077 640 3336 717 ἐξήγησιν
3384 648 3483 700 τοῦ
3537 667 3765 721 προκει-

420 732 521 787 42
552 729 755 785 Dictus.
782 726 955 782 Venit
986 725 1057 781 ad
1090 722 1539 796 explicationem
1572 721 1873 793 prapositi.
2110 717 2294 790 μένου.

423 822 450 892 ἓ
478 819 573 875 1V.
609 817 799 873 Aiebat
829 816 1040 886 itaque.
1074 814 1208 885 Agit
1236 812 1308 867 de
1332 828 1399 867 eo
1431 812 1533 883 qui
1564 812 1810 881 dixerat,
1858 826 1993 866 eum

2176 806 2403 903 Ἔλεγεν
2460 813 2575 869 οὗν.
2630 816 2760 889 Περὶ
2808 821 2906 871 τοῦ
2956 814 3206 882 εἰπόντος
3264 820 3451 900 φησὶν,
3512 822 3592 879 ὅτι
3644 826 3756 903 ούχ

349 927 466 965 non
500 907 682 964 fuisse
713 904 1033 976 seraphim,
1066 918 1239 974 quem
1263 901 1446 956 Isaias
1476 900 1641 967 vidit,
1675 900 1776 955 scd
1812 916 1945 954 unu:

2186 897 2423 975 σεραφὶμ
2472 899 2809 978 ἐτύγχανειν,
2860 907 2888 960 ὁ
2939 905 3124 985 ὀφθεὶς
3176 896 3543 985 υἷι-Ἠσαίᾳ,
3604 896 3754 971 ἀλλᾶ

344 1016 414 1055 ex
444 996 820 1053 inferioribus
847 993 1195 1059 ordinibus;
1257 990 1410 1046 hanc
1440 990 1599 1046 enim
1660 989 1940 1061 opinione:

2158 1005 2182 1046 ς
2241 991 2349 1079 τῶν
2408 992 2728 1067 κατωτέρων
2781 992 3048 1070 ἀγγέλων·
3106 997 3273 1071 ταύτῃ
3335 1001 3437 1076 γὰρ
3492 1005 3559 1075 τῇ
3616 1001 3747 1079 δόξῃ

345 1089 699 1159 propugnat,
734 1099 911 1155 quam
937 1080 1114 1153 paulo
1153 1083 1288 1135 ante
1320 1079 1379 1134 in
1440 1078 1728 1151 principio
1755 1078 1937 1168 capit

2157 1076 2491 1168 ταγωνίςεται
2523 1096 2537 1110 ·
2568 1079 2667 1168 -.ἢν
2726 1082 2833 1158 πρὸ
2892 1082 3082 1168 ὀλίγου
3138 1071 3416 1164 ἀναφαίνει
3473 1071 3545 1164 τῇ.
3596 1071 3753 1168 ἀρχῆ

344 1176 621 1243 declarat,
683 1172 782 1227 ubi
835 1170 1029 1225 dicit:
1083 1169 1243 1223 Alius
1287 1178 1474 1223 autem
1528 1184 1640 1223 non
1696 1167 1940 1223 admodm

2150 1167 2193 1216 νῦ
2222 1164 2541 1242 κεφαλαίου,
2564 1162 2690 1224 ἔνθα
2716 1169 2905 1247 φησίν,
2928 1167 3111 1249 ἕτερος
3134 1172 3190 1229 δὲ
3212 1162 3273 1230 ού
3292 1175 3498 1254 σφόδρα

342 1261 655 1329 absurdam,
689 1264 747 1315 et
774 1275 900 1330 qua:
957 1260 1312 1328 sequuntur.

856 1275 900 1313 is
957 1260 1312 1328 sequuntur.
2095 1252 2185 1305 καὶ
2212 1252 2279 1307 τὰ
2309 1254 2397 1324 ἐξῆ
2406 1276 2452 1317 ς.

411 1353 690 1420 Tanquam
743 1348 801 1403 in
849 1347 1131 1419 symbolis.
1187 1345 1474 1408 Quoniam
1508 1343 1808 1417 seraphim
1862 1343 1985 1401 alas

2165 1341 2361 1431 Ὠςνὲν
2420 1341 2762 1418 συμϐόλοις.
2821 1348 3043 1419 Ἐπειδὴ
3123 1351 3448 1431 ἐξαπτίρυγα
3522 1356 3619 1429 ὁρᾷ
3674 1358 3746 1414 τὰ

337 1457 437 1497 sex
467 1439 751 1494 habentes
776 1436 952 1490 videt.

749 1474 751 1488 .
776 1436 952 1490 videt.
2094 1430 2345 1507 σεραφίμ.

406 1530 473 1583 Et
509 1529 661 1582 circa
683 1527 852 1580 Deum
881 1522 1200 1579 collocatas.
1234 1522 1419 1578 Habet
1449 1522 1603 1578 enim
1638 1522 1979 1594 Scriptura:

2145 1518 2260 1609 »Καὶ
2290 1521 2415 1596 περὶ
2465 1524 2593 1578 Θεὸν
2640 1521 2955 1599 ἱδρυμένας.
2987 1528 3143 1603 Ἔχει
3182 1531 3281 1605 γὰρ
3326 1532 3390 1588 τὸ
3431 1529 3621 1609 λόγιον
3656 1533 3741 1591 ὅτι

337 1618 563 1672 Stabant
592 1617 652 1670 in
675 1614 912 1669 circuitu
940 1613 1061 1683 ejus
1090 1613 1184 1683 (ν).

1176 1652 1184 1667 _
2089 1604 2258 1677 Εἰστή
2265 1628 2345 1662 κει
2377 1609 2566 1683 κύκΛῳ
2587 1611 2772 1670 αὐτοῦ.

408 1705 607 1761 Didicit
636 1706 841 1774 itaque.
892 1702 1057 1769 Vide,
1116 1701 1400 1772 quidnam
1463 1700 1717 1756 disceret
1772 1702 1977 1769 Isaias,

2162 1695 2485 1784 Ἐμᾴνθανεν
2543 1700 2655 1759 οὖν.
2712 1704 2851 1779 Ὅρα
2913 1705 2967 1760 τί
3025 1705 3316 1779 ἰμάνθανεν
3379 1711 3407 1765 ὁ
3460 1712 3686 1776 Ἡσαΐας
3722 1758 3736 1784 ,

336 1811 509 1867 quem
532 1796 701 1849 vocat
733 1790 1088 1861 theologum,
1115 1790 1376 1862 ignotam
1424 1805 1556 1845 esse
1611 1789 1932 1845 divinitate:

2140 1805 2143 1827 ι
2195 1782 2355 1881 καλεῖ
2380 1785 2681 1881 ’θεολόγοῃ
2732 1789 2815 1845 ὅτι
2864 1791 3137 1869 ἄγνωστον
3184 1797 3246 1852 τὸ
3295 1804 3448 1853 Θεῖον
3490 1800 3579 1855 καὶ
3609 1782 3736 1865 ταῖς

332 1885 507 1939 etiam
542 1882 838 1952 supremis
865 1879 1205 1944 virtutibus,
1259 1882 1316 1933 et
1347 1877 1496 1932 nihil
1528 1878 1586 1932 in
1618 1878 1791 1933 rebus
1846 1894 1928 1933 est

2139 1871 2343 1968 ιωτάτω
2376 1875 2655 1968 δυναμεσι,
2684 1882 2776 1935 καὶ
2829 1882 2912 1937 ὅτι
2966 1882 3119 1940 οὐδὲν
3166 1890 3275 1941 τῶν
3302 1884 3471 1944 ὄντων
3501 1891 3735 1968 ἐμφερὲς

328 1972 414 2027 illi
465 1969 681 2027 simile.
739 1968 913 2024 Porro
970 1962 1097 2021 ὅντα
1147 1984 1274 2039 quas
1325 1970 1484 2036 sunt,
1536 1965 1924 2022 dicebamusi

2134 1962 2252 2035 Βτῷ.
2284 1965 2447 2020 Ὄντα
2477 1964 2534 2021 δὲ
2563 1965 2786 2042 εἴπομεν
2828 1968 2883 2025 ἐν
2927 1976 3005 2044 τῷ
3034 1973 3141 2049 πρὸ
3182 1975 3378 2031 τούτου
3422 1962 3730 2054 βιϐλίῲντὰ

331 2058 680 2135 praecedenti
708 2057 1017 2128 libro,quae
1035 2061 1231 2111 mente
1260 2059 1317 2111 et
1338 2070 1515 2110 sensu
1541 2054 1927 2125 percipiuntux

2129 2054 2250 2147 ιητὰ
2286 2055 2374 2147 καὶ
2434 2055 2683 2128 αἴσθητά·
2735 2063 2903 2147 ταῦτα
2963 2059 3020 2116 δὲ
3080 2069 3293 2136 μυεῖται
3347 2067 3375 2120 ὁ
3430 2072 3725 2147 προφήτης

332 2151 451 2207 haec
480 2151 676 2205 autem
708 2145 1029 2202 docebatur
1060 2144 1367 2216 propheta,
1400 2147 1711 2215 postquam
1737 2160 1778 2232 pa
1834 2160 1928 2215 pro

2127 2140 2217 2232 ετά
2242 2143 2315 2232 τὸ
2343 2147 2676 2220 καθαρθῆναι
2705 2150 2812 2202 τῶν
2856 2146 3006 2205 ΐδίων
3040 2153 3343 2227 ἁμαρτιῶν,
3376 2140 3499 2232 περὶ
3532 2140 3593 2212 οὗ
3630 2140 3723 2231 μι-

327 2239 472 2312 priis
503 2235 757 2309 peccatis
788 2234 1052 2305 expiatus
1083 2233 1330 2304 fuisset;
1356 2233 1426 2287 de
1454 2248 1569 2304 quo
1615 2229 1789 2303 paulo
1838 2249 1923 2304 po:

1140 2233 1426 2304 liBSBt;d6
1454 2248 1569 2304 quo
1615 2229 1789 2303 paulo
1838 2236 1971 2304 post
2078 2229 2205 2304 κρὸν
2237 2229 2454 2307 ὕστερον
2487 2232 2736 2309 ἐροῦμεν.

324 2330 686 2489 ὼέῗὲιῖνῖἱηι
713 2413 1324 2478 docebatur.Quidnam
1347 2412 1653 2468 doceretur
1677 2426 1782 2484 per
1811 2426 1920 2467 εει-ι

1915 2428 1968 2466 a-
2150 2411 2401 2485 Σεραφίμ
2429 2410 2668 2485 ὶμυεῖτο.
2702 2414 2770 2471 Τί
2799 2414 3017 2487 ἐμυεῖτο
3050 2414 3137 2473 διὰ
3163 2419 3229 2475 τὰ
3260 2420 3511 2500 σεραφίμ.

406 2524 420 2560 ι
495 2547 508 2562 .

320 2506 615 2651 thginen.
653 2592 1059 2664 Interpretatio
1082 2590 1344 2646 nominis
1368 2589 1688 2661 seraphim.

1534 2589 1688 2645 .him.
2146 2589 2518 2663 Ἐπωνυμίας.
2546 2593 2842 2667 Ἐρμηνεία
2871 2597 3130 2671 σεραφίμ.

389 2684 636 2740 Alarum.
670 2682 817 2746 Quid
852 2697 1052 2753 penna
1080 2679 1431 2750 signiﬁcent.

1396 2683 1431 2733 ι,
2144 2681 2383 2753 Πτερῶν.
2415 2680 2477 2735 Τί
2514 2678 2682 2749 δηλοῖ
2712 2681 2778 2736 τὰ
2806 2684 2992 2758 πτερά.

390 2773 453 2828 1η
482 2772 654 2827 Deum
684 2771 743 2825 in
771 2770 990 2841 primis.
1025 2767 1181 2823 Dixit
1202 2766 1357 2822 enim
1378 2783 1558 2838 supra
1597 2766 1655 2821 in
1688 2767 1803 2822 fine
1858 2768 1964 2822 de-

2119 2766 2247 2853 ﬂTﬁv
2294 2765 2382 2820 ἐπὶ
2432 2769 2494 2823 τὸ
2543 2775 2699 2824 Θεῖον
2751 2769 2803 2825 ἐν
2853 2773 3118 2848 πρώταις.
3151 2776 3317 2832 Εἶπεν
3370 2774 3478 2832 ἄνω
3526 2778 3627 2853 γὰρ
3660 2779 3715 2835 ἐν

318 2860 455 2915 oimi
488 2859 719 2931 capitis,
782 2858 1115 2913 universam
1149 2855 1465 2922 caelestem,
1525 2860 1582 2910 et
1639 2855 1914 2910 humana:

2120 2852 2148 2924 ᾖ
2176 2852 2321 2909 τέλει
2348 2860 2444 2909 τοῦ
2477 2853 2699 2912 δεκάτου
2728 2858 3137 2937 κεφαλαίου,δτι
3168 2869 3272 2927 πᾶς
3303 2852 3605 2941 [οὐράνιος]
3624 2870 3716 2923 καὶ

318 2952 575 3003 mentem
606 2947 819 3003 habere
843 2946 1065 3018 primos
1086 2950 1142 3000 et
1172 2943 1394 2999 medios
1426 2948 1482 2998 et
1508 2949 1835 3016 postremos
1867 2962 1914 2999 οι

2115 2943 2405 3014 νθρώπειος
2446 2949 2572 3009 νοῦς
2616 2948 2708 3000 καὶ
2754 2948 2993 3022 πρώτας,
3025 2951 3114 3006 καὶ
3165 2953 3352 3025 μὲσας,
3400 2956 3490 3010 καὶ
3518 2956 3711 3012 τελευ-

316 3036 723 3092 dines:merito
744 3034 925 3107 igitur
954 3049 1057 3088 sex
1086 3032 1210 3087 alas
1241 3032 1387 3087 dixit
1417 3032 1632 3088 habere
1687 3032 1912 3088 virtute:

2114 3029 2219 3122 ιίας
2245 3029 2362 3122 ἔχει
2396 3034 2588 3122 τάξεις.
2614 3036 2857 3099 Εἰκότως
2889 3039 2979 3093 οὗν
3007 3039 3061 3110 ’ἐξ
3092 3042 3358 3119 πτέρυγας
3388 3046 3532 3100 εἶπεν
3560 3040 3710 3122 ἔχειν

316 3130 381 3179 ut
440 3124 672 3180 duabus
724 3123 899 3178 facies
953 3126 1235 3193 tegerent,
1266 3121 1473 3177 mediis
1504 3124 1699 3175 autem
1759 3122 1912 3191 pede:

2116 3121 2165 3189 ἦν
2196 3118 2442 3209 δύναμιν,
2467 3120 2561 3178 ’ίνα
2587 3130 2709 3187 ταῖς
2744 3126 2836 3199 μὶν
2882 3124 3000 3182 δυσὶ
3045 3150 3140 3184 καί
3156 3118 3295 3207 ύπτγι
3327 3132 3393 3187 τὰ
3420 3118 3712 3209 πρόσωπα,

320 3173 380 3179 _-
442 3173 669 3180 --πη
724 3173 895 3178 __-_--
960 3173 1470 3193 __-___~

315 3213 553 3284 reliquis
589 3228 725 3268 vero
756 3212 911 3267 circa
942 3216 1123 3266 Deum
1154 3209 1437 3280 volarent,
1472 3210 1622 3281 quod
1680 3210 1807 3281 ipse
1863 3228 1911 3266 vc

2122 3173 2131 3189 ,
2599 3173 2707 3187 -_-,
2744 3173 2830 3199 Γ-.
2885 3173 3000 3182 ν--.
3048 3173 3130 3184 η...
3159 3173 3295 3199 νη..
3338 3173 3393 3187 ....
3427 3173 3458 3187 ,ι
3498 3173 3688 3191 ww...

2111 3215 2185 3271 ιῖς
2218 3207 2275 3265 δὲ
2308 3210 2491 3283 μέσαις
2536 3213 2663 3276 τοὺς
2707 3212 2899 3278 πόδας·
2930 3223 3049 3280 ταῖς
3105 3216 3161 3273 δὲ
3193 3173 3412 3284 λοίπαῖς
3459 3173 3520 3277 τὸ
3551 3184 3707 3279 Θεῖον

312 3303 528 3359 caverit
558 3316 896 3373 supremam
929 3300 1339 3354 intentionem.
1372 3304 1519 3355 Nota
1573 3315 1728 3365 vero,
1790 3299 1908 3370 quit

2116 3302 2441 3373 εριπετῆται,
2501 3301 2632 3375 ὅπερ
2692 3306 2838 3359 εἶπεν
2896 3305 3057 3368 αὐτὸς
3103 3309 3203 3377 τὴν
3256 3309 3555 3385 ὑπερτάτην
3587 3314 3712 3368 ἀνά-

312 3408 450 3447 nam
482 3390 799 3446 multitudo
828 3389 1043 3461 pedum
1075 3392 1133 3443 et
1162 3388 1442 3444 facierum
1473 3389 1533 3444 in
1565 3388 1908 3459 seraphim,c

2114 3409 2230 3445 ισιν.
2285 3389 2599 3462 Σημείωσαι
2650 3389 2707 3447 δὲ
2752 3393 2805 3447 τί
2852 3394 2914 3449 τὸ
2962 3394 3245 3452 πολύπουν
3289 3397 3379 3453 καὶ
3426 3402 3488 3455 τὸ
3535 3402 3710 3457 πολυ-

310 3497 417 3535 cur
445 3480 642 3552 aliqua
670 3483 965 3550 tegantur.

2107 3477 2357 3551 ρόσωπον
2427 3482 2534 3533 τῶν
2610 3480 2848 3556 σεραφὶμ
2886 3527 2903 3555 ,
2960 3484 3050 3538 καὶ
3126 3483 3214 3541 διὰ
3288 3488 3341 3541 τί
3419 3491 3703 3546 σκέπονται

2060 3561 2195 3623 ἔνια.

378 3659 671 3714 Scaurum.
706 3661 853 3713 Nota
908 3656 1204 3727 quomodo
1261 3655 1513 3711 adducat
1569 3670 1671 3711 sex
1726 3673 1949 3728 pennas

2126 3653 2419 3725 Ἐξαπλῆς.
2453 3656 2791 3731 Σημείωσαι,
2823 3663 2940 3723 πῶς
2991 3660 3174 3738 ἀνάγει
3221 3663 3317 3727 τὰς
3354 3664 3408 3736 ’ἐξ
3439 3667 3706 3743 πτίρυγας

304 3746 647 3805 sanotOrum
680 3746 1001 3818 serapbim.

2053 3747 2162 3799 τῶν
2193 3744 2362 3819 ἁγίων
2392 3747 2644 3824 σεραφίμ.

382 3840 643 3894 Visorum.
668 3837 731 3891 Id
763 3840 853 3892 est
881 3852 915 3891 a
946 3834 1230 3907 propheta
1260 3837 1676 3907 spectatorum.

2126 3834 2472 3908 Ὀρωμένων.
2553 3840 2809 3894 Τουτὲοτι
2882 3844 2992 3894 τῶν
3067 3841 3170 3896 ὑπὸ
3244 3847 3341 3898 τοῦ
3412 3848 3700 3923 προφήτου

2056 3924 2469 3995 θεωρουμένων.

384 4011 874 4066 SublimiorumJn
906 4013 1155 4082 tegendo
1187 4011 1841 4084 facies,profundiorum
1883 4015 1942 4071 in

2125 4014 2248 4067 Τῶν
2299 4011 2677 4084 ὑψηλοτέρων.
2713 4016 2812 4069 Διά
2855 4020 2952 4070 τοῦ
2981 4014 3275 4075 καλύπτειν
3306 4021 3371 4075 τὰ
3408 4022 3694 4096 πρόσωπα·

300 4100 545 4170 tegendo
577 4100 777 4170 pedes,
809 4114 912 4170 per
944 4099 1166 4153 medias
1184 4103 1381 4154 autem
1424 4101 1694 4173 (pennas)
1744 4109 1896 4174 apta:

2102 4103 2156 4153 ὒν
2191 4098 2249 4154 δὲ
2277 4100 2604 4175 βαθυτέρων,
2638 4100 2729 4157 διὰ
2755 4107 2852 4158 τοῦ
2881 4105 3175 4162 καλύπτειν
3206 4108 3333 4171 τοὺς
3365 4108 3558 4173 πόδας·
3608 4111 3698 4169 διὰ

299 4188 613 4243 rationem.

2052 4184 2109 4241 δὲ
2139 4193 2244 4241 τῶν
2280 4189 2456 4260 μέσων
2488 4191 2586 4257 τὴν
2609 4192 2965 4268 συμμετρίαν.

369 4279 434 4333 Et
483 4276 841 4333 celerrimum
901 4275 1090 4331 laudis
1141 4278 1385 4330 cantum.
1439 4276 1587 4332 Illud
1640 4279 1937 4352 :Sanctus,

2123 4276 2219 4330 Καὶ
2276 4276 2654 4369 πολυτίμητον
2714 4279 3013 4369 ὑμνῳδίαν’
3076 4286 3173 4341 Τὸ·
3229 4288 3462 4363 ”Αγιος,
3516 4292 3696 4369 ἅγιος,

296 4374 537 4432 sanctus,
568 4368 788 4421 sandus
818 4364 884 4436 (ς)
910 4380 923 4418 :
978 4363 1273 4437 significat
1294 4381 1426 4421 vero
1448 4365 1623 4423 etiam
1666 4368 1892 4440 angelul

2099 4364 2511 4453 γιοςένσηιῆαίνει
2563 4365 2621 4422 δὲ
2667 4370 2748 4423 ὅτι
2791 4372 2880 4425 καὶ
2932 4368 3185 4446 ἅγγελος,
3235 4377 3352 4429 κατ’
3397 4363 3695 4453 ἀναλογίαν

297 4456 623 4511 secundum
651 4453 897 4525 propriae
928 4452 1161 4509 virtutis
1195 4453 1628 4526 proportionem
1678 4457 1893 4529 accipe:

2099 4458 2146 4521 ῆς
2178 4449 2317 4515 ἰδίας
2351 4450 2653 4526 δυνάμεως,
2686 4454 2903 4532 δέχεται
2951 4459 3050 4526 τήν
3084 4462 3228 4524 θείαν
3275 4449 3695 4538 ἕλλαμψινίκαὶ

295 4544 552 4601 divinam
585 4542 1387 4615 illustrationem,ipsumque
1421 4543 1718 4615 prophetis
1775 4562 1891 4601 corr

2099 4541 2204 4602 315:
2238 4539 2562 4615 μεταδίδωσι
2593 4549 2711 4608 τοῖς
2741 4548 3079 4624 προφήταις,
3111 4550 3233 4604 ὅσον
3268 4556 3695 4630 χωροῦσιν,οὐχ

295 4634 593 4689 municare
617 4636 905 4705 quantum
937 4631 1196 4703 capiunt,
1230 4647 1345 4686 non
1372 4638 1660 4703 quantum
1692 4635 1819 4708 ipse
1842 4653 1891 4693 cc

1039 4631 1196 4699 uiunt,
1230 4647 1345 4686 non
1372 4638 1660 4703 quantum
1692 4635 1819 4708 ipse
1842 4653 1934 4693 co-
2046 4630 2145 4685 ὅσα
2171 4631 2422 4707 γινώσκει
2455 4631 2635 4694 αὗτός.

294 4722 549 4795 gnoscit.

365 4813 508 4880 Quia
535 4812 788 4883 expiatio
818 4817 919 4867 est.
963 4810 1251 4875 Quidnam
1287 4811 1366 4867 sit
1397 4812 1671 4885 expiatio,
1707 4818 1763 4870 et
1792 4831 1937 4886 quo-

2116 4812 2237 4868 ’Ότι
2266 4810 2523 4885 κάθαρσίς
2555 4810 2687 4870 ἐστι.
2719 4813 2779 4866 Τί
2815 4812 2927 4869 ἐστι
2951 4816 3230 4891 κᾶθσιρσις,
3260 4818 3350 4873 καὶ
3381 4824 3502 4883 πῶς
3530 4819 3691 4883 εἷςτᾶ

293 4900 463 4955 modo
495 4900 597 4955 fiat
626 4917 660 4955 a
691 4900 804 4955 Deo
836 4899 894 4954 in
929 4897 1357 4970 intelligilibus.

1331 4917 1357 4955 ι,
2045 4900 2215 4968 νοητὰ
2240 4897 2439 4972 γίνεται
2470 4900 2618 4975 παρὰ
2645 4904 2742 4955 τοῦ
2773 4906 2927 4958 Θεοῦ.

364 4991 494 5043 Haec
521 4996 722 5044 autem.
755 4987 990 5043 Scilicet
1019 4988 1288 5060 purgatio
1314 4992 1415 5044 aut
1436 4992 1792 5047 communio.

2118 4986 2262 5054 Αὐτὴ
2297 4984 2373 5042 δὲ.
2404 4988 2468 5044 ἹΙ
2498 4989 2755 5063 κάθαρσις
2787 4987 3000 5061 δηλαδὴ
3035 4993 3071 5062 ἢ
3103 4995 3136 5063 ἡ
3175 4996 3451 5067 μετουσία.

364 5077 464 5131 48
497 5078 822 5148 Praecipuis.
845 5077 970 5133 Non
1004 5076 1161 5131 enim
1193 5076 1379 5147 qualis
1420 5081 1509 5132 est
1557 5079 1826 5150 purgatio
1874 5080 1934 5135 in

2116 5074 2530 5150 Έξῃρημέναις.
2590 5077 2665 5133 Οὐ
2717 5078 2819 5154 γὰρ
2873 5079 2962 5136 οἵα
3008 5082 3119 5137 lori
3164 5089 3272 5140 τῶν
3320 5086 3617 5162 ἀνθρώπων
3652 5090 3686 5157 ἡ

290 5161 652 5231 hominibus,
691 5164 828 5220 talis
857 5170 947 5221 est
976 5165 1150 5221 etiam
1182 5165 1239 5219 in
1270 5164 1649 5237 incorporeis.

2042 5164 2320 5240 κάθαρσις,
2346 5164 2567 5232 τοιαύτη
2598 5165 2707 5222 ἐστὶ
2739 5169 2828 5222 καὶ
2862 5168 2950 5223 ἐπὶ
2980 5175 3086 5225 τῶν
3121 5161 3446 5247 ἀσωμάτων.

363 5254 497 5321 Quae
525 5254 735 5307 circum
768 5269 907 5323 eam,
941 5253 1174 5309 Circum
1203 5268 1351 5310 eam.
1389 5253 1750 5312 thearcbiam
1776 5257 1933 5312 scili-

2112 5258 2240 5315 Ταῖς
2265 5252 2389 5327 περί
2418 5256 2610 5326 αὐτήν.
2640 5257 2768 5332 Περὶ
2794 5259 2962 5328 αὐτὴν
2985 5261 3083 5330 τήν
3113 5263 3371 5340 θεαρχίαν
3404 5262 3687 5337 δηλονότι,

291 5346 403 5405 cet,
437 5341 493 5396 id
529 5346 619 5397 est
649 5340 803 5396 circa
832 5341 1037 5397 Deum.

2040 5343 2282 5397 τουτέστι
2315 5342 2437 5419 περὶ
2467 5345 2556 5399 τὸν
2590 5344 2739 5403 Θεόν.

358 5431 563 5486 Ezistit
589 5430 907 5500 manifesta.
932 5430 1205 5502 Purgatio
1226 5430 1514 5488 videlicet.

1502 5472 1514 5486 .
2115 5431 2409 5511 Ἐκφαίνει.
2437 5434 2499 5492 Ἥ
2530 5433 2785 5511 κάθαρσις
2816 5433 3092 5505 δηλονότι.

359 5628 432 5701 (r)
467 5632 644 5702 Apoc.
678 5646 780 5702 vn,
816 5630 902 5685 11.
964 5629 1027 5701 (s)
1060 5633 1169 5686 Isa.
1200 5647 1278 5702 vr,
1306 5634 1375 5701 3;
1406 5635 1581 5706 Apoc.
1612 5651 1688 5709 1v,
1708 5637 1762 5692 8.
