4042 6210
189 316 287 372 101

891 315 950 367 S.
993 312 1266 368 ΜΑΧῙΜῙ
1305 310 1611 367 SCHOLIA
1648 310 1722 363 IN
1761 310 1895 362 LIB.
1935 311 2033 364 DE
2072 312 2396 368 CCELBSTI
2437 315 2908 370 HIERARCHIA.

3500 320 3606 375 102

257 439 384 495 Ἐπὶ
439 434 501 492 δὲ
552 439 662 492 τῶν
726 433 1006 511 δευτέρων.
1062 437 1293 490 Σκοπεῖν
1369 429 1472 501 δεῖ,
1531 429 1614 486 ὅτι
1664 427 1872 506 διαφὲοη

2026 436 2089 490 1η
2115 436 2369 494 secundis
2423 441 2627 494 autem.
2683 439 3064 497 Considerare
3121 446 3367 511 Oportet,
3450 448 3607 518 quod

184 549 298 607 ρειν
331 525 498 602 φησὶν
531 524 596 580 οὗ
632 523 870 598 μετρίως
903 526 948 560 ’⁷³
976 522 1028 578 ἐν
1079 526 1161 594 τῷ
1211 518 1439 586 θεοειδεῖ
1485 525 1656 607 πᾶσαν
1712 519 1854 607 ἀσω-

188 605 362 693 ματον
394 613 628 686 δύναμιν
659 631 673 646 ⁸
708 611 856 668 πολὺ
906 613 1001 685 μὲν
1050 612 1157 686 γὰρ
1207 607 1353 685 ἔχειν
1380 610 1443 664 τὸ
1468 605 1698 672 θεοειδὲς
1725 606 1856 668 τοὺς

184 707 454 762 ἀνωτάτω
526 703 682 770 νόας,
743 702 1023 778 ὗφειμδνον
1085 697 1144 753 δὲ
1202 699 1421 765 λοιπὸν,
1479 697 1707 752 καθόσον
1765 694 1854 750 καὶ

186 799 227 866 ἡ
287 795 439 864 τάξις
511 792 732 846 ἀπαιτεῖ
805 789 934 851 τοὺς
1008 786 1241 851 λοιποὺς
1311 787 1460 855 νόας,
1525 781 1688 859 μέχρι
1747 787 1854 838 τῶν

192 886 447 959 ἔσχᾶτων
488 900 500 914 ·
541 879 713 935 πλέον
747 877 805 933 δὶ
833 879 921 933 καὶ
972 881 1079 931 τῶν
1132 874 1376 950 ἐσχάτων
1432 875 1528 936 τὰς
1587 871 1856 948 ἡμετέρας

193 975 378 1048 ψυχάς
409 975 457 1008 ⁷⁸
486 989 499 1002 ·
533 968 651 1024 ἐπεὶ
681 969 773 1023 καὶ
803 967 1016 1022 πάντων
1057 968 1167 1020 τῶν
1216 968 1354 1018 νοῶν
1407 962 1553 1018 πολὺ
1614 959 1858 1016 λείπεται

196 1047 233 1133 ἦ
265 1047 388 1126 καθ’
412 1063 566 1132 ἡμᾶς
599 1058 779 1132 ψυχή.
812 1056 916 1111 Καὶ
961 1056 997 1124 ἡ
1048 1054 1164 1108 θεία
1210 1052 1387 1107 τοίνυν
1427 1047 1704 1124 ἔλλαμψις
1736 1071 1860 1104 συν-

198 1154 422 1226 ηγμὲνη
481 1168 600 1209 πως
660 1143 874 1219 μᾶλλον
938 1142 1027 1197 καὶ
1108 1140 1510 1214 συνεσταλμένη
1581 1141 1860 1215 θεωρεῖται

199 1242 340 1316 πρὸς
394 1240 499 1307 τὴν
553 1239 670 1291 οἷον
729 1234 808 1296 εἰς
871 1239 1046 1305 μῆκος
1104 1231 1396 1286 ἀπόστασιν
1453 1235 1553 1299 τῆς
1610 1228 1686 1316 εἰς
1733 1228 1861 1283 Θεὸν

201 1314 583 1399 πλησιάσεως,
615 1325 918 1399 συνάγουσα
974 1321 1140 1376 οἰονεί
1193 1320 1329 1388 αὐτή
1360 1321 1395 1388 ἡ
1431 1319 1549 1373 θεία
1590 1314 1864 1390 ἔλλαμψις

203 1419 300 1487 τὴν
337 1415 546 1471 οἰκείαν
591 1411 892 1491 φανέρωσιν
942 1410 1079 1484 πρὸς
1134 1409 1197 1464 τὸ
1254 1406 1452 1463 ἔνιαῖον
1510 1406 1600 1462 καὶ
1658 1404 1866 1460 ἁπλοῦν

206 1509 376 1575 αὐτῆς
411 1502 690 1579 ἄγνωστον
721 1520 736 1534 ·
783 1498 1058 1575 ἄγνωστος
1097 1499 1198 1574 γάρ
1248 1495 1390 1552 ἐστιν
1430 1497 1458 1551 6
1489 1497 1618 1560 Θεὸς
1665 1494 1728 1549 οὐ
1777 1492 1867 1549 διὰ

204 1593 494 1652 ποικιλίαν
526 1589 920 1664 συλλογισμῶν
970 1587 1342 1664 ἀγνοουμένην
1373 1588 1532 1659 ἡμῖν,
1562 1583 1709 1640 ἀλλὰ
1731 1583 1867 1639 κατά

207 1683 411 1740 ἱνιαίαν
445 1681 570 1735 τινὰ
601 1679 737 1754 πρὸς
771 1679 839 1734 τά
867 1678 985 1742 καθ’
1015 1679 1188 1751 ἡμᾶς,
1221 1675 1340 1740 καθ’
1366 1675 1421 1731 ’ὲν
1474 1674 1566 1729 καὶ
1623 1673 1866 1742 καθάπαξ

208 1770 601 1840 ἀκατάληπτον
636 1765 924 1823 ἀθανασίαν
946 1769 1013 1823 ⁷⁸.

293 1949 635 2024 Ἐμπυρίως.
671 1943 1009 2019 Σημείωσαι,
1050 1942 1133 1998 ὅτι
1183 1941 1448 2018 ιμπῦριος
1497 1937 1708 2011 ἰδιότης
1757 1943 1863 1994 τῶν

219 2040 466 2117 σεραφίμ
519 2036 651 2106 ἔστι,
711 2034 804 2090 καὶ
877 2038 1016 2101 πῶς,
1073 2029 1306 2108 ἀγγέλου
1375 2028 1743 2104 καθαίροντος,
1803 2028 1870 2082 τὰ

223 2129 470 2206 σεραφίμ
499 2125 710 2198 εἴρηται
736 2122 1033 2198 καθαίρειν,
1065 2120 1154 2176 καὶ
1183 2121 1290 2195 πρὸ
1318 2119 1526 2174 τούτων
1559 2119 1587 2173 ὁ
1617 2119 1769 2206 Θεός.

289 2201 381 2274 ἒἨ,
410 2215 622 2291 ἱερέων.
659 2212 974 2286 Σημείωσαι
1031 2211 1114 2266 ὅτι
1171 2209 1224 2264 οἱ
1273 2210 1435 2285 ἱερεῖς
1497 2201 1870 2277 ὑποϐεϐήκασι

215 2311 307 2365 τὸν
336 2307 612 2381 ἱεράρχην
654 2322 666 2334 ·
700 2302 791 2357 καὶ
821 2299 903 2356 ὅτι
962 2297 1102 2356 ἄλλο
1133 2298 1385 2378 φωτίζειν
1434 2297 1524 2351 καὶ
1582 2293 1724 2350 ἄλλο
1775 2316 1869 2351 κα-

221 2399 427 2471 θαίρειν
461 2411 475 2425 ·
507 2393 596 2448 καὶ
628 2391 710 2447 ὅτι
771 2389 912 2446 ἄλλο
967 2388 1304 2464 λειτουργὸς,
1334 2385 1424 2440 καὶ
1480 2385 1622 2441 ἄλλο
1654 2383 1827 2460 ἱερεύς
1854 2405 1867 2418 ·

220 2486 309 2540 καὶ
365 2487 480 2538 τῶν
529 2481 720 2556 ἱερέων
776 2475 1176 2551 καθαιρούντων
1223 2473 1259 2543 ἢ
1310 2473 1677 2551 φωτιζόντων,
1705 2473 1733 2527 6
1792 2473 1873 2527 ἱε-

221 2573 440 2650 ράρχης
471 2569 689 2644 λέγεται
721 2571 898 2622 ποιεῖν
931 2567 1026 2620 ⁷⁸⁸.

293 2663 581 2732 Διατηρῶν
643 2657 960 2731 ἀτρίπτους.
992 2656 1114 2711 Ὅτι
1168 2653 1196 2707 6
1247 2652 1376 2714 Θεὸς
1427 2652 1455 2706 6
1511 2650 1600 2706 καὶ
1659 2649 1874 2706 πάντων

227 2750 437 2824 ὁμοίως
495 2752 606 2803 τῶν
663 2749 873 2814 νοητῶν
931 2740 1268 2816 δημιουργὸς
1304 2786 1320 2811 ,
1375 2739 1534 2802 αὐτὸς
1614 2737 1703 2794 καί
1779 2739 1876 2803 τὰς

225 2840 450 2915 πρώτας
499 2834 681 2896 οὐσίας
741 2830 954 2907 συνὲχεί
1012 2829 1104 2884 καὶ
1143 2826 1391 2902 διατηρεῖ
1419 2827 1553 2902 πρὸς
1617 2826 1872 2902 ἀτρεψίαν

227 2913 314 2982 καὶ
372 2920 793 2999 ἀμεταπτωσίαν
823 2939 836 2952 ·
869 2920 1165 2995 ἀτρέπτους
1220 2914 1279 2972 δὲ
1332 2922 1474 2971 νοεῖν
1535 2913 1618 2970 δεῖ
1665 2913 1875 2987 [αὐτὰς]

229 3018 344 3072 ευτ’
375 3015 550 3070 ἐκεῖνο
606 3013 724 3066 καθ’
782 3008 812 3065 ὅ
869 3007 1024 3078 εἰσιν,
1071 3010 1186 3062 οἷον
1247 3007 1323 3068 εἰς
1371 3007 1435 3061 τὸ
1491 3003 1769 3074 ἀθάνατον,
1797 3004 1876 3067 εἰς

224 3108 327 3175 τήν
390 3105 558 3173 ζωήν,
600 3101 719 3164 καθ’
748 3100 809 3170 ἣν
870 3097 1160 3152 οὗσίωνται
1205 3094 1282 3158 εἰς
1329 3095 1392 3150 τὸ
1440 3095 1569 3149 εἶναι
1628 3097 1741 3170 φῶς
1775 3112 1787 3125 °
1822 3092 1872 3148 ἐν

230 3195 448 3253 τούτοις
501 3191 604 3265 γάρ
659 3188 750 3243 καὶ
800 3180 1176 3261 ἀμεταϐόλους
1207 3180 1512 3250 οὐσιωδῶς,
1541 3182 1631 3237 καὶ
1690 3180 1766 3244 εῗς
1812 3183 1876 3238 τὸ

239 3285 313 3357 μή
391 3281 681 3354 τράπεσθαι
767 3276 843 3340 εἷς
928 3273 1196 3354 ἰκφύλους
1279 3269 1589 3346 ἰπιθυμίας,
1647 3270 1738 3326 ἅτε
1793 3270 1884 3325 καὶ

234 3369 634 3441 αὖτεξουσίους,
694 3366 722 3420 6
765 3365 895 3426 Θεὸς
945 3365 1158 3439 συνέχει
1206 3359 1404 3423 αὖτοὺς
1467 3359 1556 3415 καὶ
1615 3357 1882 3435 διατηρεῖ.

235 3460 313 3515 Τὸ
373 3459 472 3531 μὲν
529 3455 634 3530 γὰρ
693 3453 828 3529 πρὸς
860 3449 1019 3506 αὺτὸν
1047 3453 1091 3487 ⁷⁸
1142 3447 1503 3513 ἀνατείνεσθαι
1561 3453 1660 3517 τῆς
1713 3443 1887 3501 αὐτῶν

241 3549 354 3603 ἐστι
413 3551 605 3619 νοερᾶς
656 3543 1024 3616 προαιρέσεως
1057 3560 1070 3573 ·
1103 3539 1166 3594 τὸ
1222 3536 1280 3592 δὲ
1337 3536 1498 3592 εἰσαεὶ
1558 3535 1682 3608 περὶ
1727 3540 1888 3591 τοῦτο

245 3634 490 3709 διαρκεῖν
547 3640 642 3702 τῆς
690 3629 1037 3704 ἀντιλήψεως
1081 3627 1192 3683 ἔστι
1220 3630 1318 3682 τοῦ
1349 3629 1484 3682 Θεοῦ
1518 3643 1531 3657 '
1563 3623 1735 3680 πάντα
1784 3625 1888 3700 γὰρ

251 3722 423 3779 δεῖται
453 3723 599 3796 [τῆς]
629 3717 760 3776 Θεοῦ
795 3717 1074 3795 βοηθείας.

315 3815 376 3871 Ὁ
404 3812 579 3866 ταῦτά
631 3829 699 3883 με
741 3805 1034 3863 διδάσκων.
1064 3803 1402 3877 Σημείωσαι,
1430 3803 1513 3858 ὅτι
1556 3806 1723 3858 ταῦτα
1764 3804 1891 3876 παρ’

247 3903 432 3976 ἑτερου
463 3896 660 3972 ἔμαθεν
690 3899 718 3952 6
751 3895 918 3971 μέγας
952 3894 1254 3956 Διονύσιος.

312 3991 630 4066 Ἰεράρχης.
664 3983 1004 4059 Σημείωσαι,
1042 3982 1126 4039 ὅτι
1173 3983 1306 4056 μετὰ
1334 3981 1462 4036 Θεὸν
1489 3978 1756 4056 ἡγεμόνες
1803 3979 1894 4034 καὶ

249 4081 299 4133 οἰ
326 4080 592 4133 ἀνωτάτω
623 4073 938 4148 διάκοσμοι.

313 4164 581 4229 Θεοειδῶς
611 4165 880 4237 ἐμυήθην.
913 4163 975 4216 Ἣ
1003 4165 1100 4216 τοῦ
1132 4158 1364 4236 ἀγγέλου
1395 4157 1678 4230 ⁴ιτιθοιιιιοιία,
1701 4159 1895 4213 ὡσανεὶ

249 4256 578 4329 ὸκαθαίρων
633 4250 860 4329 ἄγγελος
911 4250 1003 4305 τὸν
1053 4247 1298 4318 Ἡσαΐαν,
1327 4253 1496 4303 ταῦτα
1547 4247 1694 4319 αὐτῷ
1745 4241 1898 4322 ἔλεγε

243 4346 365 4421 περὶ
389 4349 501 4400 τῶν
536 4341 799 4418 σεραφίμ.

312 4420 382 4490 Ἦ
441 4432 573 4505 παρ’
628 4430 842 4486 ἑαυτοῦ.
878 4429 992 4498 Τὴν
1052 4429 1169 4482 καθ’
1225 4420 1516 4502 ὑπέρϐασιν
1572 4429 1672 4481 τοῦ
1729 4423 1898 4500 ῥητοῦ

1963 523 2123 580 dicat
2153 542 2269 582 non
2303 543 2509 597 parum
2541 526 2874 599 discrepare
2903 528 2962 584 in
2993 531 3480 590 dissimilitudine
3511 536 3606 592 in-

1965 629 2300 685 corpoream
2335 632 2568 672 omnem
2601 616 3160 686 virtutem;multum
3191 621 3486 693 siquidem
3511 624 3612 681 Dei

1966 701 2382 760 similitudinis
2413 704 2629 760 habere
2658 721 2970 776 supremas
2993 714 3458 781 mentes,parum
3479 728 3616 768 vero

1966 789 2127 846 illius
2158 793 2312 862 quod
2347 791 2664 864 reliquum,
2696 799 2990 864 quatenus
3021 799 3197 852 etiam
3249 801 3390 856 ordo
3439 817 3614 873 expo-

1967 879 2097 945 scit,
2129 884 2365 936 czeteras
2395 886 2622 936 mentes
2654 898 2842 952 usque
2873 883 2944 938 ad
2976 887 3483 956 extremas;multo
3505 905 3615 944 au-

1965 971 2085 1023 tem
2119 967 2317 1024 minus
2343 969 2620 1026 extremis
2642 975 2874 1027 nostras
2895 972 3072 1029 etiam
3097 975 3620 1048 animas,quando-

1969 1055 2206 1126 quidem
2239 1057 2436 1112 anima
2468 1063 2667 1113 nostra
2696 1059 2768 1114 ab
2803 1061 3083 1118 omnibus
3130 1064 3430 1120 mentibus
3462 1066 3617 1121 mul-

1968 1150 2099 1200 tum
2159 1145 2354 1201 distet.
2400 1147 2471 1201 Et
2526 1147 2723 1202 divina
2778 1147 3298 1219 igiturillustratio
3329 1155 3619 1225 quodam-

1973 1234 2146 1289 modo
2169 1239 2372 1290 coacta
2404 1235 2522 1291 imo
2563 1241 2864 1292 contracta
2889 1238 3268 1312 conspicitur,
3330 1242 3390 1296 in
3441 1243 3619 1316 longa

1971 1321 2130 1378 velut
2158 1323 2439 1380 distantia
2470 1340 2745 1381 accessus
2776 1327 2848 1382 ad
2879 1326 3087 1395 Deum,
3149 1334 3435 1402 tanquam
3493 1332 3617 1387 haec

1974 1411 2175 1467 divina
2198 1411 2512 1469 illustratio
2572 1419 2803 1486 cogeret
2851 1416 3151 1487 propriam
3185 1420 3618 1476 manifestatio-

1976 1517 2111 1556 nem
2146 1500 2203 1556 in
2237 1518 2416 1558 unam
2447 1506 2505 1558 et
2534 1502 2866 1575 simplicem
2895 1504 2989 1560 sui
3017 1504 3414 1578 ignorantiam
3436 1509 3621 1580 :igno-

1974 1593 2074 1646 tus
2096 1590 2254 1646 enim
2285 1594 2376 1647 est
2408 1593 2558 1647 Deus
2589 1607 2702 1647 non
2735 1597 2974 1665 propter
3001 1594 3345 1652 varietatem
3388 1595 3624 1652 ratioci-

1976 1678 2283 1734 nationum
2316 1679 2485 1736 nobis
2506 1680 2903 1751 ignotam,sed
2935 1685 3264 1740 secundum
3297 1700 3475 1741 unam
3524 1685 3626 1741 ali-

1896 1801 1946 1867 B
1977 1783 2162 1867 uuam.
2278 1768 2452 1867 nobis
2483 1767 2829 1867 simpliciter
2868 1774 2926 1826 et
2964 1771 3232 1828 absolute
3286 1773 3626 1847 incompre-

1975 1855 2326 1911 hensibilem
2360 1857 2814 1929 ignorationem.

2046 1946 2157 2000 Per
2181 1946 2382 2016 ignem.
2405 1949 2553 2001 Nota
2584 1946 2814 2018 igneam
2847 1949 3266 2020 proprietatem
3294 1966 3424 2007 esse
3475 1967 3628 2008 sera-

1977 2033 2377 2106 phinorum;et
2407 2036 2699 2106 quomodo
2753 2037 2961 2109 angelo
2992 2043 3302 2111 purgante,
3326 2040 3630 2111 seraphini

1979 2122 2252 2178 dicantur
2276 2139 2550 2195 purgare,
2581 2127 2639 2180 et
2669 2130 2804 2181 ante
2833 2125 2940 2182 bos
2974 2132 3145 2182 Deus.

2047 2213 2152 2267 Aut
2179 2212 2539 2269 sacerdotum.
2572 2213 2724 2269 Nota
2774 2215 3110 2272 sacerdotes
3137 2231 3266 2272 esse
3324 2217 3632 2275 inferiores

1979 2299 2355 2372 praesulibus,
2385 2303 2444 2356 et
2470 2299 2630 2356 aliud
2660 2317 2790 2358 esse
2811 2301 3147 2359 illuminare
3177 2309 3235 2360 et
3265 2305 3428 2361 aliud
3488 2323 3630 2377 pur-

1981 2405 2119 2461 gare
2150 2405 2168 2458 ς
2197 2393 2374 2460 atque
2403 2388 2564 2444 aliud
2587 2406 2717 2446 esse
2750 2391 3106 2460 ministrum,
3138 2398 3197 2451 et
3237 2393 3396 2450 aliud
3431 2411 3625 2450 sacer-

1982 2479 2728 2567 dotem;sacerdotibusque
2756 2481 3150 2567 purgantibus
3190 2489 3293 2539 aut
3321 2482 3626 2539 illustran-

1981 2567 2162 2635 tibus,
2195 2567 2408 2638 praesul
2440 2566 2654 2622 dicitur
2682 2566 2890 2624 facere.

2055 2655 2388 2711 Conservam
2420 2656 2813 2712 immutabiles.
2858 2661 3040 2713 Deum
3089 2658 3354 2715 omnium
3408 2662 3629 2732 pariter

1983 2743 2444 2816 intelligibilium
2474 2747 3052 2818 creatorem,primas
3082 2763 3314 2820 quoque
3335 2751 3625 2806 essentias

1985 2832 2280 2889 continere
2301 2837 2358 2888 et
2374 2849 2718 2890 conservare
2735 2823 2806 2891 ne
2830 2834 3222 2891 immutantur
3245 2841 3302 2892 et
3321 2838 3622 2908 decidant;

1983 2920 2386 2978 immutabiles
2414 2939 2547 2978 vero
2602 2922 2928 2996 intelligere
2983 2928 3209 2995 oportet
3250 2925 3310 2980 in
3341 2924 3441 2980 illo
3472 2928 3632 2997 quod

1986 3010 2382 3068 substantiam
2402 3010 2611 3082 tangit,
2631 3011 2788 3066 velut
2817 3012 2877 3067 in
2908 3011 3371 3081 immortalitate,
3401 3015 3462 3070 in
3494 3015 3635 3084 vita,

1987 3099 2314 3155 secundum
2361 3115 2538 3169 quam
2587 3099 2904 3156 essentiam
2950 3107 3318 3174 acceperunt,
3376 3103 3438 3158 in
3479 3104 3631 3160 exsi-

1909 3165 1952 3232 α
1991 3188 2194 3244 stendo
2223 3165 2450 3243 lumen:
2474 3186 2567 3244 his
2596 3188 2750 3243 enim
2784 3165 3182 3246 immutabiles
3239 3165 3379 3246 sunt
3433 3207 3636 3247 essen-

1991 3278 2228 3345 tialiter,
2283 3282 2341 3332 et
2395 3293 2467 3332 ne
2523 3282 2832 3333 mutentur
2878 3278 2938 3333 in
2981 3283 3208 3336 exteras
3263 3280 3637 3352 cupiditates,

1994 3372 2060 3422 ut
2088 3383 2216 3438 quas
2268 3371 2408 3420 sunt
2466 3365 2634 3421 liberi
2695 3366 2948 3435 arbitrii,
2997 3368 3151 3423 Deus
3183 3369 3444 3425 continet
3473 3369 3638 3440 ipsas

1995 3460 2054 3512 et
2073 3457 2398 3510 conservat.
2431 3454 2494 3508 In
2527 3453 2710 3526 ipsam
2738 3454 2896 3510 enim
2927 3455 3154 3525 (Deum)
3207 3457 3509 3513 intendere
3567 3458 3640 3514 ab

1996 3542 2344 3614 iutelligenti
2375 3559 2579 3598 eorum
2609 3542 2857 3598 consilio
2890 3544 3126 3615 pendet,
3161 3559 3394 3615 semper
3441 3550 3637 3601 autem

1998 3632 2058 3687 in
2078 3632 2192 3688 isto
2218 3646 2654 3702 perseverarea
2708 3630 2809 3686 Dei
2868 3631 3084 3701 pendet
3141 3630 3381 3698 auxilio,
3439 3633 3639 3688 omnia

1999 3719 2156 3776 enim
2186 3719 2287 3775 Dei
2320 3718 2538 3774 auxilio
2569 3735 2718 3790 Opus
2750 3718 2988 3774 habent.

2074 3812 2181 3879 Qui
2220 3809 2336 3864 haec
2358 3824 2444 3864 me
2483 3807 2724 3864 docebat.
2763 3811 2914 3863 Nota
2960 3822 3242 3879 magnum
3299 3807 3641 3881 Dionysium

2002 3898 2124 3954 haec
2147 3897 2220 3954 ab
2250 3895 2363 3952 alio
2393 3895 2690 3951 didicisse.

2070 3991 2174 4044 44
2194 3985 2518 4042 Hierarcha.
2552 3984 2701 4040 Nota
2750 3988 2882 4058 post
2909 3986 3106 4054 Deum,
3167 3984 3462 4057 principes
3515 4002 3647 4042 esse

2003 4091 2314 4148 supremos
2345 4075 2603 4130 ordines.

2074 4165 2426 4235 Dei/“cmiter
2474 4161 2690 4218 edoctus
2733 4164 2864 4228 fuit.
2899 4161 3081 4219 Fictio
3135 4177 3371 4217 morum
3426 4163 3641 4235 angeli,

2003 4255 2284 4323 tanquam
2317 4249 2562 4322 angelus
2586 4250 2800 4305 Isaiam
2827 4266 3182 4323 expurgans,
3207 4249 3326 4306 haec
3347 4249 3431 4305 illi
3451 4251 3522 4306 de
3553 4267 3647 4306 se-

2006 4339 2274 4412 raphinis
2304 4339 2542 4394 diceret.

2077 4435 2186 4486 Aut
2209 4443 2308 4500 per
2326 4426 2726 4483 :e.8ententim
2746 4426 2925 4498 hujus
2947 4426 3306 4499 constructio
3318 4427 3646 4483 secundum

243 4520 486 4591 σύνταξιν
550 4517 686 4592 μετά
748 4516 978 4572 πλεῖστα
1043 4512 1443 4588 ἀποδιδομένην
1505 4515 1647 4569 οὕτω
1704 4533 1867 4568 συντα

1998 4515 2532 4590 transgressionem
2565 4520 2697 4586 post
2728 4515 2986 4587 plurima
3023 4516 3369 4572 redeuntem
3419 4517 3503 4570 sic
3559 4520 3649 4570 est

240 4611 392 4666 κτέον
431 4631 445 4644 ο
476 4612 580 4673 τῆς
638 4613 737 4676 σῆς
784 4603 828 4660 δ’
856 4604 916 4659 ἃν
982 4603 1066 4676 εἷή
1109 4610 1300 4680 νοερᾶς
1349 4604 1680 4676 ἰπιστήμης,
1710 4603 1745 4671 ἢ
1792 4602 1892 4670 τήν

243 4699 421 4754 αἰτίαν
478 4696 683 4766 ταύτην
743 4691 1009 4764 δέξασθαι,
1067 4692 1102 4762 ἢ
1160 4693 1287 4768 παρ’
1344 4693 1536 4748 ἑαυτοῦ
1603 4691 1798 4763 εὑρεῖν,
1857 4689 1893 4759 ἢ

243 4791 373 4865 παρ’
404 4785 594 4858 ἑτερου
628 4789 838 4856 μαθεῖν,
871 4783 962 4837 καὶ
1009 4781 1351 4856 ἀνακαλύψαι
1405 4779 1617 4854 μᾶλλον
1676 4779 1848 4851 ἑαυτῷ
1879 4799 1892 4813 ·

243 4875 395 4950 εἴπερ
430 4873 489 4930 Si
519 4873 634 4929 οἷόν
665 4893 724 4927 τε
753 4872 843 4926 καὶ
901 4869 1026 4943 ἰμοί
1077 4870 1338 4933 ὡσαύτως
1382 4867 1723 4942 ἀνακαλύψαι
1769 4868 1894 4942 περὶ

243 4965 495 5040 ἀγγέλων
528 4962 758 5039 ἐραστὴν
801 4961 1056 5032 θεωρίαν.
1089 4960 1166 5017 Τὸ
1221 4964 1451 5031 τιμῆσαι
1513 4954 1570 5012 δὲ
1626 4955 1743 5011 ἀντὶ
1798 4961 1895 5011 τοῦ

239 5059 606 5128 προτιμῆσαι.
660 5049 1029 5124 [Σημείωσαι,
1078 5047 1162 5104 ὅτι
1216 5049 1312 5110 τὰς
1369 5051 1466 5102 τοῦ
1523 5050 1660 5101 Θεοῦ
1718 5042 1893 5108 δόσεις

237 5144 596 5216 προξενοῦσιν
624 5141 762 5211 ἡμῖν
794 5138 847 5193 οἰ
879 5134 1148 5214 ἄγγελοι.]

2003 4605 2436 4663 construenda:
2469 4608 2582 4659 tuae
2613 4619 2746 4659 vero
2777 4603 3157 4675 intelligentis
3181 4604 3441 4660 scientiae
3469 4607 3645 4669 esset,

2002 4699 2105 4751 aut
2133 4709 2374 4749 causam
2407 4691 2556 4747 hanc
2589 4691 2923 4760 admittere,
2957 4695 3060 4747 aut
3090 4707 3192 4763 per
3242 4699 3297 4747 te
3355 4691 3641 4760 invenire,

2004 4787 2106 4840 aut
2137 4783 2208 4838 ab
2265 4780 2380 4836 alio
2409 4779 2657 4848 discere,
2679 4783 2736 4835 et
2766 4781 2960 4852 potius
2989 4780 3097 4836 tibi
3145 4778 3403 4836 revelare
3434 4797 3448 4834 :
3497 4777 3642 4850 quin

2003 4871 2181 4928 etiam
2213 4870 2261 4926 si
2293 4868 2420 4925 fieri
2450 4869 2638 4941 possit
2666 4868 2812 4924 mihi
2843 4867 3119 4925 similiter
3145 4867 3386 4924 charam
3417 4869 3488 4925 de
3536 4884 3640 4923 an-

1999 4960 2146 5033 gelis
2177 4957 2732 5030 contemplationem
2775 4956 3051 5013 revelare.
3107 4959 3347 5027 Τιμῆσαι
3404 4955 3648 5028 ponitur

2000 5064 2104 5120 pro
2134 5044 2974 5120 προτιμῆσαι,ριδωῐθι·ι“ο.[Νοια
3001 5059 3138 5100 vero
3172 5043 3414 5116 angelos
3445 5043 3646 5100 divina

2003 5138 2159 5193 dona
2188 5136 2358 5192 nobis
2381 5133 2866 5204 communioare.]

1282 5324 1524 5382 VARIJE
1563 5321 1955 5380 LECTIONES
1994 5321 2082 5380 ET
2119 5318 2660 5377 CORRECTIONES

577 5471 768 5564 τρίως.
790 5470 1090 5564 Μ”λμὲχρι
1116 5472 1224 5564 τῖὲν
1255 5467 1522 5564 ἐσχάτων,
1554 5467 1674 5564 post

1751 5486 1842 5523 νον
1871 5463 1930 5520 δὲ
1957 5464 2084 5545 τοὺς
2115 5464 2228 5545 μετ’
2261 5461 2476 5545 aii-robe,
2506 5461 2594 5545 καὶ
2625 5456 2704 5514 ἔτι
2737 5459 3020 5545 ὑφειμενον
3047 5457 3174 5522 τοὺς
3218 5457 3655 5545 ὑποδεεστᾶρους,

327 5473 371 5506 τε
405 5474 467 5506 ...ἓ

327 5474 371 5507 τ⁸
404 5474 475 5544 μή
506 5474 768 5600 Σιετρίως.
845 5474 892 5506 ’³⁵
923 5474 1090 5544 μέχρι
1116 5474 1224 5524 τῶν
1255 5474 1522 5545 ἐσχάτων,
1556 5474 1842 5558 ὑφειρίνον
1871 5494 1872 5503 ι

247 5544 486 5650 iis:
515 5537 1740 5650 nisi}:“1:93.27.firmum“
1815 5539 1861 5574 ⁷⁵

1996 5474 2084 5528 οὺς
2115 5474 2228 5537 μετ’
2261 5474 2476 5534 αὐτους,
2506 5474 2594 5518 καί
2625 5474 2704 5514 ἔτι
2737 5474 3020 5545 ὑφειμενον
3047 5474 3174 5522 τους
3218 5474 3655 5533 υποοεεστερους,

1996 5538 2155 5609 'hym.
2171 5533 2454 5610 ἀγνωσίαν,
2467 5538 2561 5592 cui
2579 5533 2992 5592 assenttendum
3011 5549 3224 5604 censeo,
3240 5536 3369 5606 quia
3399 5533 3658 5588 ἀθανασία

256 5617 366 5672 hoc
390 5619 486 5675 loci
514 5611 874 5693 ἀν’ἀρμοστεῖ.
951 5615 1016 5650 ⁷⁸⁸
1051 5611 1344 5689 καθαίρειν.
1421 5611 1466 5650 ⁷⁸
1497 5611 1647 5668 Θεόν.
