4042 6210
428 307 528 360 103
1245 313 1609 367 APPENDIX
1646 315 1743 366 AD
1782 311 2023 367 OPERA
2059 309 2117 362 Β.
2156 304 2472 361 DIONYSII
2509 303 3012 365 AREOPAGITE.
3734 313 3836 368 104

493 433 909 509 Ιηιενρίνειίὸιιδ.
952 435 1287 505 Considera,
1317 436 1433 492 Deo
1478 437 1647 493 nobis
1679 437 1739 492 in
1771 433 2059 508 apertione

2254 426 2682 504 Προξενοὺντων.
2746 429 2966 498 Σκόπει,
3028 425 3138 501 ὅτε,
3191 434 3325 485 Θεοῦ
3404 428 3646 496 διδόντος
3695 437 3834 509 ἡμῖν

429 522 548 578 oris
581 508 767 578 nostri
792 524 1033 579 verbum
1065 525 1500 598 suppeditante,
1531 526 1770 598 angelos
1799 524 2062 598 pararios

429 627 623 684 agere,
656 617 812 684 palet
841 629 942 670 eos
971 630 1074 686 pro
1098 614 1290 683 nobis,
1312 617 1594 687 tanquam
1627 617 1850 688 legatos
1879 615 2062 670 inter-

429 701 654 757 cedere.

1028 791 1101 846 IN
1133 792 1289 848 CAP.
1330 793 1462 849 XIV

494 880 658 935 Mille.
695 882 822 934 Haec
851 878 907 934 in
943 880 1172 936 Daniele
1211 881 1386 938 dicta.

499 970 1534 1039 Inﬁmumetcontractumlnﬁrmum
1557 971 1798 1026 modum
1821 968 2062 1038 vocavit,

425 1074 739 1113 numerum
761 1058 1090 1125 hominum,
1115 1065 1380 1132 respectu
1401 1060 1631 1116 numeri
1679 1058 2017 1132 angelorum
2047 1073 2060 1111 :

423 1147 645 1202 dictum
665 1146 956 1217 siquidem
996 1152 1086 1203 est
1136 1150 1448 1220 aquodam
1479 1149 1613 1217 alio,
1675 1148 1901 1206 scilicet
1964 1147 2062 1202 Di-

421 1237 595 1306 dymo
611 1252 798 1290 caeco:
832 1235 1164 1309 Nonaginta
1195 1253 1400 1293 novem
1422 1255 1556 1294 oves
1602 1255 1731 1294 esse
1781 1235 2060 1310 angelos:

421 1340 599 1379 unam
632 1327 829 1380 autem
862 1341 988 1396 quae
1021 1325 1290 1398 perierat,
1319 1341 1448 1382 esse
1479 1343 1587 1384 nos
1615 1326 1905 1383 homines.

489 1503 755 1558 Scienter.
801 1503 969 1569 Nota,
1003 1521 1139 1560 eum
1172 1505 1367 1561 dicere
1397 1506 1817 1578 angelosipsos
1877 1506 2060 1562 scien-

419 1595 529 1657 ter,
557 1608 673 1646 non
702 1591 978 1663 discipuli
1013 1593 1197 1648 instar
1229 1594 1524 1666 opinando
1558 1611 1908 1667 cognoscere
1965 1597 2062 1652 de-

419 1680 737 1750 ﬁnitiones,
761 1680 938 1736 veluti
996 1687 1256 1753 quantus
1286 1683 1366 1738 sit
1413 1683 1738 1739 caelestium
1771 1685 2058 1740 essentia-

421 1785 554 1824 rum
588 1785 868 1826 numerus
900 1787 933 1826 a
961 1770 1078 1826 Deo
1108 1772 1286 1827 etiam
1316 1771 1376 1827 in
1410 1772 1521 1828 isto
1549 1772 1896 1829 illustratos.

1023 1946 1096 2002 IN
1137 1946 1290 2002 CAP.
1333 1947 1457 2002 XV.

489 2034 516 2108 §
549 2037 771 2091 I.Prout
794 2035 1822 2105 angelosdecet.Sioutlinteum,sicut
1861 2037 2058 2109 carbo,

491 2125 693 2180 Sensus
727 2125 1040 2194 anagogici,
1096 2124 1194 2180 Gr.
1269 2123 1676 2198 ἀνακαθάρσεις.
1733 2125 2060 2202 Ἀνακαθάρ·

420 2233 528 2274 auc
558 2218 726 2270 vocat
772 2213 1294 2284 interpretationes
1349 2214 1467 2269 vim
1523 2217 1849 2287 exponendi
1911 2216 2058 2274 ritus

419 2303 702 2358 habentes
733 2318 836 2374 per
857 2318 1006 2374 quas
1037 2301 1204 2372 signa
1233 2319 1362 2374 quas
1392 2303 1452 2358 in
1481 2303 1554 2360 iis
1585 2321 1713 2376 quas
1755 2305 2054 2375 dicuntur,

420 2392 678 2447 absurda
705 2391 999 2458 videntur,
1026 2396 1443 2461 expurgantur.

487 2481 626 2537 Nam
655 2481 706 2534 si
742 2481 991 2551 quidem.
1023 2479 1210 2550 Supra
1239 2481 1394 2536 enim
1417 2481 1660 2550 dixerat,
1723 2484 2056 2556 superiores

415 2571 664 2627 virtutes
695 2584 858 2622 sacro
891 2559 1140 2638 imperio
1167 2585 1418 2640 praeesse
1441 2573 1830 2642 sequentibus
1861 2579 1920 2630 et
1943 2591 2055 2630 me-

413 2658 540 2712 dias
571 2657 1021 2729 posterioribus,
1055 2665 1113 2715 et
1144 2676 1348 2716 earum
1376 2661 1730 2732 posteriores
1753 2663 1895 2718 viris
1919 2679 2060 2734 pon-

416 2746 699 2802 tificibus.
734 2747 860 2802 Non
885 2747 1042 2802 enim
1076 2747 1243 2816 dixit,
1276 2750 1551 2804 eumdem
1584 2751 1848 2805 ordinem
1881 2751 2062 2824 impe-

418 2851 548 2890 rare
579 2836 986 2906 sequentibus,
1019 2841 1077 2892 et
1107 2837 1180 2892 ab
1234 2837 1442 2892 iisdem
1502 2838 1662 2910 regi;
1712 2855 1914 2894 verum
1978 2841 2060 2894 ita

421 2923 589 2990 dixit,
622 2923 873 2994 primum
903 2925 1165 2981 ordinem
1190 2926 1475 2998 imperare
1496 2927 1732 2998 quidem
1757 2928 2026 3000 sequenti
2044 2959 2059 2970 -

426 3013 558 3077 bus,
596 3013 718 3084 regi
750 3029 883 3069 vero
914 3031 948 3070 a
977 3015 1460 3086 praecedentibus:
1481 3016 1563 3071 sic
1591 3032 1826 3088 quoque
1855 3017 1912 3072 in
1945 3033 2060 3073 cae-

425 3101 570 3156 teris
590 3101 1057 3173 intelligendum.

2164 1674 2293 1738 τοὺς
2366 1674 2650 1750 ὁρισμοὺς,

2173 516 2339 592 λόγον
2373 515 2424 571 ἐν
2459 517 2658 588 ἀνοίξει
2687 521 2784 572 τοῦ
2832 517 3103 592 στόματος
3149 521 3334 592 ἡμῶν,
3368 517 3591 598 ἄγγελοι
3634 525 3835 599 προξεο

2171 611 2346 677 νοῦσι,
2379 603 2550 676 δῆλον
2587 607 2663 669 ὡς
2699 607 2828 683 ὑπὲρ
2860 609 3022 681 ἡμῶν
3054 603 3466 683 πρεσϐεύοντες.

2667 790 2781 841 ΕΙΣ
2823 789 2916 843 ΤΟ
2957 791 3194 842 ΚΕΦΑΛ
3234 789 3313 844 ΙΔ¹

2244 873 2462 932 Χιλίας.
2497 877 2671 929 Ταῦτα
2701 873 2753 930 ἐν
2780 879 2860 946 τῷ
2889 873 3096 944 Δανιὴλ
3129 874 3366 952 εἴρηται.

2241 966 2348 1034 Τὴν
2390 965 2583 1033 ἀσθενῆ
2635 964 2724 1017 καὶ
2771 961 3225 1038 συνεσταλμένην.
3258 966 3484 1036 Ἀσθενῆ
3535 969 3836 1044 συμετρίαν

2172 1051 2393 1109 ἐκάλεσε
2439 1053 2531 1108 τὸν
2582 1056 2692 1108 τῶν
2741 1052 3044 1128 ἀνθρώπων
3096 1055 3324 1127 ἀριθμὸν
3377 1056 3517 1129 πρὸς
3565 1056 3658 1111 τὸν
3720 1062 3836 1111 τῶν

2172 1142 2416 1218 ἀγγέλων
2450 1161 2462 1174 ·
2527 1138 2736 1218 εἷ’ρηται
2823 1142 2922 1217 γὰρ
2997 1142 3088 1196 καὶ
3164 1143 3332 1217 ἑτέρῳ
3410 1144 3542 1216 τινὶ,
3598 1143 3833 1220 Διδόμῳ

2173 1226 2427 1297 δηλονότι
2455 1235 2536 1303 τῷ
2573 1228 2766 1309 τυφλῷ
2797 1249 2810 1264 ⁸
2841 1230 2916 1285 Τὰ
2947 1232 3039 1304 μὲν
3074 1229 3430 1302 ἐννενήκοντα
3477 1231 3631 1288 ἐννέα
3681 1234 3838 1309 πρό-

2171 1315 2305 1375 ϐατα
2363 1320 2490 1374 εἶναι
2547 1318 2676 1382 τοὺς
2733 1317 3001 1394 ἀγγέλους
3035 1338 3049 1354 ·
3081 1321 3143 1376 τὸ
3203 1317 3260 1375 δὶ
3305 1321 3360 1376 ἓν
3408 1322 3470 1376 τὸ
3523 1320 3832 1386 ἀπολωλὸς

2169 1411 2204 1478 ὴ
2216 1415 2316 1481 μᾶς
2343 1409 2470 1471 τοὺς
2505 1409 2843 1484 ἀνθρώπους.

2242 1498 2588 1559 Γνωστικῶς.
2659 1497 2997 1570 Σημείωσαι,
3066 1496 3151 1553 δτι
3233 1497 3323 1553 καὶ
3409 1499 3609 1562 αὐτοὺς
3693 1501 3830 1563 τοὺς

2169 1583 2434 1660 ἀγγέλους
2491 1585 2622 1660 φησί
2688 1591 3026 1662 γνωπικῶς,
3085 1586 3148 1641 οὐ
3230 1588 3564 1659 μαθητικῶς,
3623 1586 3827 1644 εἰδέναι

2731 1675 2900 1730 οἱονεὶ
2981 1675 3064 1743 τὸ,
3125 1676 3294 1738 πόσος
3366 1681 3473 1732 τῶν
3550 1677 3825 1752 οὐρανίων

2168 1762 2366 1816 οὐσιῶν
2401 1763 2691 1838 ὑπάρχειὸ
2731 1763 2984 1838 ἀριθμὸς,
3017 1763 3078 1818 ἐκ
3125 1769 3258 1818 Θεοῦ
3303 1763 3395 1819 καὶ
3444 1769 3608 1820 τοῦτο
3655 1787 3825 1843 φωτιο

2169 1850 2410 1916 σθέντας.

2637 1945 2748 1995 ΕΙΣ
2787 1941 2880 1998 ΤΟ
2918 1944 3183 1999 ΚΕΦΑΛ.
3227 1941 3328 1999 ΙΕ’.

2239 2035 2267 2100 §
2299 2031 2341 2087 Ι.
2373 2029 2871 2105 Ἀγγελοπρεποῦς.
2903 2031 2992 2093 Ὧς
3020 2029 3204 2098 ὀθόνη,
3245 2030 3319 2092 ὡς
3348 2031 3560 2105 ἄνθραξ.

2240 2120 2671 2194 ’Δνακαθάρσεις,
2708 2120 3121 2196 Ἀνακαθάρσεις
3163 2121 3296 2198 φησὶ
3338 2122 3435 2184 τὰς
3486 2121 3818 2196 έξηγήτικᾶς

2167 2209 2478 2283 ἑρμηνείας,
2513 2207 2581 2264 δι’
2613 2211 2686 2264 ὧν
2713 2211 3058 2285 καθαίρονται
3087 2213 3196 2264 τῶν
3224 2208 3276 2265 ἐν
3323 2216 3441 2272 τοῖς
3485 2209 3820 2286 λεγομένοις

2169 2295 2475 2354 δοκούντων
2508 2300 2722 2354 ἀτόπων
2751 2300 2821 2355 τὰ
2847 2293 3122 2373 σύμϐολα.

2237 2477 2302 2534 Εἰ
2361 2478 2454 2551 μὲν
2513 2477 2636 2554 γάρ.
2696 2479 2842 2535 "Avo:
2899 2478 3001 2554 γὰρ
3058 2477 3226 2550 εἶπεν,
3285 2475 3368 2532 ὅτι
3435 2480 3493 2532 αἱ
3549 2479 3817 2553 ἀνώτεραι

2169 2565 2422 2640 δυνάμεις
2479 2567 2796 2643 ἱεραρχοῦσι
2852 2567 2947 2628 τὰς
3009 2567 3126 2639 μετ’
3171 2567 3354 2635 αὑτὰς,
3402 2567 3494 2622 καὶ
3547 2568 3602 2622 αἱ
3657 2569 3817 2641 μέσαι

2165 2659 2260 2719 τὰς
2321 2658 2565 2732 ὑστέρας,
2597 2659 2687 2712 καὶ
2745 2658 2798 2711 αἱ
2856 2657 3070 2733 ὕστεραι
3130 2657 3306 2712 αὐτῶν
3350 2658 3478 2721 τοὺς
3511 2657 3564 2712 έν
3593 2659 3818 2734 ἀνηρώ-

2167 2767 2291 2807 ποις
2347 2745 2626 2822 ἱεράρχας.
2659 2743 2790 2800 Οὔτε
2846 2747 2951 2822 γὰρ
3011 2745 3180 2818 εἶπεν,
3235 2745 3317 2801 ὅτι
3375 2749 3409 2816 ἡ
3470 2746 3606 2817 αὑτὴ
3661 2746 3817 2817 τάξις

2167 2834 2257 2889 καὶ
2306 2832 2466 2910 ἄρχει
2507 2839 2585 2907 τῷ
2606 2837 2653 2871 ’⁷⁷
2687 2836 2801 2908 μετ’
2833 2834 3025 2904 αὐτὴν,
3054 2835 3144 2890 καὶ
3194 2833 3421 2911 ἄρχεται
3472 2836 3562 2890 ὑπ’
3610 2835 3816 2906 αὐτῶν,

2168 2919 2293 2978 ἀλλ’
2354 2922 2526 2985 οὕνως
2581 2924 2746 2993 εἶπεν,
2806 2925 2889 2978 ὅτι
2946 2927 2980 2994 ἡ
3040 2926 3232 2998 πρώτη
3285 2923 3432 2995 τάξις
3491 2923 3650 3000 ἄρχει
3716 2927 3817 2998 μὲν

2168 3012 2334 3082 αὐτὴν
2366 3015 2458 3082 7'“,
2492 3011 2715 3089 ἄρχεται
2763 3010 2819 3067 δὲ
2867 3013 2971 3068 ὑπὸ
3015 3018 3123 3068 τῶν
3174 3014 3280 3090 πρὸ
3310 3013 3476 3084 αὐτῆς
3497 3033 3511 3046 ⁶
3546 3013 3690 3068 οὕτω
3722 3015 3819 3069 καὶ

2173 3100 2247 3162 εἷς
2275 3102 2342 3155 τὰ
2368 3102 2492 3172 ἑξῆς
2522 3101 2771 3172 νοητέον.

494 3192 634 3246 Nam
661 3193 713 3246 si
741 3207 801 3246 in
829 3193 1002 3247 sacris
1031 3194 1168 3265 reqi.
1204 3192 1319 3248 Hoc
1346 3191 1470 3247 vult
1499 3193 1711 3261 dicere,
1747 3194 1796 3250 ei
1853 3196 2059 3251 dixeri-

2242 3190 2306 3247 Εἰ
2522 3165 2621 3266 γὰρ
2673 3192 3063 3266 ἱεραρχεῖσθαι.
3116 3193 3186 3249 "0
3243 3213 3374 3270 φησι
3429 3190 3585 3247 τοῦτό
3643 3191 3819 3262 ἐστιν,

425 3296 561 3336 mus
590 3280 809 3352 primos
829 3280 1062 3336 ordines
1093 3296 1258 3335 sacro
1286 3280 1533 3352 imperio
1567 3298 1814 3352 praeesse
1841 3289 2061 3354 postre-

424 3368 559 3438 mis,
580 3368 789 3422 deinde
812 3367 1070 3424 vicissim
1095 3373 1422 3440 postremos
1453 3385 1619 3425 sacro
1639 3370 1882 3442 imperio
1914 3389 2057 3443 pra:-

2166 3280 2272 3347 ὅτι,
2323 3279 2368 3334 εί
2424 3281 2520 3342 τὰς
2564 3281 2783 3356 πρώτας
2831 3280 3006 3351 τάξεις
3055 3279 3314 3355 ἐλέγομεν
3372 3282 3646 3357 ἱεραρχεῖν
3704 3287 3820 3337 τῶν

2163 3365 2512 3440 τελευταίων,
2545 3371 2660 3423 εἶτα
2702 3366 2866 3423 πάλιν
2914 3367 3076 3430 αὑτὰς
3121 3370 3220 3432 τὰς
3265 3367 3576 3431 τελευταίας
3626 3371 3816 3445 ἱεραρ-

421 3473 552 3512 esse
585 3455 792 3528 primis
819 3456 1150 3526 ordinibus,
1184 3474 1216 3512 a
1247 3457 1464 3528 quibus
1495 3459 1591 3515 45
1655 3459 1832 3514 etiam
1892 3477 2057 3516 sacro

2188 3461 2284 3530 (εῖν
2342 3461 2448 3510 τῶν
2502 3457 2733 3531 πρώτων
2780 3457 3002 3530 τάξεων,
3030 3458 3118 3534 ὑφ’
3149 3459 3220 3512 ὧν
3267 3459 3356 3514 καὶ
3400 3459 3812 3534 ἱεραρχοῦνται,

421 3544 667 3616 imperio
693 3549 998 3616 reguntur‘
1031 3546 1288 3602 absurda
1315 3550 1405 3602 est
1435 3547 1744 3602 sententia.

2188 3543 2363 3600 ἴτοπον
2395 3550 2624 3620 πρᾶγμα
2651 3547 2716 3614 ἦν
2729 3590 2740 3604 .

491 3632 648 3687 Haud
678 3633 994 3704 incongrue.
1027 3634 1152 3689 Non
1184 3634 1505 3690 absurdum
1533 3636 1747 3706 inquit,
1771 3636 2059 3710 imagines

2236 3633 2352 3690 Οὐκ
2406 3633 2728 3696 ἀπεικότως.
2789 3634 2903 3692 Οὔκ
2972 3631 3170 3690 ἄτοπόν
3245 3656 3378 3713 φησι
3426 3635 3521 3698 τὰς
3573 3635 3627 3690 ἐν
3682 3642 3810 3698 τοῖς

420 3737 548 3794 quis
579 3720 637 3775 in
667 3721 880 3778 divinis
902 3723 1200 3793 responsis
1213 3723 1520 3796 Scriptura.-
1536 3724 1907 3797 reperiuntur
1925 3727 2059 3781 uni-

2188 3723 2376 3800 ιογίοις
2430 3729 2530 3792 τῆς
2582 3729 2800 3800 Γραφῆς
2859 3722 3072 3786 εἷ’κόνας
3127 3725 3327 3786 πάσαις
3390 3730 3508 3786 ταῖς
3579 3724 3834 3799 ἐπουρα-

419 3807 605 3864 versis
633 3807 972 3865 ccelestibus
999 3808 1318 3866 virtutibus
1378 3810 1718 3883 attribuere,
1775 3817 2057 3886 tanquam

2188 3813 2306 3874 Ιίαις
2366 3809 2625 3884 δυνάμεσι
2679 3812 3030 3882 περιτιθέναι,
3064 3813 3138 3875 ὡς
3197 3815 3392 3883 πάσας,
3434 3815 3560 3891 φέρε
3613 3815 3815 3883 εἰπεῖν,

421 3910 628 3951 omnes
659 3895 798 3962 sint,
831 3902 896 3953 ut
926 3898 1007 3953 ita
1037 3898 1251 3966 dicam,
1285 3900 1571 3957 sublimes
1602 3905 1660 3956 et
1688 3902 1976 3959 salutares
2005 3908 2062 3960 et

421 3983 700 4044 scientes,
732 3984 843 4038 etsi
876 4001 990 4040 non
1023 3987 1327 4057 equaliter
1353 3989 1487 4055 ;sed
1523 3989 1610 4044 bis
1668 3992 1906 4062 quidem
1964 4009 2058 4048 ex-

421 4067 713 4137 cellentes,
739 4068 862 4123 ista:
891 4087 1025 4126 vero
1058 4074 1329 4129 remissa.

492 4155 572 4212 Ad
593 4157 899 4213 anteriora.
930 4158 1210 4229 Superius
1237 4165 1295 4216 et
1323 4162 1611 4218 eminens.

495 4335 522 4401 §
553 4333 623 4389 Il.
660 4333 1042 4404 Incipiendum
1067 4338 1120 4389 et
1148 4337 1527 4405 quaerendum.
1591 4339 1780 4414 [Nota]
1839 4359 1944 4398 cur
1999 4344 2058 4400 in

2168 3903 2302 3957 εἶναι
2366 3899 2600 3975 ὑψηλὰς,
2631 3901 2722 3956 καὶ
2753 3901 3077 3976 σωτηρίους,
3109 3901 3199 3956 καὶ
3257 3902 3572 3977 γνωστικὰς,
3619 3902 3665 3957 εἷ
3720 3904 3816 3958 καὶ

2171 3991 2246 4063 μή
2307 3989 2562 4063 ὁμοίως·
2605 3986 2753 4044 ἀλλᾶ
2804 3990 2901 4053 τὰς
2979 3989 3074 4062 μὶν
3133 3989 3550 4066 ὑπερκείμένως,
3606 3991 3704 4051 τὰς
3761 3988 3820 4045 δὲ

2169 4079 2493 4157 ὑφειμένως.

2240 4167 2342 4224 Καὶ
2396 4167 2461 4222 τὸ
2515 4167 2650 4243 πρὸς
2713 4167 2776 4222 τὸ
2853 4169 3093 4230 ἄναντες.
3143 4167 3440 4242 ’Δνώτερον
3497 4167 3586 4222 καὶ
3649 4167 3818 4242 ὑπερ-

2167 4256 2446 4329 κείμενον.
2749 4325 2752 4334 Ι

2239 4348 2360 4417 §lI.
2389 4345 2641 4420 Ἀρκτέον
2698 4346 2788 4401 καὶ
2839 4350 3124 4418 ζητητέον.
3154 4344 3494 4420 Σημείωσαι,
3529 4343 3617 4400 διὰ
3661 4344 3713 4400 τί
3765 4344 3818 4400 έν

425 4421 707 4494 angelicis
741 4421 949 4494 ﬁguris
983 4422 1233 4478 maxime
1262 4425 1398 4493 quid
1431 4427 1666 4498 igneum
1702 4431 2059 4500 probetur,et

2188 4439 2285 4498 τοῖς
2327 4431 2640 4508 ἀγγελικοῖς
2687 4433 2878 4495 τύποις
2929 4436 3005 4507 μὴ
3057 4432 3322 4509 ἐμπόριον
3370 4429 3606 4505 μάλιστα
3650 4451 3824 4506 παραυ

423 4526 606 4582 quare
629 4510 933 4582 Scriptura
961 4515 1027 4567 ut
1076 4511 1399 4584 plurimum
1433 4515 1588 4572 dicat
1647 4535 1738 4574 res
1795 4521 2059 4579 caelestes

2188 4517 2529 4596 lap6dvemt,
2558 4522 2649 4576 καὶ
2710 4519 2799 4576 διὰ
2840 4521 2893 4576 τί
2929 4523 3001 4577 τὰ
3046 4524 3167 4595 περι
3203 4523 3270 4575 τὰ
3313 4520 3536 4596 οὐράνια
3586 4515 3821 4593 πυρώδη

425 4613 558 4656 esse
590 4599 812 4672 igneas,
845 4603 902 4655 et
933 4599 1281 4671 seraphinos
1303 4603 1574 4661 ardentes
1605 4605 1742 4663 dici.

497 4781 830 4835 Incensores.
859 4779 1264 4851 Interpretatio
1306 4783 1564 4838 nominis
1595 4789 1910 4860 serapbim.

496 4868 692 4923 Sancti
727 4868 901 4922 enim.
932 4867 1048 4923 Cur
1076 4868 1251 4924 etiam
1280 4871 1428 4927 Deus
1448 4871 1507 4926 in
1553 4875 1682 4943 igne
1715 4883 2064 4950 conspectus

429 4955 526 5011 sit.

502 5043 736 5100 Sensilis
773 5047 922 5101 enim
955 5046 1123 5116 ignis.
1165 5047 1530 5104 Admiranda
1582 5067 1723 5108 sane
1779 5055 2063 5114 naturalis

428 5129 762 5188 dissertatio
793 5135 865 5190 de
895 5135 1053 5206 igne.
1097 5135 1295 5208 Ignem
1329 5137 1597 5194 videmus
1627 5141 1786 5196 omni
1821 5143 1901 5199 rei
1932 5161 2062 5200 con-

428 5217 781 5273 seminatum
815 5221 941 5277 sine
964 5224 1449 5296 admistione,hoc
1463 5231 1551 5282 est
1581 5227 1823 5287 minime
1852 5234 2061 5304 permi-

426 5309 585 5361 stum
619 5305 692 5360 iis
725 5306 782 5361 in
801 5309 1020 5380 quibus
1035 5313 1402 5371 exsistitJ’er
1419 5317 1608 5373 omnia
1626 5333 1752 5375 vero
1775 5325 2058 5392 penetrat.

2175 4613 2249 4674 ὡς
2279 4611 2366 4666 ἐπὶ
2397 4608 2653 4666 πλεῖστόν
2700 4631 2862 4688 φησιν
2893 4613 2928 4680 ἡ
2963 4612 3172 4688 Γραφή.
3206 4609 3303 4667 Καὶ
3354 4608 3436 4664 ὅτι
3487 4609 3538 4662 οἱ
3581 4607 3826 4684 σεραφὶμ

2176 4702 2358 4776 ἰμπρη
2367 4698 2484 4754 σταί
2514 4699 2782 4775 λέγονται.

2247 4789 2597 4864 Ἐμπρηστὰς
2631 4785 2810 4850 ὄντας.
2835 4788 3129 4864 Ἐρμηνεία
3158 4786 3412 4866 σεραφίμ.

2245 4879 2313 4936 Οἳ
2369 4876 2469 4953 γὰρ
2529 4877 2686 4952 ἱεροί.
2723 4879 2820 4932 Διὰ
2873 4876 2927 4932 τί
2977 4877 3068 4932 καὶ
3120 4879 3148 4933 ὁ
3198 4878 3328 4939 Θεὸς
3377 4874 3454 4940 εἷς
3499 4878 3604 4948 πῦρ
3655 4872 3829 4929 έθεω-

2175 4968 2341 5040 ρήθηο

2243 5056 2312 5110 Τὸ
2399 5055 2504 5131 γὰρ
2580 5051 2838 5126 ἀἰσθητὸν
2914 5059 3043 5130 πῦρ.
3117 5051 3458 5129 Φυσιολογία
3540 5052 3827 5126 θαυμαστῆ

2171 5141 2297 5218 περὶ
2330 5145 2522 5217 πυρός.
2555 5144 2632 5201 Τὸ
2671 5148 2778 5219 πῦρ
2832 5145 3046 5218 ὁρῶμεν
3103 5144 3184 5216 τῷ
3236 5141 3396 5198 παντὶ
3447 5141 3831 5215 κατεσπαρμέ-

2172 5252 2284 5300 νον,
2315 5233 2529 5307 ἀμιγῶς
2579 5228 2657 5299 δὲ,
2689 5231 2964 5287 τουτέστιν
3019 5231 3123 5286 οὑκ
3168 5230 3574 5309 ἀναφυρόμενον
3619 5232 3737 5290 τοῖς
3771 5227 3827 5282 ἐν

2172 5322 2254 5385 οἷς
2317 5320 2575 5395 ὑπάρχει.
2636 5319 2733 5374 Διᾶ
2779 5321 2994 5376 πάντων
3053 5317 3111 5375 δὲ
3164 5323 3372 5399 φοιτᾷ·
3429 5318 3702 5374 τουτέστιν
3763 5315 3832 5372 οὗ

1440 5485 1683 5548 νΑιιΙΑι
1721 5489 2111 5552 LEGTIONES
2149 5494 2241 5552 ET
2275 5491 2819 5552 CORRECTIONES

501 5604 544 5640 ιη
574 5604 693 5663 ταῖς
727 5602 798 5638 77"
827 5599 985 5679 ἄρχει
1021 5605 1116 5679 μὶν
1136 5610 1256 5670 ταῖς
1290 5611 1404 5682 μετ’
1433 5613 1625 5684 αὑτήν.
