4042 6210
250 349 351 406 105

957 353 1014 406 S.
1058 346 1328 404 ΜΑΧΙΜῙ
1367 348 1666 404 SCHOLIA
1709 350 1782 402 ΙΝ
1821 349 1954 404 LIB.
1995 351 2090 405 DE
2129 353 2451 407 C(ELESTI
2489 355 2966 410 HIERARCHIA.

3566 349 3669 406 106

246 475 482 551 καθάπερ
514 475 581 530 τὸ
637 471 786 550 ὕδωρ
838 479 1087 551 προφανῆ
1118 474 1216 542 τὴν
1249 470 1385 549 πρὸς
1429 471 1526 540 τὴν
1577 477 1679 546 γῆν
1731 475 1898 527 ποιεῖ-

2026 475 2086 531 Id
2117 480 2229 546 est,
2265 493 2380 532 non
2414 478 2566 534 sicut
2594 495 2751 552 aqua
2781 478 3156 534 manifestam
3185 477 3322 534 facit
3352 493 3486 534 cum
3518 481 3676 535 terra

243 587 329 622 ται
392 564 561 639 μίξινσ
621 564 767 620 οὕτω
825 563 916 618 καὶ
970 563 1032 618 τὸ
1064 567 1190 637 πῦρ,
1225 560 1562 638 καταφλέγον
1593 561 1656 615 τὸ
1688 567 1790 616 πᾶν
1823 562 1913 616 καὶ

247 655 582 711 ἀναλίσκονο
639 653 898 728 ἐξῄρηται
957 650 1044 720 δὶ,
1102 650 1269 728 ἤγουν
1335 651 1642 726 ὑπέρκειται
1701 651 1916 705 πάντων

242 746 361 800 κατ’
392 743 671 820 ἐξαίρετον
718 739 1010 817 στοιχείων
1071 737 1312 810 δηλαδὴ,
1367 741 1504 794 κατὰ
1550 741 1613 794 τὸ
1674 736 1914 815 δραστή-

241 854 380 910 ριοψ
418 830 695 909 ἄγνωστον
725 828 784 886 δὲ
833 831 964 885 αὐτὸ
1014 831 1104 885 καὶ
1137 829 1362 906 κρύφιον
1414 827 1594 896 καλεῖ,
1627 829 1701 890 ὡς
1748 829 1913 903 ὑπάρ-

241 943 348 999 χον
397 922 493 995 μὲν
551 919 604 975 ἐν
657 919 816 982 ὕλαις
845 919 1002 986 τισὶν,
1039 917 1100 973 ού
1131 917 1455 992 φαινόμενον
1490 915 1548 971 δὲ
1579 915 1708 991 δίχα
1733 937 1911 992 παρα-

242 1011 483 1088 τρίψεως
565 1011 601 1080 ἢ
682 1007 806 1064 ἄνευ
893 1007 1031 1077 ὕλης
1118 1004 1371 1076 δεκτικῆς
1451 1014 1552 1076 τῆς
1639 1005 1912 1081 ἐνεργείας

249 1102 442 1169 αὐτοῦ,
527 1097 876 1172 δεικνύμενον
946 1095 1036 1152 καὶ
1112 1097 1248 1152 κατά
1317 1100 1476 1150 τοῦτο
1534 1092 1762 1169 ἄσχετον
1819 1096 1905 1150 καὶ

245 1191 586 1265 ἀθεώρητον
621 1186 832 1261 ὁμοίως
884 1185 975 1241 καὶ
1030 1187 1126 1247 τὰς
1180 1184 1378 1247 λοιπὰς
1429 1181 1525 1239 τοῦ
1557 1184 1728 1260 πυρὸς
1767 1179 1908 1238 ἰδιό-

243 1299 411 1349 τητας
457 1277 788 1351 θεωρητέον,
821 1277 1036 1337 ἅστινας
1061 1276 1218 1336 οὗτος
1271 1276 1299 1329 ὁ
1351 1276 1536 1350 Πατὴρ
1583 1276 1699 1328 κατ’
1759 1272 1911 1328 εὐσε-

247 1364 317 1436 ϐῆ
367 1367 657 1442 ἀναγωγήν
697 1386 757 1420 τε
800 1366 893 1420 καὶ
942 1363 1150 1420 ἔννοιαν
1204 1359 1395 1418 ἔλαϐεν
1435 1363 1523 1419 ἰπὶ
1553 1367 1686 1419 Θεοῦ
1717 1384 1773 1417 τε
1820 1361 1908 1416 καὶ

248 1453 558 1532 ἆγγελικῶν
591 1453 824 1531 φύσεων,
857 1453 1178 1525 Σημείωσαι
1209 1450 1266 1508 δὲ
1296 1450 1385 1506 διὰ
1407 1451 1460 1506 τί
1492 1451 1691 1528 Κύριος
1724 1453 1752 1506 ὁ
1777 1452 1908 1512 Θεὸς

249 1545 322 1606 ὡς
352 1548 463 1619 πῦρ
496 1543 780 1619 ἆθεωρήθη
813 1541 1105 1610 πολλάκις,
1137 1542 1225 1598 καὶ
1256 1542 1391 1597 κατὰ
1418 1541 1526 1596 τίπ
1575 1543 1610 1610 ἡ
1644 1540 1913 1613 ὁμοίωσις

251 1631 346 1689 τοῦ
379 1633 555 1708 πυρὸς
579 1633 716 1708 πρὸς
743 1631 836 1686 τὸν
868 1630 1018 1687 Θεόν.

319 1809 701 1886 ’Δκράτητον,
762 1808 978 1884 ἀμιγὲς,
1038 1805 1390 1884 διακριτικόν.
1445 1804 1758 1879 Σημείωσαι
1816 1801 1908 1860 ἕκ-

249 1920 448 1980 Ῡρασιν
503 1899 767 1969 αἰσθητοῦ
796 1898 990 1973 πυρὸς,
1021 1894 1147 1966 ἤτοι
1194 1890 1433 1950 ἔπαινον
1479 1893 1738 1971 διακρίνει
1799 1895 1902 1970 γὰρ

249 1990 344 2045 καὶ
395 1990 489 2052 τὰς
545 1987 702 2056 ὕλας,
765 1987 877 2042 οἷον
937 1981 1212 2059 μόλυϐδον
1264 1985 1369 2040 ἀπὸ
1401 1983 1658 2059 ἀργύρου,
1688 1984 1902 2046 καὶτὰς

243 2078 545 2148 κολλήσεις
595 2074 827 2132 διαλύει’
863 2074 1236 2131 ἀναλλοίωτον
1291 2072 1368 2140 δὲ,
1429 2074 1561 2128 καθὸ
1594 2071 1902 2139 δυνατὸντθ,

247 2169 510 2241 μένοντος
555 2170 652 2221 τοῦ
698 2165 1082 2237 ὑποκειμένου,
1139 2164 1414 2218 τουτέστιν
1442 2162 1611 2231 αὐτῆς
1657 2161 1754 2226 τῆς
1815 2162 1905 2216 ού-

245 2256 360 2319 σίας
411 2260 511 2310 τοῦ
541 2255 733 2330 πυρὸς,
797 2247 1160 2326 μεταϐάλλειν
1210 2250 1340 2305 αὐτὸ
1395 2250 1446 2306 ἐν
1495 2256 1611 2312 τοῖς
1659 2250 1904 2318 πάθεσιν,

246 2348 357 2400 οἷον
393 2345 644 2420 γενέσθαι
697 2343 829 2397 αὐτὸ
877 2337 1218 2417 στρογγύλον
1269 2339 1304 2408 ἢ
1354 2337 1718 2411 κωνοειδὶςδο,
1768 2338 1901 2413 ὅπερ

245 2438 293 2492 ἓν
322 2441 442 2497 τοῖς
492 2433 712 2509 γηΐνοις
756 2431 896 2487 ἐστὶν
947 2430 1140 2506 εύρεῖν,
1192 2431 1227 2500 ἢ
1269 2435 1457 2493 παθεῖν
1487 2428 1552 2482 τὰ
1578 2433 1674 2482 τοῦ
1722 2429 1900 2504 ἀέρος,

246 2527 357 2580 οἷον
388 2525 663 2602 φθαρῆναι
695 2519 785 2576 διὰ
811 2525 918 2575 τῶν
945 2517 1379 2591 ἀναθυμιάσεων,
1422 2520 1456 2587 ἤ
1489 2519 1832 2593 παχυνθῆναι
1863 2517 1898 2587 ἢ

244 2615 332 2670 καὶ
364 2615 443 2676 ὡς
475 2613 539 2668 τὸ
572 2609 717 2686 ὕδωρ
756 2605 1067 2684 μεταϐολὰς
1097 2605 1367 2678 δέξασθαι.

310 2790 605 2870 Ὑῳέσεως.
640 2785 915 2846 Οὐδέποτε
943 2785 1046 2861 γὰρ
1078 2790 1253 2862 χωρεῖ
1285 2782 1372 2838 ἐπὶ
1401 2785 1468 2838 τὰ
1490 2782 1659 2841 κάτω.

309 2879 739 2949 Ταυτοκίνητον.
772 2875 1042 2937 Ὡσαύτως
1071 2872 1222 2929 κινού
1232 2893 1324 2948 μεν
1333 2894 1412 2930 ον.

309 3057 664 3136 Ἀπροσδεές.
712 3058 838 3114 ’Ότι
885 3051 1182 3129 ἀπροσδεὲς
1226 3053 1410 3126 ἑτέρου
1456 3050 1517 3106 τὸ
1541 3055 1669 3127 πῦρ,
1719 3052 1898 3106 καίτοι

247 3148 414 3205 δέεταί
457 3169 611 3210 τινος
662 3142 1023 3216 ὑποκειμένου
1073 3141 1148 3204 εἷς
1197 3141 1260 3196 τὸ
1308 3139 1612 3217 ἐξαφθῆναι·
1657 3137 1786 3194 ἀλλ’
1833 3140 1898 3193 ού

2023 566 2494 622 commistionem
2519 585 2530 622 :
2552 567 2633 622 sic
2658 567 2830 623 etiam
2862 567 3014 638 ignis
3034 566 3385 622 comburens
3402 568 3677 623 universa

2023 662 2076 709 et
2107 671 2492 726 consumens;
2525 664 2834 728 exemptus
2865 661 3058 711 autem
3092 661 3183 711 est
3214 672 3319 711 seu
3350 658 3676 728 superemi-

2023 749 2120 799 net
2151 745 2428 800 omnibus
2479 762 2580 817 per
2610 745 3040 812 excellentiam,
3074 743 3384 800 elementis
3433 744 3677 815 scilicet,

2023 832 2082 886 in
2114 833 2488 902 efficacitate;
2523 837 2773 905 ignotum
2819 837 2998 890 autem
3047 840 3100 889 et
3150 835 3432 890 occultum
3482 834 3680 906 ipsum

2021 927 2205 989 vocat,
2241 928 2306 978 ut
2335 925 2714 980 exsistentem
2765 923 3006 994 quidem
3041 925 3097 978 in
3135 923 3399 979 materiis
3429 923 3679 993 quibus-

2023 1012 2180 1076 dam,
2209 1028 2323 1068 non
2355 1017 2733 1084 apparentem
2758 1029 2890 1067 vero
2923 1013 3052 1067 sine
3073 1012 3394 1082 attritione,
3419 1017 3522 1067 aut
3552 1012 3680 1068 sine

2022 1101 2266 1156 materia
2297 1101 2664 1157 efﬁcacitatis
2693 1103 2821 1172 ejus
2863 1102 3088 1172 capaci,
3121 1103 3383 1173 dumque
3413 1101 3679 1156 ostendi—

2020 1194 2136 1258 tur,
2171 1190 2346 1245 etiam
2379 1195 2505 1245 tum
2530 1190 2788 1246 cohiberi
2819 1196 2874 1246 et
2902 1190 3087 1244 videri
3113 1192 3333 1262 nequit.
3364 1190 3678 1261 Similique

2021 1279 2192 1334 modo
2217 1279 2471 1348 reliquas
2502 1279 2658 1352 ignis
2691 1279 3079 1351 proprietates
3101 1279 3483 1349 contemplari
3507 1296 3677 1350 opor-

2020 1373 2121 1434 tet,
2155 1385 2304 1440 quas
2337 1368 2431 1424 hic
2461 1373 2634 1424 Pater
2665 1369 2991 1424 secundum
3041 1369 3200 1439 piam
3243 1367 3456 1423 mentis
3487 1368 3682 1422 eleva-

2018 1456 2237 1512 tionem
2281 1462 2336 1512 et
2380 1457 2821 1513 meditationem
2875 1457 3201 1526 usurpabat
3250 1460 3375 1511 tum
3428 1456 3487 1511 in
3537 1460 3677 1522 Deo,

2019 1552 2146 1602 tum
2179 1547 2238 1601 in
2269 1545 2555 1618 angelicis
2604 1547 2854 1602 naturis.
2888 1551 3034 1602 Nota
3061 1562 3196 1601 vero
3229 1561 3334 1600 cur
3384 1546 3674 1601 Dominus

2020 1640 2171 1692 Deus
2199 1640 2483 1707 tanquam
2514 1635 2670 1707 ignis
2703 1636 2863 1691 visus
2894 1636 2970 1691 sit
3004 1637 3359 1706 lrequenter,
3383 1638 3440 1689 et
3467 1634 3523 1688 in
3557 1651 3676 1706 quo

2019 1725 2301 1781 consistat
2333 1724 2662 1781 similitudo
2695 1724 2846 1795 ignis
2877 1740 3012 1780 cum
3050 1723 3190 1779 Deo.

2089 1815 2278 1870 Teucri
2305 1816 2634 1886 miscerique
2663 1829 2773 1870 non
2800 1812 3324 1885 potest,secernendi
3354 1813 3462 1868 vim
3492 1812 3672 1869 habet.

2015 1903 2162 1958 Nota
2191 1902 2614 1974 expositionem
2647 1901 2882 1957 sensilis
2914 1901 3070 1973 ignis
3102 1918 3204 1957 seu
3238 1900 3473 1956 laudem
3502 1917 3514 1956 :
3543 1901 3674 1956 dis-

2015 1993 2233 2063 tinguit
2278 1991 2434 2047 enim
2487 1991 2664 2047 etiam
2720 1991 3021 2059 materias,
3056 1991 3207 2045 sicut
3255 1990 3562 2062 plumbum
3599 1991 3671 2044 ab

2015 2086 2279 2153 argento,
2312 2089 2364 2136 et
2406 2081 2940 2152 conglutinationes
2971 2079 3241 2135 dissolvit
3276 2095 3288 2135 :
3323 2079 3677 2135 commutari

2013 2175 2209 2226 autem
2245 2188 2359 2226 non
2412 2175 2622 2242 potest,
2655 2173 2945 2241 quatenus
2985 2167 3355 2241 impossibile
3405 2174 3516 2234 est,
3551 2186 3676 2223 ma-

2015 2264 2190 2314 nente
2216 2259 2504 2328 subjecto,
2528 2260 2635 2314 hoc
2663 2264 2753 2314 est
2783 2259 2986 2314 eadem
3012 2258 3166 2329 ignis
3193 2262 3426 2323 natura,
3452 2257 3671 2312 mutari

2013 2348 2208 2419 ipsum
2242 2348 2301 2402 in
2335 2347 2815 2419 proprietatibus,
2843 2347 2996 2402 sicut
3025 2363 3156 2401 eum
3190 2347 3313 2400 ﬁeri
3347 2346 3665 2400 rotundum

2013 2441 2070 2492 et
2099 2437 2527 2502 acuminatum,
2560 2437 2714 2506 quod
2769 2436 2824 2489 in
2867 2435 3245 2489 terrestribus
3296 2433 3560 2488 invenire
3591 2433 3665 2488 li-

2013 2529 2135 2593 cet;
2169 2529 2268 2581 aut
2290 2524 2442 2580 aeris
2469 2524 2850 2596 preprietates
2875 2523 3208 2592 admittere,
3232 2522 3386 2578 sicut
3416 2538 3518 2593 per
3540 2539 3668 2577 eva-

2012 2615 2350 2686 porationes
2406 2613 2740 2684 corrumpi,
2772 2618 2874 2667 aut
2929 2611 3314 2675 condensari,
3370 2610 3459 2666 vel
3517 2612 3668 2666 sicut

2011 2719 2224 2775 aquam
2259 2702 2618 2757 mutationes
2650 2703 2970 2773 suscipere.

2080 2793 2469 2862 Dejectionem.
2507 2791 2821 2861 Nunquam
2857 2789 3014 2844 enim
3053 2788 3330 2844 inferiora
3361 2789 3523 2859 petit.

2081 2882 2183 2937 ΔΟ
2216 2881 2282 2936 Sc
2313 2881 2432 2952 ipso
2461 2884 2735 2935 movetur.
2770 2879 2930 2944 Quod
2983 2893 3217 2949 semper
3255 2878 3456 2933 eodem
3491 2877 3665 2933 modo

2011 2975 2294 3026 movetur.

2082 3063 2199 3117 Non
2223 3063 2361 3127 eget.
2391 3061 2586 3130 Ignem
2617 3056 2795 3112 altero
2818 3073 2932 3112 non
2959 3055 3243 3125 indigere,
3267 3054 3377 3111 etsi
3401 3054 3662 3125 subjeclo

2009 3147 2207 3220 aliquo
2240 3149 2494 3218 indigeat
2526 3151 2591 3200 ut
2619 3147 2975 3200 accendatur
3000 3161 3011 3200 :
3036 3161 3240 3200 verum
3283 3144 3392 3199 hoc
3422 3160 3536 3198 non
3569 3143 3662 3197 di-

242 3245 396 3294 τοῦτο
427 3237 605 3311 λέγει,
640 3233 767 3289 ἀλλ’
798 3235 880 3288 ὅτι
915 3233 978 3287 τὸ
1002 3235 1108 3306 πῦρ
1137 3229 1196 3285 ού
1243 3229 1490 3305 μίγνυται
1540 3227 1705 3302 ἑτέρῳ
1748 3249 1892 3282 στοι-

2019 3219 2123 3304 sit;
2149 3236 2248 3291 sed
2297 3237 2492 3308 ignem
2543 3252 2659 3290 non
2713 3235 3081 3290 commisceri
3131 3231 3296 3287 alteri
3345 3230 3656 3298 elemento,

246 3329 402 3403 χείῳ,
455 3323 585 3381 ούδέ
627 3328 896 3398 κιρνᾶται,
946 3321 1020 3381 ὡς
1061 3320 1122 3374 τὸ
1171 3316 1317 3390 ὓδωρ
1365 3321 1433 3391 τῇ
1590 3315 1673 3371 διὸ
1703 3317 1791 3371 καὶ
1836 3316 1886 3371 ἐν

244 3414 538 3490 στοιχείοις
576 3410 898 3485 μονοούσιον
934 3408 1062 3464 αὐτὸ
1100 3403 1232 3462 ἔνιοι
1262 3405 1611 3476 κεκλήκασιν.

306 3509 335 3575 §
364 3505 461 3561 ιΙι.
495 3499 1063 3576 ’Δνθρωπομόρφους.
1098 3496 1194 3551 Διὰ
1221 3497 1274 3550 τί
1303 3496 1391 3550 καὶ
1425 3493 1888 3572 ἀνθρωπόμορφοι

243 3591 662 3647 διαπλάττονται
689 3590 741 3644 οἱ
775 3585 1019 3663 ἄγγελοι.

314 3682 417 3736 Καὶ
481 3681 544 3734 τὸ
600 3679 717 3732 κατ’
770 3677 1039 3746 α’ῗσθησιν.
1091 3674 1407 3748 Σημείωσαι
1469 3675 1571 3742 τήν
1628 3670 1886 3748 διαφορὰν

238 3777 337 3827 τοῦ
388 3769 653 3840 αἰσθητοῦ
697 3772 805 3822 τῶν
850 3764 1066 3839 ἀλόγων
1110 3763 1262 3833 ζώων
1319 3763 1455 3837 πρὸς
1479 3762 1541 3816 τὸ
1572 3761 1886 3832 αἰσθητικὸν

237 3866 344 3916 τῶν
392 3860 656 3934 λογικῶν,
699 3858 860 3928 ἡμῶν
893 3852 1056 3928 λέγω·
1101 3853 1168 3906 τὰ
1217 3853 1311 3925 μὲν
1359 3853 1462 3928 γὰρ
1494 3850 1666 3926 ἄλογοι
1694 3851 1754 3906 τὸ
1788 3858 1890 3905 πᾶν

279 3949 305 3974 υ
452 3949 464 3968 ν
573 3945 588 3966 ο
733 3943 757 3962 ἢ
785 3946 798 3963 ε
1035 3941 1050 3962 \
1742 3936 1766 3957 ν
1873 3959 1884 3971 .

244 3953 495 4020 αισθησις
546 3967 683 4015 εισι,
729 3963 780 3999 οι
845 3945 913 4012 ἦς
962 3963 1050 3997 και
1103 3941 1438 3995 συνίστανται
1488 3939 1690 4011 ἀνόητα
1739 3961 1866 3994 οντα

237 4039 290 4094 έν
343 4038 403 4094 δὲ
451 4039 613 4111 ἡμῖν,
667 4033 846 4111 βραχῦ
892 4033 955 4087 τὸ
1006 4029 1337 4100 αἰσθητικόν
1389 4029 1450 4084 ού
1491 4029 1594 4105 γὰρ
1625 4027 1696 4083 δι’
1727 4029 1889 4084 αὐτοῦ

238 4126 621 4199 σλνιστᾶμεθά,
653 4121 801 4178 ἀλλὰ
831 4119 920 4175 διὰ
948 4117 1043 4175 τοῦ
1071 4123 1275 4196 νοεροῦ·
1329 4117 1446 4173 ὅθεν
1493 4117 1581 4172 καὶ
1629 4119 1762 4191 μετᾶ
1803 4119 1892 4181 θά-

241 4239 394 4272 νατον
448 4211 526 4270 ἔτι
587 4212 771 4284 ἐσμὲν,
803 4211 956 4284 ψυχὴ
988 4209 1149 4283 νοερᾶ
1192 4204 1357 4268 ὄντες.
1406 4205 1523 4261 Ἐπὶ
1557 4204 1614 4261 δὲ
1651 4211 1758 4261 τῶν
1791 4207 1888 4282 ἆγ-

237 4304 411 4381 γέλων
443 4300 574 4358 οὐδὲ
603 4303 664 4355 τὸ
718 4296 1058 4375 βραχύτατόν
1089 4295 1197 4350 ἐστι
1239 4300 1345 4350 τῶν
1388 4295 1712 4366 αἰσθήσεων,
1746 4295 1892 4352 ἀλλὰ

235 4397 408 4457 τύπος
440 4391 679 4467 παχῦςθι
728 4389 795 4443 τὰ
839 4388 958 4451 καθ’
1005 4389 1173 4458 ἡμᾶς’
1222 4383 1512 4461 ἐλάχιστον
1563 4383 1619 4440 δὲ
1655 4387 1747 4440 τὸν
1800 4384 1888 4439 ἄν·

235 4487 454 4560 θρωπον
499 4483 619 4536 κατ’
651 4476 895 4549 αἴσθησίν
929 4497 1114 4555 φησιν,
1143 4475 1250 4550 οὐχ
1270 4475 1345 4536 ὡς
1374 4479 1482 4530 τῶν
1513 4472 1697 4530 ἄλλων
1734 4476 1884 4544 ζώων

2001 3343 2190 3398 neque
2221 3325 2374 3381 sicut
2395 3341 2608 3396 aquam
2633 3328 2798 3379 terrae
2824 3322 3194 3394 permisceri;
3230 3322 3446 3378 idcirco
3475 3319 3680 3390 aliqui,

1999 3418 2286 3472 vocarunt
2314 3415 2510 3486 ipsum
2544 3413 2732 3468 solum
2767 3412 2825 3466 in
2860 3429 2967 3467 suo
2999 3426 3230 3484 genere.

2069 3507 2096 3573 §
2128 3507 2224 3560 IlI.
2259 3503 2510 3558 Humana
2538 3505 2739 3574 forma.
2774 3501 2890 3556 Cur
2930 3500 3123 3574 angeli
3169 3500 3428 3555 humana
3474 3500 3660 3554 forma

2001 3595 2427 3667 perﬁngantur.

2074 3686 2139 3738 Et
2166 3699 2331 3737 sensu
2361 3680 2599 3752 quidem.
2633 3681 2779 3734 Nota
2811 3677 3201 3732 differentiam
3243 3676 3480 3730 sensilis
3513 3677 3657 3730 bru-

2000 3777 2193 3827 torum
2229 3769 2642 3838 animantium,
2675 3775 2732 3823 et
2760 3766 2995 3822 sensilis
3038 3763 3438 3830 rationalium,
3471 3761 3656 3818 nostri

1997 3861 2272 3932 inquam;
2307 3859 2477 3913 bruta
2503 3858 2660 3912 enim
2709 3872 2950 3927 prorsus
2981 3859 3123 3909 sunt
3155 3869 3404 3920 sensus;
3438 3868 3506 3907 ex
3538 3868 3652 3923 quo

1999 3950 2173 4005 etiam
2199 3951 2492 4010 constant,
2524 3951 2721 4017 utpote
2745 3943 3038 3998 intellectu
3067 3941 3378 4009 destituta;
3405 3940 3460 3996 in
3483 3941 3652 3997 nobis

1999 4042 2194 4094 autem
2259 4035 2553 4090 modicum
2604 4039 2694 4088 est
2742 4032 2981 4100 sensile,
3020 4048 3209 4103 neque
3259 4031 3414 4086 enim
3465 4047 3532 4085 ex
3584 4045 3650 4085 eo

2000 4131 2357 4192 constamus,
2399 4125 2498 4180 sed
2553 4141 2619 4179 ex
2670 4121 3056 4193 intelligihili;
3107 4122 3238 4176 ideo
3285 4121 3460 4176 etiam
3521 4123 3656 4191 post

2001 4221 2248 4272 mortem
2283 4213 2676 4287 persistimus,
2711 4228 2842 4268 cum
2877 4212 3067 4267 simus
3099 4210 3316 4265 animal
3353 4209 3647 4265 intellectu

2000 4305 2331 4378 praeditum.
2369 4304 2431 4358 in
2465 4302 2688 4374 angelis
2720 4305 2914 4356 autem
2951 4316 3138 4371 neque
3171 4299 3483 4354 minimum
3516 4315 3648 4352 sen-

1999 4413 2102 4451 sus
2151 4394 2460 4466 reperitur,
2507 4407 2705 4447 verum
2757 4395 2960 4446 nostra
3010 4393 3152 4444 sunt
3200 4389 3363 4444 rudis
3409 4386 3645 4441 illorum

1998 4485 2190 4554 figura
2231 4501 2244 4538 :
2290 4482 2603 4537 minimum
2658 4495 2790 4535 vero
2840 4478 2920 4533 ait
2969 4477 3269 4532 hominem
3322 4475 3650 4530 secundum

231 4574 498 4634 πλείονας
555 4570 832 4639 αἰσθήσεις
895 4565 1156 4641 ἂχόντων,
1219 4562 1366 4619 ἀλλὰ
1435 4561 1886 4641 δραστικωτέρας,

2019 4589 2262 4641 tensum,
2296 4587 2409 4626 non
2453 4570 2606 4642 quod
2658 4568 2774 4624 alia
2820 4566 3095 4621 animalia
3147 4565 3347 4637 plures
3398 4563 3653 4618 habeant

231 4664 318 4719 καὶ
393 4661 674 4736 ὀξυτέρας.
724 4655 964 4730 Αὖδιγμα
1015 4651 1071 4708 δὲ
1113 4650 1274 4708 τοῦτο
1325 4647 1590 4725 λαμϐάνει
1645 4653 1706 4707 τὸ
1763 4653 1887 4716 τοὺς

235 4751 506 4829 ἀγγέλους
546 4749 640 4821 μὲν
668 4745 968 4820 κεχρῆσθαι
1006 4744 1098 4816 μὶν
1127 4747 1244 4804 τοῖς
1273 4743 1394 4795 καθ’
1436 4744 1584 4814 ἡμᾶς
1622 4741 1888 4813 αἰσθητη..

234 4841 395 4916 ρίοις·
439 4838 723 4913 ὑπερέχειν
760 4831 816 4888 δὲ
836 4833 970 4887 κατᾶ
998 4830 1141 4886 πολὺ
1171 4835 1250 4903 τῷ
1291 4830 1528 4906 περιόντι
1559 4837 1659 4900 τῆς
1702 4837 1890 4905 νοερᾶς

232 4929 542 5004 δυνάμεως·
579 4925 760 4992 ὥσπερ
790 4921 880 4978 καὶ
911 4923 1196 4995 ἅνθρωπος
1240 4924 1309 4994 τῇ
1354 4923 1451 4975 τοῦ
1497 4924 1592 4974 νοῦ
1641 4921 1888 4996 ὑπεροχῇ

227 5021 314 5073 καὶ
345 5019 429 5090 τῴ
460 5015 722 5091 λογισμῷ
743 5018 846 5081 τῆς
866 5008 1067 5086 ἀλόγου
1098 5009 1305 5087 φύσεως
1333 5014 1538 5084 κρατεῖ.

295 5199 406 5257 τὰς
468 5193 570 5267 μὶν
627 5189 891 5250 ὀπτικάς.
950 5186 1017 5244 Τί
1077 5186 1128 5241 οἱ
1183 5185 1461 5265 ὀφθαλμοὶ
1517 5186 1622 5242 τῶν
1682 5194 1894 5259 νοητῶν

231 5283 497 5356 δηλοῦσι,
538 5279 629 5335 καὶ
676 5278 729 5334 τί
769 5277 838 5332 τὰ
890 5277 1238 5354 ὀσφραντάδε,
1284 5276 1556 5332 τουτέστιν
1608 5279 1663 5332 αἱ
1726 5277 1890 5354 ῥῖνεςο

227 5377 310 5430 καὶ
364 5374 421 5430 τί
453 5373 524 5428 τά
580 5371 716 5437 ὦτα,
763 5365 853 5422 καὶ
901 5364 954 5420 τί
1001 5367 1036 5435 ἡ
1088 5369 1294 5440 γεῦσις,
1339 5367 1426 5421 καὶ
1454 5367 1508 5421 τί
1565 5369 1600 5437 ἡ
1635 5368 1764 5446 ἁφὴ,
1824 5371 1890 5438 ἣν

2001 4678 2234 4730 sensus,
2266 4661 2365 4714 sed
2405 4657 2762 4713 efﬁcaciores
2793 4663 2842 4710 el
2894 4656 3204 4710 acutiores.
3238 4651 3515 4722 Sequitur
3545 4667 3652 4704 au-

1999 4756 2118 4806 tem
2153 4751 2260 4804 hoc
2290 4748 2557 4820 aenigma,
2582 4744 2822 4817 angelos
2855 4761 2966 4798 non
3005 4743 3084 4797 uti
3119 4741 3334 4797 nostris
3365 4754 3647 4795 sensuum

2000 4839 2442 4905 instrumentis;
2490 4851 2768 4908 superare
2818 4840 3012 4890 autem
3061 4832 3380 4904 plurimum
3432 4825 3650 4882 intelli-

2001 4929 2188 5001 gentis
2209 4927 2376 4997 copia
2399 4925 2726 4980 facultatis:
2749 4921 3246 4994 quemadmodum
3273 4919 3446 4974 homo
3470 4915 3648 4971 etiam

2003 5018 2218 5074 mentis
2262 5015 2604 5072 excellentia
2651 5017 2705 5068 et
2759 5010 3196 5067 ratiocinatione
3246 5003 3646 5061 irrationalem

2000 5107 2182 5162 vincit
2215 5112 2510 5161 naturam.

2081 5195 2306 5252 Videndi
2336 5196 2646 5266 facultates.
2675 5189 2966 5256 Quidnam
3001 5185 3154 5242 oculi
3188 5181 3650 5255 inlelligibilium

2004 5285 2360 5359 signiﬁcent,
2386 5288 2442 5338 et
2486 5281 2626 5354 quid
2671 5277 2947 5334 facultate
2980 5274 3262 5330 odorandi
3295 5273 3560 5345 praedita,
3594 5273 3648 5326 id

2004 5379 2094 5431 est
2125 5389 2319 5442 nares,
2349 5376 2406 5428 et
2449 5371 2590 5443 quid
2639 5381 2831 5435 aures,
2862 5370 2921 5421 et
2963 5363 3105 5436 quid
3157 5367 3392 5436 gustus,
3425 5365 3482 5418 et
3511 5361 3651 5433 quid

1247 5495 1493 5551 VARME
1531 5496 1922 5556 LECTIONES
1959 5501 2050 5556 ET
2089 5495 2649 5556 COBRECTIONES.

289 5611 333 5646 ⁷⁸
361 5605 458 5664 διὰ
485 5604 563 5662 τί.

638 5605 686 5641 ⁷⁸
709 5602 898 5673 Scriba
921 5617 1049 5673 cum
1072 5601 1337 5673 Pachym.
1363 5600 1483 5656 καθ’
1514 5601 1543 5657 ’ὀ
1575 5602 1639 5657 ού
1673 5599 1896 5659 δυνατόν

2019 5612 2053 5662 ιι
2083 5607 2282 5662 saltem
2303 5604 2441 5660 addo
2472 5599 2556 5668 οὐ,
2586 5601 2731 5655 sicut
2760 5599 2795 5669 ἡ

2846 5595 3143 5686 ἀκολουθία
3181 5597 3377 5686 exigit.
3457 5595 3502 5630 ⁸ο
3546 5612 3657 5666 γω-

223 5680 452 5742 νοειδές.
529 5679 570 5714 ⁸¹
603 5677 772 5735 Puch.
805 5671 974 5736 τύπος
1011 5670 1503 5750 βραχὺςέκείνωνκ
1533 5676 1898 5747 ρνοῙεσιολέκει

2019 5699 2023 5724 ι
2052 5678 2355 5736 necessario
2385 5673 2724 5733 addendum.
2800 5672 2846 5708 ⁸³
2883 5670 3241 5749 ὀσφραντικά.

520 5813 768 5874 Pyram.
837 5806 944 5866 Gn.
990 5805 1095 5869 ἰν.

3347 5796 3377 5850 4
