4042 6210
369 281 470 336 107

1181 285 1547 338 ΑΡΡΕΝΒῘΧ
1583 287 1681 337 AD
1719 283 1960 338 OPERA
1999 285 2058 335 S.
2099 282 2416 336 DIONYSII
2455 279 2959 334 AREOPAGITE.

3678 276 3783 332 108

362 407 575 470 tactus,
608 420 781 476 quem
827 403 1164 462 facultatem
1216 405 1495 478 tangendi
1543 408 1712 461 vocat
1741 421 1757 461 :
1789 408 1845 460 et
1873 403 2003 475 quid

2127 401 2357 470 ἀπτικήν
2411 415 2584 477 φησιο
2634 398 2723 453 καὶ
2752 396 2806 452 τί
2844 398 2914 452 τὰ
2965 394 3244 474 βλέφαρα,
3291 394 3381 450 καὶ
3430 396 3487 451 αἱ
3537 394 3778 475 δφρύεςσ

250 533 258 540 ρ
363 492 678 566 palpebrae,
701 493 1039 564 supercilia,
1061 498 1118 549 et
1144 494 1284 566 quid
1312 494 1517 566 pubes,
1537 493 1756 565 etquid
1789 493 2013 562 dentes,
2051 523 2053 526 ‹

366 589 420 637 et
447 582 588 652 quid
641 581 893 652 humeri,
923 589 981 638 et
1013 582 1273 651 brachia,
1308 599 1438 654 qua;
1488 583 1659 639 ulnas
1711 586 1878 639 vocat
1912 599 1926 636 :
1959 584 2018 636 et

365 671 507 742 quid
551 675 776 743 pectus,
809 677 866 727 et
897 672 1038 742 quid
1091 672 1354 743 dorsum,
1385 676 1442 728 et
1472 672 1671 744 pedes,
1703 676 1760 728 et
1809 669 2017 726 levitas

365 777 717 833 pennarum,
751 765 806 816 et
837 776 965 832 quae
995 760 1292 833 deinceps.

439 851 569 919 Quae
598 849 762 906 odore
780 851 1191 922 percipiuntur.
1217 851 1280 905 In
1303 850 1395 906 bis
1418 851 1490 906 de
1511 855 1723 906 natura
1752 848 2014 921 proprie-

363 941 506 995 tatis
537 955 828 1011 corporeae
870 938 1169 994 facultatis
1197 939 1480 995 odorandi
1510 939 1770 1006 disserit,
1802 954 2013 994 secun-

365 1032 508 1087 dum
540 1029 944 1086 sublimiorem
987 1031 1274 1086 rationem
1306 1030 1607 1101 transfert,
1639 1030 1795 1085 sicut
1835 1028 2012 1084 etiam

363 1120 592 1192 reliqua
621 1119 882 1175 humana
910 1119 1194 1190 membra,
1219 1119 1291 1175 ad
1321 1117 1876 1190 contemplationem
1911 1134 2013 1172 na-

360 1208 642 1266 turalium
674 1208 732 1263 in
765 1207 991 1280 angelis
1023 1208 1394 1265 facultatum.

433 1301 500 1354 Et
525 1299 892 1354 nutritiorum
926 1297 1254 1354 rivulorum.
1289 1295 1564 1354 Rivulum
1612 1296 1875 1368 intelligo
1917 1295 2012 1350 in-

357 1385 755 1460 superabilem
803 1386 1104 1458 sapientia:
1138 1385 1455 1456 fusionem,
1486 1385 1814 1442 secundum
1865 1383 2010 1439 illud

357 1476 675 1547 Scriptura:
702 1492 714 1530 :
739 1473 1040 1547 Effundam
1069 1474 1134 1530 de
1169 1476 1375 1546 spiritu
1402 1490 1522 1531 meo
1553 1476 1614 1530 in
1642 1489 1858 1531 omnem
1885 1489 2012 1528 car-

356 1580 483 1621 nem
504 1565 656 1636 (t),et
674 1580 803 1635 qua
827 1568 1181 1635 sequuntur.
1203 1563 1408 1620 Divina
1429 1563 1587 1620 enim
1611 1562 1865 1635 cognitio
1888 1577 2012 1633 per-

357 1653 573 1710 transit
602 1671 632 1708 a
668 1654 779 1708 Deo
811 1669 912 1725 per
951 1651 1354 1724 intelligibiles
1401 1652 1645 1708 virtutes
1675 1652 1746 1707 ad
1781 1651 2010 1706 divinos

359 1741 630 1799 homines
662 1743 852 1812 [juxta
881 1741 1171 1812 cujusque
1207 1740 1687 1814 proportionem].

436 1833 792 1902 Unz‘formem.
823 1835 1000 1885 Juxta
1029 1828 1446 1885 intellectionis
1476 1828 1934 1901 susceptionem.

429 1919 667 1976 Provida
722 1922 946 1976 virtute.
1002 1918 1305 1985 Universa,
1356 1917 1570 1989 inquit,
1620 1915 2008 1989 intelligibilis

356 2010 540 2066 virtus
573 2008 833 2064 divinam
865 2008 924 2063 in
955 2023 1017 2064 se
1047 2007 1256 2063 factam
1293 2007 1690 2079 cognitionem
1725 2005 2005 2077 multipli-

357 2103 470 2166 cat,
505 2099 561 2153 id
592 2102 682 2152 est
711 2099 806 2153 47
857 2095 1216 2162 manifestat,
1251 2099 1316 2150 ut
1345 2113 1381 2151 a
1410 2094 1576 2151 nobis
1622 2093 2006 2166 intelligatur,

355 2188 498 2243 dum
531 2204 600 2243 ea
630 2203 780 2260 qua,
814 2189 1128 2257 conspecta
1158 2190 1298 2241 sunt
1327 2183 1577 2256 explicat
1610 2199 1623 2239 :
1652 2184 1805 2239 sicut
1851 2182 2003 2255 apud

353 2275 652 2332 Danielem
681 2275 964 2345 invenies,
989 2289 1124 2329 cum
1158 2273 1402 2346 angelus
1434 2271 1521 2328 illi
1551 2271 1818 2344 exposuit
1847 2287 2006 2327 som-

354 2365 520 2420 nium
551 2365 708 2436 quod
743 2364 984 2420 viderat.

425 2453 529 2510 Cor
551 2457 758 2508 autem.
777 2450 1315 2525 Comprehenditur
1333 2467 1366 2505 a
1390 2450 1557 2507 nobis
1579 2467 1698 2519 cor,
1721 2455 2004 2521 tanquam

353 2548 620 2598 centrum
653 2542 809 2612 quod
845 2541 1034 2613 primo
1063 2540 1242 2596 vitam
1288 2540 1567 2611 suscipit;
1601 2541 1876 2610 quoniam
1910 2555 2003 2594 se-

353 2631 616 2686 cundum
666 2629 931 2685 divinum
966 2629 1243 2683 Basilium
1286 2628 1544 2700 primum
1588 2633 1820 2683 creatur
1867 2644 2002 2696 cor;

355 2719 566 2776 deinde
598 2717 772 2774 veluti
819 2735 888 2774 ex
931 2722 1129 2773 centro
1184 2718 1522 2772 universum
1573 2733 1786 2788 corpus
1835 2716 2002 2771 efﬁn-

354 2809 533 2880 gitur,
566 2807 648 2863 ita
681 2813 743 2862 ut
772 2806 948 2862 vitam
994 2805 1147 2861 hanc
1179 2804 1384 2876 quovis
1413 2804 1474 2860 in
1503 2821 1717 2876 corpus
1771 2809 2001 2875 proten-

353 2897 453 2951 dat
486 2912 499 2951 :
529 2896 650 2951 sive
699 2895 855 2951 enim
904 2893 1251 2966 congenitus
1284 2891 1442 2948 calor
1479 2909 1695 2964 corpus
1725 2893 2000 2962 viviﬁcet,

353 2985 476 3039 sive
506 2984 774 3056 spiritus,
809 2983 927 3038 sive
977 2983 1242 3054 sanguis,
1276 2983 1525 3037 istorum
1574 2981 1839 3037 omnium
1873 2982 2002 3037 fons

349 3077 440 3130 est
467 3090 585 3129 cor.
619 3073 869 3144 Ideoque
900 3071 1092 3126 visum
1131 3077 1222 3126 est
1250 3071 1606 3142 quibusdam
1639 3086 1812 3126 omne
1844 3071 1997 3143 quod

2123 489 2213 545 καὶ
2243 489 2295 544 τί
2325 483 2461 560 ἥϐη,
2512 487 2600 544 καὶ
2631 488 2683 543 τί
2717 487 2770 542 οἱ
2802 483 3042 556 ὀδόντες,
3091 484 3180 541 καὶ
3208 483 3262 540 τί
3295 485 3348 540 οἱ
3378 486 3547 558 ὦμοι,
3575 486 3668 541 καὶ
3729 489 3781 542 οἱ

2130 578 2441 655 βραχίονες,
2473 576 2563 641 οὕς
2596 576 2802 640 ὠλένας
2835 576 2987 654 φησί·
3041 575 3128 630 καὶ
3161 573 3213 629 τί
3241 575 3304 630 τὸ
3335 576 3554 641 στῆθος·
3587 577 3677 633 καὶ
3726 577 3780 632 τί

2122 668 2186 721 τὸ
2214 666 2505 737 νωτον,καὶ
2538 667 2590 721 οἱ
2619 663 2804 728 πόδεςο
2840 664 2932 720 καὶ
2961 664 3012 719 τί
3041 664 3103 720 τὸ
3134 663 3367 743 ἐλαφρὸν
3394 669 3503 719 τῶν
3537 670 3781 738 πτερῶν,

2123 755 2212 810 καὶ
2243 756 2310 812 τὰ
2337 755 2481 826 ἑξῆς.

2193 847 2295 908 Τὰς
2353 843 2412 900 δὲ
2455 848 2563 900 τῶν
2623 844 2961 922 ὀσφραντῶν.
3009 843 3095 900 Ἐν
3143 841 3364 906 τούτοις
3421 840 3780 922 φυσιολογεῖ-

2121 954 2209 989 ται
2273 934 2336 988 τὸ
2405 931 2612 1007 ίδίωμα
2679 935 2775 988 τοῦ
2836 935 3151 1005 σωματικοῦ
3209 930 3578 1007 ὄφθαλμοῦ⁸³·
3642 935 3787 988 κατὰ

2121 1021 2413 1100 ἀναγωγήν
2459 1021 2518 1078 δὲ
2570 1026 2739 1077 ταῦτα
2794 1015 3152 1095 μεταϐάλλει,
3204 1020 3386 1096 ὥσπερ
3429 1022 3518 1076 καὶ
3572 1022 3640 1076 τὰ
3667 1027 3780 1078 τῶν

2123 1108 2334 1167 λοιπῶν
2391 1110 2745 1188 ἀνθρωπίτων
2778 1109 2984 1183 μελῶν,
3015 1109 3092 1174 είς
3135 1109 3359 1186 θεωρίαν
3419 1113 3531 1165 τῶν
3577 1109 3628 1165 ἐν
3672 1111 3782 1188 ἀγ-

2120 1199 2305 1277 γέλοις
2335 1207 2573 1278 φυσικῶν
2604 1197 2905 1273 δυνάμεων.

2193 1292 2288 1346 Καὶ
2367 1289 2652 1368 τροφίμων
2702 1289 2936 1366 ὀχετῶν.
2984 1288 3208 1364 Ὀχετὸν
3269 1287 3466 1359 νόησον
3514 1290 3616 1358 τήν
3673 1298 3781 1362 τῆς

2122 1383 2317 1458 σοφίας
2347 1374 2754 1454 ἀνυπέρϐλητον
2787 1377 2971 1454 χύσιν,
3011 1379 3150 1434 κατὰ
3185 1379 3248 1432 τὸ
3289 1376 3604 1453 εἰρημένον.
3647 1381 3779 1435 Ἐκ-

2120 1475 2237 1546 χεῶ
2267 1470 2371 1525 ἀπὸ
2412 1472 2510 1524 τοῦ
2549 1467 2855 1542 πνεύματός
2884 1489 2989 1542 μου
3021 1466 3109 1523 ἐπὶ
3138 1472 3310 1523 πᾶσαν
3343 1467 3533 1541 σάρκα,
3581 1468 3679 1524 καὶ
3708 1471 3776 1525 τὰ

2121 1559 2262 1632 ἑξῆς.
2295 1553 2567 1613 Διαῦαινει
2614 1558 2716 1634 γὰρ
2766 1559 2800 1627 ἡ
2853 1555 2967 1612 θεία
3012 1561 3213 1632 γνῶσις
3242 1558 3347 1612 ἀπὸ
3383 1562 3481 1613 τοῦ
3511 1562 3649 1613 Θεοῦ
3681 1555 3774 1614 διὰ

2116 1653 2223 1703 τῶν
2255 1652 2466 1718 νοητῶν
2497 1643 2776 1720 δυνάμεων
2806 1644 2892 1700 ἐπὶ
2913 1645 3042 1710 τοὺς
3063 1645 3238 1710 θείους
3260 1646 3581 1722 ἀνθρώπους
3611 1648 3777 1720 [κατᾶ

2119 1739 2216 1807 τήν
2251 1736 2473 1792 ἑκάστου
2504 1735 2638 1790 ἀναΛ
2646 1734 2841 1810 ογίαν].

2185 1823 2452 1895 Ἑνοειδῆ.
2486 1824 2628 1880 Κατὰ
2656 1823 2976 1898 παράληψιν
3003 1825 3271 1895 νοήσεως.

2188 1917 2530 1991 Προνοητικῇ
2575 1910 2818 1986 δυνάμει.
2869 1916 3039 1980 Πᾶσα,
3090 1911 3247 1987 φησὶ,
3296 1913 3491 1983 νοητὴ,
3535 1909 3775 1985 δύναμις

2114 2004 2212 2072 τήν
2241 2004 2534 2079 γινομένην
2567 2002 2642 2063 είς
2671 2001 2837 2070 αὐτὴν
2873 2000 3013 2065 θείαν
3045 2004 3242 2076 γνῶσιν
3275 1998 3564 2072 πληθύνει,
3605 2023 3775 2056 τουτ-

2117 2091 2227 2156 έςτι
2282 2091 2558 2170 σαφηνίζει
2607 2091 2741 2164 πρὸς
2771 2091 2833 2145 τὸ
2863 2091 3119 2161 νοηθῆναι
3166 2089 3253 2165 ὑφ’
3300 2092 3484 2162 ἡμῶν,
3530 2087 3776 2164 διερμη-

2114 2181 2341 2237 νεύουσα
2385 2180 2452 2235 τὰ
2502 2178 2782 2253 ὁραθέντα,
2835 2179 2908 2240 ὡς
2955 2178 3101 2254 παρὰ
3146 2176 3227 2251 τῷ
3257 2175 3462 2248 Δανιὴλ
3494 2179 3775 2251 εὑρήσεις,

2116 2271 2206 2327 ὅτε
2253 2267 2646 2343 διηρμήνευσεν
2691 2267 2840 2340 αὖτῷ
2884 2267 2912 2322 ὁ
2963 2264 3191 2344 ἅγγελος
3239 2267 3301 2322 τὸ
3340 2265 3583 2322 ἐνύπνιον
3631 2266 3771 2342 ὅπερ

2116 2357 2222 2416 εἶδε
2236 2361 2300 2416 ⁸⁸.

2186 2449 2300 2518 Τὴν
2351 2445 2396 2502 δ’
2442 2445 2507 2502 αὖ
2562 2443 2808 2522 καρδίαν.
2863 2443 3308 2520 Περιείληπται⁸⁸
3355 2446 3482 2520 παρ’
3530 2448 3662 2519 ἡμῖν
3719 2448 3760 2516 ἡ

2114 2537 2327 2614 καρδία,
2382 2540 2497 2592 οἷον
2545 2535 2762 2612 κέντρον
2805 2534 3038 2610 πρώτως
3084 2535 3185 2603 τὴν
3237 2536 3382 2604 ζωὴν
3415 2532 3768 2610 δεδεγμένον,

2113 2625 2303 2696 ἰπειδὴ
2357 2627 2492 2680 κατὰ
2526 2625 2616 2679 τὸν
2662 2627 2804 2679 θεῖον
2855 2622 3140 2681 Βασίλειον
3192 2625 3384 2700 πρώτη
3438 2624 3673 2693 κτίζεται
3731 2629 3767 2694 ἡ

2111 2714 2322 2792 καρδία·
2359 2717 2472 2771 εἶτα
2501 2715 2576 2778 ὡς
2600 2715 2705 2769 ἀπὸ
2730 2713 2951 2789 κέντρου
2982 2718 3083 2768 πᾶν
3116 2714 3179 2768 τὸ
3224 2718 3384 2787 σῶμα
3438 2712 3767 2787 πλαστουρ-

2111 2811 2305 2882 γεῖται,
2355 2803 2492 2859 ὥστε
2537 2807 2819 2879 πανταχοῦ
2861 2802 3059 2873 ταύτην
3104 2805 3205 2873 τήν
3272 2803 3415 2872 ζωὴν
3475 2800 3767 2858 διατείνειν

2113 2895 2188 2956 εἷς
2219 2894 2281 2949 τὸ
2332 2894 2507 2966 σῶμω
2543 2891 2650 2948 εἴτε
2682 2892 2783 2968 γὰρ
2814 2894 2848 2961 ἠ
2876 2891 3158 2970 σύμφυτος
3188 2891 3459 2966 θερμότης
3492 2897 3767 2960 ζωοποιεῖ

2109 2984 2172 3038 τὸ
2212 2987 2372 3055 σῶμα
2393 3001 2406 3014 ⁸
2459 2978 2566 3036 εῗίτε
2607 2981 2670 3036 τὸ
2699 2985 2928 3054 πνεῦμα,
2974 2977 3082 3035 εἴτε
3105 2981 3168 3035 τὸ
3201 2981 3356 3054 αἷμα,
3388 2983 3602 3036 πάντων
3635 2983 3770 3038 10'5-

2109 3076 2216 3126 τῶν
2274 3072 2424 3146 πηγὴ
2479 3073 2514 3140 ἡ
2563 3067 2795 3145 καρδία.
2845 3071 2939 3125 Διὸ
3002 3070 3091 3125 καί
3153 3090 3290 3124 τισιν
3354 3067 3501 3139 ἔδοξε
3545 3077 3650 3125 πᾶν
3699 3074 3767 3129 τὸ

350 3165 532 3218 vitam
561 3162 823 3217 conferre
854 3159 1008 3216 valet
1038 3159 1210 3214 simul
1236 3164 1288 3214 et
1312 3157 1486 3214 veluti
1513 3158 1620 3214 hoc
1653 3157 1776 3214 loco
1810 3159 1998 3229 primo

2127 3161 2338 3231 ζωτικὸν
2409 3159 2604 3234 ἀθρόον
2648 3159 2737 3214 καὶ
2792 3161 2907 3214 οἷον
2956 3158 3178 3222 ἐνταῦθα
3234 3159 3466 3233 πρώτως
3521 3157 3769 3231 μάλιστα

353 3251 612 3308 maxime
653 3249 928 3315 stabiliri,
960 3249 1071 3304 etsi
1102 3248 1159 3304 in
1191 3248 1351 3304 omni
1402 3248 1662 3320 corporis
1693 3246 1819 3302 loco
1849 3248 2000 3303 exsi-

351 3344 488 3405 stat,
511 3355 701 3410 neque
731 3337 855 3394 loco
886 3339 1237 3403 detineatur,
1266 3352 1453 3408 neque
1481 3335 1605 3392 loco
1639 3336 2003 3392 circumscri-

353 3429 548 3499 batur,
599 3442 786 3500 ncque
819 3444 853 3483 a
882 3442 1123 3499 corpore
1175 3425 1563 3480 contineatur.
1595 3425 1689 3480 Sic
1737 3425 1913 3496 igitur
1942 3426 2000 3480 in

355 3516 754 3573 invisibilibus
786 3515 963 3571 etiam
1014 3514 1342 3579 ordinibus,
1376 3513 1494 3568 sive
1540 3513 1598 3567 in
1647 3529 1855 3585 genere
1883 3514 2002 3570 sive

354 3608 415 3663 in
438 3607 631 3680 specie
653 3605 1042 3662 ministrando
1064 3602 1526 3676 providentibus,
1539 3609 1820 3675 tanquam
1843 3605 2000 3660 enim

354 3697 413 3751 in
446 3696 663 3760 medio,
689 3700 745 3751 et
766 3694 960 3750 cordis
991 3695 1136 3764 loco,
1161 3697 1218 3748 et
1242 3693 1417 3748 veluti
1451 3696 1719 3749 centrum
1751 3693 2001 3749 fontana

351 3786 482 3841 vitae
514 3784 787 3842 collocari
833 3784 1014 3856 ipsas,
1039 3783 1532 3839 considerandum
1571 3788 1688 3851 est;
1722 3783 1834 3838 etsi
1865 3799 2002 3840 con-

350 3875 527 3929 tineri
560 3879 875 3946 nequeant,
908 3887 1098 3944 neque
1129 3870 1256 3926 loco
1286 3872 1868 3940 circumscribantur,
1899 3876 2003 3928 aut

350 3962 730 4032 corporaliter
759 3966 922 4032 parte
947 3977 1149 4016 eorum
1172 3978 1298 4032 quas
1324 3965 1692 4030 conservant,
1715 3960 2002 4018 divinitus

349 4052 587 4120 accepto
621 4048 1015 4120 prospiciendi
1048 4053 1357 4119 praecepto.

417 4139 484 4193 Et
513 4151 640 4209 quae
668 4139 907 4191 tueatur.
935 4136 1293 4191 Sententiam
1327 4135 1440 4191 isto
1472 4152 1755 4207 compone
1787 4139 1996 4194 modo:

345 4229 481 4295 Quaa
511 4223 742 4281 vitalem
768 4223 1248 4279 distributionem
1279 4227 1543 4293 tueatur;
1570 4223 1819 4280 deinde:
1843 4225 2000 4282 velut

345 4314 406 4370 in
439 4314 704 4386 subjecto
737 4313 931 4368 corde.

415 4404 651 4474 PrOpter
677 4401 819 4473 quod
860 4401 1028 4456 etiam
1069 4404 1356 4471 pennatus.
1389 4399 1504 4454 Cur
1534 4400 1710 4471 pedes
1761 4400 1997 4474 angelo-

2112 3247 2380 3321 ἱδρῦσθαι,
2430 3247 2606 3304 καίτοι
2663 3246 2944 3323 πανταχοῦ
2995 3251 3092 3303 τοῦ
3145 3247 3399 3320 σώματος
3441 3248 3520 3318 ὃν,
3569 3249 3660 3302 καὶ
3696 3249 3764 3305 οὗ

2107 3339 2473 3413 κατεχόμενον
2527 3339 2704 3410 τόπῳ,
2754 3333 2877 3391 οὔτε
2918 3334 3424 3412 περιγεγραμμένον
3477 3335 3530 3390 ἐν
3577 3334 3761 3409 τόπῳ,

2112 3424 2234 3482 οὔτε
2265 3426 2630 3501 συνεχόμενον
2682 3425 2786 3480 ὑπὸ
2833 3427 2930 3479 τοῦ
2981 3425 3258 3496 σώματος.
3291 3423 3462 3487 Οῦτος
3523 3422 3616 3478 οῦν
3662 3426 3762 3480 καὶ

2110 3513 2196 3570 ἐπὶ
2227 3520 2336 3570 τῶν
2367 3514 2611 3590 ἆορᾶτῶν
2654 3513 2877 3583 τάξεων,
2923 3509 3022 3568 εἶ’τι
3070 3512 3121 3567 ἐν
3171 3518 3250 3585 τῷ
3289 3512 3474 3585 παντὶ,
3506 3511 3612 3568 εἴτε
3640 3515 3762 3568 κατ’

2111 3601 2250 3666 εἶδος
2285 3600 3008 3678 διακονικῶςπρονοουσῶν·
3060 3602 3224 3658 οἱονεὶ
3258 3602 3362 3676 γὰρ
3395 3600 3445 3656 ἐν
3481 3600 3631 3674 μέσῳ
3671 3602 3765 3658 καὶ

2109 3689 2335 3767 καρδίας
2365 3693 2520 3765 τόπῳ
2545 3692 2770 3762 νοητέον
2801 3690 2986 3759 αὐτὰς,
3019 3691 3106 3746 καὶ
3139 3692 3211 3752 ὡς
3250 3691 3468 3764 κέντρον
3521 3689 3765 3765 πηγαίοις

2115 3785 2256 3851 ζωῆς
2288 3779 2554 3856 ἰδρῦσθαι’
2586 3779 2764 3836 καίτοι
2793 3780 3042 3855 ἀκρατεῖς
3073 3776 3255 3846 οὔσας,
3284 3780 3374 3835 καὶ
3426 3779 3486 3835 οὐ
3537 3799 3766 3853 περιγε-

2109 3869 2424 3946 γραμμένας
2470 3863 2646 3942 τόπῳ,
2692 3870 2726 3940 ἢ
2780 3867 2928 3943 μέρει
2972 3873 3326 3942 σωματικῶς,
3358 3869 3430 3923 ὧν
3466 3868 3762 3942 συνέχουσι

2109 3965 2360 4036 προνοεῖν
2396 3959 2574 4023 θεόθεν
2595 3958 2900 4032 ταχθεῖσαι.

2183 4135 2281 4190 Καὶ
2329 4134 2392 4190 τό
2437 4135 2826 4213 φρουρητικόν.
2874 4134 2949 4191 Τὸ
2998 4133 3160 4210 ῥητὸν
3213 4131 3384 4195 οὕτως
3425 4132 3633 4198 σόνθες⁵
3683 4135 3760 4189 Τὸ

2111 4225 2474 4303 φρουρητικὸν
2517 4231 2617 4294 τῆς
2670 4229 2944 4294 ζωοποιοῦ
3004 4220 3330 4284 διαδόσεως’
3383 4223 3494 4278 εἶτα
3545 4223 3620 4284 ὡς
3666 4220 3760 4277 ἐπὶ

2036 4348 2054 4356 —
2106 4320 2205 4384 τῆς
2229 4313 2592 4388 ὑποκειμένης
2640 4310 2888 4388 καρδίας.

2168 4400 2273 4458 ’Διὸ
2302 4403 2393 4457 καὶ
2442 4401 2798 4474 ὑποπτέρους.
2854 4401 2951 4456 Διὰ
2994 4400 3045 4455 τί
3095 4401 3463 4476 ἐπτερωμένοι
3495 4400 3549 4455 o't
3592 4397 3761 4462 πόδες

345 4508 478 4548 rum
526 4490 790 4564 pennati,
825 4494 889 4545 ut
919 4489 1194 4545 ostendat
1225 4487 1563 4544 lacultatem
1606 4504 1710 4560 per
1764 4506 1826 4544 se
1876 4506 1998 4545 mo-

2127 4497 2212 4546 τῶν
2267 4488 2538 4568 ἀγγᾶλων,
2582 4488 2675 4545 ’ίνα
2724 4487 2868 4564 δείξῃ
2916 4490 2978 4544 τὸ
3025 4489 3380 4560 αὐτοκίνητον
3409 4490 3583 4544 καὶτὸ
3617 4489 3758 4564 πρὸς

337 4581 533 4648 vendi,
567 4586 624 4637 et
654 4579 767 4636 vim
802 4580 861 4634 in
893 4579 1077 4634 Deum
1117 4577 1483 4646 intendendi,
1512 4582 1569 4634 et
1598 4577 1824 4634 nullam
1855 4595 1989 4634 cum

2134 4583 2162 4636 ὸ
2191 4586 2342 4637 Θεῖον
2371 4580 2710 4647 ἀνατατικὸν,
2742 4579 2830 4634 καὶ
2855 4579 2990 4651 πρὸς
3020 4580 3088 4633 τὰ
3116 4577 3327 4654 ἐπίγεια
3358 4579 3758 4649 ἀκοινώνητον,

339 4671 591 4728 terrenis
621 4667 1119 4738 communionem,
1153 4675 1440 4740 quantum
1477 4666 1537 4725 in
1570 4684 1632 4724 se
1665 4667 1826 4724 nullo
1859 4684 1989 4740 per-

336 4760 563 4818 turbari
595 4758 827 4829 affectu,
859 4757 1099 4829 quando
1138 4756 1313 4812 etiam
1344 4757 1402 4812 in
1437 4762 1594 4813 terra
1622 4757 1816 4830 angeli
1847 4774 1987 4813 con-

339 4850 521 4922 specti
555 4853 713 4905 sunt.

407 4939 640 4995 Marum
669 4938 882 4994 levitas.
916 4935 1208 5003 Quidnam
1239 4933 1395 4991 leves
1427 4950 1652 5006 pennae.

409 5031 474 5083 Et
499 5044 724 5098 purum.
760 5028 840 5083 Ab
871 5029 1246 5083 externorum
1285 5023 1631 5094 adjectione,
1665 5022 1844 5080 veluti
1875 5025 1988 5080 ali-

2100 4671 2223 4725 δσον
2261 4671 2336 4742 μὴ
2363 4670 2424 4724 τὸ
2454 4669 2690 4741 ἐμπαθὲς
2723 4665 2773 4722 έν
2808 4666 2992 4732 αὐτοῖς
3022 4666 3178 4740 εἶναι,
3209 4666 3326 4722 ἐπεὶ
3373 4661 3630 4744 ὤφθησαν
3663 4666 3758 4721 καὶ

2101 4757 2189 4813 ἐπὶ
2219 4765 2322 4834 γῆς
2352 4755 2596 4835 ἄγγελοι.

2168 4939 2384 5010 Πτερῶν
2417 4933 2667 5013 έλαφρία.
2699 4933 2760 4988 Τί
2789 4931 3001 5012 ἐλαφρὰ
3030 4934 3300 5010 πτερωτῶ

2167 5025 2264 5080 Καὶ
2312 5029 2626 5098 καθαρεῦον.
2686 5029 2793 5094 Τῆς
2845 5027 2952 5078 τῶν
3015 5023 3165 5085 ἐκτὸς
3227 5023 3564 5096 προσθήκης,
3624 5025 3751 5076 οἷον

337 5119 692 5181 mentorum,
723 5119 780 5171 et
806 5115 1326 5183 vestimentorum;
1360 5112 1581 5185 quibus
1613 5118 1816 5170 nostra
1845 5130 1985 5172 con-

2127 5119 2308 5194 ροφῶν
2358 5114 2448 5170 καὶ
2497 5113 2735 5192 ἀμφίων,
2794 5115 2875 5174 οἷς
2930 5113 2998 5168 τὰ
3043 5113 3162 5176 καθ’
3219 5114 3367 5186 ἡμᾶς
3429 5116 3752 5187 συγκρατεῖ-

337 5205 667 5260 servantur.

407 5331 470 5406 (t)
500 5328 646 5387 Joel.
681 5346 746 5398 ιι,
775 5332 866 5386 28.

2091 5224 2202 5262 ται.

1339 5430 1580 5487 VARI/ﬁ
1619 5431 2012 5490 LECTIONES
2048 5432 2140 5489 ET
2179 5429 2736 5490 CORRECTIONES.

405 5530 451 5564 ⁸⁸
482 5524 860 5602 ὀσφραντικοῦ,
895 5525 1040 5602 nihil
1068 5528 1532 5602 enim_commune
1559 5531 1731 5586 oculis
1758 5548 1885 5587 cum
1912 5529 2164 5587 odoratu.

2270 5529 2342 5567 ει·
2371 5529 2469 5602 Ἦρ
2481 5527 2676 5602 μήνμευε
2697 5525 2766 5581 τὰ
2789 5525 2909 5582 καθ’
2940 5523 3108 5582 ὕπνον
3137 5524 3394 5602 ὁραθέντα
3441 5522 3580 5581 κατᾶ
3618 5522 3752 5588 τοὺς

338 5598 537 5661 ὕπνους
560 5597 596 5654 ’6⁷
620 5597 871 5674 ἄγγελος.
907 5597 1377 5670 Interpretabatur
1403 5615 1466 5656 ea
1496 5616 1616 5671 quae
1632 5617 1736 5672 per
1764 5617 2003 5659 somnum

2127 5601 2282 5658 (erat.
2358 5602 2404 5637 "
2435 5597 2826 5675 προείληπται.
