4042 6210
245 364 342 418 109
953 371 1012 423 8'
1054 370 1323 424 MAXIM!
1363 369 1668 424 SCHOLIA
1705 367 1779 418 ΙΝ
1821 363 1953 416 LIB.
1994 363 2090 415 DE
2128 363 2447 419 C(ELESTI
2488 367 2962 424 HIERARCHIA.
3561 364 3663 420 110

312 487 736 554 Πολυποίκιλος
796 490 977 570 σοφία.
1030 489 1092 548 Ἦ
1147 489 1544 554 πολυποίκιλος
1602 489 1762 570 σοφία
1806 493 1903 544 τοῦ

2089 488 2441 560 Multi/armis
2489 492 2791 562 sapientia.
2825 491 2994 548 Varia
3047 490 3338 564 sapientia
3391 490 3509 549 Del.
3544 491 3678 548 Haec

248 582 402 634 Θεοῦ.
432 583 612 634 Τοῦτο
643 581 707 636 τὸ
740 579 902 656 ῥητὸν
954 580 1317 637 ἀποστολικόν
1368 583 1480 637 ἐστι
1521 601 1532 616 ·
1573 582 1660 636 καὶ
1717 578 1806 636 διὰ
1856 579 1907 632 τί

249 665 659 724 πολυποίκιλον
723 669 896 739 αὐτὴν
953 672 1100 725 εἶπεν
1131 672 1159 725 ὁ
1203 677 1350 736 θεῖος
1404 671 1585 746 civ-4p;
1625 670 1803 726 καίτοι
1845 670 1906 723 τὸ

248 756 509 812 ποικίλον
591 757 680 812 ἐπὶ
746 758 1052 834 κακούργου
1110 757 1411 836 δεχόμεθα,
1465 760 1654 822 ἄλλως
1709 781 1768 814 τε
1816 759 1905 813 καὶ

249 843 480 908 ὶνταῦθα
538 847 566 899 ὁ
626 844 790 920 μέγας
866 846 1146 910 Διονύσιος
1228 848 1408 917 ἁπλῆν
1483 851 1570 904 καὶ
1639 845 1906 904 πολυποί-

245 933 412 988 κιλον
470 933 640 1004 αὐτὴν
702 938 867 990 εἷπε·
932 933 1082 991 δοκεῖ
1162 934 1220 992 δε
1289 937 1357 991 τὰ
1403 940 1447 975 ³⁸
1504 935 1600 992 δύο
1654 936 1907 992 ἆναντία’

247 1021 489 1098 λέγομεν
525 1021 644 1092 οὖν,
679 1025 762 1079 ὅτι
794 1025 856 1079 τὸ
885 1023 1040 1094 ἁπλῆ
1069 1024 1232 1100 σοφία
1279 1022 1368 1081 διὰ
1417 1031 1576 1082 τοῦτο
1621 1029 1792 1094 εἶπεν,
1817 1023 1910 1080 ’ίνα

247 1110 482 1186 δηλώσῃ
511 1113 576 1167 τὸ
625 1113 904 1168 ἀσύνθετον
945 1119 1042 1168 τοῦ
1099 1120 1256 1184 Θεοῦ,
1288 1117 1377 1170 καὶ
1408 1118 1471 1170 τὸ
1518 1112 1793 1189 μηδεμιᾶς
1823 1112 1908 1168 δι·-

245 1200 434 1270 πλόης
467 1199 816 1275 ἆπιδεόμενον
853 1225 866 1238 ·
900 1199 1022 1259 οὔτε
1069 1204 1174 1280 γὰρ
1224 1204 1284 1260 ἐκ
1336 1207 1622 1278 μαθήσεως
1668 1207 1832 1281 σοφὸς
1881 1207 1908 1260 ὁ

254 1291 409 1360 Θεὸς,
426 1288 556 1346 ἀλλ’
587 1291 920 1367 αὐτόχρημα
950 1292 1110 1371 σοφία
1139 1292 1271 1348 ἐστί.
1290 1295 1368 1351 Τὸ
1400 1291 1457 1348 δὲ
1487 1293 1907 1371 φολυποίκιλον,

249 1376 391 1434 διότι
420 1379 498 1442 είς
525 1378 716 1436 πολλὰ
763 1381 1014 1458 γνώσεως
1063 1380 1182 1453 εἴδη
1239 1388 1634 1456 μετατυποῦται
1667 1381 1757 1438 διὰ
1809 1384 1908 1452 τὴν

275 1473 386 1523 τῶν
466 1467 906 1542 ἐλλαμπομὲνων
985 1471 1295 1535 ἀσθένειαν⁹
1329 1471 1614 1548 ἀρχιερεὺς
1663 1474 1765 1547 γάρ
1823 1470 1912 1527 ἐστ

254 1556 429 1630 μέγας
497 1556 841 1633 συμπάσχων
914 1563 1032 1620 ταῖς
1106 1561 1268 1632 ἡμῶν
1327 1559 1646 1622 ἀσθενείαις.
1704 1561 1771 1616 Ἢ
1821 1556 1910 1615 καὶ

247 1644 426 1706 οὕτως
463 1664 476 1678 ⁸
510 1645 690 1716 Ἀπλῆ
729 1647 822 1718 μὶν
857 1645 1070 1722 λέγεται
1103 1648 1266 1724 σοφία
1312 1654 1445 1704 Θεοῦ
1475 1649 1611 1725 πρὸς
1637 1656 1738 1718 τῆς
1769 1649 1914 1704 olito-

244 1734 469 1807 νομίας,
532 1735 616 1789 ὅτι
673 1735 846 1790 πάντα
903 1736 978 1801 ὠς
1032 1737 1164 1799 Θεὸς
1217 1735 1644 1815 ἐδημιούργησε,
1702 1737 1791 1793 καὶ
1853 1739 1906 1792 ἐν

243 1829 365 1922 τοῖς
397 1823 522 1878 τότε
565 1822 808 1922 κδικαίοις
1004 1823 1144 1880 ίδίαν
1196 1826 1651 1922 ἀπερικαλύπτως
1709 1824 1912 1882 ἰπιδει-
1941 1857 1992 1922 Β

246 1912 528 1984 κνύμενος
561 1909 812 1986 δύναμιν,
846 1912 920 1974 ὠς
969 1914 1054 1969 ἐπὶ
1108 1919 1347 1978 Μωσεως
1395 1916 1484 1970 καὶ
1514 1911 1789 1990 ⁷Λϐραὰμ,
1825 1937 1914 1997 καὶ

248 2005 364 2054 τῶν
397 2001 539 2071 ὲξῆςσ
574 2001 664 2056 ὅτε
695 1999 751 2056 δὲ
775 2010 838 2057 τὸ
869 2009 968 2071 τῆς
1001 2003 1317 2076 οἰκονομίας
1361 2007 1660 2079 μυστήριον
1705 2026 1916 2082 κατειρ-

245 2091 475 2165 γάζετο,
525 2093 562 2160 ὴ
620 2090 1026 2154 πολυποίκιλος
1084 2092 1308 2155 εθκότως
1367 2092 1624 2164 κληθείη.
1671 2097 1914 2172 ”Ανθρω.

245 2200 351 2241 πος
381 2180 486 2256 γὰρ
518 2181 839 2254 γενόμενος,
874 2180 964 2235 καὶ
1025 2180 1129 2236 ὑπὸ
1171 2182 1343 2256 νόμον
1393 2182 1766 2258 χρηματίσας,
1801 2186 1910 2257 [καὶ

246 2268 490 2341 παθὼν,]
537 2269 630 2322 καὶ
688 2268 740 2323 ἐν
797 2275 1006 2344 νεκροῖς
1065 2271 1320 2346 εὑρεθεὶς,
1354 2272 1497 2326 οὕτω
1548 2269 1637 2326 διὰ
1693 2275 1911 2347 σαρκὸς,

251 2358 347 2412 καὶ
405 2364 512 2426 τῆς
563 2356 792 2429 ἐνούσης
852 2358 987 2432 αὐτῇ
1036 2358 1328 2428 ἀσθενείας,
1363 2355 1686 2434 ἐθριάμϐευε
1743 2361 1915 2416 πάντα

251 2446 481 2520 ἆγθρὸν,
512 2446 605 2500 καὶ
639 2447 729 2502 τὸν
763 2442 896 2517 ᾅδην
933 2446 1166 2518 ἐνίκησε,
1200 2454 1315 2510 τοῖς
1347 2449 1456 2504 ἐκεῖ
1485 2449 1914 2526 φρουρουμένοις

251 2534 544 2588 ἀνάστασιν
597 2533 990 2609 δωρησάμενος
1025 2555 1038 2568 ·
1070 2538 1233 2591 τοῦτό
1284 2535 1395 2592 ἔστι
1441 2539 1502 2592 τὸ
1531 2537 1784 2593 ποικίλον
1810 2546 1912 2607 τῆς

265 2623 439 2677 αὐτοῦ
472 2623 685 2702 σοφίας,
718 2625 801 2679 δτι
849 2621 917 2678 δι’
948 2625 1220 2689 ἀσθενείας
1275 2627 1612 2703 περιεγένετο
1674 2632 1782 2682 τῶν
1827 2625 1914 2682 δο-

249 2712 501 2768 κούντων
536 2713 800 2790 ἰσχυρῶν.

327 2892 607 2949 Καθόλου.
642 2891 742 2946 Καὶ
801 2891 856 2948 ἰν
911 2897 993 2964 τῷ
1050 2893 1176 2968 Περὶ
1237 2892 1392 2948 θείων
1441 2894 1722 2966 ὀνομάτων
1761 2892 1912 2970 λόγῳ

252 2978 538 3058 κεφαλαίῳ
585 2978 909 3046 ε’πλατὲως
971 2980 1292 3058 ἔσαφηνίσθη
1351 2983 1403 3037 τί
1459 2984 1655 3053 νοητὸν
1713 2983 1802 3038 καὶ
1858 2983 1910 3038 τί

254 3070 444 3142 νοερόν
472 3089 486 3103 ·
513 3067 610 3124 νῦν
663 3067 719 3124 δὶ
753 3071 925 3154 ,αὐτὸς
957 3072 985 3126 ὁ
1022 3072 1188 3145 μέγας
1250 3071 1526 3136 Διονύσιος
1579 3072 1863 3148 σαφηνίζει
1895 3092 1909 3106 υ

253 3159 453 3228 νοητὸν
511 3159 608 3232 μὲν
666 3159 768 3234 γὰρ
816 3158 990 3214 ἐκεῖνο
1020 3160 1275 3234 τυγχάνει
1315 3161 1377 3215 τὸ
1430 3160 1747 3234 νοούμενον,
1779 3161 1912 3236 ὅπερ

2019 579 2308 632 sententia
2352 585 2441 634 est
2484 581 2887 653 Apostoli(t‘);
2928 586 2985 636 et
3013 598 3194 652 quare
3243 580 3406 638 illam
3455 581 3677 637 variam

2018 668 2330 740 appellavit
2360 670 2446 724 vir
2492 670 2766 726 divinus?
2818 671 2929 726 etsi
2972 673 3196 726 varium
3249 687 3352 742 pro
3403 673 3667 730 maleﬁco

2019 773 2401 829 usurpamus,
2433 763 2628 815 tomen
2661 761 2832 816 aliter
2870 759 2978 816 hoc
3011 758 3138 815 loco
3171 775 3428 832 magnus
3461 762 3681 834 Diony-

2018 845 2145 900 sius
2162 848 2428 903 eamdem
2450 850 2827 921 sapientiam,
2844 849 3176 921 simplicem
3197 854 3254 904 et
3278 848 3675 905 multivariam

2019 934 2166 990 dixit
2210 953 2222 990 :
2267 937 2540 992 videntur
2571 955 2741 1010 porro
2772 940 2889 994 duo
2923 938 3250 1007 contraria;
3285 938 3542 994 dicimus
3570 938 3682 993 ita.

2020 1038 2153 1094 que,
2179 1040 2311 1079 eum
2346 1027 2478 1082 ideo
2500 1028 2826 1098 simplicem
2855 1027 3204 1098 sapientiam
3235 1027 3478 1096 dixisse,
3499 1033 3564 1082 ut
3586 1029 3680 1082 de-

2019 1110 2265 1167 clararet
2286 1114 2386 1169 Dei
2409 1116 2876 1188 simplicitatem,
2901 1123 2958 1171 et
2983 1118 3054 1171 ab
3085 1116 3249 1171 omni
3280 1115 3680 1187 duplicatione

2019 1200 2486 1272 immunitatem;
2521 1222 2712 1277 neque
2741 1206 2892 1260 enim
2929 1206 3083 1261 Deus
3111 1206 3394 1260 discendo
3413 1206 3675 1277 sapiens,

2020 1290 2121 1344 sed
2156 1295 2246 1345 est
2279 1309 2484 1364 reapse
2515 1294 2836 1365 Sapientia.
2862 1295 3258 1349 Multivariam
3291 1301 3510 1360 autem,
3539 1294 3680 1366 quia

2022 1378 2080 1432 in
2114 1379 2330 1436 multas
2361 1383 2716 1453 cognitionis
2761 1384 2984 1454 species
3036 1389 3274 1456 propter
3302 1383 3402 1439 48
3441 1399 3669 1451 eorum,

2021 1469 2120 1538 qui
2153 1468 2526 1526 illustrantur
2570 1473 2974 1528 infirmitatem
3015 1477 3500 1541 transl‘ormatur;
3536 1489 3671 1528 nam

2022 1560 2111 1611 est
2141 1573 2393 1630 magnus
2425 1561 2684 1630 pontifex
2711 1563 2931 1617 nostris
2963 1562 3328 1633 compatiens
3358 1562 3670 1616 infirmita-

2022 1644 2179 1700 tibus
2204 1645 2305 1717 (u).
2329 1647 2430 1702 Vel
2463 1649 2637 1704 etiam
2670 1649 2782 1704 isto
2806 1651 2976 1706 modo
3005 1667 3018 1705 :
3043 1649 3300 1722 Simplex
3323 1650 3561 1721 quidem
3589 1651 3676 1706 di-

2023 1731 2175 1788 citur
2200 1733 2299 1790 Dei
2332 1737 2620 1808 sapientia
2649 1745 2784 1795 ante
2815 1739 3316 1810 dispensationem
3350 1739 3429 1811 (id
3462 1742 3551 1794 est
3581 1739 3672 1794 in-

2022 1825 2440 1898 carnationem)
2463 1843 2476 1880 :
2497 1827 2697 1884 omnia
2717 1832 2871 1884 enim
2899 1835 2962 1883 ut
2982 1829 3134 1885 Deus
3159 1829 3312 1895 fecit,
3335 1833 3390 1883 et
3413 1827 3470 1882 in
3495 1827 3670 1898 iustis

2026 1909 2201 1968 istius
2232 1917 2513 1986 temporis
2556 1922 2752 1988 aperte
2798 1918 3089 1988 propriam
3140 1917 3458 1973 ostendens
3489 1917 3672 1972 virtu-

2025 2003 2164 2068 tem,
2190 2003 2353 2070 velut
2384 2005 2439 2058 in
2474 2006 2631 2060 Mose
2660 2011 2716 2060 et
2745 2007 3037 2061 Abraham
3067 2012 3126 2060 et
3153 2006 3404 2073 caeteris;
3438 2005 3671 2077 quando

2026 2095 2221 2146 autem
2255 2093 2712 2165 dispensationis
2755 2095 3098 2167 mysterium
3145 2097 3515 2168 operabatur,
3548 2111 3672 2150 me-

2026 2179 2136 2234 rito
2164 2181 2494 2238 multivaria
2520 2186 2796 2255 sapientia
2826 2192 3066 2239 vocatus
3099 2185 3288 2240 fuerit.
3318 2185 3461 2240 Nam
3494 2184 3672 2239 homo

2025 2270 2233 2336 factus,
2265 2277 2324 2327 et
2373 2273 2482 2344 legi
2532 2275 2836 2344 subjectus
2875 2275 2955 2345 [et
3003 2273 3263 2345 passus,]
3295 2280 3467 2344 atque
3517 2275 3673 2329 inter

2025 2365 2290 2415 mortuos
2319 2361 2610 2429 inventus,
2647 2363 2730 2416 sic
2763 2379 2865 2434 per
2911 2379 3146 2418 carnem
3189 2366 3246 2416 et
3292 2361 3668 2415 inhaerentem

2022 2447 2134 2502 sibi
2186 2449 2616 2515 inﬁrmitatem,
2648 2451 2719 2504 de
2749 2449 2909 2505 omni
2958 2450 3128 2506 hoste
3177 2449 3581 2520 triumphavit,
3614 2452 3673 2503 et

2021 2537 2317 2592 infernum
2362 2538 2521 2604 vicit,
2551 2538 2626 2594 iis
2659 2538 2756 2609 qui
2806 2538 2926 2593 illic
2970 2538 3423 2593 asservabantur
3472 2553 3668 2591 resur-

2023 2627 2336 2682 rectionem
2372 2627 2616 2696 largitus
2651 2643 2664 2682 :
2697 2628 2816 2682 haec
2859 2633 2949 2682 est
2991 2630 3118 2696 ejus
3149 2627 3446 2697 sapientiae
3476 2626 3669 2681 varie-

2022 2721 2136 2780 tas,
2169 2732 2235 2771 eo
2269 2717 2424 2787 quod
2458 2732 2562 2787 per
2596 2716 2995 2770 inﬁrmitatem
3028 2733 3146 2784 eos,
3176 2714 3272 2786 qui
3303 2715 3481 2770 fortes
3509 2715 3669 2770 vide—

2024 2806 2241 2859 bantur
2269 2804 2648 2876 superaverit.

2096 2895 2347 2950 Omnino.
2383 2894 2442 2948 ln
2477 2893 2627 2949 libro
2658 2894 2832 2949 etiam
2879 2898 2958 2949 De
2988 2894 3201 2948 divinis
3228 2894 3547 2949 nominibus
3579 2909 3674 2949 ca-

2023 2983 2140 3056 pile
2169 2991 2399 3053 quarto,
2428 2981 2700 3053 pluribus
2751 2981 3108 3053 explicatum
3149 2985 3240 3036 est
3268 2999 3302 3036 a
3331 2982 3502 3037 nobis
3535 2983 3676 3053 quid

2023 3074 2102 3127 sit
2147 3072 2499 3142 intelligibile
2549 3077 2606 3126 et
2654 3073 2792 3142 quid
2846 3072 3163 3138 intelligens
3207 3088 3225 3125 :
3272 3087 3428 3126 nunc
3474 3077 3671 3126 autem

2024 3163 2150 3233 ipse
2182 3176 2435 3231 magnus
2466 3161 2778 3232 Dionysius
2813 3162 3089 3230 exponit:
3113 3160 3467 3229 intelligibile
3496 3160 3674 3231 siqui-

256 3246 483 3310 εἰκότως
514 3229 636 3302 ’καὶ
681 3229 988 3320 ξλλάμπειν
1043 3229 1268 3322 tri-pii):
1315 3247 1530 3324 λέγεται
1563 3229 1577 3282 ξ
1609 3229 1794 3325 νοερον
1856 3229 1912 3305 δε

2034 3229 2158 3305 dem
2192 3229 2339 3304 illud
2370 3254 2460 3304 est
2490 3229 2644 3320 quod
2693 3249 3065 3319 intelligitur.
3087 3249 3241 3319 quod
3291 3229 3676 3318 probabiliter

259 3335 391 3389 αὐτὸ
429 3336 493 3390 τὸ
541 3340 702 3390 νοοῦν
752 3337 999 3412 ὑπάργον
1031 3336 1478 3410 ἐλλαμπόμενον,
1509 3338 1598 3392 καὶ
1633 3338 1914 3411 συντόμως

263 3423 539 3493 είπεῖν,αἱ
568 3419 991 3495 ὁπερόεϐηκυῖαι
1051 3425 1228 3480 οὐσίαι
1288 3425 1586 3496 νοηταὶ,αἱ
1644 3424 1701 3482 δὶ
1761 3428 1916 3502 ὑφει-

265 3513 421 3583 μὲναι
451 3513 657 3587 νοεραί,
686 3513 778 3567 καὶ
811 3508 1119 3583 ὑποϐεϐηκε
1162 3515 1224 3568 τὸ
1271 3519 1426 3568 νοοῦν
1485 3515 1548 3569 τὸ
1594 3516 1913 3589 νοούμενον.

265 3603 504 3670 Νοητῶς
539 3601 632 3672 μὲν
666 3599 956 3675 ἰλλάμπον
989 3605 1024 3672 ἡ
1057 3601 1168 3657 θεία
1195 3601 1372 3680 φύσις·
1403 3608 1602 3679 νοερῶς
1632 3601 1688 3658 δὶ
1719 3603 1917 3678 ἐλλαμ-

265 3689 340 3743 πό
348 3709 510 3761 μενον
541 3691 575 3759 ἠ
605 3689 872 3766 ἀγγελική
883 3734 896 3748 .

328 3959 661 4032 Ἱερατικνςν.
720 3956 1038 4030 Σημείωσαι
1081 3958 1134 4012 τί
1180 3958 1242 4012 τὸ
1291 3958 1558 4034 ἱερατικὸν
1609 3957 1814 4033 ἔνδυμα
1862 3959 1915 4014 ἄν

262 4045 528 4115 Ἰεζεκιὴλ
560 4045 651 4100 καὶ
684 4044 914 4116 Δανιήλ.

330 4137 658 4211 Συναγωγὸν
692 4136 866 4190 αὒτῶν
912 4131 1040 4206 ἕξιν.
1075 4135 1316 4210 Εἴπομεν
1349 4136 1628 4211 ἀνωτέρω,
1670 4137 1723 4192 τί
1775 4137 1915 4193 ἐστιν

258 4220 362 4293 ’ἕξις
421 4224 513 4278 ἐπὶ
567 4223 894 4296 ἀσωμάτων.
954 4225 1049 4279 Καὶ
1122 4224 1394 4300 ἀνάγνωθι
1453 4225 1506 4278 ἐν
1558 4231 1637 4298 τῷ
1697 4222 1919 4300 ἑϐδόμῳ

259 4312 546 4391 κεςαλαίῳ
586 4333 599 4346 ·
657 4313 720 4367 τὸ
777 4315 1112 4388 συνηγμὲνον
1171 4311 1229 4368 Si
1286 4315 1374 4368 καὶ
1433 4312 1754 4370 ἀσκὲδαστον
1813 4321 1918 4370 τῶν

255 4407 504 4474 νοήσεων
539 4421 554 4433 ο
591 4399 681 4456 διὰ
715 4401 926 4456 τούτων
960 4400 1128 4472 δηλοῖ
1157 4403 1185 4456 ὁ
1219 4403 1406 4475 Πατὴρ
1459 4403 1582 4476 περὶ
1637 4404 1732 4465 τὰς
1777 4405 1920 4467 θείας

258 4490 592 4564 ιλλάμψεις,
622 4491 710 4545 καὶ
761 4492 863 4559 τὴν
912 4490 1111 4545 οἰκείαν
1175 4490 1227 4546 ἐν
1286 4495 1354 4564 τῇ
1403 4495 1499 4545 τοῦ
1532 4491 1730 4566 ἀγαθοῦ
1789 4498 1924 4548 Θεοῦ

255 4585 404 4654 μονῇ
437 4579 751 4650 ταύτότητα
779 4579 1209 4653 ωνειλουμᾶνην
1251 4577 1340 4634 διὰ
1368 4579 1594 4642 παντός.

325 4667 670 4740 Ἀνομοίων.
701 4667 932 4722 Ὑλικῶν
967 4665 1248 4739 δηλονότι.

324 4758 456 4827 δν.
492 4757 856 4830 Γεωμετρικά.
891 4758 1022 4828 Περὶ
1073 4761 1278 4811 σκευῶν
1329 4761 1718 4831 γεωμετρικῶν
1764 4759 1808 4795 ⁸⁸
1860 4757 1911 4812 ἐν

252 4845 528 4915 Ἰεζεκιήλ
553 4845 645 4900 καὶ
677 4845 940 4921 Ζαχαρία.

325 4936 837 5008 Ἐπανορθωτικήν.
871 4935 960 4996 Ὠς
987 4935 1052 4990 τὸ
1081 4934 1234 5007 ξίφος
1265 4933 1316 4989 ἓν
1353 4931 1659 4998 Βασιλείαις
1695 4954 1708 4968 ο
1736 4934 1826 4990 καὶ
1855 4936 1918 4990 τὸ

253 5021 528 5098 δρέπανον
561 5021 616 5077 ἂν
645 5023 889 5098 Ζαχαρία
918 5028 1000 5096 τῷ
1025 5025 1311 5100 προφήτῃ.

328 5114 485 5183 §V[.
537 5114 825 5184 Ἀνέμους.
885 5115 995 5168 Τοῦ
1059 5113 1316 5184 κειμένου
1390 5113 1537 5185 παρά
1613 5118 1695 5184 τῷ
1751 5109 1919 5168 Δαϐὶδ

251 5201 416 5273 οἶμαι
448 5201 610 5254 αὐτὸν
645 5201 1025 5272 μνημονεύειν,
1057 5202 1118 5258 Ὀ
1160 5206 1472 5277 περιπατῶν
1507 5200 1592 5256 ἐπὶ
1639 5202 1922 5277 πτερύγων

251 5288 501 5361 ἀνέμων,
536 5285 668 5351 ἴσως
697 5291 798 5357 τὴν
827 5287 1098 5363 ἀνάληψιν
1127 5295 1226 5345 τοῦ
1284 5294 1522 5364 Χριστοῦ
1567 5287 1874 5361 δηλοῦντος
1908 5309 1922 5324 ο

324 5436 426 5506 (ε’)
458 5435 671 5508 Ephes.
709 5451 796 5505 ιιι,
829 5435 916 5493 10.
993 5435 1078 5508 (ιι)
1106 5435 1278 5494 Hebr.
1313 5451 1390 5505 IV,
1427 5436 1511 5492 15.

2026 3339 2204 3394 etiam
2256 3338 2455 3393 lumen
2506 3338 2802 3392 illustrare
2851 3339 3069 3392 dicitur
3111 3354 3123 3391 :
3174 3338 3492 3405 intelligens
3541 3352 3674 3391 vero

2026 3427 2176 3496 quod
2210 3426 2402 3499 ipsum
2437 3426 2773 3498 intelligens
2815 3426 3174 3480 illustratum
3208 3426 3472 3492 exsistit;
3502 3431 3677 3497 atque

2029 3523 2092 3570 ut
2122 3515 2500 3587 paucioribus
2541 3514 2865 3580 absolvam,
2896 3514 3230 3586 superiores
3260 3515 3496 3570 ordines
3535 3522 3676 3570 sunt

2027 3605 2458 3676 intelligibiles,
2507 3603 2813 3658 inferiores
2863 3619 2996 3658 vero
3046 3603 3462 3675 intelligentes,
3515 3605 3670 3674 quod

2027 3693 2390 3764 intelligitur,
2441 3692 2684 3762 subjicit
2735 3691 2901 3760 illud,
2933 3691 3085 3761 quod
3135 3690 3432 3764 intelligit.
3466 3692 3673 3747 Divina

2028 3788 2239 3838 natura
2278 3781 2576 3836 intellecta
2619 3780 2904 3848 illustrat;
2938 3778 3200 3850 angelica
3230 3784 3427 3834 autem
3461 3784 3673 3835 natura

2028 3871 2381 3942 intelligens,
2415 3869 2764 3924 illustratur.

2099 3958 2528 4016 Sacerdotalem.
2569 3957 2718 4012 Nota
2765 3957 2903 4028 quid
2950 3957 3130 4012 vestis
3179 3956 3560 4012 sacerdotalis
3609 3956 3670 4013 in

2029 4047 2325 4105 Ezechiele
2355 4052 2411 4103 et
2441 4046 2698 4102 Daniele.

2102 4142 2312 4193 Eorum
2339 4137 2591 4191 habitum
2611 4137 2920 4192 collectum.
2948 4135 3209 4190 Diximus
3231 4137 3674 4207 superius,quid

2031 4228 2108 4284 sit
2138 4227 2374 4282 habitus
2404 4227 2462 4280 in
2496 4225 2878 4297 incorporeis.
2910 4226 3054 4293 Lege
3084 4225 3259 4279 etiam
3292 4231 3469 4295 caput
3498 4228 3680 4296 septi-

2033 4333 2217 4383 mum,
2249 4315 2610 4370 coactionem
2647 4319 2839 4369 autem
2886 4319 2942 4368 et
2981 4313 3382 4369 collectionem
3416 4312 3681 4367 intellec-

2031 4407 2293 4474 tionum;
2324 4421 2424 4476 per
2453 4403 2573 4458 haec
2604 4403 2856 4458 declarat
2885 4402 3049 4457 Pater
3077 4403 3230 4456 circa
3252 4401 3482 4456 divinas
3510 4400 3680 4456 illus-

2035 4495 2338 4560 trationes,
2373 4499 2429 4546 et
2461 4493 2752 4564 pr0priam
2786 4492 2842 4544 in
2878 4491 3011 4544 boni
3049 4492 3143 4545 Dei
3183 4488 3485 4545 mansione
3516 4488 3678 4544 iden-

1953 4597 1998 4661 D
2026 4584 2280 4648 titatem,
2313 4579 2688 4636 convolutam
2721 4579 2879 4634 omni
2913 4584 3195 4649 tempore.

2099 4671 2495 4727 Dissimilium.
2528 4668 2916 4724 Materialium
2951 4666 3194 4721 scilicet.

2096 4763 2124 4828 ξ
2158 4760 2220 4816 V.
2256 4759 2616 4815 Geometrica.
2653 4763 2725 4812 De
2758 4756 3134 4830 geometricis
3177 4753 3590 4810 instrumentis
3623 4753 3680 4808 in

2025 4848 2322 4904 Ezechiele
2353 4852 2410 4902 et
2438 4846 2739 4902 Zacharia.

2101 4938 2512 4992 Correctricem.
2547 4936 2713 4991 Sicut
2741 4934 2974 5006 gladius
3019 4934 3080 4987 in
3134 4931 3302 4986 libris
3352 4933 3595 5004 Regum,
3628 4937 3685 4988 et

2031 5026 2147 5082 falx
2178 5027 2235 5080 in
2269 5026 2543 5080 Zacharia
2580 5023 2882 5096 propheta.

2102 5115 2252 5181 ενι.
2291 5118 2517 5169 Ventos.
2550 5115 2822 5168 Arbitror
2865 5111 3054 5181 ipsum
3092 5110 3450 5166 mentionem
3495 5112 3684 5167 facere

2034 5204 2196 5258 illius
2229 5204 2383 5274 quod
2417 5203 2474 5256 in
2509 5203 2722 5256 Davide
2771 5200 3038 5255 habetur.
3074 5200 3179 5266 Qui
3225 5201 3476 5255 ambulat
3522 5218 3688 5272 super

2033 5308 2244 5365 pennas
2265 5297 2554 5348 ventorum
2571 5290 2707 5362 (u');
2728 5290 2872 5344 forte
2889 5288 3019 5357 ejus
3041 5288 3197 5358 quod
3221 5290 3686 5361 assumptionem

1588 5436 1698 5510 (α’)
1730 5437 1824 5496 Ps.
1856 5453 1976 5508 αιιῐ,
2007 5437 2063 5496 3.

1269 5589 1512 5648 VARI/El
1550 5590 1946 5651 LECTIONES
1984 5591 2076 5650 ET
2115 5584 2685 5648 CORRECTIONES.

332 5689 378 5725 ³⁸
405 5689 593 5749 ταῦτα.
682 5690 729 5728 ⁸⁸
757 5687 1067 5766 ίερατικῶν.
