4042 6210
375 323 473 379 111

1194 317 1558 371 APPENDIX
1595 317 1692 367 AD
1729 313 1970 367 OPERA
2003 314 2064 365 S.
2104 313 2425 368 DIONYSII
2464 315 2967 369 AREOPAGITE.

3680 314 3789 367 112

367 443 581 505 Christi
613 445 946 519 signiﬁcat;
980 440 1260 516 quoniam
1313 439 1485 495 Pater
1530 437 1589 492 in
1641 435 2027 508 sequentibus

2166 434 2258 487 arei
2286 434 2375 489 καὶ
2409 435 2460 488 ἐν
2490 440 2606 494 τοῖς
2637 437 2759 505 ἑξῆς
2787 436 2814 490 ὁ
2845 435 3057 509 Πατὴρ,
3095 433 3329 511 νεφέλης
3379 432 3573 497 αὖτοὺς
3630 456 3792 511 περι-

364 539 447 594 ait
474 537 635 610 ipsos
667 534 860 607 specie
890 530 1067 587 nubis
1093 529 1340 598 efﬁctos,
1367 544 1433 583 eo
1465 527 1620 598 quod
1657 527 1879 580 dictum
1911 523 2022 578 sit:

367 627 546 682 Nubes
573 624 811 693 suscepit
842 638 968 676 eum
999 620 1066 674 ab
1101 619 1275 676 oculis
1305 614 1667 688 ipsorum(v).

444 716 662 786 Absque
691 728 866 768 mora.
899 709 1057 765 Dixit
1089 709 1295 763 merito
1326 707 1531 777 absque
1570 720 1723 759 mora
1745 719 1764 757 .·
1797 717 1933 757 nam
1966 701 2027 755 in

378 803 700 862 sensilibus
728 798 961 872 proprie
987 814 1081 852 res
1113 797 1263 851 ﬁunt
1292 793 1542 864 tardius,
1571 799 1624 848 el
1654 792 1712 846 in
1746 797 2026 861 tempore.

382 896 444 949 In
484 888 845 962 incorporeis
903 890 1101 942 autem
1159 888 1216 939 et
1264 880 1762 952 intelligibilibus,
1815 883 2028 950 puncto

380 980 666 1054 temporis
696 983 753 1034 et
783 979 1060 1048 perpetuo
1090 977 1150 1029 et
1171 973 1299 1028 sine
1329 971 1700 1026 cunctatione
1730 969 1830 1024 49
1863 966 2032 1039 perﬁ-

381 1072 652 1136 ciuntur;
688 1084 801 1122 non
833 1067 1062 1136 oportet
1101 1061 1282 1134 igitur
1329 1064 1566 1131 tempus
1594 1058 1654 1114 in
1686 1055 2032 1128 intelligibi-

379 1159 538 1215 libus
567 1156 892 1212 nominare.

447 1244 835 1318 Efﬁcientiam.
865 1245 996 1306 Pro,
1026 1238 1409 1311 spirationem
1437 1239 1540 1292 aut
1561 1234 1940 1292 volationem.

447 1335 684 1407 Subque.
720 1331 798 1386 Ex
825 1331 953 1386 loco
985 1344 1262 1401 supremo
1313 1327 1384 1381 ad
1434 1325 1758 1394 infernum,
1789 1322 1942 1378 sicut
1972 1324 2032 1378 in

382 1423 542 1480 scala
575 1421 779 1479 Jacob.

449 1513 629 1568 Aerei.
659 1509 809 1566 Nota
853 1507 1011 1564 enim
1059 1505 1252 1562 dicere
1280 1507 1543 1572 ventum,
1577 1518 1814 1560 aereum
1854 1500 2032 1574 spiri-

387 1608 775 1747 ωΐέηῑοδιιηι.
811 1685 938 1742 Alia
985 1682 1402 1756 contemplatio
1452 1678 1866 1754 appellationis
1894 1695 2033 1736 ven-

385 1785 604 1836 torum.

456 1868 775 1942 Symbolica
803 1864 1103 1932 theologia.
1137 1863 1283 1918 Nota
1315 1864 1372 1916 et
1400 1860 1584 1916 alium
1637 1859 1764 1929 ejus
1813 1857 2033 1914 librum

385 1958 697 2014 ineditum.
729 1953 1366 2020 Quadrielementarem
1397 1954 1591 2005 autem
1626 1948 2032 2019 purgationem

386 2047 528 2102 dicit
556 2059 887 2102 sermonem
935 2041 1095 2098 aliud
1141 2039 1335 2094 verbis
1385 2037 1544 2092 aliud
1578 2053 1754 2092 sensu
1787 2037 1859 2091 de
1888 2052 2033 2107 qua-

382 2141 519 2191 tuor
563 2133 873 2190 elementis
924 2130 1377 2203 signiﬁcantem,
1420 2130 1680 2182 mentem
1731 2126 1802 2180 ad
1853 2124 2036 2180 subli-

385 2225 628 2280 miorem
661 2222 1056 2294 cognitionem
1108 2218 1546 2290 pcrducentem.
1579 2215 1753 2284 Signa
1781 2230 1939 2280 vero,
1972 2217 2035 2269 ut

378 2313 632 2382 videtur,
664 2315 920 2383 quatuor
957 2308 1382 2364 elementorum
1431 2305 1622 2377 magis
1655 2303 1752 2359 illo
1801 2305 1858 2358 in
1911 2302 2035 2358 loco

377 2400 676 2473 explicuit.
744 2400 892 2455 Nota
959 2403 1156 2452 autem
1241 2395 1537 2466 quomodo
1622 2393 2039 2465 interpretetur

379 2491 529 2546 illud
585 2506 598 2544 :
650 2489 889 2560 Spiritus
939 2486 1038 2542 ubi
1081 2483 1205 2541 vult
1251 2486 1426 2557 spirat
1468 2484 1593 2554 (ν’),
1644 2499 1746 2554 per
1793 2498 1862 2537 ea
1907 2498 2038 2553 qua)

385 2579 754 2646 afferuntur;
786 2575 930 2631 dicit
972 2573 1128 2630 enim
1163 2591 1177 2630 :
1210 2575 1396 2629 Nescis
1445 2571 1594 2626 unde
1640 2575 1814 2642 venit,
1845 2574 1901 2626 et
1930 2586 2040 2641 qua

388 2667 540 2723 vadit
567 2668 670 2734 (az).

461 2752 1002 2826 Super-mundiatitcr
1065 2750 1324 2822 repletas.
1392 2749 1553 2804 Sicut
1619 2747 1775 2803 enim
1849 2748 2037 2804 nubes

389 2848 591 2900 evocat
620 2859 835 2914 aquam
883 2839 1084 2906 maris,
1117 2843 1174 2894 et
1203 2837 1449 2894 effundit
1479 2837 1668 2908 ipsam
1720 2839 1777 2892 in
1829 2837 2035 2892 faciem

391 2937 580 3000 terrae,
634 2930 958 2987 secundum
1017 2926 1423 2999 Scripturam:
1474 2926 1582 2993 Qui
1625 2931 1778 2981 vocat
1833 2941 2037 2996 aquam

387 3021 580 3085 maris,
611 3015 927 3089 etc/fundit
975 3017 1154 3086 ipsam
1202 3016 1262 3068 in
1311 3015 1633 3069 universam
1675 3015 1876 3085 faciem
1922 3017 2036 3068 ter-

387 3125 471 3164 ra:
501 3109 645 3177 (z');
680 3106 764 3162 sic
795 3104 969 3160 etiam
1019 3108 1246 3158 mentes
1297 3103 1594 3174 propriam
1647 3102 2036 3174 suscipientes

2135 519 2466 587 πλάττεσθαι
2521 521 2664 578 ἰδέαν
2724 523 2913 601 φησὶν⁹
2975 521 3065 578 διὰ
3119 525 3182 578 τὸ
3240 523 3487 600 εἰρῆσθαι
3521 543 3534 556 ·

3577 524 3797 596 Νεφέλη

2139 547 2466 587 πΛαττεσυαι
2525 547 2664 578 ιοεαν
2724 547 2913 601 φησιν,
2975 547 3065 578 οια
3119 547 3182 578 το
3240 547 3487 600 ειρησυαι
3521 547 3534 556 ’
3577 547 3689 602 ne?

2139 606 2402 667 ὑπέλαϐεν
2433 613 2594 670 αὐτὸν
2627 611 2736 668 ἀπὸ
2763 617 2870 668 τῶν
2907 612 3211 688 ὀφθαλμῶν
3240 614 3440 670 αὐτῶν.

2207 700 2514 776 ’Λχρόνως.
2566 702 2842 777 Ἀχρόνως
2895 701 3117 764 εἷ’κότως
3171 700 3273 777 ἔφη
3311 721 3323 734 ·
3376 701 3464 757 ἐπὶ
3524 704 3629 779 γὰρ
3685 708 3801 760 τῶν

2138 787 2412 860 αἰσθητῶν
2470 791 2675 865 κυρίως
2727 789 2778 845 ἑν
2841 791 3029 866 χρόνῳ
3079 790 3170 845 καὶ
3220 787 3524 867 βραδύτερα
3551 793 3616 848 τὰ
3648 792 3802 868 γινό-

2147 899 2280 952 μενα
2313 896 2326 908 °
2377 878 2465 934 ἰπὶ
2525 876 2582 934 δέ
2635 884 2743 934 τῶν
2801 879 3105 953 ἀσωμάτων
3159 879 3251 934 καὶ
3290 885 3503 950 νοητῶν
3537 882 3800 956 ἀχρόνως

2143 969 2233 1022 καὶ
2265 967 2500 1030 αἰωνίως
2532 969 2621 1023 καὶ
2653 967 2887 1041 ἀμελητὶ
2920 966 3382 1045 τελεσιουργεῖται
3417 989 3430 1002 ·
3464 969 3528 1025 οὐ
3569 967 3654 1026 δεῖ
3704 969 3801 1025 οῦν

2140 1055 2343 1132 χρόνον
2377 1056 2464 1112 ἐπὶ
2495 1061 2602 1112 τῶν
2636 1062 2846 1129 νοητῶν
2881 1057 3187 1131 ὀνομάζειν.

2211 1238 2466 1306 Ποίησιν.
2500 1235 2650 1292 Ἀντὶ
2679 1240 2776 1291 τοῦ
2808 1239 3024 1290 πνεῦσιν
3058 1235 3093 1305 ἢ
3124 1243 3345 1306 πτῆσιν.

2211 1325 2308 1380 Καὶ
2344 1330 2443 1394 τήν
2477 1323 2716 1382 ἄνωθεν.
2749 1326 2828 1382 Τὸ
2860 1322 2918 1380 δέ
2946 1325 3146 1380 ἄνωθεν
3176 1325 3264 1380 ἐπὶ
3291 1325 3359 1380 τὰ
3386 1325 3557 1398 κάτω,
3594 1325 3672 1389 ὡς
3704 1327 3796 1382 ἐπὶ

2137 1421 2238 1483 τῆς
2269 1407 2462 1468 Ἰακὼϐ
2495 1411 2790 1487 κλίμακος.

2213 1501 2448 1578 Ἀερίου.
2483 1501 2826 1576 Σημείωσαι,
2859 1500 2944 1558 ὅτι
2973 1502 3153 1578 ἀέριον
3203 1506 3418 1578 πνεῦμα
3452 1505 3545 1559 τὸν
3600 1502 3805 1579 ἄνεμον

2143 1587 2311 1668 λέγει.

2211 1679 2544 1755 Ἀνεμιαίαν.
2605 1681 2795 1756 Ἑτέρα
2847 1682 3048 1758 θεωρία
3118 1688 3220 1751 τῆς
3297 1683 3511 1756 ἀνέμων
3592 1682 3809 1740 έπωνυ·

2147 1789 2295 1842 μιας.

2215 1853 2542 1932 Συμϐολικῇ
2573 1856 2852 1934 θεολογίᾳ.
2887 1860 3208 1932 Σημείωσαι
3259 1863 3348 1914 καί
3395 1855 3584 1935 ἕτερον
3638 1862 3809 1918 αὐτοῦ

2144 1946 2474 2023 σύγγραμμα
2533 1948 2608 2020 μὴ
2684 1947 3030 2024 φερόμενον·
3089 1949 3479 2025 τετράστοιχον
3549 1947 3610 2004 δέ
3683 1953 3810 2006 ἀνα-

2143 2037 2401 2110 κάθαρσιν
2462 2037 2559 2105 τήν
2605 2039 2713 2089 τῶν
2772 2037 3046 2112 τεσσάρων
3097 2038 3385 2113 στοιχείων
3445 2039 3802 2115 ἀναγωγικήν

2144 2122 2488 2200 ἀλληγορίαν
2519 2125 2650 2197 φησί
2689 2142 2700 2154 ·
2734 2124 2802 2180 τά
2831 2120 3085 2198 σύμϐολα
3137 2124 3216 2194 δὲ,
3263 2126 3338 2190 ὡς
3384 2124 3548 2196 ἔοικε,
3585 2127 3808 2201 μᾶλλον

2139 2217 2248 2267 τῶν
2277 2212 2548 2288 τεσσάρων
2581 2213 2867 2288 στοιχείων
2923 2213 3033 2268 ἐκεῖ
3083 2211 3172 2270 διὰ
3224 2215 3452 2290 θεωρίας
3510 2216 3795 2288 ἀνέπτυξε.

2146 2302 2461 2375 Σημείωσαι
2496 2299 2573 2372 δέ,
2605 2307 2719 2364 πῶς
2751 2302 3039 2379 έρμηνεὺει
3068 2305 3131 2359 τό
3168 2323 3180 2337 ’
3213 2306 3434 2377 ΙΙνεῦμα
3478 2304 3617 2360 ὅπου
3651 2304 3810 2369 θέλει

2143 2396 2286 2460 πνεῖ,
2319 2389 2408 2445 διὰ
2455 2394 2563 2445 τῶν
2613 2389 3012 2468 ἐπιφερομένων
3049 2410 3064 2425 ⁸
3116 2393 3249 2470 φησὶ
3301 2391 3405 2469 γάρ
3439 2412 3452 2425 ·
3486 2393 3593 2448 Οὐκ
3645 2392 3806 2458 οἶδας

2144 2479 2307 2535 πόθεν
2339 2473 2582 2555 ἔρχεται,
2615 2480 2706 2534 καὶ
2737 2484 2842 2535 ποῦ
2876 2481 3091 2557 ὑπάγει.

2214 2747 2622 2824 Ὑπερκοσμίως
2680 2747 3277 2824 ἀποπεπληρωμένοις.
3325 2754 3529 2828 Ὥσπερ
3607 2754 3711 2830 γὰρ
3765 2757 3804 2824 ἡ

2145 2834 2344 2913 νεφέλη
2399 2834 2792 2910 προσκαλεῖται
2851 2837 2913 2890 τὸ
2963 2841 3064 2903 τῆς
3125 2837 3399 2910 θαλάσσης
3475 2838 3647 2917 ὕδωρ,
3709 2845 3802 2898 καὶ

2147 2925 2300 3000 ἐκχεῖ
2355 2924 2488 2979 αὐτὸ
2537 2923 2625 2979 ἐπὶ
2669 2925 2730 2979 τὸ
2779 2923 3074 2999 πρόσωπον
3126 2933 3228 2996 τῆς
3257 2934 3378 3002 γῆς,
3412 2930 3549 2984 κατὰ
3599 2930 3661 2984 τὸ
3721 2931 3803 2985 εἷ-

2147 3011 2380 3089 ρημένον
2419 3030 2433 3045 ⁶
2488 3013 2548 3070 Ὀ
2622 3011 3110 3089 προσκαλούμενος
3189 3015 3251 3070 τὸ
3328 3013 3472 3091 ὕδωρ
3523 3025 3625 3088 τῆς
3702 3031 3804 3083 θα-

2147 3100 2375 3171 λάσσης,
2434 3099 2521 3156 καί
2583 3100 2787 3178 έκχέων
2842 3101 2974 3157 αὐτὸ
3047 3101 3135 3157 ἐπὶ
3216 3111 3319 3159 πᾶν
3378 3107 3440 3160 τὸ
3489 3106 3797 3182 πρόσωπον

389 3176 806 3268 cognitionem,
853 3193 1040 3249 instar
1090 3191 1333 3247 nubium
1383 3191 1442 3246 in
1496 3191 1799 3247 inferiores
1849 3191 2028 3263 expli-

2166 3198 2241 3261 τῆς
2297 3197 2400 3266 γῆς
2435 3212 2446 3224 ·
2482 3189 2624 3246 οὕτω
2651 3176 2770 3245 Πκαὶ
2829 3193 2882 3246 οἱ
2938 3191 3056 3254 νόες
3112 3189 3406 3269 δεχόμενοι
3438 3176 3544 3264 ’τὴν⁷
3589 3196 3801 3253 οἰκείαν

389 3290 548 3343 cant.

466 3464 598 3520 Sine
658 3462 833 3536 fastu.
902 3459 1086 3530 Dixit,
1151 3461 1275 3515 sine
1334 3461 1514 3530 fastu,
1583 3475 1687 3514 seu
1754 3462 2046 3530 tempera-

397 3558 494 3622 te;
535 3553 736 3608 lumen
768 3550 926 3607 euim
958 3550 1017 3604 in
1049 3548 1205 3605 nube
1252 3547 1568 3604 refractum
1620 3565 1686 3603 ac
1733 3548 2046 3604 remissum

401 3646 513 3700 est.

473 3731 670 3787 Imbris
712 3730 1140 3802 generationem.
1173 3726 1302 3782 Alia
1331 3727 1554 3782 ratione
1597 3726 2046 3798 contemplatur,

396 3821 536 3891 quid
569 3820 755 3876 nubes
785 3818 1149 3890 signiﬁcent;
1184 3815 1389 3872 ordine
1434 3820 1631 3871 autem
1685 3817 2048 3872 descendens

393 3907 557 3975 dicit,
588 3908 894 3971 electrum,
925 3924 1003 3962 eae
1033 3909 1092 3962 et
1120 3909 1311 3961 certos
1341 3905 1586 3976 colores,
1621 3910 1796 3976 atque
1829 3905 2048 3963 formas

393 3995 648 4048 ferarum
679 3995 903 4065 aliquid
937 3996 996 4048 in
1030 3995 1256 4066 angelis
1287 3994 1643 4065 signiﬁcare.

465 4082 898 4152 Receptaculum.
934 4080 1324 4150 Excipientem
1359 4081 1555 4136 sinum
1578 4081 1802 4136 vocavit
1831 4086 2046 4138 terram

389 4168 614 4242 pluvias
639 4168 1080 4240 suscipientem,
1105 4183 1209 4239 per
1232 4168 1396 4239 ipsas
1421 4169 1687 4239 proprios
1720 4170 2044 4240 parientem

393 4258 643 4314 fructus.

457 4346 487 4420 §
515 4347 638 4403 VII.
669 4345 773 4402 Sed
803 4346 1068 4417 quoniam
1101 4344 1244 4402 haec.
1285 4345 1358 4399 De
1405 4344 1614 4417 ﬁguris
1647 4345 1862 4402 formas
1894 4346 2043 4403 fera-

388 4452 516 4492 rum
551 4434 960 4492 referentibus.

2152 3284 2372 3356 γνῶσιν,
2399 3279 2636 3358 νεφελῶν
2680 3277 2836 3349 δίκην
2867 3280 2956 3336 ἐπὶ
2980 3280 3106 3344 τοὺς
3140 3279 3554 3360 ὑποδεεστέρους
3585 3282 3808 3342 ἁπλοῦ-

2156 3389 2261 3424 σιν.

2226 3458 2729 3531 Ἀνεκπομπεότως.
2793 3460 3285 3533 Ἀνεκπομπεύτως
3361 3465 3525 3538 φησὶν
3553 3507 3566 3533 ,
3634 3461 3810 3539 ἤγουν

2156 3567 2601 3623 συγκεκραμενως
2634 3565 2648 3578 '
2709 3543 3092 3619 ἀναπόϐλητον
3163 3552 3270 3626 γὰρ
3341 3551 3392 3606 ἐν
3464 3550 3663 3630 νεφέλῃ
3741 3555 3806 3609 τὸ

2156 3656 2293 3712 φως.

2228 3718 2641 3799 Ὀμϐροτοκίαν.
2687 3725 2918 3800 Ἑτέρως
2968 3727 3178 3802 Θεωρεῖ,
3229 3728 3281 3783 τί
3331 3728 3551 3807 νεφέλαι
3599 3733 3814 3805 σημαί-

2156 3835 2304 3868 νουσι
2341 3833 2353 3847 °
2389 3815 2734 3890 παρακατιὼν
2785 3811 2864 3887 δέ,
2894 3814 2947 3869 τί
2996 3837 3128 3892 φησι
3181 3817 3466 3890 σημαίνειν
3510 3816 3810 3894 ἤλεκτρον,

2154 3902 2243 3957 καὶ
2277 3901 2508 3978 χαλκὸν,
2538 3902 2716 3958 καὶτᾶ
2745 3905 2878 3958 ποιά
2910 3905 3182 3978 χρώματα
3212 3907 3303 3961 καὶ
3337 3909 3550 3984 μορφὰς
3595 3908 3809 3984 θηρίων

2157 3991 2243 4046 έπὶ
2270 3991 2539 4067 ἀγγέλων.

2227 4077 2565 4155 Ἐκδόχειον.
2611 4077 2925 4156 Ἐκδόχειον
2985 4080 3218 4151 κόλπον,
3270 4085 3369 4153 τὴν
3426 4083 3554 4147 τοὺς
3615 4085 3810 4147 ὑετοὺς

2155 4167 2570 4243 ὑποδεχομένην
2604 4168 2851 4244 ὠνόμασε
2897 4177 3025 4245 γῆν,
3059 4168 3129 4226 δι’
3158 4170 3332 4227 αὐτῶν
3385 4173 3510 4236 τοὺς
3565 4173 3805 4237 οἰκείους

2151 4257 2441 4313 τίκτουσαν
2472 4259 2736 4334 καρπούς.

2223 4349 2399 4417 θνΙΙ·
2435 4344 2588 4404 Ἀλλ’
2629 4344 2815 4417 ἐπειδή
2867 4352 3054 4407 ταῦτα.
3087 4350 3217 4425 Περὶ
3267 4354 3376 4405 τῶν
3431 4353 3807 4428 θηρομόρφων

2149 4434 2335 4491 τύπων
2346 4478 2359 4493 .

457 4527 485 4595 §
534 4525 680 4580 VIII.
730 4525 1109 4594 Vestigiorum.
1165 4522 1313 4578 Nota
1368 4538 1436 4578 ex
1493 4522 1604 4578 hoc
1662 4523 1788 4580 loco
1848 4523 2036 4582 leonis

2221 4530 2248 4596 §
2277 4527 2424 4582 VIII.
2459 4526 2672 4602 Ἰχνῶν.
2703 4525 3020 4599 Σημείωσαι
3067 4527 3131 4582 τὸ
3181 4529 3404 4602 φυσικὸν
3450 4533 3547 4584 τοῦ
3579 4527 3808 4594 λέοντος

384 4620 693 4681 naturam;
745 4613 951 4668 dicunt
999 4611 1153 4667 enim
1206 4615 1512 4668 venatores
1559 4611 1742 4668 latere
1792 4615 2038 4686 cupien-

348 4691 351 4694 t
380 4710 524 4771 tem,
557 4704 698 4759 dum
751 4701 988 4771 incedit,
1019 4700 1268 4772 vestigia
1316 4717 1444 4768 sua,
1481 4717 1554 4756 ne
1583 4707 2037 4789 cognoscantur,

379 4795 568 4850 cauda
598 4793 823 4860 delere;
859 4791 1014 4846 unde
1046 4794 1103 4845 et
1134 4791 1204 4845 de
1238 4794 1349 4845 Deo
1379 4788 1597 4844 dicitur
1631 4809 1643 4846 :
1677 4795 1741 4846 In
1773 4809 1920 4847 mari
1949 4788 2041 4849 via

378 4885 496 4950 tua,
529 4887 582 4938 et
609 4884 820 4938 semitae
864 4889 980 4937 tuae
1024 4881 1089 4935 in
1135 4880 1297 4951 aquis
1327 4877 1543 4946 multis,
1576 4888 1631 4934 et
1669 4883 1900 4952 vestigia
1942 4892 2040 4938 tua

376 4987 486 5026 non
515 4975 908 5040 cognoscentur
927 4971 1008 5041 (ῃ)
1033 4986 1046 5025 :
1072 4968 1570 5040 quemadmodum
1606 4969 1764 5025 enim
1795 4971 1889 5025 via
1918 4987 2035 5027 non

379 5065 645 5114 servatur
672 5061 732 5114 in
765 5059 957 5132 aquis,
990 5074 1182 5130 neque
1213 5056 1459 5129 vestigia
1489 5057 1698 5128 leonis,
1733 5058 1816 5113 ita
1845 5075 2035 5132 neque

377 5161 618 5217 gressus
649 5149 772 5204 Dei.

444 5235 810 5292 Facilitatem.
860 5235 1201 5292 Acutissimi
1254 5235 1548 5307 siquidem
1596 5234 1759 5291 visus
1811 5237 2030 5308 animal

372 5328 462 5379 est
506 5321 725 5394 aquila.
778 5323 955 5380 Fama
1003 5331 1092 5381 est
1139 5323 1368 5396 aquilas
1421 5324 1500 5379 ita
1553 5340 1898 5397 germanum
1956 5329 2028 5384 ab

372 5411 638 5469 adultero
684 5412 885 5466 fastum
937 5413 1270 5470 discernere
1305 5430 1318 5470 :
1353 5414 1404 5470 si
1434 5413 1755 5471 intenderit
1802 5417 2029 5489 absque

2149 4613 2405 4670 ἐντεῦθενο
2440 4616 2566 4693 φασὶ
2597 4615 2699 4690 γὰρ
2734 4614 2983 4688 ὅτι,τοὺς
3018 4616 3342 4691 θηρεύοντας
3367 4617 3639 4681 λανθάνειν
3676 4619 3809 4692 βου-

2153 4703 2406 4777 Λόμενος,
2456 4709 2791 4779 περιπατῶν,
2823 4708 2890 4777 τῇ
2942 4705 3076 4780 οὐρᾷ
3127 4705 3426 4783 έξαιφανίζει
3482 4708 3552 4761 τὰ
3605 4707 3804 4761 ἑαυτοῦ

2151 4790 2304 4868 ἴχνη,
2332 4791 2424 4847 θίνα
2453 4794 2528 4865 μὴ
2560 4798 2873 4867 γνωσθῶσιν
2905 4813 2917 4826 ο
2951 4794 3071 4857 ὅθεν
3100 4794 3188 4848 καὶ
3219 4795 3343 4871 περὶ
3377 4799 3510 4850 Θεοῦ
3541 4791 3755 4870 εἴρηται
3788 4815 3801 4829 ·

2148 4881 2234 4937 Ἐν
2291 4885 2359 4956 τῇ
2420 4879 2661 4955 θαλάσσῃ
2711 4884 2745 4951 ἡ
2796 4879 2922 4944 ὁδός
2975 4903 3093 4954 σου,
3131 4884 3221 4937 καὶ
3276 4885 3332 4938 αἱ
3373 4880 3554 4958 τρίὸοι
3604 4905 3700 4939 σου
3745 4884 3800 4940 ἐν

2145 4967 2298 5024 ὕδασι
2357 4968 2614 5037 πολλοῖς,
2643 4971 2731 5024 καὶ
2787 4973 2856 5026 τὰ
2913 4969 3040 5047 ἴχνη
3094 4993 3189 5027 σου
3236 4973 3300 5028 οὐ
3331 4975 3748 5048 γνωσθήσονται
3782 4993 3798 5006 ·

2144 5057 2325 5134 ὥσπερ
2378 5059 2481 5135 γὰρ
2541 5056 2665 5122 ὁδὸς
2721 5060 2772 5115 ἐν
2831 5057 3016 5115 ὕδασιν
3075 5059 3135 5116 οὐ
3195 5062 3444 5132 σώζεται,
3478 5061 3602 5118 οὔτε
3661 5061 3795 5138 ἴχνη

2143 5145 2382 5216 λέοντος,
2416 5147 2590 5210 οὕτως
2625 5145 2749 5204 οὔτε
2780 5150 2912 5204 Θεοῦ
2942 5154 3189 5224 πορεῖαι.

2211 5237 2568 5312 Εὐμήχανον.
2629 5238 3067 5310 Ὀξυωπέστατον
3144 5241 3249 5316 γὰρ
3331 5245 3467 5309 ζῶον
3528 5242 3556 5296 ὁ
3614 5241 3794 5306 ἀετός.

2141 5327 2311 5402 Λόγος
2343 5327 2445 5401 γὰρ
2471 5325 2598 5389 τοὺς
2631 5325 2822 5391 ἀετοὺς
2847 5331 2954 5382 τῶν
2995 5329 3329 5402 τικτομένων
3375 5331 3442 5383 τὰ
3489 5331 3685 5405 γνήσια
3735 5329 3799 5386 ἐκ

2136 5420 2242 5471 τῶν
2301 5414 2473 5480 νόθων
2529 5411 2672 5470 οὕτω
2732 5413 3065 5491 διακρίνειν·
3099 5415 3185 5472 ἐὰν
3219 5416 3534 5473 ἀτενίσωσιν
3590 5417 3796 5494 ἀσκαρ-

441 5626 517 5697 (υ)
548 5627 674 5683 Act.
707 5642 747 5693 ι,
779 5625 833 5681 9.
911 5623 1012 5696 (υ·)
1041 5622 1210 5680 Joan.
1243 5640 1328 5690 ιιι,
1359 5625 1412 5682 8.
1490 5626 1570 5697 (ω)
1607 5626 1750 5682 Ibid.
1829 5629 2036 5701 (ω’)Αι

2166 5669 2178 5697 ,
2208 5646 2264 5700 ν,
2295 5630 2349 5687 8.
2425 5631 2508 5701 (y)
2538 5628 2692 5686 Psal.
2729 5645 2916 5700 LXXVI,
2947 5631 3038 5687 20.
