4042 6210
268 379 374 434 113
982 389 1040 441 S.
1085 387 1351 442 MAXIM!
1391 388 1698 443 SCHOLIA
1737 389 1812 440 ΙΝ
1850 389 1910 440 L1

2033 389 2123 441 DE
2159 389 2487 443 C(ELESTI
2526 391 2995 444 HIERARCBIA.
3591 388 3692 441 114

267 498 508 575 δαμυκτὶ
540 504 681 579 πρὸς
707 505 803 560 τὸν
857 504 1040 576 ἥλιον,
1094 506 1292 584 γνήσιοί
1339 508 1490 562 είσιν’
1541 508 1586 564 εί
1619 506 1677 564 δὲ
1729 509 1829 581 μὴ,
1862 507 1905 562 ὡ

2048 510 2366 567 nictatione
2397 511 2454 567 in
2487 511 2694 578 solem,
2754 526 3074 583 germanus
3106 518 3229 579 est;
3255 508 3344 564 sin
3377 526 3531 565 vero.
3564 513 3691 566 tan-

264 592 406 656 νόθα
449 587 864 650 ἀποϐάλλονται
911 598 954 634 ⁸⁷
1002 600 1100 662 τῆς
1147 597 1362 660 καλιᾶς
1397 598 1568 661 οὕτως
1618 595 1710 653 οὖν
1760 597 1850 652 καὶ
1903 601 1910 648 ἐ

2042 616 2217 671 quam
2256 601 2627 657 adulterinus
2653 599 2930 671 dejicitur
2983 614 3012 654 e
3072 597 3248 653 nido:
3283 596 3366 652 sic
3404 613 3541 669 ergo
3589 599 3689 669 qui

271 683 353 756 μὴ
407 679 703 756 δυνάμενος
755 690 1005 761 καθαρῶς
1062 689 1143 758 τῷ
1199 685 1350 760 ἡλίῳ
1405 695 1504 758 τῆς
1581 685 1910 758 δικαιοσύνηι

2041 690 2246 761 nequit
2277 706 2419 762 pure
2450 690 2509 745 in
2543 687 2993 760 solemjustitiaa
3025 687 3350 755 intendere,
3401 685 3628 743 alienus
3659 705 3692 743 a

264 769 532 840 ἀτενίσαι,
565 772 727 836 νόθος
757 781 858 844 τῆς
887 773 1050 829 αὐτοῦ
1081 775 1334 852 γνώσεως
1361 775 1680 852 εὑρίσκεται.

343 860 441 916 Καὶ
511 860 720 917 λευκῶν
782 864 876 936 μὲν
915 907 928 920 .
985 863 1304 938 Σημείωσαι
1361 864 1415 920 τί
1467 865 1632 921 ἵπποι
1691 865 1926 934 λευκοὶ,

258 949 480 1018 κυανοὶ,
538 949 778 1026 ἐρυθροὶ,
830 953 1153 1027 σύμμικτοι·
1208 953 1466 1028 ἀνόμοιον
1517 953 1574 1010 δὲ
1621 954 1926 1028 ὁμοιότητα

264 1038 381 1093 ἄνω
409 1038 616 1104 τελίως
649 1040 1041 1121 ἑσαιρηνίσαμεν
1072 1041 1124 1098 ἐν
1154 1040 1389 1120 δευτέρῳ
1419 1041 1702 1119 κεφαλαίῳ
1730 1043 1926 1099 τούτου

257 1133 365 1182 τοῦ
399 1123 648 1205 βιϐλίου.

334 1218 456 1287 Τὴν
486 1220 604 1273 κατ’
656 1220 888 1278 εὐθεῖαν.
922 1221 992 1276 Τὸ
1040 1222 1142 1292 τὴν
1189 1221 1324 1296 πρὸς
1367 1223 1430 1277 τὸ
1479 1219 1705 1296 δύναμιν
1745 1222 1921 1295 ἁρμο-

261 1307 444 1361 στίονσ
473 1307 540 1363 τά
570 1306 628 1363 δὶ
660 1308 832 1364 λοιπᾶ
858 1307 948 1365 διὰ
982 1311 1168 1384 μέσου.

335 1397 463 1451 Κατ’
494 1395 697 1469 ἄλλην.
736 1398 927 1475 Ἑτέρα
959 1399 1157 1474 Θεωρία
1184 1398 1259 1462 εἷς
1289 1398 1418 1463 τοὺς
1447 1399 1705 1476 τροχοός.

333 1484 567 1562 Γελγέλ.
598 1487 919 1561 Σημείωσαι
967 1489 1019 1543 τί
1051 1489 1305 1561 σημαίνει
1352 1489 1414 1544 τὸ
1442 1487 1639 1566 γελγὶλ
1671 1489 1815 1564 παρά
1841 1493 1921 1561 τῷ

257 1577 522 1652 προφήτῃ
558 1577 848 1648 Ἰεζεκιήλ.

332 1670 536 1740 Χαρᾶς.
574 1669 700 1728 Πῶς
733 1665 984 1742 λέγονται
1032 1665 1244 1743 χαίρειν
1293 1667 1361 1722 τὰ
1392 1665 1634 1742 οὐράνια,
1663 1665 1754 1722 καὶ
1785 1665 1915 1722 αὐτὸ

255 1755 321 1810 τὸ
346 1760 529 1810 Θεῖον.

2043 778 2239 834 divina
2271 779 2606 852 cognitione
2630 779 2938 851 reperitur.

2110 869 2173 922 Et
2201 869 2461 924 alborum
2490 868 2730 940 quidem.
2763 867 2911 922 Nota
2937 864 3217 937 quidnem
3247 865 3350 922 50
3380 863 3517 936 equi
3548 862 3690 934 albi,

2038 956 2287 1026 caerulei,
2307 957 2489 1026 rubri,
2517 956 2676 1012 misti
2696 955 2908 1011 coloris
2942 953 3277 1027 significent
3301 971 3313 1022 ;
3339 951 3689 1008 dissimilem

1989 1045 1991 1048 ⁴
2036 1062 2208 1118 porro
2239 1044 2688 1101 similitudinem
2724 1044 2975 1117 perfecte
3005 1059 3183 1115 supra
3237 1041 3297 1097 in
3347 1041 3538 1114 capite
3586 1057 3673 1097 se-

2034 1136 2225 1190 cundo
2256 1135 2436 1205 hujus
2468 1134 2601 1188 libri
2632 1132 3033 1205 exposuimus.

2103 1222 2210 1290 Τήν
2242 1221 2709 1289 κατέὐθεῖαν.Τήν
2733 1221 3127 1294 coaptandum
3152 1222 3243 1275 est
3261 1234 3394 1274 cum
3421 1213 3647 1291 δύναμιν
3670 1236 3684 1276 :

2033 1312 2258 1384 reliqua
2286 1329 2420 1369 vero
2453 1317 2594 1368 sunt
2623 1309 2990 1366 intermedia.

2103 1402 2411 1458 Secundum
2441 1401 2633 1456 aliam.
2667 1399 2794 1454 Alia
2823 1396 3235 1468 contemplatio
3268 1395 3325 1450 in
3356 1399 3535 1452 rotas.

2104 1491 2308 1560 Gelgel.
2341 1492 2489 1546 Nota
2518 1489 2660 1562 quid
2691 1487 2980 1560 significet
3011 1486 3208 1557 gelgel,
3240 1485 3394 1556 apud
3427 1485 3678 1556 prephe-

2029 1587 2149 1639 tam
2185 1581 2567 1638 Ezechielem.

2099 1672 2328 1728 Gaudio.
2388 1671 2688 1736 Quomodo
2743 1668 2998 1741 gaudere
3065 1666 3340 1722 dicantur
3396 1664 3673 1734 coelestia,

2023 1762 2264 1834 ipseque
2289 1765 2458 1816 Deus.

329 1845 637 1947 Ἐμπαθής.
701 1845 953 1947 ’βμπαθῆ
1012 1842 1220 1915 ἡδονὴν
1271 1846 1371 1915 τήν
1421 1844 1766 1920 ἀνθρωπίνην
1813 1867 1910 1922 φη-

2094 1851 2411 1907 Passibz’lz’s.
2447 1848 2820 1920 Voluptatem
2863 1846 3188 1902 humanam
3236 1844 3380 1900 dicit
3437 1843 3674 1915 passibi-

259 1933 365 2000 σὶν,
398 1933 470 1993 ὡς
497 1937 567 2006 τῇ
611 1934 735 2008 περὶ
787 1934 850 1988 τὸ
901 1938 1062 2008 σῶμα
1093 1932 1453 2007 εὐαλλοιώτῳ
1502 1933 1764 2007 ἐμπαθείᾳ
1794 1955 1913 1988 συν-

259 2043 379 2077 ιστα
387 2021 549 2094 μένην
560 2066 572 2078 .

318 2111 654 2182 Ῥᾳστώνην.
712 2113 784 2165 Τὸ
840 2118 940 2181 τῆς
1003 2111 1285 2187 ῥᾳστώνης
1335 2110 1512 2185 ὄνομα
1559 2112 1761 2176 τίθεται
1815 2113 1908 2184 μὲν

251 2198 338 2254 ἰπὶ
367 2203 479 2253 τῶν
515 2205 700 2254 πονεῖν
757 2201 833 2273 μὴ
889 2199 1268 2275 βουλομένων,
1301 2198 1450 2256 ἀλλά
1499 2197 1770 2278 διαφόρως
1815 2204 1908 2273 ζῇν

251 2287 559 2361 ῑλομὲνων·
609 2289 860 2361 σημαίνει
907 2287 965 2344 δὲ
1010 2292 1045 2359 ἡ
1089 2288 1234 2363 λέξις
1279 2291 1342 2344 τὸ
1393 2289 1612 2364 εὐχερὲς
1666 2289 1757 2344 καὶ
1814 2288 1913 2343 οὐκ

249 2377 534 2432 ἐπίπονονο
592 2375 820 2442 ἐνταῦθα
881 2379 1067 2450 μέντοι
1123 2379 1185 2434 τὸ
1243 2379 1506 2453 μακάριον
1565 2379 1651 2432 καὶ
1713 2378 1911 2441 ἀπαθὶς

252 2468 336 2520 καὶ
373 2464 668 2540 ἀόχλητον
721 2467 1026 2544 ὑποφαίνει.
1057 2465 1281 2529 Ἀλλως
1335 2465 1615 2542 ῥᾳστώνην
1647 2466 1778 2544 φησί
1807 2467 1908 2534 τὴν

252 2556 510 2612 εὐκολίαν
565 2557 656 2610 καὶ
703 2555 992 2632 εὐμάρειαν
1038 2558 1283 2630 ψυχικὴν
1336 2554 1387 2610 ἐν
1431 2555 1722 2610 ἀναπαύσει
1777 2554 1911 2627 μετά

248 2645 536 2709 ἀπαθείας·
571 2645 857 2720 ἀναλόγως
886 2643 976 2700 οὖν
1008 2645 1096 2700 καὶ
1127 2645 1213 2700 ἐπὶ
1245 2643 1487 2722 ἀγγὲλων
1518 2643 1762 2716 νοητὲον·

319 2823 655 2888 Εὖπάθειαν.
689 2820 1019 2888 Εὖπάθεειαν
1068 2823 1142 2885 ὡς
1195 2823 1256 2878 ἑκ
1303 2827 1408 2877 τῶν
1458 2826 1579 2886 καθ’
1607 2825 1756 2894 ἡμᾶς
1803 2821 1904 2878 λα-

254 2907 358 2966 ϐὼν
392 2910 522 2988 ἔφη’
559 2909 727 2982 δηλοῖ
769 2909 827 2966 δὲ
870 2913 934 2968 τὸ
985 2910 1042 2966 εῦ
1086 2909 1231 2986 ἔχειν
1283 2909 1372 2966 διὰ
1418 2911 1640 2981 παντὸς,
1673 2911 1763 2966 καὶ
1803 2913 1902 2980 τὴν

251 3001 354 3071 ἀπή
366 3022 511 3074 μονα
541 3001 884 3057 κατάστασιν.

315 3176 554 3255 ’Ἄνδρες
613 3178 771 3253 ἱεροί.
822 3182 998 3234 Ταῦτα
1038 3178 1146 3253 οὐχ
1194 3178 1308 3234 οἷόν
1360 3199 1419 3233 τε
1468 3185 1608 3234 νοεῖν
1652 3180 1727 3242 ὡς
1777 3179 1902 3248 εἶσὶ,

2026 1941 2151 2008 lem,
2183 1940 2361 1995 veluti
2395 1937 2704 1995 affectione
2750 1936 2920 1993 facile
2975 1935 3132 1992 circa
3160 1950 3374 2006 corpus
3405 1932 3677 1988 mutabili

2023 2033 2412 2086 constantem.

2093 2119 2456 2174 Facilitalem.
2489 2120 2589 2173 Gr.
2633 2113 2936 2190 ῥᾳστώνην.
2969 2113 3193 2169 Nomen
3256 2109 3530 2186 ῥᾳστώνη,
3571 2125 3672 2182 po-

2022 2209 2181 2264 nitur
2212 2225 2314 2279 pro
2343 2207 2415 2263 iis
2445 2206 2545 2277 qui
2574 2203 2838 2260 laborare
2871 2201 3099 2272 nolunt,
3147 2202 3249 2257 sed
3283 2199 3457 2257 aliter
3483 2199 3674 2255 vivere

2020 2295 2282 2368 eligunt;
2317 2295 2613 2367 signiﬁcat
2643 2296 2840 2348 autem
2871 2292 3050 2347 dictio
3082 2289 3269 2355 facile,
3289 2304 3478 2361 neque
3508 2287 3672 2343 labo-

2020 2385 2283 2440 riosum:
2345 2384 2438 2438 hic
2493 2397 2629 2437 vero
2686 2381 2948 2447 beatum,
3009 2379 3135 2433 sine
3177 2376 3501 2441 affectione,
3542 2374 3669 2431 sine

2017 2473 2354 2529 turbatione
2382 2471 2664 2526 insinuat.
2724 2468 2928 2534 Aliter,
2985 2464 3265 2540 ῥᾳστώνην
3308 2467 3478 2520 vocat
3508 2479 3664 2518 com-

2019 2563 2362 2618 moditatem
2423 2565 2481 2616 et
2528 2557 2866 2614 facilitatem
2925 2554 3134 2611 animae
3191 2555 3250 2609 in
3302 2552 3503 2622 requie
3533 2552 3662 2607 sine

2017 2652 2358 2718 affectione;
2393 2665 2527 2704 cum
2561 2645 2934 2719 proportione
2954 2643 3134 2717 igitur
3163 2643 3338 2699 etiam
3362 2642 3417 2696 in
3439 2639 3663 2713 angelis

2018 2740 2510 2797 considerandum
2547 2740 2654 2792 est.

2089 2832 2297 2886 Bonam
2325 2825 2694 2901 affectionem,
2727 2823 2821 2879 Gr.
2857 2821 3160 2883 εὐπάθειαν.
3194 2817 3517 2888 studeam,
3551 2816 3664 2873 sic-

2017 2923 2083 2976 ut
2113 2935 2182 2974 ex
2211 2918 2388 2973 rebus
2422 2915 2641 2971 nostris
2672 2911 2996 2985 intelligere
3028 2910 3238 2982 potuit,
3270 2909 3557 2979 usurpat;
3591 2905 3664 2960 si-

2015 3008 2256 3081 gniﬁcat
2283 3023 2443 3072 vero,
2466 3005 2612 3060 bene
2642 3002 2856 3058 habere
2884 3001 2946 3056 in
3005 2999 3165 3056 omni
3196 3003 3460 3069 tempore
3489 2999 3547 3051 et
3576 2993 3668 3049 in-

2014 3097 2306 3154 columem
2338 3099 2580 3151 statum.

2095 3187 2209 3241 Viri
2236 3185 2436 3238 sancti.
2471 3179 2843 3255 Impossibile
2869 3182 2979 3243 est,
3010 3177 3133 3232 haac
3163 3173 3488 3247 intelligere
3519 3172 3667 3228 sicut

249 3267 396 3337 πλὴν
449 3267 496 3322 εἰ
553 3269 631 3341 μὴ
684 3267 812 3330 τοὺς
862 3248 1180 3341 ἀξιωθέντας
1226 3269 1488 3338 τοιαύτης
1529 3265 1900 3339 τελειότητος,

2033 3278 2178 3343 sunt,
2211 3272 2324 3328 nisi
2357 3272 2431 3327 iis
2463 3248 2958 3343 qui-dignihabiti
2982 3269 3124 3321 sunt
3151 3263 3253 3320 tali
3288 3261 3662 3335 perfectione,

249 3356 470 3420 ὁποίους
530 3357 633 3432 ἂρα
687 3357 777 3410 καὶ
837 3359 972 3412 εἶναι
1044 3359 1309 3432 προσήκει
1370 3353 1602 3432 ἄνδρας,
1662 3359 1898 3433 καθάπερ

251 3447 276 3500 ὁ
309 3445 464 3520 ἅγιος
499 3445 660 3506 οὗτός
691 3466 853 3523 φησιν
886 3444 1059 3520 ἱερεὺς
1089 3448 1156 3513 ⁸⁸,
1189 3445 1327 3500 ὥστε
1375 3445 1465 3500 καὶ
1501 3444 1656 3510 θείων
1689 3445 1902 3520 ἐλλάμ-

250 3536 392 3608 ψεων
447 3533 745 3604 ἀξιωθῆναι
795 3535 917 3610 περί
963 3535 1061 3603 τὴν
1131 3529 1298 3588 ὄντων
1355 3539 1575 3610 γνῶσιν,
1630 3535 1720 3590 καὶ
1778 3537 1901 3610 περὶ

251 3623 354 3691 τὴν
408 3623 544 3698 πρὸς
593 3621 686 3676 τὸν
736 3622 866 3676 Θεὸν
915 3623 1147 3694 καθαρὰν
1200 3623 1476 3677 ἀνάτασιν·
1529 3623 1588 3678 ἐκ
1641 3624 1741 3699 γὰρ
1796 3629 1904 3679 τῶν

249 3711 522 3766 τοιούτων
551 3708 880 3784 ἐλλάμψεων
915 3710 1227 3783 θεοόμενος,
1261 3709 1458 3766 λοιπὸν
1497 3713 1524 3766 ὁ
1564 3717 1689 3776 νοῦς
1720 3713 1814 3785 [ὡς
1849 3711 1900 3766 ἐν

252 3798 405 3876 ῥᾴονι
440 3798 595 3869 λήξει
642 3799 956 3873 γενόμενος]
989 3798 1043 3854 ἰν
1092 3795 1194 3870 ἕξει
1226 3799 1432 3875 γίνεται
1477 3807 1578 3870 τῆς
1607 3800 1904 3876 ἀγγελικῆς

248 3887 479 3960 ἡδονῆς,
519 3888 610 3943 καὶ
653 3895 751 3957 τῆς
799 3887 850 3942 ἐν
898 3887 1128 3950 ἐκείνοις
1178 3889 1504 3964 ἀοχλησίας,
1550 3891 1669 3944 καθ’
1713 3891 1773 3959 ἣν
1809 3896 1902 3966 ῥᾳ-

253 3978 660 4050 στωνευόμενος
714 3975 910 4032 λοιπὸν
944 3978 972 4031 ὁ
1001 3981 1146 4048 νοῦς,
1181 3977 1253 4039 ὠς
1284 3976 1336 4032 ἐν
1387 3977 1538 4054 ῥᾳονι
1574 3977 1724 4048 λήξει
1754 3979 1905 4053 γενό-

257 4088 438 4140 μενος,
503 4065 592 4121 ἰπὶ
650 4069 720 4139 τῇ
782 4066 1029 4140 σωτηρίᾳ
1082 4070 1189 4120 τῶν
1244 4065 1601 4139 σωζομένων,
1662 4067 1906 4142 ἀπαθῶν,

254 4158 374 4220 καθ’
405 4158 532 4210 ὅσον
568 4153 817 4223 δυνατὸν,
853 4156 981 4210 Θεὸν
1014 4159 1285 4228 μιμεῖται,
1311 4155 1402 4209 τὸν
1437 4154 1664 4219 θέλοντα
1706 4157 1908 4220 πάντας

254 4245 580 4318 ἀνθρώπους
631 4251 894 4315 σωθῆναι,
947 4241 1259 4305 ἀπολαύσας
1289 4248 1396 4298 τῶν
1437 4247 1534 4299 τοῦ
1561 4250 1693 4300 Θεοῦ
1722 4247 1909 4320 Occup-

253 4338 363 4409 γῶν
415 4334 842 4410 ἐπιφοιτήσεων,
882 4333 1126 4386 τουτέστι
1175 4336 1280 4386 τῶν
1334 4331 1488 4393 θεοὺς
1528 4330 1907 4408 ἐργαζομένων

249 4424 335 4477 καὶ
365 4421 778 4477 ἀποτελουσῶν.
816 4419 1141 4495 [Θεουργοὺς
1174 4417 1232 4474 δὲ
1258 4418 1627 4498 ἐπιφοιτήσεις
1657 4425 1790 4500 φησὶ
1819 4425 1914 4488 τὰς

255 4511 406 4572 θεοὺς
438 4507 810 4586 ἐργαζομὲνας
842 4508 931 4563 καὶ
965 4507 1379 4582 ἀποτελούσας.]

324 4600 447 4652 Ὃτι
530 4603 640 4652 τῶν
729 4597 823 4670 μὶν
901 4599 1002 4666 τήν
1093 4598 1484 4671 ὑπερκόσμιον.

253 4683 358 4758 δὶ,]
412 4685 497 4740 ὅτι
559 4684 642 4740 δεῖ
713 4687 804 4740 τὸν
879 4686 1176 4761 ἀγνοοῦντα
1259 4689 1334 4760 μή
1394 4687 1639 4764 ἐρυθριᾷν
1718 4689 1769 4744 ἐν
1831 4693 1914 4753 οῖς

253 4775 552 4848 ἠγνόησεν,
607 4773 734 4828 ἀλλ’
781 4772 1075 4850 ὁμολογεῖν
1125 4776 1222 4844 τήν
1275 4773 1524 4850 ἄγνοιαν,
1567 4777 1656 4831 καὶ
1711 4779 1788 4850 μὴ
1839 4781 1914 4843 ὡς

255 4860 447 4937 ἔτυχεν
497 4862 880 4936 ἀποκρίνεσθαι
929 4863 1055 4938 περὶ
1109 4864 1182 4916 ὧν
1237 4864 1531 4938 ἠγνόησεν.
1582 4866 1776 4921 Ἰστέον
1835 4867 1912 4937 δὲ,

259 4950 342 5006 ὅτι
372 4953 439 5005 τὰ
477 4950 829 5027 γνωρίσματα
879 4953 1013 5027 ἅπερ
1066 4953 1214 5026 εἶχον
1260 4949 1338 5006 ἔτι
1386 4952 1653 5020 Ἕλληνες
1684 4951 1832 5017 ὅντες
1863 4958 1916 5011 οἱ

256 5039 428 5114 ἅγιοι,
489 5040 640 5093 οὗτοι
700 5039 791 5093 καὶ
856 5039 989 5112 μετά
1031 5040 1094 5094 τὸ
1141 5039 1456 5114 ἐπιστρέψαι
1486 5043 1623 5117 πρὸς
1671 5045 1903 5118 Χριστὸν

250 5127 687 5203 ἀνερυθριάστως
761 5128 1068 5206 ἐπέγραφον
1143 5129 1372 5192 ἑαυτοῖς.
1453 5128 1593 5186 Ἰδοὺ
1663 5133 1764 5207 γὰρ
1823 5135 1913 5188 καὶ

261 5217 420 5279 οὗτος
449 5216 843 5292 Ἀρεοπαγίτην
875 5214 1034 5271 καλεῖ
1064 5217 1269 5272 ἑαυτόν·
1305 5217 1395 5272 καὶ
1428 5220 1455 5273 ὁ
1496 5225 1639 5284 θεῖος
1681 5223 1914 5278 Ἰουστῖ-

252 5329 339 5370 νος
371 5306 426 5364 ἐν
457 5312 538 5380 τῷ
574 5307 721 5383 Πρὸς
771 5305 1053 5378 Ἕλληνας
1103 5305 1257 5382 λόγῳ
1308 5309 1600 5365 Ἰουστίνου
1649 5310 1915 5389 ἐπέγραψε

257 5395 590 5452 φιλοσόφου.

257 5399 590 5477 φιλοσόφου.

2010 3362 2218 3437 quales
2249 3361 2452 3432 utique
2469 3360 2645 3416 etiam
2677 3359 2832 3413 viros
2881 3371 3012 3411 esse
3046 3353 3340 3419 convenit,
3371 3349 3676 3422 quemada

2012 3453 2251 3508 modum
2286 3453 2528 3506 sanctus
2557 3448 2650 3503 hic
2681 3447 2782 3514 ait,
2816 3445 3170 3509 sacerdotes,
3192 3446 3258 3496 ut
3285 3439 3501 3495 divinis
3523 3455 3666 3510 quo-

2014 3558 2126 3614 que
2177 3541 2236 3594 in
2295 3555 2492 3595 rerum
2553 3536 2887 3609 cognitione
2937 3531 3438 3588 illustrationibus
3495 3526 3662 3599 digni

2013 3637 2386 3695 censeantur,
2419 3633 2478 3684 et
2507 3629 2566 3683 in
2589 3644 2735 3700 pura
2755 3626 2817 3681 in
2851 3625 3033 3680 Deum
3055 3620 3381 3676 intentione
3405 3637 3418 3687 ;
3443 3635 3510 3673 ex
3532 3615 3664 3672 tali-

2016 3722 2125 3778 bus
2155 3720 2311 3774 enim
2343 3716 2840 3773 illustrationibus
2870 3729 3032 3768 mens
3054 3712 3199 3765 deus
3228 3708 3666 3778 etfccta,postea

2016 3808 2467 3882 [expeditiorem
2519 3809 2741 3861 statum
2799 3803 3032 3871 adepta]
3081 3796 3311 3854 exsistit
3367 3795 3425 3849 in
3459 3793 3662 3848 habitu

2017 3897 2294 3970 angelicae
2326 3894 2666 3966 voluptatis,
2699 3889 2937 3947 etillius
2966 3904 3097 3960 quae
3129 3888 3186 3942 in
3217 3883 3367 3956 ipsis
3389 3886 3482 3938 est
3507 3886 3667 3936 tran-

2017 3986 2330 4060 quillitatis
2357 4002 2371 4052 ;
2408 3985 2463 4038 in
2498 3999 2614 4055 qua
2641 3996 2829 4047 mens,
2852 3975 3064 4032 deinde
3096 3972 3465 4029 commodam
3491 3983 3672 4040 agens

2015 4059 2196 4132 vitam
2228 4076 2286 4130 in
2317 4072 2540 4129 meliori
2573 4070 2861 4126 exsistens
2893 4070 3073 4131 sorte,
3124 4067 3363 4136 propter
3421 4059 3672 4116 salutem

2017 4181 2220 4224 eorum
2255 4165 2356 4235 qui
2388 4163 2460 4218 ab
2492 4159 2654 4218 omni
2708 4159 2918 4214 aftectu
2975 4153 3143 4210 liberi
3203 4153 3536 4219 servantur,
3568 4163 3673 4218 pro

2017 4255 2240 4311 viribus
2272 4253 2478 4318 Deum,
2511 4265 2714 4305 omnes
2749 4243 2970 4302 servari
3029 4241 3351 4310 volentem,
3382 4238 3651 4293 imitatur

2021 4345 2222 4400 fruens
2254 4340 2465 4396 divinis
2496 4337 2834 4409 illapsibus,
2865 4332 2923 4387 id
2971 4335 3061 4388 est
3107 4331 3248 4385 deos
3277 4324 3638 4383 efﬁcientibu

2021 4438 2077 4489 et
2101 4423 3010 4504 perﬁcientibusvisitationibus.
3035 4419 3305 4488 [Deificos
3326 4419 3521 4471 autem
3544 4411 3672 4466 illa-

2022 4503 2166 4593 psus
2195 4522 2366 4575 vocat
2394 4534 2493 4572 eas
2517 4515 2614 4586 qui
2641 4515 2782 4569 deos
2813 4509 3078 4567 efficiunt
3107 4523 3172 4562 ac
3203 4503 3563 4593 perﬁciunt]

1573 4600 1916 4672 [Σημείωσαι
1949 4614 1995 4679 D
2025 4591 2040 4593 ἡ
2099 4606 2482 4674 ()uarumdam
2505 4599 3038 4674 supermundialem.
3063 4595 3236 4667 [Nota
3255 4591 3411 4663 vero]
3445 4593 3674 4679 oporte-

2023 4715 2086 4754 re
2118 4698 2487 4768 ignorantem
2520 4692 2764 4747 minime
2793 4689 3138 4744 erubescere
3169 4685 3227 4738 in
3258 4682 3333 4737 iis
3362 4696 3486 4751 quae
3515 4677 3675 4749 igno-

2023 4791 2150 4853 rat;
2186 4784 2284 4839 sed
2343 4782 2507 4837 tateri
2564 4778 2980 4852 ignorantiam,
3025 4789 3216 4844 neque
3269 4773 3442 4842 prout
3472 4782 3671 4822 occur-

2023 4877 2101 4930 rit
2130 4872 2486 4944 respondere
2515 4871 2585 4925 de
2615 4869 2688 4923 iis
2721 4884 2849 4939 quas
2908 4865 3174 4937 ignorat;
3228 4858 3533 4915 sciendum
3565 4871 3670 4909 au-

2024 4967 2141 5018 tem
2175 4943 2284 5026 est,
2331 4964 2567 5014 sanctos
2624 4955 2828 5011 titulos
2888 4954 3031 5008 istos
3087 4965 3238 5020 quos
3298 4961 3431 5001 cum
3481 4943 3671 4998 adhuc

2023 5049 2272 5122 gentiles
2305 5052 2472 5102 erant
2501 5045 2820 5108 habebant,
2872 5041 2982 5095 sibi
3043 5040 3176 5108 post
3230 5031 3668 5090 conversionem

2025 5120 2095 5196 ad
2143 5137 2435 5194 Christum
2493 5136 2618 5190 sine
2677 5133 2888 5186 rubore
2945 5125 3306 5196 ascripsisse.
3338 5123 3484 5178 Ecce
3513 5120 3671 5176 enim

2023 5229 2198 5284 etiam
2231 5227 2323 5280 hic
2355 5221 2770 5295 Areopagitam
2802 5235 2865 5273 se
2887 5219 3087 5271 vocat:
3122 5220 3180 5268 et
3200 5213 3371 5268 divus
3398 5210 3672 5266 Justinus

2023 5317 2084 5374 in
2116 5317 2260 5372 libro
2291 5313 2562 5370 Adversus
2590 5309 2855 5384 gentiles,
2915 5303 3191 5376 ascripsit
3245 5298 3460 5359 Justini
3491 5298 3674 5373 philo-

2019 5405 2213 5479 sophi.

1287 5602 1534 5661 VARIE
1582 5604 1975 5666 LECTIONES
2012 5607 2102 5666 ET
2140 5600 2674 5663 CORRECTIONES

329 5711 372 5746 ⁸⁷
403 5700 793 5765 ἒκϐάλλονται.
869 5705 915 5743 ⁸⁸
943 5706 1140 5783 ἱερέας.
