4042 6210
342 373 444 429 115
1157 376 1523 430 APPENDIX
1561 377 1658 429 AD
1693 374 1936 429 ΟΡΕΒΔ
1970 374 2030 428 8.

2143 370 2388 425 ,ONYSII
2427 372 2928 431 ΔΒΕΟΡΔΟΙΤΕ.
3649 372 3760 427 116

1241 735 1772 909 ΤΟΥ
1959 733 2860 908 ΑΥΤΟΥ

1926 1028 2040 1082 ΣΙΣ
2078 1027 2167 1084 ΤΟ

753 1210 1053 1306 ΠΕΡΙ
1132 1212 1376 1308 ΤΗΣ
1461 1209 2562 1307 ΕΚΚΑΗΣΙΑΣΤΙΚΗΣ
2647 1208 3350 1306 ΙΕΡΑΡΧΙΑΣ.

819 1632 1741 1799 EJUSDEM
1820 1630 3294 1800 COMMENTARIA

1735 1929 1848 2015 IN
1925 1929 2371 2017 LIBRUM

649 2141 867 2265 DE
989 2141 2270 2266 ECGLESIASTICA
2391 2137 3464 2263 HIERARCHIA

791 2381 1138 2463 Interprete
1180 2383 1367 2445 Petro
1397 2383 1739 2460 Lansselio,
1776 2381 2260 2462 Gravelingano,
2310 2400 2343 2442 e
2392 2378 2704 2442 Societate
2747 2379 2895 2442 Jesu
2928 2377 3319 2459 presbytero.

936 2771 1032 2827 51
1068 2771 1141 2826 IN
1183 2770 1340 2826 CAP.
1388 2775 1430 2828 Ι.
2032 2799 2046 2838 Α

2605 2773 2718 2824 ΕΙΣ
2760 2769 2853 2826 ΤΟ
2894 2768 3151 2825 ΚΕΦΑΛ.
3189 2769 3272 2825 Α’.

429 2873 528 2950 §‘I.
564 2875 802 2945 Deiﬁcze.
836 2875 1114 2933 Deiﬁcam
1173 2877 1429 2949 appellat
1485 2893 1636 2940 eam,
1669 2893 1795 2949 quae
1828 2893 1861 2931 a
1890 2876 2006 2933 Deo

2188 2876 2288 2944 §I.
2323 2876 2398 2947 [α]
2440 2880 2792 2948 Θεουργικῆς.
2825 2879 3154 2950 Θεουργικῆς
3202 2892 3332 2950 φησι
3381 2877 3482 2941 τῆς
3537 2869 3596 2926 lx
3634 2875 3773 2927 Θεοῦ

369 2962 690 3032 perﬁcitur,
723 2965 843 3019 sive
875 2981 1000 3036 quae
1032 2965 1373 3022 hominibus
1396 2967 1770 3037 datur,alque
1793 2965 2006 3021 idcirco

2143 2960 2530 3037 νεργουμὲνης,
2587 2961 2757 3037 ἤγουν
2818 2960 3066 3031 δοθείσης
3138 2960 3468 3036 ἀνθρώποις,
3532 2959 3622 3014 καὶ
3683 2960 3771 3016 ὅτι

367 3050 522 3120 quod
555 3051 1021 3108 Christianorum
1082 3053 1410 3110 bierarcbia
1465 3055 1604 3111 deos
1645 3055 1784 3110 facit
1813 3060 1869 3109 et
1898 3053 2005 3109 ab-

365 3137 561 3194 solvit.
1325 3191 1332 3204 .

433 3230 850 3288 Traditionum.
873 3231 1020 3296 Quia
1041 3232 1423 3289 ecclesiastici
1449 3233 1674 3290 ordinis
1697 3233 2004 3289 scientiam

345 3317 678 3375 traditione
694 3321 936 3392 accepit.

431 3412 555 3465 Non
585 3408 864 3480 explodas.
900 3409 957 3465 Id
978 3414 1085 3473 est.
1112 3427 1226 3466 non
1258 3411 1502 3467 ridicule
1533 3417 1590 3468 et
1622 3413 2006 3466 irreverenter

364 3495 677 3552 manifesta
709 3499 986 3554 omnibus
1009 3499 1270 3569 profanis
1294 3500 1494 3566 facies,
1525 3501 1888 3555 occasionem
1925 3501 2005 3554 ri-

359 3601 482 3652 sus,
516 3585 745 3642 divinas
777 3592 836 3643 et
862 3588 1121 3660 mysterii
1154 3588 1358 3660 plenas
1391 3605 1481 3644 res
1511 3589 1790 3644 ofﬁciens.

430 3761 569 3819 Solis
597 3779 721 3821 vero
750 3768 974 3822 sanctis.
1009 3766 1154 3830 Quia
1185 3783 1297 3824 non
1331 3771 1557 3839 oportet
1613 3771 1813 3822 sancta
1872 3784 2004 3839 pro-

361 3850 514 3908 fanis
551 3853 862 3925 explicare,
898 3871 1004 3911 nec
1063 3857 1414 3929 margaritas
1461 3856 1667 3912 suibus
1700 3856 2002 3928 projicere.

435 4029 794 4086 Divinissr’ma
823 4048 995 4087 mens.
1057 4034 1391 4091 Notandum
1433 4040 1524 4091 est
1569 4039 1772 4092 contra
1801 4037 2007 4094 Nesto-

2115 3050 2270 3114 θεοὺς
2329 3051 2685 3127 ἀπεργάζεται
2740 3051 2830 3106 καὶ
2889 3049 3146 3106 ἀποτελεῖ
3200 3051 3234 3118 ἡ
3304 3047 3356 3104 ἰν
3418 3052 3776 3124 Χριστιανοῖς

2112 3140 2386 3216 ἱεραρχία.

2185 3226 2566 3303 Παραδόσεων.
2622 3232 2746 3287 "Ott
2799 3229 2898 3297 τὴν
2959 3229 3285 3304 ἱεραρχικὴν
3345 3225 3658 3301 ἐπιστήμην
3714 3226 3778 3282 ἆκ

2113 3315 2467 3390 παραδόσεως
2491 3313 2814 3394 παρέλαϐεν.

2352 3405 2465 3464 Οὐκ
2540 3406 2839 3483 ἐξορχήσῃ.
2912 3405 3193 3462 Τουτέστιν
3272 3404 3333 3461 οὐ
3413 3401 3772 3480 παιγνιωδῶς

2116 3496 2206 3550 καὶ
2265 3491 2578 3559 ἀνευλαϐῶς
2635 3499 2885 3566 ποιήσεις
2947 3503 3076 3552 πᾶσι
3131 3500 3249 3558 τοῖς
3305 3493 3542 3571 ἀνιέροις
3600 3515 3772 3549 κατα-

2115 3591 2283 3662 φανῆ,
2343 3583 2588 3661 γέλωτος
2639 3586 2892 3663 ἀφορμὴν
2952 3585 3319 3657 ποιούμενος,
3372 3583 3439 3638 τὰ
3495 3588 3613 3647 θεῖα
3667 3583 3760 3638 καὶ

2118 3695 2254 3747 μυστ
2265 3675 2368 3730 ικά.

2188 3766 2264 3839 [γ]
2323 3764 2511 3840 Ἰεροῖς
2572 3761 2630 3818 δὲ
2691 3763 2902 3836 μόνοις·
2935 3765 3057 3822 ’Ὁτι
3117 3761 3178 3817 οὗ
3228 3759 3309 3817 δεῖ
3362 3761 3429 3816 τὰ
3477 3762 3602 3838 ἅγια
3652 3767 3776 3828 τοῖς

2119 3848 2380 3927 βεϐήλοις
2407 3851 2702 3930 ἐκφαίνειν,
2723 3849 2848 3907 οὐδὲ
2875 3853 3001 3915 τοὺς
3033 3851 3366 3928 μαργαρίτας
3398 3854 3512 3912 τοῖς
3546 3848 3772 3926 χοίροις

2116 3941 2343 4018 ῥίπτειν.

2188 4029 2260 4105 [δ]
2338 4032 2399 4088 Ὀ
2463 4031 2900 4105 Θιαρχικώτατος
2974 4033 3122 4092 νοῦς.
3203 4025 3550 4101 Σημειωτέον
3630 4029 3774 4082 κατὰ

360 4113 577 4184 rianos,
615 4123 869 4207 mentem
902 4120 1075 4174 etiam
1109 4122 1180 4176 de
1211 4122 1328 4178 Deo
1359 4123 1494 4178 dici.
1518 4124 2008 4183 Sanctiﬁcationis
2037 4141 2046 4207 ]

2143 4123 2512 4196 ἔεστοριανῶν,
2553 4119 2635 4174 ὅτι
2685 4123 2807 4182 νοῦς
2854 4118 2943 4174 καὶ
2990 4118 3078 4174 ἐπὶ
3138 4122 3272 4174 Θεοῦ
3321 4114 3558 4193 λέγεταιο
3614 4117 3774 4194 ἁγια-

360 4207 555 4258 autem
588 4203 708 4258 sive
739 4206 1012 4277 puritatis
1043 4209 1112 4262 ad
1147 4209 1540 4264 sanctitatem.

429 4293 530 4350 52
551 4293 740 4361 Quoad
765 4294 887 4363 ﬁer:
917 4299 1108 4364 potest.
1160 4297 1492 4353 Secundum
1528 4304 1879 4370 potestatem
1913 4319 2007 4359 es-

359 4382 711 4450 sentiarum,
743 4400 870 4455 quae
903 4390 1097 4440 mente
1128 4393 1267 4441 sunt
1293 4387 1568 4458 praedita),
1595 4393 1652 4442 et
1676 4387 2010 4446 solamente

359 4477 835 4541 cognoscuntur:
871 4489 1056 4543 neque
1113 4475 1266 4530 enim
1325 4475 1521 4540 Jesus,
1556 4479 1878 4534 secundum
1914 4497 2010 4551 po-

359 4564 639 4616 testatem
674 4578 840 4617 suam
877 4561 1026 4633 (scil.
1060 4562 1345 4636 ἀφομοιοῖ,
1377 4563 1489 4620 sibi
1551 4565 1776 4622 similes
1805 4567 2004 4640 facit);

359 4652 451 4704 est
481 4649 637 4706 enim
684 4649 927 4706 inﬁnitae
979 4654 1304 4723 potestatis,
1347 4671 1478 4710 cum
1512 4654 1590 4710 sit
1619 4655 1795 4712 etiam
1827 4657 2002 4713 Deus.

431 4737 732 4795 Connectit.
765 4739 1174 4811 Interpretatio
1217 4741 1426 4798 horum
1459 4748 1548 4800 est
1576 4744 1635 4800 in
1670 4745 1874 4818 quinto
1907 4764 2004 4804 ca-

356 4826 476 4897 pite
505 4826 636 4882 libri
671 4829 743 4883 De
761 4829 966 4884 divinis
986 4831 1324 4886 nominibus.

427 4915 623 4972 Multas
651 4919 970 4974 varietates.
1032 4918 1248 4975 Multas
1305 4921 1614 4978 varietates
1667 4924 1788 4980 sive
1828 4925 2001 4981 dissi-

355 5003 724 5062 militudines
757 5007 872 5063 dici
923 5007 1196 5078 arbitror,
1233 5009 1421 5064 multa
1465 5027 1678 5082 genera
1718 5013 2002 5070 sollicitu-

352 5089 563 5146 dinum
597 5095 667 5150 ad
700 5111 936 5151 carnem
972 5113 1074 5152 seu
1128 5113 1342 5170 corpus
1390 5098 1808 5170 pertinentium
1843 5105 2002 5174 cupi-

347 5176 624 5249 ditatum,
655 5199 800 5250 quas
859 5186 1145 5241 Dominus
1176 5191 1330 5242 vetat
1365 5203 1376 5243 :
1430 5187 1770 5245 uniusmodi
1805 5197 1998 5248 autem

347 5263 730 5338 divinumque
762 5273 960 5342 vitam,
993 5276 1251 5344 primum
1285 5292 1544 5348 quaerere
1594 5294 1836 5350 regnum
1897 5281 1997 5337 Dei

346 5357 404 5410 et
426 5353 722 5426 justitiam
755 5360 921 5429 ejus;
947 5361 1004 5416 id
1029 5365 1184 5434 quod
1218 5364 1575 5438 signiﬁcavit
1604 5366 1887 5424 Dominus
1935 5369 1996 5425 in

2114 4209 2289 4270 στείας
2323 4206 2400 4276 δὲ,
2433 4207 2558 4277 ἤτοι
2588 4208 2959 4282 καθαρότητος
2988 4205 3062 4269 εἷς
3093 4205 3421 4282 ἁγιωσύνην.

2195 4299 2260 4369 [ε]
2288 4299 2429 4352 Κατὰ
2482 4295 2732 4370 δύναμιν.
2785 4301 2901 4350 Τῶν
2957 4299 3157 4370 νοερῶν
3210 4291 3383 4348 αὐτῶν
3436 4292 3634 4349 οὐσιῶν
3675 4293 3774 4347 καὶ

2116 4391 2322 4456 νοητῶν
2353 4385 2487 4441 κατὰ
2534 4387 2632 4454 τὴν
2685 4383 2933 4458 δύναμιν*
2966 4384 3028 4439 οὖ
3079 4384 3180 4459 γὰρ
3213 4384 3348 4438 κατά
3394 4383 3494 4452 τὴν
3528 4380 3695 4436 αὐτοῦ
3727 4383 3775 4418 ⁸⁸

2117 4471 2344 4548 δΰναμιν
2434 4475 2666 4545 Ἰησοῦς·
2753 4470 3187 4549 ἆπειροδῦναμος
3266 4470 3409 4548 γὰρ,
3498 4472 3589 4524 ἅτε
3674 4470 3769 4524 καὶ

2116 4563 2268 4626 Θεός.

2187 4743 2653 4818 [ς]Σι›μπτύσσει.
2714 4744 2779 4799 Ἡ
2827 4742 3086 4816 ἑρμηνεία
3136 4738 3341 4796 τούτων
3395 4736 3534 4794 ἐστὶν
3588 4736 3642 4793 ἐν
3685 4743 3770 4814 τῷ

2113 4834 2244 4907 Περὶ
2277 4833 2431 4898 θείων
2471 4832 2756 4906 ὀνομάτων
2782 4831 3016 4904 πέμπτῳ
3045 4827 3346 4908 κεφαλαίῳ.

2185 4925 2255 4997 [ζ]
2286 4921 2503 4984 Πολλὰς
2551 4923 2895 4994 ἑτερότητας.
2947 4918 3167 4981 Πολλὰς
3225 4916 3544 4994 ἑτερότητας
3603 4915 3762 4987 οἶμαι

2112 5010 2365 5087 λέγεσθαι
2428 5012 2523 5074 τὰς
2581 5008 2892 5073 πολυειδεῖς
2953 5015 3059 5064 τῶν
3121 5011 3395 5080 σαρκικῶν
3453 5004 3765 5077 ἐπιθυμιῶν

2115 5104 2394 5177 μερίμνας,
2455 5101 2516 5162 ἃς
2572 5101 2893 5177 ἀπαγορεύει
2953 5101 2981 5154 ὁ
3030 5097 3247 5173 Κύριος·
3301 5091 3510 5163 ἐνοειδῆ
3564 5091 3622 5148 δὶ
3677 5093 3770 5148 καὶ

2111 5191 2251 5255 θείαν
2289 5192 2432 5261 ζωὴν
2475 5191 2535 5245 τὸ
2585 5195 2762 5260 ζητεῖν
2817 5188 2868 5242 ἐν
2920 5189 3163 5260 πρώτοις
3210 5186 3310 5253 τήν
3358 5180 3637 5255 βασιλείαν
3669 5179 3769 5236 τοῦ

2110 5285 2243 5336 Θεοῦ
2274 5279 2363 5335 καὶ
2410 5281 2508 5349 τήν
2553 5276 2901 5348 δικαιοσύνην
2937 5275 3121 5348 αὐτοῦ,
3153 5273 3286 5350 ὅπερ
3336 5274 3363 5328 ὁ
3397 5271 3593 5348 Κύριος
3642 5269 3772 5340 ἐσή-

2113 5389 2298 5442 μανεν,
2353 5366 2516 5423 εἶ’πὼν
2575 5367 2629 5422 ἐν
2671 5371 2738 5441 τῇ
2795 5368 2956 5442 εὐχῇ,
2997 5362 3088 5419 ’ίνα
3136 5365 3266 5419 ὦσιν
3309 5359 3387 5417 ἓν·
3435 5360 3497 5415 τὸ
3531 5357 3590 5416 δὶ
3620 5358 3768 5418 οὕτω

1374 5595 1615 5653 VARIE
1651 5593 2043 5654 LECTIONES
2079 5593 2170 5650 ΒΤ
2205 5594 2739 5654 CORRECTIONES

421 5684 467 5720 ⁸⁸
495 5680 706 5738 ἑαυτοῦ.
