4042 6210
292 336 399 389 117

1030 340 1088 392 Β.
1130 338 1402 392 ΜΔΧΙΜΙ
1438 337 1742 391 BCHOLIA
1780 337 1853 389 IN
1894 335 1946 386 Ll

2082 336 2164 388 DE
2200 338 2492 393 ECCLE.
2534 342 3009 395 HIERARCHIA.

3619 338 3721 392 118

290 461 633 522 πεποιῶσθαι
685 458 785 527 τὴν
829 459 1038 533 ψυχὴν,
1086 456 1192 530 ’ἕξιν
1243 459 1391 535 ἱερᾶν
1444 457 1794 525 άπεκάλεσεν,
1835 455 1946 526 ἥτις

2082 461 2427 531 precatione,
2463 480 2595 519 cum
2628 463 2790 535 dicit,
2821 468 2883 521 ut
2926 466 3040 519 sint
3074 479 3243 519 unum
3266 463 3377 534 (z);
3408 463 3491 519 sic
3521 466 3718 520 autem

291 547 385 604 καὶ
422 546 664 621 μάλιστα
692 553 816 609 τοῖς
850 548 1169 623 ἶερωμένοις
1198 546 1516 624 πρεπώδης.

369 820 479 876 Καὶ
535 825 638 888 τῆς
693 822 803 873 τῶν
864 818 1148 891 θεαμάτων
1208 819 1485 893 γνώσεως.
1540 814 1789 870 Τουτέστι
1846 818 1954 868 τῶν

296 910 421 984 περὶ
457 912 590 965 Θεοῦ
621 906 807 982 λόγων
839 907 931 961 καὶ
980 905 1323 983 διδαγμάτων
1374 909 1475 975 τήν
1526 904 1954 977 ἐπιστημονικήν

294 998 648 1069 κατανόησιν·
682 997 745 1052 οὗ
773 998 878 1071 γὰρ
909 993 1041 1071 ἄχρι
1073 995 1246 1071 ψιλῆς
1274 1002 1373 1066 τῆς
1406 1000 1513 1051 τῶν
1548 993 1751 1069 λογίων
1785 993 1954 1062 ἀκοῆς

296 1089 331 1158 ἣ
365 1089 729 1167 εκφωνήσεως
754 1085 822 1141 τὰ
848 1090 955 1141 τῶν
985 1087 1143 1160 ἱερῶν
1181 1088 1456 1159 μυήσεων,
1489 1082 1635 1140 ἀλλὰ
1663 1086 1733 1157 τῇ
1778 1103 1956 1155 παρα-

294 1176 634 1249 κολουθήσει
662 1182 763 1245 τῆς
796 1172 1036 1238 διανοίας
1086 1176 1176 1231 καὶ
1223 1180 1293 1250 τῇ
1344 1175 1549 1230 συνέσει
1597 1177 1703 1228 τῶν
1753 1173 1952 1245 ὑμνου-

303 1267 481 1341 μὲνων
520 1288 534 1301 ’
590 1264 736 1321 οὕτω
784 1264 883 1341 γὰρ
937 1265 1027 1319 καὶ
1078 1266 1130 1321 οἱ
1180 1266 1316 1320 κατὰ
1353 1265 1481 1320 Θεὸν
1532 1267 1751 1339 πρῶτον
1800 1263 1958 1335 ἀφιε-

299 1360 519 1430 ροῦνται
578 1354 746 1427 αὐτῷ,
808 1354 898 1408 καὶ
953 1354 1048 1417 εἴθ’
1105 1353 1282 1417 οὕτως
1330 1354 1532 1430 ὶτὲροις
1584 1352 1649 1407 τὸ
1705 1355 1952 1407 τοιοῦτον

295 1445 618 1521 προξενοῦσι
652 1464 666 1479 ⁸
698 1443 1058 1512 τελειοῦνται,
1089 1444 1177 1498 καὶ
1211 1440 1378 1497 πάλιν
1409 1442 1729 1498 τελειοῦσιν.

368 1718 397 1784 §
428 1718 503 1768 Il.
538 1710 814 1788 Ἀγγὲλων
847 1710 977 1767 ἐστί.
1005 1714 1127 1769 ’Ὁτι
1156 1710 1251 1773 τὰς
1301 1709 1452 1765 ἰννέα
1498 1708 1671 1781 τάξεις
1720 1706 1809 1761 καὶ
1861 1709 1951 1759 νῦν

298 1800 472 1899 λέγει,
495 1800 559 1863 ἃς
587 1799 981 1874 προωνόμασεν
1017 1801 1067 1856 ἐν
1095 1806 1175 1874 τῷ
1206 1801 1334 1875 Περὶ
1367 1801 1465 1864 τῆς
1495 1797 1639 1862 θείας
1671 1794 1954 1871 ἱεραρχίας
1986 1833 2034 1899 Β

307 1889 484 1947 λόγω.

374 1912 479 2036 Ιῖἷὶ
528 1986 675 2035 πᾶσα
719 1982 756 2050 ἡ
798 1984 891 2034 νῦν
935 1981 1267 2054 ὑμνουμένη.
1302 1980 1402 2041 Τίς
1432 1981 1468 2048 ἡ
1501 1975 1729 2051 δύναμις
1772 1976 1951 2044 πάσης

297 2071 607 2148 ⁴ἱεραρχίας.

366 2160 548 2217 Αὐτόν
577 2181 638 2215 τε
669 2159 759 2215 τὸν
794 2159 1083 2235 ἱεράρχην.
1115 2156 1373 2215 Τουτὲστι
1398 2156 1491 2212 τὸν
1525 2155 1837 2211 ἰπίσκοπον.

366 2333 471 2391 Καὶ
501 2338 620 2394 τοῖς
654 2326 1045 2402 ὑποϐεϐηκόσι.
1080 2329 1209 2407 Περὶ
1239 2333 1555 2405 προκοπῶν.

364 2416 810 2491 Ὑποεεὸηκότας
838 2418 1079 2484 ἕπεσθαι.
1114 2414 1539 2494 Πρεσϐυτέρους.

367 2508 527 2567 Ἀλλ’
586 2511 642 2564 αἱ
705 2511 821 2583 μέν.
884 2510 1173 2586 Σύγκρισις
1230 2511 1327 2577 τῆς
1385 2507 1644 2583 οὐρανίας
1710 2504 1799 2560 καὶ
1851 2510 1950 2574 τῆς

294 2598 561 2671 αἰσθητῆς
592 2600 901 2675 ἱεραρχίας.

369 2686 681 2757 Ἀἴσθητῶν
750 2681 1065 2759 συμϐόλων.
1114 2684 1358 2755 Αἶσθητὰ
1419 2679 1675 2757 σύμϐολά
1726 2682 1826 2737 εἰσι
1883 2682 1952 2734 τὰ

302 2778 421 2847 εξῆς
472 2773 799 2848 δηλούμενα
858 2777 1131 2851 μυστήρια
1163 2794 1175 2807 ’
1226 2772 1471 2829 τουτᾶστι
1524 2774 1588 2827 τὸ
1650 2772 1951 2847 βάπτισμα,

300 2865 422 2934 ἤτοι
488 2866 751 2941 φώτισμα
780 2883 794 2898 ο
826 2867 862 2934 ἡ
912 2865 1139 2935 σύναξις,
1193 2860 1365 2938 ἤγουν
1410 2863 1472 2917 τὸ
1519 2868 1619 2930 τῆς
1668 2858 1951 2919 κοινωνίας

309 2958 626 3029 μυστήριον,
658 2954 749 3009 καὶ
778 2955 845 3008 τὰ
873 2952 1061 3011 λοιπά.

365 3045 459 3101 Ἐν
494 3044 591 3116 μὶν
625 3039 789 3101 ἔστιν.
822 3044 886 3100 Ὀ
918 3044 1045 3105 Θεὸς
1078 3039 1358 3113 δηλονότι.

373 3131 495 3208 Οὐχ
523 3131 763 3194 ἐνιαίως.
800 3132 948 3187 ’Δντὶ
992 3136 1089 3187 τοῦ
1138 3127 1412 3202 ὶνοειδῶς,
1442 3128 1533 3184 καὶ
1582 3130 1699 3183 καθ’
1725 3124 1815 3182 ἕνα
1859 3125 1948 3181 καὶ

302 3223 390 3275 τὸν
422 3222 586 3277 αὐτὸν
618 3222 845 3296 τρόπον.
1240 3236 1241 3241 ‘

364 3316 592 3380 Νοτ,τῶν
625 3331 702 3366 τε.
732 3316 809 3377 Ση
820 3311 1079 3383 μειωτὲον
1109 3311 1200 3379 ιν,
1230 3307 1314 3363 ὅτι
1342 3306 1405 3363 τὸ
1436 3307 1708 3381 σύνταγμα
1738 3307 1766 3361 ὃ
1796 3306 1949 3377 αὐτῷ

301 3398 535 3469 ίποιήθη
567 3402 622 3436 ³ο
648 3400 773 3474 περί
802 3402 1020 3470 νοητῶν
1053 3400 1139 3453 καὶ
1173 3397 1471 3469 αἰσθητῶν,
1503 3397 1629 3472 παρ’
1657 3398 1790 3469 ἡμῖν
1840 3394 1949 3469 οὐχ

296 3488 515 3564 εὕρηται
526 3532 537 3543 .

370 3575 839 3652 Διεξοδικώτερον.
878 3576 1022 3633 Ἀντὶ
1050 3577 1147 3632 τοῦ
1179 3574 1537 3650 πλατύτερον.

366 3668 397 3740 §
453 3669 549 3723 III.
610 3669 687 3740 [α]
745 3668 900 3722 Ἔστι
977 3665 1073 3739 μὲν
1152 3665 1426 3740 ἱεραρχία.
1484 3661 1759 3738 Ἰεραρχία
1812 3660 1945 3730 ἐστὶ,

298 3757 449 3833 φησὶ,
480 3758 663 3818 καθὼς
711 3757 745 3820 ἡ
774 3752 968 3823 ’σεπτή
1017 3756 1178 3826 ἡμῶν
1210 3750 1510 3829 παράδοσις
1542 3751 1853 3823 παρίστησι,
1884 3750 1949 3805 τὰ

295 3844 605 3907 καθολικῶς
633 3842 983 3919 Θεωρούμενα
1013 3845 1047 3913 ἢ
1083 3843 1353 3919 λεγόμενα
1400 3841 1523 3915 περὶ
1572 3845 1680 3895 τῶν
1727 3860 1947 3916 προκει-

297 3935 492 4005 μένων,
554 3932 724 4008 ἤγουν
774 3931 1149 4005 ὑποκειμένων
1199 3932 1358 4007 ἱερῶν
1405 3930 1735 4005 πραγμάτων
1772 3949 1783 3961 ·
1820 3926 1947 3997 ἤτοι

294 4020 350 4077 δὲ
405 4024 501 4077 καὶ
584 4023 946 4097 πραττόμενα.
1000 4019 1482 4099 Συγκεφαλαίωσιν
1543 4020 1644 4095 γὰρ
1693 4018 1791 4086 τήν
1850 4021 1946 4071 τοῦ

292 4111 428 4166 ὅλου
488 4111 791 4185 περίληψιν
852 4109 1021 4184 λέγει,
1092 4109 1274 4185 ὥσπερ
1332 4110 1424 4164 καὶ
1481 4105 1947 4185 ἀνακεφαλαίωσιν

294 4199 525 4274 λέγομεν
554 4201 620 4255 τὸ
644 4194 1002 4255 ἐπαναλαϐεῖν
1036 4198 1106 4254 ἐν’
1140 4196 1355 4273 ὀλίγοις
1386 4198 1453 4252 τὰ
1480 4194 1870 4273 προλεχθὲντα.

365 4380 450 4453 [β]
539 4375 991 4446 Καθολικωτάτη.
1074 4373 1349 4431 Καθολικά
1430 4374 1539 4429 ἐστι
1642 4374 1709 4429 τὰ
1789 4393 1943 4448 περι-

292 4468 646 4541 εκτικώτερα.
700 4466 875 4537 Φησὶν
933 4464 1048 4537 οὗν,
1090 4466 1195 4533 ὅτι,
1248 4466 1416 4539 τυχὸν
1476 4462 1686 4533 ἁπάσης
1742 4462 1942 4531 τάξεως

2069 550 2333 607 aﬂ'ectam
2366 569 2495 609 esse
2525 552 2703 609 veluti
2747 554 3029 625 qualitate
3080 552 3281 624 aliqua
3310 552 3591 618 animam,
3622 569 3722 607 sa-

2067 655 2233 694 crum
2267 640 2533 698 habitum
2561 642 2922 709 nominavit;
2956 645 3055 714 qui
3086 641 3264 698 etiam
3299 640 3550 697 maxime
3580 657 3720 697 con-

2069 735 2327 787 secratos
2361 731 2629 788 homines
2656 733 2842 788 decet.

2142 820 2428 877 Visionum
2459 824 2629 877 etiam
2676 823 3007 893 cognitione.
3064 821 3126 875 Id
3178 823 3267 876 est
3312 819 3621 876 verborum
3653 818 3724 873 de

2066 907 2204 976 Deo,
2236 914 2293 965 et
2342 916 2767 983 praeceptorum
2819 911 2939 966 sive
2992 911 3479 966 documentorum
3520 906 3727 980 cogni-

2066 996 2229 1053 tione
2278 998 2641 1067 scientilica;
2692 1015 2881 1071 neque
2930 999 3089 1054 enim
3139 1014 3327 1070 usque
3378 998 3448 1052 ad
3500 996 3721 1053 nudam

2064 1087 2375 1143 verborum
2406 1088 2737 1143 divinorum
2762 1088 3149 1157 auditionem,
3174 1093 3273 1143 aut
3294 1086 3723 1159 pronuntiatio-

2068 1191 2200 1231 nem
2234 1192 2415 1233 sacraa
2446 1178 2725 1233 doctrinis
2774 1182 3007 1233 tantum
3059 1177 3389 1248 pertinent;
3424 1176 3525 1232 sed
3557 1191 3724 1231 asse-

2066 1266 2298 1319 cutione
2346 1266 2583 1333 mentis,
2628 1269 2687 1321 et
2733 1265 3118 1337 intelligentia
3165 1281 3367 1319 eorum
3417 1280 3545 1335 qum
3593 1263 3725 1319 ian-

2066 1351 2307 1420 dantur,
2339 1355 2715 1423 continetur;
2751 1355 2835 1411 sic
2884 1355 3064 1421 enim,
3115 1354 3215 1425 qui
3248 1354 3365 1409 Deo
3396 1353 3715 1418 adhaerent,

2065 1440 2326 1512 primum
2359 1444 2411 1498 ei
2442 1448 2882 1513 consecrantur,
2928 1442 3141 1499 deinde
3172 1442 3396 1498 caeteris
3426 1440 3717 1512 ejusmodi

2065 1528 2243 1585 ritum
2293 1532 2572 1600 tradunt;
2626 1532 3035 1604 perficiuntur,
3067 1535 3242 1604 atque
3290 1548 3499 1587 rursus
3541 1530 3719 1602 perti-

2066 1619 2248 1675 ciunt.

2135 1714 2163 1779 §
2194 1712 2263 1768 II.
2295 1712 2629 1783 Angelorum
2659 1723 2757 1770 est.
2807 1714 2967 1777 Quod
3020 1730 3222 1769 novem
3274 1712 3509 1770 ordines
3539 1711 3717 1767 etiam

2066 1817 2222 1856 nunc
2254 1802 2416 1872 dicit,
2450 1819 2598 1873 quos
2648 1802 2811 1874 prius
2842 1803 2901 1857 in
2935 1802 3083 1858 libro
3134 1807 3217 1858 De
3262 1802 3465 1858 caelesti
3492 1801 3714 1857 hierar-
3814 1864 3831 1879 .

2061 1889 2187 1944 chia
2218 1891 2565 1947 nominavit.

2132 1981 2197 2035 Et
2223 1982 2401 2035 omnis
2431 1983 2529 2051 qui
2556 1981 2720 2038 modo
2764 1982 3125 2053 medicatur.
3178 1983 3312 2047 Qum
3341 1985 3430 2037 vis
3478 1980 3556 2035 sit
3584 1980 3711 2035 uni-

2058 2085 2235 2125 verse:
2266 2070 2628 2128 bierarcbia.

2129 2160 2195 2215 Et
2224 2160 2409 2228 ipsum
2438 2163 2588 2216 sacri
2633 2160 2845 2217 ordinis
2892 2162 3214 2217 antistitem.
3266 2161 3329 2216 Id
3369 2163 3459 2217 est
3485 2159 3711 2232 episco-

2059 2263 2225 2318 pum.

2131 2336 2487 2407 Subditosque
2512 2354 2658 2393 suos.
2692 2338 2851 2409 (Agit
2879 2338 2997 2406 hic)
3024 2338 3096 2393 de
3126 2336 3622 2409 promotionibus.

2130 2424 2219 2480 Sic
2246 2430 2307 2481 ut
2336 2426 2547 2482 subditi
2573 2431 2894 2497 sequantur.
2926 2426 3320 2498 Presbyteros.

2131 2513 2405 2571 Caeterum
2434 2518 2559 2572 ista:
2587 2516 2825 2587 quidem.
2876 2514 3250 2587 Comparatio
3296 2512 3550 2569 calestis
3582 2513 3710 2570 bie-

2060 2603 2319 2672 rarcbiaz,
2353 2609 2411 2659 et
2440 2605 2569 2674 ejus
2600 2620 2729 2675 quae
2761 2604 2871 2659 sub
2902 2620 3145 2659 sensum
3177 2602 3353 2658 cadit.

2126 2692 2494 2747 Sensibilium
2524 2694 2832 2760 signorum.
2885 2692 3065 2763 Signa
3108 2689 3415 2747 sensibilis
3444 2693 3583 2745 sunt
3614 2707 3711 2745 sa-

2057 2786 2355 2837 cramenta
2386 2798 2512 2853 qua;
2548 2782 2826 2853 deinceps
2848 2786 3221 2852 exponuntur
3255 2796 3268 2832 :
3305 2779 3362 2834 id
3398 2784 3488 2835 est
3517 2780 3713 2851 bapti-

2059 2885 2247 2939 smus,
2281 2869 2401 2924 sive
2433 2870 2747 2926 illustratio
2774 2888 2788 2937 ;
2821 2871 3078 2943 synaxis,
3124 2870 3246 2925 sive
3275 2867 3713 2925 communionis

2059 2964 2519 3025 sacramentum,
2551 2963 2609 3013 et
2638 2964 2863 3014 catera.

2135 3049 2313 3104 Unum
2341 3049 2572 3119 quidem
2601 3056 2695 3104 est.
2729 3047 2961 3104 Scilicet
2990 3048 3164 3103 Deus.

2132 3140 2259 3193 Non
2314 3136 2589 3192 unimode.
2648 3136 2779 3203 Pro,
2847 3136 3218 3192 uniformiter
3274 3142 3330 3191 et
3386 3135 3710 3191 secundum

1978 3198 2021 3265 (ἶ
2061 3241 2243 3281 unum
2272 3226 2665 3295 eumdemque
2696 3226 2967 3280 modum.

2132 3315 2204 3371 De
2252 3314 2680 3370 intellectilibus.
2732 3314 3071 3369 Notandum
3122 3317 3231 3383 est,
3283 3311 3499 3369 librum
3538 3327 3711 3382 quem

2058 3404 2298 3475 scripsit
2328 3404 2402 3459 de
2428 3403 2502 3459 iis
2524 3420 2652 3475 qus:
2674 3402 3063 3475 intelligentia
3086 3402 3484 3471 continentur,
3508 3406 3564 3457 et
3584 3417 3711 3472 quae

2058 3494 2168 3550 sub
2202 3509 2438 3548 sensum
2470 3493 2707 3559 cadunt,
2740 3493 2894 3565 apud
2931 3509 3036 3547 nos
3076 3509 3188 3547 non
3223 3491 3493 3547 inveniri.

2130 3582 2347 3637 Fusius.
2382 3582 2509 3643 Pro.
2542 3580 2719 3635 latius
2750 3584 2807 3635 et
2838 3580 3128 3650 pluribus.

2129 3669 2229 3726 58
2263 3670 2292 3740 §
2323 3669 2394 3724 III
2426 3671 2527 3723 Esi
2573 3670 2793 3739 quidem
2842 3668 3180 3723 hierarchia.
3230 3665 3569 3722 Hierarcbia
3597 3669 3707 3731 est,

2056 3758 2269 3828 inquit,
2300 3758 2451 3812 sicut
2482 3758 2813 3812 veneranda
2837 3757 3075 3812 traditio
3099 3761 3297 3810 nostra
3328 3752 3619 3826 proponit,
3643 3769 3710 3806 ea

2058 3864 2183 3917 quae
2216 3846 2564 3918 generaliter
2594 3850 2650 3901 et
2680 3845 2949 3901 universe
2975 3846 3271 3910 videntur,
3296 3846 3400 3898 aut
3429 3841 3707 3897 dicuntur

2056 3939 2126 3991 de
2158 3936 2340 3991 sacris
2373 3934 2550 3990 rebus
2580 3951 2708 4005 quae
2757 3935 3067 4006 propositae
3100 3950 3201 3989 seu
3236 3933 3514 4003 subjectae
3546 3935 3704 3998 sunt,

2056 4026 2174 4080 sive
2204 4026 2378 4079 etiam
2414 4040 2542 4094 quae
2574 4028 2846 4091 aguntur.
2901 4018 3378 4097 Συγκεφαλαίωσιν
3425 4020 3581 4075 enim
3616 4024 3707 4074 to-

2056 4114 2174 4169 tius
2241 4111 2703 4182 complexionem
2769 4111 2930 4181 dicit,
2991 4113 3144 4167 sicut
3210 4112 3383 4167 etiam
3444 4108 3711 4184 ἀνακεφα-

2057 4199 2283 4256 λαίωσιν
2314 4201 2569 4258 dicimus
2600 4206 2860 4273 repetere
2892 4202 3095 4273 paucis
3125 4217 3192 4256 ea
3224 4217 3353 4271 quin
3385 4203 3521 4255 ante
3551 4197 3709 4253 dicta

2056 4298 2214 4347 sunt.

2128 4379 2583 4435 Generalissima.
2618 4378 2925 4434 Generalia
2945 4382 3087 4434 sunt
3115 4394 3183 4434 ea
3205 4394 3330 4448 quas
3353 4374 3541 4446 magis
3570 4390 3706 4428 con-

2056 4470 2263 4525 tinent.
2300 4468 2395 4523 Ait
2423 4484 2560 4540 ergo
2593 4468 2767 4538 quod,
2800 4468 3049 4523 fortasse
3078 4466 3235 4523 omni
3256 4465 3459 4521 ordine
3482 4462 3705 4518 bierar-

291 4557 580 4631 ἱεραρχίας
626 4554 958 4630 λεγομένης,
986 4553 1240 4630 ἱεραργία
1300 4553 1439 4608 ἐστὶν
1500 4554 1709 4620 ἁπάσης
1764 4552 1946 4625 ἱεραρο

2082 4558 2189 4613 ιὴίδ,
2218 4563 2578 4627 nuncupata,
2614 4555 2940 4611 bierarcbia
2989 4560 3073 4611 est
3121 4554 3315 4610 omnis
3363 4549 3702 4607 bierarcbia

291 4646 423 4719 χίας
456 4647 493 4714 ἡ
524 4645 875 4720 ἆρχικωτέρα
922 4644 1012 4698 καὶ
1060 4644 1383 4719 γενικωτέρα
1433 4640 1894 4718 συγκεφαλαίωσις
1926 4657 1941 4673 ·

293 4737 411 4788 οἷον
470 4740 571 4803 τῆς
630 4728 1010 4808 πρεσϐυτέρων
1072 4732 1379 4808 ἱεραρχίας,
1432 4730 1673 4785 τουτέστι
1720 4730 1945 4799 τάξεως,

289 4823 605 4899 ἰεραρχίαὸ
637 4823 957 4891 ἐπίσκοπος,
1009 4820 1243 4899 ὀφείλων
1295 4822 1598 4896 γινώσκειν,
1650 4818 1945 4894 καθαίρειν,

294 4913 573 4985 φωτίζειν,
605 4911 849 4966 τελειοῦν
887 4931 899 4945 ο
935 4917 1034 4979 τῆς
1067 4908 1327 4965 διακόνων
1378 4909 1661 4983 ἱεραρχίας
1693 4908 1947 4983 ἱεραρχία

294 5002 322 5054 ὁ
354 4998 771 5076 ἀρχιδιάκονος,
803 5001 863 5062 ὃς
897 4998 1103 5075 ὀφείλει
1160 4997 1441 5072 γινώσκειν
1494 4997 1587 5059 τὰς
1643 4998 1947 5071 λειτουργι-

290 5092 387 5149 ne:
440 5089 709 5165 ἐνεργείας
743 5109 755 5122 ·
806 5089 896 5144 καὶ
930 5088 1073 5143 οὕτω
1120 5088 1346 5157 καθεξῆς
1403 5088 1469 5142 τὰ
1527 5086 1699 5141 λοιπὰ
1756 5086 1944 5140 συντά-

295 5199 477 5252 γματα
510 5181 603 5234 κ’.

363 5270 445 5342 [γ]
531 5267 1041 5343 Συγκεφαλαίωσις.
1113 5268 1293 5343 Ἱερῶν
1384 5267 1853 5343 συγκεφαλαίωσις
1908 5267 1943 5335 ἡ

292 5361 491 5433 γνῶσις
520 5357 722 5420 παντὸς
753 5357 1028 5433 ἱερατικοῦ
1058 5358 1354 5432 τάγματος.

366 5488 442 5562 (τ)
469 5488 637 5545 loan.
670 5502 810 5556 xvn,
845 5488 932 5546 11.

2056 4645 2438 4718 principalior
2466 4644 2910 4716 generaliorque
2942 4661 3212 4710 summa;
3244 4648 3308 4697 ut
3336 4640 3703 4713 presbytero-

2057 4752 2186 4789 rum
2219 4733 2586 4800 hierarcbiaa,
2621 4735 2677 4787 id
2720 4739 2810 4788 est
2853 4734 3097 4802 ordinis,
3125 4730 3450 4786 bierarcbia
3478 4728 3704 4798 episco-

2057 4841 2188 4895 pus,
2224 4823 2322 4895 qui
2358 4823 2509 4878 scire
2560 4823 2751 4889 debet,
2804 4838 3071 4893 purgare,
3104 4820 3398 4875 illustrare
3444 4822 3501 4872 et
3532 4816 3704 4886 perﬁ-

2056 4928 2222 4979 cere;
2256 4913 2636 4967 diaconorum
2669 4910 3010 4965 bierarcbia
3053 4906 3383 4964 bierarcbia
3413 4904 3705 4961 archidia-

2057 5018 2263 5066 conus,
2296 4999 2397 5070 qui
2429 4999 2663 5070 cognita
2712 4997 2925 5051 habere
2964 4997 3137 5051 debet
3184 4993 3377 5048 ofﬁcia
3406 4990 3707 5047 ministro-

2057 5108 2187 5146 rum
2224 5106 2237 5143 :
2272 5096 2451 5160 atque
2480 5090 2563 5142 ita
2593 5088 2866 5156 deinceps
2897 5084 3103 5154 reliqui
3138 5081 3394 5138 ordines.

2128 5268 2374 5323 Summa.
2407 5267 2719 5322 Sacrorum
2754 5279 2989 5320 summa
3019 5265 3077 5319 et
3106 5260 3434 5334 complexio
3464 5263 3554 5317 est
3583 5275 3709 5315 om-

2059 5356 2151 5413 nis
2182 5353 2564 5412 ecclesiastici
2595 5352 2820 5410 ordinis
2850 5351 3116 5409 scientia.

1309 5566 1547 5623 VARI/ﬁ
1583 5566 1973 5625 LECTIONES
2011 5566 2104 5624 ET
2143 5560 2693 5622 CORRECTIONES.

365 5660 440 5696 “'
470 5658 801 5731 σημείωσαι.
882 5658 925 5694 ⁹⁰
954 5657 1219 5727 ἐπονήθηι
1296 5657 1364 5691 ω’
1390 5656 1659 5729 τάγματα·
