4042 6210
352 357 458 415 119

349 573 589 645 (ibidem)
621 573 690 627 de
723 574 1022 629 Trinitate.

419 665 642 716 Notum.
676 663 844 730 Nota,
879 669 1143 720 sanctam
1187 667 1533 722 Trinitatem
1569 665 1867 737 cognitum
1901 662 2004 716 ha-

349 752 485 806 bere
515 752 668 822 quod
704 753 773 807 de
803 753 1040 825 propria
1089 757 1345 810 essentia
1377 755 1645 827 cognosci
1680 757 1892 827 potest,
1926 752 2006 805 si-

351 847 448 897 cut
483 859 636 897 nunc
669 843 924 898 dicimus
973 845 1268 916 propriam
1302 845 1697 902 substantiam
1733 846 1852 900 haec
1882 844 2006 900 sola

351 931 675 1002 cognoscit.

425 1021 755 1077 Rationalis.
787 1022 936 1077 Nota
957 1023 1199 1095 angelos
1229 1028 1285 1080 et
1315 1023 1580 1080 homines
1607 1023 1849 1080 rationis
1880 1038 2008 1094 par-

349 1109 562 1181 ticipes
593 1126 723 1166 esse
750 1116 1015 1168 naturas.

422 1200 546 1255 Ηιϊε
576 1215 698 1254 vero
733 1215 838 1254 non
869 1199 1071 1256 aliter.
1101 1201 1272 1258 Salus
1305 1203 1540 1258 scilicet.

422 1288 546 1343 Ilaec
574 1296 756 1342 autem
785 1287 1085 1358 deiﬁcatio.
1123 1291 1274 1354 Quid
1310 1297 1384 1346 sit
1413 1291 1722 1346 deiﬁcatio.

421 1376 781 1434 Hierarchiae.
817 1378 958 1443 Quis
1011 1380 1086 1433 sit
1118 1379 1255 1435 finis
1310 1380 1596 1435 universa:
1647 1377 2004 1444 hierarcbiae,

347 1468 406 1520 et
436 1465 635 1536 qualia
684 1467 845 1522 obire
895 1473 1158 1540 oporteat
1211 1469 1575 1541 episcopum.
1627 1468 1795 1534 Nota,
1833 1468 2006 1521 finem

351 1569 454 1610 seu
526 1571 771 1627 scopum
853 1557 1136 1613 universas
1216 1558 1553 1614 hierarcbiaz
1623 1556 1896 1628 angelicae
1954 1559 2011 1612 et

350 1643 648 1711 humanae,
683 1661 811 1701 esse
845 1647 941 1701 Dei
996 1663 1311 1718 rerumque
1359 1648 1689 1702 divinarum
1725 1662 2007 1713 amorem,

351 1737 410 1786 et
456 1749 580 1802 qua:
639 1733 916 1806 deinceps
974 1740 1322 1790 enumerata
1371 1739 1530 1790 sunt.
1584 1735 1726 1789 lllud
1790 1741 2009 1804 autem,

357 1837 484 1892 quae
541 1838 654 1877 uno
706 1824 877 1878 modo
928 1823 1112 1880 sacris
1165 1829 1462 1896 operatur,
1512 1825 1787 1891 declarat,
1839 1824 2010 1896 plane

356 1913 412 1964 et
443 1908 566 1964 sola
598 1911 668 1966 ad
721 1910 898 1967 talem
944 1911 1170 1968 cultum
1221 1912 1599 1968 conversione
1648 1913 1842 1984 ipsum
1894 1928 2012 1968 cer-

364 2014 520 2055 DBI‘C.

432 2088 584 2156 §IV.
620 2088 863 2159 Superis.
915 2090 1082 2160 Nota,
1135 2092 1427 2163 quomodo
1483 2093 1631 2148 Deus
1679 2094 2012 2162 permoveat

356 2175 604 2233 virtutes
652 2177 1078 2251 intelligibiles,
1135 2185 1194 2235 et
1243 2181 1538 2250 quomodo
1587 2196 1694 2235 nos
1751 2180 2008 2235 illustre-

357 2281 510 2321 mur.

421 2357 543 2410 Non
573 2356 722 2410 enim
769 2357 1128 2413 extrinsecus.
1188 2357 1463 2414 Homines
1515 2358 1749 2430 quidem
1791 2358 2010 2413 extrin-

353 2458 544 2510 secus,
578 2443 632 2498 id
667 2449 758 2500 est
785 2461 817 2499 ει
850 2451 1054 2500 creata;
1100 2451 1318 2502 naturae
1351 2447 1846 2519 contemplatione
1875 2463 2009 2503 ver-

352 2531 562 2602 bisque
592 2533 955 2604 docentibus,
989 2540 1047 2590 et
1078 2536 1207 2591 aliis
1239 2537 1503 2605 ejusdem
1551 2539 1782 2608 generis
1811 2553 2007 2592 veram

354 2621 747 2692 cognitionem
782 2623 1212 2695 scientiamque
1237 2624 1554 2690 hauriunt;
1588 2625 1776 2696 angeli
1810 2630 2007 2681 autem

353 2706 514 2762 intus
545 2724 649 2781 per
691 2711 904 2766 mentis
955 2729 1070 2767 suae
1101 2714 1217 2767 vim
1253 2712 1652 2779 illustrantur,
1695 2714 2008 2785 divinaque

353 2795 647 2853 voluntate
682 2799 1110 2870 insigniuntur,
1141 2802 1198 2856 id
1249 2806 1338 2856 est
1391 2803 1818 2873 exprimuntur,
1851 2807 1905 2857 et
1935 2803 2004 2857 ad

356 2885 454 2940 Dei
489 2883 899 2958 imitationem,
927 2894 983 2944 et
1015 2891 1085 2945 ad
1119 2906 1320 2945 eorum
1364 2907 1491 2962 quae
1524 2898 1682 2958 sunt,
1715 2895 2008 2963 quatenus

358 2986 424 3026 lu
437 2975 516 3039 nt,
550 2973 967 3043 cognitionem.

427 3060 530 3116 Sed
586 3062 930 3133 intelligibili
979 3066 1216 3121 ratione.
1276 3067 1799 3135 Considerandum,
1859 3085 2006 3140 quo-

358 3149 530 3204 modo
566 3150 948 3222 intrinsecus,
983 3170 1094 3208 non
1128 3156 1230 3211 54
1259 3156 1398 3212 foris
1424 3162 1482 3212 et
1513 3159 1874 3214 extrinsecus
1907 3159 2004 3214 Dei

355 3237 800 3307 illustrationes,
853 3241 1080 3297 divinas
1140 3249 1364 3300 mentes
1424 3253 1808 3317 promoveant
1859 3266 1870 3302 :

357 3327 512 3382 enim
545 3331 720 3382 Deum
759 3335 982 3385 mentes
1008 3347 1106 3385 eas
1131 3331 1446 3388 illustrare.
1474 3335 1760 3400 Quoniam
1797 3337 2012 3392 mentis

355 3420 446 3470 est
471 3432 732 3488 compos,
782 3417 838 3472 id
887 3420 1037 3490 quod
1095 3420 1386 3493 intelligit,
1421 3428 1477 3478 et
1526 3424 1636 3478 sub
1683 3424 2011 3497 intelligen-

357 3504 498 3559 tiam
548 3506 702 3561 cadit
752 3507 808 3562 id
858 3510 1012 3580 quod
1067 3509 1450 3582 intelligitur;
1505 3511 1671 3567 cibus
1722 3519 1916 3570 autem
1959 3519 2017 3569 et

357 3595 525 3665 quasi
561 3595 735 3652 robur
767 3602 856 3651 est
891 3598 943 3652 id
979 3600 1133 3670 quod
1170 3599 1543 3672 intelligitur,
1567 3603 1695 3671 ejus
1727 3602 1826 3673 qui
1851 3603 2015 3658 intel-

357 3681 522 3754 ligit;
549 3685 684 3754 jure
714 3702 780 3740 ac
811 3687 1017 3742 merito
1050 3687 1228 3757 Deus,
1269 3706 1400 3744 cum
1440 3695 1661 3746 mentes
1694 3693 1814 3747 sint
1842 3692 1881 3747 ii
1915 3693 2014 3763 qui

357 3771 681 3845 incorporei
699 3776 991 3847 sunt,ipse
1015 3777 1114 3848 qui
1141 3779 1322 3833 etsub
1339 3779 1788 3852 intelligentiam
1812 3798 2014 3836 eorum

362 3862 517 3917 cadit
549 3867 605 3918 et
625 3864 696 3919 ab
716 3864 1480 3938 iisintelligitur,quatenus
1506 3875 1788 3940 possunt;
1814 3870 2018 3925 intrin-

361 3966 532 4005 secus
563 3967 660 4005 eos
691 3952 948 4008 illustrat
979 3961 1171 4010 mente
1221 3957 1584 4028 intelligente
1613 3963 1670 4014 et
1702 3960 1943 4016 nutrita.

430 4039 814 4094 Divisibilium
835 4044 1139 4111 signorum.
1165 4044 1340 4114 Signa
1363 4046 1606 4103 dividua
1630 4047 1736 4102 hoc
1759 4049 1884 4104 loco
1916 4051 2018 4105 do-

359 4125 579 4180 ctrinas
615 4127 933 4198 Scriptura:
965 4131 1357 4188 multiformes
1408 4135 1569 4201 dicit,
1607 4139 1859 4192 maxime
1891 4139 2016 4209 qui-

358 4213 491 4268 dem
527 4231 629 4286 per
675 4215 850 4271 verba
903 4219 1196 4289 mysteriis
1248 4220 1417 4291 plena
1465 4223 1677 4278 divinae
1709 4230 1934 4280 natura}
1963 4231 2020 4282 et

363 4303 753 4356 cssentiarum
788 4319 917 4374 quae
948 4306 1157 4360 menlis
1207 4313 1346 4361 sunt
1393 4308 1708 4380 participes
1759 4315 2018 4366 contem-

356 4387 676 4460 plationem
709 4391 1089 4462 explanantes
1120 4411 1132 4460 ;
1170 4395 1269 4448 sed
1306 4395 1599 4450 interdum
1633 4397 1806 4452 etiam
1842 4399 2018 4454 actio-

355 4494 488 4532 nem
522 4481 926 4550 emendantes,
963 4489 1021 4536 ut
1071 4481 1216 4554 legis
1269 4489 1578 4557 praecepta,
1613 4503 1739 4557 qua:
1781 4487 1853 4542 ad
1897 4505 2018 4544 mo-

356 4566 538 4622 ralem
596 4567 933 4640 allegoriam
998 4571 1388 4641 referuntur;
1439 4576 1537 4630 sed
1598 4575 1782 4631 multo
1841 4576 2018 4632 etiam

358 4657 548 4728 magis
580 4664 1084 4714 sacramentorum
1130 4663 1488 4718 czercmonize
1524 4682 1588 4720 ac
1623 4664 1770 4722 ritus
1802 4666 1860 4721 in
1905 4666 2020 4738 sig-

359 4747 452 4804 nis
483 4749 801 4820 tigurisque
832 4755 1175 4807 cernuntur.

426 4839 760 4894 Subuantia
787 4841 956 4894 enim.
991 4840 1162 4907 Nota,
1186 4858 1455 4911 quaenam
1493 4845 1570 4900 sit
1601 4846 1685 4901 vis
1718 4852 1773 4901 et
1805 4851 2016 4902 natura

358 4933 571 4982 nostrae
601 4927 964 4997 hierarcbiae,
992 4933 1048 4984 et
1081 4946 1347 5000 quaenam
1387 4932 1622 5004 eloquia
1649 4935 1864 4990 divina.

425 5016 607 5071 Sacris
666 5019 1071 5073 initiatoribus.
1133 5020 1551 5077 Sacrosanctos
1625 5027 2006 5094 praeceptores

349 5103 643 5174 apostolos
673 5105 835 5173 dicit,
872 5123 1021 5178 quos
1055 5112 1112 5164 et
1142 5109 1320 5166 duces
1370 5111 1630 5169 vocavit:
1666 5112 2006 5182 theologica:

347 5197 543 5247 autem
574 5194 804 5249 tabulas
838 5196 1019 5253 libros
1069 5198 1296 5256 Veteris
1347 5206 1404 5256 et
1433 5200 1573 5256 Novi
1608 5203 1997 5271 Testamenti;

343 5280 658 5337 doctrinam
685 5299 818 5338 vero
849 5303 882 5339 a
915 5289 1145 5344 materia
1196 5306 1452 5356 vacuam,
1503 5291 1809 5348 scientiam
1863 5311 1998 5348 sen-

343 5386 515 5426 suum
547 5370 886 5442 Scripturaa,
943 5391 1122 5445 quam
1175 5379 1419 5447 apostoli
1453 5399 1487 5437 a
1518 5381 1740 5454 Spiritu
1773 5381 1994 5438 habue-

342 5461 498 5527 runt,
525 5476 670 5532 quas
697 5460 872 5518 etiam
907 5479 1250 5536 corporeum
1278 5485 1610 5527 sermonem
1633 5471 1990 5540 nominavit;

1167 363 1539 418 APPENDIX
1581 362 1676 416 AD
1714 361 1955 416 OPERA
1993 363 2056 414 Β.
2097 357 2412 413 DIONYSII
2452 358 2952 415 AREOPAGITE.

424 484 594 556 Hujus
651 486 821 556 origo.
881 484 1042 548 Quod
1105 486 1466 559 principium
1525 484 1886 555 bierarcbiae,
1944 485 2080 552 οιΑ

3660 359 3769 412 120

2184 476 2258 554 [δ]
2291 482 2508 550 Ταύτης
2555 481 2723 557 ἀρχή.
2755 481 2852 543 Τίς
2900 483 2936 550 ἡ
2987 480 3134 554 ἀρχὴ
3185 486 3286 549 τῆς
3335 479 3646 556 ἱεραρχίας,
3674 480 3769 536 καὶ

2111 569 2234 645 περὶ
2267 567 2516 644 Τριάδος.

2185 660 2253 731 [ε]
2314 658 2660 729 Ἐπιστητόν.
2723 657 3063 730 Σημείωσαι,
3123 657 3206 712 ὅτι
3281 660 3316 727 ἡ
3391 658 3518 733 ἁγία
3595 658 3771 733 Τριὰς

2114 746 2401 817 ἐπιστητὸν
2459 743 2574 822 ἔχει
2630 747 2692 802 τὸ
2751 754 2850 816 τῆς
2908 745 3111 808 οἰκείας
3160 745 3435 820 ὑπάρξεως
3463 748 3767 822 γνώριμον,

2113 836 2190 897 ὡς
2235 836 2336 904 τήν
2383 840 2470 889 νῦν
2527 857 2698 913 φαμεν
2751 837 2850 905 την
2884 833 3024 890 ῗδίαν
3056 835 3266 904 οὐσίαν,
3302 835 3441 908 μόνη
3477 835 3612 906 αὕτη
3645 835 3767 892 έπίο

2115 944 2321 982 σταται.

2184 1015 2248 1070 Ἦ
2303 1015 2525 1090 λογική.
2561 1012 2901 1087 Σημείωσαι,
2935 1012 3017 1068 ὅτι
3072 1010 3290 1090 ἄγγελοι
3349 1014 3439 1068 καὶ
3484 1015 3769 1090 ἄνθρωποι

2117 1101 2334 1179 λογικαί
2368 1101 2500 1157 εἷ’σιν
2536 1103 2737 1160 οὐσίαι.

2188 1192 2252 1247 Ἦ
2286 1188 2342 1246 δὲ
2373 1192 2484 1267 οὐχ
2515 1191 2736 1266 ἑτέρως.
2767 1189 3022 1264 Σωτηρία
3055 1188 3338 1262 δηλονότι.

2185 1280 2251 1334 Ἠ
2285 1277 2341 1334 δὲ
2374 1281 2587 1343 θέωσις.
2615 1279 2674 1334 Τί
2705 1278 2846 1334 ἐστιν
2880 1281 2914 1348 ἡ
2949 1280 3160 1344 θέωσις.

2182 1368 2504 1444 Ἱεραρχίας.
2565 1369 2633 1426 Τί
2699 1369 2761 1424 τὸ
2837 1369 3002 1444 πέρας
3064 1369 3241 1440 πάσης
3310 1369 3620 1446 ἱεραρχίας,
3676 1371 3772 1426 καὶ

2118 1459 2283 1512 ὁποῖα
2336 1455 2417 1512 δεῖ
2469 1459 2706 1530 μετιέναι
2753 1459 2844 1512 τὸν
2897 1458 3188 1533 ἱεράρχην.
3223 1458 3544 1532 Σημείιιισαι
3577 1457 3656 1528 δὲ,
3686 1461 3770 1514 ὅτι

2114 1548 2177 1600 τὸ
2207 1544 2388 1619 τέλος,
2429 1545 2598 1622 ἤγουν
2647 1549 2738 1602 τὸν
2793 1546 2996 1601 σκοπὸν
3036 1549 3249 1617 ἁπάσης
3288 1548 3572 1624 ὶεραρχίας
3632 1550 3770 1603 εἶναι

2118 1633 2262 1710 λέγει
2291 1643 2390 1703 τῆς
2424 1635 2717 1711 ἀπελικῆς
2747 1637 2838 1689 καὶ
2866 1643 2966 1704 τῆς
3001 1635 3053 1690 ἐν
3109 1636 3417 1711 ἀνθρώποις
3469 1638 3570 1704 τὴν
3630 1637 3771 1711 πρὸς

2117 1726 2244 1778 Θεὸν
2285 1724 2373 1778 καὶ
2404 1725 2472 1778 τὰ
2502 1726 2618 1779 θεῖα
2663 1724 2961 1799 ἀγάπησιν,
2994 1725 3086 1779 καὶ
3133 1728 3201 1780 τὰ
3239 1725 3359 1794 ἑξῆς
3409 1725 3771 1800 κατειλεγμέ-

2115 1834 2200 1868 να.
2233 1813 2308 1869 Τὸ
2340 1809 2397 1867 δὶ
2427 1813 2642 1876 ἑνιαίως
2670 1814 3097 1889 ἱερουργουμένη
3131 1811 3298 1885 δηλοῖ
3333 1815 3397 1870 τὸ
3446 1815 3769 1891 ὁλοσχερῶς

2120 1901 2209 1956 καὶ
2243 1899 2596 1976 μονοτρόπως
2628 1903 2761 1978 πρὸς
2791 1903 2888 1972 τὴν
2919 1902 3178 1974 τοιαύτην
3212 1902 3463 1980 λατρείαν
3507 1904 3661 1978 ὁρᾷν.

2189 2084 2217 2156 Ξ
2280 2083 2372 2138 IV.
2431 2079 2866 2155 Ὑπερκοσμίοις.
2931 2080 3270 2154 Σημείωσαι,
3339 2085 3456 2144 πῶς
3529 2089 3674 2138 κινεῖ
3741 2085 3771 2138 6

2121 2172 2250 2234 Θεὸς
2280 2170 2374 2233 τὰς
2405 2171 2606 2242 νοητὰς
2644 2167 2921 2242 δυνάμεις,
2953 2169 3042 2225 καὶ
3093 2175 3210 2233 πῶς
3269 2173 3435 2244 ἡμεῖς
3481 2169 3772 2245 έλλαμπό-

2123 2271 2280 2333 μεθα.

2190 2349 2262 2403 Ού
2307 2350 2410 2424 γὰρ
2460 2344 2674 2419 ἔξωθεν.
2717 2349 3028 2424 ’Ἄνθρωποι
3085 2349 3180 2422 μὲν
3233 2346 3448 2420 ἔξωθεν,
3493 2350 3774 2405 τουτέστιν

2119 2440 2223 2493 ἀπὸ
2255 2445 2354 2508 τῆς
2382 2440 2516 2492 κατά
2556 2439 2654 2506 τὴν
2686 2435 2859 2491 κτίσιν
2894 2437 3122 2513 θεωρίας
3153 2437 3243 2492 καὶ
3290 2437 3466 2515 λόγων
3516 2435 3777 2494 διδασκα-

2120 2527 2288 2585 λικῶν
2347 2529 2435 2582 καὶ
2483 2526 2677 2601 ὶτέρων
2727 2527 2995 2582 τοιούτων
3045 2529 3145 2596 τήν
3187 2526 3368 2598 ἀληθῆ
3395 2531 3594 2604 γνῶσιν
3628 2527 3775 2602 λαμ-

2119 2614 2367 2673 ϐάνουσιν
2399 2638 2410 2650 ο
2449 2616 2670 2694 ἄγγελοι
2701 2615 2757 2671 δὲ
2787 2617 2955 2686 αὐτὴν
2987 2615 3200 2681 ἔνδοθεν
3226 2619 3325 2688 τὴν
3360 2621 3550 2694 νοερᾶν
3593 2621 3778 2675 αὐτῶν

2117 2706 2496 2779 έλλάμπονται
2553 2705 2800 2778 δύναμιν,
2839 2707 2924 2761 καὶ
2981 2707 3080 2774 τήν
3141 2708 3287 2771 θείαν
3350 2707 3774 2781 ἐνσημαίνονται

2123 2795 2407 2871 βούλησιν,
2439 2793 2605 2872 ἤγουν
2664 2799 2956 2850 τυποῦνται
3003 2797 3142 2870 πρὸς
3198 2796 3262 2850 τὸ
3319 2797 3658 2870 θεομίμητόν
3710 2819 3773 2854 τε

2115 2883 2204 2938 καὶ
2235 2889 2341 2939 τῶν
2372 2880 2564 2954 ὅντων,
2661 2877 2789 2938 ὅντα
2818 2881 2952 2951 ἐστὶ,
2978 2883 3299 2958 γνωστικόν.

2188 3067 2413 3133 Νοητῶς
2473 3060 2548 3118 δέ.
2610 3061 3009 3134 Κατανοητέον,
3067 3068 3186 3124 πῶς
3245 3057 3464 3135 ἔσωθεν,
3513 3063 3642 3120 ἀλλ’
3701 3066 3766 3122 οὗ

2117 3151 2364 3226 θύραθεν,
2399 3153 2450 3205 αἱ
2483 3150 2786 3225 ἐλλάμψεις
2818 3155 2912 3206 τοῦ
2943 3156 3076 3206 Θεοῦ
3100 3151 3228 3216 τοὺς
3286 3154 3460 3217 θείους
3503 3155 3633 3216 νόας
3680 3177 3771 3210 κι-

1927 3248 2007 3303 ait
2038 3231 2080 3297 Ο
2117 3240 2296 3296 νοῦσιν
2334 3261 2345 3272 ο
2384 3238 2483 3317 ἔφη
2516 3241 2619 3317 γὰρ
2647 3241 2738 3295 τὸν
2773 3242 2899 3295 Θεὸν
2933 3246 3143 3312 νοητῶς
3177 3241 3376 3297 αὐτοὺς
3409 3241 3718 3316 έλλάμπειν
3757 3264 3770 3276 ·

2121 3328 2309 3398 ἐπειδὴ
2356 3330 2456 3404 γὰρ
2504 3331 2689 3403 νοερὸν
2745 3329 2839 3401 μὶν
2890 3328 3000 3384 ἔστι
3045 3330 3109 3385 τὸ
3158 3334 3336 3402 νοοῦν,
3377 3333 3572 3400 νοητὸν
3613 3330 3672 3387 δὲ
3711 3333 3778 3388 τὸ

2119 3421 2420 3491 νοούμενον
2456 3437 2469 3451 ο
2501 3420 2679 3492 τροφή
2710 3415 2767 3472 δὲ
2799 3419 2932 3491 [καὶ]
2961 3421 3075 3473 οἷον
3111 3419 3360 3480 σύστασις
3397 3424 3493 3474 τοῦ
3522 3425 3781 3483 νοοῦντος

2121 3510 2184 3563 τὸ
2233 3504 2548 3580 νοούμενον,
2583 3506 2805 3575 εῐκὸτως
2855 3509 2882 3561 ὁ
2931 3508 3084 3580 Θεὸς,
3137 3508 3229 3562 ἅτε
3270 3513 3408 3562 νοῶν
3455 3505 3624 3564 ὄντων
3669 3515 3782 3565 τῶν

2127 3596 2452 3670 ἀσωμάτων,
2489 3596 2649 3657 αὐτὸς
2697 3597 2894 3666 νοητὸς
2943 3598 3034 3651 καὶ
3081 3597 3379 3671 νοούμενος
3426 3599 3635 3667 αὐτοῖς,
3666 3601 3789 3654 καθ’

2123 3685 2248 3740 ὅσον
2283 3684 2647 3763 ἐφικνοῦνται,
2678 3685 2972 3760 γενόμενος
2999 3681 3221 3756 ἔσωθεν,
3253 3685 3447 3748 αὐτοὺς
3482 3685 3786 3761 ἐλλάμπει,

2125 3779 2223 3829 τοῦ
2254 3779 2350 3829 νοῦ
2375 3778 2632 3837 νοοῦντος
2660 3774 2748 3828 καὶ
2777 3775 3138 3852 τρεφομένου.

2201 4048 2492 4120 Διαιρετῶν
2553 4039 2872 4118 συμϐόλων.
2936 4041 3200 4118 Σύμϐολα
3259 4040 3501 4121 διαιρετὰ
3553 4044 3787 4101 ἐνταῦθα

2127 4132 2222 4193 τὰς
2279 4137 2379 4197 τῆς
2435 4139 2653 4210 Γραφῆς
2709 4131 3022 4196 πολυειδεῖς
3077 4132 3430 4196 διδασκαλίας
3483 4135 3638 4212 φησί,
3676 4136 3788 4208 μά-

2131 4219 2289 4275 λιστα
2323 4221 2418 4293 μὲν
2451 4218 2540 4276 διὰ
2567 4219 2919 4295 συμϐολιιιῶν
2953 4221 3130 4297 λόγων
3169 4224 3269 4293 τήν
3313 4224 3438 4300 περὶ
3481 4231 3580 4294 τῆς
3637 4223 3790 4288 θείας

2131 4309 2337 4388 φύσεως
2391 4311 2482 4366 καὶ
2539 4317 2642 4366 τῶν
2703 4317 2904 4387 νοερῶν
2967 4313 3165 4367 οὐσιῶν
3197 4313 3422 4388 θεωρίιεν
3456 4313 3790 4389 εἰσηγουμέ-

2130 4422 2222 4462 νας
2256 4420 2268 4432 ·
2295 4397 2402 4464 ἔσθ’
2435 4400 2523 4455 ὅτε
2565 4398 2622 4455 δὲ
2668 4401 2758 4455 καὶ
2795 4408 2896 4470 τῆς
2931 4402 3176 4476 πράξεως
3208 4399 3371 4464 οὔσας
3404 4399 3790 4477 διορθωτικὰς,

2133 4489 2206 4551 ὡς
2237 4489 2305 4544 τὰ
2335 4489 2536 4563 νομικὰ
2567 4488 3020 4566 παραγγέλματα,
3054 4491 3130 4554 εἰς
3188 4491 3386 4560 ἠθικὴν
3443 4489 3788 4565 ἀλληγορίαν

2052 4601 2098 4664 D
2131 4578 2438 4654 ἀναγόμενα
2471 4597 2486 4612 ⁶
2517 4576 2716 4650 πολλῷ
2743 4576 2799 4633 δὲ
2830 4578 2996 4634 πλέον
3031 4581 3085 4633 αἱ
3115 4585 3221 4634 τῶν
3259 4579 3573 4656 μυστηρίων
3621 4579 3788 4635 τελε-

2099 4674 2102 4676 ’
2127 4689 2214 4722 ται
2249 4667 2300 4721 έν
2329 4664 2632 4742 συμϐόλοις
2665 4669 2994 4744 θεωροῦνται
3025 4669 3116 4723 καὶ
3146 4668 3360 4730 τύποις.

2197 4845 2369 4902 Οὐσία
2425 4844 2549 4920 γάρ.
2587 4846 2932 4918 Σημοίωσαι,
2965 4846 3048 4909 τίς
3077 4847 3110 4915 ἡ
3146 4846 3304 4901 οὐσία
3345 4853 3444 4917 τῆς
3477 4847 3595 4911 καθ’
3625 4850 3788 4919 ἡμᾶς

2123 4934 2428 5011 ἱεραρχίας,
2462 4934 2550 4988 καὶ
2580 4934 2699 4989 τίνα
2731 4937 2796 4988 τὰ
2829 4941 2945 4999 θεῖα
2978 4935 3158 5010 Λόγια.

2190 5021 2612 5100 Ἱεροτελεστῶν.
2698 5021 3093 5100 Ἱεροτελεστᾶς
3169 5026 3262 5098 μὲν
3342 5024 3469 5089 τοὺς
3546 5025 3786 5082 ἀποστόο

2120 5110 2249 5176 λους
2281 5111 2448 5189 λέγει,
2477 5111 2572 5174 οὓς
2613 5113 2701 5168 καὶ
2754 5115 3133 5189 καθηγεμόνας
3182 5111 3370 5188 εἷ’ρηκε
3405 5133 3416 5146 ·
3455 5111 3781 5190 θεολογικὰς

2119 5199 2177 5256 δὲ
2233 5200 2456 5266 δέλτους
2512 5204 2579 5259 τὰ
2640 5199 2830 5280 βιϐλία
2878 5211 2979 5274 τῆς
3037 5201 3281 5268 Παλαιᾶς
3326 5204 3546 5274 καὶτῆς
3577 5206 3719 5267 Νέας
3761 5224 3774 5238 ·

2112 5293 2410 5366 ἀϋλοτέραν
2469 5291 2526 5348 δὲ
2586 5292 2784 5366 μύησιν
2843 5295 2942 5362 τὴν
3003 5293 3063 5348 ἐκ
3114 5293 3435 5367 Πνεύματος
3473 5292 3777 5371 γενομένην

2109 5389 2228 5446 τοῖς
2276 5381 2612 5444 ἀποστόλοις
2659 5386 2856 5459 γνῶσιν
2887 5386 2994 5436 τῶν
3037 5389 3138 5452 τῆς
3187 5388 3406 5460 Γραφῆς
3450 5382 3772 5456 νοημάτων,

2108 5470 2140 5524 ἃ
2170 5471 2259 5526 καὶ
2290 5471 2597 5545 σωματικὸν
2648 5469 2947 5526 ἆπεκάλεσε
2975 5472 3017 5509 ⁹¹
3069 5469 3257 5546 λόγον,
3287 5469 3340 5543 ἐξ
3391 5473 3457 5544 ἥς
3505 5473 3768 5546 μυήσεως

1350 5586 1589 5643 νΑιιΙιλΕ
1629 5586 2016 5645 LECTIONES
2057 5587 2145 5645 ET
2186 5587 2742 5646 CORRECTIONES.

417 5666 453 5700 ⁹¹
491 5662 618 5721 ἐκάλ
630 5687 732 5726 est.
