4042 6210
231 325 336 380 121

957 333 1018 385 Β.
1057 329 1329 384 ΜΔΧΙΜῙ
1366 330 1675 384 SCHOLIA
1712 331 1785 382 IN
1825 329 1957 383 LIB.
1997 331 2094 382 DE
2130 333 2417 386 ECCLES.
2472 333 2944 388 HlERARCHlA.

3543 325 3653 381 122

229 447 318 503 καὶ
349 446 418 502 τὰ
447 454 550 517 τῆς
582 453 788 518 Καινῆς
828 451 1049 521 συνέστη
1088 447 1411 525 διδάγματα’
1442 450 1651 526 γείτονα
1699 448 1756 505 δὲ
1793 455 1890 519 τῆς

2015 467 2079 508 ex
2109 470 2224 524 qua
2253 454 2518 511 doctrina
2564 455 2706 511 Novi
2737 428 2914 510 etiam
2962 450 3322 509 Testamenti
3373 455 3657 523 praecepta

233 536 493 612 οὐρανίας
517 537 806 613 ἱεραρχίας
837 540 938 608 τὴν
968 544 1047 612 τῷ
1077 542 1392 615 ἡγεμονικῷ
1422 539 1775 616 ἐγγινομένην
1797 543 1894 594 τοῦ

231 627 553 700 Πνεῦματος
583 622 865 703 ἕλλαμψιν
901 624 1025 707 ἔφη.

308 807 405 862 Ἐκ
429 805 559 870 νοὸς
605 806 681 868 είς
727 811 876 865 νοῦν,
910 810 1047 884 ’Ὀρα
1095 809 1162 863 τὰ
1211 807 1300 863 διὰ
1351 808 1514 882 μέσου
1567 808 1757 883 λόγου,
1803 806 1891 862 καὶ

236 894 319 950 δτι
373 893 465 948 διὰ
510 893 680 971 λόγου
729 897 977 974 ἀγράφου
1011 897 1077 952 τὰ
1129 897 1361 970 μυστικὰ
1411 894 1704 972 παρεδόθη.
1751 895 1894 950 Κατὰ

235 988 427 1038 κοινοῦ
461 981 521 1038 δὲ
571 983 810 1055 ληπτέον
861 988 922 1040 τὸ
973 984 1461 1062 παραδεδωκότων·
1496 988 1664 1060 ἱεροῖς
1703 983 1760 1039 Si
1788 979 1888 1062 ἔφη

237 1067 548 1146 συμϐόλοις
599 1072 691 1128 διὰ
735 1075 801 1130 τὰ
833 1075 954 1145 ἑξῆς
1000 1078 1282 1146 τεθειμένα
1319 1079 1364 1114 ’³
1397 1077 1689 1152 μυστήρια,
1739 1071 1892 1130 ἅτινα

236 1162 325 1216 καὶ
353 1162 591 1238 θεωρίας
621 1164 967 1240 ἂναγωγικῆς
998 1164 1161 1235 ἀξιοῖ.

310 1343 612 1415 Αἴσθηταῖς
643 1342 837 1400 εῗκόσι.
874 1345 998 1419 Περὶ
1036 1343 1282 1403 εἰκόνων.

302 1523 377 1577 Τὸ
409 1523 868 1598 συνεπτυγμένον.
903 1519 1040 1578 Ἰδοὺ
1072 1526 1255 1600 σαφῶς
1284 1521 1335 1577 τί
1363 1521 1718 1598 έπτυγμένον.

303 1611 601 1688 Ἀγράφοις
648 1613 899 1685 μυήσεσι.
960 1611 1300 1683 Σημείωσαι,
1357 1612 1438 1667 ὅτι
1479 1612 1570 1666 καὶ
1627 1608 1890 1688 ἀγράφοις

245 1702 479 1772 μυήσεσι
506 1700 576 1754 τὰ
602 1701 719 1754 θεῖα
749 1703 884 1773 ἡμῖν
913 1698 1326 1776 παραδέδονται.

2004 547 2322 599 constant:
2357 546 2598 601 vicinam
2649 545 2823 599 etiam
2875 543 3082 598 ccelesti
3128 539 3470 597 hierarchia.’
3514 539 3658 594 dixit

2003 632 2262 703 Spiritus
2310 633 2787 702 illustrationem,
2819 650 2944 704 quae
2993 632 3044 687 ei
3078 631 3225 703 parti
3258 646 3388 700 quas
3439 626 3655 699 princi-

2002 727 2202 792 patum
2238 727 2416 789 tenet.
2448 724 2559 779 fuit
2590 723 2788 779 insita.

2075 811 2150 864 De
2177 817 2359 868 mente
2388 814 2443 867 in
2493 822 2750 867 mentem.
2781 811 2926 866 Vide
2958 826 3025 866 ea
3056 825 3183 881 qua:
3234 807 3424 864 medio
3479 807 3654 862 verbo

2003 904 2280 971 aguntur,
2313 905 2370 956 et
2396 901 2568 957 verbo
2614 918 2722 958 non
2774 901 2991 970 scripto
3044 897 3324 970 mysteria
3370 913 3496 952 esse
3543 901 3657 950 tra-

2001 989 2143 1044 dita.
2179 990 2582 1046 Communiter
2611 995 2807 1046 autem
2854 987 3260 1060 accipiendum
3291 991 3381 1042 est
3409 986 3653 1041 verbum

2001 1078 2134 1148 hoc,
2184 1079 2570 1146 tradentibus;
2603 1081 2766 1149 signa
2814 1094 2945 1134 vero
2991 1093 3156 1131 sacra
3206 1075 3370 1144 dixit,
3420 1078 3656 1146 propter

2001 1168 2282 1240 mysteria
2329 1185 2461 1240 quas
2510 1169 2784 1240 deinceps
2832 1165 3094 1237 exposita
3124 1167 3284 1230 sunt,
3317 1179 3443 1234 quae
3475 1164 3653 1218 etiam

2001 1257 2496 1328 contemplatione
2527 1257 2807 1313 elevativa
2840 1255 3015 1324 digna
3043 1256 3262 1308 censet.

2072 1346 2436 1402 Sensibitibus
2463 1347 2681 1417 ﬁguris.
2714 1347 2794 1402 De
2825 1343 3208 1416 imaginibus.

2072 1436 2222 1503 Quod
2249 1438 2538 1492 collectum
2569 1441 2666 1493 est.
2699 1436 2841 1490 Ecce
2872 1433 3179 1506 perspicue
3210 1429 3350 1503 quid
3383 1429 3459 1485 sit
3488 1425 3647 1480 tmo-

1996 1523 2217 1598 γμένον.

2071 1615 2188 1670 Νοη
2216 1615 2436 1686 scriptis
2466 1615 2942 1671 institutionibus.
2976 1611 3124 1667 Nota
3153 1609 3328 1665 etiam
3359 1623 3474 1663 non
3505 1605 3649 1662 scri-

1991 1705 2115 1777 ptis
2146 1705 2623 1762 institutionibus
2652 1705 2853 1760 divina
2885 1702 3052 1758 nobis
3083 1701 3254 1757 tradi.

311 1783 642 1892 Συμϐολική
695 1810 798 1852 τις.
839 1791 962 1846 ’Ὁτι
1012 1784 1324 1862 συμϐολικὴ
1375 1789 1464 1844 καὶ
1518 1789 1569 1860 ἐξ
1618 1787 1888 1860 αἰσθητῶν

2071 1795 2400 1864 Symbotica.
2451 1796 2618 1861 Nota,
2652 1794 2807 1866 quod
2841 1793 3030 1864 signis
3080 1795 3277 1847 utatur
3307 1793 3367 1844 et
3393 1786 3648 1844 sensibi-

241 1879 278 1946 ἡ
311 1877 452 1931 κατᾶ
499 1877 816 1953 ἀνθρώπους
864 1878 1138 1953 ἱεραρχίαο
1188 1879 1460 1934 τουτέστιν
1495 1879 1559 1934 οὐ
1598 1881 1814 1954 γυμνὴς
1845 1881 1889 1916 ⁸³

2015 1883 2157 1940 .ibus
2188 1889 2417 1940 constet
2464 1883 2768 1939 hominum
2819 1881 3169 1948 bierarchia,
3214 1879 3322 1935 hoc
3371 1881 3482 1945 est,
3533 1891 3647 1931 non

242 1965 434 2027 αὐτοῖς
487 1971 602 2028 τοῖς
657 1966 823 2030 θείοις
883 1966 1283 2043 ἐντυγχάνομεν
1349 1966 1687 2043 πράγμασιν,
1745 1966 1891 2023 ἀλλὰ

244 2052 328 2108 διὰ
381 2050 682 2127 συμϐόλων
739 2053 1044 2128 τελούμενα
1093 2059 1157 2124 ⁸⁵,
1190 2057 1300 2111 οἷον
1347 2061 1444 2111 τοῦ
1492 2057 1761 2132 ποτηρίου
1792 2064 1889 2126 τῆς

243 2141 524 2218 εὐλογίας,
571 2143 643 2206 ὥς
674 2165 831 2222 φησιν
864 2146 893 2199 ὁ
931 2145 1284 2218 Ἀπόστολος,
1335 2146 1425 2200 καὶ
1475 2151 1570 2202 τοῦ
1619 2146 1783 2222 ἄρτου
1831 2147 1888 2201 ’ὀν

241 2232 487 2305 κλῶμεν,
523 2233 613 2287 καὶ
643 2237 750 2288 τῶν
786 2231 1022 2292 λοιπῶν.

307 2321 874 2395 ’Λνακεκαλυμμένοι.
909 2322 1166 2380 Τουτέστι
1197 2325 1494 2400 γνώριμοι,
1525 2325 1614 2380 καὶ
1649 2327 1890 2380 ὧντινων

242 2411 579 2486 πραγμάτων
609 2413 696 2465 καὶ
732 2411 1048 2484 μυστηρίων
1074 2412 1207 2467 εἰσὶν
1240 2411 1581 2470 ἑνδεικτικοί.

308 2498 380 2553 Οὐ
418 2496 752 2571 μεταδώσεις
805 2500 994 2577 δτέρῳ.
1027 2503 1149 2558 ’Ὀτι
1197 2501 1456 2579 ἀσφαλῶς
1507 2500 1588 2557 δεῖ
1617 2502 1804 2558 λαλεῖν
1830 2503 1896 2558 τὰ

244 2589 500 2661 μυστικά.

739 2698 852 2754 ΕΙΣ
893 2698 978 2754 ΤΟ
1020 2699 1278 2755 ΚΕΦΑΛ.
1321 2700 1396 2756 B'.

314 2788 338 2853 ξ
367 2791 408 2840 Ι.
447 2787 524 2858 [α]
560 2783 778 2856 Ταύτης
811 2782 883 2842 δέ.
921 2789 1039 2861 Τῆς
1077 2788 1214 2861 πρὸς
1254 2788 1380 2842 Θεὸν
1413 2787 1808 2866 ἀφομοιώσεώς
1839 2812 1897 2846 τε

246 2874 333 2926 καὶ
366 2873 615 2936 ὲνώσεως
645 2871 925 2944 δηλονότι.

315 2963 519 3036 [β]Τίς
582 2960 674 3017 οὖν
732 2962 876 3018 ἐστιν
951 2963 1099 3039 ἀρχή
1158 2968 1221 3023 οι,
1283 2966 1460 3042 Ἀρχὴ
1498 3012 1511 3037 ,
1571 2970 1724 3046 φησὶ,
1804 2968 1894 3023 καὶ

249 3048 571 3122 ὁδοποίησις
606 3059 706 3122 τῆς
754 3053 891 3128 πρὸς
938 3055 1065 3109 Θεὸν
1109 3053 1433 3118 οἰκειώσεως
1486 3057 1574 3110 καὶ
1604 3064 1704 3127 τῆς
1731 3056 1894 3112 ἐπου-

243 3140 425 3214 ρανίου
470 3138 856 3215 κληρονομίας
885 3142 948 3196 τὸ
998 3143 1139 3198 θεῖον
1193 3144 1425 3219 ὑπάρχει
1469 3147 1766 3221 βάπτισμα’
1799 3148 1887 3201 καὶ

239 3230 335 3305 γὰρ
368 3229 455 3283 ἐὰν
495 3232 574 3302 μή
607 3252 691 3292 τις
741 3233 979 3306 γεννηθῇ
1012 3231 1062 3302 ἐξ
1114 3229 1306 3294 ὕδατος
1348 3234 1436 3287 καὶ
1468 3235 1794 3307 πνεύματος,
1828 3235 1888 3290 οὐ

243 3318 314 3388 μή
340 3315 437 3392 ’ἴδῃ
491 3319 593 3386 τὴν
654 3318 932 3394 βασιλείαν
981 3323 1078 3374 τοῦ
1127 3325 1280 3376 Θεοῦ.
1331 3323 1489 3377 Ὅθεν
1532 3329 1835 3400 μορφοῦται
1867 3326 1893 3379 ὁ

237 3402 340 3460 ἔσω
372 3408 664 3481 ἅνθρωπος
713 3409 850 3484 πρὸς
900 3409 1182 3484 κρείττονα
1210 3406 1316 3480 ἕξιν
1362 3411 1450 3466 καὶ
1481 3415 1773 3489 σωτήριον,
1805 3416 1893 3470 καὶ

233 3499 340 3548 τῶν
373 3496 516 3550 κατὰ
564 3497 692 3552 Θεὸν
748 3496 928 3574 λόγων
979 3519 1037 3552 τε
1066 3499 1154 3554 καὶ
1204 3499 1538 3575 πραγμάτων
1574 3503 1673 3572 τήν
1704 3501 1892 3575 ἐπιτή-

241 3579 446 3641 δευσιν.

307 3675 386 3748 [γ]
443 3677 506 3732 Ἡ
565 3677 704 3751 πρὸς
761 3678 860 3746 τήν
916 3683 1025 3732 τῶν
1085 3677 1273 3734 ἄλλων
1310 3723 1322 3736 .
1379 3681 1516 3756 Τρία
1583 3682 1704 3737 τινά
1761 3705 1894 3761 φησι

237 3757 442 3817 δεῖσθαι
491 3767 630 3840 πρὸς
678 3767 778 3835 τὴν
830 3767 1012 3841 ἀρχὴν
1041 3771 1146 3822 τῶν
1179 3767 1438 3824 ἐντολῶνο
1470 3773 1568 3840 τὴν
1608 3757 1890 3848 ὑποδοχὴν

233 3855 339 3904 τῶν
374 3852 538 3915 θείων
566 3853 798 3929 λογίων,
829 3856 929 3923 τὴν
961 3857 1275 3932 κατήχησιν
1305 3864 1404 3927 τῆς
1451 3859 1595 3922 θείας
1631 3859 1890 3931 πίστεως,

238 3941 324 3992 καὶ
354 3942 456 4008 τήν
490 3941 844 4016 ἀναγέννησιν
894 3945 994 4012 τήν
1047 3941 1134 3999 διὰ
1171 3950 1268 4000 τοῦ
1318 3946 1463 4010 θείου
1498 3948 1890 4023 βαπτίςματος.

241 4030 430 4091 Καλῶς
492 4031 584 4084 οὖν
646 4030 940 4103 ἀπέδειξεν,
974 4034 1056 4088 ὅτι
1108 4036 1143 4104 ἡ
1183 4035 1560 4110 προτιμοτάτη
1614 4039 1702 4092 καὶ
1761 4038 1891 4109 έξαί·

239 4137 385 4191 ρετος
429 4119 645 4190 κίνησις
689 4125 785 4176 τοῦ
825 4125 920 4176 νοῦ
968 4124 1002 4191 ἡ
1053 4123 1175 4198 περὶ
1228 4125 1356 4180 Θεὸν
1405 4125 1585 4200 ἀγάπη
1637 4127 1769 4183 ἐστί·
1803 4129 1890 4184 καὶ

240 4206 318 4260 ὅτι
351 4208 503 4282 ἀρχή
536 4209 618 4270 τίς
645 4208 752 4264 ἐστι
784 4217 886 4279 τῆς
919 4211 1055 4284 πρὸς
1091 4213 1220 4268 Θεὸν
1251 4213 1468 4287 ἀγάπης
1500 4217 1533 4284 ἡ
1566 4217 1682 4270 θεία
1729 4219 1891 4290 ἡμῶν

237 4290 598 4372 δημιουργία,
629 4301 902 4353 τουτέστιν
959 4301 994 4368 ἡ
1056 4297 1145 4354 διὰ
1199 4307 1295 4356 τοῦ
1345 4303 1718 4378 βαπτίσματος
1767 4307 1892 4360 ἀνα-

231 4383 506 4458 γέννησις,
566 4388 685 4450 καθ’
714 4388 774 4456 ἣν
817 4387 978 4452 θείως
1027 4390 1158 4443 εἶναι
1207 4390 1508 4466 ἀρχόμεθαο
1539 4395 1572 4462 ἡ
1638 4394 1732 4466 μὲν
1788 4397 1888 4471 γὰρ

231 4471 288 4527 tu
341 4474 658 4550 σπέρματος
717 4479 879 4550 ἡμῶν
931 4475 1292 4554 δημιουργία,
1340 4479 1436 4534 κᾶν
1496 4480 1554 4536 ἐκ
1609 4488 1743 4537 Θεοῦ
1788 4481 1889 4551 δη-

1999 1973 2156 2028 unde
2187 1991 2278 2028 res
2327 1975 2486 2046 ipsas
2516 1973 2742 2028 divinas
2790 1975 3152 2037 tractamus;
3185 1969 3284 2024 sed
3337 1983 3439 2038 per
3481 1966 3652 2036 signa
3743 1994 3748 1999 -

2001 2063 2356 2134 perﬁcimur,
2389 2063 2542 2118 sicut
2565 2062 2763 2118 colicis
2811 2060 3224 2122 benedictionis,
3267 2055 3653 2128 quemadmo-

2000 2157 2141 2207 dum
2173 2153 2255 2207 ait
2282 2153 2591 2224 Apostolus
2623 2153 2725 2224 (a),
2758 2156 2814 2206 et
2840 2152 3008 2220 panis
3042 2165 3200 2220 quem
3231 2150 3569 2218 frangimus,
3602 2147 3660 2198 et

2001 2241 2386 2304 reliquorum.

2077 2330 2170 2387 55
2206 2333 2462 2386 Delectas.
2496 2329 2555 2385 Id
2588 2331 2677 2384 est
2709 2333 2880 2397 notae,
2909 2330 2966 2382 et
2995 2337 3244 2397 qnarum
3276 2338 3472 2378 rerum
3506 2336 3660 2391 mys-

2005 2419 2404 2491 teriorumque
2435 2417 2554 2473 sint
2582 2416 2930 2472 indicativaz.

2075 2509 2430 2580 Nequaquam
2476 2507 2644 2562 alteri
2669 2505 3122 2562 communicabis.
3173 2500 3319 2568 Quia
3348 2499 3475 2555 sine
3506 2497 3656 2570 peri-

2003 2597 2136 2654 culo
2167 2614 2232 2653 ac
2261 2601 2393 2676 tuto,
2417 2595 2661 2668 mystica
2692 2594 2938 2650 dicenda
2970 2596 3128 2649 sunt.

2653 2702 2726 2758 IN
2767 2701 2922 2756 CAP.
2966 2700 3039 2754 Il.

1999 2801 2002 2804 ’
2077 2798 2104 2864 §
2137 2797 2178 2850 Ι.
2209 2794 2379 2865 Hujus
2404 2798 2614 2849 autem.
2648 2823 2715 2832 —
2745 2789 2976 2845 Scilicet
3004 2805 3138 2844 cum
3169 2787 3284 2842 Deo
3316 2783 3658 2841 similitudi-

2006 2884 2098 2940 nis
2129 2890 2186 2940 et
2217 2882 2520 2939 unitionis.

2079 2973 2368 3040 Quodnam
2395 2977 2472 3027 est
2505 2973 2681 3040 igitur
2720 2971 2974 3025 initium.
3027 2966 3407 3038 Principium,
3441 2961 3660 3034 inquit,

2003 3066 2062 3118 et
2091 3063 2182 3117 via
2212 3062 2283 3116 ad
2315 3060 2573 3116 divinam
2607 3057 3064 3114 familiaritatem
3092 3055 3511 3125 cmlestemque
3543 3050 3660 3106 bae-

2003 3151 2311 3206 reditatem
2346 3149 2578 3204 divinus
2609 3153 2696 3203 est
2727 3147 3078 3218 baptismus.
3112 3144 3340 3199 Etenim
3380 3143 3494 3197 nisi
3537 3139 3663 3213 quis

2003 3244 2232 3296 renatus
2260 3240 2436 3312 fuerit
2463 3255 2539 3294 ea:
2566 3254 2712 3309 aqua
2743 3248 2793 3291 et
2822 3238 3161 3309 spiritu,non
3190 3233 3394 3290 videbit
3424 3247 3658 3302 regnum

2006 3332 2103 3386 Dei
2128 3330 2223 3399 (b).
2256 3328 2460 3398 Itaque
2491 3327 2780 3383 formatur
2809 3325 3054 3380 interior
3102 3324 3276 3379 homo
3326 3322 3398 3376 ad
3448 3318 3659 3374 melio-

2003 3435 2124 3474 rem
2181 3419 2471 3482 babitum,
2505 3422 2563 3472 et
2609 3415 2927 3472 salutarem
2977 3414 3193 3484 Deique
3240 3411 3549 3467 verborum
3601 3411 3656 3463 et

2003 3524 2200 3564 rerum
2233 3505 2646 3579 aptitudinem.

2075 3687 2179 3756 Ea,
2212 3701 2336 3756 quae
2369 3693 2424 3742 et
2453 3688 2800 3740 ceterorum.
2832 3681 2970 3736 Tria
3019 3679 3286 3750 quaedam
3323 3675 3656 3732 necessaria

2002 3791 2132 3832 esse
2158 3775 2300 3830 dicit
2329 3776 2401 3829 ad
2433 3778 2858 3845 praeceptorum
2890 3768 3245 3842 principium
3273 3786 3287 3834 ;
3323 3781 3531 3836 nempe
3561 3764 3653 3818 di-

1999 3864 2272 3919 vinorum
2302 3862 2665 3934 Scriptorum
2700 3854 3650 3931 approbationem,institutionem

2003 3953 2210 4008 divinae
2269 3951 2426 4021 ﬁdei,
2476 3949 2773 4021 divinique
2813 3947 3089 4020 baptismi
3130 3942 3654 4017 regenerationem.

2001 4041 2151 4097 Bene
2171 4040 2352 4113 igitur
2369 4039 2651 4110 probavit,
2685 4035 3240 4110 praestantissimum
3267 4032 3656 4105 praecipuum-

2001 4147 2114 4202 que
2147 4130 2362 4185 mentis
2414 4134 2635 4185 motum
2668 4144 2795 4183 esse
2825 4127 2924 4182 Dei
2979 4124 3324 4180 charitatem
3352 4140 3364 4190 ;
3398 4127 3455 4178 et
3485 4121 3657 4194 quasi

2000 4221 2361 4292 principium
2415 4219 2712 4290 quoddam
2745 4233 2872 4272 esse
2908 4215 3216 4271 cbaritatis
3266 4213 3364 4268 Dei
3396 4213 3655 4267 divinam

2001 4310 2185 4365 nostri
2217 4306 2671 4375 creationem,id
2702 4312 2794 4362 est
2824 4322 2926 4378 per
2957 4304 3319 4375 baptismum
3353 4317 3656 4373 regenera-

2000 4398 2245 4466 tionem,
2279 4414 2394 4469 qua
2425 4397 2608 4452 divini
2640 4412 2769 4451 esse
2798 4395 3152 4464 incipimus;
3184 4389 3369 4446 nostri
3400 4389 3557 4444 enim
3589 4405 3657 4443 ex

2001 4486 2225 4542 semine
2257 4483 2867 4558 productio,quamvis
2898 4483 3013 4537 Dco
3045 4480 3403 4552 producente
3433 4478 3654 4544 ﬁat,ta-

234 4569 631 4639 μιουργοῦντος
676 4567 734 4636 ᾖ,
787 4565 913 4620 ἀλλ’
944 4567 1034 4620 οὖν
1091 4571 1286 4644 φυσική
1333 4569 1494 4624 ἐστιν·
1528 4573 1562 4640 ἡ
1599 4569 1655 4626 δὲ
1687 4571 1745 4627 ἰκ
1790 4573 1890 4648 βα-

2015 4591 2136 4630 men
2161 4575 2448 4631 naturalis
2476 4578 2565 4630 est
2594 4592 2608 4642 ;
2643 4590 2710 4628 ea
2737 4577 2930 4628 autem
2965 4587 3091 4641 quin
3123 4585 3191 4623 ex
3223 4567 3536 4639 baptismo,
3569 4565 3655 4618 di-

231 4653 540 4724 πτίσματος
596 4655 727 4708 θεία*
785 4654 847 4709 οὗ
899 4656 1000 4731 γὰρ
1053 4655 1104 4727 ἐξ
1153 4659 1398 4730 αἱμάτων
1449 4657 1616 4729 ἐστὶν,
1651 4659 1776 4716 οὐδὲ
1831 4661 1890 4717 ἐκ

235 4740 555 4814 θελήματος
608 4740 817 4818 ἀνδρός.
868 4747 1071 4820 Ὥσπερ
1103 4747 1192 4800 οὗν
1227 4745 1280 4800 ἐν
1311 4751 1378 4821 τῇ
1411 4753 1610 4823 φυσικῇ
1641 4753 1886 4824 γεννήσει

234 4826 319 4885 δεῖ
349 4836 570 4906 πρῶτον
609 4833 835 4907 ὑπάρξαι
883 4831 958 4895 είς
999 4834 1060 4888 τὸ
1108 4837 1260 4908 εἶναι,
1291 4837 1380 4890 καὶ
1425 4837 1548 4893 τότε
1603 4837 1888 4915 ἐνεργῆσαι

231 4920 300 4972 τὰ
343 4918 698 4990 κατάλληλα,
728 4922 818 4976 καὶ
872 4923 1086 4993 παθεῖν,
1138 4927 1253 4979 οἷον
1305 4926 1621 5002 ἀνθρώπους
1672 4929 1764 5001 μὲν
1823 4930 1890 4985 τὰ

233 5006 436 5080 οἰκεῖα,
490 5007 664 5085 ἄλογα
711 5008 769 5065 δὲ
799 5012 844 5047 ⁸⁸
875 5010 1083 5082 ὁμοίως
1127 5016 1193 5067 τά
1238 5015 1541 5093 πρόσφοραο
1603 5018 1745 5073 οὕτω
1797 5020 1886 5074 καὶ

228 5095 283 5152 ἐν
314 5101 388 5161 τῇ
437 5098 551 5169 θείᾳ
578 5103 674 5154 τοῦ
720 5098 1092 5175 βαπτίσματος
1138 5103 1488 5179 ἀναγεννήσει
1538 5103 1620 5161 δεῖ
1669 5112 1882 5184 πρῶτον

303 5281 382 5353 (α)
418 5281 440 5336 1
473 5283 600 5338 Cor.
633 5299 690 5350 κ,
731 5284 812 5340 16.
893 5283 966 5355 (b)
998 5286 1165 5340 Joan.
1199 5300 1284 5353 III,
1315 5285 1369 5343 5.

1450 5288 1558 5358 (ὑί)
1583 5288 1754 5347 Joan.
1791 5307 1830 5362 ι,
1867 5291 1954 5348 13.

1997 4665 2133 4719 vina
2168 4682 2180 4720 :
2215 4680 2323 4719 non
2355 4663 2514 4719 enim
2547 4679 2616 4718 ex
2646 4663 3010 4732 sanguinibus
3041 4666 3148 4725 est,
3179 4673 3277 4712 nec
3304 4673 3373 4712 ex
3401 4655 3656 4710 volunta-

1996 4757 2050 4808 te
2079 4755 2188 4809 viri
2213 4753 2418 4825 (b').Ut
2450 4752 2629 4824 igitur
2660 4751 2719 4805 in
2753 4749 3006 4805 naturali
3040 4754 3169 4804 ortu
3208 4749 3434 4816 oportet
3466 4743 3654 4813 primo

1998 4843 2277 4899 exsistere
2306 4842 2623 4909 nascendo,
2656 4845 2712 4896 et
2741 4840 2952 4896 deinde
2983 4843 3110 4892 tum
3153 4837 3390 4890 demum
3424 4830 3654 4903 operari

1999 4932 2424 5000 convenientia,
2458 4937 2514 4988 et
2545 4929 2662 5002 pati
2689 4947 2702 4997 ;
2738 4934 2802 4984 ut
2833 4927 3100 4982 homines
3133 4924 3368 4995 quidem
3398 4919 3653 4993 pr0pria,

1997 5021 2173 5077 bruta
2201 5038 2335 5077 vero
2367 5020 2658 5085 similiter,
2691 5015 3080 5089 (hominibus)
3112 5012 3279 5068 utilia
3312 5028 3325 5065 :
3358 5011 3443 5065 sic
3474 5010 3532 5064 in
3566 5009 3653 5064 di-

1996 5115 2134 5166 vlna
2164 5109 2442 5182 baptismi
2499 5105 2941 5178 regeneratione
2990 5106 3220 5174 oportet
3255 5099 3506 5173 primum
3539 5098 3653 5155 Deo

1244 5465 1480 5524 VARIE
1521 5467 1920 5524 LECTIONES
1959 5469 2052 5524 ET
2092 5463 2654 5525 CORRECTIONES.

315 5574 368 5662 ’f
393 5575 832 5662 παραδεδομένα.
879 5579 1135 5662 ,πτοῦτό
1165 5581 1441 5662 φησινλὸτι
1495 5582 1556 5639 οὔ
1586 5588 1824 5662 γυμνῷς.
1875 5586 1947 5662 ‘9‘
1971 5577 2296 5662 τελοιξμεθα.
2374 5583 2418 5619 ³⁸
2466 5578 2633 5635 οἷονεί
2677 5583 2780 5649 τῆς
2825 5577 2962 5654 πρὸς
3014 5578 3141 5634 Θεὸν
3202 5571 3511 5643 ἀναϐάσεως
3563 5571 3651 5630 καὶ

245 5645 480 5724 ἀγάπηςζ
514 5645 922 5722 Quodammodo
951 5645 1204 5713 ascensus
1227 5645 1293 5712 in
1333 5657 1505 5714 Deum
1534 5645 1890 5714 ct'ct'taritati:

2015 5645 2155 5711 ἰλλᾶ
2179 5652 2255 5712 δέ.
