4042 6210
378 371 482 426 123

1197 373 1564 427 APPENDIX
1602 369 1702 424 AD
1737 369 1981 425 OPERA
2017 368 2074 421 Β.
2116 365 2434 422 DIONYSII
2473 370 2976 425 AREOPAGITE.

3690 373 3802 427 124

375 494 678 566 exsistere,
727 495 938 551 deinde
966 495 1095 566 ejus
1131 471 1491 551 ‘charitatem
1541 491 1792 566 operari,
1833 494 1891 546 et
1919 506 2027 546 cm-

2175 490 2258 558 ιεῷ
2287 487 2538 562 ὑπάρξαι,
2567 489 2656 544 καὶ
2710 489 2832 546 τότε
2880 490 3163 566 ἐνεργῆσαι
3203 489 3302 560 τήν
3355 491 3572 566 ἀγάπην
3605 493 3808 562 αὐτοῦ,

374 588 500 640 tera
532 585 604 639 ad
635 585 781 641 bene
809 585 1123 641 vivendum
1157 583 1565 640 conducentia.

452 674 516 730 Ut
547 674 698 728 enim
729 675 991 745 inclytus.
1025 674 1267 729 Beatum
1299 671 1681 728 Hierotheum
1715 668 2039 738 dicit,sicut

378 778 528 832 saepe
559 763 617 817 in
653 762 1114 834 praecedentibus
1147 762 1520 818 sermonibus
1552 759 1893 816 declaravit.

447 852 642 907 Prima
698 852 890 909 motio.
951 850 1232 916 Quisnam
1293 851 1375 907 sit
1427 849 1761 923 praecipuus
1822 846 2034 902 mentis

379 944 598 996 motus.

447 1029 680 1085 Divinas
734 1038 927 1087 status.
961 1031 1026 1086 Id
1086 1033 1173 1086 est
1232 1027 1596 1102 regeneratio
1655 1045 1757 1101 per
1810 1025 2036 1099 baptis‘

378 1135 565 1175 mum.

446 1207 912 1279 Ine/fabiiissima.
948 1207 1011 1262 Id
1063 1211 1154 1263 est
1183 1223 1288 1278 per
1335 1206 1698 1279 baptismum
1746 1205 1951 1277 reﬁngi
1981 1197 2040 1260 et

377 1296 729 1368 regenerari,
754 1296 910 1352 sicut
938 1301 1140 1369 postea
1169 1298 1429 1368 exponit.

450 1387 728 1442 Exsistere
772 1394 1000 1458 oportet.
1033 1385 1196 1451 Quod
1252 1385 1657 1442 exsistentiam
1687 1385 1790 1442 50
1827 1399 2041 1441 secun-

377 1475 520 1530 dum
554 1480 852 1545 naturam,
885 1475 1083 1548 ipsum
1135 1476 1462 1532 secundum
1499 1490 1626 1531 eam
1677 1472 1906 1547 operari
1947 1489 2038 1529 se-

379 1569 614 1635 quatur.

451 1654 667 1711 Divinas
696 1655 1149 1724 regenerationis.
1184 1657 1306 1709 Hoc
1339 1656 1428 1709 est
1458 1652 1760 1725 baptismi.

448 1743 487 1797 Α
520 1743 631 1798 sole
683 1744 993 1813 fabricatis.
1048 1742 1479 1815 Splendoribus
1531 1759 1680 1814 quos
1725 1740 1811 1798 sol
1854 1740 2037 1816 facit:

376 1829 599 1886 indicat
628 1837 827 1888 autem
859 1832 1076 1889 radios.

448 1919 579 1992 ἕΙΙ.
645 1922 871 1980 Oxiam.
929 1919 1079 1976 Nota
1135 1936 1407 1992 quaenam
1466 1919 1806 1976 acciderunt
1861 1918 2030 1988 Ozits,

377 2011 518 2065 Core
547 2013 604 2065 et
632 2009 857 2068 Nadab.

445 2099 766 2171 Evangelia.
799 2104 1079 2167 Quasnam
1111 2115 1245 2155 vere
1275 2099 1430 2155 bona
1454 2097 1681 2154 nuntia.

445 2190 898 2246 Humanitatem.
929 2188 1076 2245 Nota
1105 2189 1178 2245 de
1207 2187 1668 2260 dispensatione,
1701 2202 1803 2244 seu
1846 2186 2030 2242 incar-

389 2277 507 2333 nati
516 2293 644 2333 one.

445 2365 824 2436 Couformare.
888 2365 996 2423 Per
1049 2366 1224 2423 ﬁdem
1283 2365 1526 2434 scilicet,
1604 2365 1760 2422 sicut
1829 2368 2032 2436 postea

375 2460 687 2511 monstrat.

443 2545 554 2612 Qui
602 2528 801 2601 horum
845 2547 1024 2600 amat.
1077 2548 1221 2600 Eum
1269 2543 1372 2616 qui
1423 2559 1611 2616 nuper
1657 2542 1929 2612 credidit,
1975 2546 2032 2598 et

370 2631 662 2686 illustrari
707 2633 912 2699 voluit,
964 2632 1153 2689 dicit:
1207 2633 1505 2688 initiatum
1561 2637 1782 2702 autem,
1836 2633 1894 2688 id
1942 2635 2033 2689 est

373 2719 795 2792 Christianum,
829 2725 886 2776 et
916 2719 1016 2792 qui
1047 2721 1300 2792 perfecte
1328 2720 1533 2776 credit.

447 2810 566 2881 Ipse
595 2817 783 2865 autem
815 2811 1045 2880 integre.
1084 2810 1159 2864 De
1191 2825 1346 2863 nunc
1377 2808 1532 2863 dicto
1575 2817 1910 2881 susceptore
1942 2826 2031 2865 re-

374 2901 578 2952 center
607 2897 1058 2966 illustratorum,
1091 2913 1190 2952 seu
1224 2897 1672 2968 baptizatorum.

445 2985 697 3056 Obsequi.
729 2987 1060 3042 Secundum
1094 2983 1237 3041 illud
1287 2986 1439 3057 quod
1491 2987 1545 3039 in
1596 2985 1721 3058 lege
1771 2987 2026 3043 dicitur:

369 3077 438 3130 In
469 3074 747 3132 omnibus
777 3075 1089 3132 audiemus
1115 3092 1315 3132 vocem
1347 3076 1602 3132 Domini.

443 3163 744 3236 Suscipere.
799 3169 944 3220 Eum
978 3165 1079 3236 qui
1134 3170 1376 3236 rogatus
1405 3171 1515 3238 est,
1567 3170 1634 3222 ut
1682 3167 2026 3239 susciperet,

382 3253 538 3310 unde
567 3253 744 3310 etiam
775 3258 1082 3324 susceptor
1113 3253 1344 3311 dicitur.

441 3343 731 3398 Summum
760 3343 1116 3398 sacerdotem.
1154 3344 1214 3398 Id
1249 3348 1339 3400 est
1365 3344 1735 3416 episcopum.

437 3434 464 3499 §
497 3433 587 3487 [ΙΙ.
625 3433 865 3488 Duorum
895 3433 1160 3489 virorum.
1194 3433 1289 3488 Sic
1337 3437 1746 3504 componenda
1787 3438 1874 3489 est
1904 3433 2027 3490 haec

371 3521 665 3577 sententia
697 3538 710 3576 :
740 3525 896 3577 Duos
943 3521 1122 3590 viros,
1152 3523 1320 3593 quasi
1376 3522 1434 3576 in
1465 3523 1743 3578 humeros
1788 3539 1890 3578 ove
1921 3523 2028 3578 im-

367 3609 582 3681 posita,
617 3615 680 3665 ut
711 3610 788 3667 sit
817 3626 886 3666 ex
915 3610 1149 3666 duobus
1182 3609 1904 3683 hominibus,susceptore
1936 3612 2028 3666 in-

365 3715 543 3770 quam
604 3703 662 3755 et
719 3699 1052 3769 accedente,
1103 3699 1258 3755 intra
1307 3699 1638 3770 ecclesiam,
1695 3701 2028 3774 suscipiens

363 3788 522 3844 hunc
571 3792 852 3860 tanquam
899 3805 1061 3846 ovem
1111 3789 1429 3862 perditam,
1460 3791 1588 3862 ipso
1639 3785 2028 3862 (susceptore)

363 3877 522 3934 hunc
554 3878 627 3933 ab
657 3895 850 3935 errore
883 3884 1276 3936 convertente.
1297 3883 1620 3952 Susceptor
1649 3879 1805 3934 enim
1838 3879 2031 3937 ﬁdeLs

365 3966 510 4031 erat,
532 3981 637 4020 nec
665 3966 716 4019 ei
749 3970 874 4021 erat
905 3982 1145 4022 necesse
1176 3967 1445 4035 admitti;
1481 3983 1637 4022 nunc
1667 3967 1890 4038 gratias
1909 3971 2031 4040 agit

364 4050 482 4106 Deo
534 4052 866 4123 episcopus.
901 4054 959 4108 Si
1010 4054 1167 4109 enim
1201 4055 1284 4110 ita
1333 4060 1739 4126 componatur,
1771 4057 2023 4114 duorum

364 4137 625 4194 virorum
658 4140 1007 4213 suscipiens,
1043 4141 1217 4213 plane
1247 4141 1616 4199 soloecismus
1645 4145 1774 4200 erit.

437 4226 572 4296 [Vox
619 4223 841 4304 ἓσὲφθη,
875 4228 966 4285 hic
1007 4231 1241 4302 ponitur
1287 4247 1388 4302 pro
1419 4226 1679 4302 ἐσεϐάσθη
1732 4238 2026 4290 veneratus

363 4314 490 4384 est].

437 4402 717 4474 Spiritati,
749 4421 844 4461 seu
873 4407 1125 4463 mentali.
1153 4405 1463 4463 Mentalem
1497 4409 1816 4482 gratiarum
1850 4409 2024 4466 actio-

366 4509 503 4548 nem
537 4493 676 4548 dicit
727 4495 966 4551 tacitam
1015 4500 1073 4552 et
1120 4513 1248 4568 quae
1299 4501 1493 4555 mente
1540 4498 1606 4554 ﬁt
1637 4513 1651 4554 :
1687 4514 2022 4570 corpoream

362 4597 498 4638 vero
529 4581 824 4640 inclinans
859 4589 1055 4656 caput,
1087 4589 1143 4640 et
1174 4585 1357 4642 Deum
1390 4587 1662 4643 adorans.

435 4671 463 4738 §
496 4670 588 4726 IV.
622 4674 853 4729 Omnem
881 4688 1105 4728 sacrum
1137 4674 1535 4733 ordinem.Hoc
1566 4681 1656 4731 est
1686 4675 2024 4734 universum

362 4756 609 4815 clerum.

433 4850 712 4921 Ilymnum
741 4848 1005 4922 aliquem.
1039 4851 1187 4907 Nota
1217 4868 1286 4908 ex
1321 4852 1480 4908 omni
1514 4853 1814 4926 Scriptura
1854 4871 2026 4926 posse

363 4935 648 5008 hymnum
682 4943 739 4995 et
768 4937 1000 4995 laudem
1034 4941 1226 4996 oﬂ‘erri
1259 4941 1396 5006 Deo,
1420 4958 1535 4996 non
1571 4943 1773 5014 utique
1803 4959 1871 4998 ex
1902 4943 2025 5000 solo

362 5028 598 5082 Davide.
625 5028 932 5098 Praeterea,
969 5029 1255 5102 hymnum
1291 5029 1572 5100 aliquem,
1597 5034 1698 5085 aut
1730 5032 2024 5088 canticum

363 5113 558 5169 Mariae
614 5116 829 5189 Moysis
881 5117 1123 5186 sororis,
1179 5119 1474 5174 Cantemus
1528 5119 1763 5173 Domino
1797 5120 1883 5190 (c),
1936 5136 2022 5190 vel

365 5201 659 5271 psalmum
720 5207 1087 5279 trigesimum
1147 5208 1389 5263 tertium
1450 5207 1707 5278 Davidis,
1742 5214 1842 5265 aut
1897 5211 2026 5281 ejus

357 5294 590 5361 partem
624 5308 638 5348 :
674 5294 938 5352 Accedite
967 5296 1046 5354 ad
1075 5314 1226 5368 eum,
1258 5305 1311 5354 et
1342 5298 1773 5354 illuminamini.

442 5442 516 5516 (ε)
550 5443 730 5504 Exod.
763 5463 858 5518 xv,
891 5448 945 5505 l.

2144 575 2233 630 καὶ
2263 577 2330 632 τὰ
2359 575 2532 633 λοιπᾶ
2569 579 2708 652 πρὸς
2740 577 2990 648 εὐζωΐαν.

2215 666 2303 727 Ὠς
2329 665 2429 742 γὰρ
2462 667 2489 720 6
2515 665 2746 729 κλεινός.
2783 669 2886 724 Τὸν
2925 668 3190 745 μακάριον
3222 665 3486 745 Ἰερὸθεον
3520 668 3690 747 λέγει,
3721 673 3805 734 ὡς

2145 753 2420 816 πολλάκις
2451 752 2728 826 ἐδήλωσεν
2763 755 2812 811 ἐν
2845 763 2962 819 τοῖς
2993 758 3225 834 πρόσθεν
3259 755 3471 836 λόγοις.

2221 843 2507 918 Πρωτίστη
2541 846 2773 916 κίνησις.
2804 845 2897 910 Τίς
2927 848 2961 915 ἡ
2995 845 3264 923 ἐξαίρετός
3295 847 3406 903 ἐστι
3455 848 3668 920 κίνησις
3698 855 3806 904 τοῦ

2145 952 2263 988 νου.

2217 1022 2280 1078 Ἦ
2311 1025 2406 1076 τοῦ
2439 1023 2571 1077 εἶναι
2623 1022 2803 1087 θείως.
2835 1022 3120 1080 Τουτὲστιν
3147 1026 3183 1096 ἠ
3217 1022 3308 1081 διὰ
3351 1029 3450 1080 τοῦ
3486 1025 3808 1101 βαπτίσμα-

2144 1131 2238 1172 τος
2270 1109 2642 1186 ἀναγέννησις.

2219 1200 2233 1220 9
2299 1198 2350 1218 DQ
2512 1201 2523 1218 1
3026 1203 3041 1221 \
3170 1204 3184 1222 ε
3409 1203 3419 1223 Ι

2239 1205 2622 1274 Αρρητοτατη.
2678 1202 2930 1258 Τουτὲστι
2988 1223 3050 1258 το
3107 1200 3197 1258 δια
3256 1205 3634 1279 βαπτισματος
3680 1204 3809 1261 ἀνα.

2147 1285 2454 1356 πλασθῆναι
2485 1289 2574 1343 καὶ
2608 1289 3050 1364 ἀναγεννηθῆναι,
3078 1292 3152 1354 ὡς
3183 1288 3348 1363 δηλοῖ
3377 1291 3591 1366 ἐφεξῆς.

2217 1376 2470 1451 Ὑπάρξαι
2502 1373 2604 1434 δεῖ.
2634 1380 2760 1435 ’Ὁτι
2790 1377 3081 1435 ἀκολουθεῖ
3107 1384 3175 1455 τῇ
3202 1381 3338 1437 κατὰ
3363 1381 3520 1460 φύσιν
3552 1381 3803 1458 ὑπάρξει,

2147 1463 2210 1518 τὸ
2239 1466 2356 1519 κατ’
2383 1464 2548 1534 αὐτὴν
2582 1465 2836 1543 ἐνεργεῖν.

2222 1643 2589 1720 Θεογινεσίας.
2619 1647 2879 1703 Τουτὲστι
2908 1652 3004 1704 τοῦ
3038 1646 3429 1723 βαπτίσματος.

2220 1733 2646 1797 Ἣλιοτεύκτοις.
2701 1741 2830 1798 Ταῖς
2879 1735 3066 1812 αὐγαῖς
3119 1735 3178 1799 ἃς
3229 1738 3258 1792 6
3287 1736 3450 1807 ἥλιος
3500 1741 3543 1777 ³⁷
3589 1738 3801 1815 τεύχειο

2062 1861 2111 1927 Β
2151 1818 2319 1892 δηλοῖ
2349 1820 2405 1879 Si
2430 1822 2526 1884 τὰς
2557 1823 2796 1886 ἀκτῖνας.

2210 1914 2238 1981 §
2267 1913 2338 1969 ΙΙ.
2373 1911 2480 1969 Τὸν
2514 1913 2610 1984 μὲν
2643 1912 2841 1982 Ὀζίαν·
2870 1914 3186 1986 Σημείωσαι
3209 1916 3276 1970 τὰ
3294 1914 3430 1971 κατὰ
3459 1916 3552 1971 τὸν
3590 1914 3804 1986 Ὀζίαν,

2138 2000 2229 2055 καὶ
2260 2001 2351 2056 τὸν
2386 2001 2550 2076 Κορὲ,
2583 2000 2673 2057 καὶ
2704 2003 2794 2058 τὸν
2826 1998 3034 2061 Ναδάϐ.

2211 2089 2542 2166 Εὐαγγὲλια.
2573 2092 2712 2149 Τίνα
2742 2089 3031 2168 εὐαγγέλια
3060 2091 3307 2163 ἀληθῶς.

2215 2175 2658 2254 Φιλανθρωπίαν.
2694 2179 3012 2252 Σημείωσαι
3043 2181 3167 2258 περὶ
3206 2188 3307 2251 τῆς
3337 2181 3684 2256 οἰκονομίας.

2208 2361 2610 2434 Ἀφομοιῶσαι.
2657 2362 2755 2416 Διὰ
2799 2365 2902 2427 τῆς
2949 2363 3184 2426 πίστεως
3235 2360 3519 2436 δηλονότι,
3554 2363 3630 2425 ὡς
3663 2362 3797 2438 ἐφι-

2141 2447 2232 2518 ξῆς
2265 2445 2498 2522 [δηλοῖ].

2212 2538 2293 2610 [α]
2345 2539 2404 2596 Ὁ
2473 2537 2679 2593 τούτων
2755 2538 3056 2615 ἀγαπήσας.
3133 2541 3237 2598 Τὸν
3303 2540 3496 2596 νεωστὶ
3570 2542 3796 2597 πιστιῦ-

2141 2647 2298 2680 σαντα
2329 2627 2416 2680 καὶ
2469 2625 2697 2682 θέλοντα
2730 2628 3064 2706 φωτισθῆναί
3113 2649 3264 2708 φησι*
3303 2631 3657 2704 μεμυημένον
3708 2629 3791 2700 δὶ,

2138 2713 2380 2770 τουτέστι
2410 2717 2752 2791 Χριστιανὸν,
2782 2717 2873 2773 καὶ
2898 2716 3122 2781 τελείως
3152 2718 3366 2778 πιστόν.

2327 2804 2498 2867 Αὐτὸς
2570 2803 2627 2860 δὲ
2685 2805 2913 2868 ὁλικῶς·
2971 2809 3099 2882 Περὶ
3159 2812 3260 2864 τοῦ
3314 2809 3431 2863 νυνὶ
3484 2807 3788 2884 λεγομένου

2138 2891 2413 2968 ἀναδόχου
2441 2898 2547 2948 τῶν
2581 2895 2980 2972 νεοφωτίστων.
3018 2895 3028 2905 ’

2213 2984 2284 3059 [γ]
2339 2983 2861 3055 Ἐπακολουθησειν.
2919 2984 3065 3040 Κατὰ
3126 2986 3190 3041 τὸ
3248 2985 3535 3060 εἰρημένον
3595 2985 3649 3042 ἐν
3709 2992 3792 3060 τῷ

2135 3071 2311 3144 νόμῳ·
2341 3071 2494 3128 Κατὰ
2521 3072 2697 3128 πάντα
2723 3073 3065 3146 ἀκουσόμεθα
3093 3077 3190 3147 τῆς
3222 3083 3410 3151 φωνῆς
3443 3075 3660 3150 Κυρίου.

2210 3156 2283 3233 [δ]
2317 3157 2715 3233 Ἀναὸἑξασθαι.
2762 3161 2861 3217 Τὸν
2913 3161 3201 3231 αἴτηθίντα
3247 3160 3613 3235 ἀναδέξασθαν
3663 3164 3788 3229 ὅθεν

2059 3233 2102 3300 Ο
2140 3249 2228 3303 καί
2261 3247 2528 3324 ἀνάδοχος
2561 3249 2796 3327 Λέγεται.

2211 3338 2511 3415 Ἱεραρχίας
2541 3339 2852 3414 ἐπώνυμον.
2886 3340 3172 3418 Ἱεράρχην
3205 3338 3445 3412 δηλαδή,

2209 3432 2364 3498 §llI.
2413 3430 2480 3502 [ε]
2530 3434 2654 3483 Τοῖν
2708 3425 2948 3502 ἀνδροῖν.
2997 3432 3124 3486 ’Ότι
3177 3430 3319 3486 οὕτω
3379 3428 3463 3485 δεῖ
3521 3433 3790 3486 συνθεῖναι

2137 3517 2234 3585 τὴν
2271 3516 2447 3593 ῥῆσιν·
2481 3523 2604 3571 Τοῖν
2654 3515 2896 3593 ἀνδροῖν,
2947 3517 3020 3580 ὡς
3068 3518 3149 3573 ἔπ’
3201 3515 3371 3593 ὤμων
3401 3520 3461 3574 τὸ
3511 3515 3792 3594 πρόϐατον

2139 3603 2529 3677 εἷσδεξάμενος,
2557 3603 2650 3658 ’ίνα
2760 3608 2817 3660 ἐκ
2861 3607 2969 3660 τῶν
3013 3604 3107 3662 δύο
3159 3605 3394 3681 ἀνδρῶν,
3424 3611 3525 3662 τοῦ
3569 3629 3630 3664 τε
3659 3608 3787 3664 ἀνα-

2138 3690 2310 3768 δόχου
2343 3695 2487 3770 φημὶ
2516 3693 2606 3747 καὶ
2642 3686 2752 3748 τοῦ
2800 3694 3224 3770 προσελθόντος,
3256 3691 3384 3751 εἷ’σω
3429 3703 3532 3766 τῆς
3577 3697 3785 3768 ἐκκλη-

2139 3781 2279 3854 σίας⁹
2329 3779 2616 3856 δεξάμενος
2675 3783 2845 3853 αὐτὴν
2906 3787 2948 3820 ⁸⁸
2997 3785 3072 3847 ὡς
3128 3780 3402 3861 πρόϐατον
3461 3784 3784 3849 ἀπολωλός’

2136 3871 2300 3926 αὐτοῦ
2356 3876 2547 3928 τοῦτον
2600 3872 2659 3928 ἐκ
2729 3871 2940 3944 πλάνης
3008 3872 3420 3950 ἐπιστρέφοντος
3472 3878 3536 3912 ’9'
3597 3877 3628 3929 6
3683 3876 3785 3952 γὰρ

2135 3957 2408 4036 ἀνάδοχος
2461 3961 2653 4024 πιστὸς
2679 3962 2768 4034 ἧν,
2801 3963 2891 4016 καὶ
2942 3961 3041 4016 οὐκ
3087 3959 3260 4018 ἐδεῖτο
3292 3961 3660 4038 εἰσδεχθῆναιο
3695 3969 3785 4018 νῦν

2137 4049 2450 4125 εὐχαριστεῖ
2477 4055 2554 4123 τῷ
2586 4055 2703 4122 Θεῷ
2733 4052 2760 4105 6
2793 4051 2988 4125 ἱερεύς.
3035 4051 3096 4108 Εἰ
3145 4051 3250 4127 γὰρ
3300 4052 3443 4107 οὕτω
3482 4053 3786 4126 συντεθείη,

2133 4142 2246 4192 τοῖν
2277 4135 2493 4213 ἀνδροῖν
2527 4137 2925 4212 εἷ’σὸεξάμενος,
2959 4139 3214 4196 σολοικὸν
3243 4137 3390 4197 ἔσται
3421 4143 3580 4199 πάνυ.

2207 4229 2479 4305 [Ἐσὲφθη,
2512 4228 2630 4285 ἀντὶ
2663 4233 2757 4284 τοῦ
2787 4223 3098 4302 ἐσεϐάσθη.]

2208 4407 2306 4462 Διὰ
2334 4413 2548 4482 νοερᾶς.
2583 4408 2782 4483 Νοερὰν
2816 4407 3168 4485 εὐχαριστίαν
3201 4408 3333 4488 φησὶ
3359 4410 3459 4480 τήν
3492 4409 3788 4481 σιωπηλήν

2133 4497 2222 4552 καὶ
2257 4495 2307 4552 ἐν
2339 4500 2420 4570 τῷ
2448 4501 2528 4570 νῷ
2572 4496 2884 4574 γινομένην·
2944 4497 3292 4571 σωματοειδῆ
3321 4497 3400 4572 δὲ,
3431 4499 3635 4556 κλίνων
3683 4502 3789 4571 τήν

2057 4591 2104 4656 D
2139 4589 2205 4624 10°
2234 4584 2477 4664 κεφαλήν
2510 4587 2599 4641 καὶ
2631 4591 2948 4662 προσκυνῶν
2976 4587 3067 4642 τὸν
3097 4588 3246 4646 Θεόν.

2206 4679 2233 4745 §
2263 4677 2356 4732 IV.
2390 4680 2568 4730 Πᾶσαν
2604 4675 2750 4753 ἱερὰν
2784 4669 3168 4748 διακόσμησιν,
3201 4677 3486 4735 Τουτέστιν
3520 4676 3649 4734 ὅλον
3691 4680 3785 4736 τὸν

2133 4763 2361 4839 κλῆρον.

2209 4855 2281 4926 [ζ]
2335 4855 2538 4926 Ὕμνον
2589 4854 2729 4912 τινά,
2792 4855 3134 4930 Σημείωσαι,
3195 4857 3279 4910 δτι
3333 4853 3393 4910 ἐκ
3443 4858 3624 4927 πάσης
3678 4859 3786 4922 τῆς

2134 4949 2354 5020 Γραφῆς
2404 4940 2628 4998 δυνατὸν
2681 4945 2849 5018 ὕμνον
2898 4946 3221 5021 προσφέρειν
3271 4949 3351 5018 τῷ
3401 4949 3536 5017 Θεῷ,
3577 4943 3640 4998 οὗ
3675 4946 3785 5017 μήν

2137 5031 2195 5088 ἐκ
2230 5031 2399 5103 μόνου
2428 5036 2526 5086 τοῦ
2558 5030 2738 5089 Δαιῖίὸ.
2771 5032 2999 5097 Ἀλλως
3052 5033 3225 5106 ὕμνον
3263 5034 3404 5103 τινὰ,
3435 5033 3470 5102 ἢ
3501 5035 3601 5102 τήν
3633 5031 3785 5106 ᾠδήν

2135 5120 2345 5188 Μαρίας
2389 5127 2489 5190 τῆς
2538 5118 2779 5198 ἀδελφῆς
2837 5120 3098 5194 Μωσέως,
3148 5125 3403 5194 ’ᾍσωμιν
3445 5127 3526 5194 τῷ
3573 5120 3786 5197 Κυρίῳ⁹

2135 5211 2170 5280 ἢ
2199 5210 2292 5264 τὸν
2321 5210 2642 5284 τριακοστὸν
2669 5210 2850 5285 τρίτον
2895 5214 2993 5264 τοῦ
3045 5208 3207 5265 Δαυὶδ
3256 5208 3500 5285 ψαλμὸν,
3531 5212 3566 5281 ἢ
3623 5210 3790 5286 μέρος

2133 5299 2372 5372 τούτου,
2431 5296 2767 5374 Προσέλθετε
2830 5299 2968 5374 πρὸς
3025 5298 3226 5370 αὐτὸν,
3292 5299 3384 5354 καὶ
3455 5298 3790 5377 φωτίσθητι.

1372 5566 1610 5624 νΑΙιιλΕ
1648 5566 2038 5626 LECTIONES
2074 5567 2164 5625 ET
2201 5569 2766 5630 CORRECTIONES.

433 5677 476 5712 ’7
504 5676 599 5738 τὰς
634 5674 798 5751 αὐγὰς
830 5678 890 5740 ἃς
922 5679 948 5733 6
982 5677 1164 5747 ἥλιός.
1240 5682 1283 5716 9⁸
1315 5678 1494 5736 αὐτόν.
1573 5681 1617 5718 '9
1643 5679 2079 5757 ἐπιστρέφοντος.
2160 5686 2229 5724 ¹⁰⁰
2259 5684 2645 5758 προσκύνησιν,
2679 5680 2867 5754 ἐπειδὴ
2895 5682 3066 5742 κλίνει
3098 5687 3220 5758 τήν.
