4042 6210
239 311 349 367 125

957 321 1014 374 Β.
1056 319 1328 374 MAXIM!
1367 323 1678 378 SCHOLIA
1713 325 1788 379 IN
1825 324 1962 376 LIB.
2000 323 2098 376 DE
2135 323 2425 377 BCCLBS.
2468 325 2942 379 HIEBARCHIA.

3560 323 3666 376 126

307 433 538 504 Ὀλικὴν
592 438 862 512 γενέσθαι.
942 438 1167 510 Ὀλικῆν
1257 441 1611 519 προσέλιυσιν
1683 444 1782 512 τήν
1839 441 1888 516 ἐξ

2077 445 2173 501 57
2210 445 2425 515 Integer
2455 447 2554 502 ille
2578 446 2982 518 esl.Integrum
3014 460 3337 516 accessum,
3361 449 3419 502 et
3443 448 3663 503 adven-

235 523 381 594 ὅλης
410 527 599 601 ψυχῆς
633 548 708 604 φη
718 547 793 584 σι.

309 612 546 670 Κελεύει
598 619 718 676 τοῖς
775 616 996 691 ἱερεῦσι.
1047 620 1389 693 Σημείωσαι,
1449 619 1530 676 ὅτι
1581 623 1745 695 ἱερεῖς
1802 641 1899 675 κα-

238 703 328 759 λεῖ
384 705 514 766 τοὺς
586 699 1002 776 ὖποϐεϐηκότας
1076 711 1184 762 τῶν
1264 708 1602 782 ἰπισκόπων,
1657 711 1900 766 τουτέστι

234 791 371 856 τοὺς
402 788 831 870 πρεσϐυτέρους,
875 796 963 850 καὶ
1021 794 1306 861 διακόνους
1352 799 1548 864 αὐτοὺς
1576 797 1748 862 οὕτως
1784 799 1904 855 ὄνο-

242 885 435 958 μέζων
475 902 490 916 ⁸
548 883 705 939 αὐτοὶ
766 884 871 960 γὰρ
922 884 1426 966 ὀνοματογραφοῦσι
1471 889 1602 954 τοὺς
1646 888 1900 968 νεοφωτί·

235 993 405 1035 στους
412 1015 428 1030 ο

307 1081 460 1151 §VL
514 1080 618 1135 Τὸν
669 1077 857 1156 ἄνδρα.
915 1081 1236 1155 Σημείωσαι
1293 1083 1384 1138 καὶ
1441 1085 1564 1161 περὶ
1619 1087 1721 1154 τῆς
1766 1085 1902 1139 ἀπο-

238 1175 461 1248 γραφῆς
491 1173 594 1226 τοῖ’)
627 1169 1029 1246 βαπτιζομένου
1057 1171 1148 1226 καὶ
1175 1172 1271 1227 τοῦ
1309 1170 1607 1250 ἀναδόχου.

307 1257 649 1331 Ἐκκλησίας
753 1259 1284 1338 συμπληρωσάσης,
1370 1264 1656 1320 Τουτέστιν
1745 1262 1831 1318 ἰπὶ
1881 1267 1898 1301 ¹

237 1351 309 1421 τῇ
337 1351 437 1403 τοῦ
469 1348 648 1421 Ἀμὴν
682 1347 1000 1427 ἰκφωνήσει.

312 1437 574 1492 Ὑπολύει
639 1438 735 1510 μὲν
787 1437 967 1494 αὐτὸν.
1033 1439 1159 1516 Περὶ
1217 1444 1326 1496 τῶν
1386 1439 1438 1496 έν
1492 1443 1570 1512 τῷ
1621 1440 1751 1514 θείῳ
1805 1442 1903 1517 βα-

241 1528 508 1600 πτίσματι
539 1526 967 1600 τελειουμένων.

309 1617 410 1672 Καὶ
444 1615 900 1695 ἀπαμφιέννυσιν.
953 1618 1215 1682 Ἐνταῦθα
1260 1617 1322 1672 οὐ
1369 1623 1540 1674 πᾶσαν
1573 1622 1671 1691 τήν
1706 1619 1902 1691 ἐσθῆτα

246 1704 699 1783 ὀπαμφιέννυσιν,
752 1705 880 1761 ἀλλ’
939 1705 1157 1784 ἀφίησιν
1211 1701 1264 1762 ἔν
1311 1707 1556 1782 ἱμάτιον,
1607 1710 1681 1773 ὡς
1737 1707 1904 1781 δηλοῖ

243 1794 434 1870 ὶφεξῆς
464 1813 478 1827 ο
521 1793 612 1849 διὰ
656 1798 765 1850 τῶν
825 1793 1155 1872 λειτουργῶν
1215 1793 1294 1867 δὲ,
1328 1797 1570 1854 τουτέστι
1628 1802 1738 1855 τῶν
1786 1796 1902 1854 δια·
1933 1818 1981 1883 Β

245 1883 421 1938 κόνων
431 1927 446 1941 .

322 1973 562 2046 Μετάγει
614 1973 754 2048 πρὸς
814 1972 908 2031 ἔω.
979 1971 1106 2030 Ὧδε
1174 1975 1248 2037 ὡς
1319 1974 1620 2052 εὐχόμενον
1677 1976 1768 2032 καὶ
1813 1976 1901 2032 αἶ-

246 2066 441 2117 τοῦντα
470 2067 622 2118 ποιεῖ
655 2081 668 2096 ⁸
730 2062 784 2118 ἐν
841 2061 899 2118 δὶ
947 2068 1026 2136 τῷ
1076 2065 1214 2139 πρὸς
1269 2062 1476 2138 δυσμὰς
1537 2067 1784 2141 σχήματι
1827 2069 1904 2130 ὼς

248 2151 572 2206 ἀπωθοῦντα
627 2153 694 2207 τὶ
753 2151 887 2228 ἔργα
940 2156 1036 2208 τοῦ
1106 2153 1353 2216 σκότους.
1417 2154 1758 2227 Σημείωσαι,
1819 2155 1900 2211 ὅτι

240 2239 356 2295 τότε
378 2239 433 2296 οἱ
466 2237 715 2297 διάκονοι
753 2241 911 2315 μόνοι
951 2239 1162 2315 ἐξέδυον
1199 2242 1326 2304 τοὺς
1358 2243 1446 2298 ἐπὶ
1477 2243 1538 2299 τὸ
1572 2244 1851 2320 βάπτισμα
1881 2263 1898 2282 ’

239 2327 285 2384 οί
333 2327 394 2385 δὶ
439 2325 805 2406 πρεσϐύτεροι
855 2330 921 2386 τὰ
976 2330 1146 2386 λοιπᾶ
1196 2331 1439 2400 έποίουν,
1487 2331 1520 2386 ἆ
1549 2337 1638 2388 νῦν
1691 2334 1743 2388 οἱ
1780 2331 1902 2389 διά-

236 2439 378 2474 κονοι
411 2423 674 2474 ποιοῦσιν
698 2423 742 2493 ³,
776 2419 851 2482 ὡς
900 2415 1071 2496 ἔγνως
1115 2420 1222 2496 πρὸ
1256 2425 1464 2496 μικροῦ
1491 2442 1502 2455 ·
1537 2423 1626 2478 καὶ
1653 2421 1705 2478 έν
1737 2425 1759 2460 ³
1785 2427 1903 2486 τοῖς

239 2509 351 2580 ἑξῆς
381 2505 442 2563 δὲ
477 2509 762 2583 εόρήσεις,
793 2508 878 2564 ὅτι
931 2507 1283 2586 λειτουργοὺς
1333 2510 1462 2574 τοὺς
1494 2508 1778 2578 διακόνους
1805 2534 1902 2568 κα-

237 2595 322 2652 λεῖ
352 2616 368 2630 ⁸
400 2596 535 2654 τοὺς
570 2594 628 2652 δὲ
656 2593 1077 2674 πρεσϐυτέρους,
1107 2599 1295 2675 ἱερεῖς.

307 2798 334 2865 §
386 2795 519 2852 VII.
570 2796 694 2851 Τῶν
745 2793 1099 2872 λειτουργῶν.
1160 2797 1518 2872 Λειτουργοὸς
1575 2795 1719 2871 λέγει
1769 2797 1897 2862 τοὺς

245 2880 553 2946 διακόνους.

313 2972 543 3047 Μητέρα
599 2974 698 3040 τῆς
783 2972 1075 3036 υἱοθεσίας.
1163 2975 1389 3047 Μητέρα
1460 2981 1560 3044 τῆς
1633 2976 1897 3040 υἱοθεσιας

243 3063 334 3131 τὴν
364 3061 504 3116 κολυ
515 3056 766 3135 μεήθραν
795 3059 973 3119 καλεῖ.

309 3152 380 3205 Τὸ
409 3151 562 3226 ἱερὸν
619 3157 719 3219 τῆς
759 3155 868 3205 τῶν
932 3149 1279 3222 θεολήπτων.
1339 3153 1497 3211 Οὕτω
1547 3155 1646 3224 τήν
1707 3153 1897 3228 λέξινδ

248 3239 562 3294 συπακτέον
597 3259 610 3270 ·
644 3240 705 3294 τὸ
755 3239 902 3314 ἱερὸν
967 3238 1276 3314 μελῴδημα
1331 3249 1433 3312 τῆς
1482 3243 1762 3306 ἐπιπνοίας
1788 3250 1897 3303 τῶν

247 3327 568 3400 θεολήπτων
630 3334 889 3403 προητῶν
941 3327 1033 3384 ’ίνα
1064 3331 1098 3399 ἦ
1131 3351 1143 3362 ·
1195 3332 1284 3386 καὶ
1330 3331 1592 3389 τολοιπὸν
1625 3334 1652 3388 ὁ
1686 3333 1902 3390 ἐπίσκο-

243 3439 362 3488 ⁸ιιις,
399 3419 572 3473 εἰπὼν
612 3419 674 3473 τὸ
705 3419 853 3492 ἱερὸν
913 3416 1224 3492 μελῴδημα
1252 3425 1349 3475 τοῦ
1380 3421 1533 3496 ἁγίου
1559 3423 1890 3509 Πνεύματος,

241 3510 373 3582 ὅπερ
407 3506 561 3582 ἅγιον
614 3511 832 3580 Πνεῦμα
875 3510 910 3578 ἡ
955 3507 1208 3564 ἐπίπνοιά
1258 3508 1370 3565 ἐστι
1419 3516 1526 3566 τῶν
1571 3511 1726 3566 θείων
1759 3506 1899 3587 προὲ

245 3601 459 3671 φητῶν,
509 3593 728 3671 δέχεται
775 3597 868 3650 τὸν
919 3593 1086 3672 ἄνδρα
1121 3619 1133 3632 ·
1183 3597 1244 3652 οὐ
1292 3601 1394 3675 γὰρ
1446 3599 1510 3655 τὸ
1542 3601 1685 3677 ἱερὸν
1723 3600 1902 3674 μελῲ-

247 3683 396 3756 δημα
452 3690 560 3740 τῶν
609 3689 908 3762 προφητῶν
976 3705 1186 3764 φησιν·
1260 3689 1457 3750 πάντες
1515 3688 1618 3763 γὰρ
1676 3690 1732 3743 οἱ
1762 3710 1898 3766 προ-

243 3781 408 3850 φῆται
442 3775 598 3828 εἷπον
650 3773 714 3828 τὸ
771 3772 902 3828 αὐτὸ
959 3773 1013 3828 ’ἐν
1066 3771 1246 3848 ᾆσμα·
1309 3773 1421 3832 ἔστι
1472 3773 1530 3831 δὲ
1589 3777 1616 3831 ὁ
1661 3777 1902 3842 εἰκοστὸς

249 3860 442 3938 ὄγδοος
473 3862 699 3934 ψαλμός
733 3881 745 3892 ·
801 3863 971 3931 Φωνὴ
1029 3864 1229 3936 Κυρίου
1278 3861 1364 3919 ἐπὶ
1412 3869 1520 3920 τῶν
1550 3862 1781 3934 ὑδάτων,
1808 3867 1899 3920 καί

246 3953 304 4006 τὸ
337 3972 350 3984 ·
384 3949 740 4021 Αλληλούϊα.

311 4055 700 4128 Κατάλληλον.
733 4057 993 4114 Τουτέστι
1028 4055 1252 4130 λευκήν.

309 4168 397 4235 τῷ
446 4166 924 4238 θεουργικωτάτῳ.
970 4170 1062 4238 Γρ.
1119 4164 1169 4219 έν
1204 4163 1385 4238 ἄλλῳ,
1417 4167 1890 4241 θεολογικωτάτῳ.

247 4251 314 4306 Οὐ
344 4253 485 4327 χρὴ,
549 4251 705 4329 φησὶ,
752 4253 844 4306 τὸν
895 4251 1285 4328 ἐντυγχάνοντα
1341 4259 1456 4317 τοῖς
1505 4254 1634 4329 Περὶ
1676 4263 1775 4325 τῆς
1806 4255 1892 4311 έκ-

243 4343 643 4410 κλησιαστικῆς
697 4340 981 4416 ἱεραρχίας
1032 4341 1223 4417 λόγοις
1277 4347 1375 4397 τοῦ
1433 4345 1642 4418 Πατρὸς
1702 4347 1891 4417 ξενιζεο

250 4441 389 4497 σθαι,
421 4429 471 4483 εἴ
502 4429 649 4506 παρὰ
689 4431 790 4499 τήν
836 4431 951 4484 νυνὶ
993 4435 1290 4503 κρατοῦσαν
1338 4431 1390 4486 έν
1424 4437 1542 4496 ταῖς
1570 4430 1891 4503 ἐκκλησίαις

2007 535 2135 587 tum
2167 533 2310 588 dicit
2333 550 2468 590 eum
2501 534 2602 606 qui
2633 538 2753 589 toto
2786 533 2984 589 animo
3013 533 3096 589 fit.

2079 622 2302 679 Mando!
2329 623 2718 680 sacerdotibus.
2754 627 2923 692 Nota,
2955 638 3090 678 eum
3142 620 3438 694 appellare
3467 639 3664 679 sacer-

2009 710 2176 766 dotes
2227 728 2326 768 eos
2375 713 2476 784 qui
2529 712 2838 769 inferiores
2888 716 3029 768 sunt
3078 711 3393 783 episcopis,
3438 711 3548 767 hoc
3579 715 3668 768 est

2010 802 2402 873 presbyteros,
2435 802 2714 857 diaconos
2755 802 2930 857 etiam
2966 801 3126 874 ipsos
3174 801 3254 856 ita
3309 801 3661 869 nominans;

2009 889 2124 962 ipsi
2176 890 2332 946 enim
2379 906 2582 947 eorum
2634 891 2734 962 qui
2793 907 2980 963 nuper
3022 896 3080 946 et
3141 905 3342 946 recens
3389 888 3668 945 illustrati

2011 983 2198 1047 erant,
2231 979 2567 1036 scribebant
2596 980 2856 1036 nomina.

2081 1085 2232 1154 ενι.
2272 1087 2479 1142 Virum.
2514 1086 2680 1155 Nota,
2721 1086 3179 1159 descriptionem
3229 1085 3355 1142 ﬁeri
3405 1085 3664 1143 nominis

2011 1174 2140 1246 ejus
2173 1175 2274 1246 qui
2305 1175 2734 1247 baptizabatur,
2768 1181 2824 1232 et
2853 1175 3231 1246 susceptoris.

2085 1263 2510 1335 Congregatione
2536 1265 2828 1336 completa.
2863 1265 2923 1320 Id
2955 1269 3048 1320 est
3091 1265 3161 1320 de
3193 1263 3667 1336 pronuntiatione

2009 1351 2199 1424 ipsius
2229 1357 2435 1407 Amen.

2082 1441 2249 1495 Illum
2275 1439 2638 1512 discingitﬂe
2666 1439 2740 1496 iis
2770 1457 2900 1512 quas
2926 1440 2984 1495 in
3018 1440 3314 1512 baptismo
3344 1438 3666 1511 perﬁciun-

2011 1531 2127 1584 tur.

2085 1621 2148 1672 Et
2179 1619 2357 1674 exuit.
2394 1617 2496 1674 Hic
2529 1635 2643 1674 non
2677 1634 2910 1674 omnem
2943 1622 3162 1673 vestem
3213 1617 3392 1684 exuit,
3427 1615 3526 1672 sed
3560 1615 3666 1670 de-

2012 1706 2194 1762 mittit
2223 1725 2401 1762 unam
2433 1713 2681 1773 vestem,
2711 1708 2862 1764 sicut
2889 1707 3162 1778 deinceps
3194 1705 3452 1762 declarat
3483 1723 3496 1774 ;
3550 1720 3666 1777 per

2009 1793 2278 1868 liturgos,
2308 1795 2418 1852 hoc
2448 1801 2539 1852 est
2567 1795 2862 1853 diaconos.
3541 1809 3544 1812 '

2087 1975 2335 2032 Traducit
2364 1975 2433 2031 ad
2462 1977 2740 2032 orientem.
2777 1975 2895 2031 Hoc
2932 1975 3058 2030 loco
3090 1976 3425 2047 precantem
3475 1976 3532 2029 et
3561 1987 3664 2046 pe-

2010 2068 2230 2120 tentem
2264 2065 2402 2120 facit
2453 2082 2466 2120 :
2521 2066 2577 2120 in
2620 2081 2686 2120 eo
2735 2069 2929 2120 autem
2978 2063 3179 2120 habitu
3227 2079 3342 2135 quo
3391 2079 3666 2119 occasum

2013 2157 2259 2226 spectat,
2293 2159 2575 2226 tanquam
2624 2153 3007 2226 expellentem
3044 2169 3221 2226 opera
3267 2152 3668 2212 tenebrarum.

2012 2243 2161 2298 Nota
2191 2249 2314 2299 tum
2347 2244 2625 2299 diaconos
2655 2243 2964 2299 detrahere
3010 2247 3202 2298 vestes
3237 2243 3309 2297 iis
3340 2242 3439 2312 qui
3473 2241 3668 2314 bapti-

2011 2334 2334 2402 zabantur;
2365 2333 2738 2405 presbyteros
2781 2337 2972 2388 autem
3021 2331 3227 2387 fecisse
3277 2329 3504 2401 reliqua
3535 2346 3663 2402 quas

2011 2439 2167 2478 nunc
2199 2422 2424 2478 diaconi
2456 2421 2696 2490 faciunt,
2728 2423 2881 2478 sicut
2911 2419 3086 2494 paulo
3118 2423 3252 2475 ante
3283 2417 3659 2488 intellexisti;

2009 2519 2065 2568 et
2095 2512 2152 2567 in
2187 2512 2260 2567 iis
2291 2516 2490 2567 autem
2522 2528 2649 2583 quas
2697 2515 3028 2582 sequuntur
3069 2509 3351 2575 invenies,
3403 2507 3556 2578 quod
3591 2506 3661 2562 li-

2007 2606 2212 2674 turgos
2263 2605 2431 2658 vocet
2496 2600 2794 2665 diaconos,
2846 2605 2904 2656 et
2966 2599 3335 2671 presbyteros
3383 2596 3660 2653 sacerdoc

2006 2695 2119 2747 tes.

2076 2799 2104 2866 §
2133 2797 2248 2855 VII.
2281 2797 2682 2854 Ministrorum.
2717 2797 3022 2853 Ministros
3056 2799 3222 2852 vocat
3252 2794 3553 2852 diaconos.

2075 2977 2300 3032 Matrem
2327 2976 2656 3048 adoptionis.
2694 2975 2938 3031 Matrem
2986 2973 3315 3047 adoptionis
3347 2973 3664 3046 piscinam,

2006 3082 2108 3121 seu
2142 3065 2576 3137 baptisterium,
2610 3067 2796 3119 vocat.

2080 3155 2312 3210 Sacrum
2351 3155 2453 3210 Deo
2498 3154 2835 3225 afﬂatorum.
2889 3151 2982 3208 Sic
3031 3151 3427 3207 construenda
3474 3150 3659 3206 oratio

2011 3247 2102 3298 est
2134 3261 2147 3299 :
2175 3243 2410 3298 Sacram
2435 3240 2892 3297 modulationem
2919 3239 3323 3312 inspirationis
3355 3239 3664 3310 propheta-

2012 3350 2168 3399 rum,
2215 3332 2316 3404 qui
2369 3331 2570 3387 divina
2619 3336 2814 3386 mente
2863 3329 3110 3402 permoti
3155 3337 3314 3396 sunt,
3348 3334 3412 3382 ut
3458 3327 3577 3382 sit:
3610 3330 3668 3381 et

2012 3421 2288 3494 deinceps
2317 3422 2792 3493 episcopus,cum
2825 3419 2970 3474 dixit
3000 3435 3234 3474 sacrum
3267 3433 3502 3472 carmen
3527 3432 3664 3472 san—

2012 3510 2089 3566 cti
2139 3511 2414 3582 Spiritus,
2467 3510 2569 3581 qui
2621 3512 2863 3565 sanctus
2913 3507 3166 3579 Spiritus
3217 3505 3529 3576 inspiratio
3575 3508 3666 3559 est

2009 3596 2450 3668 prophetarum,
2482 3597 2677 3650 virum
2709 3593 2940 3665 accipit.
2987 3593 3111 3648 Non
3146 3597 3342 3648 autem
3398 3591 3539 3646 dicit
3571 3609 3667 3647 sa-

2011 3701 2175 3740 crum
2211 3700 2444 3739 carmen
2495 3682 2934 3755 prophetarum.
2990 3680 3114 3734 Non
3160 3697 3314 3734 enim
3365 3678 3661 3750 prophetas

2007 3790 2213 3830 omnes
2245 3789 2427 3827 unum
2473 3777 2652 3840 atque
2693 3771 2846 3824 idem
2897 3768 3189 3824 canticum
3239 3768 3531 3821 dixerunt.
3569 3767 3668 3820 Est

2005 3869 2204 3919 autem
2254 3876 2431 3916 xxvm
2480 3858 2744 3931 psalmus
2782 3875 2794 3913 :
2836 3859 2943 3914 Vox
2990 3857 3211 3912 Domini
3252 3871 3418 3926 super
3465 3870 3660 3926 aquas,

2004 3958 2062 4008 et
2089 3949 2355 4006 Alleluia.

2078 4057 2351 4128 Congrua.
2387 4057 2446 4112 Id
2478 4060 2569 4111 est
2599 4053 2754 4113 alba.

2074 4166 2350 4220 Divinitus
2403 4167 2734 4218 consecrato.
2770 4163 3064 4219 Scribitur
3119 4161 3176 4215 in
3239 4159 3376 4230 alio,
3416 4156 3663 4234 θεολογι-

2007 4251 2254 4325 κωτάτῳ,
2289 4270 2392 4309 seu
2426 4255 2669 4308 maxime
2707 4253 3001 4320 theologico
3032 4250 3210 4322 (quod
3245 4248 3403 4322 loqui
3455 4249 3526 4302 de
3554 4250 3664 4303 Deo

2003 4344 2142 4400 facit
2171 4359 2346 4415 quam
2383 4341 2678 4414 maxime).
2713 4342 2835 4397 Non
2870 4344 3117 4412 oportet,
3151 4338 3368 4410 inquit,
3399 4352 3531 4392 eum
3558 4335 3659 4406 qui

2001 4434 2258 4488 rationes
2287 4432 2670 4488 ecclesiastica?
2685 4429 3022 4486 hierarchiae
3045 4428 3206 4499 legit,
3235 4427 3307 4481 ab
3340 4425 3448 4480 hoc
3485 4425 3656 4479 Patro

240 4521 388 4590 τάξιν
417 4517 470 4572 έν
503 4523 626 4581 ταῖς
652 4522 760 4572 τῶν
813 4519 1126 4594 μυστηρίων
1173 4519 1420 4583 τελεταῖς
1450 4520 1891 4597 παρηλλπγμὲνα

2025 4523 2339 4589 ιδδιίουιιιιὶ,
2373 4523 2421 4578 si
2455 4527 2666 4594 praeter
2693 4538 2826 4577 eum
2861 4520 3123 4577 ordinem
3159 4517 3259 4590 qui
3294 4531 3450 4571 nunc
3482 4515 3539 4568 in
3573 4530 3662 4569 ec-

245 4606 391 4681 λὲγει
422 4608 551 4661 τινά
583 4625 595 4638 ·
632 4604 810 4680 ὥςπερ
858 4608 947 4662 καὶ
997 4607 1221 4672 ἰνταῦοα
1271 4612 1404 4682 μετᾶ
1448 4611 1547 4678 τήν
1582 4611 1764 4686 χρίσιν
1795 4616 1892 4666 τοῖ’)

254 4697 428 4772 μόρου
473 4698 578 4765 τὴν
627 4703 730 4767 τῆς
776 4696 927 4772 ἁγίας
972 4697 1261 4760 κοινωνίας
1324 4697 1630 4773 μετάληψιν
1691 4697 1892 4776 είσᾶγει

247 4786 510 4860 γίνεσθαι.
563 4785 728 4847 Εἰκὸς
785 4787 886 4862 γὰρ
943 4785 1008 4853 ἦν
1067 4791 1256 4858 ταῦτα,
1313 4791 1382 4860 τῇ
1412 4793 1517 4842 τῶν
1550 4789 1768 4863 χρόνων
1803 4791 1896 4862 μὶν

249 4871 568 4929 καταστάσει
628 4874 908 4947 ἅρμόζειν,
962 4872 1054 4928 νῦν
1122 4873 1178 4930 δὶ
1231 4871 1608 4952 ἀκριϐέστερον
1656 4879 1898 4953 γίνεσθαι

252 4962 300 5016 έν
330 4968 400 5037 τῇ
430 4967 541 5018 τῶν
572 4965 732 5018 Θείων
785 4965 1096 5039 μυστηρίων
1147 4962 1327 5035 τελείᾳ
1369 4963 1679 5042 λειτουργίᾳ
1713 4987 1726 5000 ·
1777 4967 1828 5022 ἂν

245 5053 332 5105 καὶ
362 5053 491 5112 τοὺς
521 5052 915 5128 νεοφωτίστους
947 5049 1031 5106 δεῖ
1071 5048 1504 5126 μεταλαμϐάνειν
1612 5056 1789 5122 VIII.)
1813 5061 1900 5128 Τῷ

250 5137 304 5194 δέ
345 5141 514 5195 εἰπεῖν
581 5139 748 5194 πάλιν
803 5139 889 5194 ἐπὶ
946 5142 1044 5208 τήν
1100 5146 1208 5196 τῶν
1267 5143 1501 5217 πρώτων
1536 5143 1900 5209 ἀνατείνεσθαι

248 5231 494 5306 θεωρίαν,
526 5227 564 5300 ἤ
596 5229 769 5306 εὐχὴν
828 5230 963 5302 μετὰ
1004 5235 1166 5286 τοῦτο
1214 5232 1454 5308 γίνεσθαι
1485 5231 1727 5308 ᾐνίξατο,
1750 5231 1786 5304 ἤ
1817 5236 1902 5289 δτι

2005 4613 2198 4669 clesiis
2232 4612 2381 4668 valet
2408 4611 2467 4667 in
2501 4615 3009 4667 sacramentorum
3043 4608 3256 4662 ritibus
3288 4623 3353 4661 ac
3384 4618 3657 4659 caeremo-

2004 4703 2120 4757 niis
2152 4705 2380 4756 mutata
2411 4700 2608 4772 aliqua
2629 4699 2800 4754 dicit:
2821 4695 3319 4770 quemadmodum
3351 4692 3524 4747 etiam
3549 4691 3657 4746 hoc

2005 4790 2152 4859 loco,
2189 4793 2318 4860 post
2368 4789 2655 4860 unguenti
2686 4788 3076 4860 perfusionem
3138 4787 3352 4838 sanctae
3404 4795 3659 4835 commu-

2006 4880 2198 4935 nionis
2230 4878 2740 4951 participationem
2767 4878 2889 4932 fieri
2934 4875 3030 4932 58
3063 4872 3309 4928 inducit.
3335 4869 3662 4927 Verisimile

2009 4975 2096 5024 est
2109 4968 2346 5040 quidem
2365 4969 2485 5023 haec
2499 4967 2677 5024 statui
2700 4972 2755 5022 et
2767 4962 3086 5021 conditioni
3107 4967 3437 5033 temporum
3453 4973 3660 5014 conve-

2009 5059 2321 5123 nire,nunc
2341 5062 2534 5112 autem
2568 5055 2900 5112 accuratius
2931 5051 3302 5108 observariin
3331 5048 3660 5104 divinorum

2013 5147 2360 5220 mysterioru
2373 5164 2427 5201 m
2447 5147 2698 5216 perfecto
2712 5142 2906 5198 missa!
2922 5139 3337 5209 ministerio,in
3355 5155 3468 5211 quo
3483 5138 3659 5194 etiam

2012 5237 2053 5291 ii
2079 5237 2182 5308 qui
2215 5252 2416 5292 recens
2449 5231 2726 5288 illustrati
2758 5235 2917 5300 sunt,
2967 5229 3403 5285 communicare
3426 5228 3660 5284 debent.

1259 5461 1502 5519 VARIIE
1541 5463 1932 5522 LECTIONES
1970 5464 2060 5523 E’l‘
2097 5459 2647 5522 CORRECTIONES.

325 5644 342 5678 ί
373 5633 444 5696 έν,
508 5638 531 5673 ³
561 5629 927 5691 έπιτέλοῦσιν.
985 5634 1007 5670 ⁸
1034 5629 1087 5688 ἔν
1117 5631 1196 5707 τῷ
1226 5626 1478 5709 προτέρῳ
1505 5628 1794 5709 καταϐατῷ
1822 5633 1912 5691 καὶ
1944 5632 2022 5694 έν.
2085 5637 2106 5673 ⁵
2135 5633 2196 5690 τὸ
2228 5630 2414 5712 ῥητόν.
