4042 6210
398 353 499 406 127

1225 354 1588 407 APPENDIX
1625 355 1724 406 AD
1761 353 2002 408 OPERA
2037 351 2095 404 8.
2136 350 2449 404 DIONYSII
2494 349 2994 404 ABEOPAGITB.

3699 343 3810 398 129

395 476 445 546 (§
471 474 644 546 VIII.)
674 478 820 531 Cum
852 479 1046 531 autem
1080 475 1180 543 ait,
1214 493 1422 532 rursus
1449 477 1520 533 ad
1555 475 1876 548 primorum
1919 490 2048 528 con-

2168 472 2300 544 μετὰ
2327 475 2487 527 τοῦτο
2536 472 2564 526 ὁ
2606 471 2874 548 ίεράρχης
2927 469 3066 544 πρὸς
3117 467 3218 536 τήν
3277 465 3422 522 θείαν
3482 463 3662 521 ἄπεισι
3697 465 3816 521 λειο

392 563 838 637 templationem
887 565 1147 634 excitari,
1197 564 1282 621 vel
1332 565 1725 636 precationem
1780 569 1912 636 post
1942 563 2050 618 hoc

2158 562 2430 636 τουργίαν.

396 653 522 709 ﬁeri
553 652 898 720 insinuavit,
930 658 1030 709 aut
1084 658 1216 724 post
1263 654 1371 710 hoc
1422 654 1758 726 pontificem
1798 654 1870 709 ad
1903 651 2046 707 divi-
2149 691 2152 694 .

394 758 531 798 nam
566 743 811 798 missam
843 744 1060 800 venire.

466 831 542 886 Ad
575 849 756 888 rerum
800 835 1210 904 prwcipuarum
1256 843 1333 889 est
1387 835 1582 903 igitur.
1631 832 1790 898 Quod
1825 831 1926 900 ait;
1962 833 2052 886 est

395 920 739 991 bujusmodi
777 938 790 976 :
823 921 1146 994 Episcopus
1178 922 1277 994 qui
1312 923 1410 978 Dei
1439 923 1701 978 omnium
1737 935 2048 994 personam

394 1010 667 1078 sustinet,
702 1015 765 1065 ut
794 1009 949 1067 Deus
983 1010 1041 1065 in
1077 1028 1192 1066 uno
1228 1012 1551 1083 eodemque
1584 1015 1745 1066 statu
1781 1025 2048 1078 manens,

393 1104 450 1154 et
482 1098 539 1154 in
574 1099 699 1170 ipso
731 1099 904 1169 ﬁxus,
937 1116 1243 1170 nunquam
1277 1117 1340 1156 se
1371 1098 1889 1170 deserens,salutis
1921 1114 2050 1153 om-

391 1188 554 1243 nium
597 1204 774 1244 causa
824 1189 1201 1260 providentiae
1246 1206 1366 1244 suae
1422 1188 1938 1261 progressionibus
1974 1186 2046 1242 ad

389 1277 587 1334 omnia
619 1276 894 1332 bonitatis
924 1277 1353 1334 illustrationes
1385 1279 1634 1334 effundit
1681 1282 1738 1333 et
1767 1275 2048 1346 extendit,

390 1366 786 1437 omnibusque
819 1383 1075 1438 praesens
1114 1372 1222 1430 est.
1277 1384 1380 1423 nec
1434 1385 1467 1423 a
1518 1366 1834 1422 stabilitate
1864 1363 2046 1420 ﬁrmi-

387 1453 628 1523 tateque
649 1469 753 1508 sua
776 1452 1026 1508 discedit
1050 1471 1064 1521 ;
1097 1455 1179 1509 sic
1207 1453 1383 1510 etiam
1406 1453 1841 1527 episcopus,Dei
1868 1467 2044 1524 quam

387 1546 666 1612 praestare
716 1546 906 1612 potest
963 1541 1336 1614 signiﬁcandi
1383 1561 1561 1599 causa
1605 1543 1934 1598 imitatione
1985 1540 2043 1594 in

387 1634 546 1684 statu
581 1647 688 1685 suo
721 1631 1050 1701 manens,id
1077 1637 1167 1687 est
1189 1633 1246 1687 in
1281 1633 1682 1689 ecclesiastico
1715 1631 2044 1704 principatu

389 1718 585 1790 prodit
617 1720 983 1790 providentia
1014 1721 1404 1778 humanitatis
1436 1723 1506 1777 ad
1539 1721 1833 1789 secunda;
1866 1719 1923 1774 id
1957 1721 2048 1772 est

390 1806 697 1862 descendit
727 1809 799 1864 ad
832 1826 964 1864 eum
1003 1809 1104 1882 qui
1126 1827 1187 1865 se
1219 1810 1521 1877 convertit,
1554 1816 1613 1866 et
1643 1810 2047 1874 doceteum,et

391 1896 644 1969 ungit,et
674 1897 1084 1971 iusignit(sive
1111 1904 1548 1955 sacramentum
1585 1896 2046 1954 confirmationis

391 1985 657 2058 confert),
688 1987 859 2060 eique
891 1989 1112 2044 donum
1140 1989 1218 2060 (id
1243 1993 1334 2044 est
1361 1988 1753 2044 venerabilem
1777 1985 2044 2043 euchari-

390 2074 590 2146 stiam)
605 2075 1203 2149 impertit,postquam
1218 2077 1688 2150 baptizavit.Hzec
1706 2081 1898 2133 autem
1915 2090 2042 2130 cum

387 2163 707 2244 ministerii
743 2164 882 2233 sint,
917 2168 1176 2222 secunda
1211 2172 1351 2222 sunt
1382 2167 1454 2222 ab
1486 2167 1614 2237 ejus
1634 2165 1958 2237 principatu
1992 2168 2048 2219 et

388 2251 700 2323 dignitate.
732 2254 1009 2310 Perfectis
1039 2270 1176 2328 ergo
1207 2255 1482 2311 secundis
1531 2255 1828 2324 omnibus,
1862 2253 1931 2307 ad
1964 2252 2048 2308 al-

391 2342 517 2395 tare
547 2340 877 2410 revertitur,
912 2348 1342 2414 repraesentans
1374 2347 1487 2398 Deo
1515 2359 1618 2414 per
1646 2341 1836 2412 signa,
1869 2340 2046 2410 quod,

392 2427 501 2484 etsi
534 2428 743 2484 salutis
774 2430 903 2501 ejus
935 2430 1034 2502 qui
1069 2431 1507 2486 accessitcausa
1529 2430 1598 2485 ad
1624 2429 1884 2485 secunda
1914 2445 2046 2500 pro-

393 2516 585 2572 fectus
615 2517 979 2583 sit,ofﬁcium
1012 2523 1207 2574 tamen
1244 2535 1358 2574 non
1391 2519 1625 2574 omittat
1649 2524 1706 2574 et
1739 2519 1800 2572 in
1833 2517 2045 2583 officio,

391 2605 450 2661 id
483 2611 574 2661 est
605 2606 662 2660 in
695 2605 900 2662 divinis
932 2607 1447 2680 contemplationis
1471 2608 1724 2679 fastigio,
1755 2606 2046 2680 persistat.

392 2695 500 2750 Sed
528 2712 562 2750 a
590 2695 816 2763 divinis,
851 2713 952 2768 pro
976 2713 1010 2752 a
1039 2702 1243 2752 sancto
1277 2713 1539 2761 munere,
1575 2697 1730 2768 quod
1760 2696 1819 2750 in
1852 2696 1923 2750 iis
1947 2693 2050 2766 qui

396 2799 600 2840 recens
629 2783 904 2840 illustrati
938 2790 1076 2840 sunt
1099 2785 1382 2857 expletur,
1417 2786 1486 2841 ad
1521 2785 1742 2852 divina,
1777 2784 1834 2839 id
1867 2788 1956 2840 est
1976 2783 2046 2839 ad

396 2872 603 2929 divinae
635 2874 1150 2946 contemplationis
1181 2875 1454 2930 verticem
1502 2891 1712 2930 rursus
1761 2873 2048 2929 converti-

395 2965 514 3031 tur,
547 2963 617 3018 ad
653 2962 707 3017 id
741 2963 894 3034 quod
929 2968 1133 3019 sancto
1164 2963 1412 3036 Spiritui
1435 2964 1721 3033 videatur,
1752 2961 2048 3034 impulsus

396 3056 572 3123 atque
631 3051 956 3108 traductus.
1006 3053 1136 3108 Haec
1183 3053 1357 3108 etiam
1410 3052 1586 3124 paulo
1637 3056 1768 3124 post
1815 3051 1957 3107 dicit
1987 3050 2044 3105 in

393 3140 656 3212 mysterii
689 3141 1121 3197 communionis
1153 3141 1664 3214 contemplatione.

2230 830 2351 885 Ἐπὶ
2407 830 2505 898 τήν
2582 833 2690 884 τῶν
2777 827 3008 900 πρώτων
3090 825 3439 882 ἀνατείνεται.
3515 825 3584 880 Ὅ
3663 821 3820 897 λέγει

2156 921 2407 973 τοιοῦτον
2438 917 2576 972 ἐστιν
2613 937 2625 949 ·
2653 917 2681 971 ὸ
2725 914 3043 982 έπίσκοποσ,
3087 915 3187 982 τήν
3236 913 3418 968 είκόνα
3469 912 3689 987 ὶπέχων
3717 915 3824 966 τοῦ

2157 1005 2372 1061 πάντων
2407 1010 2562 1074 Θεοῦ,
2595 1000 2777 1081 ὥσπερ
2811 1005 2838 1058 ὁ
2886 1004 3015 1065 Θεὸς
3063 1003 3148 1057 ἐπὶ
3193 1009 3294 1073 τῆς
3324 1000 3524 1062 οἰκείας
3558 999 3822 1070 ένότητος

2157 1094 2238 1150 ἀεὶ
2303 1097 2476 1169 μένων
2530 1094 2620 1150 καὶ
2685 1093 3038 1165 ταυτότητος,
3114 1093 3204 1148 καὶ
3278 1091 3682 1168 ἀνεκφοιτήτως
3739 1088 3826 1152 εἷς

2158 1185 2343 1239 ἑαυτὸν
2377 1183 2684 1260 ἱδρυμένος,
2735 1182 3003 1258 σωτηρίας
3056 1177 3216 1237 ’ἑνεκα
3269 1180 3480 1236 πάντων
3529 1184 3650 1240 ταῖς
3682 1198 3824 1254 προ-

2157 1279 2444 1343 νοητικαῖς
2501 1270 2763 1347 προόδοις
2817 1270 2903 1326 ἐπὶ
2954 1270 3126 1325 πάντα
3175 1272 3271 1334 τὰς
3316 1276 3416 1338 τῆς
3473 1267 3822 1342 ἀγαθὸτητος

2159 1360 2466 1436 ἆλλάμψεις
2500 1361 2736 1431 ἐκτείνει,
2796 1362 2885 1415 καὶ
2931 1365 3061 1414 πᾶσι
3106 1359 3332 1436 πάρεστι
3360 1365 3460 1428 τῆς
3491 1355 3627 1418 ἰδίας
3663 1354 3822 1430 ἴδρῦο

2148 1473 2290 1514 ,σεως
2317 1453 2418 1507 οὐκ
2445 1451 2682 1513 ἀποστάς
2715 1471 2728 1483 °
2760 1448 2903 1505 οὕτω
2960 1449 3047 1504 καὶ
3098 1450 3126 1502 ὁ
3180 1447 3499 1517 ἐπίσκοπος,
3544 1446 3684 1501 κατὰ
3718 1445 3817 1517 μί-

2161 1563 2324 1614 μησιν
2387 1543 2460 1603 ὡς
2523 1538 2750 1595 δυνατὸν
2800 1533 3155 1613 συμϐολικῶς
3202 1541 3301 1592 τοῦ
3355 1540 3512 1607 Θεοῦ,
3566 1534 3656 1589 ἐπὶ
3715 1541 3825 1604 τῆς

2159 1629 2301 1694 ίδίας
2359 1630 2596 1692 στάσεως
2649 1629 2844 1703 μένων,
2900 1627 3143 1683 τουτέστι
3192 1634 3292 1696 τῆς
3347 1624 3820 1695 ἐκκλησιαπικῆς

2160 1719 2366 1794 ἀρχῆς,
2407 1719 2620 1795 πρόεισι
2670 1717 2900 1794 προνοίᾳ
2947 1715 3357 1796 φιλανθρωπίας
3413 1713 3501 1769 ἐπὶ
3556 1714 3627 1768 τὰ
3685 1711 3818 1767 δεύ-

2075 1844 2121 1910 B
2154 1830 2303 1886 τερα,
2352 1807 2625 1864 τουτέστιν
2679 1808 2756 1870 εἷς
2807 1807 2872 1862 τὸ
2918 1807 3156 1862 κατιέναι
3209 1807 3346 1881 πρὸς
3400 1804 3494 1859 τὸν
3552 1801 3815 1877 ἐπιστρέο

2447 1898 2460 1910 ι
2521 1896 2545 1910 ᾳ
2579 1895 2603 1910 κ
2625 1898 2634 1910 ε
2849 1895 2861 1910 1
2909 1896 2923 1910 \
3105 1896 3118 1910 ι
3260 1893 3272 1910 Ι
3449 1893 3462 1910 \
3690 1890 3736 1910 νυ

2156 1920 2342 1977 φοντα,
2373 1898 2463 1952 καὶ
2519 1895 2756 1952 διδάσκει
2804 1895 2986 1964 αὐτὸν,
3034 1896 3121 1950 καὶ
3175 1893 3344 1970 χρίει,
3375 1893 3465 1948 καὶ
3499 1890 3813 1970 σφραγίζει,

2152 1989 2239 2044 καὶ
2278 1984 2607 2060 μεταδίδωσι
2637 1991 2735 2041 τοῦ
2787 1983 2966 2060 δώρου
3020 1983 3304 2060 βαπτίσας.
3335 1984 3516 2038 Ταῦτα
3547 1977 3606 2035 δὲ
3633 1978 3816 2034 πάντα

2156 2079 2230 2140 ὡς
2252 2075 2601 2152 λειτουργικᾶ
2658 2073 2880 2147 δεύτερά
2926 2073 3026 2128 εἶσι
3071 2079 3172 2143 τῆς
3219 2074 3397 2148 ἀρχῆς
3430 2069 3615 2125 αὐτοῦ.
3647 2067 3808 2139 Πλη-

2157 2168 2336 2243 ρώσας
2377 2165 2466 2221 οὖν
2512 2166 2580 2219 τὰ
2636 2162 2859 2238 δεύτερα
2907 2160 3100 2233 πᾶντα,
3160 2160 3328 2216 πάλιν
3387 2158 3656 2214 ἐπάνεισιν
3717 2156 3813 2211 ἐπὶ

2152 2257 2216 2311 τὸ
2247 2257 2652 2330 θυσιαστήριον,
2699 2257 2973 2327 παριστῶν
3026 2246 3382 2324 συμϐολικῶς
3432 2247 3520 2304 ἐπὶ
3549 2251 3648 2302 τοῦ
3675 2250 3814 2302 Θεοῦ

2156 2347 2261 2415 δτι,
2293 2346 2467 2401 καίτοι
2509 2343 2794 2419 προελθὼν
2842 2345 3220 2416 προνοητικῶς
3253 2339 3330 2400 εἷς
3361 2339 3428 2392 τὰ
3459 2335 3682 2413 δεύτερα
3708 2343 3815 2405 τῆς

2153 2439 2255 2490 τοῦ
2285 2432 2684 2509 προσελθόντος
2733 2427 2888 2486 ἓνεκα
2943 2429 3236 2506 σωτηρίας,
3288 2427 3440 2501 ὅμως
3473 2426 3573 2482 οὐκ
3602 2425 3809 2496 ἀπέστη

2153 2529 2252 2579 τοῦ
2305 2525 2371 2579 τὰ
2423 2523 2598 2578 οίκεῖα
2653 2523 2932 2597 πράττειν⁹
2998 2519 3088 2574 καὶ
3156 2518 3206 2573 έν
3263 2523 3380 2579 τοῖς
3432 2515 3596 2570 αὐτοῦ
3647 2516 3808 2584 εἶναι,

2153 2616 2428 2668 τουτέστιν
2457 2611 2508 2667 ἐν
2533 2617 2650 2673 τοῖς
2707 2617 2808 2680 τῆς
2863 2608 2986 2685 περὶ
3032 2608 3162 2664 Θεὸν
3213 2605 3442 2682 θεωρίας
3472 2605 3762 2679 ὑψώμασιν
3795 2623 3810 2635 ⁶

2165 2701 2291 2758 ἀλλ’
2323 2702 2428 2757 ἀπὸ
2487 2701 2667 2773 θείων,
2700 2698 2816 2754 ἀντὶ
2867 2703 2964 2753 τοῦ
3021 2696 3081 2752 ἐκ
3135 2703 3234 2766 τῆς
3278 2700 3386 2750 τῶν
3436 2694 3559 2769 περὶ
3609 2714 3818 2771 νεοφωο

2158 2792 2360 2858 τίστων
2416 2789 2574 2866 ἁγίας
2631 2787 2999 2864 λειτουργίας,
3041 2785 3116 2847 εἷς
3173 2787 3310 2854 θεῖα,
3362 2783 3528 2839 οἱονεὶ
3576 2783 3716 2859 πρὸς
3751 2782 3818 2837 τὸ

2159 2888 2259 2950 τῆς
2285 2880 2606 2954 θεολογικῆς
2657 2879 2885 2954 θεωρίας
2934 2876 3068 2950 ὕψος
3116 2872 3280 2930 πάλιν
3314 2871 3645 2950 ἐπιστρέφει,
3674 2872 3819 2948 πρὸς

2153 2971 2217 3026 τὸ
2246 2974 2324 3041 τῷ
2377 2968 2520 3043 ἁγίῳ
2565 2968 2839 3041 ΙΙνεῦματι
2886 2963 3080 3020 δοκοῦν
3123 2963 3389 3041 ἀγόμενος
3434 2961 3526 3016 καὶ
3562 2961 3808 3036 μεταγό-

2161 3080 2340 3133 μενος.
2389 3063 2566 3113 Ταῦτα
2612 3056 2701 3112 καὶ
2753 3055 2886 3129 μετά
2932 3054 3142 3130 βραχέα
3173 3053 3334 3131 φησὶν
3382 3051 3434 3106 ἐν
3480 3054 3550 3124 τῇ
3601 3051 3809 3126 θεωρίᾳ

2153 3152 2252 3204 τοῦ
2288 3147 2592 3224 μυστηρίου
2623 3153 2724 3216 τῆς
2753 3144 3064 3205 κοινωνίας.

466 3231 654 3302 Aquae.
682 3235 849 3302 Aqua
882 3230 1037 3286 enim
1073 3247 1139 3286 ea
1169 3248 1294 3303 quae
1316 3231 1624 3287 immunda
1647 3235 1786 3286 sunt
1815 3230 2048 3302 expian-

2229 3215 2311 3310 Τῇ
2372 3215 2706 3308 δι’Ἶῦδατος,
2761 3237 2857 3307 Τῷ
2907 3232 3011 3308 γὰρ
3059 3228 3212 3286 ὕδατι
3268 3230 3335 3286 τὰ
3390 3230 3660 3303 ἀκάθαρτα
3721 3249 3818 3283 κα-

394 3323 511 3376 tur.

470 3425 566 3480 IlI.
601 3424 630 3496 §
659 3425 701 3481 Ι.
738 3427 1004 3482 Ιηδίηιιει.
1039 3427 1202 3498 Apud
1237 3444 1336 3482 eos
1368 3428 1468 3498 qui
1503 3427 1753 3482 audiunt
1785 3430 2050 3498 oportere

402 3513 577 3568 etiam
610 3513 734 3569 ﬁeri
775 3514 1289 3586 interpretationes
1320 3536 1334 3583 ;
1369 3521 1426 3572 et
1455 3514 1768 3588 plerosque
1800 3532 1914 3570 non
1947 3532 2048 3570 au-

397 3602 525 3658 dire
555 3602 762 3660 solitos
793 3603 1087 3674 ejusmodi
1121 3605 1419 3678 mysteria,
1445 3605 1598 3676 quod
1628 3605 1771 3660 dicit
1797 3605 2050 3659 multitu-

395 3691 602 3749 dinem.

467 3799 600 3867 §I[.
655 3801 879 3858 Unitiva
924 3818 962 3857 α
1000 3805 1350 3874 pramsicuis.
1405 3803 1640 3860 Unitiva
1687 3807 1875 3870 vocat,
1923 3819 2050 3874 qua:

398 3888 594 3944 divina
623 3890 928 3947 imitantur
960 3909 973 3947 :
1009 3892 1349 3963 promiscua
1381 3910 1514 3950 vero
1545 3893 1807 3966 vulgaria
1835 3900 1888 3948 et
1917 3908 2051 3963 pro-

401 3977 554 4031 fana.

472 4068 529 4120 In
564 4082 723 4136 apere
754 4071 828 4125 De
860 4071 1434 4144 intelligibilibusﬂe
1463 4076 1638 4129 rebus
1667 4091 1798 4144 quae
1830 4073 2052 4129 ratione

399 4152 834 4226 intelliguntur,
867 4163 924 4213 et
955 4176 1081 4230 quis
1114 4162 1224 4216 sub
1275 4178 1513 4216 sensum
1564 4163 1801 4228 cadunt,
1833 4162 2048 4217 librum

402 4243 476 4300 ab
509 4243 635 4314 ipso
669 4244 957 4316 scriptum
985 4264 1137 4313 esse,
1169 4253 1226 4302 et
1258 4248 1398 4320 quid
1428 4251 1744 4306 contineat.

472 4351 572 4407 59
603 4351 631 4418 §
658 4351 754 4407 Ill.
783 4353 1049 4407 Dicamus
1079 4354 1284 4425 itaque.
1317 4355 1872 4426 Contemplationes.

473 4439 820 4496 Mentalibus.
856 4445 1066 4496 Earum
1113 4449 1453 4498 naturarum
1485 4460 1612 4514 qua:
1646 4445 1860 4501 mentis
1913 4449 2054 4499 sunt

401 4533 724 4598 compotes,
757 4529 873 4583 duo
907 4530 1060 4584 mala
1090 4531 1251 4586 dicit.
1277 4537 1396 4586 Aut
1422 4533 1578 4587 enim
1605 4532 1774 4603 plane
1793 4551 1826 4588 a
1854 4533 2050 4590 divino

399 4614 626 4672 lumine
655 4617 966 4672 discedunt
987 4622 1045 4672 et
1075 4618 1644 4683 aberrant,amantes
1665 4621 1885 4676 malum
1912 4643 1924 4690 ;
1953 4628 2054 4678 aut

399 4706 556 4777 quod
581 4705 944 4775 neglexerint
967 4705 1374 4762 illustrationis
1400 4709 1637 4764 modum
1664 4711 1860 4781 quieis
1878 4712 2052 4767 datus

399 4799 693 4866 est,atque
724 4810 858 4850 eum
892 4799 1111 4850 temere
1133 4798 1384 4852 transire
1415 4804 1632 4854 conata;
1667 4800 1872 4868 sint,et
1893 4803 2048 4873 quod

398 4899 602 4940 earum
634 4885 748 4940 vim
779 4893 1041 4956 superat,
1074 4887 1567 4957 comprehendere
1621 4907 1734 4945 non
1767 4890 2047 4961 valentes,

399 4974 672 5030 amittent
700 4975 940 5030 omnino
971 4974 1148 5030 etiam
1183 4976 1448 5044 modum,
1493 4977 1591 5047 qui
1625 4977 1709 5033 eis
1763 4980 1935 5034 datus
1962 4988 2052 5037 est

400 5059 582 5115 divini
615 5062 878 5134 luminis,
921 5064 1076 5136 quod
1132 5063 1348 5135 ubique
1401 5071 1597 5120 manet
1637 5066 1954 5138 ejusmodi,
1991 5075 2054 5125 ut

401 5151 671 5204 consumi
703 5169 815 5207 non
849 5153 1054 5224 possit.

469 5236 703 5292 Arbitrii
732 5240 978 5299 libertas.
1014 5243 1158 5301 Nota
1187 5248 1407 5313 autem,
1439 5261 1674 5302 omnem
1707 5248 1806 5319 qui
1859 5251 2052 5307 uentis

401 5328 490 5382 est
519 5331 822 5397 aspectum
851 5335 908 5384 et
935 5333 1052 5388 vim
1083 5333 1203 5390 sive
1225 5333 1568 5406 angelorum
1590 5334 1712 5393 sive
1741 5337 2050 5397 hominum

2158 3324 2454 3402 θαίρονται.

2231 3435 2329 3489 ΙΙΙ.
2366 3434 2462 3507 ﬁl.
2515 3431 2907 3503 Αἰνισσομένη.
2963 3431 3082 3486 Ὀτι
3141 3427 3278 3502 πρὸς
3336 3424 3462 3486 τοὺς
3512 3422 3815 3485 ἀκούοντας

2162 3520 2244 3578 δεῖ
2272 3521 2364 3577 καὶ
2393 3523 2488 3582 τὰς
2547 3517 2838 3596 ἑρμηνείας
2890 3518 3163 3572 ποιεῖσθαῖ
3193 3535 3205 3548 ’
3272 3514 3362 3569 καὶ
3407 3515 3489 3568 ὅτι
3523 3514 3574 3568 οἱ
3604 3511 3815 3567 πολλοὶ

2160 3609 2388 3682 ἀνήκοοί
2433 3610 2536 3665 εἶσι
2581 3613 2689 3663 τῶν
2748 3605 3011 3662 τοιούτων
3077 3603 3413 3680 μυστηρίων,
3469 3601 3600 3674 ὅπερ
3660 3599 3814 3675 λέγει

2160 3698 2400 3770 πληθύν.

2230 3810 2360 3876 δη.
2418 3801 2664 3872 Ἑνοειδῆ
2721 3809 2822 3872 τῆς
2881 3799 3154 3871 πληθύος.
3217 3794 3458 3865 Ἐνοειδῆ
3519 3817 3652 3872 φησι
3707 3796 3812 3864 τὴν

2161 3894 2376 3964 θεοειδῆ
2407 3914 2420 3928 ο
2455 3892 2706 3963 πληθύος
2730 3889 2810 3964 δὲ,
2840 3895 2950 3945 τῶν
2991 3887 3210 3945 πολλῶν
3241 3887 3331 3941 καὶ
3361 3887 3610 3960 ἀνιέρων.

2232 4077 2319 4131 Ἐν
2359 4077 2428 4146 τῇ
2483 4071 2611 4146 Περὶ
2667 4074 2902 4139 νοητῶν.
2961 4071 3080 4123 Ὀτι
3135 4066 3259 4142 περὶ
3315 4069 3526 4135 νοητῶν
3580 4064 3674 4118 καὶ
3721 4063 3814 4118 αἰ-

2163 4167 2374 4234 σθητῶν
2428 4161 2760 4236 σύγγραμμα
2829 4159 2978 4229 αὑτῷ
3045 4156 3370 4227 πεπόνηται,
3424 4154 3512 4208 καὶ
3571 4152 3624 4206 τί
3654 4171 3820 4226 περι-

2162 4253 2276 4327 ιχει
2287 4295 2299 4308 .

2232 4364 2260 4429 §
2292 4362 2387 4414 lli.
2423 4359 2679 4434 Λέγωμεν
2705 4356 2905 4412 τοίνυν.
2943 4353 3199 4428 Θεωρίαι.

2235 4451 2357 4506 Τῶν
2390 4452 2615 4521 νοερῶν.
2653 4447 2756 4500 Δύο
2805 4444 2992 4506 κακίας
3042 4441 3186 4518 λέγει
3216 4445 3323 4495 τῶν
3355 4443 3556 4514 νοερῶν
3593 4457 3605 4470 ·
3641 4436 3676 4505 ἢ
3709 4436 3820 4512 γὰρ

2161 4535 2392 4599 τελείως
2455 4537 2775 4614 ἀφίστανται
2829 4535 2925 4590 τοῦ
2998 4531 3146 4587 θείου
3203 4529 3404 4604 φωτὸς,
3459 4527 3656 4598 ἐρῶσαι
3712 4533 3818 4595 τῆς

2163 4627 2351 4688 κακίας
2385 4645 2397 4658 ·
2431 4625 2466 4694 ἢ
2497 4625 2558 4680 τὸ
2605 4621 2757 4688 δοθὲν
2815 4622 2999 4683 αὐταῖς
3047 4627 3148 4689 τῆς
3198 4616 3527 4691 ἐλλᾶμψεως
3564 4616 3762 4689 μέτρον
3801 4617 3822 4650 ⁸

2163 4716 2652 4793 περιφρονήσασαι,
2684 4711 2775 4767 καὶ
2829 4705 3129 4786 ὑπερϐῆναι
3175 4711 3336 4761 τοῦτο
3359 4701 3822 4793 τολμηρῶςᾷὲπι-

2162 4791 2520 4881 χειρήσασαι,
2577 4801 2668 4858 καί
2714 4803 2776 4857 τὸ
2830 4795 3154 4875 ὑπερϐαἷνον
3204 4798 3303 4865 τὴν
3352 4791 3578 4865 δύναμιν
3629 4791 3812 4846 αὐτῶν

2157 4880 2488 4952 καταλαϐεῖν
2546 4893 2898 4960 ἀτονήσασαι,
2985 4885 3366 4955 ἀποτεόξονται
3437 4883 3652 4942 πάντως
3726 4880 3820 4935 καὶ

2156 4988 2254 5038 τοῦ
2287 4981 2536 5042 δοθέντος
2595 4979 2782 5041 αὐταῖς
2842 4979 3061 5053 μέτρου,
3111 4979 3208 5028 τοῦ
3261 4973 3408 5027 θείου
3440 4971 3618 5049 φωτὸς
3648 4968 3820 5023 ἀναλο

2159 5071 2401 5127 λοιώτου
2437 5070 2697 5143 μένοντος
2726 5069 3029 5140 πανταχοῦ.

2233 5248 2581 5324 Αὐθαίρετος.
2644 5244 2985 5318 Σημείωσαι,
3040 5243 3122 5296 ὅτι
3169 5246 3314 5295 πᾶσα
3359 5237 3517 5312 νοερὰ
3556 5232 3680 5309 ὄψις
3709 5235 3805 5290 καὶ

2164 5335 2393 5412 δύναμις
2426 5334 2532 5392 εἴτε
2575 5332 2821 5411 ἀγγέλων
2873 5329 2980 5388 εἴτε
3032 5331 3122 5386 καὶ
3171 5327 3464 5404 ἀνθρώπων
3499 5324 3816 5402 αὐθαίρετός

1392 5547 1638 5624 νΑΗῙίΕ
1678 5565 2071 5623 LECTIONES
2109 5564 2198 5622 ET
2244 5561 2802 5622 CORRECTIONES.

477 5687 498 5720 ⁸
531 5676 712 5759 μέρος.
