4042 6210
253 341 357 395 129

988 345 1046 398 Β.
1087 347 1352 400 MAXIM]
1390 344 1697 400 SCHOLIA
1736 345 1809 398 IN
1851 345 1980 398 LIB.
2024 346 2120 408 DE
2158 347 2447 402 ECCLES.
2489 351 2960 407 HIERARCHIA.

3578 359 3679 414 130

246 463 360 519 ἐστι
420 463 513 519 καὶ
575 464 958 536 αὖτεξούσιος·
1015 467 1104 521 καὶ
1162 470 1278 528 πῶς
1335 466 1386 521 έν
1448 465 1608 539 κακίᾳ
1661 465 1902 542 γίνεται.

2037 485 2144 524 suae
2175 485 2304 526 esse
2335 476 2392 527 et
2421 472 2742 530 voluntatis
2773 478 2829 530 et
2862 478 3168 547 potestatis
3196 484 3253 536 et
3301 480 3466 538 liberi
3517 485 3677 542 arbi-

321 645 670 718 Ἀπ-ιςρτηται
707 686 721 699 .
784 645 987 719 ’Ὠσπερ
1045 645 1108 698 τὸ
1187 647 1558 720 συνηρτῆσθαι
1629 642 1798 714 δηλοῖ
1851 645 1913 698 τὸ

248 733 648 807 συναρμόσθαι,
699 731 842 786 οὕτω
884 733 974 787 καὶ
1027 734 1088 788 τὸ
1137 735 1481 809 ἀπηρτῆσθαι
1528 735 1590 789 τὸ
1641 733 1913 789 ἐκπεπτω-

245 825 392 878 κέναι
448 829 549 893 τῆς
600 825 849 897 ἁρμογῆς
899 822 988 877 καὶ
1035 830 1134 892 τῆς
1198 822 1496 897 συμφυΐας·
1551 819 1658 877 ἔσθ’
1717 822 1806 878 ὅτε
1858 821 1915 879 δὲ

247 912 339 968 καὶ
393 912 460 966 τὸ
511 911 874 985 ἐγκρεμᾶσθαι
906 915 940 981 ἡ
992 911 1136 983 λὲξις
1193 909 1379 981 δηλοῖ.
1435 915 1674 970 Ενταῦθα
1729 911 1913 985 μέντοι

248 1003 387 1056 κατὰ
415 1003 480 1056 τὸ
511 1000 772 1077 πρότερον
801 1000 1208 1075 σημαινόμενον
1243 1000 1530 1071 εἴληπται.

323 1179 453 1237 Εἴτε
502 1184 601 1234 τοῦ
655 1180 908 1254 μετρίως.
969 1180 1054 1250 Ἐξ
1103 1180 1309 1243 εἰκόνος
1355 1184 1450 1235 τοῦ
1497 1179 1758 1251 αἲσθητοῦ
1799 1202 1917 1256 φω-

248 1271 342 1332 τὸς
374 1269 465 1324 ἐπὶ
513 1271 578 1324 τὸ
625 1274 734 1324 τῶν
787 1268 948 1324 θείων
996 1271 1237 1340 νοήσεων
1289 1269 1600 1344 σύμμετρον
1649 1269 1909 1344 ἀρμόσεις

249 1360 310 1414 τὸ
341 1359 659 1434 εἰρημένον·
700 1357 814 1413 ἐπεὶ
846 1357 937 1415 καὶ
969 1359 1289 1434 γέγραπταυ
1323 1355 1661 1432 ἰ’ψηλότερά
1688 1380 1782 1413 σου
1833 1359 1910 1430 μὴ

252 1452 424 1519 ζήτειο
453 1449 487 1502 ἆ
508 1447 819 1523 προσετάγη
855 1469 962 1517 σοι,
989 1452 1158 1503 ταῦτα
1190 1445 1410 1503 διανοοῦ
1471 1446 1664 1523 μέτρον
1719 1447 1822 1523 γὰρ
1855 1447 1908 1503 ἐν

249 1536 466 1600 τούτοις
495 1537 562 1592 τὸ
597 1536 907 1610 σύμμετρον
935 1533 1102 1610 λέγει.

318 1721 437 1772 Τῶν
474 1716 572 1789 μὶν
620 1714 928 1773 ἀνοικείων,
961 1717 1076 1768 Τῶν
1136 1715 1212 1788 μή
1254 1713 1664 1788 έναρμοζόντων
1696 1717 1716 1751 ⁸
1749 1714 1907 1788 αὐτῇ,

255 1807 325 1868 ὡς
363 1804 749 1880 ὑπερεχόντων
761 1849 775 1861 .

323 1896 469 1970 Πρὸς
490 1895 691 1964 ταύτην
721 1894 748 1948 ὁ
779 1895 946 1956 θεῖος.
977 1893 1139 1956 Τίνος
1171 1892 1339 1955 τύπος
1370 1893 1399 1947 ὁ
1430 1893 1742 1957 ἐπίσκοπος.

327 1988 652 2060 Προσιοῦσιν
711 1988 854 2045 ταῖς.
913 1981 1038 2038 Ὧδε
1113 1987 1344 2060 σαφῶς,
1405 1983 1486 2038 ὅτι
1570 1985 1706 2057 πρὸς
1777 1982 1904 2046 τοὺς

255 2073 552 2136 ἀκούοντας
583 2069 847 2128 διδάσκει.

318 2165 474 2233 διν.
523 2161 949 2237 Ἐπιγνώμονες.
1007 2160 1345 2233 Σημείωσαι,
1395 2160 1476 2215 ὅτι
1531 2165 1747 2234 πρῶτον
1796 2157 1903 2215 δῶ-

253 2273 336 2328 ρον
371 2251 435 2306 ἐκ
462 2253 566 2320 τῆς
616 2245 875 2325 ἀκριϐοὖς
927 2247 1277 2312 διδασκαλίας
1329 2249 1515 2304 κτᾶταί
1565 2271 1648 2312 τις
1691 2251 1753 2304 τὸ
1785 2248 1902 2304 ἑπι-

247 2346 443 2414 γνῶναι
483 2339 695 2410 ἑαυτὸν,
721 2336 816 2392 τίνα
865 2339 928 2392 τὸ
959 2336 1010 2392 ἐν
1053 2337 1132 2394 τῶ
1180 2338 1336 2411 νόμῳ
1385 2338 1619 2415 φυλάξῃ,
1655 2341 1904 2412 Πρόσεχε

249 2434 474 2500 σεαυτῷ,
510 2427 588 2491 ὠς
617 2429 705 2482 καὶ
737 2428 765 2482 ὁ
796 2428 942 2488 θεῖος
972 2425 1073 2504 ἔφη
1115 2426 1416 2489 Βασίλειος·
1454 2426 1596 2482 οὕτω
1626 2429 1728 2504 γὰρ
1765 2427 1900 2489 τέως

250 2524 498 2591 μιμεῖται
532 2516 798 2592 ἀγγέλους
829 2516 962 2578 τοὺς
991 2516 1357 2591 γινώσκοντας
1387 2515 1632 2579 ἑαυτούς.

310 2698 546 2770 Ὀρατὸν
613 2696 950 2772 ἀνατρέχων.
1021 2696 1244 2769 Ὀρατὸν
1323 2694 1546 2750 ἐνταῦθα
1613 2695 1676 2750 τὸ
1758 2697 1894 2750 θεω-

253 2789 438 2863 ρητόν,
469 2787 646 2861 ἤγουν
682 2783 968 2855 ἐπιστητὸν
1003 2781 1167 2859 λέγει’
1198 2782 1512 2860 ἀνατρέχων
1545 2782 1898 2852 δὶ,τουτὲστιν

253 2875 376 2937 ὅλος
407 2874 740 2946 κινούμενος
771 2872 858 2928 ἐπὶ
889 2873 952 2927 τὸ
998 2873 1154 2946 ὁρᾷν·
1186 2874 1330 2949 ἱερὸν
1384 2871 1440 2928 δὶ
1473 2871 1646 2950 δῶρόν
1678 2895 1810 2948 φησι
1842 2874 1902 2930 τό

257 2968 380 3019 εἶναι
405 2966 605 3020 ἑαυτοῦ
638 2963 839 3039 έπιγνώ
847 2983 1004 3036 μονα.

320 3142 537 3213 Ταύτης
567 3139 680 3196 ἐστὶ
711 3148 833 3210 τῆς.
867 3140 1180 3216 Ἐξήγησις,
1204 3139 1256 3194 τί
1287 3140 1348 3194 τὸ
1375 3137 1446 3195 δι’
1469 3139 1744 3218 ἆναδόχου
1767 3144 1903 3218 πρὸς

256 3233 342 3286 τὸν
373 3233 646 3307 ἱεράρχην
681 3228 880 3286 ἐλθεῖν.

330 3321 600 3397 Σφραγίς.
635 3319 734 3381 Τίς
765 3321 800 3388 ἡ
835 3317 1086 3396 σφραγὶς,
1117 3319 1206 3373 καὶ
1235 3317 1316 3381 τίς
1349 3321 1383 3390 ἠ
1417 3319 1730 3395 ἀπογραφή.

329 3411 469 3480 Πρὸς
501 3408 670 3479 αὐτῷ.
703 3406 853 3462 ’Δντὶ
883 3411 999 3478 τοῦ,
1031 3409 1144 3480 μετ’
1175 3408 1362 3464 αὑτοῦ.

329 3494 670 3554 Συνοπαδόν.
702 3495 1138 3560 Συνακόλουθον.

325 3590 448 3658 §V.
494 3585 651 3644 Ἀλλ’
701 3583 932 3660 ἄσχετον
992 3586 1148 3642 εἶναι.
1201 3585 1386 3642 Οἱονεὶ
1439 3583 1712 3659 μηδεμίαν
1771 3589 1902 3664 σχέ-

257 3699 338 3730 σιν
369 3674 567 3752 ἔχοντα
595 3675 730 3750 πρὸς
771 3677 870 3745 τὴν
925 3673 1188 3748 προτέραν
1244 3677 1413 3744 ζωὴν,
1450 3673 1590 3748 μηδὶ
1636 3698 1901 3732 κατατατ-

248 3767 475 3838 τὸμενον
527 3770 648 3826 ταῖς
699 3762 990 3840 διαιρέσεσι
1039 3769 1136 3819 τοῦ
1178 3761 1464 3826 ἑνοειδοῦς·
1497 3764 1561 3819 τὸ
1609 3764 1710 3841 γὰρ
1757 3765 1811 3820 ’ὲν
1845 3765 1898 3820 ἐν

250 3859 403 3908 πᾶσιν
456 3855 633 3924 ἑαυτῷ
671 3852 889 3925 ὅμοιον,
920 3852 1037 3916 καθ’
1081 3854 1110 3907 ’ὀ
1141 3848 1215 3906 ἕν·
1247 3854 1310 3907 τὸ
1355 3851 1412 3908 δὲ
1460 3851 1697 3923 πλῆθος,
1739 3853 1813 3916 ὡς
1848 3853 1900 3909 ἐν

252 3942 510 4020 διαιρέσει
545 3944 823 4019 ἁμαρτιῶν
854 3942 1148 4018 τυγχάνον,
1182 3941 1468 4015 ἀνόμοιον.

316 4115 712 4176 Ἀπεκδ·5σασα.
744 4119 841 4172 Διὰ
867 4116 920 4172 τί
948 4115 1263 4176 ἀποδύεται.

315 4213 523 4284 Ὠσπερ
564 4207 873 4263 ἐκπνέοντα.
924 4206 1237 4278 Σημείωσαι
1284 4205 1338 4261 τί
1381 4227 1631 4280 σημαινει
1675 4209 1739 4263 τὸ
1767 4207 1895 4271 τοὺς

250 4296 702 4374 κατηχουμένους
734 4295 974 4374 ἐμφυσᾷν
1004 4301 1082 4368 τῷ
1114 4291 1378 4369 διαϐόλῳ.

316 4385 758 4464 Διαγγέλλουσα.
820 4387 882 4441 Ἡ
932 4389 1038 4441 τῶν
1087 4380 1380 4459 συμϐόλων
1455 4382 1670 4456 δηλαδή
1729 4387 1903 4461 παρά-

249 4475 420 4540 δοσις.

2021 559 2126 628 ιιὶἰ
2154 576 2168 627 ;
2204 564 2261 616 et
2285 563 2584 632 quomodo
2616 563 2675 617 in
2711 564 2864 620 malo
2895 566 3160 623 exsistat.

2094 647 2162 703 Se
2187 649 2464 718 subducit,
2507 651 2604 707 Gr.
2662 651 2994 725 ἀπήρτηται.
3054 655 3126 711 Ut
3172 661 3538 732 συνηρτῆσθαι
3582 664 3670 718 si-

2023 738 2265 808 gniﬁcat
2291 739 2630 811 copulatum
2666 758 2832 810 esse;
2867 743 2950 800 sic
2982 745 3158 800 etiam
3191 744 3537 821 ἀπηρτῆσθαι
3569 767 3670 806 ex-

2025 826 2239 882 cidisse
2271 845 2304 882 a
2335 828 2546 901 c0pula
2575 835 2632 885 et
2662 832 3072 901 conjunctione
3098 851 3110 889 :
3148 834 3443 892 interdum
3476 844 3675 897 autem

2025 913 2198 969 etiam
2234 931 2593 988 suspensum
2651 933 2780 973 esse
2831 935 2898 974 ac
2953 921 3206 991 pendere
3261 924 3520 981 declarat
3571 926 3680 984 hoc

2022 1004 2286 1059 verbum.
2320 1008 2440 1060 Hoc
2470 1009 2667 1062 tamen
2701 1007 2826 1064 loco
2877 1007 2935 1063 in
2992 1011 3186 1080 priore
3242 1012 3677 1085 signiﬁcatione

2021 1097 2326 1164 acceptum
2360 1099 2469 1150 est.

2094 1183 2244 1251 Quod
2271 1185 2323 1238 si
2350 1184 2650 1240 mediocre.
2682 1185 2810 1240 Haec
2841 1187 3017 1242 verba
3045 1205 3114 1244 ex
3147 1188 3404 1261 imagine
3425 1197 3483 1248 et
3509 1193 3675 1250 simi-

2022 1270 2274 1326 litudine
2307 1272 2453 1327 lucis
2485 1289 2610 1344 qua
2643 1291 2854 1330 sensus
2873 1282 3085 1345 movet,
3104 1277 3174 1332 ad
3202 1281 3441 1334 modum
3466 1287 3673 1353 aptum

2017 1360 2354 1416 divinarum
2387 1361 2910 1434 intelligentiarum
2939 1365 3245 1437 copulabis
3268 1387 3283 1436 ;
3304 1373 3673 1442 quandoqui-

2020 1449 2151 1503 dem
2184 1449 2470 1522 scriptum
2503 1456 2593 1507 est
2620 1467 2632 1506 :
2665 1452 2873 1508 Attiora
2911 1461 2960 1510 te
2991 1470 3059 1510 ne
3089 1458 3372 1527 ᾳακδίρνίε
3402 1459 3474 1528 (d)
3503 1479 3517 1526 ;
3545 1475 3670 1530 quas

2021 1537 2127 1593 tibi
2159 1543 2448 1611 praecepta
2477 1544 2618 1596 sunt
2649 1540 2768 1596 haec
2799 1541 3026 1613 cogita;
3078 1544 3317 1599 modum
3370 1547 3528 1601 enim
3580 1549 3672 1605 his

2021 1626 2080 1680 in
2111 1627 2330 1694 verbis,
2363 1633 2567 1700 aptum
2606 1630 2848 1685 modum
2884 1631 3046 1688 dicit.

2090 1717 2199 1787 Ipsi
2230 1717 2450 1787 quidem
2498 1719 3020 1790 improportionatis.
3072 1720 3205 1784 Qua;
3235 1722 3286 1778 ei
3320 1739 3432 1779 non
3466 1741 3672 1780 conve-

1939 1837 1987 1901 Β
2019 1804 2210 1873 niunt,
2248 1811 2312 1861 ut
2343 1823 2473 1878 qum
2505 1812 2807 1879 superent.

2089 1895 2177 1951 Ad
2205 1895 2345 1950 hanc
2369 1896 2608 1952 divinus.
2647 1895 2824 1966 Cujus
2855 1897 2932 1953 sit
2965 1898 3154 1970 figura
3191 1900 3525 1974 episcopus.

2088 1984 2495 2040 Accedentibus.
2530 1986 2647 2041 Hoc
2677 2003 2746 2041 ex
2779 1986 2906 2042 loco
2940 1987 3320 2060 perspicuum
3378 1996 3486 2061 est,
3536 2007 3671 2048 eum

2015 2074 2170 2144 apud
2205 2073 2505 2129 auditores
2537 2075 2764 2130 docere.

2085 2161 2240 2234 §IV.
2275 2163 2674 2234 Cognoscentes.
2718 2164 2884 2231 Nota,
2937 2163 3198 2238 aliquem
3248 2167 3504 2237 primum
3561 2169 3671 2226 hoc

2015 2267 2234 2306 munus
2264 2268 2333 2306 ex
2365 2255 2636 2307 accurata
2668 2251 3055 2325 diligentique
3097 2255 3414 2327 disciplina
3463 2274 3668 2314 conse-

2011 2342 2133 2411 qui,
2169 2345 2232 2395 ut
2287 2345 2487 2396 noscat
2537 2341 2844 2412 seipsum;
2901 2346 2965 2397 ut
3013 2342 3154 2398 illud
3207 2346 3362 2414 quod
3421 2345 3479 2399 in
3531 2345 3658 2418 lege

2009 2429 2292 2500 scriptum
2328 2433 2418 2484 est
2446 2433 2672 2485 servet:
2706 2429 2933 2486 Attende
2963 2434 3199 2502 teipsum
3219 2433 3279 2503 (ά
3305 2435 3351 2502 ),
3375 2421 3654 2503 quemad-

2011 2518 2251 2573 modum
2284 2517 2457 2574 etiam
2498 2517 2730 2573 divinus
2760 2517 3014 2574 Basilius
3046 2518 3127 2574 ait
3154 2536 3168 2575 :
3201 2520 3284 2575 sic
3315 2520 3471 2576 enim
3504 2521 3654 2577 inte-

2009 2624 2108 2662 rea
2136 2605 2376 2679 angelos
2408 2606 2696 2677 imitatur,
2731 2608 2832 2678 qui
2866 2613 3118 2663 noscunt
3145 2609 3392 2681 seipsos.

2080 2695 2160 2750 Ad
2187 2698 2278 2750 sui
2307 2697 2533 2751 veniunt
2562 2698 2951 2767 cognitionem.
3009 2695 3229 2771 Ὀρατόν
3281 2697 3388 2754 hoc
3438 2698 3562 2754 loco
3591 2699 3653 2752 τὸ

2012 2783 2286 2857 θεωρητὸν
2315 2779 2484 2856 ἤγουν
2516 2780 2830 2853 ἐπιστητόν,
2863 2785 2921 2840 id
2961 2791 3053 2841 est
3100 2786 3656 2858 contemplationem

2011 2872 2134 2928 sive
2165 2872 2493 2936 scientiam,
2519 2871 2678 2927 dicit.
2711 2870 3048 2947 Ἀνιιτρὲχων
3071 2889 3230 2940 vero,
3255 2874 3362 2930 hoc
3387 2880 3476 2930 est
3499 2881 3659 2932 totus

2015 2965 2314 3033 permotus
2343 2961 2414 3018 ad
2445 2961 2786 3017 videndum.
2819 2961 3064 3018 Sacrum
3095 2978 3230 3018 vero
3261 2963 3478 3018 donum
3515 2965 3659 3021 dicit

2013 3051 2274 3123 seipsum
2299 3067 2555 3108 noscere.

2087 3143 2264 3212 Hujus
2291 3149 2391 3196 est.
2424 3139 2787 3211 Explanatio,
2821 3140 2961 3212 quid
2994 3140 3074 3197 sit
3094 3157 3197 3212 per
3217 3157 3558 3212 sponsorem
3584 3141 3658 3197 ad

1935 3202 1979 3270 (ἶ
2017 3229 2404 3286 hierarchiam
2434 3229 2656 3285 venire.

2086 3320 2469 3390 Consignatio.
2503 3322 2636 3385 Quae
2661 3318 3050 3389 consignatio,
3081 3323 3138 3374 et
3167 3335 3294 3390 quas
3323 3319 3659 3390 descriptio.

2085 3407 2229 3481 Πρὸς
2261 3405 2430 3478 αὐτῷ.
2467 3411 2596 3474 Pro,
2630 3423 2764 3462 cum
2797 3407 2948 3478 ipso.

2085 3499 2373 3564 Comitem,
2404 3498 2500 3553 Gr.
2535 3491 2865 3550 συνοπαδόν.
2912 3499 3361 3552 Assectatorem.

2085 3586 2114 3657 ἔ
2142 3586 2206 3641 ν.
2237 3589 2346 3642 Sed
2373 3590 2642 3642 exsortem
2672 3602 2808 3641 esse.
2843 3587 3146 3656 Tanquam
3173 3584 3398 3640 nullum
3425 3587 3526 3642 60
3564 3585 3662 3641 ha-

2011 3674 2202 3728 bitum
2235 3674 2444 3729 habent
2461 3675 2529 3729 ad
2551 3674 2731 3729 vitam
2758 3673 3336 3744 superiorem,neque
3357 3675 3660 3742 subjectus

2012 3762 2087 3817 sit
2117 3762 2525 3829 divisionibus,
2558 3762 2686 3831 ejus
2718 3762 2874 3832 quod
2905 3766 2996 3815 est
3044 3761 3424 3815 uniusmodi:
3473 3777 3657 3815 unum

2010 3851 2167 3906 enim
2199 3851 2257 3905 in
2291 3850 2592 3915 omnibus,
2626 3856 2920 3919 quatenus
2950 3853 3040 3904 est
3075 3865 3281 3914 unum,
3315 3848 3403 3902 sui
3464 3848 3658 3903 simile

2010 3943 2136 4007 est;
2172 3939 2483 3994 multitudo
2516 3944 2738 4007 autem,
2772 3943 2838 3993 ut
2868 3954 2995 4008 quae
3029 3938 3086 3992 in
3121 3942 3493 4007 peccatorum
3516 3937 3661 3993 divi-

2010 4027 2175 4082 sione
2205 4028 2303 4097 sit,
2335 4026 2674 4082 dissimilis.

2077 4116 2318 4171 Eacuens.
2353 4116 2541 4180 Quare
2572 4115 2830 4170 exuitur.

2077 4207 2390 4275 E/ﬂantem.
2423 4205 2586 4271 Nota,
2621 4205 2756 4274 quid
2783 4203 3074 4277 significet
3090 4204 3544 4262 catechumenos
3567 4206 3655 4261 in-

2005 4295 2244 4350 sufﬂare
2277 4293 2532 4350 diabolo.

2073 4387 2438 4440 Annuntians.
2472 4383 2784 4454 Signorum
2817 4382 3089 4438 videlicet
3118 4383 3382 4439 traditio.

313 4567 459 4640 Πρὸς
508 4566 572 4619 τὸ
619 4563 673 4618 ’ἐν
734 4561 928 4631 ὀλικῆς
978 4562 1323 4624 συννιύσεως.
1373 4564 1480 4631 Τήν
1532 4564 1668 4638 πρὸς
1727 4565 1791 4619 τὸ
1835 4565 1890 4620 ἓν

2075 4564 2209 4619 Cum
2232 4577 2341 4618 uno
2368 4561 2531 4618 totali
2561 4561 2994 4632 conspiratione.
3030 4559 3234 4614 Totam
3285 4560 3651 4630 conjunctio-

241 4654 435 4722 ὁλικήν
470 4654 745 4707 σύννευσιν
798 4647 932 4706 λαϐὲ
972 4651 1109 4706 κατὰ
1144 4653 1207 4706 τὸ
1255 4656 1352 4706 τοῦ
1385 4652 1584 4726 Κυρίου
1615 4653 1780 4729 ῥητὸν
1813 4654 1889 4708 εἰ·

241 4744 462 4807 πόντος,
508 4740 599 4796 ’ἱνα
644 4743 777 4795 ὦσιν
821 4740 902 4807 ἓν,
945 4740 1189 4796 τουτέστι
1237 4743 1373 4815 πρὸς
1419 4741 1482 4795 τὸ
1529 4741 1584 4796 ’ἐν
1636 4742 1888 4818 ὁρῶντες,

244 4833 371 4905 ὅπερ
419 4831 530 4885 έστὶ
563 4833 584 4866 τ
613 4829 676 4884 τὸ
717 4827 941 4905 ἀρέσκον
993 4833 1127 4901 Θεῷ·
1178 4828 1425 4884 ἀνάτασιν
1478 4827 1556 4900 δὶ,
1601 4833 1700 4900 τήν
1755 4833 1891 4905 πρὸς

240 4922 300 4974 τὸ
324 4926 480 4974 Θεῖον
512 4920 718 4992 ὕψωσιν
767 4915 864 4972 τοῦ
913 4917 1204 4994 λογισμοῦ,
1237 4919 1323 4973 καὶ
1355 4922 1464 4973 τῶν
1517 4920 1888 4994 χαμαιζήλων

246 5008 504 5086 ἆναχώρη
515 5029 618 5062 σιν.

303 5099 371 5152 Τὸ
400 5096 777 5153 ἀναλλοίωτον
810 5093 976 5170 ἴσχει.
1011 5097 1135 5157 Πῶς
1176 5096 1266 5150 καὶ
1312 5096 1473 5150 πόθεν
1516 5095 1889 5154 ἀναλλοίωτοι

239 5189 474 5263 γίνονται
504 5187 561 5240 αἱ
593 5185 773 5260 νοεραὶ
803 5182 961 5255 ἔξεις.

304 5279 364 5332 Ἀ
373 5275 688 5350 μάλθακτον
794 5277 930 5329 εἶναι
975 5318 988 5331 .

307 5407 381 5477 (ά)
412 5403 590 5461 Eccli.
626 5420 714 5473 ιιι,
747 5402 834 5459 2'2.

1080 5275 1382 5340 ’Δθελκτον
1413 5319 1428 5347 ,

915 5403 1017 5475 (d')
1050 5403 1074 5458 ι
1107 5403 1258 5460 Tim.
1298 5420 1375 5475 xv,
1409 5404 1493 5459 16.

1537 5275 1844 5348 ἀθήλυντον
1876 5321 1892 5348 ,

2004 4670 2135 4709 nem
2167 4668 2300 4707 cum
2337 4667 2473 4714 uno,
2498 4649 2694 4720 accipe
2716 4664 2782 4703 ex
2817 4648 2917 4702 illo
2971 4648 3200 4703 Domini
3231 4649 3428 4712 verbo,
3457 4657 3514 4704 ut
3540 4650 3654 4704 sint

2002 4759 2212 4803 unum;
2245 4740 2299 4794 id
2329 4744 2418 4794 est
2469 4755 2652 4793 unum
2705 4737 3024 4806 intuentes,
3079 4738 3233 4807 quod
3286 4743 3375 4792 est
3407 4737 3461 4791 id
3496 4739 3652 4809 quod

2002 4838 2236 4904 gratum
2267 4833 2356 4884 est
2388 4832 2500 4882 Deo
2535 4847 2548 4896 ;
2583 4826 3020 4882 contentionem
3057 4831 3275 4895 autem,
3311 4825 3554 4881 rationis
3577 4827 3649 4880 ad

2003 4922 2185 4978 Deum
2219 4916 2642 4974 sublimitatem
2675 4919 2732 4971 et
2762 4915 2834 4971 ab
2867 4915 2942 4970 iis
2973 4919 3073 4986 qui
3128 4919 3362 4970 terrena
3414 4914 3656 4986 sapiunt

2004 5023 2327 5066 recessum.

2075 5097 2595 5156 [inmutabilitatem
2627 5096 2860 5149 obtinet.
2894 5092 3196 5158 Quomodo
3229 5096 3288 5147 et
3337 5093 3490 5148 unde
3540 5093 3654 5149 im-

2006 5189 2311 5246 mutabilis
2342 5186 2442 5241 ﬁat
2476 5183 2692 5240 mentis
2723 5186 2916 5239 status
2947 5185 3003 5238 et
3034 5181 3293 5237 habitus.

2075 5278 2410 5336 Obduratum
2439 5273 2690 5340 esse.Qui
2722 5271 3030 5327 blanditiis
3063 5269 3387 5328 demulceri
3422 5272 3658 5345 nequit:

1253 5543 1496 5603 VARIIE
1529 5547 1926 5607 LECTIONES
1957 5549 2050 5606 ET
2079 5539 2641 5605 CORRECTIONES.

309 5647 329 5683 ⁸
356 5642 736 5721 ἁρμοζόντων.
814 5645 834 5680 ⁷
858 5641 1022 5699 τοῦτό
1053 5641 1184 5700 ἐστι.
