4042 6210
326 317 421 371 131
1143 313 1506 366 APPENDIX
1545 313 1638 364 AD
1678 309 1915 363 OPERA
1951 308 2010 372 8.
2051 306 2365 362 DIONYSII
2403 307 2904 364 AREOPAGITE.
3633 308 3751 362 132

325 440 423 514 qui
457 437 775 494 femineum
811 435 1052 492 minime
1085 435 1290 490 induat
1323 433 1608 500 animum,
1643 431 1832 501 fortis,
1877 447 1921 485 n‘

2151 423 2327 503 δρεῖον
2363 472 2377 497 ,
2434 426 2718 485 ἀνένδοτον
2756 474 2770 501 ,
2837 428 3234 507 ἆπαρέγκλιτον
3297 429 3475 510 ὑφέσει
3535 429 3680 505 nam
3725 473 3741 488 .

325 529 406 585 hil
435 528 502 583 de
536 525 870 583 constantia
902 523 1232 589 remittens,
1263 523 1363 594 qui
1398 521 1665 577 inclinari
1697 537 1813 576 non
1865 536 1921 592 pc

2143 518 2273 572 ττέον
2307 515 2364 573 δί
2395 519 2467 580 ὡς
2513 517 2598 576 ἐπὶ
2647 524 2913 595 γυναικῶν
2965 517 3363 596 ἀνδριζομένων
3413 520 3449 590 ἢ
3504 519 3739 596 ἆρῥενο-

325 623 442 676 test
471 618 542 674 ad
576 615 756 671 ullam
785 614 1266 671 submissionem.
1299 611 1613 668 Sciendum
1637 613 1726 666 est
1747 613 1921 665 auten

927 614 1266 670 nissionem.
1299 611 1613 668 Sciendum
1637 613 1726 666 est
1747 613 1967 679 autem,
2078 612 2258 685 φανῶν
2292 605 2523 679 εἴρηται.

327 709 398 764 de
428 705 773 762 mulieribus
807 704 1078 772 fortibus,
1109 707 1210 758 aut
1239 719 1370 774 quia
1417 717 1610 756 mares
1660 701 1968 771 apparent,

325 797 552 852 dictum
579 809 729 850 esse.

396 887 600 941 Horum
628 893 812 939 autem
841 883 1037 938 cernis.
1065 882 1143 938 De
1175 879 1465 935 unctione.

2148 878 2310 952 Ὁρᾷς
2344 875 2400 933 δὲ
2426 880 2545 941 τάς.
2583 879 2710 954 Περὶ
2741 883 2837 934 τοῦ
2865 879 3229 955 ἀλείμματος.

401 973 476 1030 Ad
495 990 615 1046 quae
643 973 737 1028 sab
769 973 980 1028 Christo
1011 971 1351 1026 munerario.
1382 968 1707 1041 Hyperbato
1741 969 1969 1022 constat

2149 969 2277 1021 Καθ’
2328 965 2418 1030 οὓς
2473 968 2558 1022 ὑπ’
2606 968 2898 1044 ἀθλοθέτῃο
2939 971 3030 1027 Ἐν
3083 965 3370 1043 ὑπερϐατῷ
3400 972 3434 1040 ἡ
3487 970 3745 1041 σύνταξις

325 1065 504 1134 hujus
534 1062 642 1118 loci
675 1065 962 1117 structera
993 1059 1535 1132 interpositalonga
1559 1055 1921 1113 collocutiom

2145 1062 2172 1111 ὖ
2203 1059 2469 1134 παρόντος
2523 1058 2732 1133 χωρίου
2782 1057 3176 1135 μεταξυλογίας
3229 1060 3572 1128 συντεθείσης
3627 1081 3741 1131 μα-

323 1154 414 1209 Eic
445 1169 581 1224 ergo
603 1149 1064 1206 construendum
1087 1155 1176 1204 est
1196 1165 1209 1202 :
1245 1165 1344 1218 per
1365 1165 1491 1219 quae
1514 1145 1835 1202 certamina
1857 1163 1919 1200 su

2149 1153 2224 1210 ἇς.
2279 1145 2465 1210 Οὕτως
2512 1147 2603 1202 οὗ)
2651 1149 2990 1204 συντακτέον’
3039 1151 3156 1204 καθ’
3189 1147 3281 1213 οὓς
3335 1149 3423 1203 ὑπ’
3465 1148 3744 1223 ἀθλοθέτῃ

325 1241 576 1306 Christo,
610 1239 708 1311 qui
737 1238 977 1311 praemia
1009 1236 1334 1310 proposuit,
1362 1237 1422 1291 in
1445 1237 1765 1292 certamina
1812 1251 1921 1307 qua

2148 1239 2296 1307 nath
2336 1235 2647 1311 γινόμενος,
2694 1243 2813 1301 τοῖς
2863 1239 2958 1310 μὶν
3005 1239 3228 1314 ἀγῶσιν,
3261 1236 3335 1299 ὠς
3387 1236 3554 1301 θείοις
3580 1239 3610 1292 ὁ
3639 1257 3744 1292 τε·

325 1331 484 1397 dam,
521 1333 583 1384 ut
613 1328 809 1384 divina
841 1327 1011 1382 laetus
1042 1327 1365 1393 incumbet,
1387 1329 1446 1382 et
1468 1343 1593 1397 quae
1615 1327 1921 1396 sequuntu‘

1767 1327 1967 1379 untur.
2078 1321 2350 1397 λούμενος
2381 1320 2695 1396 ἐπιϐήσεται
2730 1325 2965 1401 χαίρων,
2996 1327 3088 1382 καί
3118 1327 3184 1382 τὰ
3209 1326 3355 1396 ἑξῆς.

967 1432 1323 1489 CHRISTUS

2700 1433 2762 1490 Ὀ
2801 1433 3105 1490 ΧΡΙΣΤΟΣ

331 1528 394 1583 Ut
427 1530 569 1581 Deus
718 1526 780 1581 Ut
809 1540 910 1579 sa-
1097 1524 1160 1579 Ut
1189 1523 1417 1592 pulcher
1529 1522 1591 1578 Ut
1623 1522 1792 1576 bonus

2143 1540 2166 1594 ς
2199 1522 2294 1592 μὶν
2477 1522 2565 1582 Ὠς
2600 1517 2657 1575 δὲ
2871 1522 2961 1594 ξΩς
2989 1517 3046 1575 δὶ
3070 1539 3168 1594 κα-
3385 1521 3477 1594 Ὡς
3509 1516 3566 1575 δὶ
3595 1520 3739 1594 ἀγα-

320 1600 561 1669 praemia
703 1597 858 1664 piens
887 1598 969 1648 te-
1078 1591 1394 1669 certamina
1525 1610 1638 1647 una
1666 1609 1781 1649 cer-

2145 1591 2208 1669 ,ῥς
2486 1593 2651 1669 σοφὸς
2871 1591 2969 1669 λος
2997 1591 3134 1669 καλ·
3387 1593 3479 1669 eo;
3493 1591 3741 1668 συναγω-

324 1661 520 1740 prapo-
703 1661 793 1737 ges
820 1669 950 1738 fert.
1083 1666 1357 1720 honestat.
1518 1674 1622 1720 tat.

2082 1661 2243 1718 ἆθλο-
2482 1661 2706 1736 νομοθε·
2870 1662 3021 1740 λύνει
3045 1664 3114 1719 τὰ
3379 1664 3602 1733 νίζεται.

329 1733 437 1795 ἂιιίξ
704 1733 720 1737 ⁷
820 1733 829 1738 ⁷
2000 1789 2047 1854 Β
2083 1741 2244 1798 θετεῖ.
2478 1733 2582 1792 τεῗ.
2867 1733 3025 1799 ἆθλα.

400 1845 857 1918 Quandoquidem
885 1854 948 1902 ut
977 1851 1140 1902 Deus.
1173 1844 1335 1910 Quod
1367 1842 1637 1899 Christus
1668 1841 1746 1897 sit
1796 1845 1966 1912 Deus,

2152 1839 2373 1910 Ἐπεσδή
2405 1842 2478 1904 ὡς
2523 1840 2672 1903 Θεός.
2706 1843 2831 1898 Ὅτι
2877 1843 2904 1896 ὁ
2955 1842 3196 1914 Χριστὸς
3247 1840 3377 1904 Θεός
3431 1839 3565 1913 ἐστι,
3597 1843 3742 1896 κατὰ

328 1941 536 1992 contra
566 1935 970 1991 Nestorianos.

875 1952 970 1990 os.
2079 1935 2471 2006 Νεστοριανῶν.

398 2025 758 2080 Descendens.
793 2024 872 2078 De
902 2022 1198 2094 baptismo
1231 2022 1392 2077 dicit.

2149 2015 2393 2083 Ἐπιϐάς.
2427 2018 2556 2094 Περὶ
2587 2023 2683 2074 τοῦ
2717 2020 3097 2095 βαπτίσματος
3123 2016 3287 2094 λέγει.

399 2113 656 2185 Pugilum
685 2113 964 2184 primatis.
1001 2111 1270 2183 Pugilum
1305 2111 1614 2183 primatem
1657 2110 1968 2166 Dominum

2147 2112 2258 2166 Τοῦ
2291 2107 2540 2179 ἀθλητῶν
2586 2109 2828 2184 πρώτου.
2888 2109 3173 2178 Ἀθλητῶν
3221 2112 3438 2183 πρῶτον
3486 2108 3582 2162 τὸν
3632 2108 3741 2162 Κύ-

327 2203 491 2269 dicit,
523 2202 619 2273 qui
652 2201 778 2257 sola
807 2218 915 2256 sua
946 2201 1306 2271 benignitate
1337 2201 1572 2271 ductus,
1595 2215 1726 2256 cum
1765 2207 1923 2256 morti

2145 2219 2196 2252 ον
2244 2199 2414 2273 λέγει,
2463 2197 2522 2259 ’ὀς
2561 2194 2650 2252 διὰ
2704 2198 2879 2270 μόνην
2931 2196 3242 2272 ἀγαθότητα
3292 2194 3456 2268 ἰδίαν,
3487 2199 3629 2274 πρὸς
3673 2198 3741 2253 τὸ

333 2291 583 2362 imperio
613 2289 992 2361 potentiaque
1023 2289 1284 2345 certavit.

2079 2291 2176 2343 τοῦ
2209 2286 2434 2341 θανάτου
2462 2286 2774 2362 ἠγωνίσατο
2805 2287 3025 2360 κράτος.

394 2380 823 2436 Certaminibus.
855 2377 1083 2434 Scilicet
1114 2395 1217 2450 per
1253 2379 1587 2435 unctionem
1633 2379 1815 2435 divini
1865 2395 1970 2434 un-

2153 2373 2465 2446 Ἀθλήσεσι.
2522 2376 2619 2430 Διὰ
2660 2382 2761 2446 τῆς
2820 2373 3056 2452 ἀλοιφῆς
3115 2372 3377 2446 δηλονότι
3432 2378 3530 2430 τοῦ
3588 2374 3738 2431 θείου

331 2469 554 2542 guenti.

2087 2466 2283 2542 μύρου.

399 2559 665 2626 Actiones,
697 2560 809 2613 etc.
841 2557 1116 2614 Actiones
1147 2557 1387 2628 quidem
1410 2558 1554 2613 dicit
1574 2563 1829 2630 peccata,
1851 2563 1974 2615 tur-

2163 2553 2463 2630 Ἐνεργείας
2512 2574 2570 2608 τε
2620 2551 2732 2610 καί.
2787 2552 3088 2626 Ἐνεργείας
3151 2554 3244 2625 μὲν
3304 2553 3400 2616 τὰς
3461 2552 3734 2626 ἁμαρτίας

326 2645 724 2716 bulentasque
752 2643 1102 2714 cupiditates
1123 2648 1181 2697 et
1209 2651 1404 2698 motus
1429 2663 1442 2711 ;
1467 2647 1753 2700 essentias
1778 2650 1922 2700 aute}

2143 2645 2172 2700 ιὶ
2246 2645 2344 2707 τὰς
2414 2641 2673 2716 ἐμπαθεῖς
2753 2641 3037 2719 έριθυμίας
3093 2643 3181 2696 καὶ
3247 2644 3489 2713 κινήσεις
3553 2643 3739 2720 {inciv-

327 2736 662 2790 demonum
696 2734 790 2788 6|
831 2738 1091 2798 naturas,
1125 2749 1254 2803 quae
1308 2733 1424 2787 vim
1480 2734 1686 2798 agendi
1736 2734 1923 2790 haben

2141 2733 2340 2809 τάρξεις
2383 2729 2440 2788 δὶ
2476 2732 2571 2794 τὰς
2620 2730 2966 2808 ἐνεργητικὰς
3019 2735 3125 2786 τῶν
3186 2728 3460 2804 δαιμόνων
3522 2730 3737 2808 φύσεις·

329 2823 640 2878 Enimvero
673 2823 958 2893 improbas
1009 2821 1269 2877 actiones
1320 2839 1436 2877 non
1467 2822 1526 2876 in
1561 2839 1668 2877 sua
1723 2829 1921 2878 essent

2201 2824 2301 2900 γὰρ
2352 2821 2588 2898 πονηραὶ
2645 2821 2861 2897 πράξεις
2919 2819 3018 2875 οὐκ
3071 2819 3123 2876 έν
3179 2817 3288 2875 ἰδία
3341 2819 3560 2894 ὑπάρξει
3607 2831 3747 2883 θεω-

334 2916 661 2981 naturaque
693 2914 1054 2980 spectantur.

921 2914 1054 2964 Itur.
2092 2909 2306 2989 ροῦνται
2319 2955 2332 2968 .
2514 2967 2517 2970 .

400 2999 584 3071 §VIL
619 2999 895 3066 Quoniam
927 3014 1073 3054 mors
1121 3003 1216 3054 est.
1268 2999 1415 3064 Quid
1469 3001 1545 3056 sit
1592 3017 1750 3057 mors
1799 3002 1978 3068 dicit;

2166 3001 2346 3076 ΞνΙΙ.
2382 2996 2603 3069 Ἐπειδὴ
2640 2997 2864 3060 θάνατός
2896 2997 3059 3056 ἰστιν.
3096 2998 3165 3055 Τί
3197 2997 3305 3053 ἐστι
3353 2999 3600 3071 θάνατος,
3650 2997 3743 3052 καὶ

331 3086 1016 3158 conglutinationemque
1046 3087 1230 3143 nostri
1263 3105 1392 3144 esse
1423 3090 1895 3161 conjunctionem

1517 3090 1895 3161 ijunctionem
1927 3098 1984 3148 et
2033 3158 2059 3161 _7
2095 3089 2178 3146 ὅτι
2207 3087 2398 3153 ἓνωσίς
2423 3088 2562 3144 ἐστιν
2591 3091 2626 3158 ἠ
2660 3089 2899 3150 σύνθεσις
2931 3091 3113 3157 ἡμῶν.

332 3176 630 3231 unionem.
1532 3158 1547 3161 ’
2019 3158 2062 3225 C

401 3264 478 3320 Ad
506 3265 800 3321 obscurum
833 3265 963 3337 quid
987 3266 1208 3322 ducens.
1243 3267 1362 3322 Hoc
1413 3267 1606 3339 ipsum
1657 3272 1809 3340 quod
1867 3289 1987 3327 non

2170 3268 2391 3346 ’Λφανὶς
2455 3268 2678 3342 ἄγουσα.
2737 3270 2910 3320 Τοῦτο
2970 3266 3032 3320 τὸ
3089 3265 3282 3344 aperte;
3339 3287 3482 3328 τινες
3535 3262 3742 3341 ἔφησαν

327 3353 576 3418 videtur,
609 3353 846 3424 quidam
873 3354 1092 3410 inferos
1123 3371 1254 3411 esse
1285 3356 1558 3412 dixerunt
1587 3378 1601 3427 ;
1638 3359 1694 3414 id
1739 3365 1829 3414 est
1875 3361 1923 3415 di

2149 3379 2232 3412 ναι
2259 3359 2350 3411 τὸν
2403 3351 2555 3428 ᾅδην,
2589 3355 2830 3410 τουτέστι
2872 3355 2964 3410 τὸν
3017 3351 3170 3424 ἀειδῆ
3215 3354 3304 3408 καὶ
3358 3355 3532 3428 ἀφανῆ
3579 3356 3745 3429 γενό-

328 3459 557 3499 cessum
590 3444 1137 3514 separationemque
1169 3445 1370 3510 animi,
1406 3462 1534 3517 quae
1566 3465 1681 3503 non
1736 3449 1924 3505 videtu

2146 3467 2260 3501 ενον
2291 3449 2389 3510 τῆς
2413 3449 2602 3520 ψυχῆς
2633 3445 2941 3521 χωρισμὸν,
2974 3442 3048 3506 εἶς
3077 3444 3278 3508 τόπους
3329 3443 3594 3520 ἀοράτους
3623 3449 3742 3506 τοῖς

329 3547 438 3586 nec
468 3535 730 3603 apparet,
763 3533 833 3587 ad
863 3532 989 3588 loca
1029 3549 1157 3604 quas
1211 3534 1396 3590 videri
1452 3552 1566 3591 non
1615 3542 1864 3608 possunt
1915 3556 1925 3594 ι

801 3533 833 3586 d
863 3532 989 3588 loca
1029 3549 1157 3604 quas
1211 3534 1396 3590 videri
1452 3552 1566 3591 non
1615 3542 1864 3608 possunt
1915 3540 1986 3594 ab
2097 3535 2397 3607 αἰσθητοῖς.

330 3619 406 3677 iis
431 3620 531 3691 qui
563 3620 674 3676 sub
706 3637 946 3677 sensum
991 3623 1231 3679 cadunt.

397 3709 680 3781 Corporeis
709 3713 1210 3769 immutationibus.
1241 3713 1403 3786 Saepe
1423 3715 1581 3771 enim
1638 3715 1984 3774 dissolvitur

2166 3710 2563 3788 Σωματοειδῶν
2642 3709 3020 3770 ἀλλοιώσεων.
3088 3709 3366 3774 Πολλάκις
3445 3712 3544 3788 γὰρ
3614 3712 3745 3768 ἄνα-

328 3803 384 3854 et
407 3799 615 3855 recidit
650 3816 884 3873 corpus,
910 3818 1024 3858 non
1049 3801 1239 3859 solum
1278 3804 1334 3859 in
1361 3821 1606 3871 vermes,
1640 3807 1741 3861 sed
1775 3806 1831 3862 in
1867 3806 1917 3862 al

2151 3807 2460 3879 ‘Otxetoﬁ-tou
2519 3800 2581 3856 οὐ
2637 3800 2802 3875 μόνον
2853 3799 2928 3862 εἷς
2989 3797 3304 3871 σκώληκας,
3338 3799 3482 3856 ἀλλᾶ
3524 3801 3616 3855 καὶ
3667 3801 3747 3864 εἲς

327 3902 562 3958 quoque
595 3888 938 3946 animantia.
957 3891 1106 3947 Vide
1127 3893 1301 3949 etiam
1329 3897 1392 3948 ut
1413 3894 1798 3951 mutationem
1822 3897 1914 3967 eju

2147 3893 2234 3948 ιλα
2269 3896 2379 3961 ζῶα
2406 3890 2468 3946 τὸ
2519 3893 2697 3962 σῶμα.
2729 3890 2871 3963 ’Όρα
2924 3886 3002 3960 δὲ,
3055 3888 3138 3944 ὅτι
3189 3889 3276 3944 καὶ
3325 3889 3424 3958 τήν
3481 3889 3743 3958 τοιαύτην

327 3975 488 4027 modi
520 3972 840 4043 ἀλλοίωσιν,
875 3979 932 4033 id
964 3985 1054 4034 est
1077 3984 1598 4039 commutationem
1623 3985 1894 4056 appellat,
1922 4017 1923 4028 ι

2149 3977 2400 4051 ιταϐολήν
2442 3977 2740 4034 ἀλλοίωσιν
2793 3976 2985 4045 καλεῖ,
3035 3978 3126 4031 καὶ
3174 3975 3256 4032 ὅτι
3309 3978 3337 4032 ὁ
3393 3975 3621 4039 θάνατος
3680 3979 3745 4033 οὐ

330 4065 577 4115 mortem
613 4079 725 4116 non
758 4081 886 4119 esse
909 4068 1173 4122 essentia
1200 4075 1410 4125 nostrae
1433 4074 1926 4143 consumptionen

2145 4078 2184 4139 ίς
2219 4069 2404 4129 οὐσίας
2455 4071 2617 4140 ἡμῶν
2669 4065 2811 4121 ἐστιν
2864 4065 3184 4141 ἀνυπαρξία,
3229 4067 3319 4120 καὶ
3363 4064 3448 4120 ὅτι
3493 4068 3529 4136 η
3582 4069 3741 4142 ψυχή

329 4153 390 4204 et
419 4148 684 4204 animum
717 4167 850 4206 cum
883 4153 1156 4209 discessit
1188 4173 1218 4211 a
1251 4175 1510 4228 corpore,
1537 4177 1651 4215 non
1676 4179 1925 4232 appareri

2146 4163 2299 4213 ιοῦσα
2333 4155 2435 4211 to?)
2484 4157 2741 4229 σώματος
2773 4155 2983 4233 ἀφανὴς
3030 4154 3257 4228 γίνεται,
3289 4153 3380 4207 καὶ
3426 4152 3529 4208 οὐκ
3567 4152 3742 4210 εἷλεῖ-

329 4253 438 4292 nec
471 4237 686 4292 versari
719 4239 939 4294 circum
992 4258 1226 4313 corpus,
1263 4250 1326 4298 ut
1357 4247 1626 4302 nonnulli
1681 4249 1922 4304 dixerun

2145 4269 2168 4300 ,ι
2201 4246 2324 4322 περὶ
2353 4247 2416 4300 τὸ
2449 4250 2628 4318 σῶμα,
2655 4239 2730 4306 ὥς
2759 4264 2896 4305 τινες
2931 4244 3104 4311 εἷπον,
3133 4243 3223 4298 καὶ
3269 4241 3352 4297 ὅτι
3379 4244 3415 4311 ἠ
3446 4239 3741 4306 κατάδυσις

330 4325 886 4399 immersionemque
924 4329 984 4383 in
1016 4346 1229 4401 aquam
1291 4338 1444 4388 recte
1497 4341 1795 4406 acceptam
1845 4354 1926 4395 es:

1863 4354 1975 4395 isse
2080 4341 2179 4392 τοῦ
2209 4334 2401 4398 ὕδατος
2434 4335 2552 4390 ἀντὶ
2585 4336 2817 4398 θανάτου
2845 4331 3031 4394 καλῶς
3061 4329 3459 4408 παρείληπται.

332 4431 436 4486 pro
466 4419 672 4471 morte.

403 4503 676 4559 Divinam.
706 4504 971 4561 Divinam
1005 4512 1250 4564 mortem
1299 4515 1465 4567 vocat
1514 4513 1693 4569 trium
1747 4516 1973 4574 dierum

2153 4517 2252 4572 Τὸν
2303 4514 2618 4591 θεαργικόν.
2648 4514 2771 4571 Ὂτι
2814 4513 3102 4587 θεαρχικὸν
3155 4510 3379 4565 θάνατον
3430 4509 3590 4565 καλεῖ
3635 4511 3740 4578 τὴν

333 4592 562 4648 Domini
595 4593 981 4664 sepulturam,
1013 4597 1308 4669 verbaque
1350 4599 1451 4656 illa
1498 4602 1769 4661 Domini:
1828 4609 1928 4662 Ven

2147 4607 2385 4680 ιιήμερον
2434 4607 2535 4659 τοῦ
2587 4602 2784 4676 Κυρίου
2831 4603 3046 4680 ταφήνο
3095 4599 3187 4654 καὶ
3245 4601 3331 4654 ὅτι
3387 4601 3452 4653 τὸ
3506 4598 3658 4674 ῥῆμα
3713 4601 3743 4654 ὃ

329 4683 584 4754 princeps
616 4681 777 4751 huius
808 4685 1022 4751 mundi,
1054 4689 1102 4740 et
1137 4688 1197 4742 in
1247 4705 1335 4742 me
1383 4706 1494 4746 non
1541 4694 1778 4750 inveniet
1823 4699 1925 4766 qui.

2150 4715 2233 4749 πεν
2267 4694 2296 4748 ὁ
2345 4691 2562 4768 Κύριος·
2599 4689 2918 4766 Ἔρχεταιὸ
2970 4685 3156 4763 ἄρχων
3205 4690 3304 4742 τοῦ
3353 4685 3565 4759 κόσμου
3616 4686 3746 4742 τού-

331 4786 498 4840 quam
527 4772 621 4842 (e),
654 4771 811 4827 verbi
837 4787 966 4828 esse
989 4772 1170 4842 dicit;
1201 4777 1524 4849 principem
1550 4787 1741 4838 autem
1773 4801 1927 4840 muni

2148 4803 2206 4852 ιυ,
2258 4782 2347 4836 καὶ
2397 4782 2447 4834 έν
2498 4779 2623 4853 ἐμοὶ
2687 4780 2908 4853 εὑρήσει
2963 4775 3152 4843 οὐδὲν,
3198 4780 3294 4830 τοῖ’)
3345 4774 3519 4850 λόγου
3575 4775 3744 4852 φησὶν

330 4863 388 4914 et
430 4859 858 4917 diabolicarum
917 4861 1285 4919 voluntatum
1349 4882 1476 4936 quae
1528 4869 1586 4924 in
1637 4870 1926 4929 hominibi

2145 4892 2245 4928 ναι.
2279 4873 2560 4945 ’Δρχοντα
2603 4865 2661 4922 δὲ
2689 4872 2786 4922 τοῦ
2833 4866 3043 4939 κόσμου
3073 4864 3162 4920 καὶ
3200 4867 3307 4919 τῶν
3343 4864 3394 4919 ἐν
3429 4863 3741 4940 ἀνθρώποις

330 4953 467 5002 sunt
496 4949 774 5005 Satanam
807 4950 967 5018 dicit,
1000 4951 1100 5022 qui
1151 4955 1358 5009 mortis
1413 4957 1728 5028 imperium
1779 4961 1926 5018 habe

2151 4955 2422 5015 αϐολικῶν
2473 4958 2863 5032 προαιρέσεων,
2914 4956 3007 5009 τὸν
3065 4957 3296 5007 Σατανᾶν
3347 4951 3516 5025 λέγει,
3546 4954 3641 5008 τὸν
3677 4955 3747 5008 τὸ

331 5037 592 5126 Apostoii
627 5041 939 5104 sententia.
972 5042 1071 5112 qui
1107 5041 1162 5096 in
1189 5042 1423 5100 Christo
1455 5046 1602 5101 nihil
1634 5065 1752 5104 suaeI
1797 5052 1927 5107 viola

2143 5050 2285 5110 ›άτος
2335 5045 2533 5122 ἔχοντα
2585 5050 2680 5101 τοῦ
2729 5045 2980 5111 θανάτου,
3030 5041 3166 5097 κατᾶ
3228 5042 3321 5096 τὸν
3377 5040 3739 5098 Ἀπόστολον·

332 5125 509 5213 tionis
538 5127 762 5184 invenit
790 5147 803 5198 ;
835 5137 1114 5202 peccatum
1146 5135 1298 5188 enim
1339 5153 1450 5190 non
1481 5139 1611 5208 fecit
1656 5157 1828 5213 neque
1872 5144 1928 5199 dt

2143 5138 2246 5201 ςέν
2292 5140 2517 5211 Χριστῷ
2567 5131 2722 5189 οόδὶν
2767 5139 2870 5202 τῆς
2920 5129 3124 5191 οἲκείας
3176 5123 3534 5205 παραϐάσεως
3565 5128 3739 5206 εὗρεν·

333 5212 468 5305 lum,
501 5218 568 5268 ut
596 5216 677 5270 ait
705 5218 885 5276 Isaias
942 5222 1030 5293 (Γ).
1091 5222 1293 5296 Itaque
1336 5226 1518 5282 teneri
1552 5245 1584 5283 a
1617 5212 1802 5286 morte
1856 5249 1929 5288 no

2145 5229 2351 5305 ιαρτίαν
2400 5227 2501 5303 γὰρ
2552 5226 2651 5279 οὑκ
2700 5222 2976 5292 ἐποίησεν,
3022 5217 3147 5274 οὐδὲ
3195 5216 3382 5287 δόλον,
3413 5217 3741 5284 ὠςἨσαΐας

332 5302 582 5393 poterat,
617 5311 677 5357 ut
709 5305 788 5359 ait
822 5308 1062 5378 Petrus;
1097 5314 1194 5368 sed
1224 5315 1408 5384 [actus
1435 5321 1516 5372 est
1543 5318 1689 5374 solus
1721 5322 1781 5375 in
1818 5338 1928 5377 mor

2144 5302 2239 5389 ῃσί.
2287 5318 2379 5370 Διὸ
2418 5302 2516 5370 καὶ
2563 5311 2826 5368 ἀδύνατον
2875 5312 2940 5379 ἦν
2997 5308 3157 5363 αὐτὸν
3208 5307 3312 5363 ὑπὸ
3359 5312 3457 5363 τοῦ
3506 5307 3740 5372 θανάτου

331 5389 444 5466 tuis
476 5387 637 5458 liber,
674 5393 904 5450 Davidis
934 5400 1228 5456 sententia
1255 5401 1360 5474 (g).

2141 5387 2416 5472 iate‘ietiat,
2468 5398 2541 5464 ὥς
2587 5423 2717 5480 φησι
2762 5400 2988 5475 Πέτρος·
3042 5395 3168 5484 ἀλλ’
3217 5395 3411 5474 ἀφείθη
3466 5397 3633 5473 μόνος
3683 5397 3737 5454 ἐν

2085 5481 2300 5572 νεκροῖς
2329 5491 2634 5568 ἰλεύθερος,
2666 5489 2804 5548 κατὰ
2830 5489 2922 5545 τὸν
2956 5481 3144 5546 Δαυίδ.

400 5623 467 5696 (e)
503 5622 673 5682 Joan.
706 5643 820 5700 xw,
849 5627 936 5684 30.
1037 5629 1107 5700 (Γ)
1134 5632 1267 5702 Cap.
1304 5650 1420 5705 Lm,
1448 5655 1498 5695 v.
1531 5641 1585 5698 9.
1663 5645 1747 5716 (g)
1780 5645 1875 5703 Ps.
1908 5663 2158 5719 uxxvu,
2187 5643 2243 5699 6.
