4042 6210
215 299 330 356 133

939 297 996 349 8.
1037 291 1313 348 MAXIMI
1349 290 1654 346 SCHOLIA
1692 291 1767 342 IN
1805 288 1940 341 LIB.
1983 290 2078 342 DE
2126 289 2419 345 ECCLES.
2472 294 2940 352 HIERARCHIA.

3535 301 3637 355 134

280 422 318 496 §
347 421 503 477 VIII.
532 419 606 472 Τὸ
656 413 906 489 ἄκοσμον
955 418 1265 486 κοσμεῖται.
1296 408 1519 479 Ἐπειδὴ
1570 411 1632 464 τὸ
1689 408 1882 469 σκότος

2066 410 2096 482 §
2126 411 2278 468 VIII.
2308 415 2372 468 Id
2403 415 2543 486 quod
2571 421 2779 472 ornatu
2807 421 3050 488 carebat,
3082 425 3640 490 omatur.Quoniam

202 511 359 567 ἆστὶν
393 509 423 563 δ
458 505 696 583 ῥυπαρὸς
748 504 893 580 βίος,
941 504 1077 558 κατὰ
1117 503 1209 557 τὸν
1241 499 1602 568 Ἀπόστολον,
1635 496 1875 583 ἀκοσμό-

202 599 380 656 τατόν
405 582 465 652 τι
486 596 724 670 ὑπάρχει
757 594 846 648 καὶ
876 590 1118 647 ἀνείδεόν
1152 589 1318 660 ἐστιν,
1351 589 1458 643 οὐκ
1488 586 1614 663 ἕχον
1642 587 1705 642 τὸ
1737 582 1880 648 εἶδος

204 694 315 745 τοῦ
347 687 492 743 θείου
522 686 880 763 φρονήματος
912 700 925 714 ·
959 679 1308 753 ἀποσκίασμα
1358 679 1461 754 γὰρ
1501 677 1589 732 καὶ
1620 677 1876 752 ἀντίφρα-

205 799 334 854 γμα
388 784 491 846 τῆς
548 775 744 850 ἀρετῆς
797 770 937 826 ἰστιν
977 790 988 803 ·
1022 768 1247 854 εἷῖκότως
1300 773 1380 839 τῷ
1430 765 1743 854 φωτίσματι
1783 784 1874 818 κο-

211 852 468 941 σμιῖται,
498 863 588 919 καὶ
641 859 787 922 εἶδος
839 853 1074 935 δέχεταί
1105 857 1286 936 φωτὸς
1337 858 1364 911 ὁ
1398 854 1662 928 προσιὼν,
1698 852 1881 908 τέκνον

212 958 406 1036 φωτὸς
461 953 772 1029 γινόμενος,
803 950 894 1005 καὶ
951 949 1166 1022 σπέρμα
1195 951 1292 1036 τοῦ
1346 949 1504 1036 Θεοῦ,
1537 942 1881 1036 distincti-)4

219 1029 556 1120 δεχόμενος,
586 1040 723 1095 κατὰ
774 1039 866 1094 τὸν
919 1043 1060 1101 θεῖον
1096 1034 1374 1104 Ἰωάννην.
1405 1030 1668 1090 ’Λνιίδεον
1723 1029 1780 1086 δὶ
1827 1029 1878 1084 ἐν

215 1117 344 1195 toi;
375 1136 397 1170 ⁸
429 1131 552 1186 οὖσι
605 1130 670 1184 τὸ
728 1124 968 1188 δυσειδὶς
1023 1123 1350 1180 ἀπεκάλεσεν
1401 1121 1532 1197 οὐχὶ
1580 1122 1643 1176 τὸ
1703 1117 1878 1180 εἴδους

215 1224 400 1292 πάντη
436 1219 739 1293 ἀμέτοχον,
770 1217 948 1288 ὥσπερ
989 1215 1077 1270 καὶ
1131 1214 1194 1269 τὸ
1247 1210 1560 1290 δύσμορφον
1611 1208 1883 1271 πολλάκις

221 1310 479 1388 ἄμορφόν
510 1327 710 1384 φαμεν.

297 1582 630 1654 Ἐπιγνῶναι
677 1579 902 1650 νοερῶς.
936 1574 1076 1648 Ἐγὼ
1128 1573 1222 1646 μὶν
1277 1564 1650 1642 ὑπολαμϐάνω
1701 1571 1888 1639 σκοπῷ

230 1665 725 1744 μετριοφροσύνης,
759 1665 834 1726 ὡς
893 1662 1190 1738 ἀγνοοῦντα
1247 1657 1407 1730 δῆθεν
1463 1663 1738 1726 σιωπῆσαι
1792 1657 1884 1711 τὸν

235 1761 403 1834 μέγαν
466 1754 774 1810 Διονύσιον.
806 1753 943 1844 ’Ότι⁸
983 1751 1076 1824 μὶν
1117 1749 1220 1825 γὰρ
1249 1748 1582 1844 ’πνεύματος
1637 1745 1886 1844 inportet)-
1917 1779 1965 1844 Β

228 1833 368 1911 σεως
419 1845 649 1916 ἠξίωτο,
704 1840 875 1912 δῆλον
927 1839 978 1894 ἰν
1037 1842 1105 1912 τῇ
1165 1838 1304 1913 πρὸς
1345 1837 1437 1891 τὸν
1497 1833 1888 1909 εὐαγγελιστήν

227 1938 490 2008 Ἰωάννῃν
523 1929 792 2004 ἐπιστολῇ
824 1927 1119 2003 πεποίηκεν
1157 1945 1168 1957 ·
1207 1926 1360 1998 ὅμως
1390 1925 1550 1979 τοῦτό
1604 1944 1695 1996 μοι
1741 1921 1889 1977 δοκεῖ

231 2025 552 2096 σημαίνειν,
583 2021 669 2076 ὅτι
697 2022 934 2095 Χριστοῦ
969 2014 1168 2071 εὐωδία
1199 2010 1345 2077 ὄντες
1378 2019 1631 2087 πανταχῆ
1685 2012 1737 2066 οἱ
1788 2016 1888 2064 τοῦ

233 2114 380 2177 θείου
416 2110 732 2182 Πνεύματος
779 2107 1105 2180 ήξιωμᾶνοι,
1137 2105 1225 2159 κοὶ
1283 2103 1568 2163 ὶνωθὲντες
1622 2100 1770 2172 αὐτῷ
1817 2103 1885 2172 τῇ

230 2196 570 2277 καθαρότητι
629 2197 767 2254 κατά
822 2197 913 2250 τὸν
975 2192 1334 2261 Ἀπόστολον,
1394 2191 1734 2246 αἰσθάνονται
1789 2191 1888 2253 τῆς

234 2291 402 2345 αὐτοῦ
456 2286 779 2358 παρουσίας,
811 2283 891 2356 τῷ
948 2282 1222 2358 γλώσσαις
1282 2279 1489 2346 Λαλιῖν,
1540 2279 1574 2348 ἢ
1624 2297 1891 2355 προφητι-

231 2380 325 2435 κὸν
359 2375 514 2453 ἔχειν
550 2377 820 2450 χάρισμα,
852 2372 888 2442 ἢ
922 2371 1090 2432 ἰάσεις
1137 2368 1391 2445 ἐνεργεῖν,
1421 2368 1512 2422 καὶ
1561 2365 1660 2421 ὅσα
1690 2365 1739 2420 ἐν
1771 2371 1890 2427 ταῖς

231 2470 468 2542 Πράξισι
531 2462 818 2534 δηλοῦται,
874 2460 965 2515 καὶ
1015 2459 1162 2534 παρὰ
1213 2462 1295 2530 τῷ
1353 2458 1614 2528 Θιιοτᾶτῳ
1662 2454 1885 2526 Παύλῳ.

231 2555 459 2616 ’Ἄλλως
486 2573 502 2587 ’
538 2554 606 2611 Οἱ
636 2553 710 2614 ὡς
749 2549 1108 2621 πνευματικοὶ
1151 2548 1219 2602 τὰ
1261 2547 1600 2618 πνευματικὰ
1642 2548 1891 2604 νοοῦντες

227 2645 321 2700 καὶ
365 2649 490 2705 τοῖς
542 2644 930 2714 πνευματικοῖς
977 2635 1370 2711 συγκρίνοντες,
1419 2634 1510 2688 καὶ
1557 2635 1656 2703 τήν
1710 2627 1886 2686 ἔνθεον

229 2736 320 2789 καὶ
379 2731 759 2804 πνευματικὴν
820 2725 1048 2782 εὐωδίαν
1109 2725 1254 2780 οὕτω
1313 2725 1596 2793 νοήσουσι.
1651 2722 1887 2797 Χριστοῦ

239 2825 332 2897 μὲν
379 2823 484 2898 γὰρ
539 2818 766 2874 εὐωδίαν
805 2817 966 2894 φησὶν
999 2817 1136 2869 εἷμαι
1167 2810 1404 2879 Παῦλος,
1435 2812 1564 2874 τοὺς
1617 2810 1684 2864 τὰ
1724 2809 1888 2881 εὐαγ-

236 2911 438 2989 γελικὰ
475 2909 869 2983 κηρύττοντας,
901 2903 977 2965 ὠς
1032 2901 1092 2956 ἐκ
1136 2903 1278 2970 ζωῆς
1327 2903 1425 2968 τῆς
1453 2900 1687 2960 πίστεως
1716 2900 1891 2989 ἠγουῗ

240 2986 434 3072 μένους
481 2996 572 3053 ἐπὶ
626 2995 772 3064 ζωὴν
819 2993 918 3062 τὴν
965 2989 1053 3047 διὰ
1107 2989 1480 3065 βαπτίσματος
1541 2989 1749 3062 ἄφεσιν,
1797 2986 1889 3040 καὶ

233 3093 328 3143 τοῦ
380 3085 543 3162 ἁγίου
591 3083 906 3156 Πνεύματος
959 3079 1130 3147 δόσιν,
1162 3078 1252 3134 καὶ
1308 3075 1587 3153 βασιλείαν
1639 3076 1884 3150 οὐρανῶν

1985 499 2237 555 tenebrae
2261 502 2540 574 quiddam
2564 511 2728 575 sunt,
2761 510 2916 578 quod
2951 510 3202 566 maxime
3225 517 3434 566 ornatu
3460 518 3640 581 caret,

1986 589 2247 659 Apostoli
2279 592 2591 659 sententia,
2617 610 2744 666 qua
2787 603 2928 652 sunt
2957 599 3078 654 vita
3113 599 3387 667 sordida;
3427 607 3483 656 et
3514 603 3643 658 sine

1989 677 2180 734 forma
2198 684 2356 745 sunt,
2379 696 2513 736 cum
2539 682 2784 739 formam
2809 689 2866 740 et
2887 688 3138 758 speciem
3157 688 3365 743 divinis
3392 692 3641 761 pruden.

1988 768 2081 820 tite
2106 784 2220 823 non
2247 769 2502 825 habeant
2531 787 2543 826 :
2568 773 2902 830 obscuratio
2935 777 3091 832 enim
3143 785 3280 832 sunt
3322 777 3559 834 virtutis
3589 786 3644 835 et

1989 856 2347 914 obstructio:
2375 860 2508 929 jure
2539 877 2604 916 ac
2638 864 2846 918 merito
2879 864 3273 922 illustrations
3302 875 3564 933 ornatur,
3588 872 3647 923 et

1991 946 2246 1015 speciem
2298 947 2670 1022 formamque
2720 951 2872 1008 lucis
2925 954 3137 1026 accipit
3176 955 3227 1010 is
3259 956 3358 1027 qui
3391 957 3461 1011 ad
3496 957 3644 1028 bap-

1990 1035 2234 1090 tismum
2282 1039 2530 1105 accedit,
2585 1040 2774 1096 factus
2832 1041 2982 1098 lucis
3016 1043 3258 1108 ﬁlius,et
3288 1044 3512 1101 semine
3542 1046 3643 1101 Dei

1993 1125 2146 1195 quod
2180 1123 2278 1180 lux
2297 1131 2386 1182 est
2415 1134 2674 1200 accepto,
2708 1135 2774 1185 ut
2803 1131 2886 1186 ait
2917 1132 3149 1188 divinus
3204 1136 3499 1190 Joannes:
3541 1135 3644 1190 de-

1990 1213 2174 1269 forme
2206 1220 2399 1270 autem
2429 1216 2482 1270 id
2507 1219 2660 1285 quod
2696 1218 2754 1274 in
2781 1221 2956 1274 rebus
2979 1221 3224 1292 pulchra
3247 1228 3406 1277 caret
3427 1223 3644 1294 specie,

1993 1318 2112 1357 rem
2146 1306 2340 1375 specie
2357 1305 2697 1361 destitutam
2730 1309 2988 1376 vocavit;
3017 1326 3134 1365 non
3163 1327 3298 1365 vero
3331 1313 3484 1381 quod
3510 1328 3643 1383 spe-

1993 1392 2098 1446 ciei
2127 1391 2295 1464 plane
2325 1410 2529 1466 expers
2555 1395 2653 1465 sit,
2703 1396 2859 1452 sicut
2906 1397 3053 1452 illud
3085 1400 3239 1469 quod
3275 1404 3364 1454 est
3394 1395 3642 1472 δύσμορ-

1994 1500 2116 1556 φον,
2147 1481 2418 1553 deforme,
2467 1499 2620 1556 sape
2671 1480 2941 1561 ἄμορφον,
2975 1488 3096 1542 sine
3124 1489 3337 1557 forma,
3367 1488 3645 1544 dicimus.

2064 1571 2410 1642 Spiritaliter
2437 1573 2886 1641 cognoscendum.
2914 1575 3194 1643 Equidem
3231 1575 3500 1632 existimo
3520 1593 3644 1632 mo-

1995 1659 2195 1714 destiae
2245 1677 2424 1716 causa
2461 1662 2629 1733 quasi
2684 1663 3056 1734 ignorantem
3112 1664 3336 1721 scilicet
3389 1665 3647 1722 tacuisse

1996 1765 2272 1819 magnum
2297 1751 2396 1806 62
2423 1751 2778 1822 Dionysium.
2810 1757 2880 1808 Se
2909 1752 3067 1808 enim
3100 1753 3308 1825 spiritu
3343 1756 3647 1824 praenotio-

1997 1838 2088 1892 nis
2103 1838 2688 1910 dignumjudicatum
2715 1856 2866 1908 esse,
2892 1841 3133 1913 planum
3159 1843 3292 1898 fecit
3315 1843 3372 1898 in
3397 1843 3647 1914 epistola

1997 1927 2066 1981 ad
2090 1927 2378 1982 Joannem
2413 1929 2861 2001 evangelistam.
2899 1935 3013 1986 Hoc
3044 1935 3241 1986 tamen
3283 1931 3428 1987 mihi
3457 1933 3645 2004 signi-

1997 2015 2170 2070 ﬁcare
2194 2015 2444 2080 videtur,
2476 2034 2609 2072 cum
2645 2017 2859 2073 Christi
2900 2020 3090 2076 bonus
3123 2021 3269 2075 odor
3295 2020 3418 2076 sint
3448 2021 3510 2087 ii,
3543 2022 3643 2093 qui

1997 2104 2259 2159 divinum
2290 2106 2568 2177 Spiritum
2589 2113 2959 2178 acceperunt,
2994 2113 3051 2164 et
3081 2110 3374 2180 conjuncti
3423 2109 3473 2165 ei
3526 2111 3646 2166 sint

1998 2194 2276 2263 puritate,
2326 2194 2590 2265 Apostoli
2643 2196 2956 2261 sententia,
3012 2197 3172 2268 ipsos
3223 2199 3351 2268 ejus
3399 2215 3650 2269 praesen-

1995 2281 2136 2336 tiam
2169 2281 2569 2353 sentire,quod
2597 2282 3645 2357 linguisloquantur,etpropbeticum

1999 2386 2218 2426 munus
2239 2370 2579 2438 habeant,et
2598 2379 2806 2426 curent
2829 2373 3149 2442 morbos,et
3177 2374 3377 2428 omnia
3405 2374 3643 2443 faciant,

1999 2477 2126 2532 quas
2159 2461 2217 2514 in
2266 2460 2428 2515 Actis
2479 2460 2878 2532 apostolorum
2934 2461 3332 2531 declarantur,
3381 2469 3440 2518 et
3486 2467 3642 2536 apud

1997 2548 2407 2604 beatissimum
2441 2548 2709 2604 Paulum.
2748 2549 2959 2605 Aliter:
3010 2551 3118 2615 Qui
3158 2557 3222 2606 ut
3252 2552 3547 2624 spiritales
3576 2570 3645 2610 ea

1997 2655 2125 2710 quas
2157 2637 2401 2708 spiritus
2433 2642 2571 2691 sunt
2602 2638 2946 2710 intelligunt
2974 2643 3030 2694 et
3060 2640 3469 2712 spiritualibus
3491 2657 3647 2698 com‘

1997 2731 2226 2798 parant,
2257 2731 2314 2781 et
2344 2726 2380 2779 ii
2415 2725 2670 2781 divinam
2732 2728 2909 2782 etiam
2963 2727 3409 2799 spiritalemque
3449 2731 3648 2785 odoris

1997 2817 2341 2872 suavitatem
2378 2816 2457 2871 ita
2481 2815 3236 2888 intelligent.Christianum
3260 2819 3481 2874 bonum
3503 2820 3644 2875 odo-

1997 2922 2120 2960 rem
2137 2905 2279 2960 dicit
2309 2903 2524 2959 Paulus
2553 2921 2758 2960 omnes
2792 2921 2921 2961 esse
2951 2906 3053 2977 qui
3084 2906 3420 2978 evangelica
3442 2909 3648 2980 prsidi-

1997 2992 2396 3064 cant;quippe
2419 2993 2516 3064 qui
2537 3009 2605 3048 ex
2620 2993 2739 3048 vita
2755 2993 2886 3049 tidei
2909 2994 2979 3048 ad
3004 2995 3178 3050 vitam
3208 2997 3554 3066 perducant,
3590 3003 3648 3051 et

1997 3084 2408 3140 remissionem
2426 3099 2554 3153 qua
2579 3085 2638 3139 fit
2662 3100 2762 3154 per
2775 3084 3158 3155 baptismum,
3183 3085 3373 3142 sancti
3394 3087 3648 3158 Spiritus

281 3142 284 3143 ν
430 3142 443 3162 ι
737 3142 748 3156 Ι
894 3142 900 3143 '
1117 3142 1126 3147 '
1309 3142 1318 3153 ι
1711 3142 1720 3150 1

239 3176 305 3232 δι’
337 3173 514 3250 ἔργων
545 3176 886 3243 θεοπρεπῶν,
917 3171 1024 3224 τῶν
1065 3167 1153 3224 καὶ
1205 3165 1429 3230 εὐωδίας
1474 3172 1678 3235 νοητῆς
1717 3160 1883 3218 ὄντων

2001 3173 2366 3245 largitionem
2420 3188 2784 3244 regnumque
2819 3173 3096 3229 calorum
3125 3191 3228 3246 per
3249 3191 3425 3245 opera
3454 3175 3652 3231 divina

240 3264 544 3334 δηλοῦντας
577 3279 590 3295 ·
625 3261 744 3325 ὅθεν
778 3259 979 3338 φιάλας
1011 3255 1366 3331 θυμιαμάτων
1423 3254 1618 3328 μεστὰς
1659 3253 1756 3315 τὰς
1804 3251 1892 3308 :6-

242 3355 342 3430 χὰς
402 3358 514 3408 τῶν
575 3350 801 3406 δικαίων
852 3345 1110 3416 Ἰωᾶίννης
1159 3348 1187 3401 ὁ
1233 3351 1374 3409 θεῖος
1434 3342 1485 3398 ἐν
1520 3341 1894 3415 Ἀποκαλύψιι

244 3448 436 3516 θεωρεῖ
467 3446 509 3498 ⁵.
544 3438 789 3496 Δυσωδία
820 3436 878 3494 δὲ
903 3442 1000 3493 τοῦ
1050 3432 1317 3491 διαϐόλου
1363 3436 1431 3490 τὰ
1475 3440 1575 3503 τῆς
1630 3432 1895 3507 ἁμαρτίας

243 3534 374 3589 εἰσὶν
430 3527 583 3605 ἔργα,
617 3529 692 3590 ὠς
750 3528 840 3582 καὶ
899 3525 950 3581 ἰν
1009 3525 1270 3598 Ψαλμοῖς
1320 3522 1529 3599 εἴρηται
1560 3541 1572 3554 ·
1607 3523 1896 3598 Ῑιροσώζι-

238 3644 334 3676 σαν
412 3620 502 3675 καὶ
578 3618 852 3695 ἐσάπησαν
930 3616 983 3670 οἱ
1045 3611 1319 3687 μώλωπες
1390 3633 1495 3685 μου
1553 3610 1661 3665 ἀπὸ
1725 3631 1894 3686 προσ-

244 3713 404 3765 ώπου
459 3715 560 3777 τῆς
619 3705 926 3784 ἀφροσύνης
990 3723 1114 3777 μου,
1169 3702 1410 3756 τουτέστι
1475 3705 1577 3768 τῆς
1630 3697 1897 3771 ἁμαρτίας

245 3821 376 3872 μου.
413 3799 512 3852 Διὸ
562 3795 653 3850 καὶ
692 3797 720 3848 ὁ
751 3793 982 3866 Χριστὸς
1030 3791 1204 3866 μόρον
1254 3788 1538 3852 ἐκκενωθὲν
1569 3788 1901 3861 κεγρησμῴ-

242 3886 402 3957 δηται
441 3906 456 3920 ⁸
515 3885 607 3940 καὶ
666 3882 1006 3961 ὐσφραίνεται
1065 3881 1243 3952 ὀσμὴν
1298 3875 1528 3938 εὐωδίας
1588 3875 1783 3951 Κύριος
1845 3875 1895 3929 ἂν

240 3982 307 4051 τῇ
365 3978 660 4052 προσφορᾷ
712 3975 810 4027 τοῦ
865 3969 1077 4026 δικαίου
1147 3972 1284 4022 Νῶε.
1345 3967 1613 4022 Ἐντεῦθεν
1690 3965 1780 4052 καὶ
1835 3965 1898 4018 τὸ

242 4051 584 4142 Εὐαγγέλιον
609 4067 727 4123 τοῖς
762 4062 857 4134 μὲν
895 4059 1041 4134 ὀσμὴ
1075 4060 1268 4131 [ζωοῖς,
1300 4061 1418 4120 τοῖς
1447 4060 1662 4116 πιστοῖς
1694 4051 1899 4124 δηλον-

245 4154 322 4208 ότι
358 4173 372 4186 ’
410 4158 532 4215 τοῖς
561 4148 619 4205 δὲ
651 4148 918 4221 ἀπίστοις]
952 4146 1202 4211 θανάτου,
1235 4144 1351 4200 ἀντὶ
1380 4148 1476 4198 τοῦ
1505 4148 1620 4204 τοῖς
1651 4141 1900 4204 ἀπίστοις

239 4244 328 4297 καὶ
355 4235 632 4307 ἀσεϐέσιν,
658 4238 804 4310 ὀσμὴ
838 4235 1005 4291 πάλιν
1035 4234 1112 4298 εἷς
1141 4234 1360 4288 θάνατον
1409 4231 1630 4306 γίνεται,
1663 4228 1896 4306 ἐλέγχον

243 4333 308 4386 τὰ
336 4328 492 4406 ἔργα,
528 4329 619 4382 καὶ
649 4331 968 4401 κατακρῖνον
997 4323 1074 4385 εἰς
1100 4323 1334 4398 γέενναν,
1367 4321 1426 4375 ὃν
1465 4321 1666 4394 τρόπον
1716 4319 1806 4373 καὶ
1836 4320 1900 4373 τὸ

243 4419 515 4494 ἰξαίρετον
576 4418 716 4470 πάνυ
779 4414 947 4488 μύρον
1003 4412 1140 4467 κατά
1187 4410 1382 4466 ταύτὸν
1430 4408 1520 4463 καὶ
1577 4410 1897 4484 ἀνθρώπους

2002 3278 2202 3317 eorum
2227 3261 2326 3334 qui
2361 3262 2494 3317 boni
2519 3261 2716 3317 odoris
2738 3263 3224 3328 sunt,declarant.
3253 3265 3395 3318 Hinc
3421 3263 3649 3336 phialas

2002 3351 2375 3406 incensorum
2409 3351 2653 3406 odorum
2691 3350 2915 3422 plenas,
2948 3369 3146 3422 preces
3169 3353 3470 3423 justorum
3501 3353 3652 3407 divi-

2005 3457 2116 3494 nus
2145 3440 2406 3496 Joannes
2440 3439 2495 3493 in
2529 3439 2876 3512 Apocalypsi
2908 3440 3064 3495 videt
3097 3441 3194 3511 (ἡ).
3238 3442 3412 3496 Teter
3451 3446 3649 3496 autem

2006 3529 2221 3584 diaboli
2255 3530 2400 3584 odor
2421 3533 2561 3583 sunt
2581 3545 2756 3599 opera
2780 3529 3094 3599 peccati,ut
3110 3529 3286 3583 etiam
3321 3531 3380 3584 in
3405 3529 3654 3585 Psalmis

2006 3618 2225 3673 dictum
2248 3622 2372 3672 est:
2403 3619 2749 3672 Putruerunt
2773 3626 2824 3671 et
2877 3621 3152 3688 corruptae
3199 3623 3326 3671 sunt
3368 3618 3658 3673 cicatrices

2005 3723 2137 3762 meae
2157 3723 2190 3760 a
2216 3707 2360 3776 facie
2389 3706 2730 3776 insipientia?
2757 3721 2893 3760 mea
2919 3705 3001 3774 (i),
3026 3705 3082 3758 id
3106 3709 3197 3760 est
3247 3705 3465 3776 peccati
3515 3705 3650 3760 mei.

2007 3796 2211 3866 Itaque
2231 3793 2498 3848 Christus
2523 3797 2890 3863 unguentum
2914 3792 3166 3846 etfusum
3193 3793 3264 3846 ab
3285 3792 3520 3846 oraculo
3552 3808 3653 3846 vo-

2007 3889 2178 3938 catus
2208 3886 2317 3948 est,
2345 3886 2403 3936 et
2430 3882 2711 3936 odoratus
2743 3880 2980 3935 odorem
3022 3880 3330 3935 suavitatis
3370 3880 3657 3936 Dominus

2008 3971 2068 4024 in
2113 3970 2261 4040 justi
2309 3969 2427 4024 Noe
2462 3967 2758 4023 oblatione
2793 3974 2851 4023 et
2901 3968 3215 4024 sacrificio.
3266 3968 3410 4023 Hinc
3458 3973 3652 4024 autem

2006 4056 2385 4129 Evangelium
2420 4056 2551 4112 aliis
2601 4058 2840 4128 quidem
2873 4058 3018 4113 odor
3056 4063 3148 4113 est
3175 4059 3352 4125 [vitim
3383 4058 3658 4114 videlicet

2009 4147 2281 4202 ﬁdelibus
2298 4164 2310 4213 ;
2327 4151 2624 4201 estautem
2645 4145 3008 4217 infidelibus]
3033 4147 3369 4218 mortis,pro
3387 4164 3400 4200 :
3420 4147 3659 4218 perfidis

2007 4235 2284 4307 etimpiis
2311 4252 2323 4302 ;
2355 4234 2486 4290 odor
2541 4251 2765 4289 rursum
2813 4237 3005 4290 martia
3063 4243 3140 4290 est
3171 4251 3425 4306 arguens
3461 4251 3657 4304 opera,

2007 4325 2410 4380 condemnans
2440 4341 2608 4395 poena
2638 4323 3450 4396 gehennaa,quemadmodum
3483 4323 3655 4377 etiam

2008 4413 2286 4470 eximium
2311 4418 2682 4484 unguentum
2715 4414 2919 4468 eadem
2945 4430 3013 4468 ex
3037 4418 3199 4484 parte
3220 4417 3277 4467 et
3306 4411 3575 4467 homines
3598 4412 3657 4464 in

242 4506 425 4578 ἠδύνιι
482 4505 576 4560 καὶ
638 4503 864 4580 χοίρους
911 4502 1139 4575 ἀναιρεῖ,
1173 4501 1237 4554 οὐ
1279 4499 1532 4576 φέροντας
1572 4499 1673 4566 τήν
1727 4497 1889 4573 ἄκραν

2003 4503 2294 4559 suavitate
2322 4506 2511 4557 movet
2559 4507 2615 4557 et
2666 4517 2804 4556 sues
2852 4501 3160 4566 interimit,
3212 4501 3311 4567 qui
3359 4515 3656 4555 summam

242 4594 498 4652 εὐωδίαν.
557 4597 740 4650 Ταῦτα
795 4591 1045 4652 πλατέως
1103 4588 1251 4662 λέγει
1311 4588 1458 4642 κάτω
1513 4586 1564 4642 ἐν
1614 4585 1894 4664 κεφαλαίῳ

244 4687 488 4759 τετάρτῳ
519 4683 599 4744 εἷς
625 4681 688 4736 τὸ
720 4679 909 4755 μύρον.

573 4801 669 4857 Ἐκ
695 4804 802 4854 τῶν
835 4795 1219 4852 ἀποστολικῶν
1253 4791 1566 4868 διατᾶξεων.

316 4912 468 4965 Ἐστι
500 4906 680 4962 τοίνυν
711 4906 774 4960 τὸ
811 4905 907 4978 μὶν
943 4904 1225 4979 βάπτισμα
1263 4901 1340 4964 εἷς
1387 4902 1474 4956 τὸν
1523 4899 1742 4965 θάνατον
1801 4905 1898 4956 τοῦ

251 4998 445 5072 Κυρίου
507 4992 792 5067 διδόμενον
828 5011 842 5024 ·
875 4993 937 5047 τὸ
990 4989 1048 5046 δὲ
1099 4988 1246 5066 ὕδωρ
1295 4990 1412 5045 ἀντὶ
1451 4996 1551 5060 τῆς
1581 4995 1760 5065 ταφῆς
1791 5009 1802 5021 ·
1836 4991 1898 5044 τὸ

251 5085 431 5142 ἔλαιον
463 5084 584 5141 ἀντὶ
613 5087 712 5139 τοῦ
743 5081 1060 5154 Πνεύματος
1088 5084 1183 5135 τοῦ
1215 5078 1370 5154 ἁγίου
1403 5099 1415 5110 ο
1453 5081 1488 5149 ἡ
1521 5079 1745 5153 σφραγὶς
1782 5077 1900 5133 ἀντὶ

248 5181 344 5231 τοῦ
374 5178 611 5248 σταυροῦ
645 5192 656 5205 °
690 5171 754 5226 τὸ
783 5171 951 5244 μύρον
989 5164 1278 5245 βεϐαίωσις
1304 5175 1405 5238 τῆς
1438 5167 1756 5245 ὁμολογίας.

316 5356 392 5429 (h)
414 5361 594 5430 Apoc.
618 5371 675 5421 γ,
695 5353 750 5410 8.
802 5351 870 5425 (ι’)
891 5349 1046 5409 Psal.
1067 5368 1307 5419 xxxvm,
1331 5351 1386 5406 6.

2001 4592 2200 4647 odoris
2231 4591 2580 4645 suavitatem
2615 4607 2729 4646 non
2767 4591 2972 4646 ferant.
3006 4590 3135 4645 Haec
3167 4591 3358 4645 fusius
3387 4595 3443 4644 et
3475 4587 3657 4659 pluri-

2003 4681 2116 4737 bus
2137 4679 2280 4734 dicit
2310 4679 2461 4734 int'ra
2481 4679 2540 4734 in
2564 4684 2775 4750 quarto
2802 4679 2990 4752 capite
3023 4681 3096 4735 de
3127 4682 3442 4749 unguento.

2359 4797 2443 4849 Ea:
2461 4795 2781 4866 apostolici:
2802 4795 3304 4851 constitutionibus.

2076 4903 2180 4957 Est
2208 4916 2344 4972 ergo
2384 4900 2722 4973 baptismus
2773 4900 2982 4957 mortis
3036 4898 3262 4955 Domini
3309 4897 3434 4954 loco
3468 4898 3660 4964 datus,

2009 5007 2160 5060 aqua
2193 5006 2294 5061 pro
2323 4988 2665 5060 sepultura;
2702 4989 2896 5044 oleum
2930 5006 3033 5061 pro
3063 4987 3282 5060 Spiritu
3319 4991 3556 5054 sancto;
3584 4985 3662 5040 si—

2009 5096 2192 5152 gnum
2233 5095 2336 5151 pro
2368 5094 2536 5134 cruce
2564 5096 2578 5146 ;
2603 5083 2992 5150 unguentum,
3018 5075 3408 5132 confessionis
3447 5076 3660 5132 conﬁr-

2014 5169 2218 5224 matio.

1273 5519 1514 5577 νΑΒΙιΕ
1554 5517 1948 5578 LEGTIONES
1988 5517 2076 5574 ET
2115 5511 2655 5572 CORRECTIONES

332 5615 352 5650 ³
380 5613 620 5675 τούτοις.
702 5613 725 5647 ⁰
762 5610 882 5684 ὁρᾷ.
