4042 6210
403 273 509 329 135

1021 394 1096 450 1N
1136 394 1292 450 CAP.
1329 394 1426 451 III.

469 492 514 543 Ι.
547 489 948 558 Ρνασεσερτονεηι
979 488 1473 540 sacramentorum.
1507 485 1788 541 Sanctum
1842 485 2042 542 llisro-

395 577 602 634 tbeum
633 573 930 647 intelligit.

468 667 658 723 Sacra
688 666 805 734 eius
835 663 1224 735 descriptionis
1255 665 1630 736 interpretem.
1662 666 1725 721 Id
1758 668 1849 721 est
1878 681 2046 722 sacra

397 755 791 827 descriptione
820 770 1021 809 eorum
1047 771 1177 826 quos
1204 757 1406 810 sancte
1435 754 1797 810 efﬁciuntur.

471 845 794 901 Commune.
830 844 929 900 Est
960 860 1063 915 per
1095 842 1401 914 praesentis
1427 842 1831 900 emissionem.

469 1027 570 1082 68
603 1025 938 1081 Communia.
977 1023 1058 1078 De
1088 1023 1522 1079 communione.

470 1116 743 1187 Per/ectio
773 1129 861 1169 ex.
922 1113 1045 1167 Non
1090 1128 1264 1183 posse
1321 1113 1645 1184 quidquam
1693 1112 1891 1186 perlici
1923 1113 2049 1170 sine

400 1202 834 1260 communione.

464 1296 524 1349 In
556 1294 754 1363 capite.
792 1291 850 1346 Id
885 1294 977 1345 est
1008 1290 1259 1345 maxime
1291 1290 1625 1346 necessaria
1658 1290 1904 1346 ratione.

462 1383 786 1453 lmper/ecta
814 1379 1055 1452 quidem.
1085 1377 1317 1435 Nullam
1337 1381 1600 1450 synaxim
1625 1381 1902 1451 perlicere
1924 1379 2052 1437 sine

397 1469 836 1527 communione.

465 1562 537 1614 Et
565 1564 748 1629 caput.
805 1559 995 1626 Atque
1049 1555 1158 1611 hoc
1217 1555 1394 1611 etiam
1455 1555 1580 1613 loco
1609 1555 1670 1610 τό
1729 1554 2046 1634 κεφάλαιον,

395 1654 581 1718 caput,
614 1662 718 1717 pro
751 1645 1082 1700 necessario
1113 1649 1172 1700 et
1204 1645 1498 1717 prmeipuo
1529 1651 1837 1718 acceptum
1864 1652 1974 1702 est.

466 1737 775 1805 Cognomen
807 1734 937 1804 ipsi.
971 1732 1087 1787 Cur
1118 1731 1434 1788 illustratio
1475 1734 1726 1802 dicatur,
1784 1741 1843 1790 et
1894 1739 2048 1792 recte
2076 1766 2124 1831 Β

391 1825 475 1879 ita
505 1823 640 1879 dici.

441 1843 475 1880 ἃ
505 1843 640 1879 αιοι.

458 1915 549 1968 Ex
579 1915 791 1984 eﬂeclu.
831 1912 900 1967 Et
930 1911 1024 1966 hic
1056 1927 1158 1983 per
1219 1911 1608 1968 amissionem
1668 1913 1827 1968 verbi
1863 1910 2039 1986 ὑπάρ-

389 2019 508 2076 χειν
525 2001 828 2071 accipitur.

465 2092 533 2145 Il.
569 2091 828 2158 Ponti/ea:
846 2090 1092 2160 quidem.
1109 2089 1262 2144 Ordo
1284 2089 1378 2144 hic
1404 2089 1590 2145 Patris
1615 2090 1793 2161 hujus
1815 2095 2039 2162 tempo-

1221 273 1582 326 APPENDIX
1619 275 1718 326 AD
1755 272 1995 326 OPERA
2030 273 2086 326 S.
2133 270 2442 326 DIONYSII
2485 269 2988 326 AREOPAGITE.

2080 396 2136 462 A

3710 273 3817 327 136

2655 397 2769 447 ΕΙΣ
2809 393 2904 449 ΤΟ
2945 393 3206 449 ΚΕΦΑΛ.
3248 395 3319 446 Γ’.

2226 487 2270 538 Ι.
2299 479 2660 557 Καθηγεμόνα
2699 479 2955 538 τελετῶν.
3004 481 3109 536 Τὸν
3160 482 3309 556 ἅγιον
3336 481 3594 558 Ἰερόθεον
3643 481 3815 560 λέγει.

2227 661 2305 737 [α]
2360 664 2763 738 Ιερογραφικῶς
2838 659 3148 734 ἐκθέμενον.
3205 657 3459 715 Τουτίστι
3516 660 3655 715 κατὰ
3712 663 3817 732 τήν

2155 752 2302 826 ἱερὰν
2338 747 2640 828 διαγραφὴν
2674 755 2780 804 τῶν
2815 747 3068 824 ἐμφανῶς
3105 747 3480 820 τελουμένων.

2227 840 2306 896 Τὸ
2371 839 2578 894 κοινόν.
2643 838 2787 894 Κατά
2869 834 3201 912 παράλειψιν
3281 834 3380 892 τοῦ
3466 835 3820 913 ὑπάρχοντός

2157 927 2290 984 ἐστι.

2340 1015 2604 1072 Κοινωνία
2631 1037 2712 1072 τε.
2746 1014 2876 1090 Περὶ
2909 1013 3213 1078 κοινωνίας,

2227 1107 2289 1163 ἸΙ
2339 1105 2617 1166 τελείωσις
2671 1105 2730 1160 ἐκ
2773 1110 2906 1161 τῶν.
2955 1106 3078 1162 ’Ότι
3125 1102 3383 1159 ἀδύνατον
3441 1103 3730 1175 τελεθῆναι
3771 1108 3822 1142 ¹⁰

2160 1193 2291 1270 δίχα
2317 1201 2417 1265 τῆς
2454 1193 2839 1268 μεταλήψεως.

2230 1285 2316 1338 Ἐν
2346 1283 2646 1356 κεφαλαίῳ.
2679 1281 2959 1338 Τουτὲστιν
2989 1281 3396 1357 ἀναγκαιοτάτῳ
3429 1280 3602 1359 λόγῳ.

2229 1371 2460 1442 Ἀτελής
2518 1372 2633 1446 μὲν.
2690 1375 2807 1427 Ὅτι
2885 1369 3118 1445 οὐδεμία
3177 1371 3387 1442 σύναξις
3439 1370 3824 1450 τελεσιουργιῖ

2160 1459 2292 1538 δίχα
2319 1469 2420 1532 τῆς
2453 1460 2838 1536 μεταλήψεως.

2230 1553 2324 1606 Καὶ
2357 1553 2419 1606 τὸ
2448 1550 2766 1628 κεφάλαιον.
2801 1550 2898 1605 Καὶ
2929 1548 3154 1615 ἐνταῦθα
3174 1551 3235 1605 τὸ
3264 1549 3558 1629 κεφάλαιον
3593 1549 3681 1606 ἐπὶ
3710 1556 3815 1606 τοῦ

2159 1641 2450 1717 ἀναγκαίου
2477 1641 2566 1697 καί
2596 1641 2814 1718 καιρίου
2847 1641 3130 1713 εἴληπται.

2231 1729 2576 1805 Ἐπωνυμίαν
2609 1731 2770 1804 αὐτῇ.
2805 1732 2902 1785 Διὰ
2927 1731 2979 1786 τί
3012 1730 3227 1807 λέγεται
3261 1731 3537 1809 quibusin,
3578 1732 3670 1786 καὶ
3719 1730 3816 1787 ὅτε

2155 1819 2400 1882 δικαίως.

2219 1912 2313 1967 Ἐκ
2341 1914 2437 1965 τοῦ
2465 1907 2823 1982 τελουμένου.
2858 1909 2959 1966 Καὶ
3010 1908 3238 1974 ἐνταῦθα
3283 1911 3419 1966 κατὰ
3464 1909 3802 1986 παράλειψιν

2146 2004 2243 2055 τοῦ
2279 1998 2542 2074 ὑπάρχειν
2577 1994 2934 2071 λαμϐάνεται.

2226 2091 2297 2146 II.
2325 2090 2386 2145 Ὀ
2421 2089 2513 2161 μὲν
2545 2088 2833 2163 ἱεράρχης.
2863 2090 2921 2144 Ἥ
2949 2088 3094 2160 τάξις
3137 2087 3269 2158 αὕτη
3322 2087 3373 2141 ἐν
3419 2092 3536 2151 τοῖς
3566 2088 3802 2164 χρόνοις

391 2181 558 2235 ribus
589 2180 1013 2236 observabatur
1040 2179 1308 2236 fortassis
1338 2180 1395 2234 in
1428 2178 1690 2235 ecclesiis
1738 2197 1866 2252 quas
1915 2181 2033 2236 loca

2183 2182 2244 2233 οὖ
2275 2177 2481 2252 Πατρὸς
2515 2175 2860 2231 ἐπολιτεύετο
2893 2174 3021 2237 ἴσως
3062 2173 3115 2229 ἐν
3163 2180 3282 2237 ταῖς
3330 2175 3466 2230 κατὰ
3507 2175 3676 2231 τόπον
3719 2175 3811 2231 Ex.-

391 2268 492 2323 illa
519 2268 799 2322 distincta
828 2268 1071 2339 (quibus
1093 2268 1316 2324 scilicet
1345 2268 1862 2338 distinguebantur
1895 2280 2042 2325 cale-

2150 2266 2427 2338 κλησίαις.

388 2355 688 2424 cbumeni,
722 2357 1100 2428 energumeni
1134 2361 1192 2412 et
1250 2359 1598 2430 pcenitentes
1653 2375 1687 2413 a
1745 2359 1990 2432 reliquis
2044 2358 2494 2433 separabantur)
2554 2355 2870 2412 habebant.
2920 2353 3073 2427 (Haao
3103 2355 3260 2411 enim
3284 2355 3485 2412 omnia
3530 2371 3635 2428 per
3662 2354 3807 2410 κατά

388 2443 553 2498 τόπον
587 2445 908 2516 significari
943 2445 1088 2501 mihi
1120 2447 1490 2519 persuadeo.)

458 2536 762 2590 Sacrorum
817 2535 1086 2590 codicum.
1129 2535 1304 2590 Sacre
1347 2536 1597 2608 scriptos
1647 2536 1830 2594 libros
1873 2540 2041 2594 vocat

386 2623 568 2679 Vetus
598 2627 948 2694 Novumque
967 2624 1430 2679 Testamentum.

461 2715 683 2767 Etcum
714 2713 786 2766 iis
815 2713 1194 2782 energumeni.
1235 2713 1293 2766 Id
1321 2717 1410 2768 est
1451 2714 1522 2768 ab
1555 2714 1880 2770 immundis
1912 2715 2040 2787 spi-

393 2801 606 2856 ritibus
638 2801 851 2856 vexati.

462 2891 632 2945 Porro
654 2891 1064 2944 ministrorum.
1127 2890 1427 2947 Ministros
1483 2891 1626 2946 dicit
1673 2892 1950 2950 diaconos
1981 2899 2040 2950 et

393 2993 492 3032 eos
525 2976 626 3049 qui
657 2993 814 3032 nunc
844 2978 1193 3034 subdiaconi
1223 2983 1526 3034 vocantur.

463 3064 682 3122 Setecti.
714 3064 943 3135 Seleoti,
969 3067 1140 3139 primi
1165 3066 1393 3123 diaconi
1420 3087 1434 3137 ;
1460 3070 1793 3127 sacerdotes
1813 3075 2033 3142 autem,

389 3153 741 3226 presbyteri.

460 3250 798 3315 Proponunt.
846 3244 965 3300 Hoc
1015 3247 1342 3300 secundum
1393 3249 1878 3304 consuetudinem
1904 3265 2033 3320 quae

387 3333 583 3388 Romae
615 3333 794 3404 viget.
828 3332 953 3388 Illic
982 3333 1138 3388 enim
1173 3339 1396 3405 septem
1427 3335 1535 3392 soli
1586 3337 1817 3393 diaconi
1865 3338 2034 3394 altari

391 3421 743 3486 inserviunt,
803 3438 954 3493 quos
1008 3422 1276 3491 selectos,
1339 3425 1609 3492 arbitror,
1648 3432 1853 3492 vocat;
1887 3427 2033 3484 alios

383 3526 518 3565 vero
549 3510 783 3582 aliquod
818 3509 977 3566 aliud
1015 3527 1279 3567 exercere
1328 3513 1744 3582 ministerium,
1793 3520 1850 3571 et
1897 3522 2033 3571 nota

383 3599 560 3654 etiam
593 3615 661 3654 ex
693 3599 802 3654 hoc
851 3598 976 3655 loco
1037 3601 1445 3672 antiquitatem
1509 3603 1716 3672 Patris,
1770 3608 1827 3659 et
1874 3605 2030 3676 quod

381 3704 517 3743 cum
549 3689 813 3744 diaconis
835 3690 1164 3745 sacerdotes
1187 3707 1396 3762 panem
1422 3691 1810 3748 olferantﬂoc
1833 3699 2030 3749 autem

381 3777 600 3848 ubique
622 3778 708 3845 fit,
741 3778 894 3849 quod
956 3779 1122 3850 pauci
1172 3779 1292 3835 sint
1350 3781 1578 3836 diaconi
1613 3799 1627 3851 ;
1663 3783 1855 3838 Romae
1895 3799 2029 3839 vero

379 3865 555 3935 plane
585 3871 740 3922 recte
772 3866 896 3921 ﬂeri
923 3867 1196 3935 arbitror,
1249 3875 1554 3941 propterea
1603 3873 1761 3943 quod
1795 3872 1902 3928 soli
1935 3889 2028 3927 se-

381 3958 537 4022 ptem
569 3954 769 4008 selecti
802 3955 860 4009 in
911 3955 1082 4011 altari
1117 3959 1490 4014 ministrent:
1523 3961 1790 4017 fortassis
1831 3966 2025 4018 autem

381 4038 462 4092 illi
495 4044 716 4110 septem
744 4042 918 4097 etiam
954 4044 1070 4099 vita
1101 4045 1174 4100 ab
1208 4046 1340 4102 aliis
1371 4049 1570 4104 selecti
1603 4055 1762 4104 sunt.

454 4217 808 4272 Universatis.
827 4221 973 4274 Tum
991 4221 1167 4275 etiam
1203 4223 1335 4277 ﬁdei
1370 4224 1704 4292 symbolum
1727 4228 2025 4298 quoddam

379 4309 512 4360 ante
543 4304 657 4362 dici
693 4305 930 4361 solitum
957 4307 1102 4374 fuit;
1128 4314 1230 4364 aut
1253 4311 1447 4381 potius
1468 4329 1646 4383 quam
1697 4321 1820 4370 tum
1872 4317 2024 4372 acci-

378 4394 620 4465 piebant
664 4395 994 4451 doctrinam
1055 4402 1114 4454 et
1169 4403 1657 4458 consuetudinem
1721 4421 1823 4460 seu
1875 4406 2024 4461 ritus

379 4483 537 4538 fidei.

2218 2535 2592 2611 Ἀγιογράφων
2645 2531 2872 2590 δέλτων.
2921 2533 3320 2610 Ἀγιογράφους
3367 2529 3591 2596 δέλτους
3640 2531 3810 2588 καλεῖ

2146 2626 2247 2694 τήν
2275 2622 2515 2679 Παλαιὰν
2550 2621 2639 2677 καὶ
2669 2623 2768 2691 τήν
2793 2623 2932 2677 Νέαν
2967 2622 3262 2691 Διαθήκην.

2220 2712 2314 2766 Καὶ
2347 2711 2484 2787 πρὸς
2515 2709 2699 2772 αὐτοῖς
2728 2708 3122 2787 ἐνεργούμενοι.
3156 2711 3436 2766 Τουτίστιν
3482 2711 3584 2767 ὑπὸ
3634 2733 3803 2767 πνευ-

2151 2800 2333 2874 μάτων
2365 2800 2680 2877 ἀκαθάρτων
2691 2843 2703 2856 .

2216 2895 2331 2944 Τῶν
2379 2888 2705 2963 λειτουργῶν
2767 2885 2842 2944 δέ.
2892 2887 3257 2964 Λιιτουργούς
3307 2910 3440 2965 φησι
3499 2891 3628 2946 τοὺς
3679 2887 3801 2945 δια-

2144 2979 2360 3048 κόνους,
2391 2977 2481 3031 καὶ
2513 2976 2640 3039 τοὺς
2671 2981 2763 3030 νῦν
2800 2975 3194 3042 ὑποδιακόνους
3223 2977 3574 3054 λεγομένους.

2217 3069 2518 3143 Ἕκκριτοι.
2551 3068 2831 3141 Ἔκκριτοι
2868 3068 2921 3121 οἱ
2971 3071 3182 3140 πρῶτοι
3231 3064 3492 3136 διάκονοι,
3525 3068 3690 3145 ἱερεῖς
3738 3066 3801 3124 δὶ

2063 3184 2105 3251 C
2148 3158 2198 3212 οἱ
2225 3151 2603 3228 πρεσϐύτεροι.

2220 3246 2555 3321 Προτιθέασι.
2617 3247 2790 3301 Τοῦτο
2855 3246 2991 3300 κατὰ
3056 3246 3157 3314 τήν
3211 3245 3264 3300 ἐν
3320 3245 3509 3321 Ῥώμῃ
3560 3251 3799 3323 κρατοῦ-

2143 3355 2236 3389 σαν
2290 3335 2595 3404 συνήθειαν.
2642 3335 2788 3390 Ἐκεῖ
2842 3333 2944 3409 γὰρ
3005 3334 3140 3388 ἑπτὰ
3205 3336 3364 3408 μόνοι
3415 3332 3656 3390 διάκονοι
3716 3340 3798 3408 τῷ

2141 3423 2510 3498 Θυσιαστηρίῳ
2541 3421 2972 3496 λειτουργοῦσιν,
3007 3421 3097 3486 οὓς
3144 3422 3445 3499 ἐκκρίτους,
3485 3427 3664 3497 οἶμαι,
3692 3445 3797 3480 κα-

2143 3510 2230 3566 λεῖ
2263 3531 2274 3543 ·
2306 3509 2434 3572 τοὺς
2465 3507 2521 3565 δὲ
2552 3507 2756 3574 ἄλλους
2787 3509 2963 3582 ἄλλην
2988 3511 3109 3566 τινὰ
3138 3511 3375 3568 ἐκτελεῖν
3410 3511 3754 3587 λειτουργίαν
3775 3532 3790 3547 ο

2139 3600 2228 3654 καὶ
2261 3599 2564 3672 σημείωσαι
2595 3599 2877 3663 κάντεῦθεν
2907 3601 2998 3654 τὸν
3032 3600 3341 3676 ἀρχαϊσμὸν
3389 3602 3486 3656 τοῦ
3537 3597 3750 3677 Πατρός
3775 3620 3790 3634 ⁸

2138 3690 2224 3743 καὶ
2261 3688 2343 3743 ὅτι
2376 3687 2466 3742 σὺν
2493 3693 2608 3750 τοῖς
2657 3685 2932 3751 διακόνοις
2979 3689 3072 3744 τὸν
3121 3687 3281 3762 ἄρτον
3328 3691 3381 3744 οἱ
3429 3686 3791 3767 πρεσϐύτεροι

2138 3780 2472 3856 προτιθέασι.
2507 3783 2684 3837 Τοῦτο
2735 3777 2792 3834 δὶ
2838 3781 2926 3834 καὶ
2988 3786 3270 3856 πανταχοῦ
3317 3780 3542 3856 γίνεται,
3575 3779 3788 3856 ὀλίγων

2139 3866 2308 3924 ὄντων
2359 3867 2620 3924 διακόνων
2658 3887 2670 3900 ·
2719 3869 2771 3924 ἐν
2801 3869 2991 3943 Ῥώμῃ
3043 3867 3120 3938 δὲ,
3146 3871 3322 3942 οἶμαι,
3353 3873 3583 3925 πάντοτε
3643 3869 3791 3924 εἰκό-

2134 3980 2266 4031 τως,
2309 3956 2398 4013 διὰ
2443 3959 2503 4012 τὸ
2549 3959 2748 4030 μόνους
2799 3959 2935 4012 ἑπτὰ
2983 3957 3110 4020 τοὺς
3161 3958 3438 4035 ἐκκρίτους
3479 3963 3559 4030 τῷ
3601 3970 3790 4022 θυσια-

2139 4047 2348 4124 στηρίῳ
2381 4046 2716 4122 λειτουργεῖν
2753 4067 2763 4079 ·
2794 4047 2961 4122 τυχὸν
2997 4044 3055 4101 ὃὶ
3085 4047 3174 4102 καὶ
3212 4047 3316 4122 βίῳ
3361 4053 3468 4102 τῶν
3515 4045 3704 4102 ἄλλων
3735 4051 3790 4102 οἱ

2138 4138 2270 4190 ἑπτά
2297 4137 2662 4210 τυγχάνουσιν
2698 4131 2936 4211 ἔκκριτοι
2950 4179 2961 4192 .

2207 4227 2323 4293 Τῆς
2352 4223 2676 4293 καθολικῆς.
2709 4227 2828 4278 Ὅτι
2860 4225 2949 4278 καὶ
2979 4224 3101 4279 τότε
3129 4225 3362 4287 πίστεώς
3392 4247 3444 4281 τι
3499 4220 3784 4298 σύμϐολον

2135 4311 2481 4388 προελὲγετο·
2499 4312 2534 4381 ἢ
2563 4311 2774 4386 μᾶλλον
2800 4315 2932 4388 ὅπερ
2951 4310 3073 4369 τὸτε
3093 4309 3515 4390 παρελάμϐανον
3551 4316 3786 4389 μάθημα

2130 4401 2220 4457 καὶ
2253 4403 2597 4475 συμμάθημα
2625 4408 2725 4471 τῆς
2757 4405 3014 4466 πίστεως.

449 4573 756 4628 Sacrorum
782 4575 1123 4631 tabularum.
1159 4575 1260 4631 Hic
1292 4595 1404 4633 non
1430 4584 1568 4634 sunt
1591 4580 1791 4652 prima;
1813 4583 2028 4639 tabulas

2207 4587 2328 4642 Τῶν
2390 4586 2548 4658 ἱερῶν
2603 4589 2853 4661 πτυχῶν.
2885 4581 3011 4639 Ὧδε
3069 4584 3131 4638 οὐ
3188 4589 3380 4657 πρῶτα
3434 4587 3500 4640 τά
3538 4583 3781 4660 δίπτυχα

372 4662 530 4734 apud
563 4678 671 4717 nos
701 4680 714 4729 ;
750 4667 1007 4735 tempore
1035 4681 1171 4720 vero
1218 4666 1398 4737 hujus
1450 4669 1667 4739 Patris,
1701 4677 1831 4742 post
1863 4673 2021 4728 salu-

368 4752 648 4808 tationem
682 4750 896 4807 tabulse
944 4754 1359 4826 recitabantur,
1412 4759 1909 4828 quemadmodum
1961 4763 2019 4817 in

373 4839 627 4896 Oriente.

444 4931 675 4986 Diaconi
699 4933 1000 5002 praecipui.
1033 4933 1144 4988 Eos
1173 4933 1340 5001 dicit,
1371 4935 1472 5006 qui
1521 4935 1694 5006 primi
1738 4942 1906 4993 erant
1960 4939 2018 4994 in

369 5018 652 5087 diaconis,
687 5021 844 5077 solos
869 5027 1078 5094 prasto
1111 5022 1293 5078 fuisse
1325 5023 1519 5080 divino
1554 5024 1758 5093 altari;
1813 5027 2018 5083 fortas-

372 5103 456 5158 sis
481 5109 676 5160 autem
709 5113 878 5164 erant
905 5109 976 5164 ab
1009 5113 1094 5166 eis
1152 5109 1352 5166 selecti
1405 5116 1462 5167 et
1509 5113 1715 5169 secreti
1757 5130 1860 5186 pro
1891 5115 2018 5171 vitae

373 5191 684 5260 dignitate.
1665 5198 1669 5202 ”

443 5280 546 5334 64
568 5281 632 5334 Et
663 5282 723 5336 in
751 5289 1028 5354 aspectum
1084 5288 1251 5344 ducit.
1313 5290 1375 5344 Id
1433 5295 1523 5346 est
1582 5291 1921 5349 manifestat
1951 5311 2018 5351 ea

2131 4679 2258 4747 παρ’
2313 4676 2474 4745 ¹ἡμῖν,
2535 4672 2622 4728 ἐπὶ
2681 4671 2739 4727 δὲ
2793 4677 2894 4727 τοῦ
2949 4673 3158 4747 Πατρὸς
3228 4671 3425 4726 τούτου
3495 4675 3630 4745 μετὰ
3678 4675 3779 4729 τὸν

2130 4761 2411 4833 ἀσπασμὸν
2466 4761 2528 4816 τά
2588 4758 2827 4835 δίπτυχα
2883 4759 3124 4835 ὲλέγετο,
3159 4759 3340 4835 ὥσπερ
3398 4762 3488 4816 καὶ
3535 4760 3584 4815 ἐν
3620 4763 3778 4819 Ἀνα-

2129 4853 2292 4923 τολῇ.

2199 4939 2267 4996 Οἱ
2295 4943 2402 4993 τῶν
2438 4937 2768 5015 λειτουργῶν
2821 4935 3083 5014 ἔκκριτοι.
3117 4940 3240 4996 ’Ότι
3289 4937 3339 4992 οἶ
3397 4943 3608 5015 πρῶτοι
3665 4946 3779 4997 τῶν

2130 5022 2390 5082 διακόνων
2443 5027 2600 5099 μόνοι
2651 5028 3004 5104 παρίστανται
3049 5033 3128 5100 τῷ
3176 5028 3545 5104 θυσιαστηρίῳ
3578 5049 3590 5061 ’
3631 5033 3785 5107 τάχα

2131 5113 2188 5171 δὲ
2215 5116 2305 5171 καὶ
2335 5117 2386 5170 οἱ
2417 5116 2469 5171 ἐν
2499 5117 2600 5193 βίῳ
2631 5117 2835 5172 τούτων
2865 5115 3123 5194 ἔκκριτοι.

2199 5293 2302 5352 Καὶ
2357 5296 2443 5350 ὑπ’
2473 5292 2595 5370 ὄψιν
2647 5297 2786 5372 ἄγει.
2819 5296 3085 5354 Τουτὲστι
3134 5295 3418 5374 σαφηνίζει
3465 5298 3532 5351 τά
3572 5297 3780 5373 ὑμνού-

1381 5467 1621 5528 VARIE
1659 5471 2047 5531 LECTIONES
2085 5473 2174 5534 ET
2213 5473 2742 5534 CORRECTIONES

447 5563 494 5603 ίο
517 5557 855 5634 τελεσθῆναι.
