4042 6210
265 288 379 343 137

1029 288 1091 341 Β.
1131 286 1400 340 MAXIM!
1438 281 1741 338 SCHOLIA
1778 279 1852 333 IN
1892 277 2026 330 LIB.
2066 281 2160 332 DE
2202 282 2486 337 ECCLES.
2531 285 2930 340 HIERARCH.

3583 285 3689 342 138

261 432 426 486 μενκο
463 411 597 480 οἷον,
651 411 734 464 δτι
765 407 890 464 τόδε
936 408 1026 464 καὶ
1053 406 1179 463 τόδε
1223 409 1476 483 Χριστοῦ·
1513 406 1601 460 καί
1646 403 1737 458 τόε
1788 402 1903 475 Χρι-

2043 420 2168 475 qua:
2197 403 2440 461 laudata
2468 410 2630 474 sunt,
2660 407 2746 463 vel
2777 408 2886 464 hoc
2917 413 2974 465 et
3000 409 3147 466 illud
3199 412 3417 468 Christi
3465 418 3578 486 est,
3627 419 3688 473 et

259 505 399 556 στοῦ
434 542 448 556 .
509 496 885 554 Ὑποδείκνυσι
945 494 1000 553 δὲ
1046 496 1136 553 καὶ
1212 498 1309 559 τὰς
1366 494 1452 550 ἐπὶ
1512 494 1728 556 τούτοις
1785 489 1926 555 θείας

266 589 508 667 δωρεὰς,
541 587 676 657 οἷον,
727 585 811 642 ὅτι
853 586 930 650 εἰς
979 583 1163 664 ἄφεσιν
1216 587 1516 660 ἁμαρτιῶν,
1547 581 1636 637 καὶ
1667 579 1744 642 εἰς
1778 579 1921 649 ζωὴν

262 681 515 752 αἰώνιον,
565 677 656 734 καὶ
705 675 804 732 ὅσα
855 677 1080 732 τοιαῦτα
1133 676 1388 749 μυστικά.
1430 672 1582 748 Τάχα
1630 670 1686 726 δὲ
1732 670 1794 724 τὸ
1838 670 1927 724 ὑπ’

263 765 394 841 ὄψιν
421 772 589 823 τοῦτο
643 764 922 840 σημαίνει,
955 766 1027 826 ὡς
1072 763 1195 818 τότε
1244 760 1780 834 ἀποκαλυπτομὲνων
1814 761 1921 812 τῶν

261 858 440 932 ἁγίων
489 853 705 931 δώρων,
768 852 903 929 μετᾶ
947 853 1043 915 τὰς
1092 850 1284 926 εὐχὰς,
1336 849 1604 924 μενόντων
1664 845 1721 902 δὲ
1770 866 1923 901 κεχα-

263 945 594 1020 λυμμένων,
651 941 757 1006 ’ἓως
827 946 1022 1016 καιροῦ
1078 939 1480 1014 μεταλάψεως·
1541 937 1575 1007 ἢ
1633 935 1776 1010 τᾶχα
1829 935 1922 990 τὸν

262 1035 577 1109 κουφισμὸν
629 1031 719 1088 καὶ
771 1033 872 1100 τὴν
921 1029 1128 1104 ὕψωσιν
1175 1031 1274 1097 τῆς
1327 1031 1454 1101 μιᾶς
1513 1025 1767 1101 εὐλογίας
1825 1028 1920 1078 106

263 1123 417 1178 θείου
451 1123 618 1198 ἄρτου
655 1118 840 1198 φησὶν,
873 1121 932 1174 ὃν
981 1119 1108 1192 ὑψοῖ
1153 1118 1181 1172 ὁ
1211 1115 1406 1192 ἱερεὺς,
1457 1113 1656 1190 λέγων,
1687 1113 1754 1169 τὰ
1797 1115 1921 1186 ἅγια

260 1218 382 1274 τοῖς
416 1211 615 1287 ἁγίοις·
655 1211 787 1285 ὅπερ
835 1208 926 1264 καὶ
961 1206 1173 1281 μᾶλλόν
1224 1204 1368 1261 ἐστιν
1421 1203 1642 1276 ἄληθες,
1675 1202 1750 1265 ὡς
1796 1200 1920 1277 περὶ

259 1303 328 1356 τὸ
356 1299 520 1362 τέλος
548 1303 646 1356 τοῦ
676 1295 976 1375 κεφαλαίου
1004 1295 1248 1372 εὑρήσεις
1277 1292 1585 1370 εἰρημένον.

342 1480 447 1537 ΙΙΙ.
481 1482 510 1548 §
538 1483 584 1534 Ι.
616 1477 722 1538 Τὰς
755 1474 965 1538 εἷ’κόνας
1010 1473 1061 1528 ἐν
1092 1472 1257 1544 τάξει.
1307 1469 1534 1533 Εἰκόνας
1565 1467 1784 1524 ἐκάλεσε
1810 1471 1917 1522 τῶν

267 1567 496 1637 ἀληθῶν
526 1566 595 1621 τὰ
622 1570 715 1620 νῦν
745 1561 1050 1636 τελούμενα
1069 1561 1121 1616 ἐν
1149 1565 1218 1634 τῇ
1247 1559 1475 1630 συνάξει.

335 1657 428 1719 Ὦς
463 1652 591 1712 οὐδὲ
635 1658 743 1710 τῶν
790 1646 1109 1727 συμϐόλων.
1140 1650 1263 1708 ’Ότι
1320 1643 1574 1722 σύμϐολα
1611 1651 1799 1720 ταῦτα,
1829 1646 1919 1701 καὶ

270 1744 372 1801 οὐκ
398 1742 657 1815 ἀλήθεια.

339 1836 411 1890 Ai
446 1835 542 1906 μὲν
573 1834 676 1909 γὰρ
724 1832 1038 1908 ἱερώταται.
1068 1827 1133 1885 Τί
1184 1830 1236 1884 οἱ
1281 1825 1522 1902 ψαλμοὶ,
1555 1824 1643 1880 καὶ
1691 1826 1759 1881 τὰ
1787 1824 1914 1880 ἀνα-

264 1925 584 1998 γνώσματα.

343 2012 442 2074 Εἰς
472 2012 723 2084 μνήμην.
766 2011 893 2068 ’Ότι
946 2009 1080 2081 μετᾶ
1120 2006 1185 2062 τὸ
1229 2003 1444 2061 δεῖπνον
1497 1999 1681 2058 λαϐὼν
1734 2000 1916 2074 ἄρτον,

271 2103 360 2158 καὶ
389 2102 456 2156 τὰ
493 2101 640 2171 ἑξῆςο
670 2100 761 2154 καὶ
810 2097 893 2154 δτι
925 2099 952 2152 ὁ
985 2100 1208 2162 θάνατος
1255 2094 1418 2150 αὐτοῦ
1462 2089 1913 2167 καταγγέλλεται,

271 2188 433 2267 ἄχρις
466 2191 532 2245 οὗ
581 2185 736 2263 ἔλθῃ,
764 2189 903 2243 κατὰ
946 2187 1039 2242 τὸν
1091 2185 1432 2242 ἈπόστοΛον
1484 2182 1573 2238 καὶ
1617 2182 1774 2237 αὐτὸν
1823 2180 1916 2234 τὸν

269 2281 472 2355 Κύριον
549 2280 863 2355 φάσκονταο
935 2279 1102 2330 Τοῦτο
1177 2278 1385 2329 ποιεῖτε
1460 2272 1535 2333 εἷς
1606 2272 1706 2339 τήν
1775 2269 1913 2342 ἐμὴν

267 2369 590 2441 ἀνάμνησιν,
650 2367 740 2421 καὶ
788 2365 857 2420 τὰ
905 2363 1047 2435 ἑξῆς.
1103 2363 1207 2419 Καὶ
1257 2361 1557 2434 σημείωσαι
1617 2359 1698 2414 ὅτι
1757 2359 1915 2435 ἀρχι-

267 2451 551 2529 τῦμϐολον
584 2453 686 2531 ἔφη
734 2456 798 2510 τὸ
852 2454 1110 2528 μυστικὸν
1153 2456 1250 2506 τοῦ
1299 2450 1500 2525 Κυρίου
1539 2447 1778 2518 δεῖπνον,
1808 2452 1914 2502 τῶν

264 2551 351 2600 νῦν
383 2546 548 2600 θείων
581 2543 916 2619 μυστηρίωνο
949 2562 1038 2596 και
1090 2539 1174 2595 ὅτι
1215 2540 1304 2594 τὸν
1355 2537 1583 2610 ἀναξίως
1629 2534 1914 2610 μεταλαμ-

263 2630 502 2690 ϐάνοντα
529 2637 629 2688 106
677 2630 842 2707 ἄρτου
889 2629 980 2686 καὶ
1026 2633 1124 2685 106
1170 2627 1462 2703 ποτηρίου,
1495 2623 1648 2681 οὐδὲν
1681 2628 1715 2694 ἡ
1753 2623 1912 2698 μετά-

264 2723 439 2797 ληψις
469 2721 697 2800 ὠφελεῖ,
735 2718 948 2794 μᾶλλον
981 2719 1077 2792 μὲν
1109 2717 1200 2772 οὗν
1230 2717 1319 2772 καὶ
1351 2715 1427 2778 εἰς
1459 2720 1633 2790 κρῖμα
1678 2713 1842 2769 αὐτοῦ
1873 2716 1912 2750 ¹¹

266 2812 527 2887 λήψεται,
568 2811 706 2866 κατὰ
751 2810 842 2864 τὸν
892 2805 1251 2865 Ἀπόστολον.
1288 2807 1379 2860 Ἐκ
1431 2802 1488 2859 δὲ
1533 2808 1638 2859 τῶν
1682 2803 1801 2873 ἑξῆς
1834 2802 1916 2857 εύ-

268 2902 448 2977 λὸγως
479 2898 543 2955 ἄν
582 2920 665 2961 τις
709 2898 866 2977 φαίη,
902 2898 985 2951 δτι
1039 2897 1174 2970 μετᾶ
1208 2896 1272 2950 τὸ
1324 2893 1555 2964 ἐξελθεῖν
1585 2893 1677 2948 τὸν
1711 2889 1916 2949 Ἰούδαν

269 2987 326 3044 ἐκ
354 2994 450 3044 106
482 2988 706 3045 δείπνου
737 2983 1044 3063 παρέδωκεν
1075 2984 1102 3039 ὁ
1127 2983 1355 3060 Χριστὸς
1388 2986 1506 3043 τοῖς
1559 2981 1825 3054 μαθηταῖς
1852 2981 1914 3035 τὸ

274 3081 598 3156 μυστήριον.

1949 1771 1998 1837 Β

2036 491 2146 548 hoc
2167 497 2341 566 atque
2364 494 2507 550 illud
2533 496 3050 554 Christi.Ostendit
3069 503 3266 555 autem
3287 500 3463 558 etiam
3487 503 3686 560 divina

2035 581 2188 638 dona
2219 587 2275 639 et
2306 600 2568 656 munera,
2604 591 2668 642 ut
2709 603 2772 643 ea
2820 586 3010 644 valere
3056 589 3128 644 ad
3176 594 3550 661 peccatorum
3601 609 3685 649 re-

2037 671 2381 729 missionem
2403 678 2460 729 et
2480 674 2608 730 vitae
2631 678 2857 732 aeternas
2877 677 3274 749 adeptionem,
3298 695 3544 751 quisque
3561 680 3688 737 sint

2036 761 2282 832 mystica
2311 763 2575 833 ejusdem
2604 765 2860 835 generis.
2898 765 3044 820 Illud
3079 771 3299 839 autem,
3333 768 3518 825 oculis
3549 769 3691 840 obji-

2034 847 2132 917 cit,
2165 848 2414 907 fortasse
2457 852 2567 908 hoc
2621 852 2878 910 declarat
2928 858 3056 911 tum
3106 857 3334 928 aperire
3381 857 3690 931 detegique

2033 942 2240 992 sancta
2270 940 2422 995 dona
2469 945 2603 1013 post
2654 959 2876 1015 preces,
2929 959 3167 1000 manere
3213 949 3410 1001 autem
3459 947 3691 1003 obtecta

2037 1042 2220 1099 usque
2249 1031 2321 1084 ad
2354 1032 2587 1102 tempus
2619 1032 3090 1102 communionis;
3122 1038 3225 1090 aut
3255 1034 3501 1091 forsitan
3530 1034 3688 1092 leva-

2034 1115 2254 1172 tionem
2284 1118 2812 1192 exaltationemque
2846 1122 3022 1177 unius
3051 1122 3484 1179 benedictionis
3506 1123 3690 1180 divini

2032 1204 2203 1276 panis
2234 1206 2530 1280 intelligit,
2563 1224 2738 1280 quem
2788 1208 3008 1265 extollit
3062 1211 3356 1282 sacerdos,
3409 1212 3614 1269 dicens
3669 1230 3684 1270 :

2030 1293 2242 1349 Sancta
2272 1296 2495 1352 sanctis
2527 1313 2540 1352 :
2568 1297 2624 1352 id
2653 1298 2811 1368 quod
2838 1303 2929 1355 est
2956 1298 3684 1372 verius,quemadmodum

2033 1381 2091 1436 in
2125 1383 2239 1439 ﬁne
2269 1384 2475 1456 capitis
2505 1386 2728 1442 dictum
2762 1385 3049 1443 invenies.
3451 1412 3453 1414 ·

2104 1472 2200 1528 ΙΙΙ.
2236 1473 2329 1545 ﬁl.
2359 1475 2586 1545 Figura:
2612 1477 2670 1530 in
2701 1476 2918 1533 ordine.
2971 1477 3214 1548 Figures
3261 1493 3533 1535 verorum
3583 1496 3682 1536 vo-

2031 1561 2183 1618 cavit
2211 1578 2278 1618 ea
2309 1579 2438 1634 quae
2467 1579 2619 1619 nunc
2649 1564 3035 1636 perﬁciuntur
3065 1566 3125 1621 in
3155 1567 3381 1638 synaxi.

2102 1651 2177 1706 Ne
2202 1652 2592 1722 symbolarum
2625 1652 2806 1725 Signa
2834 1653 2955 1710 haec
2986 1670 3138 1724 esse,
3189 1672 3305 1711 non
3352 1655 3680 1714 veritatem.

2099 1829 2172 1884 Ac
2195 1832 2575 1886 sacratissima
2621 1830 2862 1901 quidem.
2915 1833 3064 1897 Quid
3117 1833 3332 1904 psalmi
3381 1837 3438 1892 et
3482 1834 3682 1893 lectio-

2029 1933 2156 1974 nes.

2099 2007 2160 2062 In
2188 2008 2530 2064 memoriam.
2563 2010 2723 2075 Quod
2770 2014 2904 2082 post
2951 2027 3178 2067 coenam
3228 2011 3528 2085 accipiens
3577 2029 3678 2085 pa-

2028 2111 2185 2167 nem,
2205 2101 2262 2151 et
2281 2113 2408 2168 qua:
2430 2102 2781 2168 sequuntur,
2815 2115 3050 2171 quoque
3082 2117 3240 2157 mors
3274 2103 3403 2173 ejus
3434 2118 3677 2158 annun-

2022 2185 2206 2240 tiatur
2236 2188 2418 2242 donec
2448 2187 2996 2254 veniat,secundum
3024 2189 3365 2261 Apostolum
3389 2194 3446 2246 et
3477 2191 3674 2262 ipsum

2023 2274 2336 2330 Dominum
2370 2275 2664 2331 dicentem
2687 2278 2825 2332 :Hoc
2851 2277 3022 2348 facite
3052 2279 3109 2333 in
3141 2295 3320 2335 meam
3348 2295 3674 2336 commemo-

2022 2365 2296 2420 rationem
2326 2365 2413 2435 (i),
2443 2369 2498 2419 et
2528 2381 2654 2435 quis
2705 2370 3052 2436 sequuntur.
3107 2367 3256 2424 Nota
3303 2367 3476 2423 etiam
3526 2384 3663 2424 eum

2021 2453 2234 2509 dixisse
2263 2453 2521 2525 primum
2551 2451 2882 2508 divinorum
2905 2453 3316 2526 mysteriorum
3347 2471 3475 2528 quae
3506 2473 3666 2512 nunc

2023 2547 2163 2599 sunt
2191 2541 2448 2612 signum,
2482 2540 2789 2612 mysticam
2821 2541 3050 2597 Domini
3076 2559 3332 2610 omnem;
3380 2549 3558 2616 atque
3610 2545 3665 2600 ei

2023 2631 2124 2703 qui
2148 2630 2384 2701 indigne
2414 2645 2623 2702 panem
2656 2633 2714 2685 et
2743 2629 2982 2685 calicem
3016 2630 3190 2702 capit,
3207 2631 3354 2686 nihil
3386 2633 3664 2704 prodesse

2023 2719 2549 2791 sumptionem,sed
2580 2719 2776 2788 potius
2805 2719 2877 2774 ad
2900 2719 3192 2790 judicium
3218 2725 3274 2776 et
3303 2721 3665 2778 condemna-

2024 2809 2242 2864 tionem
2275 2808 2364 2864 sui
2398 2808 2607 2879 capiet,
2628 2808 2951 2863 secundum
2983 2808 3324 2880 Apostolum
3361 2809 3462 2882 (Ir).
3483 2811 3563 2864 Ex
3593 2811 3668 2866 iis

2023 2902 2219 2953 autem
2253 2913 2379 2969 quae
2427 2899 2758 2968 sequuntur
2803 2900 2957 2953 recte
3002 2896 3218 2969 aliquis
3267 2898 3426 2955 dicat
3472 2898 3670 2955 Chris-

2021 2991 2170 3053 tum,
2206 2989 2519 3057 postquam
2547 3002 2579 3041 a
2609 3002 2772 3041 ccena
2802 2986 2834 3041 J
2841 2986 2990 3042 udas
3019 2987 3666 3059 surrexisset,discipu-

2025 3075 2100 3132 iis
2127 3074 2445 3131 tradidisse
2476 3078 2932 3130 sacramentum.

338 3135 698 3242 Ὁμότρόπως
754 3163 822 3220 τὰ
869 3165 1008 3239 ἱερά.
1056 3163 1161 3220 Τὸν
1206 3158 1410 3219 Ἰούδαν
1462 3158 1612 3237 φησί.
1666 3158 1770 3214 Καὶ
1816 3179 1914 3228 ση-

2098 3165 2289 3220 Am‘mo
2317 3162 2575 3219 concordi
2602 3178 2780 3219 sacra.
2827 3163 3039 3220 Judam
3088 3164 3248 3220 dicit.
3300 3165 3450 3222 Nota
3493 3164 3669 3222 etiam

275 3257 526 3332 μείωσαι,
557 3255 643 3311 ὅτι
673 3254 764 3309 καὶ
795 3252 942 3325 αὐτῷ
993 3248 1262 3326 μετέδωκε
1304 3254 1406 3305 τοῦ
1460 3252 1720 3322 μυστικοῦ
1753 3244 1916 3322 ἄρτου

269 3347 357 3401 καὶ
387 3350 484 3400 106
515 3343 806 3419 ποτηρίου·
837 3343 904 3396 τὰ
933 3337 990 3395 δὲ
1023 3340 1293 3413 μυστήρια
1321 3342 1437 3400 τοῖς
1482 3338 1749 3410 μαθηταῖς
1783 3336 1918 3408 μετά

268 3436 330 3489 τὸ
358 3433 593 3505 ἐξελθεῖν
625 3435 722 3487 106
755 3427 974 3485 δείπνου
994 3430 1086 3484 τδν
1113 3424 1339 3496 Ἰούδαν,
1364 3426 1436 3488 ὠς
1468 3425 1679 3496 ἀναξίου
1708 3424 1915 3480 τούτων

271 3519 424 3584 ὄντος
455 3521 645 3577 αὐτοῦ.

339 3613 432 3674 Ὡς
480 3614 516 3680 ἡ
574 3611 692 3665 καθ’
746 3606 877 3682 ἕξιν.
936 3608 1066 3670 Καθ’
1116 3604 1222 3677 ἕξιν
1297 3605 1347 3659 ἐν
1423 3602 1639 3666 τούτοις
1689 3604 1751 3657 τὸ
1802 3609 1918 3658 κατ’

268 3699 562 3776 ἐπίγνωσιν
596 3696 782 3769 δηλοῖ,
815 3695 1059 3752 τουτέστι
1085 3696 1148 3750 τὸ
1193 3691 1508 3758 ἐνδιαθὲτως
1539 3690 1711 3754 οὕτως
1743 3690 1914 3766 ἔχειν,

266 3789 359 3844 καὶ
393 3788 456 3842 οὐ
485 3785 623 3841 κατά
676 3785 848 3860 μόνην
876 3787 974 3854 τὴν
1008 3785 1326 3856 σωματικὴν
1355 3780 1731 3858 προσελευσιν,
1771 3778 1918 3834 ἀλλὰ

268 3878 408 3932 κατὰ
462 3877 565 3944 τὴν
625 3882 725 3945 τῆς
781 3873 1020 3935 διανοίας
1079 3870 1168 3928 διὰ
1212 3871 1442 3933 πίστεως
1485 3869 1573 3925 καὶ
1615 3870 1915 3939 αἰσθήσεως

269 3971 670 4038 πνευματικῆς.

341 4057 472 4126 §II.
532 4052 668 4110 Ἀπὸ
720 4051 831 4108 τῶν
890 4050 1164 4107 αἰτιατῶν.
1221 4050 1483 4107 Τουτὲστι
1541 4049 1602 4102 τὸ
1653 4045 1758 4102 ἀπό
1807 4050 1914 4102 τῶν

270 4147 485 4220 ὁρατῶν
509 4141 880 4215 τελουμένων,
913 4139 1000 4196 ἐπὶ
1030 4141 1098 4195 τὰ
1126 4139 1328 4212 ἀόρατα
1355 4139 1444 4193 καὶ
1497 4137 1748 4210 μυστικὰ,
1781 4135 1915 4208 ἅίπερ

269 4239 380 4289 τῶν
435 4230 490 4287 ἐν
540 4231 787 4302 αἰσθήσει
837 4228 984 4285 αἴτιά
1030 4228 1134 4284 εἰσι
1179 4229 1267 4283 καὶ
1320 4225 1618 4303 ἀρχέτυπα,
1653 4222 1814 4281 Αἷεεια
1861 4221 1918 4279 δὲ

273 4321 528 4398 λέγονται
575 4321 644 4376 τὰ
689 4320 942 4395 ἑτέρωθεν
989 4317 1052 4372 τὸ
1100 4318 1346 4372 ὁπωσοῦν
1399 4317 1530 4371 εἴναι
1595 4315 1694 4383 τὴν
1744 4312 1914 4368 αἰτίαν

271 4409 493 4486 ἔχοντα·
527 4411 562 4480 ἢ
611 4410 717 4464 ἀπὸ
762 4412 870 4463 τῶν
913 4407 1169 4463 αἰτιατῶν
1212 4405 1288 4468 εἰς
1328 4404 1393 4459 τὰ
1429 4401 1594 4476 αἷίτια,
1643 4403 1914 4458 τουτέστιν

2025 3269 2158 3309 eum
2217 3268 2450 3324 quoque
2497 3269 2530 3307 a
2578 3251 2826 3308 Domino
2881 3252 3224 3324 participem
3275 3253 3493 3310 factum
3543 3271 3675 3310 esse

2027 3341 2258 3414 mystici
2314 3340 2484 3413 panis
2533 3345 2590 3395 et
2639 3339 2840 3396 calicis
2890 3357 2903 3394 :
2955 3342 3232 3413 mysteria
3289 3348 3488 3399 autem
3547 3344 3668 3400 sive

2025 3434 2396 3488 sacramenta
2425 3431 2562 3486 data
2582 3445 2711 3486 esse
2736 3429 3044 3501 discipulis
3067 3447 3200 3488 cum
3227 3449 3262 3489 a
3283 3449 3447 3489 coena
3466 3433 3498 3489 J
3504 3433 3652 3489 udas

2026 3525 2091 3578 ut
2119 3520 2236 3576 illis
2267 3519 2568 3592 indignus,
2602 3518 2974 3575 surrexisset.

2099 3611 2162 3667 Ut
2191 3608 2487 3664 secundum
2517 3609 2785 3664 habitum.
2819 3607 2944 3659 Καθ’
2973 3602 3103 3679 ἕξιν,
3137 3608 3196 3664 in
3231 3609 3326 3665 his
3370 3610 3561 3666 verbis
3604 3625 3674 3665 ex

2024 3698 2269 3755 scientia
2298 3696 2637 3765 declarat,id
2668 3701 2758 3752 est
2787 3695 2983 3751 animo
3014 3695 3096 3751 ita
3123 3697 3330 3753 atl‘ecto
3361 3701 3416 3753 et
3445 3698 3671 3754 consti—

2024 3791 2152 3843 tuto
2183 3803 2333 3851 esse,
2365 3802 2432 3841 ac
2461 3801 2575 3839 non
2608 3783 2734 3840 solo
2761 3783 3019 3855 corporis
3050 3800 3309 3856 accessu,
3360 3787 3462 3841 sed
3495 3785 3670 3840 etiam

2025 3875 2240 3932 mentis
2270 3890 2373 3946 per
2402 3874 2576 3930 ﬁdem
2609 3876 2665 3928 et
2693 3887 2937 3929 sensum
2963 3872 3318 3945 spiritalem.

2095 4053 2125 4126 §
2174 4053 2241 4107 ΙΙ.
2294 4052 2368 4106 Ab
2414 4051 2635 4123 effectis.
2689 4051 2750 4106 Id
2802 4053 2892 4105 est
2940 4051 3012 4106 ab
3061 4050 3133 4106 iis
3190 4068 3317 4123 quae
3363 4053 3675 4111 visilibiter

2026 4140 2482 4216 peraguntur,ad
2513 4156 2582 4195 ea
2605 4155 2736 4210 quis
2768 4155 2882 4195 non
2911 4139 3272 4208 videntur,et
3296 4142 3368 4196 ad
3403 4143 3674 4216 mystica,

2025 4249 2151 4304 quae
2183 4246 2371 4287 causae
2402 4232 2540 4284 sunt
2559 4235 2614 4284 et
2632 4227 2987 4301 exemplaria
3009 4243 3210 4285 eorum
3244 4247 3370 4301 quae
3403 4233 3512 4288 sub
3543 4249 3672 4289 sen-

2025 4338 2156 4378 sum
2184 4320 2424 4376 cadunt.
2443 4319 2641 4374 Causas
2667 4322 2862 4374 autem
2886 4317 3162 4374 dicuntur
3181 4335 3249 4375 ea
3273 4335 3400 4392 quae
3432 4320 3672 4376 aliunde

2025 4409 2339 4477 habent,ut
2364 4422 2598 4478 quoquo
2630 4406 2802 4462 modo
2833 4422 3016 4462 causa
3047 4407 3188 4475 sint;
3212 4412 3317 4464 aut
3347 4409 3418 4464 ab
3450 4408 3672 4465 eﬂ‘ectis

269 4501 380 4555 ἀπὸ
410 4504 519 4554 τῶν
551 4497 822 4568 αἰσθητῶν
872 4491 1167 4569 συμϐόλων
1199 4495 1284 4549 ἐπὶ
1316 4493 1382 4549 τὰ
1419 4494 1588 4563 νοητὰ
1615 4493 1703 4546 καὶ
1736 4493 1914 4566 νοερὰ’

2039 4503 2096 4554 id
2128 4513 2359 4567 causas,
2391 4495 2448 4549 id
2481 4499 2570 4550 est
2599 4512 2634 4551 ει
2659 4493 2842 4567 signis
2872 4511 2998 4566 quas
3031 4511 3244 4552 sensus
3273 4495 3370 4553 65
3410 4500 3664 4561 movent,

267 4588 472 4664 ἤγουν,
503 4589 610 4643 ἀπὸ
637 4590 745 4641 τῶν
793 4585 1154 4661 ἀτελεστέρων
1187 4584 1261 4646 εἰς
1298 4584 1365 4637 τὰ
1411 4580 1743 4656 τελειότερα*
1777 4582 1914 4653 οἷον,

267 4679 382 4733 ἀπὸ
411 4681 521 4732 τῶν
550 4675 734 4731 τύπων
785 4675 874 4730 ἐπὶ
924 4676 1024 4744 τὴν
1076 4669 1276 4729 εἰκόνα⁹
1327 4671 1417 4726 καὶ
1446 4671 1552 4726 ἀπὸ
1596 4669 1799 4739 ταύτης
1829 4669 1916 4724 ἐπὶ

265 4769 374 4836 τήν
424 4765 710 4836 ἀληθειαν.
757 4764 893 4818 Σκιά
934 4763 1036 4838 γὰρ
1083 4762 1151 4818 τὰ
1196 4767 1296 4831 τῆς
1342 4759 1609 4822 Παλαιᾶςο
1654 4757 1808 4813 ε’ίκὼν
1861 4756 1919 4814 δὶ

265 4857 340 4912 τὰ
368 4862 471 4925 τῆς
499 4855 635 4917 Νὲας
667 4855 958 4925 Διαθήκης·
988 4851 1221 4923 ἀλήθεια
1267 4847 1324 4905 δὶ
1353 4851 1388 4920 ἡ
1439 4852 1550 4904 τῶν
1601 4845 1916 4922 μελλόντων

264 4948 599 5006 κατάστασις
614 4985 629 5001 .

340 5125 488 5195 Κᾷτα
530 5124 633 5192 τὴν
670 5120 842 5198 ἱεράν.
899 5119 1046 5192 Κᾷτα
1091 5116 1488 5195 παροξυτόνως·
1523 5113 1690 5188 δηλοῖ
1748 5113 1805 5172 δὲ
1831 5115 1916 5188 τὸ,

261 5214 365 5270 καὶ
394 5211 520 5268 τότε
547 5213 592 5268 ’.

338 5330 409 5402 (1')
440 5329 582 5387 Luc.
612 5342 754 5396 nn,
787 5325 876 5385 is.
951 5324 1030 5400 (ιι)
1059 5328 1084 5383 1
1115 5324 1246 5384 Cor.
1280 5341 1361 5392 χι,
1391 5323 1482 5378 29.

2027 4587 2096 4644 ad
2125 4602 2194 4642 ea
2223 4601 2352 4656 qua:
2385 4586 2579 4639 mente
2608 4583 3186 4655 comprehenduntur
3214 4587 3271 4640 et
3303 4589 3443 4641 sunt
3493 4584 3666 4656 spiri-

2027 4673 2312 4730 talia:sive
2341 4673 2412 4727 ab
2442 4671 2515 4728 iis
2546 4686 2676 4742 quis
2707 4670 2903 4726 minus
2935 4672 3191 4743 perfecta
3214 4673 3455 4739 sunt,ad
3489 4673 3674 4744 perfe-

2027 4762 2210 4820 ctiora
2235 4778 2249 4816 :
2272 4759 2430 4816 velut
2449 4776 2483 4814 a
2505 4757 2707 4830 ﬁguris
2728 4760 2799 4814 ad
2822 4759 3136 4830 imaginem
3159 4763 3216 4815 et
3240 4761 3310 4816 ab
3335 4760 3443 4815 hac
3473 4761 3543 4815 ad
3570 4777 3664 4816 ve-

2027 4847 2503 4907 ritatem.Umbra
2531 4847 2688 4903 enim
2719 4850 2857 4902 sunt
2885 4864 2954 4903 ea
2991 4864 3121 4919 quas
3149 4852 3289 4903 sunt
3316 4849 3541 4903 Veteris
3572 4849 3674 4904 Te-

2027 4937 2336 5005 stamenti;
2372 4936 2588 5007 imago,
2615 4949 2683 4991 ea
2711 4952 2838 5006 qua:
2869 4935 3044 5004 Novi;
3075 4935 3310 5005 veritas,
3346 4939 3537 4992 status
3569 4953 3663 4994 re-

2026 5043 2159 5084 rum
2190 5022 2549 5082 futurarum.

2099 5118 2232 5172 Tum
2277 5130 2453 5169 sacra.
2487 5109 2634 5180 Κᾷτα
2665 5113 2904 5166 accentu
2938 5109 2996 5164 in
3026 5109 3356 5182 penultima
3387 5128 3400 5170 :
3436 5113 3666 5186 signiﬁ-

2026 5208 2119 5262 cat
2145 5219 2278 5260 vero
2309 5202 2428 5259 haec
2458 5200 2658 5270 dictio,
2688 5201 2861 5255 etiam
2889 5202 3038 5255 tunc.

1291 5438 1532 5498 VARIIE
1569 5435 1954 5494 LECTlONES
1992 5435 2082 5492 ET
2120 5429 2669 5492 GORRECTIONES.

349 5519 395 5554 ¹¹
425 5513 630 5585 humi.

349 5607 377 5629 "
404 5601 608 5670 Quoad
635 5599 1057 5674 signiﬁcatum,
1083 5599 1240 5656 idem
1267 5597 1422 5655 valet
1441 5597 1598 5669 quod
1621 5589 1712 5650 καὶ
1739 5591 1886 5665 τότε,
1911 5594 2100 5668 quoad
2132 5605 2266 5648 vero
2288 5588 2565 5662 ﬁguram,
2591 5585 2825 5658 ponitur
2848 5603 2948 5659 pro
2968 5585 3055 5642 καὶ
3081 5587 3272 5658 firmet
3292 5594 3442 5648 tunc.
3457 5593 3679 5650 DRACB.

605 5730 868 5792 Panos.
915 5727 1028 5790 Gs.
1074 5724 1180 5788 IV.

3313 5716 3350 5773 5
