4042 6210
392 315 494 369 139

1211 310 1574 362 APPENDIX
1613 311 1708 361 AD
1745 309 1983 362 OPERA
2023 311 2081 360 Β.
2124 309 2436 365 DIONYSII
2479 309 2976 365 AREUPAGITE.

3696 307 3806 364 140

449 440 476 507 §
507 436 605 493 III.
638 435 1110 492 Simulacrorum.
1151 431 1328 502 Signa
1359 429 1598 502 quidem
1631 429 1795 499 dicit,
1819 444 2019 486 eorum

2207 433 2234 498 §
2277 431 2370 486 III.
2403 434 2523 487 Τῶν
2584 429 2938 508 ἀγαλμάτων·
3001 400 3320 506 Ἀγάλματα
3373 433 3467 503 μὲν
3517 451 3652 508 φησι
3697 432 3804 490 τὰς

375 545 500 599 quas
532 544 647 583 non
679 526 954 585 videntur
983 528 1041 580 et
1073 522 1452 596 mysticorum
1489 521 1797 591 imagines,
1833 519 1890 574 id
1944 523 2037 573 est

381 634 449 674 ea
480 633 608 689 quae
638 631 742 688 per
771 615 943 687 signa
973 612 1375 684 perficiuntur.
1409 609 1669 665 Primum
1703 613 1900 665 autem
1938 608 2037 662 ho-

385 722 540 775 rum,
568 707 800 777 synaxis
826 708 1252 768 sacramentum,
1284 700 1509 756 vocavit
1541 716 1554 754 :
1590 717 1623 754 a
1654 715 1764 770 quo
1795 699 1851 752 id
1880 699 2032 769 quod

385 794 835 867 intelligendum
866 796 974 860 est,
991 792 1110 848 sive
1142 791 1196 845 id
1231 789 1386 862 quod
1417 787 1907 861 contemplatione
1935 788 2034 842 de-

388 885 664 951 claratur,
695 884 922 939 nudum
956 880 1338 954 promittitur.

465 973 575 1030 ιιια
605 976 774 1044 enim,
805 989 925 1044 quae
952 972 1167 1027 cunctis
1196 969 1492 1024 antecellit.
1526 968 1668 1023 Ecee
1699 982 1884 1022 unum
1916 982 2036 1020 mo-

387 1066 531 1122 dum
566 1060 1075 1134 contemplationis
1107 1057 1413 1131 praesentis
1444 1057 1670 1128 capitis.

457 1154 574 1210 Non
601 1160 777 1208 extra.
811 1149 959 1206 Nota
988 1153 1207 1214 autem,
1240 1147 1506 1203 essentiae
1557 1148 1776 1201 statum
1824 1144 2036 1200 immo-

389 1240 568 1298 bilem
596 1255 746 1308 esse,
777 1243 837 1294 et
866 1237 964 1294 Dei
997 1238 1248 1309 figuram
1282 1251 1411 1292 esse
1449 1235 1814 1306 episcopum.
1865 1233 2034 1304 Nota,

384 1331 456 1387 ad
487 1334 606 1386 tres
655 1328 860 1384 modos
909 1343 976 1382 ea
1025 1343 1152 1397 quin
1200 1326 1271 1380 de
1320 1324 1704 1380 incendendis
1754 1322 2034 1378 odoribus

384 1419 685 1488 dicuntur,
718 1415 905 1488 redigi
936 1420 1109 1486 atque
1140 1415 1430 1481 revocari;
1465 1413 1722 1486 pontifex
1753 1411 1911 1467 enim
1962 1412 2034 1466 ab

383 1507 553 1566 altari
583 1505 812 1578 incipit,
847 1521 1022 1560 omne
1049 1502 1340 1576 templum
1371 1502 1578 1571 ambit,
1609 1505 1666 1558 et
1697 1501 1910 1558 iterum
1961 1501 2032 1556 ad

385 1597 585 1670 ipsum
617 1595 798 1650 altare
830 1593 1235 1650 constituitur.

460 1684 756 1741 Similiter.
786 1682 954 1738 Alius
986 1681 1216 1736 modus.

460 1775 603 1830 Pari
646 1772 823 1840 modo,
873 1771 1114 1826 divinus.
1168 1769 1398 1824 Tertius
1456 1768 1666 1824 modus
1724 1767 2035 1839 propositae

392 1861 926 1935 contemplationis,
962 1858 1255 1930 quomodo
1286 1862 1340 1914 et
1372 1857 1430 1913 in
1470 1857 1745 1929 episcopo
1797 1856 1870 1912 ab
1919 1872 2033 1913 uno

391 1951 837 2025 multiplicatur,
867 1950 934 2004 ab
963 1948 1320 2019 inferioribus
1360 1962 1488 2002 vero
1525 1947 1767 2002 detineri
1810 1947 2002 2017 nequit
2014 1963 2034 2007 ,°

389 2044 498 2101 hoc
527 2047 634 2111 est,
664 2058 779 2099 non
811 2041 1255 2097 communicans
1282 2038 1688 2094 deterioribus.

457 2136 485 2201 §
513 2133 608 2189 IV.
639 2137 816 2188 Porro
845 2131 1218 2200 psalmorum.
1252 2127 1398 2191 Quid
1434 2127 1827 2199 psalmi.Nota
1857 2127 2031 2183 etiam

383 2222 492 2278 hoc
519 2220 764 2278 verbum
798 2215 1228 2288 συνουσιωμὲνη,
1261 2216 1730 2271 consubstantiata
1780 2231 1882 2270 seu
1933 2231 2032 2270 ne-

383 2310 638 2367 cessaria
670 2326 683 2364 :
718 2309 819 2363 sed
849 2307 912 2361 τὸ
943 2302 1160 2380 σχεδόν,
1195 2306 1332 2375 fere,
1353 2304 1638 2375 adjunxit;
1660 2319 1845 2376 neque
1876 2304 2031 2360 enim

383 2398 506 2454 haec
537 2399 687 2454 inter
715 2413 778 2452 se
807 2411 956 2451 nexa
987 2400 1044 2450 et
1085 2396 1289 2465 juncta
1335 2397 1476 2448 sunt
1526 2409 1627 2463 per
1676 2393 2032 2462 essentiam;

382 2487 484 2542 sed
516 2486 626 2542 hoc
657 2485 807 2557 ipso,
859 2485 1012 2555 quod
1062 2483 1261 2538 omnia
1311 2485 1379 2536 ad
1434 2498 1618 2536 unum
1673 2482 1848 2537 ﬁnem
1901 2498 2030 2554 per-

381 2576 589 2646 tinent,
621 2575 678 2630 id
712 2579 801 2630 est
830 2590 900 2629 an
935 2573 1244 2628 hominum
1275 2572 1548 2639 salutem,
1579 2571 1724 2627 dixit
1753 2571 1863 2627 hoc
1910 2587 2029 2626 ver-

385 2663 527 2719 bum
561 2661 964 2732 συνουσιωμὲνη
997 2678 1010 2716 :
1044 2661 1292 2731 ideoque
1324 2659 1526 2715 statim
1555 2663 1670 2730 fere
1702 2660 2026 2730 subjunxit,

389 2753 688 2824 corrigens
715 2750 1026 2805 verborum
1055 2748 1524 2820 'repugnantiam
1558 2765 1571 2802 :
1606 2748 1779 2818 paulo
1832 2754 2028 2805 autem

387 2841 542 2896 infra
570 2840 857 2910 ait,unam
888 2837 1353 2908 inspirationem,
1387 2836 1444 2890 id
1474 2840 1563 2892 est
1591 2852 1766 2892 unam
1794 2838 2030 2910 conspi-

386 2929 696 2998 rationem,
747 2927 900 2999 quod
951 2924 1208 2982 declarat
1255 2941 1439 2980 unum
1499 2925 1676 2980 ﬁnem
1725 2941 1853 2982 esse
1899 2943 2026 2982 om-

385 3017 572 3074 nium:

459 3106 656 3164 Omnis
685 3121 984 3176 namquam
1010 3119 1205 3161 sacrae.
1255 3103 1531 3160 Omnium
1580 3101 1864 3159 librorum
1912 3102 2026 3160 Ve-

2147 517 2357 583 εἰκόνας
2383 525 2490 574 τῶν
2543 522 2786 596 ἀοράτων
2831 520 2921 575 καὶ
2978 525 3246 594 μυστικῶν
3291 518 3460 595 ἤγουν
3489 523 3556 576 τά
3587 515 3805 594 συμϐο-

2146 607 2317 670 λικῶς
2370 607 2691 682 τελούμεναο
2753 615 2970 683 πρῶτον
3026 607 3083 664 δὶ
3131 610 3337 665 τούτων
3387 610 3448 664 τὸ
3477 617 3578 680 τῆς
3632 609 3808 665 συνά-

2145 695 2275 766 ξεως
2335 700 2632 772 μυστήριον
2667 697 3017 754 ἀπεκάλεσενσ
3050 699 3262 763 οὗτινος
3286 699 3348 754 τὸ
3378 701 3592 770 νοητὸν,
3625 699 3804 775 ἤγουν

2142 786 2206 840 τὸ
2246 788 2381 841 κατά
2424 799 2652 862 θεωριαν
2705 785 3074 862 δηλούμενον,
3125 787 3479 863 ἀπογυμνοῦν
3531 786 3809 863 ἐπαγγὲΑ-

2147 875 2322 933 λεται.

2213 967 2346 1020 ’Ἠτε
2371 966 2475 1040 γὰρ
2510 967 2642 1041 ὑπὲρ
2674 965 2867 1021 πάντα.
2905 963 3046 1022 Ἰδοὺ
3097 968 3175 1030 εἴς
3200 966 3404 1041 τρόπος
3434 972 3534 1036 τῆς
3569 966 3809 1042 θεωρίας

2141 1059 2238 1109 τοῦ
2266 1057 2626 1130 προκειμένου
2645 1059 2686 1092 ¹²
2717 1053 3042 1133 κεφαλαίου.

2216 1143 2330 1200 Οὐκ
2383 1143 2483 1216 ἔξω
2529 1151 2651 1214 τῆς.
2703 1144 3018 1217 Σημείωσαι
3068 1145 3162 1213 τήν
3210 1145 3326 1198 κατ’
3375 1143 3564 1200 οὐσίαν
3598 1145 3805 1214 ἀκίνη-

2141 1253 2234 1288 τον
2281 1233 2482 1306 στάσιν,
2512 1233 2602 1288 καὶ
2635 1232 2717 1288 ὅτι
2751 1237 2883 1289 Θεοῦ
2911 1233 3080 1295 τύπος
3112 1234 3140 1288 ὁ
3172 1233 3487 1296 ἐπίσκοπος.
3533 1241 3612 1304 Ση
3626 1235 3804 1308 μείω-

2146 1343 2256 1392 σαι,
2306 1321 2390 1378 ὅτι
2438 1322 2572 1378 κατὰ
2619 1329 2765 1398 τρεῖς
2809 1324 3048 1397 τρόπους
3096 1322 3346 1399 ἀνάγεται
3401 1325 3472 1378 τὰ
3515 1323 3639 1400 περὶ
3695 1329 3806 1379 τοῦ

2145 1416 2362 1484 θυμιᾷν·
2398 1413 2502 1466 ἀπὸ
2531 1417 2629 1467 τοῦ
2661 1412 3045 1485 θυσιαστηρίου
3088 1411 3397 1488 ἀρχόμενον
3454 1413 3546 1468 τὸν
3604 1413 3804 1490 ἱεράρ-

2145 1520 2277 1575 χην,
2303 1500 2396 1556 καί
2425 1501 2597 1557 πάντα
2625 1504 2720 1557 τὸν
2749 1502 2872 1557 ναὸν
2928 1501 3282 1577 περιελθόντι
3333 1499 3409 1564 εἷς
3465 1501 3598 1558 αὐτὸ
3628 1501 3804 1558 πάλιν

2142 1590 2620 1654 ἀποκαθίστασθαι.

2212 1679 2506 1741 Ὡσαύτως.
2538 1675 2754 1753 Τρόπος
2785 1677 2992 1754 ἕτερος.

2213 1767 2452 1842 Τρόπον,
2513 1768 2540 1822 6
2600 1769 2762 1831 θεῖος.
2823 1767 3040 1843 Τρόπος
3079 1767 3259 1843 τρίτος
3289 1770 3388 1838 τῆς
3421 1769 3801 1844 προκειμένης

2149 1857 2400 1930 θεωρίας,
2432 1861 2548 1919 πῶς
2594 1857 2681 1912 καὶ
2735 1857 2821 1913 ἐπὶ
2850 1861 2947 1911 τοῦ
2978 1856 3274 1912 ἐπισκόπου
3304 1857 3409 1912 ἀπὸ
3442 1861 3488 1895 ¹³
3518 1861 3617 1912 τοῦ
3675 1859 3799 1921 ἑνὸς

2144 1944 2502 2015 πληθύνεται,
2531 1951 2648 2007 τοῖς
2674 1943 2730 2000 δὲ
2750 1945 2971 2014 ἥττοσιν
3004 1947 3370 2020 ἀκατάσχιτός
3405 1946 3797 2014 terg-contam

2147 2036 2222 2107 μὴ
2257 2034 2600 2089 ἐπικοινῶν²⁴
2627 2039 2743 2096 τοῖς
2776 2033 3038 2108 χείροσιν.

2213 2127 2360 2197 ξιν.
2391 2125 2451 2180 Ἡ
2503 2121 2560 2178 δὲ
2615 2127 2721 2178 τῶν
2751 2121 3008 2196 ψαλμῶν.
3066 2123 3127 2177 Τί
3179 2125 3229 2178 οἱ
3260 2123 3496 2198 ψαλμοί.
3532 2126 3628 2180 Καὶ
3688 2147 3798 2196 ση-

2146 2213 2372 2284 μείωσαι
2421 2214 2482 2266 τὸ
2531 2214 2960 2284 συνουσιωμὲνη·
3003 2209 3151 2266 ἀλλά
3181 2212 3298 2267 re"
3327 2211 3523 2288 σχεδὸν
3588 2213 3797 2288 προσέ-

2143 2302 2324 2371 θηκεν⁸
2361 2300 2422 2356 οὐ
2465 2301 2565 2375 γὰρ
2625 2300 2904 2371 ἀλλήλοις
2953 2300 3158 2369 ἥνωται
3189 2305 3356 2356 ταῦτα
3402 2303 3519 2357 κατ’
3577 2303 3794 2372 οὐσίαν,

2143 2389 2286 2446 ἁλλά
2313 2394 2391 2461 τῷ
2436 2391 2572 2464 πρὸς
2600 2386 2690 2444 ἕνα
2738 2391 2938 2444 σκοπὸν
2969 2391 3036 2444 τὰ
3064 2391 3240 2446 πάντα
3269 2391 3566 2461 συντελεῖν,
3623 2413 3794 2448 τουτ-

2141 2480 2282 2533 ἐστιν
2313 2480 2386 2539 είς
2416 2481 2514 2546 τὴν
2541 2483 2650 2533 τῶν
2681 2478 2982 2553 ἀνθρώπων
3015 2480 3308 2552 σωτηρίαν,
3341 2479 3441 2555 ἔφη
3485 2481 3547 2536 τὸ
3605 2503 3798 2536 συνου-

2142 2567 2405 2640 σιωμὲνη·
2468 2567 2586 2631 ὅθεν
2643 2567 2796 2632 εὐθὺς
2846 2569 3094 2644 ἀπήγαγε
3145 2570 3207 2624 τὸ
3265 2567 3483 2644 σχεδὸν,
3533 2568 3794 2639 κολάζων

2137 2658 2236 2726 τήν
2288 2657 2392 2710 ἀπὸ
2442 2663 2539 2726 τῆς
2588 2656 2782 2726 λέξεως
2830 2656 3163 2713 ἐναντίωσιν.
3224 2657 3520 2735 Κατωτὲρω
3546 2657 3606 2714 δὲ
3661 2660 3793 2731 μίαν

2139 2743 2422 2818 ἔμπνευσίν
2453 2767 2606 2822 φησι,
2634 2747 2875 2802 τουτέστι
2924 2745 3048 2820 μίαν
3095 2746 3421 2820 σύμπνοιαν,
3443 2748 3473 2803 ὃ
3505 2746 3676 2818 δηλοῖ
3701 2750 3790 2819 τὸ,

2137 2831 2229 2888 ἕνα
2258 2831 2471 2888 πάντων
2497 2834 2627 2888 εἶναι
2661 2833 2884 2893 σκοπόν.

2207 3107 2355 3157 Πᾶσα
2389 3104 2482 3176 μὶν
2512 3101 2615 3177 γὰρ
2647 3101 2783 3176 ἱερά.
2817 3106 2935 3157 Τῶν
2963 3108 3061 3173 τῆς
3093 3099 3336 3167 Ηαλαιᾶς
3383 3099 3618 3179 βιϐλίων
3662 3109 3788 3162 κατ’

382 3196 524 3253 teris
552 3194 907 3252 Testamenti
939 3193 1130 3250 brevis
1160 3197 1236 3262 et
1282 3209 1384 3264 per
1430 3196 1814 3250 transennam
1866 3209 2023 3249 com-

2166 3169 2442 3268 πιδρομῆν
2474 3169 2786 3264 ἐπίμνησις.

388 3284 754 3344 memoratio.

460 3375 739 3444 Tristium,
765 3375 862 3428 Gr.
893 3374 1000 3424 τῶν
1051 3370 1347 3426 ἀνιώντων.
1397 3370 1718 3427 Tristitiam
1767 3375 1822 3427 et
1869 3372 2030 3428 dolo-

392 3479 516 3521 rem
543 3462 932 3527 ail‘erentium,
965 3466 1030 3516 ut
1060 3460 1117 3515 in
1149 3461 1280 3516 Job.

464 3554 725 3609 Amorum
752 3552 989 3607 cantica.
1023 3550 1103 3605 De
1132 3565 1328 3605 amore
1361 3547 1750 3604 Canticorum.

470 3733 575 3788 Aut
602 3729 974 3788 viriles.Hinc
1006 3727 1279 3785 similiter
1312 3727 1451 3784 Novi
1483 3727 1842 3782 Testamenti
1876 3743 2038 3783 sum-

399 3838 556 3881 mam
587 3819 836 3878 inducit.

475 3912 700 3967 Dilecti.
747 3911 1030 3976 Arbitror,
1083 3907 1250 3962 illum
1298 3905 1544 3964 Joannis
1593 3905 1846 3978 theologi
1895 3907 2042 3978 Apo-

402 3998 688 4069 calypeim
719 3997 1049 4064 dicere,aut
1078 3998 1208 4068 ejus
1240 3994 1644 4068 Evangelium;
1679 3995 1830 4066 quod
1863 3995 2038 4051 etiam

395 4085 610 4143 verius.

469 4170 662 4239 §V.

396 4260 593 4318 traxit.

762 4172 1083 4242 Conjunrcit,
1187 4171 1282 4226 Gr.
1415 4168 1786 4244 συνερῥίζωσε.

469 4350 571 4405 οο
619 4348 944 4404 Divinarum
993 4354 1197 4403 autem.
1247 4349 1467 4418 Scopus
1516 4345 1880 4417 psalmorum
1928 4353 2037 4418 est,

393 4439 608 4512 inquit,
639 4438 823 4495 Deum
856 4436 1116 4502 laudare,
1150 4452 1216 4491 ac
1246 4451 1410 4491 veros
1437 4436 1564 4506 ejus
1617 4435 1886 4508 famulos,
1919 4437 2038 4508 'qui

1898 4176 2042 4230 Con-

2213 3371 2336 3425 Τῶν
2370 3369 2662 3426 ἀνιώντων.
2699 3367 3050 3442 Λυπούντων,
3085 3369 3159 3432 ὡς
3189 3368 3277 3425 ἰπὶ
3307 3375 3404 3425 τοῦ
3437 3363 3583 3429 Ἰὼϐ.

2218 3546 2465 3620 Ἐρώτῶν
2527 3543 2768 3618 ᾅσματα.
2843 3545 2970 3620 Περὶ
3030 3549 3126 3600 τοῦ
3184 3543 3387 3623 ἔρωτος
3443 3553 3550 3604 τῶν
3612 3550 3793 3624 ᾀσμά-

2146 3655 2252 3689 των
2274 3637 2334 3692 ⁸⁵.

2219 3725 2289 3781 Ἠ
2355 3725 2448 3786 τὰς
2501 3721 2794 3798 ἀνδρικάς.
2867 3726 3138 3781 Ἐντεῦθεν
3199 3726 3412 3798 ὁμοίως
3466 3727 3532 3783 τὰ
3584 3729 3795 3792 Νὲαςιτ

2149 3813 2374 3887 εἰσάγει.

2221 3903 2536 3977 »Αγαπητοῦ
2587 3900 2694 3959 καί.
2744 3901 2972 3975 Νομίζω
3002 3903 3077 3964 ὡς
3123 3903 3223 3971 τὴν
3255 3902 3631 3979 Ἀποκάλυψιν
3692 3911 3795 3963 τοῦ

2149 3989 2293 4044 θείου
2321 3991 2569 4045 Ἰωάννου
2625 3987 2810 4063 δηλοῖ,
2859 3993 2893 4060 ἢ
2921 3991 2981 4045 τὸ
3012 3990 3342 4067 Εὗαγγὲλιον
3398 3992 3584 4064 αὐτοῦ,
3615 3996 3644 4050 ’ὀ
3698 3996 3792 4052 καὶ

2153 4076 2362 4153 μᾶλλον
2374 4122 2386 4135 .

2218 4169 2343 4242 §V.
2379 4165 2768 4243 Συνεῤῥίζωσε.
2804 4169 3180 4226 Συνείλκυσεν.

2216 4345 2279 4401 Ἡ
2328 4335 2384 4398 δὲ
2438 4349 2543 4399 τῶν
2595 4343 2774 4401 θείων.
2835 4345 2890 4399 Ὀ
2937 4345 3137 4409 σκοπὸς
3190 4350 3298 4401 τῶν
3351 4349 3590 4422 ψαλμῶν
3652 4349 3794 4424 ἐστι,

2147 4432 2277 4510 φησί
2307 4434 2368 4488 τὸ
2417 4433 2685 4506 ὑμνῆσθαι
2718 4433 2845 4489 Θεόν
2877 4455 2935 4489 τε
2997 4436 3086 4490 καὶ
3139 4434 3264 4498 τοὺς
3323 4435 3488 4492 αὐτοῦ
3534 4439 3796 4513 γνησίους

393 4527 607 4600 psalmi
624 4525 1031 4597 hancjubendi
1052 4530 1109 4581 et
1123 4523 1457 4580 continendi
1477 4524 1692 4580 habent
1708 4525 1822 4580 vim
1846 4542 1860 4580 :
1886 4543 2031 4596 quae,

2166 4522 2496 4598 ιεροὶποντας,
2535 4523 2958 4599 ὑπαγορευτικὴν
3006 4529 3117 4580 τῶν
3173 4524 3438 4582 τοιούτων
3498 4527 3586 4582 καὶ
3643 4549 3802 4604 περι-

389 4616 600 4689 inquit,
619 4617 946 4672 necessario
978 4615 1035 4669 in
1068 4613 1344 4669 omnibus
1374 4613 1465 4682 iis,
1487 4629 1612 4684 qua:
1639 4613 2036 4670 ecclesiastico

387 4721 552 4762 more
582 4704 987 4777 perficiuntur,
1020 4702 1325 4773 accipitur,
1361 4701 1629 4756 stabilem
1662 4717 1864 4758 eorum
1905 4720 2032 4774 qua

388 4798 682 4850 canuntur
712 4792 1080 4858 memoriam,
1115 4791 1174 4846 in
1207 4791 1278 4847 iis
1309 4792 1408 4862 qui
1439 4796 1657 4848 canunt
1687 4793 1968 4849 efficiens.

460 4972 693 5029 Divinas
767 4971 1138 5043 operationes,
1207 4969 1303 5024 Gr.
1376 4965 1674 5042 θεουργίας-
1746 4970 2032 5042 Magnitu-

395 5058 588 5116 dines.

455 5147 882 5220 Divinorumque
926 5149 1258 5206 carminum.
1306 5147 1453 5205 Nota
1505 5149 1714 5203 cantus
1777 5147 2033 5219 psalmo-

2148 4613 2361 4680 εκτικήν
2396 4607 2635 4686 ἐχόντων
2674 4609 2920 4685 δύναμιν·
2972 4611 3120 4684 ἥτις,
3166 4614 3352 4691 φησὶν,
3388 4615 3685 4692 ἀναγκαίως
3738 4617 3793 4672 ἐν

2140 4706 2269 4755 πᾶσι
2300 4707 2414 4763 τοῖς
2447 4703 2728 4772 ἱερατικῶς
2757 4698 3110 4774 τελουμένοις
3149 4699 3658 4778 παραλαμϐάνεται,
3690 4700 3794 4777 ἔμ-

2145 4810 2308 4862 μονον
2337 4790 2435 4858 τῆν
2467 4793 2575 4844 τῶν
2607 4789 2841 4864 ψαλμῶν
2877 4792 3102 4863 μνήμην
3136 4790 3440 4865 ἐμποιοῦσα
3482 4799 3600 4856 τοῖς
3642 4793 3792 4868 ψάλ-

2144 4878 2321 4934 λουσμ

2213 4967 2517 5042 Θεουργίας.
2551 4965 3019 5042 Μεγαλειότητας.

2212 5144 2408 5220 Καὶτῇ
2436 5149 2544 5200 τῶν
2582 5143 2736 5201 θείων
2793 5141 2971 5218 ᾠδῶν.
3018 5144 3366 5219 Σημείωσαι,
3426 5145 3509 5202 ὅτι
3566 5145 3634 5202 τὸ
3686 5149 3792 5218 τῆς

1392 5379 1627 5436 VARI/Ii
1666 5381 2062 5440 LECTIONES
2100 5383 2192 5439 ET
2229 5382 2783 5440 CORRECTIONES.

994 5545 1088 5634 "‘3‘
1105 5547 1222 5634 utcf
1253 5544 1341 5598 καὶ
1368 5545 1396 5634 ρ
1423 5543 1716 5634 inicio-rrec
1922 5624 1933 5634 .
1965 5551 2008 5585 ¹⁴
2058 5545 2144 5634 ἐπὶ
2195 5551 2492 5604 κοινωνῶν.
2571 5551 2612 5585 ³⁸
2658 5548 2748 5604 καὶ
2800 5549 2905 5605 ὅτι.
2984 5550 3027 5586 ¹⁶
3068 5545 3311 5623 ᾅσματος
3356 5553 3466 5606 τῶν
3497 5549 3782 5626 ᾀσμάτων.

385 5614 601 5672 Canuti
628 5614 832 5670 cantio.
912 5614 954 5649 1⁷
985 5615 1298 5681 Legendum
1326 5615 1390 5668 τὰ
1418 5623 1518 5684 τῆς
1539 5618 1696 5691 Νέας,
1728 5620 1935 5675 scilicet
1965 5627 2031 5672 At.

2166 5637 2261 5689 μης.
