4042 6210
259 307 355 362 141

1016 310 1074 361 S.
1116 308 1385 362 MAXIMI
1424 308 1729 362 SCHOLIA
1766 311 1839 363 IN
1880 309 2012 362 LIB.
2052 311 2147 364 DE
2186 310 2472 364 ECCLES.
2515 311 2912 363 HIERARCH.

3560 307 3667 361 142

255 425 580 504 ψαλμῳδίας
607 426 904 502 σύμφωνον
939 426 1321 504 ὁμοφροσύνης
1347 435 1446 498 τῆς
1489 429 1626 504 πρὸς
1655 430 1784 486 Θεὸν
1813 428 1902 484 καὶ

2038 447 2147 487 -um
2189 435 2561 500 concentum,
2610 430 2931 488 concordia
2981 445 3115 486 curn
3162 433 3276 486 Deo
3323 445 3390 486 ac
3438 446 3660 501 secum,

257 518 476 582 ἑαυτοὺς
518 518 756 594 ὑπάρχει
788 514 1127 574 διδασκαλία.

327 607 776 680 Συντετμημένα.
861 607 986 664 ⁸0τὶ
1057 608 1126 660 τὰ
1199 608 1610 680 συντετμημένα
1645 653 1661 677 ,
1744 629 1901 663 τουτ-

259 699 364 753 ἑστι
398 698 468 752 τὰ
498 697 704 774 ἀσαφῆ,
737 693 827 751 διὰ
854 699 965 752 τῶν
996 694 1431 770 ἐπιτελουμένων
1466 692 1759 769 συμϐόλων
1810 717 1902 750 σα-

258 785 560 865 φηνίζεται·
611 789 773 840 τοῦτο
818 786 919 860 γὰρ
969 783 1135 855 δηλοῖ
1181 783 1242 839 τό
1294 783 1589 859 εὖρύνεται.
1653 783 1906 857 Σημείω-

260 896 365 944 σαι,
397 873 479 943 δὲ,
511 873 595 929 ὅτι
626 875 693 928 τὰ
722 873 1182 947 συνεσκιασμὲνως
1214 873 1264 927 ἐν
1290 879 1407 935 τοῖς
1453 873 1696 947 ψαλμοῖς
1747 872 1903 949 λεγό-

262 985 415 1038 μενα,
448 961 542 1018 διὰ
568 969 668 1033 τῆς
694 966 804 1018 τῶν
836 966 1060 1042 Γραφῶν
1103 960 1475 1039 ἀναγνώσεως,
1523 962 1904 1040 σαφηνίζεσθαι

261 1053 406 1128 λὲγει
439 1053 469 1107 ὁ
498 1053 714 1127 Πατήρ.

325 1143 418 1198 Ἐν
451 1140 694 1203 ταύταις,
725 1144 813 1196 Ἔν
842 1139 1060 1202 ταύταίς
1087 1139 1213 1215 γὰρ,
1243 1144 1362 1204 ταῖς
1382 1143 1619 1217 Γραφαῖς
1649 1136 1904 1210 δηλονότι

260 1231 284 1285 ὃ
311 1224 559 1303 ἀκριϐῶς
585 1229 810 1306 ἐνορῶν.
841 1229 1120 1305 γινώσκει,
1152 1229 1234 1284 ὅτι
1264 1225 1318 1283 ἓν
1349 1227 1438 1283 καὶ
1459 1228 1522 1284 τὸ
1579 1227 1707 1283 αὐτὸ
1739 1231 1904 1282 Ι]νεῦ-

263 1340 333 1392 μα
359 1317 538 1382 πάσας
568 1316 828 1389 ἐλάλησα.

323 1404 698 1482 Κηρύσσεται.
755 1406 846 1468 Ὦς
906 1404 1274 1480 σαφηνίζουσα
1306 1401 1376 1458 δι’
1424 1405 1617 1474 ἑαυτῆς
1645 1405 1747 1473 τήν
1797 1409 1906 1458 Πα-

263 1491 438 1550 λαιάν.

324 1583 384 1636 '0
418 1583 517 1656 μὶν
570 1578 670 1660 ἔφη
722 1583 844 1644 τάς.
894 1581 987 1645 ’ος
1033 1582 1070 1651 ἡ
1124 1580 1240 1654 μὶν,
1292 1582 1328 1650 ὴ
1379 1579 1594 1640 Παλαιὰ
1639 1583 1906 1655 Διαθήκη,

264 1669 379 1749 ἐφη·
415 1672 452 1741 ἦ
487 1668 550 1726 δὲ
577 1670 688 1728 Nic
708 1667 940 1727 ἐτέλεσε.

2013 537 2142 577 esse
2173 520 2570 593 disciplinam.

2084 611 2162 665 Ea
2189 626 2309 683 quae
2338 612 2554 666 concisa
2581 613 2729 667 sunt.
2757 609 2918 674 Quod
2949 626 3018 666 ea
3046 623 3174 679 quas
3220 607 3456 664 concisa
3500 611 3661 677 sunt,

2012 699 2123 756 hoc
2155 704 2243 755 est
2271 700 2522 756 obscura
2552 698 2742 772 signis
2772 716 2899 770 qua
2932 696 3334 770 perficiuntur,
3362 695 3662 768 explican-

2013 791 2128 843 tur.
2157 788 2272 844 Hoc
2321 788 2478 843 enim
2532 787 2788 844 declarat
2831 787 3075 842 verbum
3122 784 3266 840 illud
3315 784 3662 841 dilatantur.

2014 876 2164 935 Nota
2225 892 2380 944 vero,
2441 877 2594 948 quod
2662 875 2832 931 Pater
2897 874 3058 930 dicat
3120 889 3249 944 quae
3318 873 3666 930 adumbrata

2014 965 2074 1021 in
2106 964 2352 1037 psalmis
2381 965 2678 1034 dicuntur,
2709 963 3144 1037 Scripturarum
3173 962 3420 1020 lectione
3465 961 3668 1036 expla-

2017 1071 2166 1111 nari.

2083 1148 2152 1200 In
2185 1145 2290 1200 his.
2326 1145 2388 1199 In
2419 1142 2513 1199 his
2559 1142 2738 1214 enim,
2788 1141 3110 1214 Soripturis
3159 1141 3406 1213 scilicet,
3463 1141 3514 1198 is
3563 1139 3667 1213 qui

2016 1233 2225 1290 acriter
2253 1232 2463 1305 aspicit
2492 1230 2767 1304 intelligit
2814 1247 2998 1286 unum
3044 1230 3435 1302 eumdemque
3466 1229 3667 1302 _Spiri-

2015 1325 2142 1378 tum
2174 1337 2380 1378 omnes
2410 1320 2645 1377 dixisse.

2086 1412 2502 1480 Promulgatur.
2536 1409 2608 1466 Ut
2637 1425 2738 1481 per
2769 1426 2831 1466 se
2859 1411 3042 1465 Vetus
3073 1407 3417 1480 explanans.

2091 1590 2179 1649 Uti
2208 1587 2350 1644 illud
2379 1587 2509 1660 quid
2538 1587 2771 1645 dixerit.
2802 1589 2964 1654 Quod
2997 1588 3032 1655 ἡ
3069 1585 3186 1658 μὲν,
3237 1586 3298 1642 id
3350 1588 3440 1643 est
3479 1584 3663 1642 Vetus

2015 1679 2478 1750 Testamentum,
2509 1676 2654 1734 dixit
2687 1696 2699 1734 :
2731 1678 2766 1746 ἡ
2801 1673 2878 1746 δὲ,
2927 1676 2986 1732 id
3035 1679 3127 1733 est
3171 1675 3394 1732 Novum
3441 1679 3661 1741 autem,

2092 1767 2261 1823 rﬁoit.

326 1854 438 1919 Τῆς
469 1847 778 1925 θεολογίας.
814 1853 894 1918 Ση
907 1848 1156 1922 μιίωσαι,
1182 1846 1262 1903 ὅτι
1293 1847 1393 1917 τὴν
1423 1847 1666 1905 Παλαιὰν
1691 1850 1905 1928 Γραφὴν

2038 1784 2261 1825 iernoit.

2092 1856 2412 1929 Theologias.
2448 1856 2597 1914 Nota
2624 1871 2758 1912 eum
2787 1855 3053 1912 Veterem
3083 1855 3446 1926 Scripturam
3495 1851 3663 1910 theo-

266 1937 544 2013 θεολογίαν
575 1937 758 1994 καλεῖ·
789 1939 890 2008 τήν
923 1935 979 1993 δὶ
1009 1939 1209 2007 Καινὴν
1241 1937 1541 2014 θεουργίαν.

328 2116 484 2186 §VI.
526 2114 781 2179 Καθόλου
837 2118 965 2172 τῶν.
1025 2115 1088 2168 Οἱ
1130 2114 1370 2180 καθόλου
1417 2117 1758 2191 ἇκατήχητοι
1819 2117 1908 2171 καὶ

264 2204 482 2275 ἀνήκοοι
514 2205 723 2260 τούτων
754 2208 933 2278 μεῖναι
967 2201 1220 2277 ἑλόμενοι
1256 2205 1538 2267 ἑκουσίως.

325 2385 445 2451 Τῆς
491 2380 824 2458 θεογενεσίας
859 2424 873 2440 .
922 2383 1181 2440 Τουτέστι
1234 2386 1331 2439 τοῦ
1387 2381 1544 2460 ἁγίου
1596 2382 1906 2456 Βαπτίσμα·

262 2489 346 2531 τος
356 2514 369 2526 .

321 2558 470 2619 Τοὺς
525 2556 585 2612 δὲ
626 2561 1103 2635 κατηχουμὲνους.
1136 2561 1264 2637 Περὶ
1288 2564 1400 2615 τῶν
1450 2561 1906 2635 κατηχουμὲνων,

260 2647 343 2702 καὶ
377 2647 810 2722 ἐνεργουμένων,
857 2647 948 2703 καὶ
977 2647 1029 2704 ἐν
1066 2651 1325 2724 μετανοίᾳ
1372 2645 1566 2719 ὄντων,
1614 2650 1705 2704 καὶ
1745 2649 1910 2704 τίνων

267 2735 622 2812 μετέχουσαν.

328 2827 392 2881 Ἡ
424 2826 518 2898 μὶν
553 2823 648 2880 οὖν
696 2824 926 2901 ἐσχάτη.
974 2825 1099 2886 Ὀτι
1128 2828 1181 2882 οἱ
1223 2825 1652 2902 κατηχούμενοι,
1686 2822 1909 2901 ἕσχατοί

269 2914 418 2970 εἰσιν.

330 3004 390 3060 Ἀ
401 3003 628 3075 μέθεκτο
639 3024 672 3059 ι.
704 3003 765 3058 ’Δ
774 3001 1025 3078 μέτοχοι.

325 3091 723 3164 Μαιευόμενοι.
757 3092 1241 3168 Ἀναγεννώμενοι.

325 3175 770 3256 ’Δμϐλωθρίδια.
800 3182 1154 3254 Νικροτόκια.

323 3270 567 3337 ’Δνίερος
645 3268 740 3342 μὶν
815 3270 903 3324 καὶ
979 3269 1138 3341 αὕτη.
1211 3269 1581 3332 Ἀτελείωτος.
1639 3269 1896 3344 Σημείω-

256 3377 361 3427 σαι,
405 3358 490 3412 ὅτι
539 3362 657 3420 τοῖς
710 3356 1116 3434 ἐνεργουμένοις
1160 3357 1472 3415 κατατάττει
1505 3359 1749 3423 καὶτοὺς
1779 3365 1895 3421 τοῖς

257 3452 585 3520 σωματικοῖς
649 3445 994 3522 θελκτηρίοις
1049 3445 1436 3522 ἀμετανοτςτως
1497 3447 1848 3522 ἐπιμένοντας
1880 3492 1896 3520 ,

255 3537 367 3590 οἷον
415 3534 544 3597 τοὺς
597 3537 854 3610 πόρνους,
909 3535 1038 3599 τοὺς
1067 3537 1488 3615 φιλοθεάμονας,
1529 3537 1618 3593 καὶ
1676 3537 1803 3601 τοὺς
1832 3538 1900 3593 τὰ

257 3624 613 3698 παραπλήσια
649 3627 951 3698 μετιόντας,
987 3625 1078 3688 οὕς
1110 3625 1450 3700 ἐξονομάζων
1504 3627 1532 3680 ὁ
1563 3631 1705 3690 θεῖος
1734 3626 1896 3684 Ἀπό-

255 3710 449 3775 στολος
479 3712 745 3790 ἐπιφέρει,
774 3718 854 3786 τῷ
884 3718 1120 3788 τοιούτῳ
1168 3713 1308 3789 μηδὲ
1359 3715 1667 3780 συνεσθίειν.
1719 3719 1901 3772 Ταῦτα

255 3803 341 3856 καὶ
381 3801 437 3858 ἑν
486 3807 605 3863 τοῖς
659 3803 779 3876 ἑξῆς
842 3801 1056 3876 μᾶλλον
1103 3809 1314 3880 τρανοῖ.
1365 3805 1559 3862 Ἰστὲον
1604 3802 1681 3875 δὶ,
1732 3806 1814 3860 δτι
1863 3807 1898 3875 ἡ

256 3885 506 3966 ἀκρίϐεια
537 3891 670 3961 αὕτη
703 3894 794 3945 νῦν
824 3899 926 3962 τῆς
955 3897 1063 3948 τῶν
1097 3892 1360 3950 τοιούτων
1405 3891 1698 3964 διαστολῆς
1724 3915 1782 3950 τε
1811 3895 1900 3950 καὶ

259 3976 590 4042 διαστάσεως
621 3979 683 4035 οὐ
711 3979 792 4055 γίν
802 4001 937 4038 εται.

323 4249 385 4306 Ὁ
437 4246 696 4310 τοιοῦτός
757 4266 910 4305 ποτε.
967 4246 1309 4322 Σημείωσαι,
1366 4247 1450 4304 ὅτι
1511 4251 1538 4304 ὁ
1596 4253 1708 4322 Θιῷ
1763 4253 1908 4320 ἡνω-

258 4337 418 4408 μένος
477 4335 580 4392 οὐκ
659 4335 1079 4412 ἐνιργηθήσεται
1147 4337 1250 4393 ὑπὸ
1306 4336 1607 4412 ἀκαθάρτου
1664 4339 1904 4412 πνεύμα-

255 4445 347 4488 τος
370 4428 435 4482 η.

2016 1945 2254 2019 logiam,
2303 1946 2361 2001 id
2411 1950 2500 2002 est
2530 1945 2630 2002 Dei
2663 1961 2992 2002 sermonem
3021 1960 3226 2000 vocare
3258 1961 3271 2000 :
3307 1943 3524 2002 Novam
3555 1959 3665 1999 au-

2017 2038 2158 2091 tem.
2189 2031 2490 2109 θεουργίαν,
2523 2033 2580 2089 id
2612 2038 2702 2090 est
2735 2033 2833 2090 Dei
2863 2033 3283 2106 Operationem.

2088 2123 2118 2196 §
2146 2123 2241 2179 VI.
2278 2125 2504 2179 Penitus
2534 2122 2754 2178 horum.
2787 2121 2894 2186 Qui
2925 2121 3188 2192 omnino,
3219 2137 3286 2176 ac
3337 2120 3508 2193 plane
3559 2119 3667 2176 ho-

2016 2228 2150 2268 rum
2181 2212 2359 2268 rudes
2390 2227 2645 2278 manere,
2679 2227 2784 2267 nec
2836 2211 3040 2267 audire
3087 2213 3296 2282 sponte
3343 2207 3667 2266 constitue-

2017 2304 2176 2357 runt.

2088 2390 2305 2446 Divina
2331 2389 2724 2460 generationis.
2761 2388 2875 2444 Hoc
2905 2390 2994 2443 est
3023 2385 3214 2442 sancti
3243 2385 3546 2458 baptismi.

2089 2574 2258 2625 Porro
2283 2564 2798 2624 catechumenosDe
2827 2561 3284 2629 catechumenis,
3317 2575 3662 2633 energume-

2021 2656 2134 2727 nis,
2158 2659 2216 2713 et
2241 2655 2314 2712 iis
2344 2655 2446 2727 qui
2475 2658 2616 2711 sunt
2640 2655 2699 2710 in
2732 2651 3071 2726 paenitentia
3097 2649 3302 2723 (dicit);
3326 2653 3383 2706 et
3410 2665 3662 2721 quorum

2020 2745 2140 2802 sint
2169 2743 2501 2816 participes.

2089 2835 2163 2890 Ac
2189 2835 2498 2904 postremus
2546 2831 2783 2904 quidem.
2829 2830 3291 2886 Catechumenos
3335 2829 3666 2900 postremos

2021 2939 2150 2979 esse
2180 2921 2386 2993 (dicit).

2089 3012 2337 3078 Exortes,
2371 3009 2469 3066 Gr.
2501 3008 2807 3081 ἀμὲθεκτοι.
2838 3008 2965 3064 Non
2995 3005 3330 3079 participes.

2093 3103 2415 3169 Foveantur,
2446 3100 2540 3156 Gr.
2577 3097 2943 3170 μαιευόμενοι.
2967 3095 3193 3152 Renati.

1933 3186 1975 3252 C
2083 3189 2358 3257 Abortivi,
2389 3192 2486 3243 Gr.
2518 3181 2924 3261 ἀμϐλωθρίδια.
2958 3186 3168 3241 Partus
3197 3182 3433 3240 mortui.

2085 3279 2361 3349 Profanus
2389 3276 2608 3350 quidem
2636 3284 2690 3332 et
2717 3275 2826 3346 hic,
2857 3279 2956 3330 Gr.
2988 3273 3198 3348 ἀνίερος
3234 3271 3327 3344 μὶν
3360 3270 3449 3325 καὶ
3499 3267 3658 3338 αὐτή.

2005 3365 2131 3422 Non
2163 3365 2454 3422 initiatus.
2491 3365 2659 3436 Nota,
2692 3381 2826 3421 eum
2858 3363 2917 3419 in
2951 3377 3264 3419 numerum
3310 3375 3660 3432 energume-

2006 3471 2217 3511 norum
2249 3455 2541 3512 ascribere
2571 3454 2748 3510 etiam
2783 3468 2882 3509 eos
2911 3450 3014 3523 qui
3053 3449 3313 3522 corporis
3366 3447 3660 3504 illecebris

2006 3544 2134 3600 sine
2163 3545 2346 3601 animi
2377 3543 2696 3600 mutatione
2725 3545 2782 3598 et
2811 3539 3153 3613 pmnitentia
3182 3541 3460 3605 manent;
3503 3534 3665 3592 velut

2008 3638 2382 3699 scortatores,
2417 3633 2713 3688 studiosos
2764 3627 3255 3701 spectaculorum,
3306 3629 3364 3682 et
3411 3641 3510 3680 eos
3559 3622 3662 3692 qui

2009 3721 2227 3778 similia
2257 3725 2511 3777 tractant
2544 3737 2557 3774 ε
2593 3735 2739 3790 quos
2772 3717 3084 3772 nominans
3130 3713 3364 3770 divinus
3414 3715 3658 3782 Aposto-

2009 3811 2121 3879 lus,
2150 3810 2407 3882 subjicit,
2441 3825 2575 3864 cum
2609 3805 2900 3878 ejusmodi
2931 3821 3037 3860 nec
3067 3805 3267 3859 cibum
3299 3814 3532 3858 sumere
3574 3797 3660 3869 (ι).

2010 3904 2139 3956 Ηωο
2171 3899 2348 3956 etiam
2379 3897 2439 3953 in
2471 3897 2565 3953 his
2595 3913 2720 3968 quas
2752 3897 3106 3966 sequuntur,
3141 3891 3328 3965 magis
3369 3887 3661 3961 explanat.

2009 3989 2322 4045 Sciendum
2353 3991 2444 4045 est
2472 3990 2693 4056 autem,
2726 3984 2861 4040 huic
2891 3982 3101 4039 talium
3150 3982 3249 4037 07
3305 3995 3500 4036 rerum
3555 3976 3670 4032 dif-

2013 4076 2268 4134 ferentias
2321 4080 2379 4133 et
2435 4073 2754 4144 distantias,
2805 4071 3124 4145 diligentiae
3167 4086 3324 4127 nunc
3374 4085 3491 4126 non
3541 4081 3670 4124 esse

2011 4168 2229 4224 locum.

2087 4256 2345 4327 Quisquis
2371 4253 2639 4327 ejusmodi
2671 4255 2768 4309 est.
2821 4251 2990 4321 Nota,
3039 4265 3174 4306 eum
3223 4248 3322 4318 qui
3369 4247 3485 4302 Deo
3533 4259 3674 4324 con-_

2006 4345 2252 4416 junctus
2280 4347 2388 4414 est,
2419 4359 2533 4400 non
2561 4343 2832 4399 vexatum
2864 4337 2933 4393 iri
2968 4338 3040 4393 ab
3071 4335 3379 4393 immundo
3434 4331 3670 4404 spiritu.

323 4513 720 4620 'Errfao'ra'ztnv
751 4510 1040 4590 ἐνέργειαν.
1070 4515 1189 4569 Ὅτι
1231 4512 1363 4590 ὑπὲρ
1392 4513 1520 4578 τοὺς
1545 4515 1905 4571 καταπίπτον-

2088 4521 2584 4578 Detestabilissima
2612 4517 2934 4575 obsessione.
2967 4514 3116 4570 Nota
3163 4511 3329 4611 quod.
3369 4506 3672 4622 libidinosi

255 4623 348 4667 τας
381 4601 716 4677 δαιμονῶσιε
741 4603 794 4659 οἱ
824 4603 1096 4680 ἀσελγεῖς.

330 4780 419 4839 Τὰ
466 4781 566 4855 μὲν
625 4776 836 4844 ὅντως.
884 4783 1001 4838 Ὅτι
1059 4779 1127 4837 τὰ
1171 4777 1340 4845 ὅντως
1395 4778 1523 4837 ὄντα
1568 4783 1664 4846 τὰς
1723 4783 1912 4859 ἀρετὰς

259 4869 436 4944 λὲγει.

327 4959 447 5026 Τήν
489 4956 794 5035 πρόσυλον.
843 4955 1064 5028 Ἐπειδὴ
1103 4959 1194 5014 καὶ
1238 4961 1273 5029 ἡ
1307 4956 1413 5030 ὕλη
1445 4957 1786 5024 πολυπαθῶς
1811 4958 1912 5016 ἂλ-

256 5043 540 5103 λοιοῦται.

329 5135 425 5191 Ἐν
481 5139 604 5197 τοῖς
663 5131 1012 5209 ἀλλοτρίοις.
1075 5135 1434 5209 Σημείωσαι,
1494 5135 1575 5192 ὅτι
1650 5136 1919 5214 ἀλλότρια

257 5221 432 5294 ἡμῶν
484 5221 599 5277 ἐστι
627 5222 696 5278 τὰ
721 5223 858 5298 πρὸς
902 5223 1194 5300 ἁμαρτίαν
1227 5223 1294 5279 οὔ
1350 5224 1454 5302 γὰρ
1502 5227 1700 5304 φυσικὴ
1760 5227 1923 5300 ἡμῶν

263 5306 415 5364 ἐστιν
436 5311 472 5379 ἠ
506 5308 767 5386 ἁμαρτία,
798 5308 925 5366 ἀλλ’
962 5311 999 5380 ἡ
1031 5309 1110 5373 είς
1132 5314 1237 5365 πᾶν
1282 5305 1437 5387 ἔργον
1484 5311 1678 5388 ἀγαθὸν
1732 5311 1922 5384 ἐπιτη-

344 5427 416 5500 (τ)
446 5431 471 5484 Ι
501 5427 635 5486 Cor.
671 5445 729 5500 ν,
763 5431 850 5485 11.
925 5429 1026 5500 (m)
1052 5429 1103 5486 ΙΙ
1133 5427 1260 5486 Cor.
1295 5446 1372 5498 xx,
1401 5430 1455 5486 8.

2017 4626 2199 4682 supra
2245 4625 2344 4666 eos
2392 4608 2493 4680 qui
2540 4608 2600 4662 in
2632 4604 2850 4662 diaboli
2881 4603 3282 4661 obsessionem
3313 4597 3600 4664 incidunt,
3633 4611 3668 4650 a

2020 4700 2281 4755 daemone
2312 4701 2582 4770 agantur.

2094 4788 2222 4854 Quae
2256 4769 2374 4842 vero
2399 4793 2546 4840 sunt.
2580 4783 2725 4839 Nota
2755 4781 2912 4854 quod
2943 4795 3013 4838 ea
3037 4794 3164 4851 qua:
3195 4791 3325 4833 vere
3355 4775 3515 4843 sunt,
3554 4769 3672 4827 vir-

2022 4879 2181 4932 tutes
2212 4873 2374 4930 dicit.

2095 4964 2460 5022 Materiaiem.
2493 4961 2775 5025 Quoniam
2807 4958 2983 5015 etiam
3016 4953 3284 5020 materia,
3317 4949 3504 5007 multa
3532 4946 3678 5020 pati-

2025 5055 2142 5118 tur,
2174 5055 2230 5107 et
2259 5053 2675 5107 commutatur.

2096 5143 2164 5195 In
2192 5140 2420 5196 alienis.
2454 5139 2624 5204 Nota,
2656 5135 2894 5206 peccata
2925 5146 3058 5186 ecce
3087 5128 3280 5185 aliena
3307 5144 3342 5184 a
3372 5124 3674 5193 nobis;ne-

2030 5244 2144 5300 que
2172 5227 2331 5284 enim
2360 5225 2626 5284 naturale
2654 5226 2743 5280 est
2771 5223 3102 5292 peccatum,
3135 5219 3239 5275 sed
3288 5215 3555 5289 aptitudo
3603 5211 3680 5268 ad

2030 5332 2203 5373 omne
2233 5333 2381 5388 opus
2412 5316 2652 5379 bonum,
2684 5307 3011 5366 secundum
3057 5305 3405 5380 Apostolum
3453 5301 3573 5376 (νη),
3623 5301 3683 5355 et

1294 5545 1532 5604 VARUE
1571 5548 1958 5609 LECTIONES
1996 5549 2084 5607 ET
2121 5544 2672 5606 CORRECTIONES.

350 5613 401 5652 ³⁸
429 5610 714 5690 δαίμονος.
