4042 6210
361 326 466 384 143

1178 327 1549 382 APPENDIX
1589 329 1684 380 AD
1723 327 1962 381 OPERA
1998 329 2056 381 Β.
2099 326 2414 381 DIONYSII
2455 323 2948 380 AREOPAGITE.

3667 327 3776 382 144

355 447 502 505 illud
536 449 596 506 in
629 449 877 507 Psalmis
909 467 922 506 :
955 451 1019 506 Et
1049 450 1115 506 ab
1144 451 1348 506 alienis
1375 465 1538 522 parce
1565 464 1717 505 servo
1761 455 1852 504 tuo
1902 447 1999 519 (η).

2157 444 2362 517 ειότης,
2414 445 2548 500 κατὰ
2594 447 2684 500 τὸν
2733 445 3090 519 Ἀπόστολον,
3136 445 3224 501 καὶ
3270 446 3332 500 τὸ
3379 445 3432 500 ἐν
3483 444 3773 522 Ψαλμοῖς⁶

359 538 503 594 Hinc
533 537 708 594 etiam
739 537 1021 612 intelligis
1050 538 1106 594 id
1141 539 1295 609 quod
1321 555 1353 594 a
1373 537 1620 593 Domino
1654 537 1874 592 dictum
1900 540 2009 591 est:

359 627 419 683 Si
444 644 578 684 vero
608 630 670 683 in
691 627 886 684 alieno
906 628 1089 699 ﬁdeles
1109 644 1220 683 non
1245 629 1457 683 inventi
1474 627 1872 694 estis,veslrum
1893 627 2014 697 quis

362 716 510 772 vobis
539 717 691 772 dabit
722 717 830 788 (0)?
859 715 943 773 Ob
975 733 1222 790 eamque
1255 733 1498 773 causam
1529 715 1720 772 aliena
1746 714 1867 770 hac
1897 731 2012 770 non

357 805 700 862 exsistentia
720 805 1153 863 dicuntur.Non
1176 807 1332 861 enim
1361 810 1583 861 naturae
1611 803 1880 872 sunt,sed
1906 803 1975 858 ad
1995 831 2012 841 -

336 894 803 959 .ulterina.Actio
834 900 1032 952 autem
1066 912 1196 967 quae
1229 895 1554 951 secundum
1585 898 1860 950 naturam
1900 896 2009 958 est,

358 1001 464 1041 eus
496 988 603 1053 est,
636 989 693 1041 et
721 989 923 1040 nostra
953 989 1059 1040 est.
1102 983 1280 1041 Alter.
1331 984 1538 1040 Aliena
1585 983 1728 1038 dixit
1762 999 1830 1038 ea
1881 997 2010 1052 quae

359 1075 430 1130 ad
455 1075 743 1130 mundum
769 1073 1241 1146 pertinent,qucd
1266 1091 1379 1129 non
1405 1073 1758 1144 cujusquam
1779 1069 2012 1142 proprie

357 1163 498 1236 sint,
530 1163 630 1220 sed
661 1162 733 1218 ab
765 1162 894 1218 aliis
925 1163 995 1217 ad
1027 1161 1172 1218 alios
1222 1165 1528 1218 transeant
1559 1165 1615 1217 et
1649 1159 2010 1215 lransferan-

357 1256 485 1322 tur;
521 1255 623 1308 aut
653 1251 828 1306 etiam
863 1251 1016 1323 quod
1051 1267 1163 1306 non
1199 1250 1276 1307 sit
1304 1250 1495 1322 posita
1526 1250 1583 1305 in
1637 1248 1728 1304 his
1780 1247 2011 1316 penitus

359 1345 562 1397 nostra
590 1339 820 1396 vivendi
853 1341 1132 1410 ratio,sed
1164 1339 1340 1396 aliam
1371 1339 1550 1396 vitam
1582 1337 2012 1412 spectet,cujus

359 1428 534 1485 etiam
566 1444 744 1485 causa
774 1429 896 1484 nati
928 1445 1158 1486 sumus.

430 1533 692 1590 Ministri.
727 1533 786 1589 Id
819 1536 930 1602 est,
962 1550 1035 1590 ne
1065 1533 1200 1605 quis
1230 1550 1433 1590 eorum
1463 1534 1564 1606 qui
1594 1532 1935 1604 agitandum
1979 1547 2014 1588 a

360 1622 644 1692 daemone,
677 1621 818 1693 quid
849 1623 1136 1694 patiatur;
1171 1626 1237 1678 ut
1267 1623 1542 1694 deinceps
1574 1620 1738 1677 dicit.

430 1712 541 1780 Qui
584 1711 943 1783 passionibu:
989 1712 1362 1783 exagitantur.
1413 1709 1838 1767 Demonstratio
1887 1708 2012 1766 efﬁ-

361 1816 486 1856 cex.

435 1890 525 1946 Uti
551 1889 769 1946 demum
792 1889 1002 1946 divino.
1034 1889 1115 1946 De
1147 1889 1350 1947 ordine
1394 1904 1617 1959 eorum,
1671 1887 1772 1960 qui
1823 1884 2015 1942 dimit-

363 1981 594 2034 tuntur.

437 2068 541 2137 Qui

370 2157 525 2214 nosi.

441 2246 546 2314 Qui
573 2246 900 2302 terroribus.
932 2245 1506 2317 Expressionumque
1534 2243 1859 2300 illusiones.

436 2335 566 2392 Prae
591 2335 835 2404 ignavia.
868 2334 1038 2403 Nota,
1069 2335 1224 2390 unde
1255 2334 1408 2390 dicat
1456 2333 1682 2405 aliquos
1735 2331 1936 2389 ﬁdeles
1984 2349 2018 2388 a

368 2424 734 2480 daemonibus
762 2423 992 2496 agitari.

432 2513 658 2583 Habitu,
690 2528 998 2585 amaraque.
1035 2513 1094 2567 Id
1127 2516 1215 2568 est
1244 2511 1462 2584 (quasi)
1491 2512 1851 2584 paenitentia.

435 2603 668 2658 Omnino
699 2603 896 2658 sancti.
933 2599 1156 2656 Fideles
1187 2600 1288 2673 qui
1319 2617 1452 2656 cum
1487 2601 1598 2656 Deo
1643 2605 1699 2656 et
1751 2600 1905 2656 inter
1953 2614 2016 2655 se

365 2690 664 2760 conjuncti
692 2694 851 2746 sunt.

429 2777 703 2834 Generali.
737 2775 1074 2832 Generalem
1109 2775 1253 2831 dixit
1284 2775 1526 2831 laudum
1582 2776 2014 2847 recitationem,

362 2869 464 2922 aut
494 2866 652 2938 quod
683 2866 756 2921 ab
789 2865 1064 2921 omnibus
1095 2864 1217 2936 fiat,
1251 2868 1352 2920 aut
1381 2865 1536 2935 quod
1569 2881 1674 2937 pro
1723 2868 2016 2921 universo-

368 2971 500 3010 rum
530 2954 739 3026 gratia.

432 3043 714 3115 Hymnum
742 3045 925 3098 autem
954 3042 1122 3098 hunc.
1155 3041 1428 3110 Observa,
1463 3043 1534 3099 ab
1557 3058 1623 3099 eo
1655 3041 2015 3114 appellatum

363 3146 491 3187 esse
521 3130 830 3203 hymnum,
865 3130 1220 3202 symbolum,
1245 3129 1690 3202 professionem,
1723 3133 1780 3186 et
1807 3129 2018 3203 gratia,

363 3236 495 3275 rum
526 3218 836 3276 actionem.

428 3308 660 3366 Videtur
687 3310 836 3366 enim
865 3309 1027 3366 mihi.
1059 3308 1145 3364 Ad
1176 3323 1352 3381 quem
1385 3309 1561 3365 ﬁnem
1593 3311 1816 3381 spectet
1854 3323 2012 3380 sym-

363 3396 591 3453 bolum.

431 3485 812 3542 Substantiam
877 3485 1120 3558 quidem.
1184 3487 1298 3542 Hoc
1361 3490 1450 3542 est
1516 3486 1844 3543 secundum
1910 3485 2011 3542 68

359 3575 624 3647 Apostoli
655 3576 1008 3631 sententiam
1038 3575 1285 3630 dicentis
1320 3591 1332 3631 :
1366 3575 1574 3630 Omnia
1608 3575 1763 3631 enim
1813 3579 2014 3630 nostra

359 3668 501 3720 sunt
530 3663 1020 3737 (p).Primigenias
1051 3668 1249 3720 autem
1279 3667 1614 3720 venustates
1638 3662 1893 3735 appellat
1913 3677 2013 3719 eas

362 3770 490 3824 quae
521 3753 578 3809 in
610 3753 808 3810 divina
838 3757 1050 3810 natura
1096 3755 1391 3824 videntur,
1443 3771 1693 3826 quarum
1744 3753 2013 3810 homines

366 3860 468 3914 pro
500 3848 696 3914 captu,
727 3847 783 3898 et
813 3844 984 3899 modo
1015 3860 1123 3899 suo
1153 3843 1306 3900 Deus
1350 3860 1453 3916 pro
1502 3860 1610 3899 sua
1657 3842 2014 3915 benignitate

365 3932 679 4002 participes
705 3932 871 4001 fecit;
904 3936 1006 3988 aut
1036 3937 1190 3988 certe
1220 3932 1382 4001 dicit,
1416 3933 1473 3988 id
1503 3933 1575 3988 ad
1605 3933 1772 4002 cujus
1804 3931 2012 4004 imagi-

367 4035 501 4075 nem
532 4023 588 4072 et
619 4019 1071 4075 similitudinem
1102 4021 1240 4076 facti
1269 4026 1431 4076 sunt.

436 4098 922 4176 Prwparatisﬂoc
954 4114 1044 4163 est
1071 4109 1264 4177 bonis,
1297 4126 1424 4180 quae
1458 4109 1624 4164 nobis
1653 4108 1725 4163 ab
1751 4124 1816 4164 eo
1854 4125 2013 4165 com-

366 4198 674 4265 parantur.

441 4283 707 4352 Perfecta.
741 4284 908 4350 Nota,
961 4283 1100 4353 quid
1133 4282 1223 4354 [de
1270 4281 1504 4337 Christo
1550 4281 1724 4350 dicat,
1777 4281 1897 4337 sive
1944 4282 2014 4337 de

361 4371 620 4442 perfecta
638 4371 767 4441 ejus
793 4387 986 4426 assum
994 4370 1191 4442 ptionc
1215 4369 1605 4426 humanitatis
1623 4369 1798 4425 etiam
1812 4373 2016 4426 contra

359 4458 807 4531 Apollinarium.

615 2068 827 2124 initiati
889 2085 1000 2126 non
1073 2071 1222 2125 sunt.
1297 2065 1734 2136 Catechumeni,
1821 2064 2015 2120 libidi-

2044 1825 2094 1890 Β

2122 533 2226 590 Καὶ
2285 534 2390 589 ἀπὸ
2447 531 2757 611 ἀλλοτρίων
2810 540 2986 613 φεῖσαι
3036 539 3135 590 τοῦ
3185 531 3387 591 δούλου
3437 556 3534 592 σου
3569 579 3582 592 .
3651 539 3776 593 Ἕν-

2121 633 2208 686 θεν
2253 629 2396 684 νοεῖς
2441 625 2528 678 καὶ
2581 624 2643 678 τὸ
2692 622 2980 700 εἰρημένον
3029 624 3177 700 παρὰ
3223 624 3445 699 Κυρίου’
3501 625 3562 682 Εἰ
3613 623 3670 681 δὶ
3718 625 3773 681 ἐν

2118 717 2196 785 τῷ
2249 711 2529 786 ἀλλοτρίῳ
2577 713 2760 768 πιστοὶ
2815 712 2922 788 οὐχ
2987 714 3245 788 εὐρὲθητε
3277 756 3294 784 ,
3351 714 3414 768 τὸ
3474 713 3625 788 ὑμῶν
3685 714 3774 778 τίς

2121 801 2248 874 ὑμῖν
2300 797 2499 870 δώσει;
2553 802 2649 856 Διὰ
2700 805 2862 856 τοῦτο
2906 801 2995 856 καὶ
3054 804 3120 857 τὰ
3178 801 3450 878 ἀλλότρια
3479 807 3642 858 ταῦτα
3674 803 3778 859 οὐκ

2120 885 2248 944 ὄντα
2277 887 2514 964 λέγεται·
2551 890 2614 944 οὐ
2666 891 2769 965 γάρ
2817 897 2918 960 τῆς
2953 889 3166 965 φύσεώς
3217 889 3378 962 εἷ’σιν,
3420 891 3567 947 ἀλλὰ
3614 893 3772 947 νόθα·

2117 979 2179 1034 τὸ
2213 976 2270 1034 δὲ
2316 979 2453 1033 κατά
2483 978 2639 1055 φύσιν
2670 978 2923 1053 πράττειν
2957 974 3015 1033 ὄν
3047 979 3158 1034 ἐστι
3188 978 3277 1034 καὶ
3303 981 3598 1057 ἡμέτερον.
3629 980 3775 1038 Ἀλ-

2122 1066 2252 1128 λως.
2289 1064 2588 1142 Ἀλλότρια
2619 1065 2719 1145 ἔφη
2751 1067 2818 1122 τὰ
2844 1068 2980 1121 κατά
3007 1065 3238 1141 κόσμον,
3271 1069 3346 1130 ὡς
3377 1068 3439 1123 οὐ
3482 1069 3630 1132 τινὸς
3666 1066 3781 1124 ἴδι-

2118 1160 2227 1218 κῶς
2257 1153 2438 1229 [ἴδια],
2487 1154 2615 1211 ἀλλ’
2659 1154 2710 1226 ἐξ
2743 1152 2928 1211 ἄλλων
2954 1155 3029 1218 εἷς
3059 1155 3263 1218 ἄλλους
3298 1156 3708 1230 μεταπίπτοντα
3736 1159 3780 1228 ἦ

2119 1245 2208 1299 καὶ
2236 1245 2309 1305 ὡς
2340 1242 2438 1298 οὐκ
2467 1243 2630 1315 οὕσης
2686 1243 2736 1299 ἐν
2770 1244 2989 1307 τούτοις
3021 1243 3111 1300 διὰ
3140 1247 3340 1310 παντὸς
3369 1245 3472 1315 τῆς
3500 1248 3781 1324 ἡμετέρας

2121 1330 2418 1409 διαγωγῆς,
2447 1330 2592 1387 ἀλλὰ
2621 1332 2756 1410 πρὸς
2787 1330 2968 1409 ἕτερον
3005 1332 3122 1410 βίον
3156 1335 3395 1410 ὁρώσης,
3448 1333 3531 1413 ἐφ’
3578 1336 3624 1407 ᾦ
3685 1336 3784 1391 καὶ

2119 1421 2436 1498 γεγόναμεν.

2192 1530 2302 1584 Τοῦ
2334 1525 2672 1603 λειτουργοῦ.
2707 1529 2994 1599 Τουτὲστι,
3025 1530 3100 1602 μή
3132 1550 3274 1593 τινες
3303 1534 3414 1586 τῶν
3445 1528 3784 1607 ἐνεργουμέ-

2120 1638 2221 1671 νων
2255 1616 2568 1690 ἐμπαοῶσιν
2588 1621 2652 1690 ιθ,
2683 1617 2757 1681 ὡς
2785 1617 2910 1688 ἑξῆς
2940 1627 3126 1696 φησιν.

2191 1707 2253 1762 Ἦ
2282 1709 2389 1761 τῶν
2433 1705 2710 1778 ἐμπαθῶς.
2744 1703 3047 1778 Ἀπόδειξις
3078 1705 3330 1784 ἐναργής.

2196 1881 2417 1952 Ἐπειδὴ
2451 1881 2509 1939 δὲ
2536 1888 2634 1939 τοῦ
2665 1883 2830 1940 Θείου.
2864 1885 2995 1961 Περὶ
3023 1890 3124 1955 τῆς
3155 1883 3354 1959 τάξεως
3381 1889 3487 1942 τῶν
3534 1885 3781 1943 ἀπολυο-

2129 1971 2326 2045 μένων.

2197 2059 2485 2133 Ἀμύητοι.
2518 2062 2581 2115 Οἱ
2607 2060 3037 2136 κατηχούμενοι,
3069 2060 3121 2117 οὶ
3155 2060 3421 2140 ἀσελγεῖς.

2197 2235 2432 2308 Δείιιατά
2454 2259 2538 2296 τε.
2573 2239 2959 2293 Ἐκτυπώσεών
2987 2259 3046 2294 τε
3073 2238 3448 2315 χλευάσματα.

2198 2327 2275 2380 Δι’
2307 2325 2616 2403 ἀνανδρίαν.
2645 2326 2986 2400 Σημείωσαι,
3017 2327 3179 2391 πόθεν
3216 2329 3378 2403 φησὶν
3443 2330 3547 2385 ὑπὸ
3575 2328 3777 2404 δαιμό-

2125 2435 2233 2468 νων
2264 2415 2606 2490 ἐνοχλεῖσθαί
2634 2436 2781 2478 τινας
2810 2421 2917 2470 τῶν
2944 2421 3171 2473 πιστῶν.

2195 2506 2337 2576 "seu
2368 2505 2458 2559 καὶ
2490 2500 2672 2578 ἔρωτι.
2707 2505 2891 2562 Οἱονεὶ
2920 2509 2989 2580 τῇ
3026 2507 3303 2579 μετανοίᾳ.

2196 2593 2262 2649 Οἱ
2293 2593 2553 2668 πανίεροι.
2588 2594 2654 2652 Οἱ
2685 2594 2887 2666 πιστοὶ,
2912 2596 3002 2650 καὶ
3033 2596 3168 2670 πρὸς
3210 2597 3338 2651 Θεὸν
3369 2596 3456 2652 καὶ
3491 2598 3629 2672 πρὸς
3660 2596 3767 2653 ex-

2127 2679 2336 2752 λήλους
2365 2679 2666 2755 ⁴ἦνωμὲἷνοι.

2197 2772 2273 2843 [α]
2307 2768 2609 2845 Καθολικῇ.
2669 2769 2981 2842 Καθολικὴν
3033 2769 3134 2848 ἔφη
3191 2774 3291 2843 τὴν
3343 2772 3701 2850 ὑμνολογίαν,
3733 2777 3774 2847 ἢ

2125 2858 2200 2920 ὡς
2235 2858 2338 2913 ὑπὸ
2369 2860 2578 2914 πάντων
2633 2857 2921 2934 ᾀδομένην,
2970 2860 3006 2931 ἢ
3037 2861 3113 2924 ὡς
3147 2861 3278 2939 ὑπὲρ
3307 2862 3611 2934 καθολικῆς
3664 2867 3777 2942 χά-

2125 2965 2279 3021 ριτος
2310 2949 2629 3022 γινομένην.

2334 3037 2430 3094 Τὸν
2491 3035 2658 3100 ὕμνον
2718 3035 2776 3093 δὶ
2829 3041 3060 3098 τοῦτον..
3139 3039 3480 3114 Σημείωσαι,
3537 3039 3621 3097 ὅτι
3677 3043 3774 3098 τὸν

2129 3123 2319 3198 ὕμνον,
2353 3119 2636 3200 σύμϐολον
2669 3126 2760 3182 καὶ
2791 3126 3119 3204 ὁμολογίαν,
3151 3129 3242 3184 καὶ
3273 3130 3620 3206 εὐχαριστίαν
3653 3128 3778 3187 ἑκά-

2131 3210 2273 3270 λεσε.

2192 3306 2352 3356 Δοκεῖ
2403 3303 2504 3378 γάρ
2582 3323 2678 3377 μοι
2712 3346 2725 3362 .

2122 3385 2312 3448 ϐολον.

2192 3481 2272 3554 [γ]
2329 3481 2439 3549 Τῆν
2489 3481 2583 3554 μὲν
2636 3480 2839 3538 οὐσία).
2898 3485 3161 3540 Τουτὲστι
3191 3484 3327 3540 κατᾶ
3348 3485 3440 3541 τὸν
3467 3490 3564 3541 τοῦ
3594 3487 3771 3542 Ἀπο-

2122 3565 2322 3621 στόλου
2365 3565 2526 3644 λόγον
2572 3567 2842 3632 εἰπόντος.
2892 3571 3075 3628 Πάντα
3113 3571 3216 3649 γὰρ
3250 3575 3410 3646 ἡμῶν
3445 3572 3608 3630 ἐστιν.
3643 3575 3768 3651 Ἀρ·

2121 3653 2330 3730 χὲτυπα
2359 3652 2417 3710 δὲ
2444 3653 2627 3726 κάλλη
2661 3656 2794 3734 φησὶ
2823 3658 2890 3712 τὰ
2917 3662 2984 3733 τῇ
3045 3660 3164 3732 θείᾳ
3219 3660 3371 3738 φύσει
3428 3660 3770 3738 ἐπιθεωρούε⁵

2125 3764 2277 3816 μενα,
2309 3749 2382 3798 ὧν
2410 3746 2508 3812 τήν
2551 3747 2687 3800 κατὰ
2724 3747 2784 3800 τὸ
2816 3744 3174 3821 ἐνδεχόμενον
3211 3751 3490 3822 μετουσίαν
3521 3757 3638 3814 τοῖς
3672 3751 3773 3807 ἀν-

2124 3834 2364 3909 θρώποις
2396 3831 2731 3910 ἐδωρήσατοο
2763 3837 2798 3906 ἢ
2822 3835 2886 3891 τὸ
2935 3838 3051 3892 κατ’
3101 3837 3279 3894 εἰκόνα
3311 3839 3459 3915 λέγει
3511 3841 3602 3896 καὶ
3651 3843 3775 3897 καθ’

2121 3923 2411 3995 ὁμοίωσιν.

2802 3305 2946 3379 Ηρὸς
3023 3305 3076 3362 τί
3126 3303 3295 3383 πέρας
3353 3308 3454 3381 ὁρᾷ
3507 3308 3570 3364 τὸ
3628 3309 3772 3384 σύμ-

2193 4096 2268 4172 [δ]
2299 4099 2760 4162 Ἐπισκευαστοῖς.
2819 4103 3082 4158 Τουτὲστι
3137 4109 3254 4167 τοῖς
3303 4105 3353 4177 ἐξ
3383 4105 3548 4163 αὐτοῦ
3577 4128 3776 4164 κατασ-

2119 4183 2504 4259 κευαζομὲνοις
2531 4188 2751 4262 ἀγαθοῖς
2783 4188 2856 4252 εἰς
2889 4192 3057 4263 ἡμᾶς.

2193 4277 2259 4348 [ε]
2285 4275 2549 4332 Ηαντελιῖ
2574 4280 2704 4334 τῶν.
2739 4279 3158 4352 Σημείωσαι,·τί
3187 4303 3318 4360 φησι
3347 4285 3469 4360 περὶ
3501 4289 3770 4361 Χριστοῦ,

2120 4361 2292 4440 ἤγουν
2339 4371 2438 4435 τῆς
2493 4363 2706 4430 τελείας
2746 4366 2916 4422 ἀὐτοῦ
2947 4367 3429 4445 ἐνανθρωπήσεως,
3485 4373 3574 4428 καὶ
3629 4376 3773 4429 κατᾶ

2121 4451 2573 4530 Ἀπολλιναρίου.

428 4551 663 4605 Divinas
693 4551 875 4620 panis.
909 4547 1343 4611 Animadverte.
1377 4564 1492 4604 non
1526 4547 1719 4604 solum
1750 4547 2010 4603 divinum

2190 4543 2250 4599 Ὁ
2284 4547 2425 4606 θεῖος
2483 4540 2665 4617 ἄρτος.
2726 4542 3066 4618 Σημείωσαι,
3121 4548 3203 4602 ὅτι
3250 4549 3314 4604 οὗ
3355 4548 3518 4623 μόνον
3552 4550 3580 4604 ὁ
3610 4551 3772 4626 ἅγιος

363 4654 574 4707 panem
623 4639 918 4694 obtectum
969 4638 1216 4710 proponi
1269 4637 1511 4694 solitum
1556 4637 1764 4704 fuisse,
1811 4653 2013 4693 verum

361 4727 538 4784 etiam
567 4732 837 4784 sanctum
869 4726 1132 4796 calicem;
1167 4728 1322 4799 quod
1356 4745 1510 4782 nunc
1541 4728 1785 4782 minime
1814 4727 2013 4782 obser-

361 4821 555 4872 vatur.

437 4909 464 4974 §
491 4905 645 4962 VIII.
676 4906 1040 4962 Divinissima
1067 4921 1190 4962 vero
1220 4904 1495 4960 salutatio.
1525 4904 1673 4961 Nota
1702 4920 1808 4959 cur
1854 4903 2013 4960 salu-

365 4993 510 5050 tatio
538 4995 722 5051 ﬁeret.

435 5083 788 5155 Cupiditales,
837 5099 925 5141 ex.
981 5083 1234 5140 Observa
1289 5079 1643 5154 cupiditates
1703 5077 1899 5137 carnis
1955 5082 2014 5136 et

2122 4627 2285 4703 ἄρτος
2342 4629 2753 4704 κεκαλυμμένος
2802 4633 3142 4708 προετίθετο,
3201 4634 3346 4692 ἀλλὰ
3388 4637 3476 4692 καὶ
3522 4639 3584 4694 τὸ
3623 4640 3770 4694 θεῖον

2122 4722 2407 4794 ποτήριον·
2445 4718 2574 4796 ὅπερ
2606 4724 2697 4775 νῦν
2731 4720 2793 4775 οὐ
2823 4721 3045 4797 γίνεται.

2193 4898 2392 4966 ςνΙΙΙ.
2423 4896 2712 4962 Θειότατος
2757 4898 3063 4974 ἀσπασμός.
3113 4901 3459 4976 Σημείωσαι,
3489 4902 3578 4960 διὰ
3631 4904 3686 4960 τί
3740 4905 3770 4960 ὁ

2124 4987 2408 5059 ἀσπασμὸς
2439 4983 2667 5042 δίδοται·
3481 4993 3484 4998 ’

2192 5074 2535 5151 Ἐπιθυμίας,
2588 5074 2661 5148 ἐξ.
2713 5078 3056 5154 Σημείωσαι,
3103 5075 3186 5135 ὅτι
3218 5079 3274 5136 αἱ
3324 5079 3589 5155 ἰμπαθεῖς
3645 5081 3770 5140 ἐπι-

433 5282 516 5356 (u)
544 5285 698 5343 Psal.
731 5303 892 5359 mu,
924 5289 949 5346 4
962 5289 1014 5347 4.
1090 5289 1164 5362 (ο)
1196 5289 1336 5347 Luc.
1366 5303 1483 5359 ενι,
1516 5289 1601 5344 12.
1679 5286 1752 5359 (p)
1786 5285 1808 5342 Ι
1835 5285 1962 5344 Cor.
1995 5301 2081 5357 ιιι,
2111 5283 2202 5341 22.

1337 5492 1577 5552 νΑΒΙλΕ
1616 5489 2002 5549 LECTIONES
2037 5487 2127 5546 ET
2164 5485 2726 5547 GORRECTIONES.

439 5613 482 5650 ¹⁹
505 5609 781 5687 ἐμπαθῶς.
