4042 6210
290 415 385 470 MS

1048 417 1108 469 S.
1150 413 1418 468 ΜΑΧΙΜΙ
1461 412 1768 467 SCHOLIA
1804 414 1879 465 IN
1919 413 2050 466 LIB.
2093 415 2189 466 DE
2226 414 2514 467 ECCLES.
2559 415 2955 468 HIERARCH.

3597 413 3702 468 146

285 540 467 614 θομίαι
505 538 759 615 μερισταί
789 539 918 612 είσι,
961 539 1273 616 μερίζουσαι
1323 540 1470 612 ἡμᾶς
1513 535 1602 593 καὶ
1649 542 1746 593 τοῦ
1804 542 1926 594 Θεοῐ

2052 540 2313 613 corporis
2343 539 2460 595 vim
2490 539 2705 596 habere
2737 539 3206 608 dividendi,cum
3227 544 3283 597 et
3305 559 3338 598 a
3360 546 3470 598 Deo
3495 560 3624 611 nos,
3644 547 3702 599 et

285 629 372 686 καὶ
401 629 697 701 ἀλλήλων
730 628 877 705 τάχα
908 626 964 684 δὶ
995 629 1082 684 καὶ
1120 629 1346 683 ἑαυτῶν.

353 805 666 882 Ὁμοειδεῖς
706 809 1021 883 ἀπέχθειαι.
1067 805 1328 864 Τουτέστι
1361 807 1500 881 πρὸς
1528 805 1656 870 τοὺς
1711 805 1939 879 ὁμοίους

285 899 608 973 ἀνθρώπους
619 941 632 954 .
1004 901 1009 906 ’

352 991 379 1058 §
408 989 503 1044 IX.
539 990 796 1062 ΙΙτυχῶν.
850 986 947 1042 Διᾶ
993 986 1046 1041 τί
1101 983 1235 1060 μετά
1262 985 1352 1040 τὸν
1383 984 1664 1058 ἀσπασμὸν
1701 981 1937 1060 δίπτυχα

279 1076 739 1150 ἀναγινώσκεται.

353 1164 495 1226 Τοὺς
529 1162 716 1225 ὁσίως.
751 1161 1089 1235 Σημείωσαι,
1123 1159 1206 1216 ὅτι
1235 1161 1301 1217 τὰ
1331 1159 1566 1236 δίπτυχα
1591 1165 1698 1216 τῶν
1730 1160 1933 1216 ἀποθα-

277 1251 482 1308 νόντων
513 1251 603 1307 ἐπὶ
654 1251 820 1306 αὐτοῦ
869 1252 1036 1326 μόνον
1064 1251 1448 1328 ἀνεγινώσκετο
1479 1249 1630 1327 [οὐχ,
1686 1249 1759 1312 ὡς
1817 1254 1932 1322 νῦν,

275 1342 364 1398 καὶ
392 1347 504 1397 τῶν
542 1342 804 1413 ζώντων].

343 1433 406 1487 Ἣ
440 1429 698 1507 θεολογία
729 1429 888 1507 φησί.
927 1430 1110 1485 Ταῦτα
1147 1427 1206 1484 ἐκ
1233 1434 1334 1498 τῆς
1386 1425 1692 1503 λεγομένης
1733 1426 1933 1504 Σοφίας

277 1523 671 1592 Σοιςομῶντοςο
703 1519 791 1572 καὶ
829 1517 1156 1590 σημείωσαι,
1203 1516 1287 1572 ὅτι
1343 1516 1433 1572 καὶ
1485 1517 1640 1579 οὗτος
1701 1518 1729 1572 6
1780 1517 1930 1593 ἅγιος

274 1609 456 1683 πατὴρ
485 1607 661 1681 ταύτῃ
693 1606 992 1683 ἐχρήσατο.

347 1698 556 1751 Σκόπει
591 1691 669 1751 δὲ.
699 1693 872 1749 Τοῦτό
903 1715 1088 1772 φησιν,
1121 1691 1204 1749 ὅτι
1233 1694 1295 1749 τὸ
1344 1693 1638 1770 λεγόμενον
1688 1693 1740 1748 ἐν
1792 1713 1928 1769 προ-

279 1789 477 1863 φήταις
509 1786 817 1857 ἀναμνῆσαι
849 1783 1079 1838 ἐνώπιον
1111 1782 1331 1858 Κυρίου,
1389 1783 1497 1858 οὐχ
1526 1780 1668 1837 οὕτω
1699 1781 1782 1837 δεῖ
1834 1804 1929 1838 νο-

278 1881 378 1944 εῖν,
440 1874 516 1935 ὡς
561 1879 664 1943 τῆς
719 1873 944 1946 μνήμης
993 1875 1091 1927 τοῦ
1136 1876 1270 1928 Θεοῦ
1298 1871 1689 1945 ἀνανεουμὲνης
1749 1870 1800 1927 ἐν
1857 1875 1925 1946 τῇ

279 1962 546 2041 φαντασία
592 1965 691 2017 τοῦ
745 1961 1108 2035 μνημονικοῦ·
1145 1960 1278 2035 ὅπερ
1341 1961 1429 2017 ἐπὶ
1479 1965 1587 2017 τῶν
1648 1959 1700 2016 ἐν
1765 1961 1922 2036 σαρκὶ

275 2049 724 2128 προσδεδεμένων
787 2055 1014 2127 νοερῶν,
1067 2049 1341 2105 τουτέστιν
1388 2053 1574 2124 ἡμῶν,
1615 2046 1920 2124 συμϐαίνει,

275 2140 421 2196 ἀλλὰ
480 2142 675 2214 μνήμη
733 2143 869 2195 Θεοῦ
918 2139 1142 2201 εἰκότως
1169 2139 1376 2214 λέγοιτ’
1435 2137 1494 2194 ἂν
1537 2141 1571 2208 ἡ
1602 2143 1797 2215 γνῶσις
1825 2144 1922 2194 τοῦ

273 2234 430 2301 Θεοῦ,
452 2230 572 2283 καθ’
602 2230 667 2296 ἣν
692 2229 948 2304 γινώσκει
975 2227 1103 2291 τοὺς
1132 2225 1400 2297 τελείους,
1417 2225 1671 2289 θεοειδεῖς
1703 2227 1752 2282 ἐν
1776 2227 1922 2299 αὐτῷ

272 2317 601 2393 γενομὲνους
633 2315 704 2372 δι’
732 2315 983 2392 ἐναρέτου
1019 2316 1158 2392 βίου,
1203 2318 1290 2372 καὶ
1324 2316 1646 2387 ἀξιωθέντας
1672 2324 1770 2386 τῆς
1803 2317 1923 2371 ἆνε-

273 2407 549 2477 πιλήστου
578 2406 702 2480 περὶ
737 2404 895 2460 αὐτὸν
927 2405 1203 2481 γνώσεως.
1239 2405 1577 2478 [Σημείωσαι
1608 2409 1727 2468 πῶς
1775 2404 1924 2477 λαμ-

273 2493 422 2551 ϐάνει
449 2497 515 2550 τὸ
546 2494 710 2571 ῥητὸν
746 2498 844 2549 τοῦ
869 2493 1139 2568 ψαλμοῦ].

344 2755 681 2834 Συμϐόλων.
713 2760 825 2817 Τοῦ
854 2759 1106 2832 σώματος
1138 2759 1228 2813 καὶ
1263 2755 1513 2831 α’ίματος.

344 2851 474 2923 §X.
528 2847 719 2903 Ὕδατι
773 2847 886 2911 τάς.
942 2847 1002 2902 Τί
1051 2848 1115 2903 τὸ
1169 2846 1417 2922 νίψασσαι
1469 2845 1567 2908 τὰς
1592 2851 1802 2923 χεῖρας,
1835 2845 1923 2900 καὶ

281 2939 438 2992 πότε.

344 3027 548 3096 Φησίν,
612 3026 641 3078 ὁ
675 3023 1030 3097 λελουμένος.
1084 3023 1425 3097 Σημείωσαι,
1483 3029 1601 3086 πῶς
1659 3018 1923 3096 λαμϐάνει

277 3117 304 3170 6
365 3116 548 3190 πατὴρ
603 3115 668 3168 τὸ
696 3117 792 3168 τοῦ
814 3112 1016 3188 Κυρίου
1048 3111 1234 3188 ῥητὸν,
1263 3113 1325 3168 τὸ
1357 3111 1535 3189 λέγον·
1569 3114 1630 3170 Ὀ
1658 3112 1924 3186 λελουμὲ-

279 3225 369 3265 νος
429 3204 492 3257 οὐ
546 3204 738 3278 χρείαν
797 3199 912 3276 ἔχει
967 3200 1002 3270 ἢ
1065 3201 1196 3263 τοὺς
1251 3199 1420 3263 πόδας
1461 3201 1736 3275 νίψασθαι.
1771 3203 1833 3258 Ἡ
1868 3200 1923 3256 δὲ

2050 647 2158 686 nos
2187 630 2340 686 inter
2370 646 2474 685 nos
2504 628 2798 698 dividant;
2824 629 3093 687 fortassis
3118 633 3315 686 autem
3347 635 3404 687 et
3433 648 3466 687 a
3495 631 3698 688 nobis-

2050 718 2338 791 metlpsis.

2119 807 2383 862 Adversus
2410 807 2652 878 aequales
2683 807 3027 864 inimicitiae.
3049 808 3110 862 Id
3136 811 3225 863 est
3245 823 3379 864 cum
3401 807 3700 866 similibus

2045 896 2411 952 hominibus.

2115 986 2144 1059 §
2177 985 2267 1040 IX.
2301 987 2649 1041 Tabularum.
2681 985 2797 1039 Cur
2826 989 2959 1057 post
2988 983 3406 1041 salutationem
3458 988 3696 1042 sancto-

2043 1091 2172 1130 rum
2207 1074 2446 1130 nomina
2476 1074 2817 1130 recitantur.

2113 1165 2220 1232 Qui
2247 1173 2454 1219 sancte.
2477 1163 2623 1218 Nota
2645 1167 3006 1218 mortuorum
3032 1166 3285 1233 tantum,
3305 1179 3373 1219 eo
3396 1163 3694 1234 pontifice,

2040 1253 2270 1308 recitari
2321 1252 2493 1308 solita
2540 1252 2721 1307 fuisse
2767 1252 3006 1307 nomina
3037 1252 3197 1322 [non,
3231 1256 3294 1307 ut
3326 1252 3688 1324 nunc,etiam

2036 1341 2346 1413 vivorum].

2111 1434 2401 1502 Theologia
2447 1431 2620 1488 docet.
2681 1431 2810 1486 Haec
2868 1435 2957 1487 est
3010 1431 3344 1488 Salomonis
3386 1431 3686 1504 Sapientia

2037 1539 2163 1594 qum
2196 1522 2430 1580 dicitur.
2463 1522 2608 1577 Nota
2637 1521 2812 1576 etiam
2844 1520 3002 1576 hunc
3032 1527 3303 1577 sanctum
3360 1521 3587 1576 Patrem
3619 1537 3685 1576 ea

2037 1628 2211 1667 usum
2245 1610 2445 1667 fuisse.

2106 1699 2342 1754 Advorte
2383 1700 2584 1754 autem.
2621 1699 2736 1754 Hoc
2767 1698 2868 1769 ait,
2895 1699 3047 1770 quod
3079 1698 3140 1754 in
3171 1698 3473 1771 prophetis
3522 1698 3682 1754 dica-

2034 1791 2154 1858 tur,
2190 1787 2477 1843 recordari
2510 1803 2703 1842 coram
2734 1787 2871 1853 Deo,
2920 1804 3034 1842 non
3078 1787 3158 1843 ita
3189 1787 3594 1859 accipiendum
3626 1791 3683 1843 et

2035 1875 2482 1948 intelligendum
2504 1875 2839 1948 esse,quasi
2862 1875 2962 1932 Dei
2988 1877 3268 1932 memoria
3289 1879 3600 1932 renovetur
3617 1877 3678 1932 in

2031 1982 2099 2021 ea
2129 1969 2286 2036 parte
2315 1965 2518 2030 animi,
2542 1965 2600 2020 in
2626 1981 2744 2036 qua
2773 1965 3134 2036 objectarum
3166 1980 3359 2020 rerum
3392 1965 3678 2020 memoria

2030 2054 2432 2124 consignatur;
2457 2054 2513 2108 id
2537 2054 2692 2126 quod
2725 2055 2783 2108 in
2816 2053 2887 2109 iis
2915 2055 3014 2126 qui
3048 2053 3262 2110 mentis
3291 2058 3594 2126 compotes
3614 2054 3674 2109 in

2030 2145 2223 2201 carnis
2246 2161 2474 2200 carcere
2504 2145 2724 2217 alligati
2750 2148 2911 2215 sunt,
2935 2145 2992 2200 id
3015 2149 3106 2201 est
3128 2145 3315 2213 nobis,
3351 2144 3676 2217 contingit;

2030 2235 2130 2290 sed
2164 2236 2318 2305 quod
2354 2234 2636 2290 memoria
2665 2235 2765 2290 Dei
2796 2239 2952 2290 recte
2984 2234 3215 2289 dicatur
3256 2234 3356 2288 Dei
3407 2234 3675 2304 scientia,

2031 2341 2149 2395 qua
2179 2325 2465 2396 perfectos
2496 2323 2823 2394 cognoscit:
2859 2323 2961 2393 qui
2991 2321 3445 2377 similitudinem
3470 2321 3568 2377 Dei
3590 2339 3681 2376 ex-

2030 2416 2372 2484 presserunt
2401 2410 2516 2466 vita
2544 2410 2743 2465 virtuti
2788 2414 3220 2475 consentanea;
3269 2418 3324 2464 et
3369 2409 3469 2480 qui
3519 2408 3681 2480 digni

2031 2501 2267 2556 fuerunt
2294 2499 2508 2553 habere
2539 2499 2668 2569 ejus
2699 2497 2992 2566 notitiam,
3013 2514 3138 2568 quae
3159 2495 3334 2552 deleri
3357 2497 3682 2551 obliterari-

2031 2604 2141 2658 que
2190 2605 2304 2643 non
2355 2590 2567 2659 potest.
2602 2587 2770 2659 [Nota
2813 2587 3105 2658 quomodo
3157 2585 3406 2657 accipiat
3455 2585 3681 2641 dictum

2028 2675 2288 2748 psalmi.]

2100 2763 2396 2837 Symbolis.
2426 2763 2698 2836 Corporis
2728 2766 2785 2819 et
2813 2762 3142 2835 sanguinis.

2101 2854 2223 2923 §X.
2257 2854 2429 2926 Aqua.
2461 2853 2610 2917 Quid
2669 2852 2746 2908 sit
2803 2851 3041 2907 abluere
3101 2867 3338 2916 manus,
3386 2855 3442 2905 et
3491 2866 3678 2922 quan-

2032 2943 2126 2998 do.

2103 3033 2263 3099 Dicit,
2306 3032 2403 3104 qui
2450 3029 2594 3084 lotus
2642 3034 2738 3085 est.
2789 3032 2956 3097 Nota,
3005 3029 3297 3100 quomodo
3348 3032 3511 3100 pater
3557 3027 3680 3083 haec

2031 3120 2264 3176 Domini
2312 3119 2490 3174 verba
2539 3118 2820 3190 accipiat:
2876 3119 2984 3185 Qui
3031 3118 3172 3172 (olus
3221 3125 3318 3184 est,
3370 3132 3480 3171 non
3524 3117 3679 3170 indi-

2030 3211 2268 3279 get,nisi
2295 3212 2354 3263 ut
2383 3208 2542 3281 pedes
2568 3208 2709 3262 lavet
2737 3205 3218 3279 (q).Constructio
3250 3210 3444 3260 autem
3477 3219 3677 3261 eorum

279 3291 524 3362 σύνταξις
572 3295 684 3346 τῶν
735 3289 1109 3364 προκειμένων
1138 3291 1275 3366 πρὸς
1304 3290 1367 3344 τὸ
1402 3291 1767 3345 ὑπαινίσσεται
1823 3292 1922 3359 τήν

2051 3316 2163 3371 quae
2198 3302 2632 3370 proponuntur,
2666 3297 2733 3350 ad
2783 3297 3023 3351 verbum
3075 3291 3436 3348 ὑπαινίσσεται
3486 3309 3682 3364 respe-

275 3377 535 3435 ἀπόδοσιν
595 3379 732 3453 ἔχει,
785 3376 859 3432 ἵν’
1004 3380 1066 3433 τὸ
1097 3376 1396 3454 λεγομενον
1430 3378 1621 3442 οὕτως.
1647 3381 1715 3437 Ὃ
1742 3401 1793 3434 τι
1830 3381 1923 3453 μὶν

275 3467 398 3524 τόδε
426 3467 596 3537 ἐστὶν,
653 3465 1040 3539 ὁπαινίσσεται,
1091 3467 1118 3521 ὁ
1148 3466 1356 3544 λουτὴρ
1397 3469 1490 3540 μὲν
1543 3467 1594 3522 ἐν
1627 3471 1694 3541 τῇ
1721 3472 1923 3544 νομικῇ

280 3557 526 3630 λατρεία,
563 3556 617 3612 ἒν
652 3553 710 3611 δὶ
736 3559 805 3631 τῇ
839 3557 959 3620 καθ’
989 3558 1138 3630 ἡμᾶς
1168 3557 1203 3626 ἡ
1261 3561 1369 3611 τῶν
1402 3561 1605 3632 χειρῶν
1649 3557 1922 3631 ἀπόνιψις.

277 3647 351 3700 T6
405 3643 463 3700 δὲ
515 3641 748 3719 ἄσχετος
792 3643 882 3698 καὶ
925 3644 1196 3707 ἀπόλυτος
1247 3641 1433 3716 δηλοῖ,
1494 3646 1567 3707 ὡς
1616 3649 1684 3718 τῇ
1741 3645 1924 3714 ἥττονι

282 3735 384 3790 οὐκ
431 3733 784 3808 ὲνεχθήσεται
841 3732 1030 3810 ἀγωγῇ
1075 3733 1164 3788 καὶ
1215 3731 1490 3798 διαθέσει.
1551 3732 1804 3796 ”Αλλως’
1861 3736 1926 3792 Ἡ

279 3823 400 3886 καθ’
437 3815 734 3898 ὑπέρϐασιν
773 3823 873 3886 τῆς
914 3822 1209 3893 συντάξεως
1256 3821 1459 3893 ταύτης
1508 3821 1802 3897 ἀνάγνωσις
1835 3822 1926 3878 οὕ-

278 3931 385 3972 τως
413 3911 843 3986 ἁρμοσθήσεται’
901 3908 983 3964 ὅτι
1037 3911 1131 3984 μὶν
1165 3908 1279 3982 οὖν,
1335 3912 1409 3972 ὡς
1435 3911 1502 3966 τὰ
1551 3909 1710 3987 λόγιά
1739 3933 1923 3988 φησιν,

281 4001 308 4053 6
336 3997 681 4071 λελουμένος
731 3999 794 4053 οὗ
843 3994 1011 4054 δεῖταί
1051 4020 1197 4062 τινος
1230 4001 1458 4076 [ἒτὲρας]
1499 3999 1831 4076 καθάρσεως,
1881 4001 1926 4056 εί

282 4089 358 4160 μὴ
388 4095 491 4158 τῆς
522 4091 632 4142 τῶν
664 4083 869 4163 ἄκρων,
901 4084 996 4142 εἴτ’
1026 4089 1116 4143 οὗν
1174 4087 1442 4164 ὶχάστων,
1485 4090 1676 4144 ἕαυτοῦ
1705 4089 1924 4164 νίψεως,

279 4174 348 4230 δι’
392 4178 460 4246 ἧς
509 4174 812 4250 ἀκροτάτης
862 4177 1170 4250 καθάρσεως
1229 4176 1282 4232 ἄν
1336 4176 1590 4253 πανάγνῳ
1627 4182 1723 4232 τοῦ
1755 4180 1925 4233 θεοει-

278 4262 402 4328 δοῦς
435 4263 541 4337 ἕξει
574 4266 843 4339 ἄχραντον
875 4267 1156 4336 ποιήσεταν
1190 4267 1278 4320 καὶ
1311 4264 1656 4336 ἀκηλίδωτον
1681 4269 1779 4336 τήν
1809 4268 1924 4322 ἐπι·

276 4357 544 4432 στροφὴν,
603 4353 694 4408 καὶ
751 4355 887 4427 πρὸς
942 4355 1008 4408 τὰ
1065 4353 1255 4430 εύτερα
1314 4356 1522 4429 προϊὼν
1571 4353 1924 4430 ἀγαθοειδῶςο

276 4442 353 4506 ὡς
397 4447 500 4498 τοῦ
571 4441 844 4506 θεοειδοῦς
902 4443 1202 4512 ἀποσώζων
1254 4444 1317 4498 τὸ
1373 4441 1585 4518 πλῆρες
1641 4444 1731 4499 καὶ
1798 4444 1926 4500 ὁλό-

273 4529 512 4606 κληρον,
571 4527 805 4606 ἄσχετος
862 4526 1005 4587 ἔσται
1063 4533 1154 4586 καὶ
1205 4531 1501 4601 ἆπόλυτος,
1556 4533 1631 4594 ὡς
1688 4533 1927 4604 καθάπαξ

272 4617 523 4689 ὲνοειδὴς
557 4619 650 4674 καὶ
681 4619 818 4693 πρὸς
849 4621 911 4675 τὸ
955 4617 1011 4675 ἰν
1070 4621 1222 4685 αὗθις
1279 4621 1494 4683 ἐνιαίως
1539 4620 1927 4698 ἐπιστρεφόμε-
1957 4652 2005 4716 D

270 4729 395 4770 νος.

342 4883 417 4942 Εἴ
451 4885 532 4957 μὴ
560 4891 666 4954 τῆς
693 4890 803 4941 τῶν
849 4886 1048 4962 ἄκρων.
1098 4887 1158 4942 Τί
1189 4886 1303 4942 ἰστι
1328 4889 1392 4944 τὸ
1445 4889 1520 4962 μὴ
1580 4884 1783 4951 δεῖσθαι
1837 4889 1927 4943 τὸν

270 4972 622 5045 λουσάμενον
679 4974 861 5049 ἑτέρας
911 4975 1134 5050 νίψεως,
1187 4976 1233 5032 εί
1267 4977 1344 5051 μὴ
1383 4976 1449 5031 τὰ
1487 4977 1625 5053 ἄκρα
1653 4977 1926 5050 νίψασθαι”

268 5060 503 5136 δεύτερα
557 5059 616 5116 δέ
668 5084 800 5141 φησι
852 5064 921 5118 τὰ
975 5063 1227 5136 αἰσθητὰ,
1284 5065 1362 5129 είς
1412 5065 1444 5119 ἃ
1493 5063 1581 5119 διὰ
1637 5065 1930 5143 φαντασίας

265 5151 580 5226 προσπάσχ
583 5171 626 5204 ει
658 5154 694 5221 ἡ
727 5154 879 5228 ψυχή
891 5195 903 5209 .

343 5240 412 5296 Ὁ
450 5238 546 5311 μὶν
575 5239 742 5315 ἱερός.
795 5241 1135 5314 Σημείωσαι,
1168 5241 1249 5297 ὅτι
1292 5241 1352 5297 οὐ
1385 5241 1592 5319 λουτὴρ
1622 5244 1688 5312 ἦν
1745 5243 1798 5297 ἐν
1853 5248 1932 5316 τῷ

268 5329 461 5400 νόμῳ,
493 5327 586 5382 καὶ
618 5326 700 5382 ὅτι
732 5327 1010 5404 σύνταγμα
1035 5328 1152 5405 ἔχει
1185 5329 1327 5387 ἄλλο
1353 5332 1476 5407 περὶ
1521 5335 1623 5397 τῆς
1669 5332 1803 5387 κατά
1845 5334 1930 5387 νό-

269 5437 380 5489 μον
414 5415 725 5490 ἱεραρχίας,
759 5419 890 5493 ὅπερ
923 5419 986 5474 οὗ
1017 5421 1256 5495 φέρεται.

340 5506 465 5562 Τοῦ
497 5505 784 5580 ἱεράρχου.
821 5509 1144 5581 Σημείωσαι
1180 5510 1243 5564 τὸ
1293 5506 1472 5572 ἔνθεον
1497 5513 1596 5565 τοῦ
1627 5507 1816 5584 ἰερὲως
1849 5510 1932 5580 [τὸ

264 5591 506 5664 ἀληθῶς
536 5593 932 5669 τελειότατον].

342 5723 431 5797 (q)
460 5722 634 5782 Joan.
661 5741 784 5797 xm,
816 5725 906 5782 40.

2033 3391 2194 3443 ctum
2220 3387 2489 3454 habet,ut
2518 3386 2596 3442 sit
2623 3386 2834 3441 horum
2857 3385 3168 3440 verborum
3193 3384 3505 3439 sententia:
3529 3383 3681 3448 Quid

2034 3477 2272 3547 quidem
2304 3475 2412 3530 hoc
2439 3479 2496 3532 et
2525 3475 2667 3530 illud
2703 3475 2780 3530 sit
2809 3473 3178 3529 subindicat:
3211 3473 3310 3527 69
3345 3471 3528 3544 pelvis
3551 3471 3685 3543 qui-

2035 3565 2166 3620 dem
2189 3565 2250 3620 in
2274 3564 2418 3636 legis
2439 3563 2601 3620 cultu
2624 3568 2680 3619 et
2704 3562 2998 3636 religione,
3023 3563 3081 3616 in
3107 3566 3308 3618 nostra
3339 3564 3532 3616 autem
3559 3577 3683 3616 ma-

2035 3669 2219 3708 nuum
2249 3652 2484 3708 lavatio.
2509 3651 2656 3706 Illud
2690 3655 2886 3707 autem
2918 3650 3133 3705 solutus
3160 3659 3214 3705 et
3245 3649 3402 3715 liber,
3426 3647 3686 3703 declarat

2035 3756 2170 3796 eum
2197 3741 2532 3794 inferiorem
2563 3739 2740 3794 vitam
2773 3743 2829 3794 et
2858 3737 3037 3792 animi
3062 3735 3542 3792 constitutionem
3565 3751 3681 3789 non

2035 3844 2164 3886 esse
2198 3833 2559 3885 secuturum.
2594 3826 2810 3882 Aliter:
2849 3825 3040 3882 Lectio
3061 3822 3529 3880 ‘constructionis
3555 3839 3680 3892 quis

2035 3918 2354 3991 hyperbato
2385 3933 2487 3972 seu
2520 3915 2983 3984 transgressione
3012 3916 3261 3983 constat,
3277 3911 3361 3967 sic
3382 3909 3682 3982 copulabi-

2035 4005 2467 4070 tur:Quoniam
2516 4004 2713 4077 igitur,
2732 4007 2798 4058 ut
2827 4002 3050 4074 Scripta
3095 4000 3290 4056 divina
3338 3999 3680 4072 loquuntur,

2035 4095 2136 4165 qui
2167 4094 2320 4149 lotus
2349 4098 2438 4148 est
2469 4109 2584 4148 non
2617 4091 2844 4163 indiget
2874 4089 3225 4163 expiatione,
3257 4088 3373 4144 nisi
3419 4105 3682 4144 summa-

2036 4200 2168 4239 rum
2193 4183 2310 4239 sive
2332 4186 2724 4237 extremarum
2749 4196 2990 4236 suarum
3015 4179 3270 4251 partium
3294 4177 3689 4244 lavatione,ex

2036 4289 2262 4329 summa
2284 4270 2613 4343 expiatione
2638 4271 2695 4324 in
2720 4269 3094 4326 sanctissimo
3117 4267 3322 4324 divinis
3346 4265 3687 4322 similitudi-

2037 4361 2129 4416 nis
2161 4359 2362 4415 habitu
2397 4363 2454 4414 et
2485 4363 2785 4425 statu,non
2808 4357 3179 4428 inquinatam
3206 4370 3310 4410 nec
3333 4353 3687 4408 contamina-

2036 4453 2155 4505 tam
2191 4449 2361 4504 faciet
2390 4447 2890 4504 conversationem
2923 4462 3117 4511 suam;
3140 4448 3197 4498 et
3227 4459 3360 4500 cum
3384 4443 3455 4497 ad
3479 4457 3686 4498 secun-

2036 4538 2112 4593 da
2141 4537 2422 4608 prodierit
2451 4536 2687 4607 benigni
2720 4535 2818 4590 Dei
2851 4533 3271 4602 imitatione,ut
3292 4531 3498 4586 divinis
3522 4529 3687 4584 simi-

2035 4626 2303 4683 litudinis
2335 4625 2748 4698 perfectionem
2768 4624 3288 4694 integritatemque
3305 4619 3686 4688 retinens,so-

2037 4715 2198 4771 lutus
2220 4715 2329 4769 erit
2347 4731 2413 4769 ac
2435 4713 2604 4781 liber,
2632 4712 2800 4784 quasi
2824 4709 3164 4767 uniusmodi
3186 4713 3243 4765 et
3263 4709 3336 4765 ad
3358 4722 3545 4764 unum
3569 4721 3684 4762 uno

2039 4803 2444 4875 singularique
2476 4802 2644 4857 modo
2677 4804 2993 4856 revertens.

2109 4893 2232 4948 Nisi
2268 4892 2683 4947 summitatum.
2718 4889 2862 4954 Quid
2917 4888 2994 4943 sit
3041 4902 3175 4942 eum
3223 4884 3319 4954 qui
3371 4882 3533 4950 lavit,
3567 4899 3682 4938 non

2039 4997 2207 5053 egere
2239 4981 2372 5046 alia,
2403 4980 2516 5036 nisi
2547 4984 2938 5036 extremarum
2962 4975 3214 5048 partium
3246 4971 3554 5028 lavatione.
3589 4971 3685 5026 Se-

2037 5070 2220 5128 cunda
2251 5074 2418 5127 vocat
2445 5086 2510 5125 ea
2541 5085 2667 5140 quae
2714 5068 2822 5123 sub
2879 5079 3115 5120 sensum
3169 5062 3409 5128 cadunt,
3441 5061 3513 5116 ad
3561 5075 3685 5132 quae

2041 5161 2274 5216 animus
2307 5157 2498 5230 specie
2531 5174 2598 5213 ac
2625 5157 2768 5211 visis
2799 5153 3076 5210 afﬁcitur.

2111 5251 2287 5305 Porro
2317 5246 2715 5302 sacrumNota
2745 5242 2902 5314 quod
2934 5257 3047 5297 non
3081 5243 3209 5295 erat
3237 5238 3422 5311 pelvis
3452 5238 3512 5294 in
3544 5238 3690 5309 lege,

2040 5340 2097 5392 et
2127 5336 2279 5408 quod
2316 5338 2628 5390 tractatum
2659 5331 2837 5388 alium
2857 5330 3070 5385 habeat
3099 5329 3170 5384 de
3203 5326 3687 5397 hierarchia,qum

2043 5425 2102 5480 in
2136 5424 2261 5495 lege
2291 5429 2436 5490 erat,
2465 5421 2566 5492 qui
2597 5437 2711 5477 non
2743 5423 2951 5475 exstat.

2115 5511 2576 5581 Pontiﬁcis.Nota
2605 5509 2869 5564 divinum
2904 5507 3167 5563 afﬂatum
3200 5505 3688 5576 sacerdotis[vere

2044 5597 2584 5674 perfectissimum].
