4042 6210
315 341 418 398 147

1128 347 1499 399 APPENDIX
1535 347 1635 397 AD
1671 344 1910 399 OPERA
1949 347 2008 397 S.
2049 342 2362 397 DIONYSII
2400 341 2900 397 AREOPAGITE.

3620 341 3732 397 148

383 468 464 526 Ad
517 469 856 540 sacriﬁcium
911 471 1169 542 expiatos
1225 486 1364 526 esse.
1416 470 1620 526 Divino
1681 467 1965 526 sacriﬁcio

2147 464 2464 541 Ἱερουργίαν
2545 465 3026 541 ἀποκεκαθάρθαι.
3097 469 3179 540 Τῇ
3255 466 3375 537 θείᾳ
3432 466 3732 541 ἱερουργίᾳ

315 559 560 616 scilicet.

387 648 739 720 Speculorum
770 648 1136 719 splendorem.
1169 647 1419 719 Specula
1450 646 1706 719 appellat
1734 651 1968 704 sancto-

316 753 449 794 rum
482 737 736 804 animos,
769 737 924 808 quod
958 736 1164 792 divinae
1197 735 1317 792 sint
1343 736 1493 792 lucis
1523 752 1789 808 capaces,
1819 736 1965 792 vim-

319 842 432 897 que
482 840 613 881 eam
665 824 942 892 habeant,
975 828 1039 879 ut
1072 824 1330 880 melioris
1361 823 1716 881 conditionis
1745 823 1970 880 similes

319 914 458 970 sint.

225 1071 227 1078 1
396 1006 696 1061 Penetrare
746 1003 1113 1075 cupientibus,
1144 1003 1238 1058 Gr.
1276 999 1529 1076 ἐφιέντων
1591 999 1804 1057 διϊέναι.
1857 1005 1971 1058 Hoc

319 1091 634 1149 etiamloco
646 1091 1187 1162 Atticeloquens,ut
1206 1090 1972 1161 Atheniensis,verbumhoc

320 1180 647 1236 construxit
678 1179 915 1236 dicens:
939 1181 1054 1232 Τῶν
1087 1184 1457 1253 μαρμαρυγῶν
1489 1177 1741 1256 ἐφιέντων
1769 1179 1967 1251 splen-

322 1268 566 1325 doribus
598 1267 1002 1339 cupientibus;
1038 1285 1171 1324 cum
1204 1270 1509 1325 debuisset
1537 1267 1727 1324 dicere
1759 1284 1862 1340 per
1890 1269 1972 1323 fe-

328 1357 592 1412 mineum
614 1353 885 1429 ἐφιεισῶν.
911 1357 1061 1421 Quin
1088 1357 1265 1413 etiam
1295 1375 1476 1430 supra
1504 1357 1563 1412 in
1595 1357 1743 1413 libro
1775 1359 1847 1413 De
1873 1374 1973 1412 ca:-

320 1447 447 1502 lesti
476 1445 808 1514 hierarchia,
825 1463 953 1518 cap.
983 1447 1019 1498 7
1050 1446 1240 1503 fusius
1281 1463 1468 1520 genus
1498 1445 1728 1503 dicendi
1759 1447 1973 1504 Attico-

321 1551 454 1591 rum
483 1551 614 1591 esse
642 1534 952 1591 docuimus
979 1552 992 1603 ;
1026 1535 1108 1590 ibi
1138 1535 1321 1607 igitur
1346 1535 1544 1608 legito.

396 1624 666 1681 Caeterum
714 1624 997 1696 pontiﬁci:
1051 1624 1186 1680 ιιια.
1233 1624 1404 1693 Nota,
1453 1641 1558 1680 cur
1606 1624 1866 1697 pontifex
1913 1626 1971 1680 in

324 1712 513 1782 altari,
546 1712 666 1770 sive
697 1714 755 1768 in
789 1711 1028 1780 sanctis,
1062 1711 1121 1767 id
1150 1717 1240 1768 est
1271 1719 1404 1768 ante
1433 1713 1554 1780 illa,
1582 1712 1876 1769 abluatur.

396 1893 464 1946 Et
490 1892 843 1948 summitatis.
875 1892 1134 1948 Summis
1164 1890 1475 1948 levationis
1504 1891 1744 1948 scilicet.

397 2071 472 2126 Et
496 2071 557 2125 in
585 2077 884 2141 aspectum.
918 2069 1151 2124 Diutius
1179 2077 1321 2125 tunc
1352 2070 1579 2125 obtecta
1605 2069 1800 2125 divina
1820 2069 1975 2125 dona

328 2157 670 2224 manebant;
686 2174 874 2229 usque
903 2158 975 2214 ad
1009 2162 1242 2230 tempus
1271 2163 1487 2214 sancta
1518 2157 1971 2214 communionis:

327 2244 504 2316 idque
553 2246 731 2317 paulo
762 2249 896 2318 post
922 2246 1210 2318 explicat;
1258 2251 1360 2302 aut
1407 2250 1680 2303 accurata
1719 2246 1841 2302 haec
1887 2249 1977 2303 est

324 2333 824 2406 explicatio,quod
856 2334 1119 2406 pontifex
1149 2334 1423 2390 attollens
1444 2339 1714 2391 sanctum
1738 2349 1972 2407 panem,

329 2423 675 2479 ostendebat
718 2423 1212 2492 benedictionem,
1245 2440 1349 2480 seu
1401 2428 1835 2481 sacramentum
1884 2424 1977 2480 di-

331 2527 469 2568 cens
494 2527 509 2568 :
541 2516 754 2568 Sancta
783 2512 1026 2569 sanctis.

402 2600 500 2654 10
532 2599 800 2667 Quaenam
828 2615 1011 2671 porro.
1041 2599 1468 2657 Providentiam
1502 2615 1640 2672 erga
1688 2616 1796 2657 nos
1845 2601 1976 2657 uni-

321 2705 576 2760 versam,
609 2690 782 2760 pauci
813 2693 1054 2756 norunt,
1083 2693 1186 2744 aut
1216 2690 1461 2745 forsitan
1511 2707 1582 2746 ne
1630 2691 1803 2762 pauci
1848 2691 1977 2764 qui-

325 2777 459 2834 dem
483 2795 501 2832 :
532 2781 590 2833 et
620 2781 858 2849 propter
888 2793 1065 2848 quam
1095 2776 1332 2832 oblatio.

399 2866 816 2936 Opitulatorem,
849 2865 948 2921 Gr.
983 2865 1220 2939 ἀρωγόν.
1255 2864 1636 2921 Auxiliarem.

400 2954 733 3010 Humanam.
765 2958 841 3010 De
867 2953 1176 3010 hominum
1207 2953 1399 3026 lapsu.

393 3133 816 3199 Praevaricatio,
851 3135 947 3186 Gr.
979 3125 1296 3206 ὑπερϐασία.
1329 3132 1763 3206 Transgressio.

2076 551 2355 624 δηλονότι.

2147 643 2459 719 Έσόπτρων
2493 642 3057 720 ἀγλαΐανάἜσοπτρά
3082 664 3213 721 φησι
3251 642 3347 706 τὰς
3391 647 3501 699 τῶν
3551 643 3732 718 ἁγίων

2077 732 2280 807 ψυχὰς,
2312 733 2387 794 ὡς
2415 737 2511 787 τοῦ
2538 731 2682 787 θείου
2726 733 2904 808 φωτὸς
2934 729 3202 806 δεκτικὰς,
3232 731 3322 788 καὶ
3351 739 3453 802 τῆς
3479 732 3738 809 κρείττο-

2076 842 2164 884 νος
2196 820 2405 892 λήξεως
2441 822 2868 900 ἀφομοιωτικάς.

2149 999 2436 1077 Ἐφιέντων
2470 997 2683 1054 διϊέναι.
2716 1001 2814 1053 Καὶ
2869 1003 2958 1054 νῦν
3019 999 3361 1069 Ἀττικίζων,
3421 1000 3496 1062 ὡς
3548 1001 3735 1069 Ἀθη-

2088 1093 2262 1158 ναῖος,
2302 1088 2550 1159 συνέταξε
2576 1089 2639 1143 τὸ
2667 1088 2828 1164 ῥητὸν
2884 1090 3125 1166 φάσκων,
3181 1092 3289 1143 τῶν
3351 1094 3733 1165 μαρμαρυγῶν

2079 1175 2333 1252 ἐφιέντων
2364 1179 2461 1246 τήν
2497 1175 2696 1232 οἰκείαν
2749 1174 2963 1252 αἰίγλην·
2999 1175 3120 1233 δέον
3160 1178 3295 1252 πρὸς
3328 1177 3566 1247 θηλυκὸν
3615 1182 3736 1232 τῶν

2084 1271 2455 1342 μαρμαρυγῶν
2505 1264 2755 1340 ἐφιεισῶν
2811 1266 3002 1334 εἰπεῖν,
3049 1266 3079 1321 ὃ
3129 1263 3195 1334 δὴ
3238 1265 3328 1321 καὶ
3380 1263 3490 1321 ἅνω
3539 1266 3590 1321 ὲν
3637 1287 3738 1322 κε-

2080 1352 2299 1432 φαλαίῳ
2363 1357 2403 1423 ζ’
2474 1359 2570 1409 τοῦ
2628 1354 2759 1431 Περὶ
2835 1353 3087 1430 οὐρανίας
3153 1355 3436 1432 ἱεραρχίας
3503 1351 3733 1430 βιϐλίου

2082 1443 2416 1519 πλατύτερον
2453 1441 2752 1517 ἐδείξαμεν,
2783 1443 2858 1507 ὡς
2914 1444 3153 1501 Ἀττικὸν
3207 1444 3270 1498 τὸ
3329 1451 3543 1519 σχῖμα.
3577 1446 3735 1502 Ἐκεῖ

2081 1534 2171 1588 οὗν
2205 1533 2493 1608 ἀνάγνωθι.

2150 1624 2215 1680 ἹΙ
2275 1619 2332 1677 δὶ
2388 1626 2483 1677 τοῦ
2541 1619 2824 1697 ἱεράρχου.
2881 1620 3219 1696 Σημείωσαι,
3269 1619 3360 1678 διὰ
3399 1621 3452 1677 τί
3483 1620 3575 1678 ἐπὶ
3631 1628 3735 1679 τοῦ

2083 1710 2466 1785 θυσιαστηρίου
2496 1709 2736 1766 νίπτεται
2767 1711 2794 1766 ὁ
2824 1709 3110 1788 ἱεράρχης,
3141 1707 3266 1782 ἤτοι
3298 1711 3386 1768 ἐπὶ
3413 1715 3524 1766 τῶν
3556 1711 3729 1788 ἁγίων

2003 1839 2050 1904 Β
2080 1798 2351 1855 τουτέστιν
2382 1794 2682 1874 ἔμπροσθεν
2711 1798 2905 1858 αὐτῶν.

2151 1896 2186 1904 ..
2231 1889 2246 1904 .
2351 1892 2380 1902 -
2477 1889 2491 1904 .
2648 1887 2659 1904 .
2877 1893 2905 1904 ..

2151 1889 2249 1944 Καὶ
2310 1892 2408 1959 τῆς
2467 1887 2807 1965 ἀκροτάτης.
2877 1893 2984 1958 Τῆς
3034 1889 3200 1963 ἄκρας
3250 1890 3565 1963 καθάρσεως
3622 1886 3734 1962 δη-

2079 1974 2243 2046 λαδή.

2153 2065 2249 2120 Καὶ
2287 2065 2375 2120 ὑπ’
2430 2062 2574 2139 ὄψιν.
2626 2063 2858 2122 Μᾶλλον
2890 2065 3012 2122 τότε
3031 2061 3218 2140 ἔμενον
3247 2067 3635 2140 κεκαλυμμένα
3662 2067 3733 2121 τὰ

2083 2161 2199 2217 θεῖα
2248 2153 2415 2230 δῶρα,
2461 2151 2564 2216 ἕως
2613 2159 2809 2231 καιροῦ
2859 2158 2958 2220 τῆς
3004 2154 3163 2231 ἁγίας
3211 2155 3590 2229 μεταλήψεωςο
3637 2155 3729 2210 καὶ

2079 2248 2242 2300 τοῦτο
2274 2241 2441 2314 δηλοῖ
2473 2244 2587 2316 μετ’
2621 2243 2805 2319 ὀλίγα.
2837 2245 2908 2301 ’Ἠ
2925 2245 3052 2319 τόγε
3077 2239 3316 2319 ἀκριϐὲς,
3341 2243 3424 2300 ὅτι
3447 2244 3730 2322 κουφίζων

2083 2335 2112 2390 ὁ
2141 2333 2406 2408 ἱεράρχης
2435 2333 2526 2387 τὸν
2560 2333 2711 2407 ἅγιον
2740 2334 2923 2409 ἅρτον,
2952 2330 3158 2390 ἐδείκνυ
3189 2334 3287 2402 τὴν
3321 2332 3596 2407 εὐλογίαν,
3641 2333 3740 2390 λέ-

2083 2442 2233 2499 γωνι·
2268 2422 2335 2476 τὰ
2358 2426 2516 2498 ’Ἅγια
2543 2427 2661 2486 τοῖς
2686 2423 2861 2495 ἁγίοις

2158 2597 2326 2661 Τινάς
2361 2600 2455 2672 μὲν
2483 2596 2598 2655 οὖν.
2631 2599 2746 2661 Τὰς
2767 2598 2842 2661 εἰς
2871 2601 3022 2673 ἡμᾶς
3053 2598 3316 2674 προνοίας
3345 2599 3520 2660 πάσας
3552 2597 3745 2675 ὀλίγοι

2085 2687 2252 2755 ἴσασι,
2281 2689 2425 2762 τάχα
2466 2685 2523 2742 δὲ
2571 2684 2696 2743 οὐδὲ
2747 2686 2929 2765 ὀλίγοι
2986 2686 3154 2744 ἰ¹σασιο
3201 2687 3294 2760 καὶ
3340 2686 3465 2764 περὶ
3510 2687 3655 2744 τίνοι
3704 2690 3742 2758 ἡ

2089 2773 2460 2852 προπομιὸή.

2158 2865 2432 2940 Ἀρωγόν.
2465 2864 2702 2934 Βοηθόν.

2161 2954 2276 3022 Τὴν
2335 2951 2698 3029 ἀνθρωπείαν.
2753 2953 2881 3028 Περὶ
2938 2959 3039 3022 τῆς
3084 2956 3193 3009 τῶν
3235 2952 3530 3028 ἀνθρώπων
3563 2953 3741 3012 ἀποπο

2087 3043 2276 3097 τώσεω
2285 3064 2326 3104 ς.

2157 3125 2500 3206 Ὑπερϐασία.
2532 3125 2869 3206 Παραϐασία.

397 3221 524 3277 Suis
573 3201 1224 3293 propensionibusXHw
1279 3225 1368 3276 est
1419 3201 1654 3294 proprio
1714 3222 1972 3278 arbitrio.

2159 3201 2398 3282 Οἰκείαις
2434 3201 2648 3295 ῥοπαῖς.
2674 3222 2745 3277 “0
2769 3218 2909 3274 ἐστιν
2942 3217 3348 3292 αὐθαφέτωςω.
3380 3220 3440 3278 Ὁ
3470 3217 3530 3275 δὲ
3550 3219 3742 3275 σύντα-

329 3309 701 3366 Construotio
733 3309 805 3363 ad
836 3324 904 3364 ea
934 3325 1060 3380 quaa
1086 3321 1269 3380 supra
1301 3309 1460 3365 dicta
1495 3314 1654 3377 sunt,
1686 3310 1977 3383 pertinet;

333 3399 479 3455 dixit
505 3397 663 3454 enim
696 3397 1021 3453 humanam
1052 3402 1325 3453 naturam
1356 3398 1473 3454 vita
1503 3398 1706 3455 multis
1737 3400 1908 3457 malis
1923 3405 1981 3457 et

329 3487 876 3561 perturbationibus
925 3487 1178 3542 obnoxia
1225 3486 1456 3558 excipit.
1488 3485 1616 3542 Alia
1661 3504 1797 3544 vero
1843 3494 1982 3545 sunt

330 3573 706 3642 intermedia,
739 3573 811 3629 ab
843 3569 1160 3633 ἀκολούθως
1192 3571 1315 3647 γάρ,
1351 3589 1538 3645 usque
1569 3575 1640 3631 ad
1671 3570 1815 3628 ἔνθεν
1856 3571 1981 3630 ἐλε-

334 3665 477 3725 ινῶς.

401 3752 754 3808 Ιῑιεσεὸνοδὶδ.
784 3749 1094 3808 Ofﬁciosis.

405 3841 707 3913 Originem.
739 3838 1224 3911 Quandoquidem
1258 3841 1449 3895 status
1480 3840 1666 3896 nostri
1695 3840 1981 3913 originem

334 3932 542 3984 aterra
561 3929 881 3996 habemus;
909 3945 1121 3999 corpus
1153 3927 1308 3983 enim
1342 3933 1606 3984 nostrum
1639 3947 1708 3985 ex
1737 3946 1805 3987 ea
1841 3947 1980 3987 con-

333 4019 487 4071 stat:
515 4016 652 4084 jure
683 4032 747 4069 ac
781 4017 990 4070 merito
1049 4021 1184 4087 post
1229 4018 1759 4088 transgressionem
1804 4019 1980 4076 ﬁnem

333 4102 514 4158 etiam
545 4101 832 4173 principio
865 4107 1326 4159 consentaneum
1358 4105 1664 4162 habemus.
1685 4107 1747 4163 In
1766 4111 1979 4164 terram

333 4190 491 4248 enim
520 4187 1380 4261 revertimur.Quandoquidem
1413 4192 1639 4249 dictum
1674 4195 1782 4250 sit:
1817 4197 1982 4253 Terra

330 4295 405 4349 es,
437 4282 489 4335 et
513 4280 573 4334 in
599 4285 808 4334 terram
836 4279 1127 4346 reverteris
1155 4279 1252 4349 (r).

401 4369 610 4426 Finem.
647 4369 763 4423 Hoc
787 4369 876 4422 est
908 4370 1177 4422 mortem.

404 4458 532 4515 Vita
554 4472 674 4530 qua:
704 4455 776 4512 ad
801 4471 1043 4528 superna
1097 4454 1302 4525 tendat,
1333 4457 1428 4512 Gr.
1464 4454 1750 4532 ἀναγώγου
1809 4462 1974 4528 ζωῆς.

332 4543 638 4622 Ἀνάγωγον
693 4545 868 4601 vitam
899 4544 1042 4600 dicit
1071 4560 1199 4600 eam
1232 4561 1358 4616 quae
1390 4547 1693 4617 superiora
1751 4551 1972 4622 quaerit,

2111 4553 2198 4606 ἱνω
2285 4555 2545 4622 ζητοῦσαν
2583 4596 2598 4621 ,

333 4641 392 4694 et
422 4636 493 4694 ad
524 4637 701 4692 Deum
734 4637 979 4707 spectat.

405 4726 590 4782 Multis
612 4723 965 4797 passionibus
997 4722 1294 4778 obnoxiam
1328 4724 1795 4782 immutationem.
1831 4727 1980 4792 Quid

336 4815 411 4872 sit
462 4812 762 4875 ἀλλοίωσις
793 4813 855 4868 in
885 4811 1248 4885 corporibus,
1283 4811 1340 4866 in
1372 4811 1519 4868 libro
1549 4815 1623 4870 De
1651 4814 1854 4872 divini:
1880 4833 1978 4874 n0-

333 4903 573 4960 minibus
603 4902 882 4959 diximus.

402 4994 687 5062 Exitiosis,
720 4993 816 5049 Gr.
851 4987 1156 5062 δυσμενεῖς.
1188 4990 1583 5046 Erumnosis.

401 5083 466 5136 In
493 5085 668 5137 statu:
689 5081 1062 5152 privationem
1090 5080 1317 5136 misere.
1353 5077 1414 5134 In
1467 5082 1657 5135 status
1705 5081 1979 5152 privatio-

399 5312 476 5384 (r)
508 5312 650 5367 Gen.
684 5326 770 5378 In,
809 5313 894 5365 19.

2089 3311 2166 3382 ξις
2219 3311 2355 3385 πρὸς
2411 3309 2476 3363 τὰ
2525 3307 2636 3363 ἄνω
2688 3306 2950 3382 εἰρημένα
2997 3307 3160 3362 ἐστίν’
3203 3308 3318 3364 εἶπε
3339 3308 3462 3385 γὰρ,
3495 3307 3578 3365 ὅτι
3633 3310 3738 3378 τὴν

2088 3398 2424 3472 ἀνθρωπείαν
2453 3399 2609 3475 φύσιν
2640 3398 2674 3467 ἡ
2716 3395 3170 3467 πολυπαθεστάτη
3229 3399 3342 3466 ζωὴ
3402 3394 3736 3474 διαδέχεται.

2089 3487 2172 3543 Τὰ
2202 3483 2260 3541 δὲ
2289 3483 2436 3540 ἄλλα
2489 3486 2579 3540 διὰ
2632 3486 2818 3559 μέσου,
2869 3483 2975 3541 ἀπὸ
3027 3488 3126 3540 τοῦ
3154 3482 3473 3551 ἀκολούθως
3503 3488 3604 3564 γάρ
3633 3483 3740 3550 ’ἕως

2088 3580 2184 3631 τοῦ
2215 3573 2361 3640 ἔνθεν
2392 3572 2662 3636 ἐλεεινῶς.

2165 3751 2501 3815 Θελκτικαῖς.
2537 3755 2977 3828 Θεραπευτικαῖς.

2163 3844 2240 3900 Τὸ
2263 3850 2363 3912 τῆς
2391 3842 2590 3918 ἀρχῆς.
2627 3837 2850 3908 Ἐπειδή
2877 3839 2965 3895 καὶ
2998 3841 3177 3917 ἀρχὴν
3206 3847 3308 3911 τῆς
3337 3843 3638 3906 συστάσεως
3674 3842 3740 3900 ἐκ

2092 3939 2193 4009 γῆς
2220 3931 2442 4008 ἔχομεν·
2475 3931 2537 3986 τὸ
2560 3931 2662 4006 γὰρ
2685 3930 2993 4002 σωματικὸν
3011 3932 3171 4002 ἡμῶν
3203 3929 3254 4001 ἐξ
3285 3930 3474 4001 αὐτῆς·
3509 3931 3740 3996 εἰκότως

2097 4021 2231 4095 μετὰ
2256 4023 2354 4090 τήν
2386 4014 2688 4094 παράϐασιν
2721 4019 2810 4074 καὶ
2841 4021 2903 4076 τὸ
2951 4019 3111 4082 τέλος
3158 4018 3468 4097 πρόσφοδον
3524 4016 3732 4096 ἔχομεν

2091 4113 2158 4183 τῇ
2191 4111 2359 4184 ἀρχῇ·
2393 4106 2468 4169 εἷς
2491 4115 2590 4182 γῆν
2626 4107 2728 4182 γὰρ
2761 4106 3102 4171 ἀναλύοντες·
3137 4107 3252 4164 ἐπεὶ
3283 4107 3512 4185 ἐῤῥήθη,
3543 4108 3626 4164 ὅτι
3657 4111 3738 4179 Γῆ

2090 4200 2158 4268 εί,
2187 4199 2274 4253 καὶ
2309 4195 2386 4260 εἰς
2413 4203 2511 4270 γῆν
2545 4194 2841 4270 ἀπελεύσῃ,

2161 4372 2358 4451 Πέρας.
2390 4373 2652 4431 Τουτέστι
2680 4374 2770 4429 τὸν
2805 4372 3057 4438 θάνατον.

2157 4462 2470 4539 Ἀναγώγου
2533 4466 2706 4533 ζωῆς.
2762 4463 3074 4538 Ἀναγωγὸν
3149 4460 3252 4537 [δι]
3309 4463 3452 4532 ζωὴν
3509 4465 3612 4533 τὴν
3667 4461 3742 4518 τὰ

2681 4551 2770 4606 καὶ
2853 4550 2991 4627 πρὸς
3072 4551 3198 4606 Θεὸν
3287 4550 3738 4628 ἱπεστραμμένην

2130 4639 2242 4711 ησί.

2130 4661 2242 4695 rei.

2089 4661 2124 4717 φ
2151 4675 2648 4797 ’Πολυπαθεστάτην
2703 4724 3000 4782 ἀλλοίωσιν
3036 4769 3050 4785 .

2087 4815 2174 4871 ἐπὶ
2233 4838 2310 4871 σω
2319 4817 2498 4890 μάτων
2537 4859 2551 4885 ,

2089 4902 2467 4978 διεξήλθομεν.

2159 4998 2464 5066 Δυσμενεῖς.
2498 4990 2913 5066 Ταλαιπώρους.

2159 5081 2254 5144 Εἰς
2313 5080 2647 5157 ἀνυπαρξίας
2704 5080 2954 5156 οἰκτρῶς.
3015 5080 3112 5144 Εἰς
3163 5080 3488 5157 ἀνυπαρξίαν
3550 5079 3609 5137 δὲ
3639 5079 3735 5138 διὰ

3119 4725 3185 4784 Τί
3241 4725 3382 4782 ἔστιν
3433 4725 3740 4791 ἀλλοίωσις

2625 4815 2676 4870 ἄν
2729 4819 2808 4887 τῷ
2879 4814 3009 4890 Περὶ
3064 4819 3172 4870 τῶν
3227 4815 3382 4871 θείων
3445 4815 3734 4890 ὀνομάτων

1339 5509 1570 5566 VARI/E
1611 5510 1996 5567 LECTIONES
2033 5508 2124 5564 ET
2160 5506 2726 5566 CORRECTIONES.

401 5639 447 5676 ³ο
475 5657 565 5714 γρ.
599 5630 953 5711 αὐθαιρέτοις.
