4042 6210
258 413 366 469 149

1030 418 1087 467 S.
1130 419 1395 470 MAXIM!
1434 416 1734 471 SCHOLIA
1773 417 1846 468 IN
1885 415 2019 467 LIB.
2059 414 2156 466 DE
2193 415 2479 468 ECCLES.
2524 416 2915 468 HIERARCH.

3569 415 3676 471 150

252 539 358 606 τήν
388 537 681 610 ἁμαρτίαν·
745 537 774 592 ὁ
829 535 930 612 γὰρ
994 533 1320 612 ἁμαρτωλὸς
1374 534 1576 612 τρόπον
1633 536 1752 590 τινὰ
1810 533 1901 608 οὐ)

2037 551 2164 591 nem
2217 539 2453 607 propter
2491 539 2835 607 peccatum;
2887 537 3157 607 peccator
3195 535 3354 591 enim
3386 538 3674 608 quodam-

262 626 520 702 ὑπάρχοι·
552 626 616 680 τὸ
645 625 748 700 γὰρ
775 626 940 680 κακὸν
970 624 1334 699 ἀνύπαρκτον.

330 715 714 790 [Ἀπιιροτάτη
761 713 1178 791 φιλανθρωπία,
1231 714 1362 785 Περὶ
1410 719 1511 782 τῆς
1567 713 1913 789 ἐνανθρωπή-

257 825 421 873 σεως,
451 806 534 859 ὅτι
568 803 769 872 ταύτην
805 804 1212 879 φιλανθρώπως
1243 803 1581 878 ένήργησεν.]

323 894 641 968 Αὐτουργὸν
700 895 886 966 ἡμῶν.
949 891 1268 965 Σημείωσαι
1325 893 1423 960 τὴν
1463 886 1744 965 ἀκρίϐειαν
1799 897 1907 946 τῶν

256 981 572 1057 δογμάτων,
620 982 672 1036 ἐν
722 980 1108 1051 πολυπληθείᾳ
1149 980 1340 1052 λέξεων
1393 982 1758 1058 φραζομένην,
1817 982 1904 1036 καὶ

256 1070 615 1144 πολεμοῦσαν
667 1072 871 1132 πάντας
931 1068 1256 1142 αἱρετικούςο
1301 1069 1362 1123 τὸ
1421 1071 1512 1142 μὲν
1543 1076 1646 1144 γὰρ
1681 1069 1906 1144 αὐτουρ-

255 1162 350 1233 γὸν
396 1159 643 1234 γενέσθαι
697 1160 796 1227 τῆν
845 1157 924 1220 ei;
975 1161 1122 1230 ἡμᾶς
1171 1159 1426 1232 πρόνοιαν
1476 1161 1572 1212 τοῦ
1625 1163 1758 1212 Θεοῦ
1817 1156 1909 1229 δη-

256 1248 370 1314 λοῖ,
435 1246 519 1301 ὅτι
581 1245 741 1308 αὐτὸς
798 1246 866 1315 ἦν
927 1248 954 1301 ὁ
1007 1247 1138 1309 Θεὸς
1167 1245 1364 1321 Λόγος·
1426 1246 1487 1300 οὐ
1513 1248 1619 1319 μὴν
1655 1245 1825 1310 ἄλλος
1854 1246 1906 1301 ἐν

255 1336 440 1408 ἄλλῳ,
487 1335 563 1397 ὥς
609 1356 751 1397 τινες
789 1333 1070 1407 μαίνονται
1102 1333 1194 1388 σὺν
1253 1334 1555 1409 Νεστορίῳ.
1616 1334 1689 1391 Τὸ
1743 1333 1799 1389 δὲ
1855 1334 1904 1388 ἐν

252 1425 456 1493 ἀληθεῖ
517 1423 723 1496 μεθέξει
775 1425 991 1478 πάντων
1037 1427 1147 1477 τῶν
1176 1424 1456 1496 ἡμετέρων
1512 1422 1908 1496 ἀναμαρτήτως

253 1513 338 1568 καὶ
373 1513 749 1587 Μανιχαίους,
785 1514 874 1567 καὶ
910 1511 1336 1586 Εὐτυχιανιστὰς
1351 1514 1416 1583 ²¹,
1458 1510 1549 1565 καὶ
1582 1510 1909 1568 Ἀπολλινα-

253 1603 462 1678 ριστὰς,
493 1603 583 1657 καὶ
620 1601 986 1675 Ἀκεφάλους,
1044 1601 1133 1656 καὶ
1182 1602 1386 1663 πάντας
1418 1599 1751 1672 ἁπαξαπλῶς
1780 1601 1907 1664 τοὺς

254 1693 626 1766 αἱρετίζοντας
657 1686 1014 1748 καταϐάλλει.

320 1781 530 1851 Ἕξιως
562 1824 576 1837 .
657 1781 727 1834 Τὸ
800 1777 960 1852 ἕξεως
1015 1779 1240 1843 ἐνταῦθα
1295 1779 1356 1834 οὐ
1417 1778 1710 1850 ποιότητός
1763 1799 1906 1842 τινος

253 1869 506 1944 έμμόνου
534 1869 786 1940 νοητέον,
840 1869 988 1925 ἀλλὰ
1015 1870 1280 1942 καθέξεως
1326 1870 1418 1925 καὶ
1449 1867 1738 1942 διαμονῆς,
1781 1867 1906 1938 ἤτοι

254 1958 657 2035 κατασχέσεως.

321 2047 402 2104 Οὐ
459 2047 596 2102 κατὰ
649 2044 896 2119 δύναμιν.
959 2045 1300 2120 Σημείωσαι,
1358 2047 1439 2101 ὅτι
1491 2047 1590 2101 οὐκ
1636 2046 1688 2102 ἐν
1751 2047 1904 2123 ἰσχύϊ

253 2134 494 2205 ἐνίκησεν
545 2137 573 2190 ὁ
629 2137 861 2211 Χριστὸς
915 2138 1004 2191 τὸν
1057 2141 1319 2205 Σατανᾶν,
1381 2134 1526 2192 ἀλλὰ
1581 2135 1751 2210 κρίσει
1811 2137 1900 2192 καὶ

254 2223 590 2299 δικαιοσύνῃ.
643 2230 813 2281 Τοῦτο
871 2225 960 2281 καὶ
1004 2224 1308 2300 Γρηγόριος
1373 2227 1401 2280 ὁ
1454 2225 1666 2297 Νύσσης
1718 2227 1769 2281 ἐν
1824 2231 1903 2298 τῷ

256 2319 629 2390 Κατηχητικῷ
658 2335 842 2392 φησιν.

319 2399 574 2461 Ὀλϐίου.
608 2403 904 2459 Πλουσίου.

319 2492 584 2551 ’Δνιίδεον
615 2491 863 2549 κάλλεσι.
901 2492 1001 2550 Καὶ
1043 2492 1297 2568 ἀνωτέρω
1338 2491 1510 2556 οὕτως
1555 2490 1782 2568 ἔφημεν,
1815 2494 1896 2550 ὅτι

247 2578 482 2636 ἀνείδεον
514 2583 578 2637 τὸ
609 2587 708 2650 τῆς
756 2580 976 2656 ἀγνοίας
1026 2579 1218 2644 σκότος
1261 2581 1412 2658 φησί.
1468 2582 1732 2655 Σημαίνει
1783 2581 1902 2638 δέ²²

243 2672 340 2739 τήν
377 2668 689 2743 έλευθεριαν
720 2672 904 2743 ἡμῶν.

311 2759 737 2833 Ἐναγεστάτων.
770 2757 1191 2831 Μεμιασμένων.

318 2852 346 2917 §
379 2852 503 2902 XII.
540 2848 653 2901 Ἀεὶ
680 2853 801 2909 ταῖς
829 2848 1195 2923 ἱεραρχικαῖς,
1227 2851 1342 2918 Τῆς
1374 2851 1668 2925 θεαρχικῆς
1697 2849 1896 2925 ἀγαθό-

248 2956 437 3006 τητος,
470 2936 546 2997 ὡς
577 2934 678 3012 ἔφη
712 2934 765 2990 ἐν
795 2936 944 3010 ἀρχῇ
981 2941 1078 2991 τοῦ
1106 2935 1423 3014 κεφαλαίου.

318 3025 596 3097 Ὑμνήσας
663 3022 722 3078 δὲ
795 3023 923 3080 καί.
1001 3026 1249 3081 Τουτέστι
1324 3027 1416 3081 τὸν
1476 3025 1636 3101 ἄρτον
1688 3028 1776 3082 καὶ
1833 3029 1894 3083 τὸ

251 3116 517 3189 ποτήριον
550 3112 800 3189 εὐλογῶν
859 3117 965 3169 τῶν
1021 3115 1186 3189 ἁγίων
1247 3112 1454 3189 δώρων.
1490 3117 1806 3189 Σημείωσαι
1840 3115 1896 3172 δὲ

253 3201 333 3257 ὅτι
391 3207 681 3279 πανταχοῦ
724 3197 1070 3275 ωμϐολικὴν
1125 3203 1272 3278 λέγει
1321 3205 1417 3273 τὴν
1478 3207 1623 3269 θείαν
1684 3207 1896 3282 ἱερουρ-

2027 625 2200 679 modo
2234 642 2348 680 non
2382 625 2648 696 exsistit;
2687 624 2906 680 malum
2929 626 3084 680 enim
3117 624 3459 680 exsistentia
3497 631 3675 683 caret.

2094 714 2220 784 [Dei
2268 714 2602 785 principalis
2646 716 2919 770 bonitatis.
2974 715 3108 786 Agit
3137 715 3207 769 de
3233 715 3673 785 Incarnatione;

2024 805 2176 874 quod
2209 819 2337 859 eam
2374 802 2830 859 misericorditer
2867 804 3192 876 perfecerit.

2091 893 2200 947 Per
2228 908 2284 948 se
2314 900 2626 963 operantem
2673 894 2871 949 nostri.
2933 894 3079 948 Nota
3110 897 3446 949 accuratam
3474 893 3673 950 obser-

2023 982 2312 1036 vationem
2347 983 2738 1047 decretorum,
2789 999 2914 1052 quae
2964 982 3024 1037 in
3059 983 3437 1038 multitudine
3467 983 3674 1040 dictio-

2027 1087 2168 1124 num
2203 1070 2440 1137 dicitur,
2469 1077 2880 1142 cxpugnatque
2929 1087 3134 1126 omnes
3167 1071 3492 1128 haereticos.
3525 1073 3669 1128 Nam

2024 1175 2126 1230 per
2156 1175 2217 1214 se
2247 1163 2584 1230 operantem
2609 1160 2788 1215 fuisse
2810 1176 2948 1232 erga
2965 1177 3071 1215 nos
3097 1160 3196 1216 Dei
3220 1160 3674 1232 providentiam,

2022 1247 2294 1314 declarat,
2329 1249 2483 1318 quod
2519 1248 2768 1303 Verbum
2800 1247 2954 1303 idem
2987 1252 3109 1303 erat
3144 1249 3329 1316 Deus;
3365 1266 3482 1305 non
3540 1267 3674 1306 vero

2023 1337 2174 1391 alius
2228 1337 2286 1391 in
2340 1337 2474 1401 alio,
2509 1341 2571 1391 ut
2605 1337 2845 1407 quidam
2879 1353 3013 1392 cum
3044 1338 3310 1393 Nestorio
3342 1338 3668 1394 insaniunt.

2023 1425 2169 1480 Illud
2192 1441 2349 1492 vero,
2383 1425 2442 1479 in
2474 1441 2608 1480 vera
2640 1425 3086 1498 participatione
3107 1427 3373 1482 omnium
3405 1443 3532 1498 quin
3565 1444 3669 1482 no-

2021 1519 2144 1570 stra
2175 1519 2312 1569 sunt
2345 1514 2470 1570 sine
2503 1518 2758 1585 peccato,
2793 1519 2849 1570 et
2879 1515 3229 1571 Manichaeos
3267 1519 3325 1571 et
3355 1515 3669 1587 Eutychia-

2020 1619 2148 1674 nos,
2193 1607 2250 1659 et
2303 1601 2694 1674 Apollinarios
2739 1607 2797 1659 et
2843 1604 3166 1676 Acephalos
3197 1608 3252 1660 et
3285 1621 3399 1660 uno
3430 1605 3667 1661 nomine

2020 1707 2225 1748 omnes
2250 1692 2553 1748 haereticos
2584 1693 2919 1764 prosternit.

2092 1781 2299 1836 Habitu
2336 1798 2434 1836 seu
2462 1785 2629 1846 statu,
2662 1781 2760 1836 Gr.
2792 1777 2970 1849 ἕξεως.
3003 1782 3205 1852 "Esse;
3235 1782 3344 1838 hoc
3374 1781 3521 1848 loco,
3554 1798 3671 1838 non

2022 1870 2324 1942 qualitatis
2374 1872 2687 1941 cujusdam
2738 1869 2967 1926 stabilis
3017 1869 3506 1944 intelligendum:
3563 1871 3666 1926 sed

2014 1958 2557 2030 comprehensionis
2588 1963 2645 2013 et
2676 1958 2976 2014 ﬁrmitatis
3008 1963 3109 2014 aut
3137 1959 3505 2026 retentionis,

2079 2054 2201 2107 Non
2229 2048 2466 2104 viribus.
2517 2047 2664 2103 Nota
2711 2047 3009 2104 Christum
3043 2064 3161 2105 non
3195 2050 3284 2104 71
3318 2049 3524 2105 robore
3575 2049 3658 2104 vi-

2011 2136 2162 2194 cisse
2191 2137 2489 2193 diabolum
2515 2155 2530 2204 ;
2564 2137 2662 2192 sed
2690 2135 2915 2207 judicio
2946 2139 3005 2193 et
3027 2137 3285 2208 justitia.
3326 2142 3444 2194 Hoc
3476 2137 3654 2194 etiam

2009 2226 2321 2298 Gregorius
2352 2225 2649 2297 Nyssenus
2680 2225 2740 2281 in
2773 2226 3111 2282 Cateclzetico
3141 2226 3300 2282 dicit.

2079 2406 2266 2470 Beato,
2301 2403 2398 2458 Gr.
2432 2396 2646 2456 ὀλϐίου.
2680 2402 2877 2457 Diviti.
2911 2403 3172 2473 copioso.

2077 2495 2374 2563 Infamem
2398 2490 2927 2563 pulchritudinibus.
2961 2491 3149 2545 Etiam
3183 2507 3362 2561 supra
3390 2491 3469 2545 ita
3504 2490 3654 2544 dixi-

2009 2581 2324 2653 mus,quod
2355 2575 2589 2632 ἀνείδεον
2620 2578 3009 2651 ignorationis
3041 2579 3349 2650 caliginem
3382 2578 3654 2634 dicat.Si-

2007 2671 2246 2743 gniﬁcat
2276 2673 2470 2724 autem
2503 2669 2832 2723 libertatem
2865 2673 3149 2723 nostram.

2075 2759 2434 2817 Fmdissz'mis.
2468 2758 3009 2828 Coinquinatorum.

2077 2851 2107 2922 §
2135 2850 2254 2904 XII.
2289 2848 2512 2919 Semper
2536 2845 2920 2901 hierarchi‘cis.
2960 2845 3173 2900 Divinas
3206 2844 3509 2915 bonitatis,
3541 2844 3655 2901 sic-

2006 2943 2070 2994 ut
2094 2938 2239 2992 dixit
2265 2937 2324 2991 in
2357 2935 2648 3007 principio
2682 2935 2911 3006 capitis.

2078 3025 2429 3091 Cotlaudans,
2485 3033 2586 3080 etc.
2637 3025 2698 3079 Id
2736 3028 2844 3094 est,
2879 3038 3090 3095 panem
3122 3026 3177 3078 et
3210 3022 3452 3078 calicem
3483 3022 3659 3078 bene-

2007 3117 2208 3172 dicens
2235 3118 2576 3172 sanctorum
2600 3114 2908 3169 donorum.
2932 3113 3080 3167 Nota
3103 3127 3238 3167 vero
3257 3112 3412 3182 quod
3437 3111 3658 3182 ubique

2008 3204 2434 3262 sacramentale
2465 3203 2607 3259 dicit
2635 3203 2901 3258 divinum
2936 3201 3315 3268 sacriﬁcium,
3365 3205 3423 3257 et
3453 3203 3659 3256 sancta

252 3293 398 3365 γίαν,
427 3291 519 3346 καὶ
548 3277 618 3346 τά
647 3293 770 3367 ἅγια
803 3289 952 3368 δῶρα
982 3277 1236 3366 σύμϐολα
1263 3297 1368 3348 τῶν
1397 3294 1504 3348 ἄνω
1550 3294 1640 3348 καὶ
1697 3277 1898 3366 ἀληθι-

2037 3296 2167 3351 Iona
2194 3297 2565 3350 sacramenta
2593 3308 2722 3348 esse
2754 3291 3098 3360 caelestium,
3131 3294 3188 3346 et
3217 3290 3532 3346 veriorum.

252 3381 522 3454 νωτέρων.
1651 3445 1656 3449 _

321 3467 430 3524 Τὸν
484 3469 586 3542 γὰρ
643 3467 1144 3543 ἐγκεκαλυμμένον.
1204 3470 1362 3527 Οὕτω
1398 3469 1487 3524 καὶ
1543 3469 1650 3546 πρὸ
1710 3471 1898 3548 ὀλίγου

255 3556 490 3631 εἴρηται,
541 3558 627 3612 ’ὁτι
675 3557 1088 3632 κεκαλυμμένον
1118 3556 1274 3632 ἔμενε
1299 3561 1360 3614 τὸ
1393 3565 1534 3624 θεῖον
1569 3557 1742 3634 δῶρον
1795 3559 1900 3623 ἕως

251 3647 445 3718 καιροῦ
497 3646 878 3720 μεταλήψεως,
929 3647 974 3701 εἰ
1029 3649 1104 3721 μὴ
1157 3649 1257 3723 ἄρα
1303 3647 1712 3722 κεκαλυμμένον
1746 3650 1900 3725 λέγε-

253 3754 340 3788 ται
373 3735 435 3788 τὸ
467 3735 576 3790 ἀπὸ
613 3739 723 3790 τῶν
754 3733 982 3791 πολλῶν
1014 3737 1103 3790 καὶ
1133 3733 1233 3807 ἔξω
1265 3735 1534 3806 ἑστώτων,
1565 3738 1655 3792 καὶ
1709 3737 1898 3801 ἁπλῶς

253 3821 459 3877 λαϊκῶν
493 3823 1001 3899 ἀποκεκρυμμένον.

318 3913 398 3969 Τὸ
454 3913 559 3987 γὰρ
607 3909 664 3967 ἓν
724 3913 813 3968 καὶ
878 3912 1108 3970 ἁπλοῦν.
1171 3913 1390 3985 Ἐπειδὴ
1437 3915 1525 3969 καὶ
1574 3918 1756 3990 ψυχὴν
1786 3937 1898 3971 νοε-

253 4000 343 4072 ρὰν
376 4002 464 4055 καὶ
503 4005 666 4073 σῶμα
711 4003 900 4076 γήϊνον
949 3998 1132 4058 ἔλαϐε.
1181 4005 1285 4077 [Ἐξ
1333 4007 1494 4073 ἡμῶν
1527 4001 1902 4078 εἷδοποιούμε-

251 4110 362 4158 νον,
412 4091 564 4145 τοῦτ’
614 4088 723 4145 ἔστι
768 4090 831 4144 τὸ
875 4092 992 4145 καθ’
1039 4094 1186 4164 ἡμᾶς
1218 4090 1378 4163 εἶδος,
1410 4091 1579 4168 ἤγουν
1611 4095 1708 4162 τὴν
1742 4093 1896 4171 φύσιν

253 4173 486 4251 λαϐώνο]
521 4178 840 4251 Σημείωσαι
872 4177 928 4234 δὲ
958 4184 1075 4242 πῶς
1107 4182 1362 4235 κοινωνοὶ
1393 4181 1536 4246 Θείας
1565 4182 1771 4260 φύσεως
1808 4205 1899 4258 γι-

250 4263 455 4339 νόμεθα
486 4272 710 4340 Χριστῷ
736 4267 1037 4341 ένούμενοι.
1089 4270 1403 4344 Σημιίωσαι
1436 4271 1522 4325 καὶ
1553 4272 1620 4326 τὰ
1647 4271 1769 4346 περὶ
1798 4279 1899 4342 τῆς

252 4355 594 4430 οἰκονομίας,
653 4357 742 4411 καὶ
798 4356 878 4418 τίς
931 4358 958 4412 ὁ
1003 4358 1204 4435 φανεὶς,
1235 4359 1322 4414 καὶ
1360 4360 1439 4421 τίς
1473 4363 1507 4429 ἡ
1556 4359 1745 4422 κλάσις
1803 4365 1898 4416 τοῦ

252 4444 440 4519 ἄρτου,
471 4444 560 4499 καὶ
596 4442 854 4518 ὃιανομή.

317 4536 450 4589 Κατ’
485 4534 672 4609 ἄκρον.
706 4533 956 4590 Τουτέστι
988 4537 1104 4591 κατ’
1137 4537 1299 4611 ἄκραν
1330 4534 1520 4592 ἕνωσιν
1545 4540 1630 4593 καὶ
1663 4536 1894 4608 τελείαν,

247 4621 334 4676 καὶ
367 4619 613 4693 οὖσιώδη
641 4624 761 4678 καθ’
795 4623 1082 4680 ὑπόστασιν
1115 4624 1318 4697 ἀληθῆ.

317 4795 673 4872 Ἀλωϐήτου.
707 4796 1030 4866 Ἀϐλαόοὖς.

319 4892 442 4965 Χρή
476 4889 577 4966 γὰρ
609 4891 778 4963 ἡμᾶς.
830 4891 1145 4964 Σημείωσαι
1176 4891 1257 4956 τίς
1295 4894 1322 4947 ὁ
1355 4894 1552 4955 σκοπὸς
1599 4898 1696 4948 τοῦ
1742 4895 1902 4967 Χρισ-

247 4983 539 5050 τιανισμοῦ
556 4981 621 5035 ³³.

315 5067 434 5121 ’τπ’
495 5063 621 5141 ὄψιν
680 5065 844 5142 ἄγων.
904 5068 1035 5144 Περὶ
1090 5073 1184 5124 τοῦ
1243 5071 1442 5144 Κυρίου
1501 5074 1660 5144 ἡμῶν
1720 5073 1900 5140 Ἰησοῦ

245 5156 493 5228 Χριστοῦ
525 5155 755 5221 ἐνταῦθά
786 5179 947 5231 φησιν
990 5157 1052 5212 οὐ
1085 5153 1458 5232 συμϐολικῶς,
1518 5160 1574 5215 ὅν
1628 5162 1714 5215 καὶ
1768 5182 1901 5232 νοη-

241 5245 340 5312 τήν
405 5247 569 5317 ἡμῶν
631 5244 733 5320 ἔφη
799 5249 966 5317 ζωήν.
1016 5249 1085 5302 Τὸ
1146 5245 1202 5302 δὲ
1248 5247 1524 5323 παντελεῖ,
1567 5247 1755 5318 ἐπειδὴ
1815 5250 1903 5305 καὶ

245 5335 434 5408 ψυχὴν
465 5333 676 5408 νοερᾶν,
709 5335 799 5389 καὶ
834 5339 993 5409 σῶμα
1024 5338 1218 5412 γήϊνον
1259 5333 1506 5395 ἀνέλαϐε.
1568 5339 1666 5392 Καὶ
1722 5337 1907 5401 καλῶς

2082 3474 2337 3544 Opertum
2363 3471 2530 3528 enim.
2580 3471 2674 3527 Sic
2714 3470 2885 3526 etiam
2919 3469 3093 3540 paulo
3127 3472 3260 3524 ante
3290 3467 3514 3523 dictum
3545 3469 3657 3536 est,

2009 3563 2163 3634 quod
2196 3565 2460 3633 opertum
2495 3561 2770 3616 manebat
2798 3559 3062 3614 divinum
3111 3558 3331 3612 donum
3365 3573 3553 3628 usque
3583 3557 3655 3611 ad

2008 3656 2242 3722 tempus
2268 3650 2701 3705 communionis
2730 3667 2742 3715 ;
2779 3648 2893 3702 nisi
2925 3648 3070 3702 forte
3100 3648 3368 3717 opertum
3417 3644 3654 3712 dicitur,

2008 3741 2067 3794 id
2099 3740 2253 3811 quod
2287 3738 2492 3793 multis
2520 3743 2577 3792 et
2607 3737 2679 3791 iis
2699 3737 2797 3808 qui
2831 3739 2992 3790 extra
3023 3739 3206 3798 stant,
3236 3737 3295 3788 et
3321 3749 3436 3788 uno
3461 3732 3658 3787 nomi—

2011 3845 2102 3897 ne,
2145 3827 2312 3883 laicis
2343 3825 2640 3882 occultum
2671 3829 2779 3880 est.

2084 3916 2313 3974 Unicum
2341 3914 2492 3969 enim
2521 3913 2689 3978 illud,
2723 3927 2785 3966 ac
2803 3911 3063 3982 simplex.
3085 3907 3567 3980 Quandoquidem
3596 3911 3656 3964 et

2010 4006 2267 4062 animam
2295 4001 2772 4070 intellectualem,
2796 4004 2851 4055 et
2863 4016 3076 4071 corpus
3089 4002 3390 4054 terrenum
3409 3996 3654 4068 accepit.

2012 4097 2114 4168 [Ex
2147 4093 2316 4150 nobis
2348 4094 2654 4156 formatus,
2685 4090 2794 4145 hoc
2824 4093 2932 4159 est,
2968 4087 3159 4161 specie
3185 4104 3286 4143 seu
3313 4092 3523 4142 natura
3553 4101 3655 4142 no-

2009 4188 2132 4239 stra
2162 4182 2512 4253 assumpta.]
2548 4180 2694 4235 Nota
2724 4194 2880 4244 vero,
2904 4177 3195 4248 quomodo
3228 4174 3543 4248 participes
3575 4174 3660 4229 di-

2011 4274 2153 4329 vinae
2186 4276 2404 4327 natura:
2452 4268 2782 4326 efﬁciamur
2826 4267 3056 4324 Christo
3089 4264 3274 4322 uniti:
3312 4268 3451 4319 nota
3478 4263 3657 4318 etiam

2009 4378 2078 4418 ea
2106 4379 2230 4434 qua:
2263 4361 2722 4416 incarnationem
2747 4357 3124 4427 attingunt,et
3146 4355 3280 4427 quis
3299 4351 3655 4424 apparuerit:

2009 4468 2139 4523 quas
2169 4451 2244 4506 sit
2271 4449 2473 4505 fractio
2507 4447 2678 4520 panis
2711 4451 2767 4502 et
2799 4445 3159 4500 distributio.

2079 4546 2188 4596 Per
2214 4554 2514 4604 summam,
2551 4538 2647 4592 Gr.
2680 4535 2795 4588 κατ’
2829 4530 3008 4608 ἄκρον.
3044 4533 3105 4588 Id
3137 4535 3225 4588 est
3255 4545 3488 4586 summa
3517 4545 3657 4584 con-

1929 4648 1977 4712 Β
1999 4629 2306 4701 junctione
2335 4631 2391 4684 et
2423 4626 2696 4698 perfecta,
2721 4629 2896 4696 atque
2918 4619 3296 4679 substantiali
3327 4617 3654 4676 secundum

2009 4734 2207 4774 veram
2239 4715 2704 4772 subsistentiam.

2080 4807 2473 4872 Immaculataz,
2508 4804 2606 4859 Gr.
2639 4795 2956 4872 ἀλωϐήτου.
2991 4803 3278 4855 lnnocuaa.

2087 4899 2315 4968 Oportet
2370 4894 2518 4950 enim
2565 4908 2682 4948 nos.
2731 4896 2898 4960 Nota,
2933 4889 3067 4961 quis
3124 4887 3257 4941 ﬁnis
3314 4882 3658 4941 Christiana;

2016 4984 2412 5058 perfectionis.

2085 5075 2195 5129 Sub
2243 5081 2518 5145 aspectum
2564 5069 2865 5127 adducens.
2900 5071 2975 5122 De
3006 5064 3255 5120 Domino
3287 5064 3489 5118 nostro
3516 5060 3661 5116 Jesu

2015 5163 2244 5220 Christo
2277 5163 2385 5218 hoc
2418 5161 2541 5218 loco
2565 5159 2707 5214 dicit
2738 5174 2850 5213 non
2887 5172 2988 5228 per
3018 5153 3222 5226 signa;
3257 5168 3430 5225 quem
3481 5149 3659 5207 etiam

2016 5251 2337 5324 spiritalem
2359 5252 2536 5306 vitam
2571 5252 2833 5304 nostram
2865 5261 2993 5302 esse
3015 5244 3444 5299 dixit.Verbum
3463 5244 3660 5297 autem

2018 5343 2273 5393 παντεΛεῖ
2305 5340 2542 5394 adhibet
2570 5356 2583 5406 ;
2619 5339 2928 5409 propterea
2944 5334 3098 5406 quod
3125 5337 3181 5389 et
3210 5332 3473 5389 animum
3504 5347 3662 5388 men-

1269 5546 1501 5602 VARI/E
1541 5548 1926 5605 LECTIONES
1968 5549 2055 5604 ET
2092 5543 2648 5603 CORRECTIONES.

323 5720 371 5758 ²¹
398 5718 827 5795 Εὗτυχιανιτάς.
901 5723 948 5759 ²²
975 5721 1277 5797 σημείωσαι
1311 5720 1386 5781 δέ.
1465 5725 1512 5762 ³³
1541 5727 1897 5801 Χριστιανῶν.
