4042 6210
319 387 416 442 151
1132 391 1499 445 APPENDIX
1540 393 1638 444 AD
1676 389 1918 444 OPERA
1953 389 2010 441 S.
2051 387 2364 443 DIONYSII
2404 389 2905 446 AREOPAGITE.

317 517 391 572 tis
425 514 800 587 participem,
851 518 906 570 et
952 519 1252 571 terrenum
1285 533 1496 589 corpus
1527 515 1757 588 accipit.
1791 515 1964 570 Recte

2113 512 2218 566 [πεν
2297 511 2592 588 ἀσυγχύτῳ
2669 512 3075 588 ἐνανθρωπήσει
3107 533 3120 548 ·

2077 597 2370 676 ἄνθρωπος
2424 601 2631 680 ὀφθεὶς,
2686 603 2775 656 καὶ
2845 603 3097 680 ἑκατέρας
3157 605 3370 682 φύσεως
3428 607 3617 676 σώζων
3671 607 3747 662 τὰ

319 605 496 661 etiam
513 603 660 658 dixit
679 605 969 674 inconfusa
989 605 1353 660 humanitatis
1373 607 1771 676 assumptione;
1801 619 1968 659 man-

3629 391 3743 446 152

3205 513 3384 589 ἔμεινε
3439 518 3545 593 γὰρ
3605 519 3744 580 Θεὸς

318 696 396 750 sit
415 695 572 751 enim
600 695 748 750 Deus
773 695 873 766 qui
906 695 1080 751 homo
1102 695 1267 750 visus
1291 700 1398 761 est,
1423 695 1668 752 servatis
1699 693 1968 765 utrisque

2113 687 2374 764 διώματα’
2410 691 2499 745 καὶ
2533 690 2837 764 σημείωσαι
2867 694 3002 748 κατὰ
3022 691 3552 770 ’Δπολλιναριστῶν.

315 787 536 840 naturae
568 783 1024 856 proprietatibus
1050 804 1064 852 ;
1095 789 1148 840 et
1175 789 1312 840 nota
1328 791 1532 841 contra
1555 782 1967 857 Apollinarios.

383 875 637 930 Nostram
685 874 914 944 speciem
962 873 1298 930 induentem.
1356 875 1420 929 Id
1449 878 1540 930 est
1567 873 1823 946 speciem
1866 887 1968 927 no-

319 966 506 1018 stram
540 962 661 1018 sive
693 969 964 1018 naturam
1007 979 1142 1018 cum
1173 963 1611 1034 assumpsisset.

389 1053 699 1122 Participes
726 1051 840 1107 Dei.
877 1051 1044 1121 Nota,
1076 1054 1366 1122 quomodo
1416 1052 1731 1124 participes
1762 1049 1971 1106 divina:

323 1143 545 1196 naturai
577 1139 888 1207 efﬁcimur,
919 1139 1150 1196 Christo
1181 1141 1501 1211 conjuncti.

399 1230 495 1284 72
545 1229 574 1299 §
621 1228 768 1284 XIV.
811 1230 873 1283 In
921 1229 1236 1300 gratiarum
1285 1230 1576 1297 actionem,
1617 1227 1711 1289 Εἰς
1753 1227 1972 1301 εὔχαρι-

326 1315 494 1372 στίαν.
524 1319 599 1372 De
629 1316 988 1373 eucharistia
1017 1317 1180 1374 dicit.

396 1405 847 1464 Distributionem
878 1407 1164 1463 antecedit.
1199 1406 1604 1463 Communiter
1623 1406 1838 1480 ἡγεῖται
1873 1422 1975 1478 pro

324 1499 647 1568 προηγεῖται
672 1495 914 1566 ponitur
937 1516 950 1564 ;
981 1497 1138 1568 quod
1172 1497 1428 1568 primum
1453 1500 1682 1568 oportet
1703 1495 1976 1551 sacerdo-

322 1589 441 1640 tem
475 1600 726 1652 sumere,
763 1587 936 1655 atque
970 1584 1048 1640 ita
1079 1585 1535 1641 communicare.
1569 1583 1837 1657 Sumptio
1868 1583 1977 1656 igi-

324 1676 422 1728 tur
449 1677 506 1728 et
535 1673 873 1728 communio
906 1673 1034 1744 ejus
1066 1674 1168 1746 qui
1207 1674 1442 1744 obtulit,
1495 1673 1803 1746 mysticam
1841 1671 1978 1728 reli-

329 1777 582 1834 quorum
613 1761 1089 1817 distribulionem
1131 1763 1445 1818 antecedit.

2149 869 2232 940 Ἐξ
2283 869 2444 940 ἡμῶν
2494 865 2962 942 εῗδοποιούμενον.
3009 868 3267 926 Τουτέστι
3311 870 3374 924 τὸ
3413 870 3534 934 καθ’
3583 871 3740 942 ἡμᾶς

2079 953 2242 1026 εἶδος,
2272 955 2441 1032 ἤγουν
2473 958 2571 1026 τὴν
2606 956 2761 1032 φύσιν
2795 953 3053 1014 λαϐόντα.

2149 1046 2416 1102 Κοινωνοὶ
2446 1050 2600 1101 Θεοῦ.
2657 1047 2977 1120 Σημείωσαι
3019 1053 3138 1112 πῶς
3171 1047 3428 1104 κοινωνοὶ
3460 1046 3607 1111 θείας
3637 1047 3744 1122 φό-

2081 1153 2217 1195 σεως
2247 1134 2527 1208 γινόμεθα,
2562 1140 2776 1208 Χριστῷ
2807 1135 3110 1209 ἐνούμενοι,

2151 1227 2178 1292 §
2208 1223 2350 1280 XIV.
2384 1222 2480 1284 Εἷς
2513 1222 2880 1298 εὐχαριστίαν.
2905 1225 3035 1300 Περὶ
3067 1225 3434 1302 εὐχαριστίας.

2156 1399 2515 1464 Μεταδόσεως
2602 1403 2836 1478 ἡγεῖται.
2917 1404 3064 1458 Κατᾶ
3147 1408 3333 1458 κοινοῦ
3376 1404 3438 1458 τὸ
3494 1406 3745 1478 ἡγεῖται,

2083 1489 2252 1565 ἤγουν
2309 1496 2647 1567 προηγεῖται·
2713 1491 2793 1546 ὅτι
2828 1495 3046 1566 πρῶτον
3098 1489 3180 1547 δεῖ
3221 1494 3311 1548 τὸν
3363 1493 3513 1568 ἱερέα
3567 1513 3741 1565 μετα-

2085 1573 2406 1651 λαμϐάνειν,
2437 1579 2526 1634 καὶ
2584 1578 2727 1634 οὕτω
2789 1577 3153 1653 μεταδιδόναι.
3203 1581 3411 1640 Οὐκοῦν
3442 1585 3478 1650 ἡ
3517 1582 3743 1655 μετοχὴ

2085 1670 2320 1744 ἡγεῖται,
2369 1669 2458 1722 καὶ
2496 1671 2530 1737 ἡ
2598 1667 2904 1744 μετάληψις
2956 1673 3053 1724 τοῦ
3112 1669 3583 1744 προσκομίσαντος
3634 1676 3747 1740 τῆς

2091 1762 2354 1828 μυστικῆς
2387 1753 2756 1829 διανεμήσεως
2784 1762 2890 1812 τῶν
2924 1756 3156 1815 λοιπῶν.

401 1850 620 1906 Divinis
665 1850 1029 1921 magisteriis.
1061 1851 1303 1917 Qualem
1333 1854 1596 1923 oporteat
1619 1851 1975 1906 sacerdotem

2159 1848 2288 1906 Ταῖς
2325 1841 2526 1908 ἐνθέοις
2581 1842 2976 1909 διδασκαλίαις.
3027 1848 3243 1903 Ὀποῖον
3302 1846 3384 1904 δεῖ
3440 1848 3529 1902 τὸν
3584 1845 3745 1922 ἱερέα

277 1993 280 1996 .
336 1956 486 1996 6888.

409 2029 517 2098 Qui
546 2039 746 2086 temere
773 2029 1099 2086 abutuntur.
1133 2030 1296 2095 Quod
1319 2030 1402 2086 ait
1421 2031 1509 2086 est
1530 2028 1820 2101 ejusmodi
1845 2044 1858 2083 :
1908 2026 1982 2083 Ut

334 2119 608 2175 sacerdos
637 2119 737 2190 qui
772 2135 885 2174 non
918 2119 1144 2190 primus
1177 2119 1332 2190 capit
1361 2135 1430 2176 ea
1459 2136 1583 2191 qua:
1615 2118 1979 2190 obtulii,pro-

333 2207 508 2263 fanus
547 2210 638 2263 est
667 2225 680 2275 ;
741 2207 826 2263 sic
856 2207 895 2262 ii
929 2207 1029 2280 qui
1061 2209 1282 2264 audent
1310 2209 1515 2264 docere
1547 2207 1711 2276 alios,
1747 2223 1847 2263 nec
1895 2207 1980 2262 fa-

330 2295 496 2351 ciunt
553 2311 680 2367 qua
738 2297 970 2366 docent,
1023 2297 1253 2368 profani
1303 2300 1479 2353 sunt:
1513 2297 1843 2353 faciendum
1891 2301 1981 2353 est

326 2383 503 2453 enim,
538 2386 714 2455 atque
762 2385 844 2439 ita
886 2385 1238 2452 docendum,
1270 2385 1596 2442 secundum
1629 2386 1773 2440 illud
1807 2403 1839 2440 a
1869 2390 1978 2441 Do-

322 2471 482 2528 mino
512 2471 766 2528 dictum:
801 2474 907 2541 Qui
930 2475 1122 2545 fecerit
1171 2478 1227 2530 et
1267 2475 1538 2544 docuerit,
1595 2474 1686 2530 hic
1738 2491 1980 2544 magnus

320 2561 614 2619 vocabitur
641 2562 730 2634 (δ).
963 2632 967 2634 _

391 2650 593 2706 Divina
621 2651 914 2706 sententia.
946 2650 1152 2706 Divina
1179 2650 1324 2723 lege.

398 2738 626 2795 Minime
654 2739 997 2796 audendum.
1031 2740 1222 2795 Metue
1253 2741 1513 2796 omnino.

398 2829 736 2900 Aptatorem,
767 2833 865 2884 Gr.
898 2828 1194 2901 ἁρμοστήν.
1232 2829 1289 2884 Id
1319 2834 1409 2885 est
1455 2845 1802 2902 congruum.
1850 2831 1976 2902 Ἀρ-

333 2917 540 2987 μοστήν
576 2917 848 2974 dicebant
894 2917 1313 2973 Lacedmmonii
1359 2933 1494 2972 eum
1526 2917 1624 2989 qui
1672 2918 1976 2989 prafectus

329 3008 455 3060 erat
485 3005 558 3060 ab
589 3004 736 3078 ipsis
768 3005 1014 3062 urbibus
1044 3011 1101 3061 et
1129 3005 1379 3078 oppidis,
1413 3023 1538 3078 quae
1569 3021 1770 3062 eorum
1801 3007 1978 3063 ditio-

329 3095 427 3152 nis
476 3098 663 3164 erant,
722 3095 794 3150 ab
852 3091 1132 3167 ἁρμόζειν,
1189 3095 1245 3150 id
1308 3100 1397 3151 est
1444 3096 1698 3167 aptando
1745 3111 1844 3152 eos
1875 3097 1978 3169 qui

327 3187 558 3257 parent,
605 3186 668 3238 ut
697 3183 892 3239 vivant
918 3199 987 3238 ex
1019 3183 1268 3255 legibus.
1319 3184 1464 3240 Hinc
1493 3185 1664 3239 etiam
1700 3183 1977 3259 ἁρμοστῇ-

2091 1932 2243 1988 εἶναι.

2163 2023 2229 2078 Οἱ
2305 2022 2606 2097 τολμηρῶς
2687 2022 3154 2101 ἆποκεχρημένοι.
3231 2026 3302 2082 "0
3374 2024 3518 2100 λέγει
3573 2024 3750 2081 τοῦτό

2089 2113 2249 2168 ἐστιν·
2285 2112 2466 2186 ὥσπερ
2497 2116 2524 2168 ὁ
2557 2115 2720 2190 ἱερεῖς
2755 2117 2829 2187 μή
2863 2121 3078 2191 πρῶτος
3137 2112 3568 2189 μεταλαμϐάνων
3627 2120 3746 2171 τῶν

2089 2202 2178 2258 ὑπ’
2208 2202 2370 2258 αὐτοῦ
2417 2206 2958 2278 προσκομισθέντων,
3005 2204 3220 2279 ἀνίερός
3261 2205 3420 2260 ἐστιν’
3457 2205 3597 2260 οὕτω
3645 2207 3747 2260 καὶ

2088 2293 2140 2346 οῖ
2170 2289 2484 2365 τολμῶντες
2519 2289 2786 2348 διδάσκειν
2821 2291 3048 2366 ἄλλους,
3084 2295 3158 2366 μή
3212 2295 3538 2369 πράττοντες
3569 2291 3601 2348 ἃ
3656 2291 3750 2348 δι-

2087 2377 2392 2450 δάσκουσιν,
2450 2380 2654 2456 ἀνίεροί
2710 2383 2833 2436 εἶσι*
2894 2381 2976 2437 δεῖ
3025 2382 3126 2458 γὰρ
3171 2388 3348 2438 ποιεῖν
3385 2427 3399 2452 ,
3447 2383 3536 2438 καὶ
3595 2381 3752 2437 οὕτω

2085 2466 2388 2546 διδάσκειν,
2463 2469 2600 2524 κατὰ
2668 2470 2730 2525 τὸ
2795 2467 3084 2546 εἰρημένον
3139 2471 3242 2526 ὑπὸ
3263 2473 3310 2507 ²⁴
3359 2475 3458 2525 τοῦ
3507 2469 3740 2545 Κυρίου·

2083 2543 2148 2614 Ὀ
2203 2559 2438 2628 ποιήσας
2494 2557 2582 2612 καὶ
2638 2543 2856 2631 διδάξας
2913 2543 3072 2621 οὗτος
3125 2558 3296 2636 μέγας
3371 2543 3744 2630 κληθήσεται.

2157 2645 2542 2719 Θεσμοθεσίας.
2582 2649 2692 2704 Τοῦ
2722 2647 2868 2703 θείου
2897 2649 3088 2721 νόμου.

2157 2735 2235 2790 Οὐ
2264 2735 2594 2809 τολμητέον.
2632 2731 2920 2808 Φοϐήθητι
2948 2741 3109 2793 πάνυ.

2156 2825 2488 2897 Ἃρμοστήν.
2549 2825 2835 2882 Τουτέστιν
2891 2823 3157 2902 ἁρμόδιον
3191 2869 3204 2883 .
3252 2827 3563 2902 Ἃρμοστὴν
3621 2823 3751 2883 ἔλε-

2085 2934 2180 2989 γον
2229 2913 2280 2967 οἱ
2342 2910 2781 2986 Λακεδαιμόνιοι,
2833 2916 2925 2969 τὸν
2986 2915 3376 2989 καθιστάμενον
3412 2917 3500 2970 ὑπ’
3559 2917 3744 2971 αὑτῶν

2085 2999 2328 3077 ἄρχοντα
2395 3006 2502 3057 τῶν
2584 3002 2951 3076 ὑποκειμένων
3028 3003 3212 3066 αὐτοῖς
3278 3003 3494 3060 πόλεων
3531 3050 3546 3076 ,
3593 3007 3754 3076 παρᾶ

2081 3091 2144 3146 τὸ
2176 3089 2430 3165 ἁρμόζειν
2461 3090 2589 3154 τοὺς
2623 3091 2964 3166 ἀρχομένους
3013 3096 3109 3166 ζῇν
3158 3091 3295 3148 κατᾶ
3334 3092 3463 3155 τοὺς
3511 3093 3746 3166 νόμους,

2086 3178 2204 3234 ὅθεν
2250 3179 2339 3234 καὶ
2389 3179 2738 3254 ἆρμοστῆρας
2787 3178 2952 3234 πάλιν
3004 3179 3232 3236 ἐκάλουν
3280 3183 3561 3252 Ἀθηναῖοι
3611 3180 3750 3244 τοὺς

329 3246 426 3347 ρας
478 3246 714 3330 rursum
766 3246 1142 3344 appellabant
1191 3273 1580 3330 Athenienses
1609 3246 1859 3345 eos,'c';ui

2117 3267 2164 3322 ξς
2192 3268 2255 3321 τὸ
2286 3269 2341 3322 εὗ
2370 3246 2890 3341 ζῇντδιατοίττοντας,
2924 3269 2998 3331 ὡς
3031 3273 3214 3347 σαφῶς
3249 3268 3474 3325 Πλάτων
3503 3269 3530 3324 ὁ
3561 3289 3743 3341 κωμι-

325 3362 478 3418 bene
508 3361 817 3418 vivendum
849 3359 996 3416 alios
1029 3360 1363 3431 dirigebant
1389 3380 1402 3420 :
1456 3365 1520 3416 ut
1548 3361 1720 3435 plane
1751 3361 1888 3416 dicit
1916 3362 1973 3417 in

323 3452 590 3508 dramate
634 3450 852 3520 Legatis
906 3449 1066 3506 Plato
1096 3451 1379 3506 comicus.
1425 3451 1543 3506 Hoc
1571 3450 1752 3522 igitur
1799 3451 1974 3507 etiam

322 3539 452 3597 loco
479 3539 795 3612 Dionysius
829 3539 1111 3614 ἁρμοστήν
1136 3539 1474 3612 episcopum
1517 3539 1785 3595 Ecclesiae
1816 3540 1975 3612 prin-

331 3629 521 3700 cipem
559 3629 792 3701 proprie
819 3628 1164 3684 nominavit.

402 3718 676 3786 Quoniam
705 3719 808 3790 qui
833 3721 1042 3774 sancta.
1085 3717 1232 3774 Nota
1263 3716 1404 3788 quid
1435 3716 1513 3773 sit
1543 3715 1782 3788 Gustaze,
1811 3723 1863 3773 et
1890 3718 1978 3773 vi-

329 3807 447 3863 dete
469 3808 553 3878 (t).

952 3913 1025 3968 IN
1065 3913 1218 3968 CAP.
1262 3913 1355 3968 IV.

405 4021 432 4084 §
461 4021 505 4072 I.
537 4019 647 4072 Hoc
673 4019 830 4073 modo
860 4019 930 4074 ad
960 4020 1105 4074 illud
1136 4035 1329 4074 unum.
1367 4019 1484 4075 Hoc
1515 4023 1625 4085 est,
1659 4019 1730 4074 ad
1762 4019 1978 4076 intelli-

331 4104 511 4176 gibile
541 4109 599 4159 et
627 4104 954 4173 spirituale.

403 4193 539 4248 Cum
593 4191 772 4247 odoris
826 4196 1142 4263 [ragrantia
1197 4199 1577 4264 processione.
1639 4201 1741 4251 Pro
1767 4237 1782 4266 ,
1841 4213 1975 4251 cum

326 4281 636 4353 episcopus
668 4283 857 4335 totum
885 4280 1172 4351 templum
1205 4281 1464 4337 incensis
1507 4283 1787 4338 odoribus
1817 4299 1976 4339 com-

327 4370 587 4441 pleverit.

399 4459 704 4515 Canticum.
761 4457 974 4530 Ἄγιος,
1022 4456 1082 4512 id
1114 4461 1204 4514 est
1233 4458 1507 4526 Sanctus,
1557 4458 1817 4528 scilicet;
1876 4465 1974 4516 aut

334 4545 602 4602 Alleluia.

2083 3356 2179 3417 κὸς
2211 3353 2380 3425 δηλοῖ
2405 3356 2458 3411 ἐν
2489 3351 2750 3431 Πρέσϐεσι
2782 3361 2860 3429 τῷ
2890 3354 3146 3434 δράματι.
3183 3358 3280 3413 Καὶ
3313 3359 3538 3412 ἐνταῦθα
3561 3357 3752 3412 τοίνυν

2084 3444 2388 3519 ἁρμοστὴν,
2413 3445 2505 3500 τὸν
2539 3443 2780 3521 ἄρχοντα
2807 3453 2908 3516 τῆς
2958 3444 3285 3518 Ἐκκλησίας
3332 3446 3623 3502 ἐπίσκοπον
3659 3446 3745 3501 ol-

2083 3533 2241 3596 κείως
2272 3533 2541 3607 ὠνόμασε.

2155 3712 2236 3784 Τῇ
2263 3711 2367 3786 γὰρ
2396 3711 2534 3784 ἱερᾷ.
2592 3709 2907 3784 Σημείωσαι
2945 3708 3000 3766 τί
3031 3709 3142 3767 ἐστι
3172 3709 3255 3766 τό’
3288 3710 3583 3776 Γεύσασθαι
3642 3711 3739 3768 καὶ

2085 3795 2244 3856 ἴδετε.

2597 3908 2708 3962 ΕΙΣ
2749 3909 2838 3963 ΤΟ
2878 3907 3140 3965 ΚΕΦΑΛ.
3183 3909 3234 3962 Δ¹

2157 4019 2184 4083 §
2216 4016 2260 4070 Ι.
2294 4011 2447 4067 Οὕτω
2479 4013 2615 4088 πρὸς
2643 4013 2705 4067 τὸ
2733 4009 2809 4071 ἓν.
2842 4016 3093 4070 Τουτέστι
3125 4014 3260 4091 πρὸς
3287 4015 3349 4070 τὸ
3393 4014 3592 4085 νοητὸν
3643 4016 3738 4070 καὶ

2084 4099 2471 4174 πνευματικόν.

2155 4188 2408 4260 Εὐόσμου
2460 4195 2836 4264 περιαγωγῆς.
2891 4190 3037 4247 Ἀντὶ
3085 4195 3180 4245 τοῦ
3213 4193 3572 4266 θυμιάσαντος
3630 4196 3731 4247 τοῦ

2084 4275 2379 4332 ἐπισκόπου
2409 4281 2580 4330 πᾶσαν
2608 4278 2704 4346 τήν
2738 4275 3046 4347 ἐκκλησίαν.

2153 4455 2496 4529 Μελῴδημα.
2556 4456 2634 4513 Τὸ
2659 4457 2851 4532 ’Ἀγιος
2883 4452 3158 4527 δηλονότι,
3216 4459 3251 4527 ἢ
3303 4458 3393 4513 καὶ
3434 4460 3498 4514 τὸ
3529 4457 3741 4532 Ἀλλη-

2084 4546 2267 4604 λούίἀ.

400 4638 466 4691 Et
492 4650 658 4706 super
686 4633 882 4691 eo.Per
909 4632 1108 4705 ipsum
1137 4634 1294 4691 enim
1327 4651 1500 4692 omne
1529 4637 1680 4708 quod
1709 4643 1975 4695 sanctum

2156 4636 2254 4692 Καὶ
2301 4637 2400 4704 τὴν
2455 4633 2538 4689 ἐπ’
2591 4633 2755 4707 αὐτῷ.
2791 4635 2870 4689 Δι’
2898 4633 3062 4690 αὐτοῦ
3105 4635 3209 4712 γὰρ
3250 4633 3385 4692 ἅπαν
3438 4639 3590 4714 ἅγιον
3642 4660 3734 4695 τε·

329 4728 418 4780 est
449 4722 768 4795 perﬁcitur.

399 4814 498 4869 III.
532 4811 562 4884 §
593 4815 636 4868 l.
666 4803 905 4868 "Sanctis.
939 4809 1236 4867 Notavere
1253 4813 1519 4869 divinum
1550 4815 1790 4870 verbum
1818 4817 1972 4887 quod

2087 4724 2326 4781 λειοῦται

2157 4816 2249 4871 lll.
2282 4769 2383 4883 §’l.
2416 4815 2546 4874 Τοῖς
2569 4813 2737 4885 ἱεροῖς
2769 4818 2846 4882 Ση
2859 4810 3085 4884 μείωσαι
3113 4810 3337 4882 ἀληθῶς
3367 4818 3512 4878 θεῖον
3542 4811 3736 4889 λόγον,

324 4905 552 4972 oportet
583 4900 812 4956 divinos
843 4899 996 4956 viros
1026 4898 1286 4957 occultas
1315 4900 1531 4958 habere
1561 4919 1594 4957 a
1624 4919 1769 4958 vana
1789 4903 1975 4975 gloria

2115 4925 2164 4958 τι
2199 4900 2280 4957 δεῖ
2333 4901 2459 4964 τοὺς
2517 4903 2693 4965 θείους
2741 4899 2938 4976 ἄνδρας
2983 4898 3398 4975 κεκαλυμμένας
3449 4900 3594 4978 ἔχειν
3628 4904 3736 4959 ἀπὸ

321 4989 555 5046 virtutis
589 4989 868 5046 actiones.

393 5079 787 5147 Simulacrum,
821 5079 914 5134 Gr.
948 5074 1191 5151 ἄγαλμα.
1225 5078 1446 5151 Imago.

391 5163 449 5217 Si
477 5165 560 5233 fas
585 5174 684 5234 est,
716 5171 812 5221 Gr.
847 5165 892 5218 εἱ
924 5167 1102 5239 θέμις.
1136 5167 1193 5223 Si
1219 5168 1475 5240 justum.

385 5252 448 5305 In
478 5252 739 5321 imagine.
775 5255 892 5310 Etsi
915 5256 1294 5313 immutatam
1318 5263 1493 5328 atque
1514 5257 1674 5312 omni
1705 5274 1774 5314 ex
1803 5264 1967 5332 parte

386 5417 457 5489 (ε)
490 5415 700 5472 Matth.
733 5433 789 5485 v,
824 5418 912 5473 49.
989 5425 1053 5491 (ι)
1085 5423 1236 5480 Psal.
1266 5441 1470 5494 χχχιιι,
1501 5426 1556 5480 9.

2082 4990 2241 5063 δόξης
2272 4998 2431 5061 κενῆς
2463 4990 2559 5054 τὰς
2587 4996 2686 5059 τῆς
2715 4990 2914 5065 ἀρετῆς
2943 4989 3181 5066 πράξεις.

2150 5079 2328 5156 ’Άγαλ
2339 5102 2430 5154 μα.
2459 5079 2656 5136 Εἷκών.

2149 5169 2211 5225 Εἰ
2241 5169 2414 5243 θέμις.
2449 5167 2508 5224 Εἰ
2532 5165 2764 5226 δίκαιον.

2147 5263 2237 5318 Ἐν
2266 5262 2334 5323 τῆ
2365 5256 2554 5315 εἷ’κόνι.
2587 5256 2650 5314 Εἰ
2691 5256 2780 5312 καὶ
2835 5256 2899 5312 τὸ
2941 5253 3366 5335 ἀπαράλλακτον
3412 5257 3503 5312 καὶ
3547 5259 3730 5335 πάντῃ

1335 5601 1570 5657 νΑΙιιιΕ
1611 5602 1998 5659 LECTIONES
2036 5602 2126 5659 ET
2163 5599 2715 5658 CORRECTIONES.

389 5693 436 5730 "
464 5688 630 5769 παρὰ.
