4042 6210
258 415 356 474 153

1022 416 1079 468 S.
1123 412 1392 466 MAXIMI
1431 409 1738 464 SCHOLIA
1773 411 1848 464 IN
1885 409 2018 463 LIB.
2057 411 2153 462 DE
2190 411 2478 465 ECCLES.
2517 411 2912 485 HIERARCH.

3567 414 3670 470 154

261 539 456 613 ὅμοιον
513 533 631 611 ἔχει
663 537 702 606 ἡ
740 533 902 590 εἰκὼν
963 533 1094 610 πρὸς
1150 531 1214 587 τὸ
1246 531 1575 608 ἀρχέτυπον,
1603 527 1731 585 ἀλλ’
1760 529 1794 598 ἡ
1828 527 1915 582 οὐ·

2039 532 2342 603 perl‘ectam
2393 532 2840 588 similitudinem
2886 533 3062 588 habet
3108 533 3324 606 imago,
3355 536 3425 592 ad
3468 551 3670 595 exem-

263 629 370 698 σία,
405 627 562 706 φησὶ,
596 622 868 699 διάφορος
900 641 912 654 ·
948 623 982 691 ἡ
1019 621 1113 695 μὲν
1139 620 1239 696 γὰρ
1272 617 1486 706 δίψυχος
1519 637 1532 651 ⁸
1565 618 1626 672 τὸ
1659 616 1716 672 at
1739 615 1912 706 ἔμψυ-

268 739 368 794 χον
407 703 428 750 ’⁷
453 715 545 770 καὶ
574 713 638 770 τὸ
672 714 768 787 μὶν
803 709 1064 783 ἀληθινὸν
1110 713 1246 779 ζῶον
1295 705 1536 781 ἔμπνοῦν
1568 726 1580 740 ·
1620 707 1684 762 τὸ
1734 703 1790 761 δὲ
1816 709 1912 760 τοῦ

262 804 554 882 ζωγράφου
583 801 742 878 ἔργον
768 800 829 856 ἐκ
857 803 1032 874 κηροῦ
1059 798 1149 854 καὶ
1179 796 1495 882 χρωμάτων
1525 798 1572 832 ³⁵
1605 815 1617 828 ⁸
1651 794 1702 850 ἐν
1733 795 1912 867 τούτῳ

259 881 469 950 τοίνυν
503 895 606 961 τῆς
666 887 930 964 διαφορᾶς
987 881 1393 962 θεωρουμένης,
1449 887 1485 955 ἡ
1536 883 1802 955 ταυτότης
1859 882 1912 937 ἐν

272 983 607 1060 ἀμφοτέροις
637 983 707 1054 τῇ
739 977 1029 1052 ὁμοιότητι
1062 973 1346 1050 διάφορος.

330 1156 519 1217 Ἵνδαλ
532 1179 625 1231 μα.
658 1153 975 1230 Ὀμοίωμα.

330 1249 598 1308 Εἰκότως.
630 1246 775 1320 Πρὸς
799 1244 863 1299 τὸ
895 1245 1037 1308 θεῖον
1069 1240 1278 1304 κάλλος
1311 1237 1607 1311 δηλονότι.

333 1341 537 1412 Δρῶσι.
566 1336 923 1411 Πράττουσιν.

336 1411 436 1488 Εἷς
493 1425 559 1480 τὸ
613 1425 892 1492 θεαθῆναι.
929 1418 1268 1494 Σημείωσαι,
1300 1421 1416 1480 πῶς
1467 1411 1798 1490 ἐκλαμϐάνει
1852 1417 1915 1472 τὸ

268 1517 346 1590 μή
382 1513 497 1570 δεῖν
528 1516 689 1587 ἡμῶν
721 1511 819 1573 τάς
852 1509 1102 1571 εὐποιίας
1133 1506 1513 1580 έκπομπεύειν.

332 1604 489 1662 Εἰσὶν
543 1599 796 1662 εὐωδίας.
841 1599 1124 1654 Τουτέστιν
1155 1613 1166 1630 ·
1220 1597 1248 1650 ὁ
1311 1594 1439 1659 Θεός
1501 1598 1677 1667 (τοῦτο
1732 1593 1836 1670 γὰρ
1879 1597 1915 1664 ἡ

259 1689 506 1763 εὐωδία),
566 1691 629 1744 τὸ
688 1686 912 1759 ἀληθῶς
960 1685 1128 1741 καλὸν
1188 1684 1278 1761 ἀφ’
1333 1685 1530 1738 ἑαυτοῦ
1587 1687 1786 1754 ποιῶν,
1841 1683 1916 1746 εἷς

261 1784 504 1843 ἅπαντας
560 1778 658 1833 οὐκ
717 1776 1112 1852 ἐπιστρέφεται,
1170 1773 1444 1828 τουτέστιν
1516 1771 1578 1826 οὐ
1648 1771 1918 1848 φροντίζει

260 1864 566 1938 κενοδόξως
591 1869 700 1920 τῶν
757 1864 834 1937 μή
885 1859 1312 1938 ἀποδεχομένων
1365 1858 1473 1915 ἔσθ’
1502 1858 1594 1915 ὅτε
1639 1859 1736 1923 τάς
1790 1860 1919 1935 παρ’

261 1957 431 2012 αὐτοῦ
459 1953 689 2032 κρίσεις,
724 1950 850 2008 οόδὶ
896 1949 1202 2022 ἐπιτηδεύει
1247 1947 1403 2024 δόξαν
1451 1944 1598 2024 ἔχειν
1643 1949 1788 2024 παρά
1826 1949 1920 2003 ἀν-

267 2046 540 2120 θρώποις.

335 2138 364 2205 §
397 2136 469 2191 ΙΙ.
504 2133 595 2196 Ὧς
623 2129 890 2208 κρυφίων.
928 2125 1210 2190 Πολλάκις
1243 2128 1294 2182 έν
1326 2130 1404 2199 τῷ
1433 2126 1564 2202 Περὶ
1614 2127 1772 2180 θείων
1807 2126 1926 2179 ὀνο-

271 2224 456 2296 μάτων
488 2219 876 2292 ἐδηλώσαμεν,
895 2219 948 2274 τί
971 2216 1167 2288 νοητὸν
1198 2218 1288 2271 καὶ
1312 2216 1366 2271 τί
1395 2217 1604 2289 νοερόν.
1635 2219 1804 2270 Τοῦτο
1829 2213 1919 2269 οὖν

267 2312 354 2366 καὶ
387 2310 622 2374 ἐνταῦθά
663 2330 851 2384 φησιν,
884 2307 967 2362 ὅτι
1020 2311 1100 2379 τῷ
1152 2306 1453 2378 ἐπισκόπῳ,
1490 2304 1626 2381 ἁγίῳ
1683 2301 1817 2371 ὄντι,
1849 2302 1924 2368 ὠς

266 2404 518 2476 συγγενεῖ
546 2402 642 2453 τοῦ
675 2395 822 2462 θείου
870 2396 1050 2475 φωτὸς
1102 2393 1474 2451 ἀποκαλύπτει
1506 2396 1534 2450 ὁ
1565 2395 1716 2462 Θεὸς,
1747 2391 1810 2447 ού
1856 2389 1924 2447 δι’

264 2490 449 2564 ἑτέρου
483 2484 842 2559 διδασκάλου,
875 2485 1002 2541 ἀλλ’
1034 2484 1192 2547 αὐτὸς
1225 2483 1384 2539 αὐτὸν
1426 2483 1700 2561 φωτίζων,
1729 2483 1791 2537 τὸ
1827 2503 1923 2555 μυ-

271 2580 496 2654 στήριον
528 2583 630 2646 τῆς
673 2576 904 2650 θεωρίας
953 2574 1040 2629 καὶ
1089 2578 1186 2629 τοῦ
1241 2572 1416 2648 μύρου
1449 2570 1582 2628 ’διὸ
1641 2571 1789 2644 αὐτῷ
1841 2575 1920 2643 τῷ

264 2666 550 2739 ἰπισκόπῳ
602 2666 668 2720 ού
723 2663 1025 2738 περίκειναι
1079 2662 1348 2736 κάλυμμα
1397 2660 1530 2717 κατά
1595 2665 1692 2715 τοῦ
1774 2659 1921 2724 θείου

267 2758 440 2832 μύρου
495 2759 564 2824 ’⁸,
597 2751 726 2810 ἀλλ’
755 2751 1258 2825 ἀνακεκαλυμμένῳ
1304 2755 1588 2827 προσώπῳ
1643 2748 1778 2805 κατά
1828 2750 1918 2804 τὸν

268 2843 613 2902 ’Δπόστολον
639 2846 832 2917 θεωρεῖ
858 2842 925 2897 τά
959 2843 1230 2915 μυστήρια
1254 2863 1266 2875 ·
1299 2845 1415 2902 τοῖς
1446 2838 1502 2894 δὲ
1543 2840 1618 2913 μὴ
1666 2837 1918 2908 τελείοις,

272 2934 434 3010 χρεία
485 2928 806 3007 συμϐόλων
864 2929 948 2987 διὸ
977 2937 1096 2995 ταῖς
1122 2931 1338 3006 πτέρυξι
1369 2929 1787 3004 κεκαλυμμένον
1837 2929 1920 3004 γί-

270 3045 411 3079 νεται
441 3025 508 3078 τὸ
535 3024 687 3099 ἅγιον
725 3021 895 3096 μύρον
927 3025 1024 3076 τοῦ
1055 3024 1189 3076 Θεοῦ
1221 3017 1310 3074 διὰ
1355 3023 1456 3074 τοῦ
1508 3019 1775 3094 ἱεράρχου
1826 3038 1919 3091 με·

265 3118 488 3174 σοῦντος
522 3111 604 3174 εἷς
634 3112 699 3165 τά
727 3110 864 3183 πρὸς
895 3110 1020 3164 Θεὸν
1053 3108 1145 3164 καὶ
1194 3108 1285 3163 τὸν
1347 3106 1502 3176 λαὸν,
1535 3107 1623 3162 καὶ
1682 3105 1771 3162 διὰ
1818 3112 1919 3177 τῆς

2020 620 2180 692 plar:
2209 623 2305 678 73
2329 627 2525 678 tamen
2547 621 2860 678 dissimilis
2882 626 2990 694 est,
3015 622 3228 694 inquit,
3255 625 3541 695 essentia;
3567 627 3668 684 illa

2019 711 2174 766 enim
2207 711 2548 782 inanimata,
2579 711 2689 767 hoc
2717 728 2851 768 vero
2883 712 3242 781 animatum;
3293 717 3351 768 et
3395 714 3503 771 hoc
3535 714 3667 786 qui-

2020 800 2153 855 dem
2184 817 2384 856 verum
2418 799 2633 857 animal
2665 800 3016 872 animatum,
3049 799 3152 856 illa
3183 804 3376 858 autem
3425 803 3667 874 pictoris

2021 905 2170 961 opus
2199 906 2265 944 ex
2298 906 2429 946 cera
2457 895 2515 946 et
2543 889 2856 947 coloribus.
2877 890 3023 946 Cum
3058 890 3242 962 igitur
3272 891 3332 946 in
3366 891 3475 948 hoc
3505 892 3672 948 diti’e-

2021 978 2210 1034 rentia
2239 980 2770 1048 cernatur,diversa
2800 983 2890 1036 est
2923 977 3314 1036 similitudine
3342 979 3401 1036 in
3423 984 3674 1052 utroque

2021 1071 2086 1123 ut
2113 1067 2196 1123 ita
2225 1069 2416 1124 dicam
2449 1068 2749 1124 identitas.

2094 1158 2401 1228 Impressio,
2435 1157 2533 1213 Gr.
2571 1153 2827 1228 ἰνδαλμα.
2859 1155 3211 1214 Similitudo.

2091 1245 2306 1302 Merito.
2335 1247 2422 1301 Ad
2455 1246 2712 1302 divinam
2744 1245 3248 1318 pulchritudinem
3277 1245 3515 1304 scilicet.

2093 1339 2385 1405 Formant,
2419 1336 2516 1391 Gr.
2551 1331 2740 1410 δρῶσι.
2775 1333 3040 1390 Faciunt.

2098 1425 2163 1482 Ut
2189 1425 2500 1481 videantur.
2534 1425 2704 1490 Nota,
2737 1425 3038 1496 quomodo
3100 1423 3368 1496 accipiat,
3403 1439 3517 1480 non
3549 1441 3680 1482 esse

2023 1529 2058 1568 a
2087 1512 2254 1568 nobis
2285 1511 2478 1585 palam
2511 1511 2883 1583 praedicanda
2915 1515 3070 1567 recte
3111 1512 3266 1567 facta
3296 1515 3517 1568 nostra.

2095 1602 2236 1656 Sunt
2261 1601 2390 1658 boni
2415 1601 2617 1657 odoris.
2667 1601 2781 1655 Hoc
2830 1605 2954 1657 est:
3008 1601 3183 1670 Deus,
3223 1601 3331 1657 hoc
3380 1601 3537 1656 enim
3587 1602 3676 1657 bo-

2023 1707 2128 1747 nus
2156 1691 2305 1758 odor,
2339 1690 2493 1762 quod
2524 1705 2657 1745 vere
2687 1690 2905 1745 bonum
2938 1706 2972 1744 a
3003 1706 3063 1745 se
3106 1690 3234 1762 ipso
3291 1689 3550 1760 faciens;
3602 1691 3674 1746 ad

2025 1796 2232 1837 omnes
2261 1795 2378 1835 non
2410 1777 2785 1844 convertitur,
2808 1779 2863 1832 id
2888 1781 3129 1845 est,non
3162 1783 3331 1834 curat
3360 1779 3518 1834 inani
3550 1778 3678 1850 glo-

2028 1869 2116 1925 ria
2143 1871 2356 1924 ductus
2383 1868 2616 1940 eos,qui
2638 1867 2954 1939 aliquando
2985 1884 3100 1923 non
3133 1867 3469 1940 suscipiunt
3492 1868 3680 1941 ipsius

2030 1959 2282 2029 decreta,
2319 1972 2509 2029 neque
2539 1958 2736 2013 studet
2780 1956 3030 2029 gloriam
3074 1957 3146 2012 ab
3193 1957 3524 2014 hominibus
3570 1957 3680 2014 ha-

2031 2048 2187 2105 bere.

2101 2135 2131 2208 §
2163 2135 2234 2192 II.
2272 2137 2461 2206 Utpote
2485 2135 2734 2190 arcanis.
2768 2135 2930 2206 Saepe
2959 2133 3019 2189 in
3052 2133 3203 2190 libro
3230 2139 3310 2190 De
3335 2134 3541 2190 divinis
3570 2150 3700 2191 nam

2028 2224 2268 2280 minibus
2301 2222 2741 2296 explanavimus
2770 2223 2910 2294 quid
2943 2223 3022 2279 sit
3050 2222 3266 2292 νοητόν,
3299 2228 3357 2279 et
3387 2224 3526 2295 quid
3555 2243 3678 2276 νοε-

2030 2310 2146 2386 ρόν,
2179 2312 2236 2367 id
2269 2317 2357 2368 est
2387 2311 2758 2385 intelligibile
2815 2316 2873 2366 et
2925 2311 3282 2384 intelligens.
3321 2313 3436 2368 Hoc
3493 2313 3675 2385 igitur

2030 2402 2207 2457 etiam
2231 2400 2324 2455 hic
2353 2400 2495 2455 dicit
2524 2401 2679 2472 quod
2706 2399 3001 2472 episcopo,
3035 2404 3236 2455 sancto
3262 2400 3587 2464 exsistenti,
3609 2405 3681 2456 ut.

2030 2489 2190 2547 afﬁni
2217 2489 2399 2544 divini
2424 2489 2670 2545 luminis
2701 2488 2914 2544 revelat
2964 2488 3138 2556 Deus,
3174 2504 3288 2544 non
3340 2505 3443 2560 per
3490 2487 3673 2544 alium

2029 2583 2465 2651 praeceptorem,
2516 2577 2616 2633 sed
2669 2577 2793 2649 ipse
2838 2576 3038 2648 ipsum
3084 2575 3410 2644 illustrans,
3459 2579 3674 2647 myste-

2029 2667 2179 2723 rium
2215 2665 2726 2739 contemplationis
2755 2669 2813 2720 et
2845 2665 3172 2734 unctionis;
3205 2681 3384 2736 quare
3407 2663 3518 2737 ipsi
3552 2663 3678 2735 epi-

2026 2773 2201 2828 scopo
2233 2773 2347 2811 non
2380 2755 2755 2826 circumjacet
2783 2753 2979 2810 velum
3011 2754 3070 2809 in
3101 2753 3296 2810 divino
3329 2757 3628 2827 unguento
3658 2777 3673 2821 ;

2027 2846 2129 2902 sed
2162 2845 2413 2900 revelata
2443 2844 2588 2898 facie
2613 2843 2932 2899 secundum
2954 2842 3296 2914 Apostolum
3315 2842 3677 2914 contempla-

2026 2940 2124 2991 tur
2139 2933 2412 3007 mysteria
2433 2934 2535 3006 (u);
2555 2949 2665 2988 non
2686 2932 2956 3004 perfectis
2969 2936 3341 3004 autem,opus
3353 2935 3445 2988 est
3460 2931 3671 3003 signis;

2029 3024 2156 3079 ideo
2190 3022 2298 3079 alis
2330 3021 2583 3077 velatum
2611 3027 2703 3076 est
2732 3021 2995 3076 divinum
3030 3025 3401 3093 unguentum
3435 3036 3537 3092 per
3560 3021 3680 3093 epi-

2028 3129 2271 3185 scopum
2305 3115 2667 3183 sequestrem
2699 3111 2851 3167 inter
2880 3111 3066 3166 Deum
3097 3115 3154 3166 et
3184 3111 3560 3183 populum,et
3579 3126 3680 3180 per

265 3200 557 3278 ἑρμηνείας
629 3198 1035 3260 ἀκαλύπτοντος
1086 3199 1153 3252 τὰ
1211 3192 1485 3270 σύμϐολα.
1544 3195 1790 3271 Θεωροὺς
1863 3194 1915 3250 δὲ

2039 3201 2468 3273 explicationem
2503 3200 2813 3256 revelantis
2848 3201 3040 3272 signa.
3074 3199 3321 3272 Θεωρούς
3347 3216 3484 3255 vero
3514 3202 3682 3254 vocat

262 3275 419 3345 καλεῖ
445 3289 574 3350 τοὺς
604 3286 952 3353 ἐπισκόπους,
1007 3283 1196 3355 ἐπειδὴ
1227 3285 1317 3341 καὶ
1348 3287 1476 3362 παρ’
1505 3284 1743 3356 Ἕλλησι
1778 3296 1915 3348 θεω-

2039 3289 2364 3362 episcopos;
2389 3289 2526 3361 quia
2544 3289 2720 3346 etiam
2749 3289 2904 3360 apud
2936 3289 3165 3346 Grmcos
3195 3286 3445 3361 gentiles
3477 3285 3678 3360 θεωροί

267 3381 348 3454 poi
371 3377 670 3435 ἐκαλοῖητο
699 3379 751 3432 οἱ
783 3372 1230 3452 προϐαλλόμενοι
1263 3376 1410 3451 παρά
1440 3376 1656 3430 πάντων
1714 3372 1912 3448 ἐπερω-

2039 3377 2473 3450 tppellabantur
2503 3377 2600 3450 qui
2634 3376 2915 3450 propositi
2944 3381 3113 3433 erant
3153 3377 3224 3432 ab
3274 3376 3572 3439 omnibus,
3608 3379 3674 3431 ut

262 3474 355 3538 τᾷν
385 3469 478 3523 τὸν
510 3467 640 3522 Θεὸν
671 3465 796 3542 περὶ
832 3462 1175 3538 μελλόντων,
1207 3463 1295 3519 καὶ
1327 3462 1512 3526 θυσίας
1550 3465 1682 3540 ὑπὲρ
1739 3462 1912 3519 αὐτῶν

2045 3467 2636 3540 nterrogarentDeum
2671 3467 2742 3522 de
2776 3467 3011 3532 futuris,
3035 3469 3092 3521 et
3123 3464 3349 3521 hostias
3380 3479 3483 3534 pro
3527 3462 3676 3535 ipsis

261 3556 611 3632 προσφέρειν,
644 3556 731 3610 καὶ
771 3551 1106 3625 έξιλεοῦσθαι
1167 3553 1299 3629 ὑπὲρ
1359 3552 1558 3611 αὐτῶν.
1588 3551 1912 3625 ’Δνομοίους

2039 3557 2316 3621 iﬂ‘errent,
2333 3559 2392 3611 et
2423 3555 2742 3627 propitium
2773 3554 3086 3609 redderent
3115 3569 3290 3625 super
3321 3550 3676 3622 ipsos.’Avo-

262 3643 321 3700 δὲ
351 3643 511 3699 καλεῖ
537 3643 667 3706 τοὺς
701 3642 911 3704 ἀτελεῖς
938 3639 1035 3697 τοῦ
1067 3641 1203 3697 λαοῦ
1227 3660 1240 3673 ⁸
1273 3645 1434 3696 τοῦτο
1464 3641 1563 3716 γὰρ
1594 3641 1740 3713 αύτῷ
1769 3636 1911 3704 ἔθος.

261 3731 423 3806 [Οὐδὲ
474 3732 580 3809 γὰρ
639 3729 1040 3803 ἀποκρύπτεται
1094 3729 1222 3792 τοὺς
1275 3728 1520 3803 νοεροὸς,
1548 3727 1676 3784 ἀλλ’
1703 3729 1913 3807 ἀφανής

260 3823 368 3879 ἐστι
398 3827 520 3878 τοῖς
557 3818 845 3897 βιϐλίοις.]

328 3911 706 3988 Αἷνιγμάτων.
766 3911 843 3963 Δι’
899 3907 1232 3982 αἰνιγμάτων
1315 3906 1414 3982 γὰρ
1470 3908 1560 3962 καὶ
1618 3901 1909 3980 συμϐόλων

261 4002 393 4074 πρὸς
422 4002 523 4070 τήν
557 4001 761 4054 ἓαυτῶν
791 3997 1061 4052 ἀσθένειαν
1109 3998 1262 4052 αὗται
1316 3997 1372 4051 αἱ
1415 3997 1590 4067 τάξεις
1644 3995 1912 4074 φωτίζον-

259 4110 365 4146 ται.

327 4183 487 4249 §III.
527 4183 640 4246 Τῆς
693 4179 800 4230 τῶν
855 4175 1209 4250 ἱεραρχικῶν.
1241 4171 1460 4228 Τελειοῖ
1484 4175 1585 4250 γὰρ
1632 4174 1806 4229 πάντα
1847 4175 1911 4228 τὸ

261 4273 401 4330 θεῖον
459 4264 632 4342 μύρον
682 4263 1094 4338 ἐπιχριόμενον,
1140 4262 1318 4338 ὥσπερ
1375 4265 1410 4332 ἡ
1460 4261 1765 4337 μετάληψις
1813 4267 1910 4319 τοῦ

259 4358 411 4432 ἁγίου
442 4357 707 4430 σώματος
735 4354 825 4409 καὶ
855 4351 1108 4427 αἵματος.

327 4449 454 4504 Τῶν
488 4445 670 4502 θείων.
703 4443 906 4505 Ηάντες
938 4444 1040 4518 γὰρ
1070 4443 1121 4498 οἱ
1155 4440 1578 4516 εὐωδιαζόμενοι
1630 4449 1729 4513 τῆς
1766 4441 1907 4505 θείας

259 4541 528 4608 μυστικῆς
559 4531 802 4595 εὐωδίας
830 4527 1336 4606 μεταλαμϐάνουσιν
1364 4531 1667 4606 ἀναλόγως.

2024 3641 2214 3717 μοίους
2249 3648 2443 3700 autem
2475 3647 2642 3698 vocat
2672 3643 2871 3697 minus
2904 3641 3192 3713 perfectos
3220 3640 3279 3696 in
3314 3638 3570 3711 populo;
3620 3639 3672 3696 is

2019 3735 2177 3790 enim
2209 3733 2260 3789 ei
2294 3749 2423 3789 mos
2449 3735 2557 3788 est.
2591 3731 2734 3804 [Non
2764 3732 2914 3788 enim
2969 3730 3100 3785 latet
3149 3729 3538 3799 intelligentes,
3569 3728 3672 3782 sed

2017 3824 2278 3879 obscurus
2306 3825 2386 3877 est
2417 3821 2476 3875 in
2513 3820 2718 3891 libris.]

2092 3911 2298 3980 Quibus
2354 3910 2550 3980 signis,
2597 3907 2694 3964 Gr.
2747 3903 3108 3980 αἴνιγμά-των.
3169 3905 3276 3962 Per
3331 3904 3672 3978 aenigmata,

2019 4000 2234 4072 inquit,
2265 4003 2322 4054 et
2353 3997 2519 4069 signa
2548 3997 2606 4052 hi
2639 3995 2874 4052 ordines
2899 3995 3342 4052 accommodate
3367 3995 3440 4050 ad
3470 4009 3674 4051 eorum

2022 4088 2426 4145 inﬁrmitatem
2459 4086 2850 4142 illustrantur.

2089 4177 2119 4250 §
2153 4177 2246 4232 III.
2271 4174 2747 4232 Hierarchiarum.
2766 4173 2996 4230 Perﬁcit
3009 4172 3168 4228 enim
3186 4171 3386 4228 omnia
3403 4171 3668 4228 divinum

2020 4269 2383 4338 unguentum
2399 4262 3395 4334 cumett‘unditur,quemadmodum
3407 4261 3668 4334 sumptio

2018 4355 2206 4413 sancti
2238 4354 2499 4426 corporis
2529 4357 2585 4409 et
2614 4351 2945 4425 sanguinis.

2091 4447 2440 4501 Divinarum.
2472 4443 2688 4498 Omnes
2720 4441 2878 4497 enim
2909 4441 3061 4496 bono
3097 4442 3195 4496 74
3220 4440 3396 4495 odore
3427 4436 3670 4510 perfusi,

2019 4533 2202 4589 divini
2233 4549 2299 4589 ac
2329 4531 2561 4604 mystici
2611 4531 2808 4587 odoris
2858 4531 3170 4599 suavitate,
3201 4544 3305 4600 pro
3355 4529 3530 4599 captu
3562 4541 3669 4581 suo

2020 4622 2393 4694 participant.

327 4710 788 4786 Ἔνεργουμὲνων.
838 4711 954 4762 Τῶν
1015 4706 1405 4781 δαιμονώντων
1465 4707 1554 4763 καὶ
1611 4707 1686 4771 εἷς
1742 4707 1906 4764 ἀσέλ-

2088 4714 2608 4782 Energumenorum.
2662 4713 2702 4762 Α
2757 4706 3124 4764 daemonibus
3183 4705 3558 4779 agitatorum,
3609 4707 3666 4759 et

257 4821 412 4875 γειαν
444 4798 861 4874 τετραμμένων,
892 4796 1018 4874 περὶ
1060 4798 1134 4851 ὧν
1191 4797 1280 4852 καὶ
1332 4797 1384 4851 ἐν
1430 4801 1509 4870 τῷ
1565 4796 1672 4873 πρὸ
1713 4797 1908 4852 τούτου

252 4888 541 4967 κεφαλαίῳ
573 4888 726 4966 φησί.
768 4885 963 4942 [ἴτοίαν
1005 4883 1061 4941 δὲ
1111 4885 1286 4961 λέγει,
1319 4887 1482 4942 οἱονεὶ
1523 4881 1776 4964 θόρυϐον,
1808 4887 1908 4965 φό-

252 4974 372 5048 ϐον,
405 4979 665 5048 πτόησιν,
693 4975 926 5047 ἀπάτην.

321 5069 462 5128 Τοῖς
497 5064 556 5120 δὲ
586 5065 663 5128 εἰς
689 5069 835 5121 νοῦν.
871 5063 968 5119 Διά
991 5061 1118 5126 τοὺς
1151 5061 1203 5118 ἐν
1239 5065 1497 5137 μετανοίᾳ
1525 5063 1710 5142 φησίν.

321 5158 605 5232 Ἀγουσιν,
641 5151 913 5216 Εὕτακτος
961 5152 1278 5222 ἀκολουθία,
1329 5153 1419 5208 καὶ
1474 5149 1732 5216 ἀνάϐασις
1789 5157 1905 5217 τοῖς

249 5245 431 5321 ἀγίοις
464 5239 844 5312 κατάλληλος.

318 5436 406 5506 (u)
438 5434 488 5491 ΙΙ
517 5437 647 5490 Cor.
679 5447 765 5503 ιιι,
798 5434 884 5488 18.

2015 4801 2089 4856 ad
2123 4799 2428 4855 libidinem
2460 4813 2915 4854 conversorum:
2950 4797 3022 4851 de
3053 4795 3267 4868 quibus
3286 4793 3463 4850 etiam
3486 4792 3545 4847 in
3567 4807 3664 4846 su-

2016 4889 2241 4961 periore
2271 4887 2459 4959 capite
2482 4885 2641 4943 dicit.
2675 4883 2876 4942 ΙΙτοίαν
2899 4901 3032 4941 vero
3055 4884 3216 4951 dicit,
3239 4883 3410 4954 quasi
3439 4879 3660 4938 tumul-

2017 4984 2175 5047 tum,
2209 4982 2464 5049 metum,
2497 4981 2803 5042 terrorem,
2838 4974 3060 5030 dolum.

2088 5070 2160 5124 Ii:
2189 5082 2313 5122 vero
2343 5068 2441 5139 qui
2469 5065 2539 5122 ad
2565 5069 2822 5120 mentem.
2859 5063 3097 5135 PrOpter
3127 5060 3469 5134 posnitentes
3503 5059 3665 5116 dicit.

2088 5159 2436 5212 Promovent.
2514 5155 2686 5210 Recte
2762 5152 3050 5223 disposita
3119 5149 3540 5223 consequentia
3608 5153 3669 5207 et

2015 5261 2300 5301 ascensus
2330 5243 2551 5302 sanctis
2581 5244 3028 5298 consentaneus.

1267 5563 1510 5621 VARle
1550 5565 1950 5623 LECTIONES
1987 5566 2080 5622 ET
2119 5561 2658 5622 CORRECTIONES

326 5717 376 5754 ³⁸
404 5712 750 5792 γραφόμενον
781 5707 934 5790 ἔργον
976 5711 1037 5768 lx
1067 5709 1403 5789 χρωμάτων.
1483 5715 1530 5754 ³⁸
1556 5713 1622 5770 τὸ
1652 5714 1794 5770 θεῖον
1824 5713 2018 5790 μύρον.
