4042 6210
317 365 420 421 155
1121 369 1488 421 APPENDIX
1525 369 1626 421 AD
1663 368 1903 421 OPERA
1942 369 2001 422 Β.
2042 369 2362 426 DIONYSII
2403 372 2906 427 AREOPAGITE.

3619 370 3741 424 156

391 494 856 566 Unifarmitatem,
887 492 986 549 Gr.
1019 489 1274 553 ὲνοιιδὲς.
1307 489 1576 555 Ἑνοειδὲς
1621 493 1764 549 dicit
1795 509 1958 550 men-

2142 493 2211 547 Τὸ
2270 492 2523 558 ἐνοειδές.
2591 497 2662 550 Τὸ
2717 493 2949 558 ἐνοειδὲς
3020 515 3154 573 φησι
3209 496 3272 550 τὸ
3329 495 3465 571 πρὸς
3518 496 3583 550 τὸ
3637 493 3743 562 ἓν,

317 587 438 641 tem
466 583 680 655 ipsam,
715 599 842 655 quae
878 582 1161 647 unum,id
1197 587 1287 639 est
1312 588 1498 639 Deum
1528 582 1686 640 videt
1717 601 1731 640 :
1791 599 1969 654 quam

319 672 498 728 etiam
547 671 702 727 uniri
735 671 816 728 ait
843 687 979 726 cum
1012 687 1127 727 uno
1158 671 1309 743 ipso,
1342 675 1518 742 atque
1566 673 1696 743 eius
1743 671 1973 744 explere

319 760 620 817 unionem.

390 851 418 918 §
448 849 537 904 IV.
573 849 717 918 Quid
742 865 928 920 porro,
953 849 1050 906 Gr.
1091 848 1144 902 τί
1197 845 1271 906 δέ.
1311 850 1420 906 Per
1449 851 1690 906 modum
1723 852 1972 906 interro-

318 939 502 1011 gandi
531 938 657 1011 lege
687 939 844 994 hunc
876 938 1094 995 locum.

397 1027 460 1082 Si
486 1029 642 1084 enim
677 1043 884 1083 rerum.
918 1033 1141 1083 Bonum
1174 1027 1408 1084 odorem
1443 1028 1806 1099 sensibilem,
1839 1045 1974 1085 sen-

320 1133 455 1173 sum
487 1116 841 1187 alere,dicit,
857 1121 916 1173 et
946 1117 1157 1188 facere,
1181 1121 1245 1172 ut
1270 1117 1417 1172 bene
1449 1117 1525 1173 sit
1553 1118 1809 1174 affectus.

389 1205 598 1262 Judicii
649 1208 858 1275 vigore,
890 1205 986 1262 Gr.
1037 1208 1317 1278 κριτικοῦ.
1377 1204 1625 1280 Κρίτικόν
1657 1207 1800 1263 dicit
1853 1206 1969 1261 vim

2078 580 2251 657 ἤγουν
2281 583 2373 638 τὸν
2406 584 2511 657 [τὸ]
2542 589 2696 639 Θεῖον
2721 585 2933 661 ὁρῶντα
2961 583 3123 639 αὐτὸν
3153 588 3301 654 νοῦν,
3333 584 3391 639 ’ὸν
3442 585 3533 638 καὶ
3572 586 3741 640 ἑνοῦ-

2080 673 2198 727 σθαι
2233 671 2376 749 λέγει
2407 673 2543 747 πρὸς
2575 674 2707 728 αὐτὸ
2735 674 2798 728 τὸ
2823 672 2903 746 ἓν,
2932 673 3021 728 καὶ
3068 680 3168 742 τῆς
3224 671 3422 728 τούτου
3475 671 3750 743 ἀποπλη-

2081 765 2302 836 ροῦσθαι
2333 762 2594 824 ἱνώσεως.

2151 852 2301 920 §IV.
2328 853 2391 908 Τί
2441 849 2518 909 δέ.
2569 852 2699 906 Κατ’
2731 849 2995 925 ἐρώτησιν
3053 849 3324 924 ἀνάγνωθι
3379 851 3442 906 τὸ
3492 850 3747 927 χωρίον.

2152 1031 2212 1087 Εἰ
2245 1031 2348 1106 γὰρ
2379 1032 2413 1099 ἡ
2444 1034 2574 1085 τῶν.
2601 1032 2722 1086 ’Ότι
2753 1031 2787 1098 ἡ
2840 1029 3072 1099 αἰσθητὴ
3134 1027 3335 1084 εὐωτία
3385 1028 3568 1106 τρᾶφιι
3627 1030 3744 1097 τήν

2080 1119 2347 1192 αἴσθησιν,
2379 1118 2469 1173 καὶ
2501 1118 2730 1173 εὐεκτεῖν
2762 1121 2805 1155 ³⁷
2836 1123 3004 1174 ποιεῖ.

2153 1212 2431 1284 Κριτικοῦ.
2483 1206 2735 1281 Κριτικόν
2786 1227 2916 1284 φησι
2965 1207 3028 1261 τὸ
3073 1213 3174 1276 τῆς
3229 1209 3417 1281 ψυχῆς
3459 1203 3747 1277 διακριτι-

320 1294 530 1350 animae
548 1294 1014 1364 dijudicativam,
1039 1312 1142 1351 seu
1165 1294 1577 1351 intellectivam
1601 1313 1614 1363 ;
1652 1312 1827 1367 quam
1860 1295 1971 1351 nisi

2118 1298 2193 1366 ὸν,
2225 1294 2350 1366 ’ἤτοι
2381 1296 2442 1351 τὸ
2472 1297 2680 1371 νοερὸν,
2709 1293 2840 1370 ὅπερ
2869 1295 2914 1349 εἰ
2953 1295 3028 1368 μή
3059 1302 3162 1364 τῆς
3195 1295 3284 1350 ἐπὶ
3313 1296 3376 1349 τὸ
3407 1301 3598 1370 χεῖρον
3632 1295 3745 1371 ῥο-

321 1400 354 1440 a
384 1384 776 1456 propensione
809 1383 881 1439 ad
915 1383 1139 1439 malum
1172 1388 1474 1456 purgetur,
1508 1401 1812 1453 nunquam
1839 1401 1970 1441 sen-

321 1488 455 1530 sum
490 1472 671 1527 divini
703 1471 840 1526 boni
875 1472 1072 1528 odoris
1103 1477 1507 1544 percepturam
1535 1473 1694 1530 dicit.

392 1561 644 1631 Uberem,
676 1559 774 1617 Gr.
808 1553 999 1618 ὄλϐον.
1033 1560 1298 1617 Divitias.

385 1650 644 1706 Suaviter
697 1649 932 1721 affectae,
965 1649 1064 1705 Gr.
1098 1646 1385 1722 ἡδόμενοι.
1419 1651 1526 1706 Pro
1586 1651 1738 1708 bono
1797 1652 1974 1708 odore

321 1738 594 1811 perfusis.

2078 1389 2186 1455 πῆς
2217 1385 2529 1462 καθαρεύοι,
2560 1385 2659 1440 οὐκ
2688 1383 2747 1439 ἂν
2778 1382 2830 1439 ἐν
2863 1382 3114 1455 αίσθήσει
3143 1391 3242 1454 τῆς
3302 1383 3448 1446 θείας
3498 1381 3740 1446 εὐωδίας

2078 1477 2396 1550 γενήσεσθαι
2429 1474 2597 1550 λέγει.

2148 1557 2374 1619 ’Ὀλϐον.
2408 1561 2675 1618 Πλοῦτον.

2150 1649 2458 1726 Ἡδόμενοι.
2492 1650 2639 1707 Ἀντὶ
2669 1654 2766 1706 τοῦ
2797 1647 3246 1722 εὐωδιαζόμινοι.

389 1826 418 1900 ἕ
445 1827 514 1883 V.
546 1826 692 1882 Illud
719 1826 1017 1884 secundum
1046 1829 1305 1885 mentem.
1339 1831 1456 1884 Hoc
1499 1829 1572 1885 de
1611 1829 1839 1901 angelis
1883 1828 1971 1885 in-

2151 1833 2178 1900 §
2207 1830 2275 1885 V.
2311 1830 2428 1898 Τῆς
2457 1826 2593 1882 κατὰ
2621 1832 2766 1884 νοῦν.
2790 1827 2867 1884 Τὸ
2897 1825 3034 1881 κατὰ
3062 1828 3207 1895 νοῦν,
3241 1822 3330 1879 ἐπὶ
3361 1822 3635 1900 ἀγγέλων.

326 1914 738 1988 telligendum.

388 2007 452 2061 In
484 2005 590 2060 alis
617 2004 902 2062 duodecim
959 2006 1324 2077 signiﬁcatur.
1369 2008 1549 2078 Cujus
1601 2012 1777 2080 typus
1829 2009 1974 2065 duo-

318 2093 510 2152 decim
543 2094 922 2166 peuna.Nota
950 2111 1084 2152 vero
1114 2095 1586 2167 magnitudinem
1618 2097 1938 2168 seraphim.

392 2183 760 2254 Theologiam.
795 2183 1068 2253 Sanctus,
1103 2187 1365 2255 sanctus,
1401 2189 1661 2241 sanctus.

394 2272 567 2329 Omni
596 2288 714 2342 qua:
744 2271 973 2328 malitia
1000 2274 1380 2340 simul.Nota,
1413 2275 1567 2344 quod
1601 2291 1714 2330 non
1747 2277 1977 2330 tantum

319 2359 471 2431 vitii,
505 2361 609 2416 sed
637 2360 816 2416 etiam
847 2360 1156 2418 oblivionis
1186 2367 1450 2435 expertes
1499 2362 1760 2420 cmlestes
1787 2364 1974 2420 virtu-

324 2451 414 2505 tes
445 2447 602 2504 dicat
628 2452 820 2506 Pater.

395 2538 720 2594 Scientiam.
756 2539 930 2595 Recte
976 2555 1110 2595 cum
1145 2539 1390 2596 scientia
1421 2540 1726 2612 conjunxit
1756 2540 1974 2597 intelli-

322 2626 617 2699 gentiam;
651 2632 924 2684 accurata
955 2629 1115 2684 enim
1145 2629 1408 2700 cujusvis
1453 2630 1535 2686 rei
1586 2630 1974 2687 consideratio

322 2716 452 2788 ejus
482 2715 789 2773 scientiam
821 2717 1032 2790 gignit.

395 2805 545 2873 §VI.
577 2810 694 2863 Has
723 2806 916 2877 igitur.
949 2809 1083 2873 Quae
1133 2805 1212 2863 sit
1261 2807 1587 2880 proprietas
1635 2808 1972 2881 seraphim;

323 2896 381 2950 et
409 2895 563 2965 quod
594 2894 748 2951 hanc
776 2911 960 2968 supra
987 2897 1154 2953 dixit.

397 2981 905 3054 Supereaelestium.
941 2984 1001 3040 In
1033 2987 1284 3041 tractatu
1316 2986 1390 3041 De
1422 2985 1625 3042 caelesti
1660 2986 1974 3042 hierarchia

325 3070 488 3128 dicit.

393 3163 422 3230 §
451 3161 573 3218 VII.
604 3159 673 3214 Τὸ
708 3160 803 3233 μὶν
832 3158 947 3218 οὖν.
980 3162 1407 3235 Contemplatio
1438 3167 1776 3220 sanctorum
1810 3180 1971 3220 sera-

323 3250 526 3322 phim;
561 3254 700 3307 nota
743 3251 1037 3324 integrum
1083 3252 1298 3320 locum,
1321 3253 1612 3324 quomodo
1643 3254 1702 3308 in
1733 3268 1800 3309 eo
1830 3270 1972 3309 con-

322 3339 494 3407 cedit,
527 3355 636 3395 nos
685 3340 1011 3413 intelligere
1036 3358 1163 3413 quae
1191 3342 1263 3398 de
1291 3341 1628 3398 coelestibus
1657 3342 1974 3398 virtutibus

323 3427 544 3500 scripta
573 3432 715 3485 sunt
743 3429 800 3485 in
836 3430 1158 3502 prophetis.

392 3517 768 3590 Sextuplicem
804 3521 1154 3592 positionem,
1187 3520 1280 3577 Gr.
1314 3515 1552 3589 ἐξαπλῆν
1604 3515 1770 3576 Οὲσιν.
1816 3518 1976 3590 Ἑξα-

320 3600 470 3674 πλῆν
489 3603 652 3676 θέσιν,
684 3623 787 3664 sex
817 3607 942 3664 alas
972 3625 1100 3665 esse
1130 3608 1291 3665 dicit.

390 3696 610 3752 Prima:
635 3698 685 3751 et
735 3698 969 3754 medias.
1002 3697 1232 3754 Dictum
1266 3700 1355 3755 est
1385 3698 1443 3754 in
1471 3699 1772 3770 superiore
1802 3698 1973 3767 libro,

321 3785 616 3857 quomodo
646 3786 1000 3858 accipiendae
1049 3786 1168 3843 sint
1213 3788 1436 3859 prima,
1470 3792 1529 3845 et
1557 3789 1783 3858 mediae,
1815 3792 1974 3861 post-

320 3889 614 3946 remaque
643 3876 885 3933 virtutes
913 3876 1394 3950 intelligentium.

395 3965 490 4018 75
526 3965 887 4034 Efﬁctionem.
920 3967 1034 4022 Nec
1063 3967 1219 4023 enim
1247 3983 1411 4023 veras
1441 3967 1565 4024 alas
1591 3968 1828 4025 habent.

391 4049 640 4106 Alarum.
674 4051 824 4108 Nota
852 4057 1073 4120 autem,
1104 4057 1394 4126 quomodo
1427 4055 1650 4127 accepit
1675 4073 1740 4112 ea
1763 4058 1834 4112 de
1865 4056 1974 4112 alis

323 4135 644 4208 seraphim,
675 4142 735 4194 et
765 4141 920 4211 quod
952 4142 1193 4197 omnino
1226 4145 1355 4215 ipsa
1382 4143 1677 4211 volabant,
1702 4144 1846 4200 nihil
1875 4145 1976 4201 ha-

322 4226 523 4283 bentia
553 4225 918 4284 submissum
950 4234 1007 4284 et
1038 4229 1281 4287 humile.

391 4318 419 4385 §
447 4316 596 4372 VIII.
628 4315 777 4384 Quod
823 4319 876 4373 si
920 4318 1110 4388 facies.
1143 4319 1293 4374 Nota
1322 4318 1782 4390 pulcherrimam
1835 4337 1971 4376 con-

2154 2003 2538 2062 Δυοκαιδεκάδι
2595 2023 2941 2076 σημαινεται.
3000 2001 3156 2064 Τίνος
3214 2001 3390 2062 τύπος
3448 2003 3493 2037 ³⁸
3553 2002 3611 2056 αἳ
3664 1996 3745 2055 ιε’

2082 2099 2365 2170 πτέρυγες.
2403 2094 2721 2168 Σημείωσαι
2756 2090 2814 2147 δὲ
2841 2092 2903 2146 τὸ
2936 2091 3161 2168 μέγεθος
3189 2094 3296 2146 τῶν
3329 2089 3586 2167 σεραφίμ.

2154 2181 2467 2258 Θεολογίαν.
2500 2185 2714 2257 ”Αγιος,
2749 2182 2925 2256 ἅγιος,
2962 2182 3139 2255 ἅγιος.

2157 2273 2351 2335 Κακίας
2401 2293 2461 2328 τε
2519 2273 2651 2345 ἅμα.
2687 2269 3005 2344 Σημείωσαι
3065 2268 3148 2325 δτι
3207 2268 3269 2324 οὐ
3313 2267 3474 2341 μόνον
3525 2266 3747 2338 κακίας,

2085 2361 2231 2418 ἀλλὰ
2259 2361 2347 2417 καὶ
2379 2361 2556 2433 λήθης
2583 2359 2894 2435 ἀμετόχους
2923 2358 3018 2421 τὰς
3051 2356 3159 2413 ἅνω
3191 2356 3448 2431 δυνάμεις
3496 2358 3659 2434 φησὶν
3711 2359 3746 2412 ὁ

2084 2453 2291 2526 Πατήρ.

2156 2541 2527 2612 Ἐπιστήμην.
2587 2540 2784 2600 ΚαΛῶς
2857 2540 3062 2611 συνῆψε
3134 2539 3202 2610 τῇ
3275 2535 3554 2610 ἱπιστήμῃ
3629 2535 3744 2603 τὴν

2081 2629 2269 2700 νόησιν
2305 2647 2318 2661 ο
2351 2631 2386 2698 ἡ
2421 2627 2524 2704 γὰρ
2554 2621 2786 2702 ἀκριϐὴς
2816 2626 2940 2702 περὶ
2972 2627 3198 2681 ὁτουοῦν
3239 2626 3567 2696 κατανόησις
3617 2621 3744 2678 ἐπι-

2085 2719 2301 2792 στήμην
2328 2716 2524 2772 τούτου
2556 2715 2854 2792 ἐργάζεται.

2153 2807 2443 2877 §VI.T&¢
2505 2807 2600 2878 μὶν
2657 2803 2770 2861 οῦν.
2801 2804 2898 2870 Τίς
2943 2806 2977 2875 ἡ
3034 2801 3244 2874 ἰδιότης
3300 2805 3408 2859 τῶν
3468 2802 3740 2880 σεραφὶμ,

2080 2897 2168 2952 καὶ
2203 2894 2285 2952 ὅτι
2315 2895 2514 2965 ταύτην
2545 2899 2795 2970 προεῖπε.

2153 2988 2278 3042 Τῶν
2334 2983 2759 3059 ὑπερουρανίων.
2817 2983 2906 3039 Ἐν
2954 2985 3024 3056 τῇ
3099 2982 3226 3056 Περὶ
3297 2986 3398 3050 τῆς
3475 2979 3736 3054 οὐρανίας

2083 3073 2366 3151 ἰεραρχίας
2396 3070 2744 3148 πραγματείᾳ
2781 3070 2931 3148 φησί.

2154 3165 2330 3235 §VII.
2377 3163 2453 3218 Τὸ
2515 3163 2610 3236 μὲν
2656 3160 2770 3218 οὖν.
2821 3161 3033 3237 Θεωρία
3077 3163 3186 3215 τῶν
3246 3157 3408 3235 ἁγίων
3470 3156 3731 3236 σεραφίμ.

2089 3253 2409 3326 Σημείωσαι
2441 3250 2571 3307 ὅλον
2601 3252 2664 3305 τὸ
2693 3249 2924 3326 χωρίον,
2957 3250 3107 3311 ὅπως
3152 3245 3435 3303 ἐκδίδωσιν
3484 3245 3536 3302 ἐν
3581 3247 3740 3319 αὐτῷ

2081 3347 2224 3396 νοεῖν
2254 3344 2402 3414 ἡμᾶς
2427 3343 2496 3396 τὰ
2519 3340 2642 3418 περὶ
2671 3344 2782 3395 τῶν
2814 3336 2923 3394 ἅνω
2964 3336 3245 3412 δυνάμεων
3304 3336 3652 3414 γεγρὰμμὲνα
3682 3335 3742 3390 ἐν

2081 3436 2198 3494 τοῖς
2229 3432 2537 3508 προφήταις
2549 3475 2560 3487 .

2152 3517 2427 3589 Ἐζαπλῆν
2453 3519 2615 3583 θὲσιν.
2648 3517 2922 3589 Ἐξαπλῆν
2951 3516 3094 3582 θέσιν
3125 3515 3188 3571 τὸ
3217 3515 3270 3586 ἓξ
3303 3516 3432 3571 εἶναι
3463 3515 3734 3590 πτέρυγάς

2123 3629 2239 3680 ησι.

2166 3631 2239 3665 σι.

2083 3631 2351 3774 φηΠρῶτα
2379 3695 2468 3751 καὶ
2505 3697 2659 3769 μὲσα.
2691 3693 2921 3772 Εἴρηται
2970 3693 3023 3750 ἐν
3064 3698 3182 3755 τοῖς
3225 3693 3334 3767 πρὸ
3361 3692 3580 3760 τούτου,
3610 3695 3735 3755 πῶς

2083 3789 2195 3863 χρὴ
2229 3783 2542 3861 ἐκδέχεσθαι
2573 3785 2669 3848 τὰς
2695 3785 2936 3860 πρώτας,
2967 3783 3058 3838 καὶ
3095 3783 3385 3858 μὲσας,καὶ
3414 3779 3736 3843 τελευταίας

2085 3874 2340 3949 δυνάμεις
2369 3879 2475 3929 τῶν
2509 3877 2736 3946 νοερῶν.

2155 3962 2474 4020 Διάπλασιν.
2508 3962 2585 4021 Οὐ
2615 3963 2716 4039 γὰρ
2748 3960 2928 4032 ἀληθῆ
2961 3959 3132 4036 πτερᾶ
3162 3957 3372 4035 ἔχουσι.

2153 4058 2270 4108 Τῶν
2301 4057 2530 4127 πτερῶν.
2567 4049 2882 4124 Σημείωσαι
2910 4047 2986 4119 δὲ,
3018 4050 3135 4112 πῶς
3169 4043 3331 4103 ἔλαϐε
3359 4047 3428 4102 τὰ
3470 4045 3594 4122 mp?
3622 4051 3736 4102 τῶν

2082 4143 2363 4219 πτερύγων
2391 4146 2499 4196 τῶν
2533 4140 2792 4219 σεραφὶμ,
2811 4138 2901 4194 καὶ
2921 4137 3004 4194 ὅτι
3033 4144 3150 4202 καθ’
3179 4136 3312 4194 ὅλον
3346 4135 3481 4191 αὐτὰ
3503 4133 3735 4191 ’ίπταντο

2084 4229 2252 4305 μηδὲν
2283 4225 2486 4306 ἔχοντα
2519 4232 2565 4268 η
2597 4230 2883 4308 ὑφειμένον
2914 4228 3004 4282 καὶ
3031 4224 3307 4282 ταπεινόν.

2153 4326 2357 4392 §VIII.
2393 4320 2455 4376 Ei
2515 4316 2572 4374 δὲ
2627 4319 2694 4374 τὰ
2740 4317 3028 4392 πρόσωπα.
3085 4315 3408 4388 Σημιίωσιι
3465 4312 3735 4387 ὡραιοτά-

321 4405 767 4479 templationem
799 4411 858 4463 et
887 4423 1126 4474 novam;
1163 4423 1343 4478 quare
1374 4409 1672 4480 seraphim
1706 4409 1900 4478 facies,
1915 4415 1971 4468 et

2118 4433 2176 4481 ην
2235 4409 2464 4484 θεωρίαν
2517 4408 2609 4463 καὶ
2663 4409 2837 4480 ξὲνην,
2873 4405 2962 4461 διὰ
3009 4403 3062 4460 τί
3091 4405 3144 4461 οἱ
3175 4404 3395 4482 σεραφὶν
3417 4403 3485 4459 τὰ
3513 4401 3733 4479 πρόσω-

321 4495 500 4569 pedes
530 4496 812 4568 obtegunt
842 4496 975 4568 alis,
1007 4501 1066 4553 et
1097 4497 1308 4553 mediis
1336 4497 1551 4554 volant.

392 4671 423 4746 §
451 4671 543 4731 IX.
578 4672 720 4741 Quia
747 4673 918 4728 etiam
945 4671 1062 4729 hoc.
1096 4673 1507 4744 Interpretatio
1539 4675 1860 4748 seraphim.

392 4761 421 4830 §
446 4762 521 4817 X.
553 4761 768 4818 Statum
795 4761 1148 4817 naturalem.
1182 4762 1245 4816 In
1278 4761 1429 4820 libro
1459 4764 1532 4820 De
1560 4766 1763 4821 cwlrsti
1817 4766 1969 4822 hier-

319 4850 544 4905 rarchia
575 4848 930 4920 explicatum
961 4850 1229 4922 est,quid
1254 4851 1331 4906 sit
1352 4851 1409 4906 in
1435 4854 1660 4924 angelis
1690 4856 1972 4912 essentia-

319 4935 395 4992 lis
425 4935 686 5006 habitus,
719 4936 779 4992 in
802 4937 1055 5010 septimo
1088 4937 1298 5011 capite.

390 5029 511 5082 Non
567 5026 880 5096 ignorabat.
922 5027 1084 5093 Quod
1144 5033 1200 5084 et
1259 5026 1445 5084 sancti
1506 5028 1695 5102 angeli
1756 5031 1969 5102 sciunt,

321 5115 477 5188 quod
507 5117 680 5173 Jesus
710 5117 1087 5175 sanctiﬁcans
1118 5117 1295 5175 etiam
1328 5117 1730 5177 sanctiﬁcatus
1773 5124 1883 5188 est,
1916 5126 1974 5178 et

320 5204 580 5275 quando,
609 5209 667 5262 et
697 5208 1010 5279 quomodo.

391 5293 760 5352 Descendissc.
791 5300 911 5353 Hoc
942 5300 1032 5380 est
1061 5296 1352 5354 hominem
1388 5297 1628 5353 factum.

2077 4521 2153 4555 πα
2183 4500 2270 4554 καὶ
2304 4497 2434 4560 τοὺς
2463 4494 2634 4557 πόδας
2674 4495 3014 4552 καλύπτουσι
3062 4499 3182 4559 τοῖς
3226 4497 3469 4568 πτεροῖς,
3499 4493 3618 4554 τοῖς
3679 4489 3737 4547 δδ

2084 4589 2268 4662 μέσοις
2301 4586 2554 4642 πὲτανται
2566 4629 2578 4643 .

1999 4647 2048 4713 D
2084 4647 2094 4662 ι
2148 4683 2174 4748 §
2206 4647 2293 4735 IX.
2328 4675 2426 4730 Καὶ
2453 4679 2614 4730 τοῦτο
2648 4670 2724 4730 δέ.
2757 4672 3056 4750 Ἑρμηνεία
3082 4675 3192 4727 τῶν
3221 4668 3480 4747 σεραφίμ.

2149 4771 2268 4837 §X.
2326 4767 2442 4835 Τῆς
2495 4761 2937 4825 οὐσιωδους.Ἐν
2994 4765 3074 4833 τῷ
3132 4759 3260 4836 Περὶ
3319 4762 3420 4825 τῆς
3481 4755 3737 4834 οὐρανίας

2077 4855 2362 4932 ἱεραρχίας
2419 4852 2570 4928 λόγῳ
2627 4851 2988 4930 ἐσαφηνίσθη,
3041 4849 3093 4904 τί
3151 4848 3292 4905 ἰστιν
3346 4847 3435 4903 ἐπὶ
3482 4844 3734 4922 ἀγγέλων

2080 4942 2354 5014 οὐσιώδης
2383 4940 2513 5012 ἕξις,
2545 4941 2596 4996 ἐν
2629 4936 2854 5012 ἑϐδόμῳ
2885 4937 3192 5014 κεφαλαίῳ.

2152 5035 2229 5107 [α]
2262 5032 2375 5089 Οὐκ
2406 5029 2698 5107 ἠγνόησεν.
2729 5031 2849 5084 Ὅτι
2906 5029 2996 5085 καὶ
3056 5029 3107 5084 οἱ
3161 5027 3304 5104 ἅγιοι
3353 5023 3581 5102 ἄγγελοι
3625 5021 3741 5079 ἴσα-

2081 5144 2189 5192 σιν,
2221 5121 2304 5176 ὅτι
2341 5122 2368 5176 ὁ
2400 5118 2631 5195 ἁγιάζων
2666 5114 2877 5187 Ἰησοῦς
2907 5119 2998 5173 καὶ
3029 5115 3287 5192 ἡγιάσθη,
3316 5114 3408 5171 καὶ
3452 5115 3607 5187 πότι,
3638 5111 3733 5168 καὶ

2081 5231 2592 5367 πωῐῗατεληλυθότα.
2627 5295 2915 5352 Τουτιίστιν
2945 5295 3230 5370 ἄνθρωπον
3258 5292 3582 5370 γενόμενον.

1315 5497 1561 5554 VARIIE
1599 5501 1992 5558 LECTIONES
2031 5500 2120 5556 ET
2155 5497 2711 5558 CORRECTIONES.

392 5673 438 5711 ιτ
467 5690 556 5752 γρ,
589 5672 820 5730 εδιτιῖν,
897 5673 943 5711 ³³
972 5691 1058 5750 γρ.
1088 5669 1272 5730 τόποι.
1349 5673 1398 5711 ³⁸
1424 5693 1510 5750 γρ.
1544 5670 1786 5751 ἴχοντες.
