4042 6210
249 387 340 442 157
993 391 1054 442 S.
1094 392 1364 445 MAXIM!
1408 388 1718 444 SCHOLIA
1754 391 1828 442 IN
1867 389 1999 442 LIB.
2041 389 2134 442 DE
2175 388 2465 442 ECCLES.
2508 387 2904 442 HIERARCH.

3549 379 3653 434 158

457 511 600 586 Πρὸς
658 509 762 567 τοῖ’
818 511 1048 589 Πατρός.
1097 511 1271 570 Τοῦτό
1321 533 1453 590 φησι
1515 509 1602 567 διὰ
1651 513 1716 566 τὸ
1777 509 1886 584 μίαι

2084 513 2124 568 Α
2170 517 2352 568 Patre.
2387 511 2504 566 Hoc
2559 509 2721 577 dicit,
2779 511 3084 581 propterea
3132 507 3289 579 quod
3345 507 3521 564 unica
3577 505 3658 563 sit

244 604 377 657 εἷναι
409 608 507 670 τῆς
538 600 693 676 ἁγίας
752 598 993 677 Τριάδος
1037 602 1138 670 τήν
1168 599 1458 678 ἐνέργειαν.
1498 599 1814 674 Σημείωσαι
1845 597 1886 653 δί

2014 605 2225 658 sanctis
2272 599 2577 657 Trinitatis
2635 598 2869 670 energia
2916 612 3020 653 seu
3070 595 3330 650 inﬂuxus
3378 594 3439 650 in
3487 611 3654 668 Opus.

240 692 341 759 τήν
375 684 770 764 ἀπαράϐλητον
823 687 1137 765 ὀρθοδοξίαν
1185 694 1283 745 τοῦ
1313 689 1556 766 μεγάλου
1595 689 1898 759 Διονυσίου,

243 779 334 835 καὶ
388 782 511 842 πῶς
557 777 787 854 ὶφύλαεε
833 785 934 849 τῆς
984 775 1240 851 θεότητος
1286 785 1386 835 τοῦ
1442 779 1645 856 Κυρίου
1698 780 1898 849 Ἰησοῦ,

243 869 334 924 καὶ
365 876 470 939 τῆς
501 869 699 943 σαρκὸς
728 870 829 937 τήν
863 865 1146 947 διαφοράν
1181 870 1210 924 ὁ
1239 870 1342 944 γὰρ
1396 868 1633 944 ἁγιάζων
1663 870 1898 938 Ἰησοῦς,

244 957 317 1020 ὠς
354 957 511 1027 Θεὸς,
544 955 739 1026 πάντα,
770 959 860 1012 καὶ
892 957 1052 1020 αὐτὸς
1085 958 1160 1020 ὡς
1206 956 1491 1032 ἅνθρωπος
1518 956 1756 1032 ἡγιάσθη
1796 954 1898 1011 ὑπό

234 1067 295 1102 τε
339 1050 442 1100 τοῦ
490 1044 726 1121 Πατρὸς,
769 1046 858 1100 καὶ
913 1045 1000 1123 ὑφ’
1049 1047 1266 1114 ἑαυτοῦ,
1313 1043 1428 1100 ἐπεὶ
1478 1045 1567 1100 καὶ
1607 1045 1760 1116 Θεὸς,
1807 1043 1897 1098 καὶ

240 1135 346 1190 ὑπὸ
373 1138 476 1190 τοῦ
525 1133 680 1208 ἁγίου
730 1133 1072 1207 Πνεύματος,
1106 1131 1320 1189 εῗδυιῶν
1365 1134 1455 1189 καὶ
1491 1139 1600 1188 τῶν
1630 1132 1896 1206 οὐρανίων

235 1223 446 1297 τάξεων
472 1224 576 1292 τήν
622 1221 764 1277 ἰδίαν
816 1223 1020 1299 ἀρχὴν,
1072 1224 1336 1294 τουτέστι,
1369 1224 1460 1278 τὸν
1512 1221 1683 1278 αἷίτιον
1722 1222 1894 1277 αὐτῶν

235 1313 455 1368 καὶτὸν
507 1309 860 1386 δημιουργὸν
893 1312 983 1366 τὸν
1039 1313 1275 1384 Ἰησοῦν,
1307 1312 1390 1367 ὅτι
1437 1311 1534 1367 κᾶν
1583 1312 1896 1387 ἁγιάζηται,

236 1401 365 1456 ἀλλ’
398 1401 492 1456 οῦν
525 1401 616 1456 καὶ
650 1399 823 1462 οὕτως
872 1397 988 1476 ἔχει
1039 1401 1101 1456 τὸ
1129 1402 1247 1456 κατ’
1287 1400 1468 1456 οὐσίαν
1500 1398 1895 1455 ἀναλλοίωτον

238 1491 370 1554 Θεὸς
403 1489 530 1565 γάρ·
568 1489 884 1562 Σημείωσαι
917 1487 975 1544 δὲ
1005 1488 1088 1546 ὅτι
1132 1492 1231 1560 τὴν
1283 1490 1482 1546 οἰκείαν
1531 1487 1669 1546 οἶδεν
1715 1490 1894 1565 ἀρχὴν

239 1579 299 1636 ἑκ
323 1585 430 1649 τῆς
462 1579 746 1654 θεουργίας
770 1578 957 1636 αὐτοῦ.

306 1753 384 1830 [ὃ]
451 1755 704 1834 Σεραφὶμ
754 1756 1087 1832 περιίστησι.
1148 1758 1504 1831 Σημείωσαι,
1564 1754 1654 1812 διὰ
1707 1757 1761 1812 τί
1815 1762 1894 1830 τῷ

2008 690 2157 746 Nota
2185 706 2342 758 vero,
2372 686 2892 760 incomparabilem
2925 683 3122 756 magni
3146 682 3405 756 Dionysii
3437 687 3655 740 rectam

2010 780 2081 835 de
2110 778 2624 850 ﬁdeisententiam,
2647 783 2704 832 et
2732 775 3028 848 quomodo
3057 771 3309 828 servavit
3337 771 3657 828 divinitatis

2010 869 2240 926 Domini
2288 869 2450 937 Jesu,
2485 872 2542 924 et
2580 866 2773 923 carnis
2805 863 3224 929 differentiam;
3271 862 3449 918 Jesus
3497 863 3654 919 enim

2009 959 2405 1025 sanctiﬁcans,
2450 962 2513 1012 ut
2567 957 2744 1023 Deus,
2797 954 3088 1018 universa,
3139 953 3296 1008 idem
3353 951 3531 1007 etiam
3589 955 3656 1007 ut

2008 1049 2182 1105 homo
2214 1047 2616 1104 sanctificatus
2647 1049 2736 1100 est
2764 1049 2890 1100 tum
2921 1060 2954 1098 a
2984 1046 3174 1110 Patre,
3205 1045 3331 1096 tum
3363 1058 3398 1096 a
3426 1040 3651 1114 seipso;

2005 1135 2480 1210 quandoquidem
2523 1134 2701 1190 etiam
2750 1138 2923 1201 Deus,
2956 1136 3012 1187 et
3059 1149 3093 1187 a
3138 1131 3357 1202 Spiritu
3411 1134 3652 1198 sancto;

2007 1227 2330 1283 scientibus
2360 1241 2594 1296 quoque
2633 1221 2966 1279 coelestibus
2997 1220 3305 1276 ordinibus
3346 1219 3651 1292 proprium

2007 1315 2383 1388 principium,
2419 1315 2476 1368 id
2521 1317 2612 1368 est
2658 1317 2956 1368 auctorem
3001 1325 3175 1364 suum
3226 1312 3283 1363 et
3329 1313 3649 1364 creatorem

2003 1406 2230 1473 Jesum,
2263 1404 2418 1475 quod
2469 1401 2578 1458 etsi
2627 1400 3046 1464 sanctilicetur,
3090 1403 3285 1454 tamen
3335 1397 3513 1453 etiam
3564 1400 3650 1454 sic

2005 1495 2182 1551 habet
2211 1497 2432 1548 natura:
2480 1487 3056 1554 immutabilitatem;
3093 1488 3244 1542 Deus
3291 1485 3468 1541 enim.
3502 1486 3651 1545 Nota

2003 1600 2139 1640 vero
2181 1582 2336 1654 quod
2385 1579 2686 1652 proprium
2733 1576 2972 1650 agnovit
3020 1575 3375 1648 principium
3425 1591 3495 1632 ex
3541 1592 3651 1632 sua

2007 1672 2204 1728 divina
2237 1670 2486 1726 actione.

2079 1759 2369 1832 Seraphim
2416 1759 2668 1830 apponit.
2700 1757 2848 1812 Nota
2888 1771 2994 1812 cur
3035 1753 3332 1826 seraphim
3377 1769 3479 1810 sex
3527 1751 3650 1809 ala-

241 1845 373 1918 θείῳ
403 1844 586 1954 ἢμύρῳ
635 1845 1005 1949 περιίστανται
1053 1847 1119 1900 τὰ
1165 1846 1512 1922 ὲξαπτὲρυγα.
1549 1845 1886 1923 Ἀπαράλλα-

2014 1867 2136 1908 rum
2171 1849 2734 1906 circumstatuantur
2778 1844 2974 1901 divino
3019 1846 3338 1915 unguento.
3371 1839 3650 1916 Ἀπαράλ-

2014 1941 2022 1954 ι
2464 1953 2469 1954 ,
2507 1940 2613 1954 .-ΛΑ
2662 1933 2996 1954 j!_,2__21__-
3041 1932 3177 1954 ,ιε-ει
3229 1936 3326 1954 ---Δ
3363 1933 3510 1954 ---ΑΔ
3545 1948 3648 1954 ..--

236 1954 363 1988 κτον
399 1930 457 1988 δὶ
488 1933 630 1988 εἶπεν
658 1935 693 2003 ἢ
729 1934 806 1996 ὡς
835 1935 972 2009 πρὸς
1001 1936 1063 1989 τὸ
1095 1936 1232 1990 κατὰ
1268 1934 1441 1991 πάντα
1469 1943 1570 2006 τῆς
1599 1937 1718 1991 καθ’
1749 1938 1886 2006 ἡμᾶς

2014 1941 2223 2008 λακτον,
2259 1954 2374 1994 non
2425 1940 2624 1992 autem
2655 1933 3004 1990 dissimilem
3036 1932 3198 2001 dixit,
3226 1936 3329 1988 aut
3358 1933 3511 2004 quod
3545 1948 3650 2004 per

239 2022 455 2099 φύσεως
504 2023 850 2096 ὁμοιωθῆναι
898 2026 1034 2097 ἡμῖν
1082 2023 1259 2101 χωρὶς
1308 2025 1594 2101 ἁμαρτίας
1628 2026 1663 2095 ἢ
1705 2025 1780 2089 ὡς
1813 2026 1886 2099 μὴ

2014 2029 2201 2085 Jmnia
2243 2030 2464 2083 natura
2515 2027 2727 2082 nostris
2777 2023 2990 2080 similis
3042 2023 3232 2078 factus
3279 2026 3368 2078 est
3413 2020 3646 2078 sublato

244 2111 618 2184 ὑπομείναντα
647 2111 1034 2188 παραλλαγὴν,
1059 2112 1094 2182 ἢ
1124 2119 1336 2188 τροπῆς
1382 2113 1729 2187 ἀποσκίασμα
1758 2113 1893 2169 κατὰ

237 2201 335 2267 τὴν
367 2199 625 2270 θεότητα,
661 2200 714 2255 ἐν
766 2205 846 2270 τῷ
896 2196 1228 2276 προσλαϐεῖν
1277 2203 1340 2257 τὸ
1383 2203 1741 2278 ἀνθρώπινον.
1774 2210 1889 2274 Ση-

247 2288 477 2360 μιίωσαι
512 2285 571 2344 δὶ
599 2288 698 2356 τὴν
731 2288 925 2359 ὁλικήν
971 2288 1402 2365 ἐνανθρώπησιν,
1447 2288 1535 2346 διὰ
1561 2291 1689 2355 τοὺς
1730 2289 1888 2346 ἄνουν

248 2375 406 2432 αὐτὸν
439 2376 720 2451 λέγοντας.

307 2558 376 2630 [ε]
404 2556 508 2611 Τὸν
567 2553 948 2631 ἁγιαζόμενον.
999 2554 1231 2613 Μᾶλλον
1279 2558 1403 2613 τότε
1450 2556 1624 2620 οὕτως
1673 2556 1890 2634 ἐφέρετο

239 2643 293 2700 ἰν
349 2648 421 2717 τῇ
480 2645 619 2717 πρὸς
671 2639 978 2718 ’Βϐραίουςο
1037 2647 1102 2699 "0
1157 2665 1214 2700 τε
1269 2646 1370 2722 γὰρ
1427 2647 1664 2723 ἁγιάζων
1716 2648 1804 2703 καὶ
1862 2649 1890 2703 ὁ

244 2732 434 2808 ἆγιαζό
443 2752 627 2806 μενος.

309 2822 382 2876 Τὸ
417 2821 610 2895 μύρον.
673 2820 774 2876 Διὰ
829 2819 882 2876 τί
937 2819 1298 2897 σταυροειδῶς
1351 2824 1414 2878 τὸ
1474 2823 1644 2902 μύρον
1705 2825 1756 2880 ἐν
1811 2830 1893 2899 τῷ

248 2909 629 2984 βαπτιστηρίῳ
660 2909 925 2985 ἐκχεῖται.

313 3001 425 3054 Ὑπ⁹
456 2995 583 3074 ὄψιν
617 3001 756 3076 ἄγει.
790 2997 936 3056 ’Λντῖ
967 3004 1063 3055 τοῦ
1094 3005 1338 3079 φανερῶς
1367 3003 1642 3077 κηρύττει.

317 3089 659 3166 Θεογενεσίας
714 3087 1114 3163 καταδεόμενον
1166 3093 1230 3147 ⁸ο.
1296 3091 1525 3164 Ἀνέστη
1582 3094 1682 3169 γὰρ
1733 3097 1892 3168 τριή-

253 3197 438 3252 μερος,
475 3180 552 3251 μή
584 3178 876 3253 κρατηθεὶς
901 3179 1004 3234 ὑπὸ
1033 3183 1130 3235 τοῦ
1157 3178 1406 3244 θανάτου.

311 3355 656 3432 Ἁκρατήτῳ.
688 3355 915 3428 ’Δνέστη
949 3358 1052 3433 γὰρ
1080 3359 1206 3434 τριή
1220 3377 1382 3434 μερος
1419 3359 1494 3432 μὴ
1526 3359 1832 3431 κρατηθείς.

305 3444 452 3508 Τοὺς
511 3444 588 3507 εἷς
643 3446 735 3500 τὸν
795 3447 1060 3504 θάνατον,
1121 3448 1270 3502 Ἐστι
1327 3449 1426 3522 γὰρ
1485 3447 1798 3526 ἀπόκρυφος
1849 3452 1884 3519 ἡ

240 3532 552 3610 αἰτιολογία
578 3539 698 3596 τοῖς
744 3533 986 3599 πολλοῖς
1025 3539 1121 3590 τοῦ
1164 3535 1485 3611 μυστηρίου,
1518 3534 1606 3591 διὰ
1634 3536 1687 3591 τί
1715 3538 1778 3592 τὸ
1811 3538 1885 3600 εἰς

236 3623 470 3696 Χριστὸν
528 3623 828 3698 βάπτισμα,
862 3621 1048 3694 ὅτιπερ
1100 3623 1178 3686 εἷς
1215 3625 1307 3679 τὸν
1342 3626 1562 3680 θάνατον
1593 3624 1756 3680 αὐτοῦ
1791 3627 1885 3702 βα-

233 3711 562 3784 πτιζόμεθα.

301 3802 457 3869 §XI.
517 3801 1050 3874 Ἀνθρωποπρεπῶς.
1112 3801 1428 3874 Σημείωσαι
1481 3803 1572 3858 καὶ
1627 3801 1884 3873 ἐντεῦθεν,

233 3889 262 3942 ὁ
292 3888 560 3962 Χριστὸς,
591 3887 682 3942 καὶ
735 3889 810 3952 ὠς
853 3887 1156 3964 ἅνθρωπος,
1192 3888 1410 3965 δᾶχεται
1457 3893 1520 3946 τὸ
1568 3895 1785 3964 Πνεῦμα
1823 3893 1884 3946 τὸ

233 3978 384 4051 ἅγιον
416 3975 805 4051 ἀγιαζόμενος·
840 3977 930 4032 καὶ
979 3979 1054 4040 ὠς
1104 3979 1256 4047 Θεὸς,
1289 3976 1509 4035 δίδωσιν
1560 3979 1714 4038 αὐτό.
1771 3988 1883 4052 Ση-

237 4065 470 4139 μείωσαι
530 4065 624 4120 καὶ
675 4066 738 4120 τὸ
784 4073 887 4136 τῆς
939 4065 1237 4130 οὐσιώδους
1295 4069 1551 4140 θεότητος
1583 4112 1598 4139 ,
1658 4071 1746 4124 καὶ
1799 4069 1879 4126 ὅτι

231 4152 615 4216 ἀναλλοίωτος
647 4153 878 4226 ἔμεινεν.

299 4242 447 4312 ’Βξει
486 4241 550 4296 τὸ
601 4241 904 4304 θειότατον.
945 4241 1031 4312 Εἴ,
1084 4243 1170 4298 ἰπὶ
1223 4249 1332 4300 τῶν
1387 4244 1628 4321 ἀγγέλων
1681 4245 1880 4302 οὐσιώ-

231 4327 342 4391 δεις
368 4327 508 4400 ’ἕξεις
557 4329 868 4400 ἀκούοντες,
901 4331 965 4386 οὐ
1011 4332 1307 4404 ποιότητας
1352 4329 1541 4405 ἔξωθεν
1580 4335 1714 4391 κατᾶ
1743 4358 1880 4409 συμο

229 4414 470 4488 ϐεϐηκὸς
501 4417 884 4494 ἆπιγινομὲνας
915 4425 1167 4496 νοοῦμεν,
1199 4423 1276 4486 ὡς
1318 4423 1406 4478 καὶ
1447 4425 1552 4499 πρὸ
1585 4423 1772 4500 ὀλίγου
1805 4425 1878 4481 εἷ’-

225 4527 416 4582 ρηται,
469 4507 561 4562 καὶ
637 4508 690 4562 ἐν
764 4513 843 4580 τῷ
901 4511 1030 4583 Περὶ
1101 4517 1200 4580 τῆς
1275 4511 1527 4586 οὐρανίας
1594 4515 1881 4591 ὶεραρχίας

1999 2119 2257 2189 peccato,
2290 2122 2388 2170 aut
2419 2114 2574 2186 quod
2625 2130 2740 2169 non
2790 2110 3096 2184 pertulerit
3141 2111 3528 2166 mutationem
3561 2107 3649 2166 vel

1997 2203 2428 2262 vicissitudinis
2457 2201 2968 2258 obumbrationem
3014 2201 3342 2256 secundum
3375 2197 3648 2254 divinita-

1998 2299 2140 2365 tem,
2163 2309 2298 2349 cum
2326 2296 2596 2348 naturam
2619 2291 2944 2346 humanam
2978 2288 3320 2360 assumpsit.
3344 2288 3494 2344 Nota
3515 2302 3648 2342 vero

1998 2388 2182 2440 totam
2207 2387 2430 2438 natura:
2448 2397 2648 2437 assum
2657 2380 2936 2451 ptionem,
2958 2381 3196 2450 prepter
3209 2393 3308 2432 eos
3325 2377 3425 2448 qui
3447 2375 3646 2447 ipsum

1998 2472 2298 2529 Christum
2331 2468 2545 2525 mentis
2576 2471 2871 2540 expertem
2903 2482 3033 2522 esse
3063 2466 3288 2522 dicunt.

2071 2559 2510 2630 Sanctiﬁcatum.
2541 2557 2690 2613 Tum
2731 2556 2922 2627 magis
2969 2555 3080 2611 hoc
3127 2554 3302 2610 modo
3349 2552 3648 2609 ferebatur

1999 2651 2058 2708 in
2089 2647 2352 2723 Epistola
2391 2648 2461 2703 ad
2515 2647 2780 2703 Hebraeos
2803 2647 2880 2718 (υ)
2915 2661 2928 2700 :
2965 2646 3072 2714 Qui
3118 2645 3271 2700 enim
3316 2642 3644 2713 sanctiﬁcat,

1999 2747 2051 2795 et
2079 2739 2175 2809 qui
2203 2738 2602 2808 sanetiﬁcatur.

2075 2830 2439 2899 Unguentum.
2473 2828 2588 2883 Cur
2617 2823 2806 2882 crucis
2837 2823 3030 2896 specie
3059 2824 3428 2894 unguentum
3457 2819 3516 2877 in
3546 2819 3648 2877 ba-

2001 2918 2217 2991 ptismo
2249 2917 2588 2973 effunditur.

2074 3007 2181 3063 Sub
2212 3009 2493 3078 aspectum
2519 3004 2699 3074 ponit.
2736 3007 2867 3069 Pro,
2899 3001 3093 3074 palam
3124 2999 3422 3073 praedicat.

2077 3098 2174 3152 76
2206 3102 2316 3152 Pro
2361 3095 2552 3150 divina
2599 3093 2957 3166 generatione
3003 3091 3298 3147 demersus.
3349 3088 3648 3145 Excitatus

2003 3191 2095 3242 est
2150 3185 2306 3240 enim
2355 3183 2528 3240 tertio
2568 3183 2683 3249 die,
2716 3199 2831 3238 non
2891 3181 3166 3237 detentus
3224 3183 3324 3235 aut
3377 3178 3565 3235 victus
3613 3195 3647 3234 a

1917 3257 1961 3325 C
2000 3278 2210 3330 morte.

2066 3362 2462 3435 lnsuperabili.
2487 3360 2748 3418 Surrexit
2777 3359 2934 3416 enim
2968 3359 3137 3416 tertio
3167 3357 3261 3415 die
3293 3374 3408 3414 non
3432 3357 3643 3414 victus.

2067 3454 2166 3508 Eos
2197 3453 2298 3524 qui
2321 3453 2381 3506 in
2414 3454 2605 3506 morte.
2629 3449 2731 3506 Est
2757 3450 2913 3506 enim
2941 3449 3215 3505 abstrusa
3235 3446 3440 3503 multis
3469 3462 3646 3502 causa

1997 3541 2281 3614 mysterii,
2302 3557 2409 3595 cur
2425 3539 2642 3595 Christi
2675 3539 3008 3612 baptismus
3039 3538 3230 3606 detur,
3246 3537 3401 3609 quod
3434 3536 3492 3592 in
3515 3537 3646 3607 ejus

1999 3635 2189 3687 morte
2218 3629 2592 3702 baptizamur

2063 3811 2091 3876 §
2120 3805 2214 3862 XI.
2249 3808 2500 3862 Humano
2529 3820 2698 3861 more.
2731 3804 2899 3870 Nota,
2933 3802 3109 3858 etiam
3151 3801 3260 3856 hoc
3299 3799 3446 3871 loco,
3477 3799 3644 3855 Chri-

1994 3901 2176 3964 stum,
2210 3900 2267 3952 et
2297 3898 2362 3949 ut
2389 3895 2690 3950 hominem
2741 3891 3002 3964 accipere
3051 3889 3336 3961 Spiritum
3367 3896 3641 3946 sanctum

1993 4002 2127 4041 cum
2179 3983 2605 4052 sanctificatur,
2657 3986 2715 4037 et
2765 3985 2831 4036 ut
2876 3981 3084 4046 Deum,
3117 3995 3252 4035 eum
3301 3979 3460 4035 dare.
3493 3979 3645 4036 Nota

1991 4073 2197 4131 enim:
2238 4072 2545 4128 essentialis
2591 4069 2924 4140 divinitatis,
2973 4073 3030 4125 et
3078 4068 3233 4140 quod
3279 4068 3646 4125 immutabilis

1992 4166 2211 4220 mansit.

2060 4258 2228 4311 Statu
2259 4252 2599 4309 divinitatis.
2633 4250 2690 4306 Si
2723 4265 2856 4306 cum
2888 4249 2949 4304 in
2971 4246 3199 4321 angelis
3223 4247 3645 4306 substantiales

1989 4342 2231 4399 habitus
2284 4341 2585 4404 audimus,
2617 4357 2731 4394 non
2767 4337 3083 4411 qualitates
3131 4337 3494 4392 extrinsecus
3541 4353 3646 4408 per

1990 4431 2264 4487 accidens
2294 4429 2672 4486 advenientes
2703 4427 3112 4500 intelligimus,
3145 4426 3640 4497 quemadmodum

1989 4519 2164 4592 paulo
2195 4527 2325 4576 ante
2373 4519 2597 4575 dictum
2649 4521 2759 4584 est,
2791 4520 2849 4573 et
2881 4517 2940 4571 in
2971 4515 3119 4570 libro
3150 4516 3225 4570 De
3269 4514 3472 4570 caelesti
3521 4512 3641 4569 hie-

224 4593 388 4691 λότςρ
418 4594 701 4691 κεφαλαίῳ
749 4592 986 4691 εϐθόμῳΑ
1018 4595 1444 4691 ὐιεσαφνςσιιιμενοΔ
1486 4599 1684 4675 πολλῷ
1736 4602 1876 4676 μᾶλ-

2014 4610 2213 4665 arehia
2243 4609 2431 4682 capite
2479 4607 2731 4680 septimo
2776 4605 3157 4676 exposuimus
3190 4621 3204 4660 :
3237 4603 3422 4658 multo
3454 4601 3642 4674 magis

223 4682 325 4740 λον
358 4683 448 4739 ἐπὶ
477 4689 577 4739 τοῦ
606 4685 695 4739 καὶ
750 4687 882 4761 ὑπὶρ
933 4685 1115 4741 οὐσίαν
1164 4687 1366 4764 κυρίως
1415 4685 1570 4753 ὄντος
1619 4693 1750 4747 Θεοῦ
1779 4695 1878 4762 τὴν

2016 4717 2050 4753 n
2083 4699 2220 4767 Deo,
2253 4696 2351 4770 qui
2383 4698 2558 4753 etiam
2592 4695 2823 4767 proprie
2854 4693 3172 4750 essentiam
3203 4691 3448 4760 excedit,
3481 4690 3643 4746 habi-

220 4768 334 4845 ἷειν
384 4773 448 4828 οὐ
499 4772 770 4842 ποιότητα
820 4771 1100 4848 δεξόμεθα,
1145 4778 1244 4846 τὴν
1307 4776 1395 4833 ἐπὶ
1437 4783 1554 4840 τοῖς
1605 4781 1880 4844 συνθέτοις

224 4855 659 4934 συμϐαίνουσαν,
693 4860 819 4917 ἀλλ’
848 4859 956 4933 ἕξιν
987 4863 1287 4928 οὐσιώδους
1337 4866 1615 4937 θεότητος,
1647 4869 1743 4938 τήν
1778 4891 1881 4943 φυ-

218 4953 398 5011 σικῶς
428 4947 664 5024 ἔχουσαν
697 4949 748 5021 ἐξ
799 4951 970 5022 αὐτῆς
1010 4953 1076 5008 τὰ
1121 4958 1222 5020 τῆς
1270 4953 1602 5030 ἇγαθὸτητος
1652 4958 1876 5015 ἅπαντα.

215 5036 379 5100 Τέως
428 5035 488 5093 δὶ
543 5039 822 5112 σημαίνει,
858 5039 941 5095 ὅτι
993 5041 1082 5096 καὶ
1131 5045 1166 5113 ἡ
1201 5043 1391 5112 θεότης
1440 5044 1542 5100 οὐκ
1590 5045 1881 5104 αὐτοουσία

214 5124 334 5181 tati
367 5131 463 5182 τοῦ
494 5132 654 5196 Θεοῦ,
687 5127 833 5183 ἀλλὰ
857 5136 956 5199 τῆς
992 5130 1175 5194 οὐσίας
1205 5131 1353 5204 δόξα.

286 5217 323 5291 §
354 5221 474 5272 XII.
535 5219 955 5294 Θυσιαστηρίου.
1017 5221 1140 5279 ’Ότι
1195 5223 1283 5277 καὶ
1355 5225 1419 5279 τὸ
1494 5227 1876 5301 θυσιαστήριον

216 5305 384 5382 μύρῳ
407 5305 736 5376 τελειοῦται,
766 5309 855 5363 καὶ
892 5306 981 5364 διὶ
1005 5309 1078 5366 τί.

287 5477 368 5549 (υ)
399 5476 538 5550 Cap.
575 5493 637 5546 II,
671 5494 724 5534 v.
762 5480 847 5534 11.
941 5539 952 5552 ν

1988 4791 2114 4843 tum
2146 4803 2262 4842 non
2292 4784 2638 4858 qualitatem
2673 4783 3034 4855 accipiemus
3060 4779 3407 4853 compositis
3437 4796 3642 4836 conve-

1988 4876 2276 4944 nientem;
2319 4875 2418 4930 sed
2471 4872 2741 4929 habitum
2794 4869 3128 4929 essentialis
3160 4868 3508 4937 divinitatis,
3541 4867 3644 4942 qui

1988 4963 2334 5021 naturaliter
2362 4979 2430 5020 ex
2461 4963 2590 5035 ipsa
2619 4962 2834 5019 habeat
2864 4978 2991 5034 quae
3031 4963 3171 5016 sunt
3202 4956 3482 5014 bonitatis
3511 4973 3642 5013 om-

1987 5053 2104 5109 nia.
2140 5053 2378 5108 Interim
2408 5068 2542 5108 vero
2575 5055 2730 5118 nota,
2757 5051 2931 5106 etiam
2963 5047 3350 5112 divinitatem,
3371 5063 3486 5103 non
3508 5061 3639 5103 esse

1987 5143 2306 5199 essentiam
2340 5142 2532 5214 ipsam
2562 5141 2688 5206 Dei,
2721 5140 2820 5196 sed
2855 5137 3119 5194 essentia;
3149 5135 3506 5208 opinionem.

2055 5235 2082 5300 §
2114 5232 2238 5287 XII.
2274 5233 2494 5287 Alteris.
2531 5229 2693 5296 Quod
2726 5229 2906 5284 etiam
2948 5227 3133 5287 altare
3163 5231 3466 5300 unguento
3495 5243 3634 5286 con-

1986 5325 2269 5389 secretur,
2303 5323 2359 5376 et
2390 5318 2793 5390 quamobrem.

1237 5606 1478 5666 VARIJE
1517 5608 1913 5670 LECTIONES
1951 5613 2042 5672 ET
2082 5610 2624 5672 CORRECTIONES

291 5689 343 5725 ⁸⁸
363 5706 455 5766 γρ.
481 5684 913 5764 καταδυόμενον.
