4042 6210
368 358 471 415 159

1179 365 1542 419 APPENDIX
1578 366 1676 419 AD
1713 364 1956 418 OPERA
1995 365 2054 417 S.
2094 364 2414 419 DIONYSII
2452 364 2956 420 AREOPAGITJE.

3667 360 3787 415 160

438 485 629 541 Altare
682 487 856 542 Iesus.
904 487 1069 551 Quod
1126 486 1294 542 Jesus
1351 491 1441 541 est
1496 485 1724 542 altare:
1767 490 1824 540 et
1879 489 2019 540 nota

2203 485 2595 560 Θυσιαστήριον
2652 487 2888 554 Ἰησοῦς.
2943 486 3070 541 ’Ότι
3122 483 3332 549 Ἰησοῦς
3393 478 3502 536 ἐστι
3555 501 3621 536 το
3681 494 3788 546 θυ-

369 573 842 646 megnitudinem
899 581 957 630 et
1012 575 1385 630 altitudinem
1446 573 1739 645 ejusmodi
1797 573 2018 640 altaris,

370 665 526 735 quod
559 663 794 734 quidem
827 663 1096 719 Christus
1121 669 1229 720 est.

438 753 655 824 Mystice
702 754 930 808 omnino
976 754 1324 810 concremati.
1361 753 1636 808 Innuitur
1682 751 1818 807 finis
1849 751 2018 822 quin-

367 841 696 913 quagesimi
732 841 966 914 psalmi.

445 933 720 1001 Unguenti
754 934 1103 1004 mysterium.
1135 933 1298 998 Quod
1348 930 1635 1004 unguenti
1688 945 2021 988 sacramen-

368 1023 498 1077 tum
531 1024 800 1077 vocatum
834 1024 942 1087 est,
975 1025 1034 1076 et
1062 1021 1467 1091 quamobrem.

441 1110 726 1165 Divinitus
746 1118 962 1165 cuncta.
983 1109 1145 1172 Quod
1171 1108 1252 1164 ait
1273 1113 1364 1164 est
1383 1107 1675 1179 ejusmodi
1696 1124 1709 1162 :
1734 1107 2020 1173 Quoniam

368 1197 565 1254 omnis
595 1197 791 1252 divina
822 1196 1112 1269 apparitio
1152 1201 1211 1252 et
1247 1198 1508 1269 operatio
1540 1196 1729 1268 signis
1758 1196 2022 1251 ostendi-

367 1289 486 1351 tur,
519 1301 776 1356 sequens
806 1289 1016 1341 cantus
1048 1286 1463 1356 prophetarum
1497 1283 1732 1340 alleluia
1760 1285 2022 1356 signum,

367 1373 676 1429 considera
706 1373 848 1444 quid
887 1373 1166 1430 declaret.

439 1462 609 1518 Aiunt
637 1463 696 1516 hi
723 1463 821 1532 qui
850 1463 1132 1519 Hebraice.
1166 1463 1314 1519 Nota
1357 1462 1479 1519 haec
1519 1467 1723 1518 contra
1755 1461 2023 1533 Acepha-

368 1549 480 1608 los.

440 1639 540 1695 Dei
577 1641 965 1710 apparitionis.
1001 1639 1144 1706 Quis
1202 1640 1470 1712 psalmus
1519 1639 1755 1708 dicitur,
1788 1643 1846 1696 et
1893 1656 2021 1712 per-

369 1727 643 1801 spicuum
677 1729 831 1800 quod
867 1745 1021 1785 unus
1052 1729 1476 1802 inscriptorum
1507 1730 1771 1787 Alleluia.

1013 1861 1085 1920 ΙΝ
1126 1861 1280 1920 CAP.
1320 1862 1388 1920 V.

443 1987 546 2060 §I.
579 1988 1023 2044 Distributiones.
1083 1986 1437 2044 Sortitiones
1495 1986 1603 2042 has
1649 1989 1838 2056 vocat,
1887 1985 2029 2058 quia

373 2077 788 2148 unusquisque
831 2078 973 2133 ordo
1018 2075 1452 2133 ecclesiasticus
1483 2075 1800 2147 separatim
1851 2075 2031 2131 habet

375 2164 772 2237 ecclesiastica
806 2169 846 2222 7
859 2167 898 2220 ’1
934 2165 1286 2234 ministeria,
1315 2169 1377 2220 ut
1402 2164 1516 2221 sibi
1547 2169 1702 2220 sorte
1724 2163 2027 2234 attributa,

381 2270 514 2326 qua;
533 2254 826 2324 praeterire
851 2253 1082 2324 nequit;
1111 2253 1485 2308 manifestum
1511 2257 1599 2307 est
1619 2250 1775 2306 enim
1799 2249 2030 2305 diaconi

377 2341 658 2408 ofﬁcium,
690 2346 748 2396 et
791 2341 1042 2396 aliorum
1092 2341 1389 2396 similiter.
1423 2340 1684 2395 Virtutes
1733 2343 1926 2394 autem
1976 2341 2034 2394 et

379 2430 710 2488 activitates
742 2430 802 2484 in
831 2429 949 2498 his,
981 2429 1117 2485 licet
1149 2430 1388 2502 quidem
1421 2429 1479 2484 in
1513 2444 1631 2484 uno
1663 2444 1844 2485 sensu
1875 2427 2033 2483 acci-

378 2535 536 2592 pere,
567 2533 700 2574 cum
730 2518 886 2574 idem
921 2517 1220 2574 declarent
1246 2535 1260 2574 :
1295 2519 1414 2573 vim
1442 2517 1603 2573 enim
1653 2516 1945 2590 purgandi
1975 2518 2034 2572 et

377 2607 756 2664 illuminandi
804 2608 1066 2663 docendo
1116 2607 1330 2663 habere
1365 2607 1647 2663 dicuntur
1692 2606 1732 2661 ii
1762 2605 1864 2677 qui
1913 2605 2032 2660 haec

377 2696 607 2753 efﬁcere
638 2696 1100 2768 permittuntur:
1127 2695 1262 2750 licet
1291 2701 1488 2751 autem
1511 2695 1688 2750 etiam
1711 2695 1881 2750 aliter
1909 2694 2030 2750 dis-

375 2784 665 2858 tinguere,
698 2789 765 2839 ut
794 2784 1041 2839 virtutes
1073 2783 1308 2854 quidem
1352 2783 1714 2854 accipiamus
1745 2782 2034 2854 spiritalia

381 2874 534 2928 dona
562 2877 619 2927 et
648 2871 888 2940 merita;
929 2870 1256 2927 activitates
1299 2887 1457 2940 vero,
1491 2870 1847 2937 ministeria;
1901 2887 2030 2942 per-

379 2960 660 3016 fectiones
687 2960 868 3026 enim,
889 2961 1218 3028 manifeste,
1239 2959 1393 3015 sicut
1423 2960 1481 3014 in
1513 2959 2032 3016 constitutionibus

383 3066 486 3106 seu
519 3048 991 3104 ordinationibus
1023 3049 1402 3121 accipiemus.

449 3139 522 3193 Ac
563 3138 841 3209 triplicem
888 3154 1117 3210 quoque.
1153 3138 1437 3210 Deinceps
1485 3137 1756 3208 explicat,
1782 3153 1909 3209 quae
1956 3137 2032 3193 sit

2049 1861 2099 1927 B

2128 575 2464 644 σιαστήριονο
2497 572 2586 628 καὶ
2644 573 2949 645 σημείωσαι
2995 573 3060 627 τὸ
3117 572 3344 646 μέγεθος
3387 570 3478 624 καὶ
3525 569 3586 624 τὸ
3638 569 3787 644 ὕψος

2126 660 2224 718 τοῦ
2255 662 2506 717 τοιούτου
2539 660 2943 736 θυσιαστηρίου,
2977 659 3110 735 ὅπερ
3141 658 3282 714 ἐστὶν
3316 659 3344 712 ὁ
3375 658 3628 732 Χριστός.

2197 755 2486 812 Μυστικῶς
2518 747 3003 822 ὁλοκαυτούμενοι.
3033 749 3109 806 Τὸ
3155 746 3312 803 τέλος
3354 746 3646 803 αἰνίττεται
3675 751 3788 802 τοῦ

2127 843 2498 910 πεντηκοστοῦ
2527 838 2772 912 ψαλμοῦ.

2198 928 2386 1003 Μύρου
2433 926 2680 1000 τελετήν.
2735 930 2852 982 Ὅτι
2902 927 3078 1004 μύρου
3132 923 3326 996 τελετὴ
3383 924 3632 998 ἐκλήθη,
3683 924 3787 979 καὶ

2129 1012 2220 1070 διὰ
2247 1015 2319 1071 τί.

2200 1110 2543 1180 Θεουργικῶς
2621 1103 2846 1162 ἅπαντα.
2907 1108 2976 1164 "0
3055 1126 3187 1184 φησι
3243 1102 3404 1160 τοῦτό
3457 1102 3604 1159 ἐστι·
3665 1104 3788 1158 Πά-

2129 1216 2229 1266 σης
2279 1193 2424 1259 θείας
2465 1193 2779 1272 θεοφανείας
2809 1197 2852 1232 ³¹
2905 1194 2994 1250 καὶ
3043 1193 3287 1270 ἐργασίας
3337 1191 3428 1248 διὰ
3477 1187 3789 1265 συμϐόλων

2131 1282 2505 1357 δεικνυμένης,
2537 1283 2836 1340 ἀκόλουθον
2865 1287 2962 1339 τοῦ
3000 1281 3319 1353 ἀλληλούϊα
3357 1286 3455 1337 τοῦ
3500 1287 3608 1336 τῶν
3643 1301 3791 1356 προσ

2130 1370 2314 1452 φητῶν
2350 1371 2552 1445 μέλους
2580 1373 2644 1428 τὸ
2675 1367 2977 1445 σύμϐολον,
3011 1378 3280 1446 θεωρῆσαι
3311 1370 3362 1424 τί
3393 1367 3584 1440 δηλοῖ.

2203 1459 2375 1515 Φασὶν
2423 1459 2476 1513 οἱ
2521 1459 2590 1514 τὰ
2635 1453 2900 1536 Ἐϐραίων
2931 1502 2944 1515 .
2997 1459 3316 1532 Σημείωσαι
3362 1457 3496 1512 κατὰ
3552 1455 3791 1534 ’Δκεφά-

2130 1546 2265 1605 λων.

2201 1636 2547 1715 Θεοφανείας.
2597 1643 2766 1700 Ποῖος
2816 1635 3033 1712 λέγεται
3074 1636 3316 1711 ψαλμὸς,
3347 1637 3440 1691 xui
3489 1633 3659 1705 δῆλον
3693 1637 3790 1690 δτι

2131 1729 2208 1790 εἷς
2229 1731 2336 1782 τῶν
2370 1725 2860 1803 ἐπιγεγραμμένων
2891 1724 3256 1797 Ἀλληλούῖα.

2617 1860 2731 1915 ΕΙΣ
2769 1860 2860 1917 ΤΟ
2901 1860 3157 1916 ΚΕΦΑΛ.
3201 1859 3276 1915 E'.

2206 1988 2309 2055 ξι.
2372 1982 2841 2059 Ἀποκληρώσεις.
2899 1981 3346 2058 Ἀποκληρώσεις
3411 1979 3611 2044 ταύτας
3682 2002 3794 2036 κα-

2137 2072 2226 2130 λεῖ
2283 2071 2372 2128 διὰ
2419 2073 2483 2128 τὸ
2553 2073 2781 2142 εκάστην
2855 2070 3000 2142 τάξιν
3055 2072 3334 2145 ἱερατικὴν
3390 2071 3800 2148 ἀφωρισμένως

2138 2159 2285 2238 ἔχειν
2346 2160 2606 2238 ἱερατείας
2667 2159 2962 2236 ὑπηρεσίας
2995 2204 3012 2228 ,
3068 2161 3180 2214 οἷον
3249 2158 3800 2235 άποκεκληρωμένας

2139 2251 2297 2324 αὐτῇ,
2350 2250 2410 2313 ἃς
2465 2245 2765 2326 ὑπερϐῆναι
2815 2249 2877 2304 ού
2929 2247 3168 2305 δύναται·
3217 2245 3388 2314 δῆλον
3447 2249 3549 2324 γάρ
3581 2246 3691 2303 ἐστι
3721 2248 3796 2304 τὸ

2139 2335 2292 2416 ἔργον
2323 2344 2421 2396 τοῦ
2453 2337 2725 2411 διακόνου,
2754 2338 2845 2394 καὶ
2882 2342 2990 2393 τῶν
3025 2335 3211 2393 ἄλλων
3262 2336 3491 2410 ὁμοίως.
3527 2337 3802 2409 Δυνάμεις

2141 2427 2199 2485 δὲ
2227 2429 2317 2484 καὶ
2345 2428 2611 2505 ἐνεργείας
2655 2427 2706 2482 έν
2754 2427 2992 2498 τούτοις,
3021 2425 3132 2482 ἔστι
3186 2428 3282 2500 μὶν
3332 2421 3520 2482 λαϐεῖν
3557 2424 3638 2502 ἐφ’
3667 2425 3804 2489 ἒνὸς

2139 2520 2434 2590 νοήματος,
2481 2515 2545 2572 τὸ
2597 2516 2728 2572 αὐτὸ
2781 2513 3123 2586 δηλούντων·
3156 2515 3255 2586 τήν
3310 2513 3414 2591 γὰρ
3463 2517 3560 2569 τοῦ
3599 2515 3800 2578 καθαί-

2142 2627 2250 2683 ρειν
2279 2607 2367 2661 xui
2416 2603 2668 2683 φωτίζειν
2719 2602 3118 2669 διδασκαλικῶς
3149 2602 3372 2676 δύναμιν
3404 2602 3550 2679 ἔχειν
3593 2601 3804 2679 λέγον-

2137 2697 2310 2752 τοιιοὶ
2355 2699 2522 2750 ταῦτα
2570 2693 2800 2769 ἐνεργεῖν
2851 2693 3154 2772 ἀφιέμενοι·
3187 2688 3298 2748 ἔστι
3346 2690 3403 2748 δὶ
3449 2693 3536 2748 xui
3587 2693 3802 2766 ἑτέρως

2142 2782 2563 2851 διαστείλασθαι,
2615 2783 2689 2847 ὡς
2741 2781 2991 2856 δυνάμεις
3041 2782 3136 2856 μὶν
3171 2777 3357 2838 λαϐεῖν
3409 2780 3506 2844 τὰς
3535 2802 3798 2853 πνευμα-

2137 2869 2289 2934 τικᾶς
2340 2870 2544 2948 δωρεὰς
2596 2873 2682 2926 xui
2740 2871 2904 2942 ἀξίας·
2956 2870 3220 2946 ἐνεργείας
3277 2868 3336 2926 δὲ
3390 2872 3487 2932 τὰς
3536 2869 3802 2945 λειτουρ-

2139 2962 2276 3037 γίας·
2308 2962 2404 3024 τὰς
2433 2961 2537 3036 γὰρ
2580 2960 2913 3033 τελειώσεις,
2959 2957 3266 3034 πρόδηλον,
3295 2961 3373 3022 ὡς
3397 2959 3484 3014 ἐπὶ
3525 2964 3634 3015 τῶν
3673 2980 3787 3014 κα-

2139 3053 2468 3118 ταστάσεων,
2498 3048 2664 3125 ἤγουν
2694 3054 3048 3124 χειροτονιῶν
3078 3048 3451 3124 έκληψόμεθα.

2212 3140 2314 3195 Καὶ
2345 3140 2444 3208 τὴν
2488 3137 2602 3210 μέν.
2650 3138 2808 3208 Ἑξῆς
2856 3137 3159 3208 σαφηνίζει,
3208 3137 3290 3200 τίς
3340 3158 3398 3192 τε
3445 3140 3481 3207 ἡ
3525 3133 3792 3211 τριαδική

386 3225 599 3298 triplex
630 3225 858 3294 divisio,
891 3230 949 3281 et
977 3227 1110 3298 quis
1149 3226 1227 3283 sit
1258 3226 1444 3282 ternio
1481 3226 1842 3299 superiorem
1877 3226 2028 3282 ordi-

2155 3224 2422 3302 itulpsctc,
2452 3227 2541 3281 xui
2570 3225 2652 3290 τίς
2681 3228 2715 3294 ἡ
2747 3226 2898 3300 τριὰς
2925 3231 3032 3281 τῶν
3084 3221 3526 3302 ὑπερϐεϐηκυιῶν
3556 3226 3795 3296 τάξεων⁹

377 3331 544 3383 num,
569 3316 642 3370 de
667 3315 886 3385 quibus
909 3315 1084 3372 etiam
1116 3315 1287 3386 paulo
1310 3319 1444 3370 ante
1468 3314 1737 3387 exposuit
1756 3315 1813 3369 in
1839 3315 2024 3385 primo

377 3404 566 3475 capite
597 3402 732 3460 libri
784 3403 964 3472 hujus
996 3421 1010 3460 :
1043 3408 1103 3459 et
1142 3408 1302 3469 nota,
1333 3404 1492 3475 quod
1523 3403 1582 3458 in
1632 3402 2028 3460 ecclesiastica

376 3491 705 3548 hierarchia
731 3491 943 3564 triplex
971 3491 1178 3548 divisio
1209 3496 1318 3559 est,
1353 3496 1411 3548 et
1439 3491 1655 3564 qualis.

712 3670 890 3726 Sacra
922 3676 1119 3725 nostra
1149 3667 1388 3724 traditio
1418 3667 1700 3725 dividitur

377 3759 444 3814 In
469 3759 800 3830 mysterium
828 3776 847 3813 :
1098 3760 1164 3814 In
1209 3758 1445 3814 initian-

380 3848 478 3904 hoc
553 3849 704 3904 enim
777 3855 858 3903 est
1104 3850 1237 3904 tem.

379 3944 809 3993 sacramentum.

454 4021 485 4093 §
515 4025 584 4077 lI.
619 4024 978 4079 Sanctissima
1023 4024 1259 4095 quidem.
1295 4026 1573 4090 Quaenam
1606 4025 1666 4081 in
1696 4025 1856 4082 ccelis
1904 4026 2031 4083 hie-

383 4107 637 4174 rarchia,
669 4115 728 4164 et
756 4110 910 4180 quod
943 4115 1378 4165 sacramentum
1410 4112 1664 4167 ccelestis
1693 4112 2033 4168 hierarchiaa

385 4195 486 4263 sit,
517 4195 618 4251 Dei
650 4213 754 4267 pro
784 4197 1011 4252 viribus
1042 4197 1295 4268 cognitio
1326 4203 1383 4252 et
1410 4198 1669 4254 habitus.
1703 4199 2033 4255 Initiatores

384 4289 584 4342 autem
619 4284 820 4356 hujus,
853 4285 1088 4340 ordines
1121 4285 1296 4356 primi
1318 4285 1418 4356 qui
1453 4290 1564 4342 Deo
1585 4286 1901 4356 assistunt;
1935 4288 2033 4357 qui

335 4397 338 4400 ’
385 4373 776 4446 perﬁciuntur
821 4377 1040 4440 autem,
1073 4373 1114 4427 ii
1144 4375 1241 4442 qui
1286 4379 1616 4444 sequuntur
1645 4375 1716 4430 ab
1750 4375 1892 4448 ipsis
1923 4375 2035 4431 ini-

383 4463 514 4520 tiati
541 4467 599 4518 et
631 4462 783 4518 docti
812 4461 1069 4518 ordines.

1723 3759 1789 3813 In
1831 3757 2028 3813 initia-

1723 3855 1824 3903 ιοδ.

2133 3314 2257 3388 περὶ
2289 3315 2362 3368 ὧν
2405 3316 2495 3370 xui
2546 3315 2861 3388 προεξέθετο
2912 3315 2963 3368 έν
2995 3318 3076 3387 τῷ
3126 3315 3329 3388 πρώτῳ
3374 3312 3655 3392 κεφαλαίῳ
3683 3317 3792 3368 τοῦ

2133 3406 2404 3478 παρόντος
2437 3403 2631 3478 Λόγου.
2663 3401 2764 3457 Καὶ
2805 3401 3111 3475 σημείωσαι
3158 3401 3242 3457 ὅτι
3292 3400 3381 3457 ἐπὶ
3427 3408 3526 3471 τῆς
3577 3399 3788 3471 ἐκκλη-

2134 3497 2418 3561 σιαστικῆς
2477 3491 2761 3566 ἱεραρχίας
2832 3487 3089 3566 τριαδική
3157 3487 3418 3561 διαίρεσίς
3478 3487 3636 3561 ἐστι,
3693 3487 3796 3543 καὶ

2137 3578 2322 3638 ὁποία.

2369 3671 2433 3727 Ἣ
2463 3670 2583 3733 καθ’
2611 3670 2759 3742 ἡμᾶς
2792 3669 2909 3743 ἱερὰ
2935 3666 3237 3741 παράδοσις
3268 3665 3554 3744 διαιρεῖται

2139 3758 2216 3822 εἷς
2249 3759 2568 3834 μυστήριον*
2601 3760 2761 3812 τοῦτο
2979 3756 3058 3821 εἷς
3091 3755 3191 3829 μύ-
3431 3755 3506 3817 εἰς
3539 3756 3790 3828 μυουμέο

2138 3847 2242 3925 γὰρ
2273 3849 2308 3917 ἡ
2340 3845 2558 3917 τελετή.
2988 3865 3140 3917 στην,
3425 3864 3575 3906 νους.

2210 4030 2238 4097 §
2268 4027 2336 4083 ΙΙ.
2362 4025 2427 4083 ἸΙ
2461 4026 2555 4097 μὲν
2589 4025 2890 4100 ἁγιωτάτῃ.
2922 4024 3019 4088 Τίς
3059 4025 3094 4093 ἡ
3126 4021 3176 4077 ἐν
3227 4021 3475 4098 οὐρανοῖς
3505 4019 3788 4096 ἱεραρχίασ

2139 4115 2230 4171 xui
2262 4116 2346 4169 ὅτι
2397 4111 2588 4183 τελετή
2639 4111 2750 4167 ἐστι
2796 4119 2896 4182 τῆς
2947 4111 3199 4188 οὐρανίας
3248 4109 3553 4186 ἱεραρχίας,
3607 4111 3642 4178 ἡ
3693 4114 3798 4164 τοῦ

2142 4206 2275 4258 Θεοῦ
2322 4201 2460 4256 κατὰ
2507 4198 2736 4274 δύναμιν
2787 4205 2987 4276 γνῶσις
3035 4201 3125 4255 καὶ
3175 4196 3539 4270 ἓξις.Μῦσται
3571 4194 3628 4252 δὲ
3659 4197 3796 4252 ταύο

2139 4312 2240 4361 της
2287 4291 2342 4344 αἱ
2389 4288 2514 4366 περὶ
2557 4289 2686 4345 Θεὸν
2734 4294 2946 4363 πρῶται
2994 4288 3193 4360 τάξεις·
3241 4284 3569 4358 τελούμεναι
3618 4282 3678 4339 δὲ
3735 4286 3795 4339 αἱ

2147 4379 2261 4452 μετ’
2303 4377 2464 4441 αὐτὰς
2510 4379 2636 4454 παρ’
2684 4377 2858 4434 αὐτῶν
2910 4378 3210 4451 μυούμεναι
3253 4374 3343 4430 καὶ
3398 4371 3791 4446 διδασκόμεναι

2139 4468 2334 4539 τάξεις.

457 4551 765 4608 Secundum
810 4552 989 4608 illam.
1023 4551 1162 4616 Qum
1192 4551 1269 4608 sit
1300 4553 1628 4609 secundum
1657 4553 1808 4610 duos
1847 4570 2028 4627 popu-

2217 4557 2346 4615 Μετ’
2402 4555 2631 4626 ἆκείνην.
2680 4554 2775 4618 Τίς
2831 4557 2867 4625 ἡ
2919 4556 3057 4610 κατὰ
3096 4552 3225 4615 τοὺς
3274 4549 3370 4608 δύο
3399 4549 3568 4614 λαοὺς
3599 4551 3795 4626 ἰεραρ-

382 4640 471 4699 los
509 4640 856 4698 hierarchia.

453 4733 732 4802 Legalem.
769 4733 844 4788 De
875 4729 1202 4787 hierarchia
1233 4747 1360 4802 quas
1393 4731 1450 4787 in
1481 4732 1607 4806 lege
1635 4737 1778 4790 erat.

453 4913 560 4969 Nec
589 4913 672 4968 ita
703 4912 927 4983 facilem
947 4909 1276 4982 dijudicatu.
1310 4911 1479 4983 Nota,
1503 4928 1637 4969 eum
1663 4929 1778 4968 non
1800 4913 2030 4970 facilem

381 4997 707 5070 intellectu,
741 5015 931 5072 neque
974 4998 1202 5055 facilem
1234 4997 1517 5054 distinctu
1567 4998 1846 5071 legalium
1877 4999 2032 5055 ordi-

385 5102 528 5142 num
557 5088 1114 5161 contemplationem
1145 5091 1203 5143 et
1232 5085 1570 5159 allegoriam
1609 5088 1818 5144 dicere.

453 5175 626 5245 Hujus
655 5186 843 5233 autem
873 5179 1093 5248 legalis.
1113 5176 1248 5242 Qua
1274 5177 1553 5250 perfectio
1577 5193 1680 5235 seu
1709 5194 2036 5235 sacramen-

385 5264 513 5316 tum
547 5262 605 5316 in
635 5263 781 5335 lege.

452 5347 745 5405 Initiatore
770 5367 838 5406 ac
864 5351 1016 5412 duce.
1048 5354 1244 5428 Moyse
1273 5353 1562 5412 videlicet.

2141 4667 2325 4804 χισ’ἱζὴν
2381 4733 2516 4790 κατὰ
2567 4735 2758 4808 νόμον.
2811 4733 2942 4808 Περὶ
2996 4737 3097 4801 τῆς
3170 4730 3306 4787 κατὰ
3376 4727 3547 4802 νόμον
3595 4728 3794 4804 ἰεραρ-

2187 4826 2242 4879 ία
2276 4867 2289 4880 .

2139 4844 2320 4968 χΟῗῖκ
2379 4909 2739 4987 εύδιάκριτον.
2800 4911 3140 4984 Σημείωσαι,
3215 4911 3296 4964 δτι
3353 4906 3455 4963 οὐκ
3514 4904 3795 4976 εὔληπτον

2141 5000 2292 5078 λέγει
2345 5001 2437 5056 xui
2485 4998 2820 5074 εύδιάκριτον
2869 5000 2968 5068 τήν
3023 5003 3132 5056 τῶν
3195 5000 3437 5072 νομικῶν
3500 4993 3796 5066 διατάξεων

2143 5090 2369 5165 θεωρίαν
2404 5089 2492 5144 καὶ
2525 5087 2892 5164 ἀλληγορίαν.

2213 5177 2388 5252 Ταύτῃ
2427 5174 2484 5232 δὶ
2529 5181 2599 5251 τῇ
2647 5177 2784 5232 κατᾶ
2831 5177 3019 5250 νόμον.
3052 5174 3151 5238 Τίς
3203 5178 3238 5246 ἡ
3285 5173 3480 5244 τελετή
3512 5175 3558 5211 ³³
3586 5177 3696 5232 τῶν
3746 5171 3802 5228 ἐν

2143 5265 2441 5412 “iiiis-too
2465 5353 2553 5408 xui
2586 5353 2881 5429 ἡγεμόνος.
2915 5354 3156 5418 Μωσέως
3187 5349 3424 5424 δηλαδή.

1379 5536 1618 5592 νΑΒΙιΕ
1657 5533 2053 5592 LECTIONES
2092 5533 2183 5590 ET
2220 5533 2780 5593 GORBECTIONES.

453 5672 497 5710 ἰ
532 5667 860 5748 ἔπιφανείας.
939 5672 987 5710 ³³
1019 5673 1054 5743 ἡ
1084 5672 1220 5728 κατᾶ
1249 5667 1416 5747 νόμον
1441 5673 1658 5746 τελετή.
