4042 6210
227 348 328 403 161
938 348 996 400 S.
1039 345 1314 401 MAXIM!
1351 344 1657 400 SCHOLIA
1697 344 1768 396 IN
1809 340 1946 394 LIB.
1987 342 2082 395 DE
2131 342 2423 396 ECCLES.
2473 341 2940 395 HIRBARCHIA.

1714 463 1874 536 Ὅρα,
1903 461 1960 529 Α
2056 461 2253 518 Sancte
2309 461 2652 518 describens.
2700 461 2877 518 Juxta
2923 461 3148 519 dictum
3189 479 3205 519 :
3260 464 3410 536 vide,
3459 465 3640 524 facies

298 468 655 545 Ἰερογραφῶν
737 469 864 537 τήν.
942 466 1088 521 Κατὰ
1168 465 1230 520 τὸ
1314 464 1601 540 εἷ’ρημὲνον
1641 481 1654 493 ·

222 561 483 628 ποτήσεις
538 556 710 611 πάντα
756 557 896 610 κατά
948 557 1041 610 τὸν
1097 553 1265 610 τύπον
1323 555 1414 609 τὸν
1456 551 1742 628 δειχθέντα
1795 569 1881 604 σοι

228 647 284 703 ἓν
316 652 395 718 τῷ
427 643 564 721 ὄρει.

299 738 407 806 Τήν
466 733 827 809 τελειοτέραν.
882 733 1010 810 Ηερῖ
1061 740 1161 802 τῆς
1235 731 1352 796 νέας
1425 729 1711 806 ῖεραρχίκς
1786 735 1885 798 τῆς

232 825 287 881 ἰν
322 823 622 894 Ἐκκλησία
666 821 945 898 λέγει,ὅτι
1001 821 1285 898 κλήρωσίς
1317 823 1363 858 ³⁸
1419 819 1529 874 ἐστι
1584 823 1691 874 τῶν
1750 819 1886 872 κατὰ

227 914 426 986 νόμον,
456 916 632 966 Ταῦτα
681 909 739 966 δὲ
770 911 798 964 ὁ
830 909 1168 972 Ἀπόστολος
1217 910 1269 965 ἐν
1315 912 1384 983 τῇ
1433 910 1568 982 πρὸς
1599 902 1884 983 Ἐϐραίους

229 1003 389 1080 φησὶ,
421 1001 514 1055 καὶ
563 1001 591 1055 ὁ
634 998 860 1075 Κύριος’
898 999 1014 1057 Οὐκ
1040 997 1210 1067 ἦλθον
1243 997 1540 1053 καταλῦσαι
1567 997 1661 1051 τὸν
1691 994 1884 1067 νόμον,

227 1090 376 1146 ἆλλὰ
404 1089 722 1162 πληρῶσαι.

243 1206 249 1210 -
296 1183 376 1252 Τῇ
432 1177 714 1251 μεσότητι.
767 1175 1107 1248 Σημείωσαι,
1139 1180 1258 1237 πῶς
1319 1176 1457 1248 μέση
1517 1172 1656 1228 ἐστὶν
1717 1173 1887 1248 οὐρα-

228 1268 342 1329 νίας
374 1265 688 1340 ἱεραρχίας,
719 1264 811 1319 καὶ
842 1272 942 1334 τῆς
994 1271 1230 1337 νομικῆς
1259 1265 1294 1333 ἡ
1327 1262 1754 1334 ἇκκλησιαστικὴ
1806 1263 1888 1317 ἰε-

234 1355 462 1431 ραρχία,
493 1354 583 1408 καὶ
615 1359 732 1415 πῶς
767 1359 884 1415 ταῖς
915 1352 1010 1408 δύο
1055 1359 1325 1420 κοινωνεῖ,
1349 1356 1418 1426 τῇ
1464 1353 1559 1426 μὲν
1607 1357 1686 1424 τῷ
1728 1349 1888 1406 πνεύ-

239 1467 368 1519 ματι
407 1464 421 1477 ο
452 1447 523 1517 τῇ
583 1440 641 1498 δὲ
693 1447 774 1514 τῷ
825 1444 1131 1517 γράμματι,
1187 1442 1454 1511 τουτέστι,
1511 1445 1628 1504 τοῖς
1681 1434 1887 1513 συμϐό-

232 1534 376 1596 λοις.

299 1624 374 1678 Τὸ
432 1621 676 1697 τρισσόν.
712 1623 837 1682 Πῶς
891 1621 926 1689 ἡ
985 1619 1063 1683 εἷς
1130 1622 1254 1696 τρία
1314 1617 1576 1696 διαίρεσις
1629 1623 1738 1674 τῶν
1794 1619 1888 1672 τά·

237 1713 386 1782 ξεων.

299 1796 573 1861 θεοειδεῖς
631 1803 739 1854 τῶν
802 1799 981 1873 ἱερῶν.
1013 1800 1320 1866 Τουτέστιν,
1352 1797 1428 1862 εἷς
1475 1797 1620 1872 ἱερὰν
1668 1799 1885 1873 γνῶσιν,

232 1890 322 1944 καὶ
353 1885 746 1956 διδασκάλους,
775 1888 862 1942 καὶ
898 1883 1341 1961 διδασκομένους.

304 2066 429 2124 Τῶν
462 2066 584 2121 καθ’
614 2067 784 2138 ἡμᾶς.
814 2068 930 2119 Τῶν
960 2063 1235 2139 ἀγγέλων.

513 2159 812 2229 Διαιρεῖται
851 2155 887 2222 ἡ
917 2157 1025 2208 τῶν
1056 2151 1289 2208 τελετῶν
1331 2153 1612 2229 ἱερουργία

614 2243 691 2304 εἲς
723 2243 814 2296 κάο
947 2241 1167 2315 μύησιν.
1387 2239 1562 2296 τελεί-

600 2333 808 2406 Θαρσιν,
1381 2350 1536 2388 ωσιν.

589 2425 652 2476 Ἦ
682 2423 792 2474 τῶν
836 2419 1132 2494 ἱερουργῶν
1167 2415 1528 2492 διακόσμησις

237 2511 310 2572 εἰς
351 2511 610 2585 κάθαρσιν
853 2508 930 2569 εἰς
970 2528 1235 2586 φωταγω-
1480 2507 1556 2570 εἷς
1601 2507 1884 2564 τελείωσιν

232 2606 336 2656 τῶν
384 2597 568 2654 ἆτελὲ·
855 2595 976 2673 γίαν
1005 2601 1112 2651 τῶν
1143 2618 1238 2651 κα·
1480 2601 1588 2652 τῶν
1600 2599 1889 2676 φωτισθὲν.

236 2709 398 2762 στων,
853 2687 1180 2760 θαρθέντων,
1477 2706 1608 2755 των,

641 2867 703 2923 Ἠ
733 2869 842 2920 τῶν
873 2861 1219 2937 τελουμένων
1253 2861 1479 2937 δύναμις

396 2953 474 3017 εἷς
507 2964 700 3018 καθαι-
859 2951 936 3014 εἷς
969 2957 1204 3031 φωτιζο-
1367 2953 1444 3016 εἷς
1473 2952 1717 3010 τελειου-

397 3042 688 3120 ρομὲνους,
860 3041 1077 3115 μένους,
1371 3043 1589 3116 μένους.

3535 342 3641 399 162

1991 552 2184 607 omnia
2211 550 2509 607 secundum
2537 551 2842 622 exemplar,
2875 551 3013 623 quod
3038 561 3404 610 monstratum
3430 560 3507 611 est
3535 557 3641 614 tibi

1993 639 2050 693 in
2082 648 2263 696 monte
2289 641 2392 711 (π).

2062 729 2469 799 Per/ectiorem.
2503 729 2582 784 De
2613 745 2761 785 nova
2783 728 3108 786 hierarchia
3127 746 3256 803 quas
3288 731 3348 785 in
3379 731 3639 790 Ecclesia

1993 820 2083 872 est
2110 817 2252 889 agit,
2284 818 2436 888 quod
2486 817 2786 890 plenitudo
2833 825 3152 875 esteorum
3205 836 3332 891 quae
3379 821 3438 876 in
3488 822 3638 895 lege.

1994 903 2125 960 Haec
2163 906 2480 977 Apostolus
2526 907 2584 962 in
2633 907 2893 979 Epistola
2941 908 3012 964 ad
3062 908 3335 966 Hebraeos
3381 910 3550 979 dicit;
3583 915 3642 968 et

1994 994 2276 1051 Dominus
2337 1011 2349 1051 :
2408 996 2530 1051 Non
2595 998 2726 1052 veni
2782 998 2984 1053 solvere
3043 997 3254 1070 legem,
3311 999 3404 1054 sed
3457 999 3644 1056 adim-

1991 1083 2142 1154 plere
2171 1083 2273 1155 (ῃ).

2064 1173 2257 1229 Medio.
2307 1173 2480 1242 Nota,
2529 1175 2824 1246 quomodo
2873 1176 3068 1232 media
3119 1175 3197 1232 sit
3243 1178 3398 1232 inter
3443 1178 3644 1236 ccsles-

1996 1266 2112 1316 tem
2144 1261 2532 1319 hierarchiam
2565 1269 2622 1318 et
2659 1262 2926 1334 legalem,
2962 1263 3057 1320 78
3089 1263 3490 1322 ecclesiastica
3517 1267 3644 1324 hie-

1996 1351 2247 1420 rarchia,
2299 1356 2357 1406 et
2411 1353 2693 1422 quomodo
2752 1353 2823 1408 de
2873 1359 3118 1425 utraque
3169 1354 3528 1426 participat:
3575 1357 3646 1412 de

1995 1438 2097 1495 illa
2143 1441 2385 1513 quidem
2435 1440 2671 1513 spiritu,
2719 1443 2790 1497 de
2839 1440 2947 1497 hac
2996 1459 3131 1498 vero
3182 1442 3398 1511 littera,
3447 1444 3501 1500 id
3557 1449 3648 1500 est

1996 1545 2204 1601 signis.

2069 1619 2381 1690 Tripticem.
2415 1620 2717 1686 Quomodo
2747 1619 2807 1674 in
2834 1619 2950 1675 tria
2978 1619 3188 1677 divisio
3220 1621 3512 1680 ordinem.

2071 1798 2373 1869 Deiforme:
2419 1813 2727 1868 sacrorum,
2762 1799 2860 1855 Gr.
2906 1796 3162 1860 θεοειδεῖς
3208 1802 3318 1855 τῶν
3369 1799 3553 1874 ἱερῶν.
3586 1801 3648 1858 Id

1994 1890 2086 1942 est
2116 1887 2174 1942 in
2207 1903 2434 1943 sacram
2473 1887 2806 1954 scientiam,
2837 1891 2896 1944 et
2925 1888 3265 1962 magistros,
3297 1892 3355 1947 et
3383 1889 3647 1963 discipu-

1994 1973 2100 2031 los.

2068 2065 2202 2133 Qua
2231 2072 2425 2121 nostra
2453 2064 2590 2122 haec.
2625 2065 2682 2122 Id
2715 2069 2804 2122 est
2834 2065 3200 2138 angelorum.

2298 2155 2588 2211 Dividitur
2617 2154 2894 2212 initiandi
2925 2172 3093 2213 sacra
3121 2157 3346 2214 functio

1995 2243 2056 2298 in
2102 2247 2405 2316 purgatio-
2727 2244 2998 2302 eruditio-
3351 2247 3648 2319 perfectio-

1994 2347 2142 2402 nem,
2728 2349 2880 2401 nem,
3357 2351 3505 2392 nem.

2280 2422 2493 2478 Eorum
2524 2421 2627 2494 qui
2658 2438 2826 2478 sacra
2860 2421 3190 2494 perﬁciunt,
3221 2423 3362 2480 ordo

1997 2511 2058 2566 in
2117 2527 2326 2582 purga-
2616 2512 2678 2566 in
2720 2511 2976 2567 illustra-
3228 2513 3290 2568 in
3341 2515 3644 2584 perfectio-

1996 2601 2204 2655 tionem
2241 2615 2326 2655 eo-
2608 2601 2812 2657 tionem
2885 2617 2974 2657 eo-
3225 2617 3355 2657 nem
3426 2617 3638 2674 eorum,

1995 2706 2158 2760 rum,
2233 2691 2330 2760 qui
2611 2693 2868 2763 rum,qui
2885 2707 2980 2746 ειε-
3230 2693 3330 2763 qui
3369 2692 3647 2750 inaurati

1997 2779 2160 2834 rudes
2174 2783 2322 2835 sunt.
2610 2780 2754 2850 ptati
2777 2789 2930 2838 sunt.
3228 2784 3375 2840 sunt.

2485 2867 2857 2925 lnitiatorum
2889 2872 3153 2941 potestas

2693 2959 2753 3014 in
2781 2974 2871 3015 eos
2899 2960 2996 3030 qui
3022 2959 3094 3014 it-

2685 3048 3019 3106 lustrantur.

1996 2959 2058 3013 in
2077 2973 2168 3013 eos
2188 2959 2284 3029 qui
2301 2973 2440 3029 pur-

1992 3051 2216 3116 gantur.

3348 2961 3407 3017 in
3433 2975 3522 3017 eos
3551 2962 3650 3033 qui

3341 3051 3645 3122 perﬁciun-

3335 3143 3449 3198 tur.

303 3225 461 3299 §III.
504 3222 743 3295 Δόναμιν
803 3221 903 3288 τήν
959 3218 1129 3292 ἱεράν.
1188 3220 1275 3275 Ἐν
1331 3219 1546 3285 τούτοις
1603 3219 1876 3292 σκόπησον

2061 3227 2088 3293 §
2120 3225 2217 3281 Ill.
2257 3226 2522 3282 Virtutem
2560 3228 2837 3282 sanctam.
2873 3226 2934 3280 In
2983 3224 3078 3281 his
3126 3193 3448 3284 considera.
3481 3232 3639 3286 recte

237 3312 495 3386 εὖκρινῶς
552 3308 904 3380 δεικνυμὲνην
953 3309 1054 3377 τὴν
1108 3306 1393 3384 τριαδικὴν
1441 3312 1542 3378 τῆς
1595 3310 1882 3386 ἱεραρχίας

2013 3317 2288 3370 »ειοῑιεαω
2317 3314 2615 3386 triplicem
2649 3313 2987 3370 hierarchiaa
3016 3313 3386 3375 divisionem.

239 3399 513 3475 διαίρεσιν.

265 3496 268 3499 .
301 3491 364 3546 Ἡ
390 3486 448 3544 at
476 3492 586 3543 τῶν
616 3489 939 3564 ἱερουργιῶν.
974 3487 1103 3560 Περὶ
1134 3491 1242 3541 τῶν
1273 3484 1604 3544 τελούντων.
1664 3494 1666 3496 ⁷
1823 3563 1835 3574 ο

295 3575 702 3652 Ἀποκαθαίρει.
744 3574 811 3633 Τί
861 3575 1001 3631 ἐστιν
1052 3575 1435 3650 ἀποκαθαίρειν
1475 3579 1539 3643 ³⁴,
1585 3577 1673 3632 καὶ
1721 3577 1774 3633 τί
1820 3579 1883 3634 τὸ

236 3667 510 3741 φωτίζειν,
540 3665 632 3720 καὶ
661 3664 714 3720 τί
740 3665 804 3720 τὸ
830 3664 1098 3732 τελειοῦν,
1132 3664 1275 3719 εἶπεν
1307 3664 1358 3719 ἐν
1389 3669 1469 3736 τῷ
1512 3666 1638 3741 Περὶ
1685 3673 1786 3736 τῆς
1830 3666 1882 3722 ἐν

239 3758 494 3831 οὐρανοῖς
525 3759 572 3794 ³⁸
600 3753 887 3830 ῖεραρχίας
918 3751 1198 3828 κεφαλαίῳ
1238 3755 1284 3829 γ’
1313 3755 1435 3830 περὶ
1480 3755 1542 3809 τὸ
1583 3754 1762 3826 τέλος,
1792 3757 1885 3813 καὶ

239 3843 342 3901 ὧδε
371 3843 584 3920 προϊών
618 3842 772 3918 [ἐρεῖσ
805 3841 939 3910 αὕτη
973 3838 1028 3896 δὲ
1058 3844 1092 3910 ἡ
1122 3841 1316 3917 colig].

307 3933 690 3992 Τελειώσεσιν.
756 3931 987 4006 Πρώτην
1033 3931 1095 3984 τὸ
1161 3929 1431 4008 καθαίρειν
1486 3931 1616 3995 τοὺς
1663 3933 1887 3990 ἀτελέσ-

236 4044 361 4088 τους
389 4042 402 4056 ’
443 4020 615 4094 μέσην
640 4020 759 4083 καθ’
789 4020 855 4089 ἢν
889 4017 1094 4082 ἄλλους
1129 4022 1352 4092 μυοῦσιν
1384 4039 1396 4052 ·
1432 4019 1668 4097 ἐσχάτην
1720 4020 1777 4078 δὲ
1823 4025 1885 4079 τὸ

233 4109 594 4180 τελειωθῆναι
631 4107 820 4182 μόνον.

309 4202 370 4258 Ἥ
395 4201 597 4273 πρώτη
635 4195 924 4270 μὲν.Ἀντὶ
951 4201 1048 4252 τοῦ
1078 4199 1112 4266 ἠ
1143 4197 1298 4273 τριὰς
1327 4202 1434 4253 τῶν
1471 4193 1884 4272 ὑποϐεϐηκυιῶν

239 4312 265 4344 τ
273 4290 436 4360 άξεων
448 4331 462 4344 .

308 4381 366 4434 Ἡ
394 4377 618 4453 τρισσή.
650 4372 749 4438 Τίς
777 4377 812 4444 ἡ
842 4375 1038 4451 τρισσή
1070 4372 1300 4448 δύναμις
1331 4380 1439 4432 τῶν
1472 4377 1682 4452 ἱερέων.

308 4469 614 4537 Συναξεως.
647 4464 781 4522 Ἀπὸ
805 4463 989 4518 κοινοῦ
1017 4463 1102 4533 τὸ,
1135 4463 1574 4539 ἀποδειχθείσης.

2061 3489 2364 3548 Sacrorum
2387 3491 2793 3548 ministrorum.
2825 3491 2908 3548 De
2940 3490 3012 3547 iis
3043 3491 3157 3564 qui'
3174 3493 3507 3564 perﬁciunt.

2061 3581 2288 3652 Expiat.
2320 3580 2468 3644 Quid
2519 3581 2596 3636 sit
2643 3581 2898 3651 expiare,
2931 3585 2990 3635 et
3037 3581 3177 3651 quid
3232 3581 3551 3650 illustrare,
3583 3587 3643 3640 et

1995 3670 2138 3741 quid
2178 3669 2474 3739 perficere,
2505 3668 2652 3723 dixit
2693 3671 2752 3724 in
2801 3668 2950 3723 libro
2982 3669 3056 3723 De
3083 3670 3291 3724 eceteui
3320 3671 3642 3727 hierarchia

1995 3757 2184 3828 capite
2213 3757 2382 3811 tertio
2427 3757 2582 3812 circa
2624 3757 2825 3823 finem,
2859 3764 2915 3812 et
2945 3755 3040 3810 hic
3070 3758 3452 3829 progrediens
3483 3759 3589 3830 [ait
3623 3776 3638 3816 :

1995 3848 2116 3918 ipsa
2143 3849 2328 3900 autem
2358 3845 2554 3914 trias].

2063 3933 2522 4004 Per/ectionibur.
2574 3931 2854 4001 Primam,
2905 3947 3156 4006 purgare
3213 3951 3313 3991 eos
3371 3935 3471 4010 qui
3519 3953 3638 3993 non

1995 4027 2136 4078 sunt
2163 4021 2406 4086 initiati;
2456 4021 2732 4091 mediam,
2764 4021 2824 4077 in
2871 4037 2986 4094 qua
3037 4021 3183 4080 alios
3230 4024 3474 4095 docent;
3507 4042 3644 4098 pos-

1992 4115 2265 4178 tremam,
2299 4109 2497 4181 perﬁci
2529 4114 2776 4166 tantum.

2064 4203 2257 4256 Prima
2320 4199 2557 4270 quidem.
2617 4199 2758 4268 Pro,
2815 4199 3004 4257 ternio
3068 4200 3421 4261 inferiorum
3479 4205 3644 4262 ordi-

1994 4307 2159 4346 num.

2065 4379 2306 4452 Triplex.
2340 4378 2475 4443 Qua:
2505 4378 2592 4433 vis
2624 4376 2834 4450 triplex
2865 4380 3264 4439 sacerdotum.

2065 4468 2368 4541 Synaxeos.
2401 4465 2617 4540 Supple
2645 4462 3088 4541 ἀποδειχθείσης,
3121 4469 3552 4528 demonstratae.

308 4562 414 4612 Νὖν
447 4553 507 4610 Si
528 4555 655 4624 τήν.
688 4554 782 4608 Ἐκ
807 4553 908 4630 γὰρ
939 4557 1048 4608 τῶν
1081 4553 1238 4617 θείων
1271 4558 1499 4631 Γραφῶν
1522 4554 1883 4631 καθαιρόμεθα

2064 4559 2222 4613 Nunc
2253 4563 2462 4613 autem.
2495 4554 2714 4611 Divinis
2753 4557 2911 4611 enim
2953 4557 3271 4629 Scripturis
3318 4576 3644 4633 purgamur

234 4649 320 4702 καὶ
356 4644 761 4716 ἑλλαμπόμεθα
798 4643 935 4717 πρὸς
975 4643 1074 4711 τὴν
1106 4643 1254 4716 ἱερὰν
1303 4644 1654 4718 θεογενεσίαν’
1689 4644 1749 4700 ἐκ
1788 4652 1888 4716 τῆς

235 4735 502 4805 συνάξεως
535 4730 595 4786 δὶ
623 4731 712 4786 καὶ
741 4734 840 4796 τῆς
866 4734 963 4785 τοῦ
1017 4730 1190 4804 μόρου
1233 4731 1457 4801 τελετῆς
1507 4730 1885 4806 ἐπιστημόνως

233 4822 616 4895 τελειοῦμεθα.
652 4821 970 4892 Σημείωσαι
1023 4819 1112 4873 καὶ
1160 4819 1384 4876 ἐνταῦθα
1429 4821 1639 4894 ὁμοίως
1683 4819 1886 4894 δηλου-

239 4915 410 4986 μένην
436 4911 536 4978 τήν
567 4905 854 4985 τριαδικήν
888 4906 1165 4983 διαίρεσιν.

234 5001 390 5076 [Περὶ
417 4998 648 5070 τάξεων,
677 4995 802 5066 ἤτοι
847 4997 971 5073 περὶ
1020 5001 1126 5052 τῶν
1167 4998 1452 5071 ἱερατικῶν
1497 4998 1884 5074 τελειώσεων.]

542 5090 838 5159 Διαιρεῖται
868 5087 903 5154 ἡ
936 5085 1182 5158 ἱερατική
1215 5082 1575 5161 διακόσμησις

876 5175 1207 5248 φωτιστικήν
1223 5217 1240 5248 ,

230 5178 307 5243 εἷς
334 5188 603 5252 καθαρτι-
876 5175 1207 5248 φωτιστικήν
1223 5217 1240 5248 ,
1503 5173 1880 5250 τελειωτικήν.

230 5269 334 5339 κήν
344 5309 361 5338 ,

301 5414 389 5485 (ω)
415 5409 604 5470 Exod.
636 5423 776 5481 xxv,
803 5406 894 5468 40.
972 5407 1054 5482 (y)
1086 5407 1293 5468 Matth.
1324 5425 1380 5479 ν,
1413 5409 1501 5466 17.

1999 4651 2057 4702 et
2084 4645 2456 4701 illustramur
2485 4645 2557 4700 ad
2603 4660 2831 4700 sacram
2882 4644 2983 4701 Dei
3031 4647 3464 4717 generationem
3496 4666 3511 4705 :
3542 4666 3642 4722 sy-

1999 4751 2212 4790 naxeos
2240 4750 2372 4790 vero
2401 4738 2458 4789 et
2486 4734 2772 4804 unguenti
2819 4739 3186 4791 sacramento
3218 4736 3469 4793 scienter
3512 4754 3643 4810 per-

1997 4823 2249 4879 ficimur.
2281 4825 2428 4878 Nola
2474 4820 2649 4876 etiam
2697 4820 2792 4876 hic
2824 4821 3102 4879 similiter
3131 4824 3487 4882 declaratam
3533 4826 3640 4883 tri-

1995 4912 2203 4986 plicem
2237 4911 2606 4968 divisionem.

2034 5001 2130 5057 79
2165 5001 2267 5073 [De
2296 5001 2627 5068 ordinibus,
2653 5016 2753 5057 seu
2787 5000 2858 5056 de
2889 5001 3072 5057 sacris
3103 5002 3603 5077 perfectionibus.]

2347 5089 2638 5146 Dividitur
2680 5088 3112 5147 ecclesiasticus
3141 5092 3284 5148 ordo

2723 5178 3015 5233 illumina-

2727 5266 2923 5334 tivum,

2135 5182 2198 5237 in
2228 5179 2475 5253 expiati-

2137 5284 2288 5336 vum,

3259 5183 3482 5253 perfec-

3275 5271 3477 5330 tivum.

1249 5549 1494 5610 VARUE
1529 5552 1923 5614 LECTIONES
1963 5555 2051 5613 ET
2087 5549 2639 5613 CORRECTIONES.

310 5673 361 5710 ³³
386 5667 704 5746 πλήρωσις.
776 5666 825 5703 ⁸⁸
850 5662 1144 5739 καθαίρειν.
1221 5669 1268 5706 ³⁸
1298 5664 1572 5744 οὐρανίας.
