4042 6210
411 329 514 383 163

1224 329 1588 382 APPENDIX
1624 331 1721 384 AD
1757 330 1998 385 OPERA
2034 329 2092 382 S.
2134 325 2449 383 DIONYSII
2489 329 2988 386 AREOPAGITE.

3706 332 3810 387 164

475 455 504 521 §
533 450 626 508 ιν.
657 451 740 505 Αη
765 465 876 506 non
921 463 1152 523 quaeque
1190 451 1491 507 sensibiles.
1529 451 1598 506 Ut
1631 451 1690 507 in
1716 451 1864 507 vitro
1897 451 2035 522 quoc‘

2237 453 2265 519 §
2322 451 2413 506 IV.
2474 451 2546 506 Ἢ
2602 450 2733 524 οὐχὶ
2787 449 2878 505 καὶ
2930 451 3026 512 τὰς
3083 450 3364 522 αἰσθητάς.
3421 451 3512 515 Ὠς
3565 452 3652 509 ἰπὶ
3706 461 3806 526 τῆς

405 541 592 598 solem
623 538 849 612 recipit,
883 540 1038 611 quod
1067 539 1242 595 etiam
1275 557 1454 612 supra
1484 540 1657 609 dixit;
1691 545 1868 613 atque
1898 545 1964 596 ut
1992 540 2035 595 ir

2165 538 2326 595 ύέλου
2358 537 2666 615 δεχομένης
2691 541 2783 595 τὸν
2815 539 3005 611 ἥλιον,
3035 538 3168 616 ὅπερ
3212 542 3298 596 καὶ
3350 539 3605 617 ἀνωτέρω
3647 545 3765 600 εἷπε
3788 564 3803 579 ο

405 631 541 704 igne
570 633 670 686 aut
713 628 935 684 lumine
982 629 1235 700 perspici
1285 628 1438 697 licet,
1472 645 1606 685 cum
1638 630 1780 685 illud
1813 630 2035 700 quiden

2162 627 2249 682 καὶ
2282 630 2393 683 οἷον
2429 629 2517 683 ἐπὶ
2549 633 2645 683 τοῦ
2671 630 2839 705 πυρὸς
2887 631 2922 700 ἢ
2965 633 3064 684 τοῦ
3112 630 3290 703 φωτὸς
3339 627 3480 685 ἔστιν
3531 629 3679 705 ἰδεῖν,
3709 639 3807 690 τοῦ

407 737 511 792 per
539 718 737 775 tenuia
758 721 816 773 et
840 717 1136 789 perlucida
1164 735 1407 791 corpora
1433 718 1740 791 colluceat,
1763 723 1819 774 et
1839 718 2035 774 crassi:

2165 716 2258 788 μὶν
2315 715 2404 772 διὰ
2447 721 2552 772 τῶν
2607 719 2808 792 ἀραιῶν
2853 717 2944 772 καὶ
2996 715 3269 795 διαφανῶν
3328 718 3595 792 σωμάτων
3643 741 3805 777 κατα-

408 814 467 866 et
495 807 792 878 obscuris;
823 807 977 880 ignis
1007 811 1202 863 autem
1245 825 1347 880 per
1390 808 1698 864 materiam
1731 825 1858 880 qua:
1892 806 2035 863 facil:

2163 803 2477 879 λάμποντος
2534 807 2625 861 καὶ
2684 808 2752 861 τὰ
2802 808 3087 882 παχύτερα
3143 807 3232 862 καὶ
3285 803 3516 881 ἀλαμπῆ
3551 827 3566 840 ·
3596 814 3694 865 τοῦ
3749 809 3805 866 δὲ

410 897 677 955 comburi
728 901 938 970 potest,
969 897 1142 952 etiam
1174 897 1373 953 minus
1404 902 1573 970 aptae
1622 899 1694 954 ad
1742 915 1874 954 eum
1908 896 2054 952 reci-

408 987 691 1061 piendum
723 990 964 1042 naturas
996 989 1219 1042 exurat.

481 1077 763 1132 "lucescit.
798 1075 1070 1131 Efﬁcacia
1100 1076 1358 1148 episcopi
1383 1076 1675 1132 videlicet.

481 1167 711 1223 Istorum
740 1167 913 1235 igitur
940 1172 1034 1220 est.
1070 1169 1147 1220 Ex
1177 1168 1498 1238 communi,
1523 1165 1745 1222 scilicet
1772 1165 2052 1237 loquendi

2159 896 2330 970 πυρὸς
2361 893 2448 951 διὰ
2485 903 2584 965 τῆς
2635 895 3078 968 εύκαταπρήστου
3137 894 3300 968 ὕλης,
3338 897 3430 952 καὶ
3480 898 3574 960 τὰς
3618 900 3804 954 ἀνεπι-

2157 983 2407 1056 τηδείους
2436 987 2571 1058 πρὸς
2606 1006 2889 1057 μετουσιαν
2922 985 3086 1040 αὐτοῦ
3114 985 3479 1061 ἑκπυροῦντος
3510 986 3720 1062 φύσεις.

2231 1073 2559 1148 Ἐλλάμπει·
2594 1075 2658 1131 Ἦ
2689 1073 2926 1150 ἐνέργεια
2953 1079 3050 1129 τοῦ
3081 1075 3343 1149 ἱεράρχου
3376 1072 3660 1147 δηλονότι.

2228 1163 2442 1218 Τούτων
2475 1160 2565 1218 οὖν
2617 1162 2747 1220 ἐστι.
2782 1164 2931 1220 Κατὰ
2985 1168 3175 1218 κοινοῦ
3232 1161 3472 1235 ληπτᾶον
3528 1167 3591 1220 τὸ
3641 1163 3754 1222 ἐστί
3787 1188 3800 1201 ο

405 1256 600 1325 modo,
642 1254 998 1310 sumendum
1055 1258 1144 1310 est
1197 1256 1439 1311 verbum
1499 1252 1638 1325 ἐστίς
1699 1254 2035 1312 subauditui

2162 1251 2631 1327 προσυπακούεται
2661 1252 2764 1329 γὰρ
2796 1250 2884 1308 ἐπὶ
2915 1251 3063 1309 ὅλων
3091 1257 3198 1308 τῶν
3231 1251 3282 1308 ἰν
3313 1258 3393 1327 τῷ
3410 1254 3588 1328 τόπῳ.

403 1344 559 1400 enim
594 1360 608 1400 :
643 1343 702 1398 in
734 1341 1013 1399 omnibus
1045 1359 1171 1415 quas
1203 1349 1345 1400 sunt
1376 1345 1434 1400 in
1469 1344 1615 1401 loco.

474 1433 582 1502 Qui
607 1434 781 1489 Deum
808 1437 1061 1502 cernunt,
1091 1431 1154 1486 τὸ
1191 1436 1329 1496 τοῖς.
1359 1433 1526 1502 Nota,
1556 1432 1888 1506 pontiﬁcem
1929 1433 2048 1506 pri-

2227 1435 2557 1504 Θεοπτικῶν,
2596 1433 2660 1488 τὸ
2708 1437 2845 1496 τοῖς.
2895 1429 3236 1504 Σημείωσαι,
3287 1429 3370 1487 ὅτι
3421 1437 3726 1496 θεοπτικῶς
3775 1434 3802 1488 ὁ

401 1537 498 1576 mo
529 1520 728 1576 divina
756 1520 980 1577 visione
1011 1519 1318 1589 collucere,
1353 1521 1716 1592 deindeieam
1745 1521 1948 1593 largiri
1976 1521 2035 1577 ἰὶε

2162 1520 2420 1597 ἱεράρχης
2448 1525 2664 1597 πρῶτον
2717 1519 3055 1594 ἰλλάμπεται
3090 1539 3104 1552 ·
3139 1522 3251 1576 εἶτα
3302 1518 3634 1595 μεταδίδωσι
3685 1526 3803 1585 τοῖς

399 1611 619 1683 quibus
651 1615 879 1683 praeest,
913 1615 1208 1683 postremo
1239 1613 1346 1668 bos
1377 1613 1604 1683 perﬁcit
1633 1613 1850 1685 quibus
1880 1611 2048 1668 illus-

398 1699 712 1756 trationem
743 1700 1162 1756 communicat.

2159 1611 2246 1664 ὑπ’
2276 1609 2434 1665 αὐτόν
2469 1628 2484 1642 ⁸
2518 1611 2629 1665 εἶτα
2663 1614 2869 1666 τελειοῖ
2905 1609 3150 1680 τούτους,
3178 1610 3260 1672 οἷς
3320 1606 3651 1683 μεταδίδωσι
3699 1617 3802 1681 τῆς

2155 1697 2504 1774 ἐλλάμψεως.

469 1788 605 1861 ἓν.
635 1790 860 1845 Primus
915 1788 1132 1860 quidem
1186 1797 1286 1846 est.
1346 1790 1699 1859 Notandum,
1753 1789 2035 1861 quomodc

2224 1788 2341 1890 διν.
2375 1788 2572 1890 Πρώτη
2637 1786 2729 1861 μιν
2791 1785 2924 1845 ἐστι.
2959 1786 3332 1862 Σημειωτξον,
3389 1792 3506 1851 πῶς
3563 1789 3600 1860 ἡ
3663 1788 3798 1860 αύτὴ

396 1876 555 1934 idem
585 1879 727 1935 ordo
760 1878 838 1933 sit
867 1878 1097 1950 primus
1128 1881 1186 1933 et
1216 1881 1566 1950 postremus.

470 1967 753 2024 Hierarchi
783 1975 994 2025 autem.
1026 1971 1102 2022 De
1148 1967 1202 2022 vi
1253 1966 1524 2023 ordinum
1576 1967 1736 2023 dicit.
1772 1971 1858 2023 Ita
1907 1982 2042 2023 vero

396 2060 622 2129 oportet
649 2073 719 2113 ea
742 2055 1042 2128 proposita
1070 2055 1346 2129 intelligi,
1369 2057 1524 2128 quod
1547 2055 1746 2113 omnia
1766 2055 2043 2115 ecclesia-

395 2146 543 2202 stico
574 2161 734 2201 more
783 2145 1058 2216 perfecta,
1083 2145 1155 2200 ad
1188 2145 1524 2216 pontiﬁcem
1574 2146 1944 2215 referuntur;
1979 2151 2043 2201 ut

2152 1874 2342 1952 πρώτη
2374 1875 2464 1930 καὶ
2495 1874 2699 1952 ἐσχάτη
2730 1876 2894 1946 τάξις.

2221 1967 2281 2022 'H
2316 1963 2372 2020 δὲ
2415 1971 2514 2034 τῆς
2562 1966 2907 2042 ἱεραρχικῆς.
2938 1964 3068 2035 Περὶ
3125 1971 3226 2036 τῆς
3281 1969 3389 2021 τῶν
3447 1965 3651 2037 τάξεων
3705 1964 3800 2024 δυ-

2149 2053 2385 2127 νάμεως.
2427 2052 2588 2111 Οὕτω
2643 2051 2701 2108 δὲ
2755 2056 2868 2129 χρή
2922 2057 3116 2119 νοῆσαι
3173 2053 3241 2109 τὰ
3297 2053 3650 2130 προκείμενα,
3716 2057 3800 2112 ὅτι

2149 2144 2323 2198 πάντα
2385 2143 2477 2216 μὶν
2535 2143 2603 2198 τὰ
2655 2143 2937 2219 ἱερατικῶς
2992 2141 3316 2217 τελούμενα,
3351 2143 3428 2206 είς
3473 2144 3565 2199 τὸν
3610 2145 3800 2222 ἱεράρ-

397 2234 499 2307 qui
528 2251 596 2290 ea
624 2249 727 2306 per
756 2249 895 2289 suos
926 2235 1163 2290 ordines
1213 2239 1506 2306 operatur,
1533 2235 1750 2306 quibus
1794 2235 2035 2307 praebuit

2162 2250 2256 2307 [ην
2313 2235 2413 2302 τὴν
2470 2231 2741 2310 ἀναφορὰν
2801 2228 2941 2308 ἔχει,
2973 2232 3047 2294 ὡς
3077 2231 3244 2288 ιούτοῦ
3277 2229 3368 2288 διὰ
3393 2236 3501 2288 τῶν
3536 2233 3673 2308 [ὑπ’]
3703 2235 3798 2290 αὺ-

391 2325 736 2394 potestatem
778 2321 900 2376 haec
940 2323 1181 2393 egendi;
1216 2323 1317 2378 sed
1350 2326 1544 2378 tamen
1578 2323 1865 2394 praecipue
1894 2340 2039 2396 pon-

391 2410 558 2482 tiﬁci,
591 2415 657 2466 ut
686 2410 935 2483 ipsemet
964 2415 1224 2484 peragat,
1258 2415 1316 2468 et
1344 2428 1458 2467 non
1501 2412 1894 2484 per_'aliorum
1928 2413 2040 2468 mi-

386 2499 720 2570 nisterium,
753 2499 1037 2555 attributa
1082 2504 1172 2556 est
1219 2500 1506 2571 unguenti
1545 2501 1949 2570 sanctiﬁcatio,
1983 2505 2040 2557 et

385 2587 588 2645 altaris
619 2587 1004 2658 consecratio,
1035 2592 1092 2643 et
1121 2587 1655 2644 ecclesiasticarum
1694 2589 1984 2644 ordinatio
2017 2605 2030 2643 :

387 2694 513 2750 quae
541 2677 720 2734 etiam
753 2677 1126 2748 perfectionis
1157 2677 1478 2733 effectrices
1509 2678 2033 2749 imaginesfdivinae

384 2766 690 2839 potestatis
728 2765 970 2822 vocavit.
1001 2763 1272 2835 Ὁλότητα
1323 2783 1601 2822 summam
1649 2771 1844 2822 autem
1893 2767 2036 2823 dicit

382 2855 688 2912 universos
720 2856 977 2924 ordines,
1013 2857 1076 2910 ut
1105 2854 1303 2911 statim
1338 2855 1595 2927 exponit.

454 3032 546 3087 Hae
575 3034 758 3087 autem
786 3035 934 3087 sunt.
969 3031 1030 3086 Id
1076 3034 1186 3099 est,
1220 3047 1350 3103 quae
1399 3031 1711 3103 perﬁciunt
1758 3035 2028 3088 sanctum

384 3137 595 3193 panem
641 3120 699 3176 in
749 3137 960 3193 corpus
989 3121 1224 3192 Christi,
1257 3126 1314 3176 et
1361 3121 1598 3177 calicem
1650 3121 1709 3176 in
1759 3125 2024 3178 sanctum

2146 2325 2241 2377 τοῦ
2299 2320 2592 2396 ταγμάτων
2646 2325 2815 2377 ταῦτα
2874 2320 3240 2397 δνεργοῦντος,
3286 2323 3370 2384 οἷς
3411 2321 3500 2377 καὶ
3555 2322 3800 2399 παρέσχε

2144 2411 2242 2479 τήν
2296 2408 2521 2483 δύναμιν
2571 2414 2668 2465 τοῦ
2723 2414 2891 2465 ταῦτα
2933 2409 3186 2486 ἐνεργεῖν·
3220 2408 3374 2484 ὅμως
3431 2409 3484 2464 ἐν
3536 2407 3797 2486 ἱξαιρὲτῳ

2143 2503 2222 2570 τῷ
2253 2497 2482 2574 ἱεράρχῃ
2511 2499 2647 2572 πρὸς
2679 2499 3026 2575 αὐτουργίαν,
3056 2499 3148 2553 καὶ
3193 2499 3257 2553 ού
3307 2495 3396 2554 διὰ
3439 2505 3540 2569 τῆς
3595 2499 3794 2575 ὲτὲρων

2148 2586 2439 2661 ὑπουργίας
2491 2586 2942 2660 ἀποκεκλήρωται
3005 2589 3032 2641 ὁ
3090 2591 3186 2641 τοῦ
3269 2587 3440 2664 μύρου
3499 2589 3795 2664 ἁγιασμὸς,

2141 2676 2232 2729 καὶ
2264 2678 2298 2744 ἡ
2332 2680 2428 2730 τοῦ
2461 2674 2843 2749 θυσιαστηρίου
2882 2676 3228 2750 καθιέρωσις,
3258 2676 3348 2730 καὶ
3394 2679 3428 2745 ἡ
3487 2681 3596 2732 τῶν
3641 2677 3793 2753 ἱερα-

2140 2769 2306 2819 τικῶν
2365 2765 2679 2840 χειροτονία
2709 2782 2722 2795 ⁸
2757 2767 2912 2820 ἅτινα
2967 2765 3055 2819 καὶ
3111 2763 3524 2842 τελεσιουργοὺς
3575 2765 3790 2828 εἰκόνας

2139 2859 2240 2922 τῆς
2297 2852 2440 2915 θείας
2494 2850 2770 2925 δυνάμεως
2830 2851 3154 2908 ἀπεκάλεσεν
3191 2872 3204 2887 ’
3247 2849 3488 2925 ὀλότητα
3533 2851 3591 2910 δὲ
3647 2876 3785 2934 φησι

2138 2943 2310 3004 πάσας
2339 2941 2432 3003 τὰς
2461 2942 2656 3014 τάξεις,
2685 2942 2760 3004 ὡς
2791 2941 2944 3004 εὐθὺς
2975 2941 3334 3018 ἓπεξηγεῖται.

2209 3031 2378 3086 Αὗται
2427 3027 2484 3084 δέ
2530 3029 2652 3087 εἱσι.
2682 3030 2962 3086 Τουτᾶστιν
3022 3031 3079 3085 αἱ
3117 3030 3422 3088 τελειοῦσαι
3481 3033 3573 3088 τὸν
3626 3033 3782 3110 ἅγιον

2138 3117 2296 3196 ἄρτον
2331 3118 2407 3183 εἷς
2433 3123 2591 3193 σῶμα
2621 3122 2872 3196 Χριστοῦ,
2905 3119 2996 3175 καὶ
3047 3121 3108 3175 τὸ
3167 3123 3431 3198 ποτήριον
3489 3120 3566 3185 εἷς
3622 3123 3782 3198 ἅγιον

379 3209 754 3283 sanguinem,
786 3214 844 3265 ct
873 3225 1085 3281 aquam
1125 3211 1184 3265 in
1230 3215 1495 3266 sanctam
1527 3209 1943 3281 expiationem,
1974 3213 2030 3266 et

2162 3181 2300 3284 ιῗμα,
2329 3209 2418 3264 καὶ
2449 3210 2512 3265 τὸ
2542 3181 2683 3272 ὕδως
2717 3209 2795 3272 εἲς
2837 3210 2992 3286 ἁγίαν
3042 3181 3322 3287 κάθαρσιν,
3349 3212 3439 3266 καὶ
3491 3213 3584 3268 τὸν
3631 3181 3789 3290 ἀξρώ-

377 3316 512 3356 eum
544 3299 644 3372 qui
675 3315 796 3355 non
836 3303 927 3356 est
965 3298 1296 3356 illustratus
1326 3299 1386 3355 in
1419 3300 1825 3371 adoptionem;
1858 3302 2031 3355 cazte-

378 3406 558 3462 raque
589 3389 788 3446 omnia
819 3389 1024 3446 eodem
1053 3389 1246 3446 modo.

446 3478 594 3534 Licet
625 3479 777 3534 enim
807 3494 841 3533 a
868 3478 1256 3534 sacerdotibus.
1291 3477 1440 3534 Nota
1481 3480 1538 3533 et
1581 3493 1942 3547 consecrare,
1975 3480 2032 3532 et

380 3566 666 3623 conﬁcere
719 3571 1110 3639 unguentum,
1170 3583 1284 3622 non
1345 3583 1474 3622 esse
1531 3567 2027 3639 presbyterorum,

383 3672 531 3728 quos
560 3656 739 3713 etiam
789 3655 1121 3712 sacerdotes
1171 3654 1453 3728 appellat;
1505 3655 1646 3727 quin
1695 3670 1802 3709 nec
1849 3654 2032 3710 altare

381 3763 742 3816 consecrare,
774 3745 1004 3801 etiamsi
1053 3745 1113 3800 in
1143 3761 1209 3800 eo
1245 3745 1516 3813 offerant;
1551 3761 1656 3800 nec
1707 3759 1841 3799 vero
1872 3744 2030 3799 ordi-

382 3853 542 3894 nare.
575 3836 704 3892 Hac
748 3834 905 3890 enim
939 3833 1096 3890 solus
1133 3835 1394 3906 pontifex
1441 3835 1690 3906 perﬁcit,
1714 3838 1876 3889 extra
1904 3849 2030 3905 quas

382 3924 704 3996 presbyter,
739 3940 844 3980 nec
890 3923 1232 3996 baptizabit,
1265 3940 1372 3980 nec
1422 3923 1652 3991 offeret;
1684 3923 1786 3978 80
1831 3922 1930 3978 sed
1970 3921 2030 3976 in

380 4012 454 4066 iis
475 4027 602 4082 quae
622 4011 788 4081 prius
814 4029 849 4067 a
878 4010 1150 4083 pontiﬁce
1173 4015 1512 4068 consecrata
1533 4010 1773 4082 fuerint,
1797 4026 2030 4068 sacrum

382 4097 575 4156 faciet.

454 4186 986 4258 Sanctiﬁcatzonem.
1037 4189 1133 4244 Gr.
1190 4186 1480 4261 ἀγιστείαν.
1534 4189 1663 4246 Sive
1711 4188 2031 4246 ordinatio-

381 4290 540 4333 nem.

452 4365 851 4437 Singularium
884 4365 981 4421 Gr.
1025 4361 1248 4426 ὲνιαίος.
1285 4363 1350 4420 In
1382 4361 1635 4421 solidum
1685 4379 1788 4420 seu
1839 4363 2032 4436 priva-

380 4456 512 4512 tim.

2139 3319 2319 3356 τιστον
2352 3298 2429 3363 εἷς
2459 3299 2752 3364 υἱοθεσίανο
2783 3297 2918 3372 [καὶ]
2948 3300 3123 3354 πάντα
3149 3298 3216 3354 τὰ
3246 3299 3418 3356 Λοίπὰ
3446 3299 3679 3374 ὁμοίως.

2211 3477 2276 3535 El
2333 3476 2436 3553 γὰρ
2479 3477 2567 3532 καὶ
2614 3477 2753 3552 πρὸς
2799 3481 2908 3533 τῶν
2957 3474 3140 3551 ἱερῶν.
3192 3477 3536 3550 Σημείωσαι,
3567 3479 3652 3533 δτι
3703 3478 3794 3535 καὶ

2140 3567 2378 3640 ἁγιάσαι,
2427 3567 2518 3620 καὶ
2560 3565 2845 3621 τελειῶσαι
2897 3567 2960 3621 τὸ
3008 3565 3200 3640 μύρον,
3253 3565 3356 3620 οὐκ
3399 3562 3510 3621 ἔστι
3560 3562 3796 3642 πρεσϐυ-

2139 3655 2332 3728 τέρων,
2363 3653 2455 3716 οὖς
2507 3655 2597 3710 καὶ
2650 3655 2813 3731 ἱερεῖς
2843 3655 3002 3710 καλεῖ
3033 3674 3045 3687 ·
3079 3653 3205 3710 ἀλλ’
3237 3651 3359 3709 οὔτε
3404 3656 3792 3732 θυσιαστήριον

2139 3742 2448 3812 τελειῶσαι,
2476 3741 2568 3798 ⁶ίνα
2622 3743 2713 3798 καὶ
2769 3744 3099 3820 προσενέγκῃ
3130 3741 3212 3798 ἐπ’
3257 3741 3422 3798 αὐτοῦ
3447 3764 3458 3776 ·
3496 3740 3620 3798 οὔτε
3684 3745 3792 3818 μὴν

2143 3839 2550 3908 χειροτονῆσαι.
2581 3833 2756 3887 Ταῦτα
2804 3832 2908 3909 γὰρ
2964 3831 3130 3907 μόνος
3178 3833 3206 3887 ὁ
3248 3832 3519 3908 ὶεράρχης
3546 3838 3701 3888 ποιεῖ
3727 3836 3794 3903 ³⁸,

2141 3923 2217 3976 ὧν
2256 3922 2407 3986 ἐκτὸς
2459 3923 2488 3977 ὁ
2535 3916 2923 4000 πρεσϐύτερος,
2957 3920 3080 3976 οὕτε
3141 3920 3408 3998 βαπτίσει,
3438 3917 3560 3976 οὔτε
3615 3941 3796 3999 προσ-

2144 4009 2299 4076 οίσει,
2331 4010 2459 4068 ἀλλ’
2491 4011 2566 4075 είς
2614 4012 2681 4066 τὰ
2724 4008 3151 4087 προτελεσθὲντα
3199 4011 3302 4067 ὑπὸ
3345 4013 3446 4066 τοῦ
3489 4007 3798 4068 ἐπισκόπου

2144 4100 2516 4176 ἱερουργήσει.

2212 4187 2542 4263 Ἀγιστείαν.
2575 4190 2733 4247 ’Ἤτοι
2767 4188 3135 4264 χειροτονίαν.

2215 4364 2489 4428 Ἑνιαίως.
2521 4370 2881 4442 Μονομερῶς.

449 4543 742 4602 δείεηιιαε.
776 4542 902 4600 Vim
953 4546 1010 4598 et
1058 4541 1394 4598 facultatem
1451 4541 1699 4598 docendi
1756 4541 2033 4615 mysteria

2211 4544 2314 4606 Τὰς
2346 4542 2672 4617 ἐπιστήμας.
2708 4545 2832 4601 Ὅτι
2861 4545 2896 4613 ἠ
2931 4539 3294 4615 διδασκαλική
3327 4547 3434 4600 τῶν
3476 4544 3795 4620 μυστηρίων

379 4631 762 4707 pontiﬁcibus
792 4631 1122 4688 convenire.

450 4722 610 4790 §VI.
661 4721 1019 4778 Sacerdotum
1069 4723 1270 4776 autem.
1323 4719 1464 4787 Quis
1511 4722 1880 4779 sacerdotum
1928 4737 2031 4779 seu

379 4811 858 4885 presbyterorum
891 4810 965 4866 sit
995 4810 1158 4866 ordo.

448 4901 566 4971 Ipse
595 4899 762 4972 facit.
795 4899 1178 4955 Sacerdotum
1211 4896 1434 4953 scilicet
1464 4899 1626 4954 ordo.

449 4987 836 5045 Hinistrorum
862 5003 1013 5045 vero.
1044 4986 1186 5052 Quis
1217 4985 1296 5042 sit
1334 4987 1744 5044 ministrorum
1776 4988 1939 5059 ordo,
1973 4989 2030 5045 id

379 5080 471 5132 est
499 5076 910 5134 diaconorum.

445 5166 673 5236 Expiat.
707 5165 1010 5231 Quomodo
1041 5163 1274 5221 diaconi
1307 5163 1563 5237 expient.

449 5253 640 5325 Itaque
671 5254 734 5310 in
772 5262 983 5312 sancta.
1016 5252 1440 5326 Contemplatio
1487 5251 1856 5324 expiationis.
1884 5254 2032 5314 Nota

377 5354 534 5408 vero,
565 5339 943 5398 diaconorum
972 5357 1102 5399 esse
1131 5357 1340 5399 exuere
1361 5344 1552 5399 vestes
1581 5345 1640 5398 et
1667 5341 1895 5399 tibialia
1924 5344 2029 5401 ba-

2143 4629 2371 4706 δύναμις
2403 4635 2520 4693 τοῖς
2548 4632 2835 4708 ἱεράρχαις
2865 4633 3114 4708 ἁρμόζει.

2213 4726 2239 4791 §
2266 4723 2364 4780 Vl.
2404 4721 2469 4776 Ἡ
2501 4717 2558 4774 δὲ
2585 4723 2692 4776 τῶν
2723 4720 2934 4794 ἱερέων.
2965 4721 3055 4784 Τίς
3087 4723 3121 4792 ἠ
3152 4726 3261 4778 τῶν
3293 4721 3481 4798 ἱερέων
3510 4719 3686 4795 τάξις,

2141 4809 2308 4886 ἤγουν
2334 4813 2442 4864 τῶν
2474 4803 2874 4885 πρεσϐυτάρων.

2211 4899 2364 4966 Αὐτὴ
2398 4894 2516 4973 δρᾷ.
2549 4898 2609 4952 Ἡ
2639 4900 2747 4951 τῶν
2781 4895 2965 4972 ἱεριων
2997 4898 3146 4970 τάξις
3187 4896 3467 4970 δηλονότι.

2212 4988 2276 5044 Ἠ
2309 4984 2367 5041 δὲ
2393 4990 2499 5041 τῶν
2534 4984 2891 5061 λειτουργῶν.
2923 4987 3014 5049 Τίς
3042 4989 3077 5057 ἡ
3107 4991 3212 5043 τῶν
3247 4985 3584 5063 λειτουργῶν
3613 4987 3796 5062 τάξις,

2141 5075 2382 5132 τουτέστι
2411 5079 2517 5129 τῶν
2551 5071 2817 5130 διακόνων
2831 5117 2845 5132 .

2216 5162 2614 5238 Ἀποκαθαίρει.
2649 5165 2775 5226 Ηῶς
2816 5162 3267 5238 ἀποκαθαίρουσιν
3299 5163 3350 5217 οἱ
3383 5161 3650 5222 διάκονοι.

2211 5254 2368 5310 Ὅθεν
2453 5251 2541 5306 ἐπὶ
2596 5253 2695 5320 τῆς
2771 5252 2938 5326 ἱερᾶς.
2998 5251 3208 5327 Θεωρία
3279 5258 3378 5322 τῆς
3450 5253 3798 5328 καθάρσεως.

2142 5341 2458 5414 Σημείωσαι
2491 5336 2568 5411 δὲ,
2602 5339 2684 5396 ὅτι
2714 5343 2823 5394 τῶν
2857 5337 3118 5396 διακόνων
3151 5339 3261 5396 ἐστὶ
3319 5341 3383 5396 τὸ
3409 5337 3667 5396 ἀποδύειν
3699 5341 3794 5398 καὶ

1361 5523 1634 5579 'VARUE
1672 5523 2069 5581 LECTIONES
2101 5522 2193 5578 ET
2230 5517 2786 5577 CORRBCTIONES.

458 5639 504 5676 ³⁸
529 5637 770 5708 ποιήσει.
