4042 6210
260 269 363 325 165

968 273 1026 324 S.
1067 268 1341 324 ΜΑΧΙΜῘ
1380 268 1687 322 SCHOLIA
1725 267 1797 320 IN
1837 265 1971 318 LIB.
2013 267 2109 317 DE
2147 266 2433 320 ECCLES.
2477 270 2946 324 HIERARCHIA.

3563 273 3667 328 166

263 390 518 450 ὑπολύειν
545 391 678 454 τοὺς
709 390 1162 467 βαπτιζομένους,
1188 390 1277 444 καὶ
1307 389 1445 465 πρὸς
1489 386 1695 461 δυσμὰς
1728 387 1901 456 ἱστᾷν,

2056 386 2326 458 tizandis,
2359 395 2415 444 et
2444 390 2513 444 ad
2548 405 2820 446 occasum
2867 392 3094 464 sistere,
3126 409 3192 451 ac
3223 410 3429 452 rursus
3458 397 3532 453 ad
3563 412 3662 454 or-

258 483 342 538 καὶ
371 479 523 542 αὖθις
554 481 692 555 πρὸς
718 479 990 548 ἀνατολὴν
1037 478 1304 554 μετάγειν.

328 572 420 626 Διὸ
481 572 572 625 καὶ
623 575 742 632 ταῖς
793 571 988 645 ἱεραῖς.
1025 567 1365 642 Σημείωσαι,
1425 567 1506 622 ὅτι
1566 567 1620 622 οἱ
1669 563 1908 620 διάκονοι

255 663 377 716 τότε
403 660 500 722 τὰς
532 659 697 733 θύρας
729 660 900 735 εἶχον·
934 662 1022 713 νῦν
1057 655 1114 713 δὲ
1144 659 1196 712 οἱ
1229 655 1601 712 ὑποδιάκονοι·

329 844 355 910 §
384 840 504 898 VII.
538 836 814 892 Δέδεικται
844 836 1050 891 τοίνυν.
1084 833 1612 913 Ἀνακεφαλαίωσις.

329 923 557 998 Δηλαδὴ
605 932 707 996 τῆς
758 926 1108 1000 ἱεραρχικῆς.
1160 928 1283 982 "0::
1316 925 1345 979 ὁ
1377 923 1675 983 ἐπίσκοπος
1721 919 1811 976 καὶ
1849 921 1916 975 τὰ

256 1023 362 1073 τῶν
399 1014 707 1092 ὕφειμένων
739 1019 910 1082 ποιεῖ,
940 1014 1030 1068 καὶ
1062 1014 1114 1068 οἱ
1145 1017 1353 1086 πρῶτοι
1383 1013 1449 1066 τὰ
1487 1015 1596 1066 τῶν
1651 1007 1911 1084 δευτέρων

256 1107 344 1161 καὶ
393 1109 505 1159 τῶν
561 1104 679 1176 μετ’
728 1101 927 1164 αὐτοὺς
969 1105 1219 1158 ποιοῦσιν
1292 1100 1392 1157 οὐκ
1438 1097 1705 1156 ἀνάπαλιν
1757 1095 1914 1168 δὶ,οἱ

257 1191 501 1267 δεύτεροι
531 1193 598 1247 τὰ
628 1196 733 1246 τῶν
764 1192 1022 1266 πρώτων.

325 1285 636 1358 Ἐγχειρεῖν
686 1279 1026 1349 ἀλαζονείαν.
1077 1281 1200 1337 Ὅτι
1249 1275 1473 1334 ἕκαστον
1522 1279 1639 1354 χρὴ
1694 1278 1769 1351 μή
1816 1296 1913 1331 κα·

255 1370 538 1443 τατολμᾷν
566 1375 672 1424 τῶν
709 1368 991 1441 μειζόνων.

323 1459 552 1521 Εἰκόνες
609 1459 664 1512 αἱ
733 1458 1040 1533 ἱερατικαί.
1099 1457 1255 1518 Τίνος
1311 1455 1473 1512 τόποι
1533 1455 1589 1509 αἱ
1651 1455 1915 1530 ἱερατικαὶ

255 1549 458 1621 τάξεις,
485 1547 557 1603 τὰ
579 1547 728 1618 παρᾶ
772 1551 872 1602 τοῦ
920 1550 1054 1602 Θεοῦ
1102 1545 1227 1623 περὶ
1255 1545 1385 1608 τοὺς
1425 1544 1742 1620 ἀνθρώπους
1771 1541 1916 1616 ἐνερ-

256 1643 469 1715 γοῦσαι.

325 1724 560 1794 Ἐπειδὴ
589 1725 714 1801 γάρ.
749 1725 881 1796 Περὶ
910 1730 1020 1780 τῶν
1050 1722 1316 1800 οὐρανίων
1345 1726 1389 1760 ³⁷
1417 1722 1638 1798 τάξεων,
1668 1724 1785 1782 πῶς
1815 1721 1919 1776 ὑπὸ

255 1821 390 1873 θεοῦ
419 1818 835 1890 ἱερουργοῦνται
867 1817 934 1871 ³⁸.

331 1908 407 1962 ll.
439 1904 501 1961 Ὁ
532 1904 626 1977 μὲν
659 1903 949 1979 ἱεράρχης.
981 1901 1299 1978 Χειροτονία
1327 1901 1644 1973 ἐπισκόπου,
1677 1892 1910 1975 πρεσϐυ-

257 1996 421 2068 τέρου
449 1992 541 2048 καὶ
571 1989 848 2048 διακόνου.

326 2087 534 2160 Ἄμφω
559 2081 640 2136 τὼ
669 2078 826 2138 πόδε.
861 2085 966 2135 Νῦν
997 2079 1194 2156 ἑτέρως
1225 2077 1576 2134 ἐπιτελεῖται.

324 2174 460 2228 Ἕνα
483 2175 593 2225 τῶν
626 2167 835 2227 ποδῶν,
869 2166 1116 2238 Ἄδηλον
1149 2166 1208 2224 δὲ
1254 2173 1413 2223 ποῖον
1441 2164 1582 2221 πόδα
1613 2164 1767 2241 φησί.

327 2262 453 2324 Καθ’
483 2258 735 2316 ἕκαστον.
769 2258 1111 2331 Σημείωσαι,
1143 2255 1226 2312 ὅτι
1276 2257 1388 2332 χρή
1437 2256 1640 2318 πάντας
1689 2254 1814 2316 τοὺς
1857 2252 1908 2308 ἐν

267 2354 340 2420 τῷ
372 2348 626 2424 ἱερατείῳ
653 2349 745 2402 τὸν
774 2346 1259 2423 χειροτονούμενον
1293 2343 1642 2413 ἀσπάζεσθαι.

331 2442 488 2508 lII.§
535 2443 578 2495 Ι.
634 2436 962 2513 Ἀνάῤῥησις
1013 2435 1152 2511 ἱερά.
1211 2434 1532 2510 Ἀνάρῥησις
1593 2432 1759 2488 οἱονεὶ
1815 2434 1913 2502 κή-

260 2529 403 2602 ρυξις
460 2527 513 2597 ἐξ
573 2528 866 2599 ὀνόματος·
916 2525 1224 2602 σφραγίζων
1273 2524 1373 2599 γὰρ
1423 2522 1582 2578 αὐτὸν
1643 2524 1669 2577 ὁ
1720 2541 1910 2597 χειρο-

257 2623 428 2671 τονῶν
476 2615 792 2691 ἀρχιερεὺς,
825 2614 876 2687 ἐξ
927 2614 1196 2687 ὀνόματος
1235 2612 1446 2691 φάσκειο
1485 2611 1848 2687 Σφραγίζεται
1881 2613 1910 2667 ὁ

264 2704 408 2760 δεῖνα
453 2705 561 2758 ἀπὸ
641 2699 1008 2778 πρεσϐυτέρου
1066 2702 1142 2765 εἷς
1219 2703 1512 2756 ἐπισκοπον
1573 2699 1624 2755 ἐν
1686 2699 1908 2773 ὀνόματι

266 2795 495 2869 Πατρὸς,
527 2792 619 2848 καὶ
667 2793 817 2860 Υἱοῦ,
849 2789 940 2846 καί
989 2791 1144 2866 ἁγίου
1193 2789 1530 2863 Πνεύματοςο
1563 2788 1772 2861 ὁμοίως
1817 2789 1908 2842 καὶ

269 2882 351 2938 ἐπὶ
382 2876 752 2957 πρεσϐυτέρου
779 2879 870 2935 καὶ
904 2877 1180 2937 διακόνου.

334 2969 695 3032 Ὑπόπτωσις.
747 2970 1090 3030 Ὑπὸπτωσις
1140 2970 1175 3038 ἡ
1219 2965 1560 3044 γονυκλισία·
1611 2964 1905 3043 ἀνάῥρησις

269 3058 345 3130 δὲ,
370 3059 503 3135 ὅπερ
535 3063 628 3114 νῦν
655 3055 915 3114 καλοῦσιν
942 3055 1254 3134 ἐπικήρυξιν
1285 3055 1321 3125 ἢ
1354 3055 1700 3130 ἀνακήρυξιν.

332 3242 395 3294 Ἡ
453 3236 772 3314 ἁνάρῤησις.
808 3237 872 3295 ἸΙ
923 3235 1009 3292 ἐπὶ
1058 3240 1165 3292 τῶν
1222 3238 1577 3312 χειροτονιῶν
1637 3233 1908 3310 ἀνακήρυ-

265 3332 360 3402 ξις,
407 3331 523 3383 οἷον
568 3325 659 3381 ἐπὶ
707 3329 807 3391 τῆς
857 3331 952 3380 τοῦ
1000 3324 1295 3380 ἐπισκόπου
1330 3342 1342 3355 ’
1397 3324 1556 3396 Ὑπὲρ
1604 3327 1700 3377 τοῦ
1749 3323 1909 3398 ἁγίου

263 3418 459 3490 πατρὸς
542 3414 840 3470 ἐπισκόπου
914 3411 1091 3470 τοῦδε.
1151 3413 1277 3467 Ἐπὶ
1358 3409 1416 3466 δὲ
1488 3405 1858 3487 πρεσϐυτέρου
1892 3423 1907 3439 ⁶

260 3507 415 3581 Ὑπὲρ
469 3501 633 3560 τοῦδε
687 3496 1073 3578 πρεσϐυτέρου.
1130 3500 1252 3560 Ἐπὶ
1312 3500 1370 3556 δε
1413 3498 1690 3556 διακόνου·
1751 3501 1908 3574 Ὑπὲρ

257 3600 353 3650 τοῦ
409 3592 653 3673 ἀδελφοῦ
702 3595 864 3667 ἡμῶν
921 3591 1084 3648 τοῦδε
1142 3589 1414 3648 διακόνου.
1473 3588 1615 3647 Τόδε
1669 3589 1910 3666 ἀναῤῥη-

259 3686 338 3739 σίν
400 3705 563 3762 φησιν
620 3682 747 3738 ὅταν
801 3681 854 3736 ἐν
905 3682 1050 3754 αὐτῷ
1097 3687 1177 3755 τῷ
1232 3685 1568 3757 χειροτονεῖν
1621 3681 1863 3756 κηρύττῃ
1894 3697 1910 3736 ⁸,

2017 480 2144 532 tum
2178 478 2469 535 reducere.

2087 567 2320 638 Propter
2347 567 2486 640 quod
2512 572 2702 625 sacris.
2729 570 2876 626 Nota
2906 572 3058 642 quod
3089 572 3316 629 diaconi
3349 576 3476 630 tum
3507 576 3659 633 fores

2019 656 2458 726 custodierunt;
2489 675 2644 714 nunc
2673 675 2808 715 vero
2841 660 3208 716 subdiaconi.

2090 747 2116 810 ς
2145 743 2263 800 VII.
2298 747 2735 803 Demonstralum
2764 754 2843 805 est
2870 751 3068 820 igitur.
3104 750 3528 823 Recapitulatio
3559 768 3660 810 seu

2020 833 2472 906 praecedentium
2504 837 2792 908 repetitio.

2091 924 2423 993 Pontiﬁcum
2463 941 2678 997 nempe.
2713 926 3067 999 Episcopum
3099 945 3168 984 ea
3209 929 3387 986 etiam
3419 946 3547 1002 quis
3577 929 3674 987 in-

2020 1010 2299 1067 feriorum
2334 1018 2474 1069 sunt
2505 1015 2716 1085 facere,
2749 1015 3093 1087 primosque
3140 1018 3346 1074 munia
3386 1019 3674 1076 secundo-

2022 1115 2178 1166 rum,
2211 1104 2269 1156 et
2313 1117 2514 1158 eorum
2549 1103 2650 1175 qui
2700 1104 2808 1160 hos
2859 1108 3212 1177 sequuntur,
3248 1107 3523 1179 exsequi;
3573 1108 3676 1165 sed

2021 1204 2137 1245 non
2170 1193 2391 1260 contra,
2425 1193 2718 1249 secundos
2750 1193 2851 1249 illa
2877 1210 3004 1264 quis
3036 1197 3174 1249 sunt
3204 1196 3552 1265 primorum.

2094 1280 2441 1335 Proterviam
2471 1297 2764 1353 usurpare.
2798 1281 3290 1354 Unumquemque
3315 1300 3430 1340 non
3461 1285 3673 1342 debere

2023 1367 2134 1424 sibi
2167 1385 2234 1424 ea
2263 1386 2390 1442 quae
2422 1375 2564 1426 sunt
2595 1372 2909 1442 majorum,
2942 1375 3160 1427 temere
3191 1389 3510 1430 assumere.

2093 1458 2364 1529 Imagines
2392 1460 2800 1517 ecclesiasticae.
2825 1460 3005 1530 Cujus
3033 1459 3153 1516 sint
3182 1461 3381 1534 ﬁgura
3403 1461 3672 1520 ecclesia-

2024 1545 2156 1602 stici
2186 1548 2442 1617 ordines,
2478 1549 2579 1620 qui
2614 1566 2682 1606 ea
2711 1566 2837 1621 quae
2882 1548 2978 1606 Dei
3010 1553 3170 1619 sunt,
3204 1550 3354 1606 inter
3399 1551 3673 1610 homines

2025 1640 2257 1707 gerunt.

2099 1725 2231 1780 Cum
2258 1727 2428 1782 enim.
2464 1725 2544 1782 De
2573 1725 2908 1784 cmlestibus
2945 1726 3254 1784 ordinibus
3283 1732 3341 1786 et
3370 1728 3675 1802 humanis,

2025 1814 2321 1884 quomodo
2354 1832 2386 1870 a
2419 1815 2530 1871 Deo
2558 1815 2922 1872 ordinantur.

2093 1905 2163 1958 II.
2195 1904 2458 1974 Pontifex
2495 1904 2736 1976 quidem.
2769 1905 3071 1962 Ordinatio
3111 1906 3395 1980 episcopi,
3426 1908 3673 1982 presby-

2021 1990 2151 2059 teri,
2184 1995 2242 2047 et
2271 1993 2525 2051 diaconi.

2097 2081 2328 2153 Utroque
2355 2099 2520 2152 genu.
2557 2082 2676 2138 Hoc
2706 2100 2864 2140 nunc
2894 2082 3007 2140 alio
3038 2084 3210 2140 modo
3242 2085 3564 2156 perﬁcitur.

2097 2170 2274 2226 Unum
2303 2187 2468 2240 genu.
2503 2171 2796 2228 Incertum
2828 2177 2918 2229 est
2949 2177 3149 2228 utrum
3187 2175 3392 2246 pedem
3425 2174 3600 2234 dicat.

2091 2256 2453 2324 Singillatim.
2487 2258 2635 2314 Nota
2664 2259 2820 2315 enim
2854 2260 2955 2330 qui
2993 2261 3322 2332 ordinatur,
3357 2262 3566 2319 debere
3597 2262 3670 2319 ab

2021 2344 2298 2400 omnibus
2328 2345 2386 2399 in
2418 2347 2674 2403 sacrario
2707 2348 2969 2405 salutari.

2093 2434 2189 2489 III.
2234 2433 2260 2505 ἓ
2292 2434 2334 2489 Ι.
2371 2434 2722 2492 Praedicatio.
2754 2434 3076 2512 Ἀ’νάῤῥσις.
3112 2438 3291 2504 Quasi
3333 2438 3668 2510 pradicatio

2019 2540 2088 2579 ex
2115 2522 2350 2578 nomine
2384 2540 2397 2578 :
2431 2524 2790 2596 consignans
2822 2527 2979 2582 enim
3021 2543 3154 2582 eum
3197 2527 3457 2599 pontifex
3483 2527 3535 2584 is
3566 2528 3669 2600 qui

2021 2612 2272 2681 ordinat,
2305 2629 2374 2667 ex
2403 2614 2641 2669 nomine
2671 2614 2812 2671 dicit
2845 2633 2857 2671 :
2889 2617 3282 2688 Consignatur
3311 2615 3406 2672 hic
3435 2616 3571 2673 talis
3600 2634 3671 2674 ex

2021 2701 2360 2773 presbytero
2383 2701 2440 2757 in
2464 2703 2830 2775 episcopum,
2853 2703 2914 2759 in
2939 2705 3176 2761 nomine
3198 2705 3410 2772 Patris,
3433 2711 3491 2761 et
3512 2705 3666 2777 Filii,

2019 2789 2358 2861 etispiritus
2389 2791 2606 2860 sancti;
2654 2791 2924 2849 similiter
2953 2794 3132 2850 etiam
3164 2794 3223 2850 in
3254 2795 3582 2868 presbyteri
3611 2799 3674 2854 et

2019 2877 2251 2934 diaconi
2283 2878 2669 2936 ordinatione.
3164 2956 3168 2960 _

2089 2967 2184 3023 8|
2223 2967 2559 3040 Genu/Ieario,
2593 2970 2690 3027 Gr.
2727 2964 3055 3032 ὑπὸπτωσις.
3089 2971 3426 3030 Genuﬂexio
3459 2990 3473 3029 :
3507 2969 3664 3049 ἁνάῥ-

2022 3052 2176 3130 ῥησις
2209 3060 2405 3113 autem
2437 3060 2592 3130 quod
2619 3076 2774 3116 nunc
2793 3065 3005 3118 vocant
3033 3061 3541 3121 annuntiationem
3573 3063 3663 3120 vel

1939 3112 1982 3181 θ’
2021 3145 2536 3205 renuntiationem.

2090 3237 2380 3294 Reeitatio.
2408 3237 2782 3296 Renuntiatio
2812 3239 2873 3296 in
2903 3241 3395 3311 ordinationibus,
3419 3245 3573 3299 sicut
3601 3243 3663 3299 in

2019 3326 2388 3384 ordinatione
2435 3329 2693 3402 episcopi
2729 3346 2742 3387 :
2777 3331 2954 3402 Super
2981 3337 3165 3389 sancto
3207 3340 3370 3405 patre
3415 3334 3666 3406 episcopo

2018 3415 2133 3470 hoe.
2169 3415 2230 3470 In
2263 3416 2584 3489 presbyteri
2614 3422 2811 3474 autem
2845 3435 2857 3474 :
2894 3418 3076 3491 Super
3106 3419 3207 3476 hoc
3230 3420 3569 3492 presbytero.
3601 3423 3667 3475 In

2020 3504 2250 3559 diaconi
2282 3522 2416 3562 vero
2451 3524 2463 3562 :
2493 3511 2676 3579 Super
2711 3511 2886 3579 fratre
2912 3518 3096 3565 nostra
3125 3511 3222 3565 hoc
3249 3509 3490 3566 diacano
3511 3527 3530 3566 :
3561 3509 3668 3564 hoc

2019 3609 2191 3664 porro
2223 3594 2624 3650 recitationem
2665 3596 2828 3662 dicit,
2862 3598 3097 3668 quando
3144 3597 3203 3651 in
3251 3598 3380 3670 ipsa
3427 3598 3669 3653 ordina-

2020 3680 2254 3736 naticne
2285 3684 2632 3753 pronuntiat
2665 3701 2678 3739 :
2705 3685 2906 3740 Divina
2934 3687 3114 3755 gratia
3145 3685 3292 3741 hunc
3321 3687 3415 3758 qui
3442 3685 3669 3741 ordina-

260 3775 366 3832 Τὸν
425 3772 919 3849 χειροτονούμενον
979 3773 1014 3840 ἡ
1094 3771 1208 3827 θεία
1273 3772 1437 3847 χὰρις
1503 3770 1908 3847 προχειρίζεται

2051 3784 2110 3822 ur
2137 3768 2206 3824 ad
2236 3769 2380 3825 hunc
2408 3769 2658 3826 ordinem
2685 3776 2982 3843 promovet.

258 3860 415 3920 τόνδε
447 3863 528 3925 εἷς
558 3859 736 3918 τόνδε.

330 3958 389 4008 ’Π
421 3952 522 4026 μὲν
552 3948 669 4010 οὖν.
709 3949 939 4026 Θεωρία.

332 4040 429 4104 Εἲς
455 4041 558 4108 τὴν
601 4036 885 4114 ἀνδρικήν.
936 4036 1252 4111 Σημείωσαι
1300 4037 1399 4106 τήν
1450 4033 1710 4113 ἀνδρικὴν
1763 4039 1908 4110 ζωὴν

261 4134 359 4186 τοῦ
384 4131 591 4200 Ἰησοῦ,
620 4126 708 4182 καί
739 4128 1035 4202 Θεαρχικήν
1068 4125 1498 4201 ἀναμαρτησίαν.

332 4217 677 4294 Ἀνάῤῥησιν.
707 4216 801 4280 Τίς
829 4218 863 4286 ἠ
896 4214 1214 4292 ἀνάρῤησις.

332 4305 470 4361 Οὐδὲ
523 4303 779 4382 ἀδελφόν,
821 4305 1060 4380 Ὠραῖον,
1105 4303 1194 4358 καὶ
1256 4303 1395 4358 πάνυ
1450 4303 1764 4378 ἀναγκαῖον,
1821 4306 1910 4361 καὶ

262 4396 486 4475 σφαλὶς,
521 4397 603 4451 ὅτι
635 4391 762 4450 οὐδὶ
792 4391 1026 4473 ἀδελφὸν
1059 4393 1238 4471 χωρὶς
1267 4398 1399 4452 Θεοῦ
1427 4392 1596 4449 ἐποίει
1624 4396 1731 4458 τίς.

327 4572 754 4648 Ἱεροτελιστής.
813 4573 901 4634 Ὡς
959 4568 1280 4646 ἅνθρωπος,
1341 4569 1432 4626 καὶ
1490 4570 1774 4648 ἀρχιερεὺς
1831 4574 1912 4647 γέο

256 4683 414 4737 γονεν
469 4663 498 4716 ὁ
548 4660 796 4737 Χριστός.
848 4660 1164 4733 Σημείωσαι
1212 4663 1373 4715 τοῦτο
1421 4659 1556 4714 κατὰ
1600 4657 1913 4736 Ἀκεφάλων

256 4753 349 4806 καὶ
385 4755 784 4825 Νεστοριανῶν.

333 4840 431 4894 Διὸ
474 4838 565 4892 καὶ
625 4838 806 4900 αὐτός.
866 4838 1183 4911 Σημείωσαι
1234 4837 1366 4893 πότε
1416 4836 1909 4914 ἐχειροτονήθησαν

252 4930 426 5003 ἱερεῖς
457 4928 514 4981 οἱ
567 4926 831 4998 μαθηταὶ,
869 4927 960 4980 καὶ
1011 4926 1092 4981 ὅτι
1137 4927 1368 4996 Ἰησοῦς,
1415 4926 1594 4982 καίτοι
1649 4929 1779 4990 Θεὸς
1813 4925 1912 4998 ὢν,

251 5019 422 5078 αὐτὸς
467 5014 568 5070 οὐκ
617 5013 1050 5091 ἐχειροτόνησεν,
1083 5013 1211 5072 ἀλλ’
1258 5015 1619 5093 ἐπηγγείλατο
1675 5018 1908 5091 πέμπειν

249 5105 363 5161 ἀπὸ
388 5107 487 5158 τοῦ
515 5104 731 5178 Πατρὸς
774 5105 838 5160 τὸ
885 5107 1104 5178 Πνεῦμα
1131 5106 1194 5159 τὸ
1239 5105 1393 5180 ἅγιον
1428 5103 1540 5178 ,ὅτε
1585 5105 1660 5168 ὡς
1691 5105 1911 5180 πύριναι

245 5192 507 5268 γλῶσσαι
538 5189 809 5270 ἐφάνησαν
841 5189 1048 5253 αὐτοῖς.
1831 5191 1833 5194 ⁴

2089 3950 2296 4019 Itaque.
2327 3948 2774 4020 Contemplatio.

2089 4042 2154 4093 In
2183 4038 2424 4095 virilem.
2455 4038 2625 4107 Nota,
2655 4037 2883 4095 virilem
2925 4039 3063 4095 Jesu
3103 4038 3287 4096 vitam
3318 4041 3377 4096 et
3407 4038 3670 4098 divinam

2020 4127 2301 4199 peccandi
2334 4127 2744 4200 privationem.

2089 4217 2628 4289 Promulgationem.
2662 4217 2796 4281 Quae
2829 4215 2908 4272 sit
2935 4216 3224 4275 recitatio.

2091 4308 2278 4377 Neque
2322 4307 2576 4376 fratrem.
2609 4304 2928 4361 Pulchrum
2959 4311 3050 4362 est
3096 4309 3154 4362 et
3181 4307 3349 4364 valde
3397 4322 3670 4364 necessa-

2021 4394 2176 4450 rium
2209 4411 2275 4450 ac
2304 4398 2524 4460 tutum,
2556 4395 2712 4466 quod
2757 4411 2829 4450 ne
2869 4396 3106 4451 fratrem
3139 4395 3377 4468 quidem
3409 4395 3538 4451 sine
3565 4393 3670 4450 Dei

1940 4486 1990 4548 D
2017 4484 2315 4539 voluntate
2339 4483 2653 4555 quisquam
2687 4483 2955 4540 faciebat.

2093 4569 2372 4625 Ordinum
2396 4569 2646 4625 collator.
2667 4569 2740 4626 Ut
2761 4570 2961 4641 homo,
2987 4570 3159 4626 etiam
3186 4569 3670 4644 pontifex,factus

2021 4661 2112 4713 est
2140 4657 2408 4713 Christus
2442 4673 2455 4710 :
2491 4661 2628 4714 nota
2657 4657 2767 4714 hoc
2797 4661 3001 4715 contra
3029 4658 3356 4732 Acephalos
3385 4662 3442 4716 et
3468 4657 3670 4715 Nesto-

2022 4762 2242 4801 rlanos.

2093 4837 2432 4907 Quapropter
2461 4836 2630 4891 etiam
2657 4837 2790 4907 ipse.
2822 4837 2992 4908 Nota,
3016 4837 3251 4908 quando
3273 4834 3551 4908 discipuli
3581 4850 3672 4892 or-

2021 4923 2209 4980 dinati
2249 4928 2388 4980 sunt
2434 4925 2785 4996 sacerdotes,
2817 4930 2875 4981 et
2903 4926 3129 4994 Jesum,
3161 4925 3274 4981 etsi
3321 4925 3476 4981 Deus
3523 4927 3669 4994 erat,

2022 5031 2139 5070 non
2186 5017 2385 5070 tamen
2433 5014 2630 5086 ipsum
2670 5029 2769 5069 eos
2809 5013 3141 5080 ordinasse;
3194 5014 3298 5069 sed
3342 5011 3670 5085 pollicitum

2021 5120 2151 5160 esse
2180 5103 2504 5159 missurum
2527 5120 2589 5159 se
2608 5103 2892 5174 Spiritum
2915 5106 3187 5158 sanctum
3211 5119 3246 5159 a
3264 5102 3452 5173 Patre,
3482 5118 3670 5176 quan-

2022 5194 2095 5249 do
2123 5192 2284 5248 velut
2315 5193 2496 5264 igneas
2526 5191 2740 5263 lingua
2771 5190 2855 5248 eis
2885 5196 3312 5264 apparuerunt.

1278 5429 1519 5489 νΔῑωΕ
1561 5427 1962 5489 LECTIONES
2001 5431 2093 5488 ET
2130 5425 2668 5489 GORRECTIONES

337 5602 388 5639 ⁸⁷
413 5599 565 5658 Adde
592 5615 666 5658 ex
690 5597 959 5671 Pachym.
987 5595 1079 5653 καὶ
1104 5595 1480 5674 ἀνθρωπίνων.
1556 5601 1601 5638 ⁸⁸
1629 5599 2028 5678 ἱεραρχοῦνται.
