4000 6200
442 231 568 323 167.

1258 265 1626 318 APPENDIX
1663 264 1760 315 an
1798 260 2037 314 OPERA
2071 221 2132 313 s.
2172 259 2488 317 DIONYSII
2525 263 3032 323 aanoraexrm.

3735 273 3823 327 168

515 391 806 447 Sacromm
835 393 1141 445 auctorem.
1175 385 1490 442 Dominum
1541 401 1611 440 ex
1659 381 1961 439 divinitate
2012 379 2070 436 di

2283 380 2652 460 Τελετάρχην.
2736 386 2839 442 Τὸν
2952 387 3151 465 Κύριον
3230 391 3367 446 κατᾶ
3443 391 3545 460 τὴν
3625 391 3825 464 θεότητα

439 482 939 638 Gltbisciputorum.
973 565 1229 622 Sanctus
1273 565 1478 620 Petrus
1506 561 1730 618 scilicet
1757 577 1893 617 cum
1925 561 2091 617 ciete-

441 657 544 731 ris,
578 657 812 730 quando
845 654 1156 713 Matthiam
1190 654 1248 709 in
1281 651 1613 726 apostolum
1648 649 1840 722 elegit.

512 838 586 893 De
613 835 813 891 divina
861 837 1064 890 autem.
1098 833 1271 901 Nota,
1305 831 1445 904 quid
1477 830 1632 886 dicat
1661 831 1732 886 de
1763 834 1918 885 sorte
1967 845 2095 901 quae

353 1007 358 1010 μ
442 924 700 982 Matthiae
733 922 968 996 obtigit,
1001 925 1058 979 et
1087 921 1230 994 quid
1260 920 1414 978 hanc
1444 936 1575 977 esse
1605 918 1917 992 intelligat.

516 1102 734 1160 Videtur
761 1102 1050 1173 Scriptura
1079 1099 1242 1154 mihi.
1277 1099 1440 1164 Quod
1488 1098 1549 1153 in
1593 1097 1754 1152 Actis
1802 1095 2096 1169 apostolo-

442 1208 574 1247 rum
606 1193 677 1246 de
716 1191 808 1246 bis
837 1188 1094 1245 oraculis
1142 1187 1396 1255 exsistit,
1433 1187 1490 1242 in
1524 1185 1826 1242 nonnullis
1857 1184 2096 1256 quidem

2200 468 2378 528 καλεῖ.

2274 561 2334 617 Ὀ
2363 565 2470 616 τῶν
2515 565 2797 636 μαθητῶν.
2829 567 2891 624 Ὁ
2949 568 3102 644 ἅγιος
3158 569 3364 645 ΙΙὲτρος
3413 566 3666 640 δηλονότι
3713 572 3825 644 μετὰ

2201 653 2308 703 τῶν
2337 649 2573 725 λοιπῶν,
2599 651 2688 709 ὅτε
2715 655 2808 709 τὸν
2837 655 3081 713 Ματθίαν
3115 655 3541 735 προύχειρίσατο
3589 658 3662 721 είς
3707 661 3824 716 ἆπό-

2203 735 2423 796 στολον.

2279 829 2406 903 Περὶ
2450 827 2507 884 δὶ
2549 835 2646 886 τοῦ
2689 831 2866 890 Θείου.
2913 832 3235 908 Σημείωσαι
3279 837 3331 892 τί
3393 857 3524 915 φησι
3586 837 3701 913 περῖ
3746 843 3826 893 τοῦ

2204 915 2415 992 κλήρου
2442 923 2540 973 τοῦ
2584 919 2846 984 πεσόντος
2895 920 2986 977 ἐπὶ
3036 923 3303 996 Ματθίαν,
3333 925 3422 980 καὶ
3475 925 3528 980 τί
3574 930 3683 981 νοεῖ
3721 930 3823 982 τοῦ-

2205 1026 2318 1063 τον.

2279 1100 2438 1151 Δοκεῖ
2491 1099 2594 1172 γάρ
2648 1121 2744 1173 μοι
2800 1101 2866 1156 τὰ
2912 1099 3094 1178 λόγια.
3127 1103 3201 1158 Τὸ
3231 1101 3282 1157 ἐν
3311 1107 3431 1166 ταῖς
3463 1102 3687 1178 Πράξεσι
3733 1109 3822 1158 τῶν

2207 1183 2529 1240 ἀποστόλων
2566 1187 2750 1263 λόγιον
2781 1190 2904 1267 περὶ
2934 1190 3141 1247 τούτων
3170 1190 3223 1247 ἐν
3261 1193 3356 1265 μὲν
3403 1193 3566 1257 ἐνίοις
3615 1187 3828 1268 βιϐλίοις

439 1279 608 1335 libris
655 1279 848 1334 inveni
883 1277 961 1333 ita
993 1276 1210 1333 habere
1246 1293 1258 1330 :
1295 1279 1367 1333 Et
1413 1275 1678 1330 dederunt
1727 1277 1894 1330 sortes
1940 1274 2098 1344 ipsis.

438 1369 502 1422 In
538 1365 896 1438 quibusdam
939 1382 1072 1421 vero
1108 1383 1121 1420 :
1158 1366 1225 1419 Et
1263 1364 1532 1420 dederunt
1585 1371 1755 1419 sortes
1804 1364 2048 1434 ipsorum
2078 1379 2098 1417 :

434 1454 581 1511 illud
616 1454 857 1528 quidem
906 1453 1094 1513 αὐτοῖς
1128 1456 1426 1509 concertat
1457 1469 1559 1525 pro
1591 1468 1658 1508 eo
1691 1451 1844 1523 quod
1880 1467 2036 1506 nunc
2067 1468 2102 1506 a

435 1545 633 1600 divino
680 1543 955 1616 Dionysio
1010 1542 1232 1597 dictum
1284 1545 1394 1610 est,
1436 1542 1603 1612 quasi
1657 1544 1813 1598 sorte
1863 1539 2075 1610 signun

2226 1539 2514 1612 Movuaioo,
2544 1542 2619 1605 ὡς
2649 1549 2745 1599 τοῦ
2775 1543 2988 1620 κλήρου
3019 1541 3298 1620 σύμϐολόν
3337 1569 3389 1602 τι
3445 1544 3758 1619 δηλοῦντος,
3786 1546 3828 1619 ὖξ

435 1632 732 1704 quoddam
786 1633 1157 1704 designante,
1189 1645 1260 1686 ex
1298 1629 1648 1686 revelatione
1682 1629 1952 1686 fortassis
2000 1645 2072 1684 au

2226 1629 2606 1705 ἱποκαλύψεως
2668 1632 2798 1698 ἴσως
2853 1634 2889 1704 ἢ
2948 1635 3316 1713 ἰνεργήματος
3372 1634 3470 1692 τοῦ
3500 1637 3656 1712 ἁγίου
3685 1628 3829 1690 [Inﬁ-

436 1720 775 1793 operatione
822 1719 1078 1792 Spiritus
1129 1718 1342 1787 sancti,
1402 1719 1644 1774 cadente
1692 1719 1752 1774 in
1804 1734 1936 1774 eum
1996 1733 2072 1790 qu

2226 1739 2403 1815 ιατος,
2436 1721 2731 1785 πίπτοντος
2761 1723 2848 1778 ἐπὶ
2877 1724 2970 1779 τὸν
2999 1721 3380 1799 κληρούμενον
3409 1745 3420 1758 ·
3449 1726 3568 1780 ὅθεν
3621 1727 3706 1780 καὶ
3747 1745 3826 1780 πει

436 1809 821 1880 sortiebatur;
852 1810 1008 1864 unde
1045 1807 1223 1864 etiam
1255 1807 1326 1864 de
1358 1807 1635 1864 Iscariote
1665 1807 1809 1864 dicit
1837 1822 2075 1879 magnus

2226 1807 2256 1860 μὶ
2310 1811 2408 1862 τοῦ
2438 1812 2786 1886 Ἰσκαριώτου
2843 1811 3006 1888 φησὶν
3065 1813 3094 1868 ὁ
3156 1811 3410 1888 μέγιστος
3471 1811 3696 1888 Πέτρος,
3734 1811 3823 1867 ὅτι·

419 1898 642 1962 ,Petrus
677 1917 690 1954 :
726 1900 833 1966 Qui
875 1899 1114 1954 sortitus
1162 1904 1281 1952 erat
1325 1895 1611 1952 nobiscum
1639 1903 1846 1952 sortem
1886 1897 2075 1951 minis-

2226 1895 2408 1972 Ελαχε
2467 1896 2558 1952 σὺν
2616 1901 2753 1973 ἡμῖν
2812 1902 2902 1956 τὸν
2963 1899 3178 1976 πλῆρον
3222 1904 3321 1971 τῆς
3389 1899 3668 1964 διακονίας
3718 1901 3824 1956 ταύ-

436 1988 574 2044 terii
629 1988 792 2057 huius
841 1988 934 2059 (κ).
987 1988 1336 2056 Quanquam
1398 1988 1679 2059 consueta
1737 1984 1908 2040 nobis
1957 2000 2075 2040 sors

2226 2007 2293 2055 ης
2323 2004 2335 2017 ⁸
2368 1987 2545 2042 καίτοι
2579 1990 2816 2060 συνήθης
2855 1991 2990 2064 ἡμῖν
3050 1989 3260 2067 κλῆρος
3320 1992 3422 2046 οὐκ
3482 1992 3549 2060 ἦν
3604 1991 3689 2046 ἐπὶ
3731 1994 3824 2045 τῶν

435 2093 553 2152 non
601 2075 712 2132 fuit
757 2075 1025 2132 adhibita
1073 2093 1106 2130 a
1153 2073 1411 2143 Christo,
1463 2089 1596 2130 cum
1645 2073 1861 2146 delegit
1910 2090 2075 2145 apos-

2227 2073 2511 2130 ποστόλων
2571 2078 2812 2153 γεγονὼς
2867 2078 2999 2155 ὑπὲρ
3057 2077 3262 2155 Κυρίου
3317 2083 3415 2136 τοῦ
3478 2078 3819 2153 ἐκλεξαμένου

431 2164 607 2244 ιογιοε.
2191 2161 2411 2225 αὐτούς.

503 2255 770 2324 Pontifex
814 2268 963 2309 vero.
996 2252 1077 2308 De
1128 2252 1426 2324 episcopo,
1475 2267 1580 2307 cur
1621 2251 1672 2306 ei
1720 2250 1827 2307 soli
1879 2254 2075 2306 sancta

2260 2251 2321 2308 Ὁ
2352 2248 2409 2305 δὲ
2457 2253 2745 2329 ἱεράρχης.
2780 2255 2911 2328 Ηερὶ
2966 2259 3064 2309 τοῦ
3127 2253 3449 2324 ἐπισκόπου,
3478 2254 3570 2311 διὰ
3621 2256 3671 2311 τί
3722 2253 3820 2310 ἐπι-

432 2343 746 2415 Evangelia
774 2343 1177 2414 imponantur.

2227 2338 2387 2395 ίθεται
2424 2340 2575 2415 μόνῳ
2607 2341 2751 2415 αὐτῷ
2781 2343 2847 2398 τὰ
2881 2342 3010 2418 ἅγια
3041 2341 3374 2420 Εὖαγγὲλια.

501 2431 602 2488 82
638 2433 837 2504 Deique
883 2440 998 2487 tum
1049 2432 1444 2502 operationem,
1487 2439 1604 2484 tum
1651 2431 2075 2501 apparitionrm.

2261 2431 2572 2507 Θεουργίας,
2616 2433 2949 2508 θεοφανείας.
2989 2433 3501 2510 Προσυπακουστὲον
3562 2436 3628 2490 τὸ
3675 2435 3822 2507 ὑπάρ-

429 2521 1030 2578 Praesubaudiendum
1072 2524 1162 2575 est
1211 2519 1546 2593 ὑπάρχοντα,
1579 2519 1958 2587 exsistentia;
1992 2535 2075 2574 se-

2226 2541 2359 2594 ovra
2393 2541 2404 2553 '
2436 2521 2571 2576 κατᾶ
2599 2521 2928 2597 παράλειψεν
2959 2523 3060 2600 γὰρ
3091 2528 3186 2579 τοῦ
3297 2545 3463 2597 ματος
3490 2523 3760 2585 πολλάκις
3786 2525 3816 2592 ἡ

2209 1274 2360 1346 εὗρον
2392 1273 2567 1340 οὕτως
2603 1271 2734 1352 ἕχον
2766 1298 2779 1312 ⁶
2815 1280 2914 1334 Καὶ
2974 1277 3178 1336 ἔδωκαν
3223 1279 3472 1358 κλήρους
3519 1280 3698 1346 αὐτοῖς
3725 1301 3738 1313 ·
3782 1281 3824 1336 ὲν

2209 1361 2267 1416 δέ
2322 1383 2473 1417 τισι·
2529 1366 2630 1422 Καὶ
2691 1364 2898 1422 ἔδωκαν
2951 1365 3198 1443 κλήρους
3256 1369 3456 1426 αὐτῶν.
3488 1369 3560 1423 Τὸ
3614 1370 3703 1443 μὶν
3750 1367 3825 1424 οὖν

2209 1450 2392 1514 αὐτοῖς
2422 1454 2842 1529 συναγωνίζεται
2872 1462 2952 1530 τῷ
2982 1461 3073 1512 νῦν
3106 1457 3380 1532 εἰρημένῳ
3414 1458 3516 1514 ὑπὸ
3563 1462 3660 1514 τοῦ
3704 1459 3826 1514 θείου

429 2612 692 2667 cundum
747 2608 1302 2683 prmtermissionem
1354 2608 1511 2663 enim
1560 2609 1741 2678 verbi,
1795 2625 1944 2679 saepe
1994 2610 2080 2663 est

429 2699 809 2756 constructio.
843 2697 990 2753 Nota
1021 2712 1174 2766 vero,
1204 2699 1481 2768 quantam
1516 2696 1825 2769 participat
1854 2696 2080 2768 episco-

427 2805 539 2862 pus
571 2787 830 2844 divinam
862 2787 1116 2859 capiam.

495 2878 790 2934 Sacrorum
837 2876 1203 2947 etoquiorum,
1255 2873 1352 2931 Gr.
1405 2869 1774 2950 Ἱερολογιῶν.
1823 2877 1943 2930 Ηοο
1987 2879 2078 2931 est

2187 2607 2452 2680 σύνταξις.
2476 2610 2792 2683 Σημείωσαι
2825 2608 2882 2666 δὲ
2911 2611 3092 2666 πόσων
3130 2607 3534 2686 μεταλαμϐάνει
3561 2614 3591 2668 ὁ
3623 2611 3818 2667 ἐπίσκο·

2185 2719 2285 2761 πος
2319 2697 2475 2753 θείων
2508 2697 3026 2774 πλεονεκτημάτων.

2251 2876 2616 2953 Ἱερολογιῶν.
2651 2878 2937 2934 Τουτὲστιν
2971 2879 3027 2952 ἕρ
3037 2900 3113 2953 μη
3129 2883 3296 2936 θειῶν.

423 2964 1000 3037 interpr-stationum.

497 3051 884 3109 Sacerdotibus
914 3056 1119 3108 autem.
1154 3056 1230 3107 De
1260 3050 1634 3124 presbyteris.

495 3142 790 3198 Inclinatio
819 3141 1056 3212 quidem.
1091 3141 1237 3208 Quid
1261 3115 1571 3196 inclinatio
1599 3139 1874 3196 declaret.
2103 3115 2146 3182 (ἶ

493 3232 522 3300 §
566 3231 717 3287 VIII.
766 3233 899 3286 Tres
952 3230 1133 3286 sacris
1189 3231 1556 3300 operantium.
1617 3231 1736 3284 Τῶν
1796 3226 2072 3303 ἱεροτελε-

423 3323 586 3375 στῶν.
619 3323 739 3376 Hoc
791 3323 879 3376 est
924 3317 1291 3392 pontificum,
1334 3318 1725 3389 sacerdotum,
1759 3321 1819 3374 et
1865 3317 2072 3375 minis-

420 3413 670 3465 trorum.

496 3499 689 3555 Tribus
735 3514 925 3554 eorum
971 3498 1067 3569 qui
1118 3497 1437 3551 initiantur.
1487 3497 1602 3551 Hoc
1658 3499 1746 3552 est
1797 3499 2069 3568 purgato-

419 3603 574 3659 rum,
622 3585 1077 3656 illustratorum,
1129 3589 1187 3640 et
1241 3584 1737 3658 contemplatione
1785 3585 2067 3657 perfecto-

420 3693 574 3733 rum.

2255 3058 2386 3118 Τοῖς
2417 3053 2474 3110 δὲ
2503 3055 2726 3131 ἱερεῦσι.
2759 3055 2891 3133 Περῖ
2923 3051 3328 3132 πρεσϐυτξρων.

2255 3144 2319 3200 Ἠ
2353 3143 2445 3216 μὶν
2479 3143 2570 3198 οὗν
2605 3142 2806 3207 κλίσις.
2840 3143 2907 3202 Τί
2938 3147 2973 3215 ἡ
3003 3143 3181 3208 κλίσις
3216 3143 3402 3217 δηλοῖ.

2253 3234 2281 3300 §
2338 3233 2480 3290 VIII.
2539 3233 2611 3287 Αἱ
2665 3237 2811 3309 τρεῖς
2886 3238 2994 3288 τῶν
3073 3233 3480 3311 ίεροτελεστῶν.
3539 3235 3815 3292 Ταυτέστιν

2181 3321 2477 3397 ἱεραρχῶν,
2508 3321 2725 3396 ἱερέων,
2755 3321 2846 3377 καὶ
2878 3319 3235 3398 λειτουργῶν.

2250 3503 2382 3562 Ταῖς
2437 3499 2580 3574 τρισὶ
2640 3502 2748 3555 τῶν
2803 3497 3175 3573 τελουμένων.
3235 3502 3496 3558 Τουτὲστι
3550 3506 3664 3557 τῶν
3727 3519 3813 3555 κα-

2182 3589 2544 3664 θαιρομένων,
2575 3592 2679 3643 τῶν
2731 3591 3143 3666 φωτιζομὲνων,
3175 3591 3266 3645 καὶ
3315 3595 3422 3646 τῶν
3481 3592 3816 3665 θεωρητικῶς

2179 3676 2546 3751 τελουμίνων.

488 3766 866 3822 Ministeriatis
902 3763 1053 3821 ordo.
1085 3763 1165 3820 De
1199 3763 1442 3819 diacono
1493 3780 1678 3819 unum
1727 3764 1934 3836 pedem
1969 3763 2068 3820 ile-

2249 3773 2308 3822 ‘H
2362 3765 2712 3842 λειτουργικὴ
2769 3767 2936 3838 τάξις.
3005 3769 3134 3845 Περὶ
3193 3766 3446 3824 διακόνου
3521 3764 3616 3824 ἕνα
3687 3765 3815 3823 πόδα

416 3858 628 3911 ctente.

2226 3856 2485 3918 λίνοντος.

487 3941 795 3997 Sacerdotes
836 3957 980 3998 vero.
1015 3941 1162 4010 Quid
1213 3939 1292 3997 sit
1341 3941 1710 4014 presbyteros
1759 3944 2071 4013 utrumque

2250 3947 2317 4002 Οἱ
2349 3943 2405 3998 δὲ
2436 3945 2617 4019 ἱερεῖς.
2649 3944 2719 4002 Τί
2746 3945 2810 4000 τὸ
2866 3945 2996 4009 τοὺς
3055 3943 3150 4000 δύο
3209 3943 3380 4009 πόδας
3435 3944 3645 4002 κλίνειν
3700 3945 3816 4007 τοὺς

416 4029 625 4101 pedem
655 4029 975 4086 inﬂectere.

2226 4029 2599 4112 ρεσϐυτέρους.
2984 4045 2990 4050 “

491 4118 786 4188 Utrumque
839 4132 1001 4187 genu.
1042 4117 1191 4182 Quid
1253 4116 1330 4172 sit
1382 4118 1718 4189 pontificem
1775 4119 2069 4176 inﬂectere

417 4207 566 4262 duos
596 4205 797 4278 pedes,
829 4208 887 4261 et
915 4221 1020 4262 cur
1047 4205 1360 4278 Scriptura:
1393 4221 1570 4278 super
1599 4211 1777 4278 caput
1803 4209 1933 4279 ejus
1962 4225 2068 4281 po-

421 4297 662 4350 nuntur.

2250 4127 2448 4198 ’Ἄμφω
2477 4122 2556 4178 τὼ
2587 4119 2741 4180 πόδε.
2775 4123 2842 4180 Τί
2869 4123 2934 4179 τὸ
2966 4122 3094 4187 τοὺς
3129 4121 3224 4179 δύο
3254 4123 3425 4187 πόδας
3481 4122 3689 4180 κλίνειν
3731 4125 3816 4178 τὸν

2179 4212 2463 4288 ἱεράρχην,
2492 4213 2580 4268 καὶ
2615 4210 2708 4268 διὰ
2735 4213 2787 4268 τί
2823 4213 2876 4268 αἱ
2907 4213 3114 4290 Γραφαὶ
3146 4212 3474 4278 ἐπιτίθενται
3502 4217 3573 4287 τῇ
3612 4209 3817 4291 κεφαλῇ

2180 4300 2343 4357 αὐτοῦ
2377 4303 2440 4357 3°.

1033 4427 1108 4487 IN
1149 4427 1310 4484 CAP.
1351 4428 1451 4486 VI.

489 4565 534 4621 1.
571 4563 793 4636 Triplex
827 4577 1004 4636 genus
1033 4562 1468 4619 initiandorum.
1503 4563 1648 4620 Tres
1677 4579 1806 4621 esse
1836 4566 2072 4626 ordines

2092 4483 2140 4549 Β
2672 4437 2789 4493 ΕΙΣ
2829 4437 2921 4494 ΤΟ
2961 4440 3219 4493 ΚΕΦΔΛ.
3263 4437 3322 4505 ξ.

2254 4569 2296 4625 Ι.
2322 4565 2531 4644 Τριαδα
2559 4572 2668 4624 τῶν
2688 4567 3056 4644 τελουμένων.
3078 4571 3199 4628 Ὅτι
3224 4572 3368 4646 τρεῖς
3396 4569 3451 4624 αἱ
3497 4567 3818 4644 τελούμεναι

415 4653 516 4726 qui
549 4653 962 4725 perficiuntur.

2226 4657 2369 4728 ἱξεις.

493 4742 524 4816 §
555 4745 600 4799 Ι.
629 4743 875 4798 Dicimus
921 4741 1114 4811 igitur.
1147 4739 1398 4805 Quinam
1443 4741 1563 4798 sint
1592 4741 1630 4796 ii
1664 4743 1764 4815 qui
1814 4761 2073 4820 purgan.

2251 4748 2351 4816 §I.
2393 4745 2630 4819 Λέγομεν
2687 4745 2887 4803 τοίνυν.
2949 4746 3100 4810 Τίνες
3153 4748 3206 4802 οἱ
3259 4742 3677 4821 καθαιρόμενοι,
3734 4746 3819 4800 καὶ

417 4836 539 4901 tur,
569 4835 628 4888 et
657 4831 968 4903 quomodo.
1052 4875 1054 4877 μ

2226 4839 2314 4896 ὦς.

435 4990 438 4992 γ
493 4921 696 4976 Turbas
734 4920 865 4976 illas
914 4934 1042 4992 quae
1089 4923 1460 4992 segregantur.
1497 4919 1615 4977 Hoc
1662 4925 1753 4976 est
1803 4925 2072 4981 catechu-

2252 4919 2843 4996 Ἀποδιαστελλόμεναι
2910 4923 3174 4994 πληθύες.
3225 4925 3512 4981 Τουτέστιν
3573 4925 3632 4978 οἱ
3692 4943 3821 4979 κατ-

420 5010 598 5078 meni,
618 5009 986 5081 poenitentes,
1004 5014 1064 5066 et
1089 5026 1122 5066 a
1149 5010 1412 5065 damone
1430 5008 1648 5076 vexati;
1685 5009 2072 5069 differentiam

2226 5011 2520 5087 χούμενοι,
2572 5012 2624 5065 σι
2674 5009 2726 5066 ἐν
2776 5011 3055 5084 μετανοίᾳ,
3096 5011 3186 5067 καὶ
3237 5009 3659 5086 ἐνοχλούμενοι.
3695 5020 3821 5068 Δια-

417 5101 616 5154 autem
656 5115 856 5155 eorum
906 5115 1056 5173 quos
1106 5097 1397 5157 scelerum
1446 5097 1708 5170 paenitet,
1738 5097 1963 5156 inducit
2011 5101 2072 5158 in

417 5186 820 5243 sequentibus.

2226 5101 2350 5177 ορὰν
2385 5098 2442 5156 δὲ
2472 5099 2771 5177 εἰσηγεῖται
2799 5104 2908 5156 τῶν
2937 5097 2989 5156 ἔν
3027 5099 3281 5174 μετανοίᾳ
3311 5099 3362 5156 ἐν
3389 5105 3507 5165 τοῖς
3535 5101 3680 5173 ἑξῆς.

417 5186 820 5257 sequentibus.

489 5324 564 5398 (π)
593 5325 716 5383 Act.
749 5342 791 5395 ι,
825 5328 913 5384 17.

1424 5453 1654 5511 VARI/ﬁ
1694 5453 2085 5514 LECTIONES
2124 5461 2205 5513 ET
2242 5451 2806 5514 CORRECTIONES.

489 5576 536 5614 ⁸9
563 5571 744 5631 ἐπάνω
769 5579 870 5644 τῆς
900 5579 1143 5651 κεφαλῆς
1178 5573 1364 5632 αὐτοῦ.
