4000 6200
249 295 349 349 169
1004 296 1061 347 S.
1104 295 1370 347 ΜΔΧΙΜΙ
1408 293 1714 348 SCHOLIA
1749 294 1824 345 IN
1863 292 1904 344 Ι,

2055 293 2129 343 )Ε
2169 291 2460 344 EOCLES.
2502 292 2675 344 HIEB
2683 293 2896 345 ARCH.
3544 250 3650 345 170.

311 420 429 487 Τῆς
475 415 552 485 Si,
585 417 679 480 ὡς.
706 417 830 474 Τῶν
889 415 942 470 ἐν
1003 415 1259 488 μετανοίᾳ
1318 415 1452 487 μετά
1496 415 1556 468 τὸ
1612 415 1893 489 βάπτισμα

2075 412 2231 469 Alius
2250 412 2466 484 quidem
2497 412 3113 484 quod.'Pmnitsntium
3171 416 3305 485 post
3357 414 3652 488 baptisma

245 510 488 580 ἁμαρταν
496 525 685 560 οντων.

313 597 432 664 Τῆς
485 591 561 667 δὶ,
607 593 682 655 ὡς
727 590 828 650 ἔτι.
862 595 986 650 Τῶν
1032 590 1449 668 χειμαζομένων
1497 593 1586 646 καὶ
1643 590 1898 666 ἐνεργου-

251 681 422 757 μένων
432 726 446 738 .

315 775 435 841 Τῆς
473 770 554 842 δὶ,
585 773 661 833 ὡς
704 768 784 826 ἔτι
830 769 990 845 πρός.
1022 775 1143 826 Τῶν
1195 770 1300 825 ἀπὸ
1341 771 1616 845 αἱρέσεων,
1647 770 1682 839 ἢ
1735 765 1900 824 ἀσελ-

247 866 408 934 γειῶν
419 904 433 917 .

316 952 434 1014 Τῆς
495 946 573 1017 δὲ,
633 949 709 1010 ὡς
782 946 1163 1023 μεταχθείσης.
1204 950 1326 1004 Τῶν
1417 951 1492 1021 μή
1565 945 1789 1008 τελείως
1847 944 1900 1017 ἐξ

249 1038 532 1113 ἀσελγείας
573 1036 1008 1113 ἐπιστρεψάντων
1063 1035 1139 1099 εἷς
1186 1038 1473 1113 ἁγιασμὸν,
1505 1038 1540 1107 ἢ
1571 1040 1680 1091 τῶν
1728 1056 1898 1106 κατη-

249 1147 358 1203 χου
365 1129 461 1200 μέν
468 1149 543 1181 ων
553 1169 569 1184 .

323 1220 352 1286 §
384 1218 455 1272 ΙῙ.
492 1216 650 1284 Μέση
685 1213 743 1270 δὲ
770 1213 939 1285 τάξις.
968 1216 1032 1272 Ὀ
1059 1215 1248 1272 πιστὸς
1281 1213 1440 1276 λαός.

317 1305 386 1360 Ἣ
431 1307 762 1379 καθαρθεῖσα
840 1299 1037 1372 πᾶσης.
1089 1305 1203 1372 Τὴν
1272 1306 1442 1358 πᾶσαν
1500 1303 1756 1376 κάθαρσιν
1806 1306 1904 1357 τοῦ

251 1396 416 1448 λαοῦ.

324 1481 397 1536 Al.
427 1478 818 1556 καθαιρόμεναι
848 1477 1022 1549 τάξεις
1055 1475 1411 1552 διαιροῦνται.

612 1567 709 1632 Εἲς
736 1567 863 1629 τοὺς
892 1561 1337 1640 ἐκϐαλλομένους
1365 1571 1473 1622 τῶν
1510 1567 1695 1641 ἱερῶν,

615 1656 711 1718 Εἰς
739 1657 830 1710 τὸν
845 1681 848 1684 ’
861 1655 1050 1711 πιστὸν
1083 1654 1235 1728 λαὸν,

616 1744 711 1807 Εἷς
747 1744 1045 1820 μοναχοὺς,
1075 1742 1198 1813 ἤτοι
1232 1745 1579 1820 θεραπευτάς.

323 1836 443 1902 Τὴν
501 1836 600 1888 τοῦ
655 1834 805 1907 ἰεροῦ
859 1831 1017 1889 λαοῦ.
1081 1831 1394 1906 Σημείωσαι
1453 1832 1535 1886 ὅτι
1603 1832 1769 1905 μέσην
1814 1833 1908 1887 τά·

255 1925 332 1994 ξιν
383 1924 476 1977 τὸν
530 1922 677 1992 ἱερὸν
722 1920 852 1977 λαὸν
893 1918 1181 1988 ἀποκαλεῖ,
1214 1919 1386 1996 ἤγουν
1434 1920 1562 1983 τοὺς
1622 1919 1676 1976 ἐν
1732 1920 1910 1993 λαϊκῶ

252 2010 491 2083 τάγματι
520 2011 583 2064 τὸ
614 2008 926 2083 ὁλόκληρον
955 2006 1078 2077 ἤτοι
1107 2009 1172 2063 τὸ
1201 2007 1590 2081 ἀνεπιτίμητον
1640 2004 1865 2083 ἔχοντας
1892 2026 1905 2040 ·

255 2101 382 2161 τοὺς
413 2097 472 2154 δὶ
523 2096 824 2174 μοναχοὺς,
865 2095 989 2167 ἤτοι
1034 2096 1158 2159 τοὺς
1203 2098 1550 2173 θεραπευτὰς,
1575 2097 1674 2166 τὴν
1722 2101 1906 2152 πασῶν

259 2186 630 2262 ὑψηλοτέραν.

324 2277 354 2350 §
396 2277 494 2335 III.
545 2276 609 2332 Ἠ
661 2278 768 2330 τῶν
820 2279 1102 2350 μοναχῶν.
1148 2274 1335 2350 Μέτρα
1382 2281 1692 2351 μοναχικῆς
1745 2295 1908 2330 κατα-

255 2363 493 2426 στάσεως
508 2407 522 2419 .

323 2454 394 2512 Οἱ
422 2455 542 2525 μὶν,
574 2451 919 2526 θεραπευτάς.
953 2451 1051 2507 Διὰ
1077 2452 1130 2508 τί
1187 2453 1238 2506 οἱ
1290 2451 1553 2527 μοναχοὶ,
1587 2452 1906 2527 θεραπευταὶ

258 2540 570 2612 ἐκλήθησαν
587 2585 600 2598 .

327 2629 429 2687 Καὶ
509 2628 729 2690 ἐνιαίας.
788 2630 853 2686 Τί
924 2630 1140 2702 [μονὰς]
1214 2628 1503 2705 ἀμέριστος
1565 2627 1655 2683 καὶ
1738 2627 1909 2683 ὶνιαία

269 2721 401 2788 ζωή·

323 2809 444 2865 Τῶν
503 2805 788 2882 διαιρετῶν
845 2806 1040 2882 ἱεραῖς.
1098 2807 1348 2881 Διαιρετοὶ
1432 2827 1565 2882 φησι
1643 2807 1711 2860 τὰ
1771 2806 1910 2881 βιω-

263 2917 292 2950 τ
301 2917 403 2953 ικα.

328 2981 551 3054 Θεοειδῆ
609 2981 830 3056 μονάδα.
867 2988 988 3045 Πῶς
1031 2982 1333 3040 τελειοῦται
1366 2985 1412 3020 ⁴⁰
1441 2984 1469 3037 ὁ
1505 2981 1778 3056 μονάζων,
1818 2982 1907 3037 καὶ

262 3071 345 3127 διὰ
369 3073 422 3128 τί
455 3072 638 3140 ἰδικήν
663 3071 944 3128 τελείωσιν
973 3073 1066 3126 καὶ
1107 3070 1394 3143 ἐπίκλησιν
1449 3071 1538 3126 καὶ
1584 3071 1906 3127 κατάστασιν

264 3158 374 3237 ἔχει
406 3162 436 3216 ὁ
471 3160 738 3236 μοναχός.

328 3257 392 3307 Π.
450 3251 510 3304 ’0
571 3250 666 3322 μὶν
725 3248 919 3325 ἱερεύς.
977 3247 1295 3321 Σημείωσαι
1355 3248 1459 3318 ὅτι,
1494 3251 1522 3304 ὁ
1584 3249 1678 3322 μὲν
1736 3248 1910 3320 ἱερεύς

269 3361 417 3417 φησι,
445 3338 537 3393 καὶ
599 3337 706 3413 οὐχ
742 3339 769 3392 ὁ
801 3339 1084 3413 ἱεράρχης,
1117 3337 1206 3392 καὶ
1260 3340 1342 3393 ὅτι
1385 3339 1520 3393 κατὰ
1573 3342 1762 3392 τοῦτον
1815 3336 1912 3393 τοῦ

267 3430 474 3500 Πατρὸς
505 3429 596 3482 τὸν
630 3427 818 3503 λόγον,
850 3426 910 3481 οὐ
954 3424 1034 3481 δεῖ
1077 3433 1272 3502 σχῆμα
1320 3432 1566 3502 μοναχοῦ
1616 3426 1908 3482 ἐπίσκοπον

269 3515 498 3589 διδόναι,
528 3517 678 3573 ἀλλᾶ
711 3517 876 3590 μόνον
908 3513 1292 3593 πρεσϐύτερον.

335 3610 467 3668 Ταῖς
499 3604 816 3681 ὃιαιρεταῖς.
850 3610 982 3668 Ταῖς
1017 3607 1298 3680 βιωτικαῖς
1345 3607 1435 3660 καὶ
1491 3605 1910 3684 πολυσχιδέσιν,

266 3697 378 3750 οἷον
413 3694 706 3771 ἐμπορίαις
738 3694 904 3772 φημὶ,
935 3694 1024 3750 καὶ
1053 3701 1170 3757 τοῖς
1225 3693 1420 3757 ἄλλοις
1480 3695 1910 3772 συναλλάγμασι.

263 3785 595 3844 (Danaeia-4
629 3781 705 3852 δὶ,
735 3781 984 3838 τουτέστι
1014 3789 1131 3845 ταῖς
1161 3785 1296 3839 κατὰ
1325 3781 1562 3839 διάνοιαν
1601 3784 1910 3858 ἐπιθυμίαις

260 3872 350 3926 καὶ
380 3876 490 3925 τῶν
520 3873 706 3925 παθῶν
734 3872 1156 3928 ἀνατυπώσισιν.

333 4045 665 4123 Ἀποκείρει.
698 4051 820 4110 Πῶς
850 4047 1083 4123 κείρεται
1115 4049 1143 4102 ὁ
1177 4049 1438 4124 μοναχός.

332 4139 450 4205 Τὴν
503 4137 750 4209 τρισσήν.
810 4135 1127 4210 Σημείωσαι
1183 4134 1239 4192 δὲ
1301 4138 1401 4207 τὴν
1475 4137 1696 4211 τρισσήν
1779 4135 1908 4191 ὑπό-

263 4247 466 4280 στασιν.

333 4315 428 4370 III.
464 4316 561 4382 §I.
602 4314 676 4388 [α]
707 4314 1030 4387 Μοναχικὴν
1076 4312 1242 4384 τάξιν.
1277 4313 1374 4368 Διὰ
1428 4311 1480 4367 τί
1538 4312 1753 4389 λέγεται
1809 4334 1908 4386 μο-

259 4403 453 4476 ναχὸς,
493 4401 586 4456 καὶ
640 4401 720 4463 τίς
774 4403 808 4471 ἡ
866 4402 1140 4476 μοναχική
1197 4403 1516 4466 κατάστασις
1574 4403 1665 4458 καὶ
1718 4402 1910 4473 ἐπιτή-

263 4488 466 4552 δευσις.

334 4584 365 4647 §
389 4583 459 4638 ΙΙ·
495 4581 797 4656 Ἀποταγή.
828 4578 922 4642 Τίς
950 4582 986 4649 ἡ
1022 4580 1291 4656 ἀποταγή.

341 4760 423 4834 [β]
456 4759 549 4814 Διὸ
599 4760 684 4814 καὶ
744 4756 950 4814 πολλὰ.
985 4758 1301 4832 Σημείωσαι
1333 4760 1468 4814 κατὰ
1498 4761 1912 4834 Λαμπετιανῶν,

263 4849 401 4917 ἤτοι
453 4847 842 4905 Μεσσαλιανῶν
893 4847 927 4916 ἢ
972 4845 1368 4923 ’Λδελφιανῶη
1398 4847 1590 4903 ταύτὸν
1637 4845 1695 4902 δὲ
1743 4846 1913 4902 εἷ’πεῖν

2006 507 2334 575 peccatum.

2078 591 2235 648 Alius
2262 607 2387 648 vero
2407 591 2549 662 quod
2576 590 2906 646 etiamnum.
2955 591 3168 647 Eorum
3205 591 3305 662 qui
3357 592 3655 663 agitantur

2009 698 2042 736 a
2071 681 2356 748 daemone,
2387 684 2444 736 et
2465 680 2524 734 in
2557 679 2774 752 quibus
2796 680 3091 736 demones
3131 684 3470 751 operantur.

2078 769 2235 824 Alius
2261 784 2393 825 vero
2423 768 2584 840 quod.
2617 769 2830 824 Eorum
2863 768 2964 840 qui
2987 768 3060 825 ab
3081 768 3550 839 heresibus,aut
3579 769 3654 825 li-

2009 857 2333 913 bidinibus.

2082 947 2237 1001 Alius
2258 946 2399 1017 quod
2417 947 2540 1018 jam
2568 946 2868 1003 traductus.
2923 945 3140 1002 Eorum
3175 947 3278 1019 qui
3318 962 3435 1003 non
3486 947 3658 1020 plane

2012 1051 2082 1091 ex
2101 1034 2344 1090 libidine
2365 1035 2666 1091 redierunt
2685 1037 2756 1091 ad
2785 1035 3360 1105 sanotimoniam,vel
3383 1035 3656 1093 catechu-

2013 1138 2344 1180 manorum.

2085 1216 2113 1282 §
2142 1217 2213 1270 II.
2246 1213 2455 1271 Medius
2483 1217 2670 1270 autem
2697 1213 2847 1270 ordo.
2880 1211 3098 1269 Fidelis
3130 1215 3404 1286 populus.

2087 1301 2358 1374 Expiatus
2383 1302 2450 1358 ab
2480 1302 2652 1359 omni.
2703 1301 3046 1358 Universam
3101 1303 3492 1374 expiationem
3549 1319 3657 1376 po-

2016 1392 2158 1463 puli.

2084 1479 2330 1537 Ordines
2356 1481 2454 1553 qui
2485 1483 2814 1552 purgantur
2846 1479 3195 1535 dividuntur

2360 1571 2423 1624 In
2458 1585 2558 1625 eos
2586 1569 2684 1640 qui
2715 1585 2783 1625 ex
2802 1567 3038 1641 templis
3069 1567 3465 1641 expelluntur,

2362 1660 2426 1712 In
2451 1657 2681 1713 ﬁdelem
2710 1657 3023 1730 populum.

2371 1746 2435 1800 In
2461 1746 2804 1816 monachos,
2836 1746 2956 1802 sive
2989 1745 3269 1815 cultores,

2089 1834 2316 1890 Sanciae
2341 1833 2540 1904 plebis.
2573 1834 2742 1900 Nota,
2775 1834 2926 1904 quod
2961 1834 3218 1890 medium
3259 1835 3523 1891 ordinem
3556 1853 3661 1909 ap-

2017 1923 2193 1994 pellet
2219 1938 2452 1978 sacrum
2484 1922 2918 1994 populum,sive
2948 1937 3049 1978 eos
3068 1923 3169 1994 qui
3194 1922 3424 1979 in‘laioo
3456 1925 3662 1980 ordine

2017 2012 2118 2067 88
2150 2011 2548 2083 integritatem
2572 2011 2693 2067 sive
2710 2011 3396 2083 irreprehcnsibilitatem
3420 2012 3660 2082 habent;

2017 2103 2339 2159 monachos
2362 2107 2580 2168 autem,
2629 2103 2748 2160 sive
2796 2103 3073 2172 cultores,
3130 2105 3395 2160 omnium
3455 2121 3662 2177 supre-

2017 2207 2202 2247 mum.

2087 2278 2117 2352 §
2167 2281 2266 2336 III.
2323 2279 2731 2337 Monachorum.
2785 2279 3044 2337 Termini
3099 2284 3290 2337 status
3346 2280 3660 2337 monacho-

2015 2385 2170 2425 rum.

2090 2456 2203 2512 Alii
2231 2457 2452 2528 quidem
2470 2443 2829 2529 therdpeutas.
2850 2458 2965 2514 Cur
2985 2457 3257 2513 monachi
3277 2462 3556 2514 vocentur
3571 2457 3662 2510 θε-

2018 2543 2295 2620 ραπευταί,
2327 2545 2602 2601 cultores.

2087 2638 2163 2690 Et
2200 2633 2504 2705 singulari.
2528 2633 2675 2698 Quid
2707 2633 3011 2706 [solitudo]
3033 2633 3362 2706 individua,
3393 2634 3662 2707 singula-

2017 2723 2218 2795 risque
2240 2723 2380 2778 vita.

2088 2811 2311 2867 Sanctis
2331 2827 2521 2866 rerum
2540 2809 2919 2866 dividuarum.
2955 2811 3199 2868 Dividua
3228 2819 3420 2868 autem
3471 2810 3666 2885 appel-

2017 2900 2099 2956 lat
2128 2917 2218 2966 ea,
2251 2916 2379 2971 quae
2409 2900 2478 2955 ad
2511 2899 2690 2954 vitam
2723 2898 3062 2955 saecularem
3095 2900 3407 2971 pertinent.

2090 2987 2431 3058 Deiformem
2460 2987 2754 3042 unitatem.
2790 2987 3088 3051 Quomodo
3118 2992 3495 3044 consecretur
3540 3004 3664 3044 mo-

2017 3078 2264 3147 nachus,
2288 3082 2345 3132 et
2374 3093 2481 3132 cur
2511 3076 2806 3148 propriam
2850 3076 3354 3133 consecrationem
3401 3081 3458 3132 et
3503 3076 3664 3132 invo-

1943 3150 1986 3217 C
2025 3167 2337 3236 cationem,
2367 3169 2424 3221 et
2441 3169 2660 3220 statum
2696 3163 3270 3221 habeatmonachus.

2095 3254 2442 3311 ILSacerdos
2473 3253 2713 3324 quidem.
2745 3257 2895 3310 Nota
2960 3255 3115 3325 quod
3161 3254 3336 3319 dicat,
3393 3254 3664 3323 sacerdos,

2023 3346 2081 3399 et
2111 3361 2226 3400 non
2251 3343 2592 3416 pontifex,et
2609 3344 2934 3399 secundum
2953 3345 3111 3400 hunc
3129 3343 3320 3400 Patris
3334 3360 3664 3400 sermonem

2022 3449 2137 3487 non
2160 3433 2502 3504 episcopum
2532 3433 2634 3488 sed
2685 3432 2878 3488 solum
2929 3433 3340 3504 presbyterum
3390 3432 3664 3488 monachi

2022 3521 2290 3577 habitum
2321 3522 2460 3578 dare
2499 3521 2742 3577 debere.

2092 3609 2370 3666 Dividuis.
2403 3613 2537 3676 Quae
2560 3610 2632 3664 ad
2662 3609 2842 3664 vitam
2872 3609 3310 3663 mundanorum
3343 3609 3667 3680 pertinent,

2019 3703 2075 3754 et
2105 3699 2162 3752 in
2183 3697 2401 3753 multas
2432 3701 2626 3768 partes
2644 3697 2842 3751 divisaa
2862 3695 3046 3752 sunt?
3068 3700 3144 3762 ut.
3175 3699 3316 3751 sunt
3367 3702 3663 3752 mercatu-

2020 3803 2116 3855 rae,
2143 3791 2200 3841 et
2237 3786 2336 3841 alii
2367 3789 2724 3840 contractus.
2783 3783 3282 3854 Imaginationibu:
3335 3789 3542 3852 autem,
3602 3785 3662 3841 id

2019 3877 2108 3929 est
2138 3873 2352 3928 mentis
2381 3871 2806 3942 cupiditatibus
2828 3876 2882 3927 et
2914 3871 3428 3942 perturbationum
3451 3872 3661 3946 imagi-

2019 3961 2215 4018 nibus.

2087 4050 2370 4105 Detondet.
2405 4049 2704 4114 Quomodo
2725 4047 3051 4103 monachus
3073 4049 3408 4106 tondeatur.

2089 4139 2394 4210 Triplicem.
2427 4139 2574 4195 Nota
2604 4136 2898 4208 triplicem
2921 4137 3391 4194 subsistentiam.

2090 4319 2186 4374 III.
2217 4318 2310 4389 §I.
2344 4315 2699 4372 Monasticum
2727 4314 3001 4371 ordinem.
3037 4316 3154 4370 Cur
3184 4316 3511 4371 monachus
3570 4317 3661 4372 di-

2021 4412 2187 4463 catur
2219 4423 2232 4474 ;
2265 4405 2399 4477 quis
2418 4405 2494 4459 sit
2529 4404 2671 4461 ordo
2702 4403 3128 4460 monachorum
3154 4421 3166 4472 ;
3201 4405 3476 4476 quodque
3496 4405 3662 4460 insti-

1939 4515 1986 4578 D
2019 4500 2236 4552 tutum.

2090 4584 2217 4656 §II.
2265 4581 2636 4648 Renuntiatio,
2687 4583 2787 4636 Gr.
2835 4580 3101 4654 ἀποταγή.
3143 4581 3421 4644 Quisnam
3461 4583 3539 4639 sit
3579 4597 3666 4639 re-

2021 4671 2338 4728 nuntiatio.

2094 4758 2450 4828 Quamobrem
2479 4757 2833 4814 multa.Nota
2862 4759 3066 4812 contra
3086 4757 3668 4830 Lampetianostive

2023 4847 2538 4914 Messalianos,aut
2564 4846 2979 4918 Adelphianos,
3001 4844 3086 4900 vel
3119 4847 3272 4916 quod
3309 4847 3464 4902 idem
3494 4846 3666 4917 valet,

261 4940 680 5010 Μαρκιανιστῶν
713 4956 724 4968 ⁸
759 4933 974 5004 οἹτινες,
1006 4936 1242 5012 τριετίαν
1297 4935 1462 5008 μόνον
1515 4934 1692 5011 ἄκρως
1743 4937 1907 5007 ἀσκή-

2055 4935 2416 5007 [arcianos,q
2429 4934 2486 4989 ui
2507 4935 2744 5005 quidem
2762 4951 2896 4989 cum
2921 4932 3240 4987 triennium
3259 4937 3668 4992 tantummodo

264 5046 483 5092 σαντες,
513 5024 646 5097 μετᾶ
673 5029 840 5079 ταῦτα
869 5023 957 5079 ἐπὶ
987 5029 1244 5080 τοσοῦτον
1273 5023 1624 5102 ἀδιαφοροῦσι
1667 5025 1756 5079 τὸν
1809 5023 1922 5080 λοι-

2029 5026 2254 5080 duriter
2272 5025 2328 5079 in
2359 5024 2780 5079 monachorum
2807 5021 2921 5075 vita
2942 5027 3672 5095 consumpserunt,postea

263 5114 373 5168 πὸν
430 5117 531 5178 τῆς
588 5113 788 5167 ἑαυτῶν
853 5119 996 5183 ζωῆς
1041 5113 1264 5190 χρόνον,
1323 5113 1406 5176 ὡς
1461 5119 1631 5168 πᾶσαν
1696 5113 1907 5168 ἀτοπίαπ

2055 5130 2135 5169 ier
2164 5112 2453 5184 reliquum
2489 5112 2988 5179 vitzesuzstempus
3008 5109 3150 5163 adeo
3165 5114 3307 5164 sunt
3327 5109 3668 5183 dissimiles,

260 5202 522 5279 πράττειν
582 5199 753 5264 ἀδεῶς
789 5222 801 5236 °
840 5202 1118 5278 μοιχείαις
1167 5203 1290 5278 γὰρ,
1321 5201 1411 5257 καὶ
1473 5201 1808 5276 ἀσελγείαις,
1837 5222 1928 5278 γα-

2034 5207 2099 5258 ut
2126 5201 2307 5256 libere
2328 5199 2526 5254 omnia
2556 5196 2775 5254 scelera
2804 5196 3153 5252 admittant:
3180 5202 3246 5252 ut
3263 5200 3483 5269 stupris
3513 5201 3671 5257 enim

259 5290 785 5368 στριμαργίαις,καὶ
834 5290 1300 5368 ἀλληλογαμίαις,
1329 5291 1420 5346 καὶ
1477 5290 1810 5362 ἁπαξαπλῶς
1874 5289 1907 5346 έε

2055 5295 2095 5347 st
2121 5288 2552 5358 libidinibus,in
2587 5285 2842 5358 ingluvie
2872 5289 2928 5340 et
2958 5286 3183 5342 mutuis
3215 5286 3542 5358 adulteriis,
3588 5293 3676 5346 at-

1265 5477 1508 5536 VARIZE
1538 5479 1835 5538 LECTION
1842 5478 1924 5535 ES
1953 5475 2044 5534 ET
2073 5468 2612 5529 CORRECTIONEB

340 5587 386 5624 ⁸ο
412 5583 680 5643 τελεῖται.

595 5715 858 5775 ΡΑτιοι..
905 5712 1016 5774 Gn.
1061 5711 1162 5774 IV.
