4000 6200
378 287 473 340 171

1188 289 1554 340 ΑΡΡΕΝΒΙΧ
1595 290 1689 339 AD
1727 287 1966 340 OPERA
2002 289 2060 340 S.
2104 287 2418 340 DIONYSII
2462 287 2958 341 AREOPOGITE.

3673 290 3767 344 172

371 425 481 482 que
506 391 622 465 uno
654 408 892 464 nomine
921 407 997 479 in‘l
1021 407 1296 464 omnibus
1339 407 1579 481 ﬂagitiis
1637 409 1902 476 volutati,
1948 424 1999 465 se

2124 407 2316 469 πάσαις
2364 407 2618 470 ἀσωτίαις
2668 405 3173 482 ἐγκαλινδούμενοι,
3220 407 3288 463 τὰ
3333 414 3557 465 τοιαῦτα
3602 412 3766 484 πράτ-

369 498 660 569 ejusmodi
676 497 801 552 sine
829 495 1123 567 voluptate
1138 496 1402 567 corporis
1425 513 1596 568 agere
1619 497 1764 554 falso
1787 498 2011 553 dicunt:

367 593 580 644 etcum
612 587 740 643 sine
757 601 962 657 sensu,
995 589 1198 640 morbo
1234 586 1694 657 perturbationis
1741 603 1807 642 ac
1859 585 2014 641 volu-

368 677 546 748 ptatis
581 674 957 744 afﬂictentur,
983 690 1050 729 ac
1079 673 1206 730 sine
1232 673 1430 730 dolore
1453 691 1486 730 a
1505 675 1719 748 seipsis
1738 679 1915 747 atque
1942 674 2013 730 ab

369 765 440 822 iis
469 764 570 836 qui
598 781 696 820 eos
726 763 1063 818 inhabitant
1091 762 1458 818 daemonibus
1490 764 2011 834 patiantur,tamen

372 868 532 909 more
553 868 755 907 eorum
778 851 879 922 qui
902 849 1175 920 phrenesi
1202 849 1772 922 laborant,ltetantur
1795 850 2012 922 potius,

372 946 429 998 et
460 957 575 997 non
607 956 757 1013 aegre
787 940 1002 995 ferunt.

441 1029 742 1086 Interdicta
769 1031 918 1084 sunt.
952 1027 1102 1083 Nota
1133 1026 1322 1082 multa
1351 1026 1656 1084 monachis
1702 1026 2015 1084 interdicta

372 1135 520 1186 esse,
559 1117 868 1189 quaelaicis
899 1117 1140 1187 impune
1171 1115 1306 1171 licet
1326 1117 1514 1172 facere
1537 1121 1624 1172 :ut
1647 1117 2011 1188 conjugium,

370 1212 427 1262 et
457 1208 517 1261 in
543 1205 755 1260 militia
776 1209 1221 1276 mercaturaque
1275 1205 1516 1274 versari,
1540 1209 1598 1261 et
1622 1205 1680 1260 in
1727 1204 1856 1261 aliis
1885 1221 2012 1276 qua

367 1295 518 1352 laico
550 1310 665 1351 non
697 1295 913 1350 dantur
932 1293 1187 1350 crimini.

436 1473 586 1540 84§
615 1471 710 1528 III.
740 1473 982 1526 Tonsura
1003 1469 1361 1543 capillorum.
1395 1473 1673 1537 Quaenam
1705 1475 1863 1528 esset
1910 1472 2009 1526 de-

365 1562 580 1618 tonsio.

436 1650 466 1721 §
497 1649 588 1704 IV.
621 1647 846 1704 Prioris
876 1657 1079 1705 autem.
1113 1649 1260 1713 Quid
1303 1653 1531 1707 mutare
1579 1650 1708 1722 ejus
1763 1652 2006 1706 vestem.

439 1830 467 1897 §
494 1831 562 1882 V.
591 1831 657 1884 Et
681 1843 888 1884 omnes.
921 1827 1072 1891 Quid
1095 1825 1393 1884 salutatio.

440 1917 519 1973 Ad
543 1916 888 1989 praecipuam
917 1916 1080 1972 illam
1111 1916 1228 1974 Dei.
1269 1919 1383 1971 Cur
1433 1915 1637 1973 statim
1694 1913 2018 1970 communi-

370 2010 522 2064 cent.

439 2095 519 2150 Ad
546 2093 1000 2150 communionem.
1034 2093 1150 2150 Cur
1177 2092 1218 2147 ii
1241 2092 1343 2164 qui
1385 2092 1753 2160 ordinantur,
1813 2090 2014 2147 statim

370 2183 823 2240 communicent.

442 2271 763 2328 Communia
791 2270 1057 2326 traditur.
1089 2270 1306 2326 Omnes
1332 2269 1486 2326 enim
1510 2285 1696 2341 aeque,
1747 2272 1880 2341 post
1921 2285 2012 2324 or-

369 2359 752 2430 dinationem,
785 2358 998 2414 divinis
1031 2358 1352 2429 dignantur
1382 2358 1700 2430 mysteriis,
1751 2358 1809 2412 id
1857 2357 2011 2430 quod

365 2465 501 2504 cum
532 2449 650 2504 Deo
683 2446 1147 2503 familiaritatem
1180 2446 1579 2517 unionemque
1609 2445 1886 2502 declarat.

433 2535 800 2605 Initiationes,
839 2535 1120 2606 purgatio.
1181 2535 1329 2602 Quid
1374 2535 1734 2592 initiationes
1783 2533 2008 2606 signifi-

368 2629 524 2681 cent.

433 2713 609 2772 Ordo.
659 2711 776 2766 Hoc
830 2710 1008 2766 etiam
1059 2710 1119 2764 in
1151 2709 1276 2765 loco
1325 2710 1560 2782 planius
1590 2709 1790 2766 docuit
1819 2713 2010 2778 Pater,

365 2799 466 2873 qui
524 2799 645 2856 sint
691 2796 1026 2870 superiores
1051 2796 1308 2868 ordines,
1343 2813 1596 2870 quorum
1645 2813 1826 2869 supra
1877 2796 2012 2854 fecit

373 2888 756 2944 mentionem.

437 2976 468 3048 §
496 2975 592 3031 VI.
625 2974 727 3031 Sed
758 2973 1004 3044 obiicias.
1036 2972 1162 3028 Non
1195 2987 1323 3029 esse
1367 2972 1426 3027 in
1460 2970 1604 3029 cmlo
1663 2971 1766 3043 qui
1823 2971 2009 3044 expie-

363 3066 463 3119 tur
495 3080 508 3120 :
537 3066 594 3118 et
623 3063 692 3117 de
714 3061 957 3133 angelis.

467 3151 744 3207 Caelestem
774 3149 1111 3222 quampiam.
1135 3149 1283 3206 Nota
1306 3165 1421 3205 non
1453 3165 1582 3206 esse
1614 3148 1792 3206 ullam
1811 3147 2004 3205 labem
2036 3136 2078 3202 C

365 3241 426 3297 in
460 3239 668 3313 quavis
699 3243 1042 3298 naturarum
1065 3238 1411 3305 caelestium,
1445 3239 1598 3310 quod
1618 3241 1788 3310 putat
1815 3237 2009 3308 Orige-

360 3347 487 3396 nes,
521 3333 698 3401 atque
732 3329 770 3382 ii
804 3328 901 3398 qui
935 3333 1076 3383 sunt
1105 3327 1163 3382 in
1194 3329 1396 3383 eadem
1422 3327 2004 3396 sententia,dicentes

359 3419 514 3490 quod
537 3419 709 3488 juxta
729 3416 1165 3489 praportionem
1199 3415 1540 3483 aversionis,
1591 3414 2002 3487 unusquisque

355 3506 680 3562 coelestium
723 3505 1022 3571 ordinum,
1056 3503 1232 3559 talem
1254 3502 1704 3575 appellationem
1738 3508 1794 3560 et
1848 3503 2000 3559 ordi-

353 3611 484 3650 nem
516 3595 781 3662 sortitus,
812 3597 871 3648 et
910 3592 1253 3664 corporibus
1293 3591 1572 3663 alligatus
1602 3592 1683 3648 sit
1713 3592 1996 3647 tenuiori-

349 3685 459 3739 bus
495 3683 554 3738 in
588 3682 1032 3754 castigationem
1066 3697 1184 3736 suae
1216 3683 1283 3736 ad
1313 3681 1598 3736 deteriore
1643 3680 1995 3749 aversionis;

347 3773 450 3828 sed
479 3771 839 3828 sanctissimi
860 3775 1001 3826 sunt
1033 3768 1287 3842 profecto
1320 3777 1373 3824 et
1413 3769 1675 3841 corporis
1731 3774 1995 3841 expertes

348 3865 595 3930 mentes,
625 3860 780 3916 sicut
809 3857 1095 3932 principio
1151 3857 1330 3914 creati
1384 3863 1542 3913 sunt.
1577 3859 1740 3925 Quod
1799 3863 1993 3914 autem

348 3965 633 4018 corporeae
662 3952 782 4004 sint
813 3949 1078 4004 cmlestes
1109 3949 1374 4015 virtutes,
1409 3949 1760 4004 excellenter
1800 3948 1994 4019 legisti

347 4034 406 4088 in
431 4035 844 4089 anterioribus.
885 4037 1088 4091 Aliter.
1113 4039 1327 4090 Verum
1366 4035 1532 4090 nulla
1553 4053 1721 4092 mens
1744 4035 1993 4092 coelestia

347 4125 482 4190 post
511 4121 844 4175 daemonum
879 4121 1185 4192 delapsum
1219 4138 1482 4192 unquam
1515 4122 1572 4176 in
1605 4129 1840 4193 peccato
1889 4125 1990 4179 de-

343 4208 638 4279 prehensa
667 4214 757 4264 est
783 4228 797 4277 ;
835 4208 943 4264 hoc
962 4210 1119 4262 enim
1145 4223 1336 4278 neque
1365 4225 1432 4263 ex
1464 4209 1660 4264 divina
1689 4211 1990 4280 Scriptura

343 4298 748 4369 cognovimus,
780 4312 971 4368 neque
1001 4296 1218 4366 aliquis
1240 4312 1308 4350 ex
1343 4296 1684 4368 theosophis
1716 4297 1988 4354 Patribus

342 4386 507 4442 dixit.
573 4386 672 4441 Hic
727 4389 925 4441 autem
995 4389 1236 4440 sanctus
1283 4383 1370 4438 vir
1408 4400 1511 4456 per
1550 4385 1983 4442 concessionem

339 4473 448 4529 hoc
479 4475 677 4545 ipsum
709 4471 884 4542 ait,ut
913 4471 1132 4543 aliquis
1165 4471 1392 4542 dixerit,
1425 4474 1828 4561 sanctissimos
1860 4476 1987 4547 qui-
2019 4498 2066 4561 Ι)

339 4563 471 4617 dem
505 4579 604 4618 eos
637 4579 786 4629 esse,
821 4565 877 4616 et
906 4561 1297 4631 inlegros,nec
1314 4560 1662 4632 expiationis
1693 4561 1981 4634 indigere;

339 4653 442 4707 sed
475 4651 523 4706 si
558 4653 769 4706 demus
800 4650 860 4704 in
897 4648 1095 4720 aliquo
1126 4665 1329 4703 eorum
1355 4649 1546 4704 labem
1583 4649 1784 4717 fuisse,
1814 4651 1986 4723 plane

339 4740 410 4795 ad
443 4740 768 4796 contrarias
799 4739 1047 4793 virtutes
1080 4753 1141 4792 se
1175 4736 1602 4807 conferebat,ut
1631 4739 1869 4812 reliquae
1911 4742 1986 4796 si-

338 4843 410 4884 ne
436 4827 568 4884 labe
599 4829 803 4884 eodem
838 4826 1010 4882 modo
1041 4825 1330 4895 .babeant,
1362 4829 1418 4881 et
1447 4825 1719 4882 similiter
1749 4845 1864 4884 non
1894 4829 1982 4883 in-

336 4915 574 4988 digeant
605 4914 971 4988 expiationis.
993 4913 1257 4985 Atqueid
1293 4913 1373 4968 ita
1393 4930 1521 4970 esse
1554 4915 1727 4986 plane
1762 4917 1980 4971 docuit.

334 5005 475 5056 Cum
508 5005 664 5060 enim
691 5005 761 5059 ad
795 5004 851 5057 id
885 5003 1037 5073 quod
1067 5003 1359 5071 objectum
1391 5005 1535 5068 erat,
1569 5002 1625 5056 id
1669 5005 1822 5073 quod
1849 5020 1983 5060 sen-

335 5091 536 5158 tiebat,
572 5099 754 5164 utque
785 5096 931 5162 erat,
964 5090 1384 5162 respondisset,
1419 5091 1668 5161 subjecit
1698 5090 1841 5146 illud
1870 5109 1882 5147 :
1921 5093 1985 5147 Si

331 5176 455 5245 quis
488 5178 822 5252 enim;pro,
857 5181 1013 5250 quod
1062 5180 1112 5235 si
1164 5178 1297 5251 quis
1351 5179 1529 5234 etiam
1584 5179 1680 5235 det
1729 5179 1983 5252 aliquem

2121 515 2229 549 τειν
2277 496 2498 558 ἀπαθῶς
2545 495 2923 569 τερατεύονται
2955 516 2967 528 ο
3020 497 3108 550 καὶ
3159 497 3498 568 ἀναισθήτως
3547 504 3767 555 νοσοῦν-

2119 604 2205 645 τες
2254 586 2353 653 τὴν
2408 583 2725 657 ἐμπάθειαν,
2757 585 2846 639 καὶ
2896 584 3218 660 ἀναλγήτως
3280 586 3368 663 ὑφ’
3416 587 3614 642 ἑαυτῶν
3665 588 3765 642 πά-

2123 691 2374 746 σχοντες,
2403 673 2492 726 καὶ
2522 677 2628 726 τῶν
2658 674 2711 727 ἐν
2751 674 2935 736 αὐτοῖς
2983 673 3279 728 οἰκούντων
3331 672 3632 749 δαιμόνων,
3665 675 3766 731 ὥσ-

2121 782 2221 836 περ
2255 762 2306 815 οἱ
2339 759 2600 836 φρενίτιδι
2652 761 3015 837 κατεχόμενοι
3063 761 3230 835 νόσῳ,
3256 762 3585 836 ἀγάλλονται
3637 762 3769 837 μᾶλ-

2125 847 2219 903 λον
2251 849 2341 903 καὶ
2375 850 2477 904 οὐκ
2507 851 2786 906 ἀνιῶνται.

2194 1029 2267 1102 [γ]
2301 1027 2637 1101 Ἀπείρηται.
2695 1026 3015 1099 Σημείωσαι
3063 1029 3146 1082 ὅτι
3194 1025 3383 1083 πολλὰ
3430 1027 3703 1084 κωλύεται
3738 1032 3765 1085 6

2127 1115 2370 1190 μοναχὸς
2399 1120 2596 1183 ποιεῖν,
2630 1116 2702 1168 ὧν
2733 1117 2784 1170 οἱ
2819 1113 3002 1170 λαϊκοὶ
3031 1118 3129 1185 τήν
3163 1115 3466 1190 ἐπιτροπὴν
3501 1117 3592 1171 καὶ
3623 1115 3768 1190 ἐξου-

2120 1203 2237 1258 σίαν
2284 1199 2499 1278 ἔχουσιν
2526 1224 2538 1236 ·
2575 1205 2690 1258 οἷον
2731 1204 2758 1257 ὁ
2787 1205 2986 1279 γάμος,
3019 1205 3107 1259 καὶ
3149 1204 3213 1259 τὸ
3259 1205 3562 1281 στρατείαις
3605 1207 3642 1275 ἢ
3676 1207 3767 1279 ἐμ-

2120 1292 2336 1366 πορίαις
2370 1291 2608 1364 ὁμιλεῖν,
2643 1292 2732 1346 καὶ
2764 1291 2990 1367 ἑτάροις,
3025 1290 3078 1348 ἐν
3111 1295 3192 1356 οἷς
3245 1293 3272 1348 ὁ
3320 1292 3510 1356 λαϊκὸς
3567 1294 3631 1349 οὐ
3681 1316 3770 1349 κα-

2116 1401 2249 1455 τακρ
2260 1381 2441 1448 ίνεταί,

2192 1475 2219 1540 §
2251 1472 2346 1526 ΙΙΙ.
2379 1473 2599 1545 Τριχῶν
2632 1468 2953 1544 ἀπόκαρσις.
2983 1469 3072 1534 Τίς
3101 1472 3135 1541 ἡ
3169 1468 3485 1546 ἀπόκαρσις.

2187 1648 2339 1717 §IV.
2368 1648 2432 1704 Ἠ
2483 1643 2542 1701 δὲ
2594 1653 2696 1716 τῆς
2739 1645 3026 1724 προτερας.
3055 1647 3115 1703 Τί
3166 1649 3228 1703 τὸ
3277 1646 3670 1722 μεταλλάσσειν
3703 1651 3767 1686 ω’

2043 1778 2092 1844 Β
2119 1739 2220 1807 τὴν
2252 1735 2448 1806 ἐσθῆτα
2476 1737 2666 1793 αὐτοῦ.

2194 1829 2219 1844 η
2249 1831 2298 1844 π
2353 1832 2391 1844 ,ν
2433 1824 2446 1841 ς
2541 1826 2550 1841 ι

2194 1829 2222 1894 §
2249 1831 2315 1881 V.
2353 1824 2449 1879 Καὶ
2481 1826 2696 1886 πάντες.
2728 1822 2790 1878 Τί
2820 1825 2847 1879 ὁ
2880 1825 3186 1898 ἀσπασμός.

2194 1918 2236 1952 ⁴¹
2271 1913 2391 1970 Ἐπί
2421 1915 2520 1982 τὴν
2550 1915 2870 1988 θεαρχικήν.
2912 1913 2978 1970 Τί
3005 1936 3069 1969 το
3100 1913 3253 1977 εὐθὺς
3280 1920 3592 1972 κοινωνεῖν.

2195 2091 2317 2148 Ἐπὶ
2372 2094 2471 2162 τὴν
2531 2088 2860 2165 μετάληψιν.
2922 2089 3018 2144 Διά
3073 2090 3125 2144 τί
3185 2091 3236 2144 οἱ
3285 2089 3769 2166 χειροτονούμενοι

2123 2181 2319 2243 εὐθέως
2347 2183 2690 2235 κοινωνοῦσι.

2189 2267 2548 2325 Μεταδίδοται
2599 2267 2757 2343 πρός.
2811 2268 3006 2328 Πάντες
3062 2267 3166 2342 γὰρ
3215 2265 3424 2338 ὁμοίως
3483 2266 3616 2337 μετὰ
3668 2268 3767 2333 τήν
3845 2314 3850 2318 .

2125 2358 2468 2434 χειροτονίαν
2520 2360 2626 2411 τῶν
2687 2354 2842 2419 θείων
2889 2355 3154 2424 ἀξιοῦνται
3241 2355 3578 2426 μυστηρίων,
3637 2355 3770 2429 ὅπερ

2123 2447 2370 2523 ἐμφαίνει
2405 2447 2500 2514 τὴν
2534 2443 2669 2520 πρὸς
2703 2443 2828 2498 Θεὸν
2863 2442 3173 2512 οἰκειότητά
3200 2463 3258 2497 τε
3289 2442 3380 2497 καὶ
3409 2439 3624 2498 ἕνωσιν.

2193 2533 2445 2606 Τελεταὶ,
2477 2535 2751 2607 κάθαρσις.
2785 2530 2850 2588 Τί
2884 2532 2937 2585 αἱ
2966 2529 3182 2586 τελεταὶ
3214 2527 3464 2601 δηλοῦσι.

2190 2713 2371 2782 Τάξις.
2432 2708 2572 2766 Ἰδοὺ
2629 2709 2718 2764 καὶ
2772 2707 2995 2772 ἐνταῦθα
3069 2705 3391 2785 σαφέστερον
3440 2704 3680 2778 ἐδίδαξεν
3743 2708 3771 2761 6

2119 2802 2326 2874 Πατὴρ,
2357 2799 2500 2861 τίνες
2558 2799 2613 2853 αἱ
2667 2793 3092 2872 ὗπερϐεϐηκυῖαι
3145 2796 3343 2867 τάξεις,
3384 2796 3455 2850 ὧν
3512 2795 3770 2870 ἀνωτέρω

2117 2889 2386 2962 ἐμνήσθη.

2187 2977 2338 3051 §V[.
2373 2974 2527 3032 Ἀλλ’
2559 2973 2698 3050 ἐρεῖς
2747 2975 2853 3030 ὅτι.
2905 2972 3051 3046 [Καὶ]
3096 2970 3180 3026 ὅτι
3239 2971 3340 3027 οὐκ
3379 2967 3518 3027 ἔστιν
3568 2969 3621 3026 ἐν
3671 2972 3768 3027 οὐ-

2117 3070 2262 3141 ρανῷ
2292 3063 2684 3138 καθαιρόμενος
2715 3081 2728 3094 '
2761 3063 2852 3117 καὶ
2882 3061 3004 3132 περὶ
3037 3059 3303 3136 ἀγγέλων.

2188 3155 2338 3208 Ἔστι
2394 3173 2475 3213 τις
2531 3150 2771 3225 οὐρανία.
2813 3149 3126 3222 Σημείωσαι
3185 3149 3269 3204 ὅτι
3327 3145 3552 3221 οὐδεμία
3599 3143 3765 3220 λώϐη

2113 3242 2376 3316 τυγχάνει
2425 3235 2475 3294 ἔν
2525 3260 2628 3294 τινι
2677 3243 2784 3293 τῶν
2838 3236 3102 3314 οὐρανίων
3148 3234 3452 3310 δυνάμεων,
3485 3237 3512 3291 '6
3551 3233 3767 3306 δοξάζει

2115 3330 2415 3404 Ὠριγὲνης,
2447 3326 2539 3382 καὶ
2596 3328 2648 3382 οἱ
2704 3327 2771 3382 τὰ
2821 3326 3016 3381 τούτου
3075 3330 3412 3401 φρονοῦντες,
3446 3326 3767 3402 φάσκοντες,

2114 3419 2195 3472 ὅτι
2227 3418 2364 3472 κατὰ
2391 3419 2489 3484 τὴν
2525 3415 2818 3489 ἀναλογίαν
2850 3421 2948 3483 τῆς
2978 3421 3332 3490 παρατροπῆς
3383 3411 3606 3467 ἕκαστον
3651 3419 3763 3467 τῶν

2112 3506 2378 3582 οὐρανίων
2423 3505 2708 3580 ταγμάτων
2754 3504 2854 3571 τήν
2912 3500 3124 3557 τοιάνδε
3176 3502 3265 3556 καὶ
3322 3501 3612 3574 ὀνομασίαν
3672 3506 3764 3556 καὶ

2107 3596 2253 3665 τάξιν
2289 3594 2666 3666 ἐκληρώσατο,
2696 3592 2785 3646 καὶ
2819 3593 3062 3663 σώμασιν
3123 3588 3437 3659 ἐνεδέθησαν
3499 3588 3762 3645 λεπτοτέ·

2110 3704 2248 3758 ροις,
2283 3683 2357 3744 εἷς
2381 3679 2627 3736 παιδείαν
2657 3683 2754 3749 τῆς
2796 3681 2996 3734 ἑαυτῶν
3024 3677 3113 3733 ἐπὶ
3143 3679 3204 3733 τὸ
3236 3684 3424 3753 χεῖρον
3481 3697 3762 3753 παρατρο-

2106 3779 2213 3840 πῆς
2248 3791 2259 3802 ·
2321 3770 2466 3826 ἀλλά
2521 3770 2781 3844 πάναγνοί
2838 3768 2938 3822 εἰσι
2999 3765 3258 3836 δηλονότι
3327 3767 3416 3820 καὶ
3473 3767 3761 3837 ἀσώματοι

2105 3860 2246 3932 νὸες,
2306 3859 2380 3920 ὡς
2438 3859 2487 3927 ἐξ
2546 3857 2724 3931 ἀρχῆς
2783 3855 3100 3925 ἐκτίσθησαν
3137 3876 3148 3888 ·
3211 3855 3294 3909 ὅτι
3355 3853 3412 3908 δὲ
3466 3854 3757 3926 ἀσώματοί

2104 3947 2234 4002 εἷ’σιν
2297 3949 2350 4001 αἱ
2427 3947 2672 4020 οὐράνιαι
2756 3941 3028 4017 δυνάμεις,
3093 3941 3365 4019 διαφόρως
3452 3939 3624 4016 ἔγνως
3705 3942 3758 3998 ἐν

2099 4043 2217 4099 τοῖς
2279 4033 2603 4109 ἔμπροσθεν.
2661 4030 2912 4093 Ἄλλως.
2971 4029 3131 4087 Ἀλλ’
3183 4029 3358 4092 οὐδεὶς
3414 4031 3586 4085 αὐτῶν
3646 4036 3757 4085 τῶν

2102 4124 2365 4195 οὐρανίων
2426 4127 2561 4178 νοῶν
2626 4121 2760 4194 μετά
2811 4122 2911 4190 τὴν
2964 4125 3070 4174 τῶν
3109 4117 3378 4192 δαιμόνων
3437 4119 3757 4173 ἀπόπτωσιν

2101 4214 2247 4266 ἑάλω
2288 4211 2439 4266 ποτέ·
2471 4215 2631 4264 τοῦτο
2661 4211 2763 4283 γάρ
2796 4207 2924 4263 οὐδέ
2977 4209 3121 4284 παρὰ
3171 4215 3272 4276 τῆς
3330 4206 3472 4271 Θείας
3532 4213 3758 4284 Γραφῆς

2099 4298 2362 4373 ἔγνωμεν,
2415 4296 2541 4353 οὐδέ
2596 4318 2677 4359 τις
2735 4301 2840 4350 τῶν
2901 4296 3174 4373 θεοσόφων
3226 4291 3411 4369 εἷ’ρηκε
3468 4297 3755 4369 ΙΙατέρων.

2098 4388 2272 4448 Οὗτος
2324 4385 2380 4440 δὲ
2426 4388 2452 4441 6
2503 4386 2656 4460 ἅγιος
2701 4385 2835 4438 κατὰ
2893 4384 3249 4458 συγχώρησιν
3287 4382 3412 4438 αὐτό
3445 4403 3634 4460 φησιν,
3676 4383 3754 4444 ὡς

2097 4473 2156 4529 ἃν
2192 4472 2333 4529 εἷ’ποι
2365 4496 2466 4546 τις,
2500 4473 2581 4528 ὅτι
2615 4473 2877 4547 πάναγνοι
2911 4470 3004 4544 μέν
3037 4471 3140 4525 εἶσι
3171 4472 3264 4525 καὶ
3322 4465 3630 4540 ἀλώϐητοι,
3657 4470 3757 4525 καὶ

2095 4563 2156 4617 οὐ
2189 4561 2392 4618 δέονται
2427 4563 2733 4636 καθάρσεως
2768 4581 2780 4592 °
2814 4560 2981 4627 πλὴν,
3015 4559 3062 4613 εἴ
3115 4557 3205 4613 καί
3255 4555 3479 4631 δοίημεν
3535 4557 3589 4613 ἐν
3641 4579 3756 4612 τινι

2094 4647 2320 4726 λώϐῃΜ
2351 4652 2592 4727 γενέσθαι
2641 4649 2816 4704 αὐτῶν
2868 4669 3008 4717 τινα,
3041 4648 3256 4709 πάντως
3316 4646 3391 4708 εἷς
3448 4646 3545 4710 τὰς
3594 4646 3753 4700 ἐναν-

2089 4740 2207 4801 τίας
2238 4739 2437 4814 ἐχώρει
2471 4736 2725 4810 δυνάμεις
2759 4757 2770 4770 ·
2809 4738 2946 4791 ὥστε
2972 4737 3065 4796 τὰς
3098 4735 3293 4797 λοιπάς
3339 4735 3402 4790 τὸ
3452 4730 3750 4805 ἀλώϐητον

2093 4828 2349 4891 ὡσαύτως
2404 4822 2575 4902 ἔχειν,
2607 4825 2693 4880 καὶ
2755 4824 2962 4899 ὁμοίως
3017 4825 3093 4897 μή
3153 4821 3356 4888 δεῖσθαι
3415 4823 3749 4899 καθάρσεως.

2094 4915 2190 4970 Καὶ
2225 4915 2306 4970 ὅτι
2337 4914 2498 4968 τοῦτό
2551 4914 2684 4982 ἐστι,
2716 4918 2898 4990 σαφῶς
2951 4907 3142 4982 ἔδειξεν
3175 4931 3186 4944 ·
3223 4911 3389 4966 εἷ’πὼν
3450 4913 3551 4987 γὰρ
3606 4912 3752 4987 πρὸς

2089 5005 2188 5074 τὴν
2249 5003 2512 5066 ἀντίθεσιν
2564 5005 2662 5072 τὴν
2719 5001 2858 5057 ἰδίαν
2887 5002 3116 5079 γνώμην
3150 5001 3234 5057 καὶ
3267 5001 3473 5073 ἀληθῆ,
3501 5001 3751 5077 ἐπήγαγε

2089 5094 2174 5161 τὸ,
2206 5091 2265 5148 Εἰ
2290 5092 2388 5168 γάρ
2419 5113 2525 5161 τις,
2557 5092 2672 5146 ἀντὶ
2706 5096 2823 5164 τοῦ,
2858 5091 2904 5145 εἷ
2936 5087 2993 5144 δὲ
3023 5090 3113 5145 καί
3157 5111 3242 5152 τις
3296 5090 3417 5161 δοίη
3475 5088 3598 5145 τινὰ
3635 5109 3752 5144 πα-

2095 5188 2454 5256 ρατραπῆναι,
2484 5183 2579 5236 τοῦ
2609 5184 2788 5256 χοροῦ
2815 5179 3026 5235 τούτων
3075 5179 3312 5250 ἐξέπεσεν
3344 5182 3413 5251 “,
3446 5180 3578 5254 ὅπερ
3635 5176 3750 5253 ἐγὼ

1343 5362 1588 5419 VARIIE
1617 5362 1995 5422 LECTIONES
2021 5367 2109 5423 ET
2136 5368 2668 5426 CORRECTIONES

399 5507 469 5542 ιο*
504 5495 866 5572 μεταϐάλλειν
891 5499 988 5572 ’καὶ
1043 5499 1452 5568 μεταλλάσσειν.

334 5577 383 5615 η
413 5568 626 5643 λὼςην,
704 5573 748 5607 ⁴³
780 5568 1144 5627 ἐκπέπτωκεν.

1530 5507 1573 5542 ⁴¹
1624 5507 1845 5564 Horum
1883 5510 2193 5566 verborum
2244 5509 2406 5565 nulla
2453 5513 2643 5566 exstat
2689 5509 3096 5582 interpretatio
3143 5513 3299 5584 apud
3347 5512 3742 5571 Lansselium.
