4000 6200
302 331 400 387 173
1061 334 1120 386 S.
1162 332 1434 387 MAXIM!
1472 331 1776 386 SCHOLIA
1815 330 1887 383 IN
1927 329 2060 380 LIB.
2102 329 2196 380 DE
2236 325 2507 382 ECCLES
2545 331 2943 385 HIERARCH.

3603 337 3706 393 174

303 450 363 507 οὐ
405 450 572 526 λᾶγω,
605 451 792 529 φησὶν,
825 451 971 508 ἀλλὰ
1015 453 1352 521 τούναντίον,
1388 450 1470 507 ὅτι
1528 449 1793 525 πάναγνοι
1837 445 1953 504 δια-

2074 465 2334 506 aversum
2365 450 2569 520 fuisse,
2600 451 2651 508 is
2699 456 2854 509 certe
2876 470 2944 510 ex
2981 454 3190 511 horum
3237 456 3411 515 choro
3441 459 3657 516 decidit
3685 478 3702 532 ;

303 542 555 613 μένουσιν
606 540 795 613 εἰσαεὶ,
831 539 946 596 ἐπεὶ
994 540 1279 614 ἐκπέσοιμι
1334 545 1431 596 τοῦ
1473 542 1826 601 καθεστῶτος.
1861 538 1951 606 Μὴ

302 627 390 684 οὖν
451 650 533 691 τις
592 633 701 685 τῶν
765 631 1068 704 Ὠριγὲνους
1129 634 1344 703 μυστῶν
1423 629 1616 692 οἰέσθω
1666 629 1729 683 τὸ
1782 627 1952 702 παρὸν

303 717 468 792 ῥητὸν
499 724 814 794 συνηγορεῖν
841 723 910 792 τῇ
954 717 1270 792 κακοπίστῳ
1316 719 1482 773 αὐτοῦ
1535 715 1682 791 δόξῃ,
1714 715 1954 791 φάσκων,

299 806 383 860 ὅτι
441 806 525 862 ἀεὶ
582 812 793 869 πτῶσις
846 809 934 862 καὶ
998 806 1300 877 ἀνάκλισις,
1333 808 1423 862 καὶ
1457 805 1798 880 μετάπτωσις
1850 805 1955 858 τῶν

300 895 574 970 οὐρανίων
626 895 829 972 γίνεται
888 900 1050 964 νοῶν,
1084 895 1160 958 ὥς
1217 917 1378 973 φησιν
1411 896 1689 972 Ὠριγὲνης
1751 895 1844 967 μὶν
1904 890 1954 947 ἑν

300 988 381 1056 τῷ
409 984 546 1057 Περὶ
578 985 768 1060 ἀρχῶν
799 985 1004 1060 πρώτῳ
1036 983 1212 1060 λόγῳ,
1241 984 1412 1047 οὕτως
1439 1003 1452 1016 ·
1489 1007 1518 1036 ‹‹
1547 985 1606 1041 Ὀ
1635 983 1812 1038 τοίνυν
1865 980 1956 1036 λό-

302 1093 419 1147 γος,
477 1072 660 1145 οἶμαι,
721 1069 954 1128 δείκνυσι
1011 1077 1137 1141 πᾶς,
1168 1079 1271 1128 πᾶν
1328 1074 1357 1127 ὅ
1409 1095 1463 1128 τι
1519 1074 1652 1128 ποτὲ
1710 1071 1952 1146 λογικὸν,

302 1162 408 1215 ἀπὸ
440 1162 642 1222 παντὸς
674 1163 992 1216 οὑτινοσοῦν
1027 1160 1255 1235 λογικοῦ
1287 1159 1543 1225 δύνασθαι
1599 1161 1839 1234 γενέσθαι
1873 1179 1885 1190 ο
1922 1183 1951 1211 ››

302 1250 389 1304 καὶ
422 1249 561 1321 μετᾶ
591 1249 799 1324 βραχέα
826 1248 1008 1326 ἐπάγει
1041 1249 1216 1326 λέγων
1253 1269 1265 1282 ο
1303 1272 1332 1302 ι(
1381 1250 1531 1307 Μετὰ
1574 1250 1637 1304 τὸ
1685 1247 1771 1304 ἐπὶ
1823 1254 1952 1303 πᾶσι

299 1335 487 1406 τέλος,
517 1337 685 1392 πάλιν
731 1336 1057 1414 ἀπόρῥευσις
1114 1336 1205 1392 καὶ
1261 1336 1605 1399 κατάπτωσις
1662 1336 1886 1412 γίνεται.
1919 1358 1949 1388 ››

301 1424 573 1499 Εὐάγριος
601 1423 659 1480 δὲ
689 1423 740 1480 ἐν
767 1431 851 1498 τῷ
881 1421 1276 1499 ἑϐδομηκοστῷ
1315 1423 1494 1501 ὀγδόῳ
1548 1432 1648 1494 τῆς
1704 1422 1952 1496 δευτέρας

303 1512 665 1577 ἐκατοντάδος
692 1514 970 1593 κεφαλαίῳ
999 1513 1140 1568 οὕτω
1171 1515 1338 1590 φησίν
1370 1534 1384 1548 ’
1419 1539 1448 1567 ‹‹
1479 1517 1740 1572 Ἕκαστον
1769 1514 1965 1588 τάγμα

302 1606 412 1657 τῶν
445 1601 719 1677 οὐρανίων
751 1599 1053 1676 δυνάμεων,
1085 1601 1120 1671 ἢ
1153 1601 1280 1658 ὅλον
1313 1601 1373 1657 ἐκ
1399 1607 1510 1658 τῶν
1552 1602 1720 1672 κάτω,
1752 1601 1786 1670 ἢ
1821 1601 1952 1656 ὅλον

303 1691 364 1747 ἐκ
393 1696 504 1747 τῶν
534 1691 668 1761 ἄνω,
701 1692 736 1762 ἢ
769 1692 829 1749 ἐκ
854 1697 964 1748 τῶν
994 1691 1104 1748 ἄνω
1132 1692 1222 1748 καὶ
1253 1691 1314 1748 ἐκ
1340 1697 1448 1748 τῶν
1497 1694 1645 1748 κάτω
1699 1696 1951 1762 συνεστη-

301 1803 382 1840 κε.
418 1806 449 1833 ι»
481 1781 584 1838 Καὶ
615 1782 670 1836 ἐν
700 1788 782 1855 τῷ
813 1785 876 1838 ιϐ’
904 1789 1003 1852 τῆς
1045 1784 1082 1837 ε’
1112 1779 1466 1844 ἕκατοντάδος
1524 1779 1672 1857 λέγει
1730 1781 1902 1841 οὕτως
1937 1799 1950 1811 ·

304 1895 333 1922 ε(
366 1870 453 1940 Ἐξ
487 1869 784 1946 ἁγγελικῆς
832 1870 1203 1932 καταστάσεως
1248 1871 1339 1924 καὶ
1387 1869 1815 1946 ἀρχαγγελικῆς,
1845 1873 1951 1944 ψυ-

305 1959 439 2034 χξκὴ
473 1961 793 2022 κατάστασις
818 1960 1018 2035 γίνεται
1049 1979 1062 1992 ·
1097 1957 1158 2014 ἐκ
1209 1956 1266 2014 δὲ
1306 1966 1406 2029 τῆς
1452 1962 1720 2034 ψυχικῆς,
1753 1956 1952 2032 δαιμο-

306 2045 512 2118 νιώδης
542 2048 632 2103 καὶ
679 2048 988 2121 ἀνθρωπίνη
1024 2069 1036 2082 ’
1071 2047 1130 2103 ἐκ
1160 2046 1219 2103 δὲ
1244 2055 1345 2118 τῆς
1390 2047 1753 2122 ἀνθρωπίνης,
1783 2045 1952 2124 ἅγγε-

305 2134 394 2190 λοι
424 2135 592 2192 πάλιν
622 2137 713 2193 καὶ
747 2133 1003 2211 δαίμονες
1029 2137 1284 2214 γίνονται.
1318 2160 1348 2189 ››

373 2405 509 2465 Ταῖς
545 2402 880 2482 ὑφειμέναις.
913 2401 1051 2458 Ποία
1102 2401 1242 2458 ἐστὶν
1292 2404 1328 2473 ἡ
1380 2407 1488 2457 τῶν
1539 2401 1804 2477 οὐρανίων
1857 2400 1954 2456 κά-

305 2493 494 2565 θαρσις
524 2493 614 2546 καὶ
666 2488 1047 2566 διακόσμησις.
1081 2489 1326 2554 Ἀλλως.
1355 2494 1474 2546 Ὅτι
1530 2493 1788 2567 κάθαρσις
1845 2491 1951 2545 τῶν

307 2581 576 2654 οὐρανίων
612 2579 886 2654 δυνάμεων
932 2580 1073 2635 ἐστιν
1132 2583 1166 2649 ἡ
1227 2579 1314 2635 ἐπὶ
1370 2579 1698 2654 τελεωτέραν
1755 2583 1952 2653 γνῶσιν

303 2664 585 2742 ἔλλαμψις
618 2689 631 2702 ο
668 2670 758 2724 καὶ
790 2669 1091 2743 σημείωσαι
1122 2669 1204 2724 ὅτι
1235 2668 1635 2743 προκόπτουσιν
1694 2667 1780 2723 ἐπὶ
1812 2672 1954 2742 γνῶ-

304 2779 410 2826 σιν,
437 2758 528 2812 καὶ
556 2758 640 2813 ὅτι
675 2755 936 2832 δαίμονας
967 2757 1028 2812 οὐ
1060 2757 1277 2834 λέγουσι
1318 2757 1684 2833 καθαίρεσθαι,
1716 2754 1805 2812 διὰ
1830 2755 1958 2818 τοὺς

305 2845 602 2924 φάσκοντας
655 2847 742 2902 καὶ
793 2845 988 2910 αὐτοὺς
1035 2845 1087 2902 ἐν
1128 2850 1198 2921 τῇ
1246 2848 1374 2922 παρ’
1403 2846 1579 2902 αὐτῶν
1616 2845 1954 2920 μυθευομὲνῃ

308 2937 759 3006 ἆποκαταστάσει,
793 2938 1058 3006 σώζεσθαι
1093 2937 1226 3010 μετά
1253 2941 1362 2992 τῶν
1391 2937 1581 3012 ἁγίων.

376 3024 536 3081 Οὕτω
592 3025 683 3079 καὶ
740 3023 1127 3102 φωτιζόμεναι.
1187 3027 1506 3098 Σημείωσαι
1563 3028 1630 3081 τὰ
1680 3027 1804 3103 περὶ
1851 3031 1959 3082 τῶν

309 3112 577 3190 ἀγγέλων,
608 3118 725 3177 πῶς
757 3113 1102 3193 φωτίζονται,
1129 3114 1218 3169 καὶ
1247 3113 1604 3172 τελειοῦνται.

803 3233 922 3288 ΕΙΣ
962 3237 1046 3286 ΤΟ
1084 3235 1342 3288 ΚΕΦΑΛ.
1383 3232 1455 3288 Z'.

379 3330 421 3384 Ι.
457 3333 484 3397 §
517 3331 561 3385 Ι.
592 3328 750 3384 Οὕτω
779 3329 869 3382 καὶ
898 3329 1057 3404 πρός.
1083 3331 1207 3387 ’Ότι
1233 3330 1336 3384 οὐκ
1365 3327 1417 3384 ἒν
1448 3334 1564 3390 τοῖς
1625 3327 1809 3392 αὐτυῖς
1864 3329 1955 3384 τό-

307 3437 431 3479 ποις
467 3417 768 3492 ἀπάγονται
798 3417 851 3472 o't
879 3417 1238 3482 τελευτῶντες
1265 3419 1459 3480 πάντες
1493 3437 1505 3451 ·
1541 3419 1629 3474 καὶ
1661 3418 1785 3493 περὶ
1824 3418 1956 3474 ἀνα-

310 3507 569 3568 στάσεως.

377 3593 610 3664 Ὀλικῆς
659 3595 1020 3658 ἀναστάσεως.
1066 3601 1176 3666 Τῆς
1223 3595 1359 3670 μετὰ
1401 3599 1498 3651 τοῦ
1547 3597 1801 3670 σώματος
1853 3595 1956 3668 δη-

309 3680 514 3739 λονότι.

377 3772 450 3826 A't
487 3772 584 3843 μὲν
613 3773 740 3846 γάρ.
775 3770 906 3846 Περὶ
938 3769 1156 3828 δικαίων
1187 3771 1360 3848 λέγει.

373 3861 448 3914 Τὰ
479 3857 538 3914 δὲ
567 3861 775 3932 καθαρά
800 3865 932 3917 τῶν.
966 3863 1097 3934 Περὶ
1128 3861 1464 3924 ἀναστάσεως
1496 3860 1786 3934 σωμάτων.

555 3952 670 4003 Τῶν
703 3945 1033 4022 δοξαζόντων
1063 3949 1348 4005 ἀνάστασιν
1377 3950 1468 4005 καὶ
1507 3951 1704 4024 κρίσιν,

1128 4128 1180 4181 οἱ
1238 4124 1296 4182 δὶ

1120 4213 1253 4290 δίγα

305 4128 358 4180 οἱ
387 4126 483 4200 μὲν
521 4127 658 4198 μετὰ
712 4130 821 4181 τῶν
880 4127 981 4182 αὐ-

301 4219 410 4270 τῶν
490 4217 762 4286 σωμάτων
831 4214 974 4291 ἰγεί-

308 4315 489 4380 ρεσθαι
580 4305 681 4373 τήν
783 4306 969 4378 ψυχήν
1117 4305 1301 4377 σῶμα·
1436 4305 1634 4378 ξένων,
1680 4307 1769 4360 καὶ
1836 4306 1954 4382 βίον

305 4413 488 4469 φασιν,
520 4391 597 4454 ὡς
630 4392 968 4468 Χριστιανοί·
1113 4413 1210 4456 τος
1245 4411 1259 4426 ⁸
1434 4391 1604 4470 ἔχειν,
1657 4398 1772 4450 οἷον
1840 4399 1955 4454 νῦν.

837 4484 953 4536 Τῶν
994 4501 1227 4555 κεκοιμη
1239 4482 1331 4555 μέν
1339 4503 1410 4537 ων
1421 4526 1436 4552 ,

305 4571 356 4624 οἱ
391 4569 484 4642 μέν
515 4569 651 4625 εἰσιν
679 4570 819 4644 ἱεροί
852 4589 864 4600 ·

375 4657 680 4716 Ἐνωθέντα
723 4660 846 4733 γάρ.
894 4661 1017 4718 ’Ὁτι
1065 4660 1273 4715 ἑνοῦται
1317 4665 1438 4724 ταῖς
1483 4664 1690 4736 ψυχαῖς
1735 4663 1802 4716 τὰ
1848 4662 1955 4716 σώ-

310 4768 474 4820 ματα.

487 4834 821 4908 [Σημείωσαι
866 4835 924 4891 δὲ
959 4838 1050 4891 καὶ
1093 4839 1189 4907 τὴν
1223 4838 1417 4907 ὁλικήν
1450 4837 1778 4911 ἀνάστασιν.]

376 4928 508 4994 §II.
541 4930 659 4979 Τῶν
714 4922 772 4980 δὲ
831 4925 1077 5001 ἀνιὲρων.
1115 4928 1243 4999 Περὶ
1303 4926 1532 4992 θανάτου
1587 4925 1955 5002 ἁμαρτωλῶν,

298 5013 392 5069 καὶ
421 5013 475 5069 τί
504 5016 796 5086 νομίζουσι
834 5014 968 5087 μετᾶ
997 5015 1218 5078 θάνατον
1271 5015 1512 5090 γίνεσθαι
1571 5017 1622 5071 οἱ
1659 5015 1954 5089 Ἕλληνες,

301 5103 382 5157 ὧν
409 5103 508 5165 τὰς
534 5100 693 5172 δόξας
726 5102 1016 5161 ἐκτίθεται.
1047 5105 1261 5159 Τούτων
1292 5105 1394 5179 γὰρ
1426 5107 1484 5159 οἱ
1518 5106 1611 5178 μὲν
1669 5103 1954 5181 ἀλογιστό-

300 5211 477 5266 τεροι,
508 5187 636 5246 οὔτε
659 5191 914 5246 ἀθόνατον
941 5194 1040 5261 τὴν
1072 5195 1258 5267 ψυχὴν
1296 5194 1680 5269 ὁμολογοῦσιν,
1715 5195 1788 5248 ὧν
1843 5193 1952 5250 ἐστι

301 5281 394 5335 καὶ
418 5281 572 5349 Βίας,
605 5279 717 5354 οὐχ
738 5281 767 5334 ὁ
799 5279 1088 5355 Πριηνεὺς,
1122 5280 1248 5337 ἀλλ’
1273 5278 1457 5356 ἕτερός
1485 5303 1570 5346 τις
1601 5303 1614 5316 ⁸
1643 5282 1792 5338 ἀλλὰ
1831 5276 1955 5349 θνη-

300 5369 429 5437 τήν,
460 5368 550 5422 καὶ
585 5367 806 5431 λύεσθαι
833 5367 1026 5438 αὐτὴν,
1059 5369 1115 5424 ὃν
1165 5368 1368 5444 τρόπον
1412 5371 1502 5424 καὶ
1549 5372 1612 5427 τὸ
1652 5375 1833 5444 σῶμα,
1864 5371 1951 5425 καὶ

302 5455 383 5519 εἷς
410 5455 476 5510 τὸ
511 5456 588 5528 μή
622 5457 757 5510 εἶναι
789 5461 993 5532 χωρεῖν
1026 5475 1039 5490 °
1074 5458 1126 5512 οἱ
1155 5457 1214 5512 δὲ
1245 5455 1400 5528 δῆθεν
1433 5458 1611 5515 αὐτῶν
1661 5457 1955 5534 λογικώτε-

305 5565 414 5620 ροι,
447 5544 537 5600 καὶ
590 5545 719 5620 περὶ
774 5542 1063 5610 ἀθανασίας
1106 5549 1292 5622 ψυγῆς
1339 5546 1832 5624 φιλοσοφήσαντες,
1880 5549 1955 5609 ὡς

300 5632 560 5705 Πλάτων,
591 5631 685 5688 καὶ
715 5633 768 5688 οἱ
797 5637 1056 5707 τοιοῦτοι,
1092 5635 1225 5708 μετά
1269 5636 1492 5700 θάνατον
1536 5636 1600 5690 τὸ
1653 5637 1745 5709 μὲν
1797 5639 1958 5708 σῶμα

1441 4129 1491 4183 o't
1559 4127 1616 4183 δὲ
1682 4133 1795 4202 μετ’
1852 4126 1956 4183 ἄλ-

1432 4215 1545 4273 λων
1691 4216 1957 4292 σωμάτων

1981 1829 2028 1892 Β

1544 4572 1595 4626 ot
1635 4569 1692 4627 δὲ
1729 4571 1956 4645 ἀνίεροι.
1987 4559 2035 4624 Ι)
2066 4575 2172 4631 alii
2199 4573 2414 4646 quidem
2441 4575 2573 4627 sunt
2599 4571 2802 4638 sancti,

2065 541 2216 610 quod
2250 540 2487 612 quidem
2511 557 2618 613 ego
2637 558 2752 597 non
2783 542 3154 614 dico,inquit,
3190 545 3290 600 sed
3321 549 3703 620 contrarium,

2064 645 2295 700 nempe,
2325 645 2425 687 eos
2455 631 2864 688 sanctissimos
2897 649 3132 705 semper
3159 650 3706 710 permanere,quan-

2063 719 2382 791 doquidem
2413 721 2744 777 aberrarem
2762 738 2795 778 a
2816 722 3232 794 supposito.Ne
3260 724 3396 794 quis
3426 741 3561 797 ergo
3585 727 3707 783 Ori-

2064 808 2231 878 genis
2261 809 2690 882 discipulorum
2718 815 2886 883 putet
2916 811 3039 868 haec
3068 811 3244 868 verba
3284 813 3414 884 ejus
3443 815 3541 872 85
3571 832 3706 887 per-

2065 912 2240 952 versae
2271 898 2406 954 fidei
2437 900 2786 957 sententiam
2838 901 3170 968 defendere,
3219 902 3442 972 dicens,
3477 920 3710 976 semper

2063 1000 2325 1057 causam,
2358 990 2415 1042 et
2434 987 3422 1063 declinationem,mutationemque
3450 992 3576 1048 ﬁeri
3595 1009 3707 1049 cm-

2061 1071 2298 1131 lestium
2327 1077 2706 1148 mentium,ut
2728 1078 2869 1136 dicit
2887 1081 3164 1150 Origenes
3183 1081 3422 1150 quidem
3445 1081 3504 1137 in
3518 1081 3710 1154 primo

2063 1161 2213 1220 libro
2242 1166 2316 1221 De
2332 1167 2766 1238 principiie,hoc
2798 1169 2971 1224 modo
2992 1186 3004 1224 :
3022 1191 3050 1219 «
3075 1169 3280 1226 Omnis
3310 1171 3708 1243 ergo,utarbi-

2062 1255 2204 1323 tror,
2238 1255 2388 1310 ratio
2409 1256 2598 1324 docet,
2618 1272 2791 1312 omne
2811 1258 2966 1328 quod
3000 1257 3244 1314 rationis
3265 1263 3354 1315 est
3383 1259 3703 1333 particeps,

2061 1340 2132 1395 ab
2164 1342 2324 1397 omni
2351 1344 2507 1414 quod
2540 1345 2825 1400 rationem
2874 1344 3106 1415 habeat,
3157 1362 3329 1418 posse
3377 1347 3538 1405 oriri.
3573 1370 3603 1398 »
3637 1348 3705 1410 Et

2062 1429 2236 1499 paulo
2273 1432 2424 1486 infra
2445 1432 2684 1488 adducit
2710 1433 2833 1488 haec
2861 1435 3037 1490 verba
3069 1451 3082 1490 :
3120 1457 3148 1485 «
3180 1439 3320 1492 Post
3348 1435 3523 1492 ﬁnem
3572 1453 3704 1492 om-

2062 1518 2251 1586 nium,
2283 1536 2493 1577 rursus
2521 1521 2773 1578 efﬂuxus
2799 1525 2856 1578 et
2875 1538 3049 1579 casus
3079 1522 3328 1580 exsistit.
3362 1546 3390 1574 »
3420 1525 3703 1597 Evagrius

2061 1611 2257 1662 autem
2288 1607 2346 1663 in
2371 1609 2807 1682 septuagesimo
2835 1615 3037 1667 octavo
3059 1613 3252 1683 capite
3272 1614 3540 1669 secundae
3565 1629 3704 1672 cen-

2059 1695 2247 1763 turias,
2269 1695 2354 1752 sic
2383 1697 2524 1752 dicit
2549 1715 2563 1754 :
2601 1722 2622 1752 ε
2652 1699 3076 1772 Unusquisque
3105 1701 3247 1756 ordo
3271 1700 3558 1758 virtutum
3585 1718 3704 1758 coe-

2061 1781 2319 1855 lestium,
2354 1789 2454 1840 aut
2481 1789 2642 1842 totus
2670 1802 2740 1842 ex
2760 1787 3157 1857 inferioribus,
3195 1792 3298 1845 aut
3326 1792 3486 1846 totus
3503 1805 3572 1846 ex
3600 1807 3704 1846 su-

2061 1872 2411 1945 perioribus,
2430 1874 2518 1930 vel
2551 1891 2622 1931 ex
2643 1876 3047 1948 superioribus
3077 1881 3136 1933 et
3164 1876 3539 1934 inferioribus
3561 1895 3701 1934 con-

2061 1965 2197 2017 stat.
2240 1983 2268 2011 »
2302 1965 2366 2018 In
2388 1963 2613 2020 decimo
2645 1981 2796 2022 nono
2818 1966 2994 2022 etiam
3013 1966 3232 2038 quintae
3263 1968 3538 2024 centuriae
3561 1967 3705 2024 dicit

2062 2048 2154 2104 bis
2183 2051 2376 2106 verbis
2402 2068 2414 2106 :
2440 2074 2468 2102 «
2515 2054 2596 2108 Ex
2625 2053 2886 2125 angelico
2930 2055 3134 2110 ordine
3178 2060 3236 2112 et
3271 2055 3701 2128 archangelico.

2062 2137 2335 2195 animalis
2357 2141 2499 2196 ordo
2529 2141 2758 2198 exsistit
2776 2160 2796 2198 :
2808 2159 2878 2200 ex
2893 2143 3133 2199 animali
3162 2147 3357 2200 autem
3381 2144 3704 2201 daemonia-

2061 2243 2166 2282 cus
2197 2232 2254 2282 et
2282 2227 2612 2298 humanus;
2645 2245 2714 2287 ex
2743 2231 3004 2289 humano
3029 2237 3248 2302 autem,
3279 2233 3472 2306 angeli
3495 2250 3704 2291 rursus

2063 2317 2472 2389 daemonesque
2503 2319 2676 2375 ﬁunt.

2133 2405 2514 2475 In/erioribus.
2546 2406 2820 2469 Quaenam
2855 2408 2933 2462 sit
2980 2408 3303 2464 caelestium
3338 2410 3606 2481 purgatio
3650 2413 3710 2466 et

2064 2492 2393 2564 dispositio.
2414 2493 2598 2549 Aliter
2629 2511 2642 2550 :
2676 2497 2831 2568 quod
2863 2496 3134 2569 purgatio
3165 2496 3487 2553 ccelestium
3519 2499 3709 2553 virtu-

2066 2585 2190 2636 tum
2214 2581 2292 2637 sit
2319 2583 2389 2637 ad
2423 2584 2830 2655 perfectiorem
2851 2585 3246 2659 cognitionem
3277 2585 3594 2643 illustratio
3618 2603 3631 2641 :
3657 2592 3712 2641 et

2066 2675 2203 2725 nota
2234 2671 2388 2741 quod
2421 2672 2730 2743 proﬁciant
2760 2674 2819 2728 in
2852 2675 3272 2746 cognitione,et
3304 2676 3456 2747 quod
3490 2675 3707 2731 daemo-

2067 2775 2170 2815 nes
2203 2776 2319 2814 non
2352 2759 2508 2815 dicat
2538 2762 2795 2833 purgari,
2823 2769 3060 2834 propter
3089 2779 3188 2818 eos
3221 2763 3319 2835 qui
3353 2764 3529 2819 etiam
3553 2763 3713 2835 ipsos

2065 2847 2126 2903 in
2159 2865 2227 2905 ea
2257 2851 2684 2907 restauratione
2705 2868 2832 2923 quae
2865 2853 2937 2908 ab
2969 2851 3088 2909 illis
3119 2853 3388 2925 tingitur,
3417 2868 3549 2908 cum
3574 2868 3711 2908 san-

2065 2937 2178 2994 ctis
2208 2938 2459 2996 salutem
2491 2940 2828 3012 adepturos,
2862 2941 3083 2996 dicunt.

2135 3027 2229 3081 Sic
2257 3033 2310 3082 et
2331 3029 2426 3098 qui
2453 3029 2836 3086 illustrantur.
2870 3034 3013 3085 Nota
3067 3045 3196 3100 quae
3254 3027 3495 3102 angelos
3542 3043 3707 3102 spec-

2067 3120 2215 3184 tant,
2246 3118 2538 3187 quomodo
2571 3117 2943 3174 illustrantur
2969 3122 3027 3173 et
3056 3117 3462 3190 perﬁciuntur.

2668 3232 2741 3288 IN
2780 3233 2936 3289 CAP.
2979 3233 3102 3290 VII.

2137 3327 2180 3381 Ι.
2213 3329 2240 3395 §
2272 3330 2318 3386 Ι.
2355 3329 2448 3384 .s‘ic
2476 3304 2607 3384 dum
2636 3332 2728 3385 ad.
2760 3329 2924 3393 Quod
2959 3346 3076 3386 non
3107 3329 3166 3384 in
3207 3333 3477 3386 eumdem
3510 3330 3706 3386 locum

2065 3414 2438 3472 abducantur
2466 3418 2782 3474 morientes
2805 3433 3012 3475 omnes
3036 3433 3049 3472 :
3074 3421 3130 3474 et
3159 3417 3231 3474 de
3260 3420 3708 3476 resurrectione.

2143 3597 2209 3649 In
2238 3596 2550 3652 universali
2576 3598 2997 3654 resurrectione.
3016 3597 3162 3653 Cum
3194 3611 3436 3668 corpore
3467 3595 3708 3653 scilicet.

2169 3776 2312 3831 Nam
2343 3779 2431 3831 Iw
2461 3773 2699 3843 quidem.
2733 3777 2812 3828 De
2831 3771 3015 3842 justis
3045 3772 3209 3827 dicit.

2169 3865 2328 3919 Pura
2353 3877 2480 3919 vero
2508 3862 2630 3917 illa.
2667 3862 2744 3917 De
2774 3862 3196 3918 resurrectione
3225 3875 3558 3932 corporum.

2220 3953 2436 4009 Eorum
2467 3949 2569 4022 qui
2599 3949 2864 4006 sentiunt
2892 3965 3021 4006 esse
3050 3949 3542 4006 resurrectionem

2665 4041 2722 4093 et
2748 4037 3064 4109 judicium,

2065 4129 2174 4187 alii
2246 4127 2486 4201 quidem,
2561 4143 2688 4183 cum
2760 4128 2864 4182 alii
2937 4130 3118 4182 autem
3196 4127 3302 4182 alii
3375 4142 3520 4196 vero,
3576 4142 3706 4183 cum

2067 4218 2257 4275 iisdem
2329 4217 2651 4288 corporibus
2716 4216 2836 4271 sine
2893 4231 3078 4287 corpo-
3155 4215 3290 4271 aliis
3381 4215 3712 4288 corporibus

2066 4307 2303 4363 excitari
2326 4308 2576 4361 animam
2595 4305 2680 4360 di-
2729 4320 2788 4360 re
2813 4321 2835 4366 ;
3191 4305 3370 4371 novis,
3433 4306 3484 4359 et
3539 4303 3713 4359 vitam

2065 4405 2218 4466 cunt,
2242 4404 2301 4452 ut
2331 4395 2643 4452 Christiani
2675 4411 2688 4462 ;
3191 4392 3415 4459 habere,
3448 4395 3507 4446 ut
3546 4407 3711 4447 nunc.

2458 4483 2707 4538 .Eorum
2758 4481 2857 4552 qui
2902 4481 3290 4545 dormierunt,

3125 4570 3231 4625 alii
3258 4569 3710 4639 autempro/ani.

2139 4663 2239 4719 86
2275 4663 2440 4719 Unila
2460 4662 2626 4717 enim.
2660 4658 2823 4724 Quod
2855 4659 3303 4730 conjunguntur
3331 4673 3466 4713 cum
3497 4655 3713 4712 animis

2068 4768 2331 4824 corpora.

2137 4841 2308 4912 [Nota
2337 4853 2471 4893 vero
2500 4841 2555 4892 et
2585 4835 2821 4893 totalem
2863 4834 3401 4905 resurrectionem.]

2136 4929 2257 4997 §II.
2290 4929 2660 4998 Profanorum
2704 4931 2911 4981 autem.
2961 4929 3040 4980 De
3091 4927 3277 4979 morte
3309 4925 3712 4995 peccatorum,

2068 5023 2125 5076 et
2155 5017 2296 5090 quid
2326 5016 2544 5073 ethnici
2575 5015 2913 5072 existiment
2942 5016 3074 5084 post
3101 5016 3348 5068 mortem
3379 5013 3525 5077 ﬁeri,
3561 5027 3712 5083 quo-

2069 5125 2198 5165 rum
2230 5107 2536 5179 opiniones
2565 5105 2818 5177 exponit.
2852 5104 3066 5158 Eorum
3098 5101 3255 5158 enim
3307 5101 3407 5174 qui
3457 5101 3647 5173 magis
3678 5117 3713 5156 a

2067 5199 2290 5253 ratione
2321 5195 2507 5251 aversi
2559 5198 2714 5262 sunt,
2762 5207 2948 5262 neque
3005 5189 3400 5246 immortalem
3451 5189 3714 5248 animam

2066 5285 2436 5342 conﬁtentur.
2471 5285 2534 5338 In
2565 5281 2639 5337 iis
2683 5280 2860 5337 etiam
2917 5278 3070 5346 Bias,
3124 5294 3241 5334 non
3271 5278 3367 5336 ille
3407 5280 3722 5344 Prieneus,

2068 5375 2168 5430 sed
2209 5373 2449 5444 quidam
2482 5371 2671 5438 alius;
2714 5370 2815 5424 sed
2863 5367 3186 5435 mortalem,
3248 5383 3494 5440 eamque
3559 5366 3727 5436 solvi,

2065 5461 2567 5534 quemadmodum
2594 5459 2771 5514 etiam
2803 5473 3036 5527 corpus,
3068 5459 3124 5511 et
3152 5454 3212 5510 in
3244 5455 3498 5511 nihilum
3541 5454 3725 5511 abire.

2064 5550 2176 5607 Alii
2207 5553 2424 5616 autem,
2459 5546 2560 5618 qui
2591 5544 2813 5603 scilicet
2841 5544 2936 5601 his
2965 5545 3191 5601 ratione
3223 5547 3532 5615 praestant,
3566 5546 3624 5598 et
3653 5542 3724 5597 de

2068 5637 2247 5696 animi
2280 5634 2720 5694 immortalitate
2751 5635 3252 5703 disseruerunt,ut
3285 5633 3539 5700 Plato,et
3555 5630 3724 5700 tales,
