4000 6200
340 328 439 381 175

1154 328 1516 380 ΑΡΡΕΝΟΙΧ
1554 330 1652 380 AD
1691 329 1929 379 OPERA
1967 329 2024 378 S.
2066 326 2378 380 DIONYSII
2419 328 2920 384 AREOPAGITE.

3635 337 3742 389 176

333 456 464 523 post
492 453 980 522 mortem,corpus
1002 450 1238 520 quidem
1261 466 1376 505 non
1400 449 1656 521 amplius
1679 453 1962 505 constatu«

2091 446 2188 500 οὐκ
2219 443 2296 502 ἔτι
2328 448 2680 519 συστήσεσθαί
2711 471 2867 522 φασιν
2900 468 2911 480 ⁸
2945 449 3071 505 ἀλλ’
3103 452 3176 514 εἰς
3207 452 3407 518 αἰῶνας
3446 456 3552 532 οὐχ
3602 459 3739 513 ὑπο-

333 556 463 594 rum
488 539 728 605 dicunt;
762 540 862 594 sed
896 539 952 593 in
979 543 1326 611 perpetuum
1361 556 1474 594 non
1499 539 1686 595 redire
1719 537 1974 610 amplius

332 630 404 684 ad
435 644 564 684 eam
589 644 764 700 quam
789 627 1042 683 habebat
1063 628 1526 684 consistentiam.
1561 628 1678 683 Hoc
1709 629 1864 683 enim
1888 631 1978 682 est

335 717 489 789 quod
523 715 664 771 dicit
679 713 918 784 εἰσάπαξ,
955 733 1057 786 pro
1087 733 1203 771 non
1236 716 1492 787 amplius
1539 720 1972 784 constaturum,

334 805 812 876 quandoquidem
863 804 1172 876 indignum
1229 821 1356 860 esse
1413 804 1622 875 inquit,
1675 803 1975 860 materiale

335 895 598 964 ejusdem
625 909 755 949 esse
783 909 916 948 cum
950 895 1147 948 anima
1175 899 1390 949 eterna
1413 911 1426 959 ;
1451 894 1706 948 animam
1727 911 1858 948 vero
1881 910 1974 947 so-

337 983 459 1037 lum
490 997 620 1038 esse
644 981 1056 1038 immortalem.
1089 983 1217 1038 Ilaec
1256 983 1432 1038 etiam
1464 981 1719 1037 haeretici
1751 982 1975 1036 diverse

335 1072 562 1137 dicunt,
595 1076 658 1126 ut
686 1070 786 1142 qui
819 1088 851 1126 a
881 1070 1142 1126 Simonis
1200 1071 1372 1142 Magi,
1429 1075 1485 1126 et
1536 1069 1868 1138 Menandri,
1920 1073 1978 1124 et

332 1159 648 1228 Valentini,
679 1165 735 1215 et
758 1160 1153 1226 Marcionis,et
1174 1160 1667 1231 Manentis,atque
1695 1159 1869 1215 etiam
1905 1159 1975 1213 ab

333 1247 595 1318 Origenis
621 1248 910 1318 prodeunt
942 1246 1299 1314 fabulis,non
1325 1248 1479 1302 enim
1509 1246 1840 1302 sententiis.
1873 1245 1975 1300 Vi—

329 1338 459 1392 dete
489 1335 706 1407 quibus
726 1335 1102 1390 adnumerari
1133 1335 1660 1406 velint,qualesque
1687 1335 1976 1390 absurdas

328 1424 652 1481 sententias
686 1424 1187 1496 irreprehensibili
1220 1424 1683 1481 Christianorum
1712 1423 1847 1478 ﬁdei
1893 1424 1974 1478 af-

327 1515 574 1585 ﬁngant,
607 1514 646 1567 ii
679 1514 780 1584 qui
813 1511 986 1568 invisi
1023 1517 1162 1570 sunt
1219 1514 1335 1570 Deo
1391 1517 1448 1569 et
1504 1513 1845 1570 hominibus
1875 1512 1975 1584 qui

327 1607 482 1657 recte
517 1600 802 1657 sentiunt.

399 1690 510 1744 Αιὶἱ
537 1706 664 1744 vero
688 1705 1029 1760 corporeum.
1064 1691 1181 1745 Hoc
1227 1694 1316 1746 est
1365 1690 1698 1746 animorum
1742 1693 1972 1745 tantum

327 1778 454 1833 ﬁeri
478 1778 986 1847 resurrectionem,
1023 1778 1151 1834 sine
1182 1779 1544 1850 corporibus.

401 1885 670 1952 Quoniam
689 1888 919 1956 emptum
949 1896 1048 1940 est.
1083 1885 1244 1951 Quod
1281 1885 1363 1941 ait
1391 1884 1707 1957 Apostolus
1739 1883 1974 1940 arrham

326 1978 384 2028 et
413 1974 974 2029 demonstrationem
1006 1974 1296 2046 generalis
1343 1991 1474 2029 cum
1516 1990 1757 2045 corpore
1787 1990 1978 2028 resur-

324 2061 597 2118 rectionis
613 2063 927 2118 Dominum
949 2067 1214 2118 nostrum
1235 2062 1436 2118 Jesum
1455 2062 1748 2118 Christum
1768 2063 1973 2133 fuisse,

323 2157 380 2208 et
410 2152 565 2223 quod
591 2150 652 2206 in
685 2152 811 2223 ipso
844 2168 1000 2207 nunc
1031 2151 1372 2207 abscondita
1401 2152 1518 2207 vita
1549 2151 1834 2220 nostra,in
1858 2150 1972 2206 Deo

321 2241 666 2312 apparitura
705 2241 764 2294 in
798 2240 1258 2313 regeneratione.

387 2347 691 2402 Animabus
718 2347 1273 2419 conjugiaﬂaaretici
1298 2347 1538 2418 quidam
1563 2351 1688 2402 tum
1716 2347 1967 2414 fuerunt,

320 2440 386 2492 ut
414 2437 616 2492 Simon
649 2437 855 2506 Magus
888 2441 945 2492 et
990 2437 1122 2508 ejus
1152 2441 1491 2507 sectatores,
1521 2439 1622 2507 qui
1652 2434 1969 2491 mthereum

319 2525 592 2581 dicebant
619 2542 834 2597 corpus
865 2531 1021 2581 certo
1053 2525 1268 2582 animis
1326 2526 1614 2581 futurum.
1655 2525 1966 2579 Sciendum

319 2619 408 2670 est
431 2614 965 2685 autem,0rigenem
989 2631 1218 2684 quoque
1237 2615 1387 2668 idem
1412 2613 1602 2668 dicere
1629 2612 1687 2666 in
1711 2613 1965 2684 quodam

321 2701 468 2758 libro
503 2719 608 2758 suo
639 2719 652 2770 ;
687 2705 840 2772 quod
882 2707 1082 2758 tamen
1116 2703 1175 2755 in
1208 2701 1341 2757 aliis
1363 2718 1605 2771 prorsus
1635 2706 1830 2772 negat,
1863 2701 1963 2755 do-

320 2807 457 2846 cens
490 2808 724 2846 omnem
755 2807 1092 2862 corpoream
1115 2794 1383 2845 naturam
1417 2790 1475 2844 in
1509 2789 1759 2844 nihilum
1783 2789 1962 2845 abire.

321 2879 470 2951 Lege
505 2879 783 2935 Methodii
816 2878 1003 2934 sancti
1028 2878 1302 2949 martyris
1319 2883 1375 2933 et
1395 2876 1648 2950 Olympii
1670 2877 1960 2932 Adriano-

318 2967 568 3039 politani
623 2968 883 3039 episcopi
931 2967 1106 3039 Lyciae
1139 2967 1341 3033 libros,
1391 2983 1540 3038 quos
1571 2967 1628 3020 in
1662 2983 1796 3021 eum
1820 2965 1961 3022 scri-

317 3060 562 3127 pserunt
591 3056 662 3110 de
683 3057 1105 3111 resurrectione
1137 3075 1152 3123 ;
1186 3060 1242 3112 et
1267 3056 1551 3128 Antipatri
1603 3055 1790 3110 Bostri
1839 3054 1960 3126 epi-

317 3144 514 3216 scopi:
549 3149 607 3201 et
637 3144 828 3202 disces
855 3145 1186 3201 fabulosam
1231 3145 1420 3216 ipsius
1467 3148 1526 3201 et
1564 3147 1955 3200 monstrosam

316 3235 718 3307 nugationem.

386 3412 1038 3484 Beatissimamqueﬂazc
1069 3411 1150 3467 ait
1181 3413 1430 3467 obscure
1458 3412 1552 3467 87
1591 3412 1956 3482 signiﬁcans,

317 3502 548 3574 opinor,
576 3502 810 3574 Papiam
861 3501 961 3572 qui
1020 3500 1346 3572 Hierapolis
1368 3501 1522 3556 Asiae
1553 3506 1675 3556 tum
1706 3500 1817 3554 fuit
1843 3500 1960 3571 epi-

317 3609 533 3664 scopus
563 3597 620 3648 et
666 3591 845 3647 divini
894 3591 1138 3647 Joannis
1182 3590 1550 3662 evangelista
1598 3591 1960 3662 temporibus

321 3681 533 3736 ﬂoruit.
567 3681 672 3735 Hic
704 3680 859 3735 enim
893 3679 1100 3752 Papias
1123 3678 1271 3734 libro
1303 3696 1357 3734 IV
1387 3680 1797 3734 Domz'm'carum
1829 3695 1960 3734 sua-

317 3787 447 3825 rum
478 3767 955 3841 explanationum
990 3768 1246 3840 scripsit,
1280 3768 1398 3823 fore
1444 3768 1501 3822 in
1533 3767 1958 3823 resurrectione

315 3858 642 3930 voluptates
697 3875 823 3929 quae
886 3857 1292 3930 percipiuntur
1348 3873 1416 3912 ex
1455 3857 1638 3924 cibis;
1701 3857 1757 3911 in
1800 3857 1956 3928 quod

314 3947 550 4016 quidem
611 3947 906 4001 decretum
939 3951 1140 4016 postea
1197 3946 1444 4001 credidit
1510 3945 1954 4017 Apollinarius;

313 4033 835 4102 [quemadmodum
919 4039 1162 4104 apparet
1235 4051 1302 4088 ex
1385 4035 1600 4106 scripto
1668 4033 1952 4104 ipsius,]

312 4119 466 4188 quod
499 4117 796 4189 appellant
825 4121 1090 4174 nonnulli
1112 4121 1490 4175 millesimum
1523 4137 1766 4175 annum.
1802 4122 1956 4184 Quo-

313 4207 482 4262 modo
515 4205 692 4277 igitur
721 4205 1070 4276 Apollinarii
1103 4212 1275 4262 erunt
1323 4207 1456 4261 libri
1487 4208 1642 4262 santi
1674 4209 1954 4280 Dionysii,

304 4297 475 4368 juxta
504 4294 834 4364 aliquorum
850 4295 1168 4365 nugas.qui
1186 4294 1613 4365 Apollinarium
1637 4295 1957 4352 refellunt?

309 4389 496 4458 Atque
553 4385 731 4440 etiam
790 4387 1042 4439 Irenaaus
1091 4383 1501 4456 Lugdunensis
1532 4383 1865 4454 episcopus,
1895 4385 1954 4439 in

313 4476 519 4547 quinto
554 4474 703 4530 libro
731 4473 1000 4530 Adversus
1042 4473 1291 4543 haereses,
1333 4471 1489 4527 idem
1521 4472 1701 4540 dicit;
1736 4474 1956 4543 produ—

2085 538 2325 613 στρέφειν
2357 536 2456 608 ἔτι,
2488 540 2622 614 πρὸς
2653 540 2714 607 ἢν
2745 534 2875 612 ἔσχε
2916 539 3190 596 σύστασιν.
3221 547 3392 598 Τοῦτο
3441 545 3544 621 γάρ
3595 548 3739 602 ἐστιν

2083 623 2113 678 ὅ
2169 647 2328 702 φησιν
2389 627 2629 697 εἰσάπαξ,
2690 627 2802 681 ἀντὶ
2857 632 2954 682 τοῦ
3037 632 3231 701 μηκέτι
3305 635 3736 712 συστησόμενον,

2083 711 2269 782 ἐπειδὴ
2325 715 2538 787 ἀνάξιον
2599 715 2732 770 εἶναί
2785 737 2912 791 φασι
2969 719 3031 771 τὸ
3090 719 3277 774 ὑλικὸν
3310 711 3735 794 συνδιαιωνίζειν

2083 805 2258 877 ψυχῇ,
2283 805 2381 871 τήν
2417 802 2474 858 δὲ
2494 807 2680 879 ψυχὴν
2717 804 2880 877 μόνον
2913 806 3187 870 ἀθανάτως
3231 809 3520 885 ὑπάρχειν,
3553 817 3738 870 Ταῦτα

2083 891 2169 944 καὶ
2203 893 2462 966 αἱρετικοὶ
2497 891 2716 968 λέγουσι
2767 891 3062 970 διαφόρως,
3095 897 3169 958 ὡς
3231 899 3282 951 οἱ
3322 899 3426 954 ἀπὸ
3478 903 3738 974 Σίμωνος

2081 983 2178 1032 τοῦ
2213 983 2408 1054 μάγου,
2439 983 2525 1036 καὶ
2560 980 2891 1056 Μενάνδρου,
2923 985 3010 1037 καὶ
3047 983 3430 1054 Οὐαλεντίνου,
3462 993 3550 1044 καὶ
3580 993 3736 1065 Μαρ-

2083 1067 2303 1135 κίωνος,
2334 1070 2423 1122 καὶ
2452 1069 2724 1132 Μάνεντος
2762 1092 2774 1104 ·
2807 1071 2895 1126 καὶ
2945 1076 3036 1126 νῦν
3082 1071 3139 1127 δὲ
3189 1076 3240 1128 οἱ
3291 1077 3396 1131 ἀπὸ
3443 1083 3552 1133 τῶν
3585 1081 3739 1154 Ὠρι-

2083 1157 2272 1230 γένους
2318 1160 2722 1234 προερχόμενοι
2775 1160 2984 1232 μόθων,
3036 1160 3096 1214 οὐ
3142 1163 3246 1238 γὰρ
3291 1161 3601 1240 δογμάτων.
3637 1169 3739 1222 Καὶ

2085 1245 2243 1319 ὁρᾶτε
2270 1247 2378 1300 τίσι
2413 1245 2634 1310 θέλουσι
2667 1250 3131 1324 συναριθμεῖσθαι,
3165 1251 3254 1306 καὶ
3294 1254 3452 1316 ποίας
3501 1257 3741 1320 ἀτόπους

2085 1332 2240 1406 δόξας
2288 1339 2356 1407 τῇ
2404 1335 2698 1409 ἀμωμήτῳ
2744 1342 2853 1392 τῶν
2901 1339 3238 1411 Χριστιανῶν
3285 1343 3468 1398 πίστει
3497 1348 3786 1419 προσάπ-’

2081 1443 2263 1476 τουσιν
2317 1426 2368 1478 οἱ
2419 1426 2681 1499 στυγητοὶ
2729 1426 2874 1502 παρά
2904 1430 3021 1498 Θεῷ
3050 1428 3138 1482 καὶ
3173 1429 3483 1506 ἀνθρώποις
3512 1433 3570 1488 εῦ
3602 1455 3738 1509 φρο-

2073 1513 2261 1566 νοῦσιν
2297 1513 2662 1590 ὑπάρχοντες.

2151 1691 2218 1747 Οἱ
2268 1688 2325 1745 δὲ
2367 1693 2465 1759 τήν
2517 1698 2856 1765 σωματικήν.
2888 1699 3136 1753 Τουτέστι
3186 1701 3378 1775 ψυχῶν
3431 1701 3613 1772 μόνων
3654 1703 3736 1776 γί-

2081 1789 2261 1842 νεσθαι
2293 1777 2601 1847 ἀνάστασιν,
2637 1781 2903 1855 σωμάτων
2938 1785 3135 1860 χωρίς.

2153 1886 2428 1954 Ἀρθεῖσαν
2483 1883 2614 1955 ἤδη
2655 1889 2722 1944 ’Ὀ
2784 1888 2929 1963 λέγει
2988 1892 3015 1944 ὁ
3075 1892 3402 1955 Ἀπόστολος
3444 1891 3736 1970 ἀρῥαὸῶνα

2081 1973 2170 2027 καὶ
2205 1973 2474 2047 ἀπόδειξιν
2521 1983 2620 2044 τῆς
2675 1977 2808 2048 μετὰ
2844 1981 3098 2051 σώματος
3149 1982 3450 2052 καθολικῆς
3500 1983 3737 2039 ἀναστά-

2083 2082 2216 2124 σεως
2244 2063 2333 2116 τὸν
2376 2065 2570 2137 Κύριον
2617 2067 2776 2136 ἡμῶν
2811 2068 3020 2135 Ἰησοῦν
3074 2071 3304 2144 Χριστὸν
3355 2075 3682 2146 γεγενῆσθαι
3719 2092 3733 2106 ⁸

2080 2151 2169 2204 καὶ
2203 2150 2285 2204 ὅτι
2316 2151 2365 2204 ἐν
2401 2150 2546 2223 αὐτῷ
2576 2156 2661 2205 νῦν
2690 2154 2986 2226 κέκρυπται
3015 2158 3048 2225 ἡ
3085 2158 3197 2226 ζωὴ
3225 2160 3407 2230 ἡμῶν,
3437 2158 3488 2214 ἐν
3512 2165 3593 2232 τῷ
3615 2167 3737 2235 Θεῷ

2084 2241 2574 2312 φανερωοησομένη
2611 2240 2660 2295 έν
2689 2246 2755 2315 τῇ
2787 2244 3189 2320 παλιγγενεσία.

2151 2351 2370 2419 ιιθυχαῖς
2420 2346 2690 2420 συζυγίας.
2721 2349 2998 2422 Αἱρετικοί
3055 2371 3194 2413 τινες
3249 2353 3372 2408 τότε
3427 2355 3734 2428 γεγόνασιν,

2079 2434 2150 2494 ὡς
2185 2434 2236 2486 οἱ
2263 2434 2385 2508 περὶ
2428 2434 2650 2507 Σίμωνα
2691 2439 2782 2492 τὸν
2847 2440 3015 2512 μάγον
3071 2440 3161 2494 καὶ
3217 2441 3343 2504 τοὺς
3403 2442 3495 2497 σὺν
3554 2445 3730 2517 αὐτῷ,

2078 2521 2129 2575 οἳ
2159 2543 2297 2582 τινες
2332 2523 2568 2599 αἰθέριον
2589 2519 2842 2601 ἔφασκον,
2873 2525 2984 2600 εἶ’γε
3012 2527 3101 2582 καὶ
3156 2526 3259 2604 ἄρα
3304 2524 3513 2595 ἔσεσθαι
3564 2537 3734 2606 σῶμα

2073 2616 2192 2673 ταῖς
2246 2614 2471 2685 ψυχαῖς.
2506 2613 2696 2666 ’ἰστέον
2749 2612 2806 2668 δὲ
2864 2614 2945 2669 ὅτι
3003 2616 3092 2669 καὶ
3139 2617 3417 2693 Ὠριγένης
3473 2621 3535 2674 τὸ
3592 2621 3732 2677 αὐτό

2076 2720 2236 2774 φησιν
2271 2697 2321 2754 ἔν
2352 2721 2458 2754 τινι
2504 2706 2610 2754 τῶν
2670 2702 2833 2757 αὐτοῦ
2891 2706 3326 2780 συγγραμμάτων
3361 2727 3375 2740 ·
3413 2707 3462 2762 ἐν
3524 2707 3732 2773 ἄλλοις

2075 2783 2132 2840 δὲ
2160 2789 2247 2841 καὶ
2288 2787 2416 2842 αὐτὸ
2465 2788 2747 2852 παντελῶς
2794 2791 3130 2866 ἀπαρνεῖται,
3177 2800 3349 2848 πᾶσαν
3404 2801 3729 2869 σωματικὴν
3795 2810 3798 2813 ’

2073 2875 2226 2951 φύσιν
2261 2876 2335 2938 εἷς
2382 2878 2705 2952 άνυπαρξίαν
2768 2885 2967 2954 χωρεῖν
3019 2878 3390 2956 δογματίζων.
3425 2885 3731 2960 Ἀνάγνωθι

2071 2963 2340 3028 Μεθοδίου
2379 2970 2474 3020 τοῦ
2526 2966 2678 3040 ἁγίου
2730 2970 3001 3042 μάρτυρος
3045 2969 3133 3023 καὶ
3165 2969 3478 3045 Ὀλυμπίου
3507 2972 3729 3049 Ἀδρια-

2071 3051 2383 3116 νουπόλεως
2431 3053 2728 3108 ἐπισκόπου
2772 3063 2872 3125 τῆς
2927 3058 3128 3121 Λυκίας
3174 3059 3240 3113 τὰ.
3286 3061 3403 3114 κατ’
3430 3060 3592 3116 αὐτοῦ
3632 3065 3727 3118 ὑπ’

2070 3142 2247 3196 αὐτῶν
2301 3143 2422 3216 περὶ
2478 3143 2812 3206 ἀναστάσεως
2862 3146 3152 3222 γραφέντα,
3209 3147 3298 3201 καὶ
3355 3149 3727 3226 Ἀντιπάτρου

2067 3233 2160 3284 τοῦ
2192 3229 2442 3304 Βόστρων
2477 3230 2795 3286 έπισκόπου’
2828 3232 2917 3286 καὶ
2953 3235 3168 3308 μαθήσῃ
3211 3235 3310 3304 τήν
3362 3235 3584 3309 μυθώδη
3619 3239 3728 3294 αὗ-

2065 3323 2160 3374 τοῦ
2191 3319 2280 3373 καὶ
2312 3316 2617 3375 ἀλλόκοτον
2651 3318 2958 3394 ληρωδίαν.

2137 3407 2236 3462 Καὶ
2319 3408 2772 3482 μακαριωτάτην,
2833 3409 3007 3464 Ταῦτά
3085 3432 3246 3488 φησιν
3316 3411 3718 3488 αἰνιττόμενος,

2067 3496 2239 3566 οἶμαι,
2271 3498 2478 3550 Παπίαν
2519 3498 2611 3550 τὸν
2658 3497 3012 3572 Ἱεραπόλεως
3056 3503 3152 3566 τῆς
3193 3507 3310 3555 κατ’
3358 3501 3534 3559 Ἀσίαν
3587 3506 3720 3560 τότε

2064 3585 2350 3659 γενόμενον
2428 3583 2746 3655 ἐπίσκοπον,
2797 3587 2887 3640 καὶ
2958 3593 3367 3661 συνακμάσαντα
3434 3595 3513 3662 τῷ
3580 3593 3717 3666 θείῳ

2067 3670 2422 3747 εὐαγγελιστῇ
2482 3672 2721 3747 Ἰωάννῃ.
2781 3676 2953 3737 Οὗτος
3011 3676 3109 3752 γὰρ
3171 3677 3198 3731 ὁ
3259 3679 3470 3742 Παπίας
3529 3678 3580 3734 ἐν
3641 3685 3724 3752 τῷ

2064 3759 2302 3834 τετάρτῳ
2332 3760 2495 3816 αὐτοῦ
2530 3757 2732 3836 βιϐλίῳ
2769 3767 2876 3818 τῶν
2935 3769 3216 3836 Κυριακῶν
3267 3765 3574 3840 ἐξηγήσεων
3623 3771 3727 3832 τὰς

2069 3843 2155 3900 διὰ
2190 3850 2494 3922 βρωμάτων
2528 3853 2672 3904 εἶπεν
2708 3851 2760 3905 έν
2792 3855 2860 3923 τῇ
2893 3852 3175 3907 ἀναστάσει
3228 3853 3559 3919 ἀπολαύσεις
3587 3875 3600 3889 ⁸
3642 3857 3724 3918 εἷς

2066 3934 2196 4009 ὅπερ
2259 3934 2434 4012 δόγμα
2495 3938 2628 4010 μετᾶ
2681 3943 2846 3993 ταῦτα
2903 3939 3208 3996 ἐπίστευσεν
3265 3941 3725 4018 Ἀπολλινάριδς,

2068 4023 2266 4096 [καθὼς
2356 4025 2663 4102 ἐμφαίνεται
2748 4025 2801 4082 ἐν
2884 4032 2963 4099 τῷ
3049 4029 3427 4103 συγγράμματι
3505 4031 3724 4106 αὐτοῦ,]

2066 4113 2094 4165 ὃ
2124 4112 2350 4167 καλοῦσί
2379 4135 2518 4175 τινες
2551 4114 3052 4191 χιλιονταετηρίδα.
3088 4123 3211 4179 Πῶς
3264 4117 3354 4173 οὖν
3389 4117 3724 4176 Ἀπολλινα-

2067 4200 2186 4273 ρίου
2216 4202 2282 4255 τὰ
2310 4207 2404 4254 τοῦ
2440 4203 2589 4276 ἁγίου
2623 4204 2906 4260 Διονυσίου
2943 4208 3364 4280 συγγράμματα,
3397 4209 3534 4263 κατά
3587 4210 3724 4274 τοὺς

2061 4309 2223 4342 τινων
2288 4288 2513 4363 λήρους,
2579 4292 2644 4344 τά
2703 4293 3023 4366 ἀναιροῦντα
3082 4292 3550 4368 Ἀπολλινάριονς
3611 4296 3717 4350 Καὶ

2064 4375 2356 4450 Εἰρηναῖος
2411 4374 2467 4431 δὲ
2525 4379 2552 4431 ὁ
2611 4377 2955 4455 Λουγδοόνου
3014 4380 3064 4435 έν
3117 4386 3196 4454 τῷ
3256 4383 3398 4437 Κατὰ
3451 4383 3716 4459 αἱρέσεων

2062 4463 2295 4537 πέμπτῳ
2354 4464 2528 4540 λόγῳ,
2557 4469 2618 4522 τὸ
2677 4465 2806 4523 αὐτό
2853 4491 3004 4547 φησι,
3038 4470 3126 4524 καὶ
3177 4470 3401 4546 παράγει
3464 4473 3716 4550 μάρτυρα

311 4565 510 4635 citque
542 4567 751 4618 testem
786 4579 994 4619 eorum
1027 4579 1154 4634 quae
1185 4580 1219 4618 a
1249 4578 1312 4616 se
1343 4561 1500 4617 dicta
1529 4561 1960 4633 sunt,Papiam,

2081 4557 2170 4606 τῶν
2207 4554 2292 4608 ὑπ’
2321 4554 2484 4610 αὐτοῦ
2512 4555 2814 4629 εἰρημένων
2841 4558 2931 4612 τὸν
2965 4556 3230 4634 λεχθέντα
3259 4560 3492 4616 Ιιαπίαν.

311 4671 481 4724 quem
516 4653 796 4707 diximus.

384 4743 483 4800 Ubi
509 4741 582 4798 ad
625 4743 814 4812 ﬁnem.
867 4739 1177 4796 Horribilis
1224 4744 1333 4807 est,
1386 4745 1562 4812 atque
1599 4741 1954 4797 metuendus

307 4837 678 4905 peccatorum
709 4829 864 4886 ﬁnis.

377 4923 521 4976 Aliis
543 4921 737 4975 oculis.
788 4918 944 4974 Alios
994 4917 1193 4974 oculos
1227 4917 1500 4988 appellat,
1536 4919 1772 4986 mentis,
1824 4935 1950 4989 qua:

309 5009 586 5081 deinceps
617 5009 818 5079 purior
846 5011 1016 5077 est,et
1045 5007 1264 5062 inferos
1285 5005 1794 5077 contemplatur,et
1821 5023 1953 5061 con-

307 5097 550 5152 vertitur
606 5097 664 5151 in
725 5098 1003 5169 gehennae
1035 5095 1555 5168 exspectationem,
1581 5110 1756 5164 quam
1786 5095 1949 5166 prius

309 5201 423 5238 non
458 5185 782 5241 crediderat
816 5203 828 5252 ;
863 5186 992 5242 ideo
1024 5202 1172 5256 aegre
1203 5184 1456 5240 sustinet
1512 5188 1569 5238 et
1607 5183 1764 5238 dolet
1793 5199 1948 5240 mor-

306 5271 719 5340 tem,cogitans
741 5289 813 5327 ne
839 5273 1156 5344 aliquando
1175 5290 1309 5328 vera
1330 5273 1449 5327 sint
1469 5272 1783 5327 inferorum
1808 5289 1946 5344 sup-

304 5359 518 5432 plicia;
551 5361 728 5427 utque
777 5360 952 5414 etiam
1013 5365 1345 5433 peccatores
1400 5361 1459 5416 in
1520 5376 1760 5433 corpore
1794 5359 1945 5417 exci-

302 5452 526 5506 tantur.

377 5539 451 5592 II.
476 5538 691 5593 Coacto.
726 5535 806 5593 De
839 5534 911 5590 iis
942 5537 1042 5606 qui
1074 5539 1130 5593 in
1161 5538 1556 5598 ecclesiastico
1596 5540 1798 5597 ordine
1820 5555 1942 5597 mo-

303 5626 555 5686 riuntur.

2131 4736 2292 4789 ’Ὀταν
2339 4731 2421 4786 ἐπὶ
2469 4735 2530 4786 τὸ
2577 4732 2758 4795 τέλος.
2794 4735 3003 4810 Φρικτᾶ
3050 4736 3137 4790 καὶ
3197 4735 3318 4791 λίαν
3381 4733 3587 4814 φοϐερᾶ
3641 4742 3715 4796 τὰ

2057 4825 2165 4874 τῶν
2196 4819 2536 4895 ἁμαρτωλῶν
2567 4822 2700 4891 τέλη
2713 4865 2726 4878 .

2129 4911 2367 4983 Ἑτέροις
2439 4908 2767 4984 ὀφθαλμοῖς.
2845 4909 3096 4984 Ἑτέρους
3170 4912 3494 4990 ὀφθαλμούς
3575 4936 3713 4986 φησι

2057 5007 2182 5068 τοὺς
2215 5011 2309 5060 τοῦ
2357 5011 2474 5073 νοῦ,
2507 5006 2699 5061 λοιπὸν
2746 5009 3128 5084 καθαρωτέρου
3175 5005 3354 5080 ὄντος,
3386 5012 3476 5066 καὶ
3517 5014 3585 5066 τὰ
3635 5014 3716 5075 εἰς

2059 5091 2189 5165 ᾅδου
2219 5100 2572 5164 σκοποῦντος,
2595 5095 2682 5150 καὶ
2725 5098 3096 5172 στρεφομένου
3129 5098 3204 5161 εἰς
3252 5101 3349 5167 τήν
3408 5098 3712 5175 προδοκίαν

2055 5187 2152 5254 τῆς
2183 5185 2426 5259 γεέννης,
2457 5186 2516 5254 ἣν
2572 5183 2632 5238 οὐ
2693 5185 2958 5258 πρότερον
3017 5188 3363 5242 πεπιστεύκει
3397 5207 3410 5220 ⁸
3473 5186 3558 5243 διὸ
3615 5190 3711 5245 καὶ

2057 5271 2443 5346 δυσανασχετεῖ
2471 5273 2559 5327 καὶ
2604 5270 2852 5348 ὀδύρεται
2909 5274 3002 5328 τὸν
3055 5274 3304 5346 θάνιοτον,
3335 5275 3528 5330 ἐννοῶν
3595 5280 3707 5349 μή-

2054 5382 2186 5416 ποτε
2232 5361 2456 5431 ἀληθεῖς
2505 5358 2637 5415 ὦσιν
2688 5361 2742 5414 αἱ
2785 5363 2932 5416 κάτω
2962 5364 3225 5438 τιμωρίαι
3255 5383 3267 5398 ο
3304 5364 3439 5420 ὥστε
3497 5364 3589 5420 καὶ
3648 5367 3711 5421 οἱ

2053 5448 2374 5523 ἁμαρτωλοὶ
2402 5449 2452 5502 ἐν
2483 5453 2561 5520 τῷ
2598 5450 2810 5522 σώματι
2851 5448 3171 5526 ἐγείρονται.

2124 5540 2194 5595 ΙΙ.
2227 5538 2574 5614 Συναγαγών.
2609 5539 2739 5616 Περὶ
2773 5539 3063 5614 ἱερατικῶν
3108 5540 3513 5599 τελευτώντων.
