4000 6200
290 403 387 460 177

352 523 418 582 Ei
476 522 532 580 δὶ
585 527 704 586 τοῖς
771 521 1003 600 εὗαγέσι.
1065 521 1195 598 Περὶ
1243 523 1525 597 μοναχῶν,
1559 520 1778 577 δικαίων
1837 520 1925 577 xui
1955 525 2009 591 Α

293 611 497 668 λαϊκῶν
507 658 519 670 .

358 704 445 757 Ἐν
478 707 595 764 τοῖς
630 703 822 766 θείοις.
859 701 1171 774 Σημείωσαι
1214 701 1266 756 τί
1299 702 1719 776 ἀναγινώσκεται
1748 700 1836 754 xui
1887 698 1940 754 τί

290 790 556 864 ψάλλεται
589 792 677 846 ἐπὶ
708 795 818 845 τῶν
849 791 1267 862 κεκοιμημένων
1304 794 1560 863 μοναχῶν
1589 789 1676 842 καὶ
1711 789 1936 844 λαῖκῶψ

289 879 600 956 ὁμολόγους
630 878 688 934 δὲ
717 880 809 934 καὶ
840 877 1286 952 ταῦτοδυνάμους
1317 876 1460 951 ᾠδὰς
1489 879 1637 952 λέγει
1667 877 1782 939 ταῖς
1815 897 1944 952 προ·

292 969 745 1044 αναγνωσθιίσαις
774 967 896 1044 περῖ
920 968 1256 1029 ἀναστάσεως
1288 965 1566 1040 ἆψευδὲσιν
1596 965 1944 1042 ἐπαγγελίαις

293 1056 436 1127 ᾅδειν
469 1057 598 1118 τοὺς
629 1057 1005 1131 λειτουργούς.

359 1149 457 1204 ΙΙΙ.
491 1151 517 1216 §
550 1152 593 1203 Ι.
627 1148 808 1216 Ἰησοῦ
842 1149 1324 1220 φωταγωγοῦντος.
1357 1147 1479 1202 ’Ὁτι
1510 1145 1646 1220 πρὸς
1695 1143 1782 1198 τὸν
1823 1144 1938 1218 βίον

287 1235 375 1289 καὶ
409 1236 462 1289 oi
494 1235 655 1289 τόποι
686 1239 794 1288 τῶν
833 1233 1275 1307 κεκοιμημένων.

354 1324 514 1398 Ὑπὲρ
546 1323 751 1393 ταύτης
780 1330 880 1392 τῆς
933 1322 1094 1384 θείας.
1145 1324 1264 1380 ’Ὁτι
1320 1319 1663 1393 δικαιοσύνης
1710 1322 1821 1377 ἐστὶ
1877 1322 1939 1376 τὸ

285 1412 419 1486 πρὸς
446 1412 540 1466 τὸν
579 1410 696 1486 βίον
728 1408 914 1466 δοῦναι
945 1412 1035 1465 xui
1066 1411 1154 1466 16v
1187 1409 1376 1466 τόπον.

356 1501 549 1575 Εὐχὴν
585 1501 755 1572 ἱερὰν.
792 1500 892 1553 Διὰ
919 1499 971 1554 τί
1001 1502 1036 1569 ἡ
1071 1498 1232 1574 εὐχή.

356 1593 383 1658 §
415 1590 486 1646 ΙΙ.
520 1589 592 1643 Ai
618 1585 675 1642 δὲ
701 1592 810 1643 τῶν
859 1590 1188 1664 θεαρχικῶν.
1241 1587 1336 1642 Διά
1381 1586 1435 1642 τί
1485 1585 1619 1660 ᾠδαί
1649 1588 1738 1642 καὶ
1779 1591 1935 1664 ἀναγ-

286 1679 570 1750 νώσματα.
608 1676 926 1749 Σημείωσαι
959 1674 1014 1732 δὲ
1045 1677 1210 1732 ὁποία
1238 1678 1303 1746 ἦν
1337 1680 1371 1746 ἡ
1405 1676 1492 1731 ἐπὶ
1521 1683 1639 1738 τοῖς
1670 1698 1934 1750 κεκοιμη-

289 1769 472 1838 μὲνοις
514 1765 726 1822 παλαιᾶ
757 1766 1058 1822 ἀκολουθία
1088 1768 1179 1822 καὶ
1209 1768 1379 1838 τάξις.

1045 405 1104 458 Β.
1147 401 1422 458 MAXIMI
1459 401 1762 458 SCHOLIA
1799 404 1874 456 IN
1913 404 2045 457 LIB.
2084 403 2182 456 DE
2219 401 2508 456 ECCLES.
2549 402 2947 455 HIERARCH.

3590 393 3694 449 178

2109 523 2405 594 Siquidem
2452 525 2513 578 in
2558 523 2749 578 sarris.
2783 527 2866 578 De
2898 518 3226 587 monachis,
3253 516 3435 588 justis
3483 521 3539 573 et
3583 516 3695 573 lai-

2051 612 2155 669 cis.

2118 703 2178 756 In
2207 701 2602 757 divinis.Nota
2634 701 2776 772 quid
2808 699 3038 770 legatur
3069 701 3125 753 et
3154 696 3292 767 quid
3328 697 3574 750 canatur
3593 710 3695 764 pro

2047 795 2375 864 monachis,
2409 799 2466 849 et
2512 794 2678 850 laicis
2709 793 2809 865 qui
2841 790 3230 846 dormierunt.
3265 789 3697 844 Consentaneos

2047 890 2243 942 autem
2275 888 2482 940 cantus
2514 888 2570 939 et
2600 883 2754 938 idem
2784 881 3048 936 valentes
3079 879 3182 943 ait,
3215 875 3500 949 praelectis
3521 875 3593 929 de
3615 888 3698 929 re'

2046 974 2408 1030 surrectione
2435 988 2548 1028 non
2578 971 2742 1027 falsis
2774 968 3290 1042 promissionibus,
3322 979 3529 1020 canere
3586 962 3695 1016 mi-

2046 1063 2289 1119 nistros.

2117 1151 2213 1206 IlI.
2248 1150 2276 1223 ἕ
2307 1153 2347 1204 Ι.
2379 1149 2507 1204 Iesu
2549 1148 2885 1202 ittustrante.
2919 1145 3083 1211 Quod
3147 1158 3248 1213 pro
3305 1140 3437 1196 vitae
3493 1135 3697 1194 condi-

2042 1240 2222 1304 tione,
2255 1239 2429 1293 etiam
2462 1237 2584 1292 loca
2615 1237 2734 1291 sint
2762 1240 3150 1291 mortuorum.

2114 1330 2221 1383 Pro
2249 1329 2346 1383 hoc
2375 1327 2585 1381 divina.
2616 1325 2866 1381 Justitiae
2915 1340 3043 1380 esse
3073 1338 3177 1393 pro
3208 1319 3333 1376 vitae
3362 1315 3698 1374 conditione

2045 1419 2186 1473 dare
2218 1417 2393 1471 etiam
2426 1415 2644 1470 locum.

2117 1509 2338 1559 Precem
2366 1519 2601 1557 sacram.
2637 1501 2752 1558 Cur
2781 1499 3054 1570 precatio.

2114 1596 2236 1662 §II.
2271 1593 2600 1646 Divinarum
2658 1606 2838 1661 porro.
2871 1589 2986 1644 Cur
3035 1591 3244 1642 cantus
3290 1591 3347 1641 et
3395 1584 3693 1642 lectiones.

2045 1682 2191 1740 Nota
2242 1697 2373 1735 vero
2423 1679 2617 1750 qualis
2678 1678 2856 1733 fuerit
2885 1680 3050 1731 vetus
3083 1675 3343 1730 ofﬁcium
3377 1679 3432 1730 et
3462 1675 3602 1730 ordo
3636 1675 3694 1728 in

2046 1769 2318 1825 mortuis.

357 1857 561 1911 Σκόπει
596 1854 674 1928 δὲ,
703 1856 785 1911 ὅτι
817 1862 931 1912 νῦν.
958 1858 1078 1913 Ὀτι
1111 1857 1196 1911 ἐπὶ
1246 1861 1366 1918 τοῖς
1413 1855 1757 1928 τελευτῶσιν,
1811 1854 1936 1912 οὕτε

2115 1862 2389 1916 Caeterum
2417 1857 2659 1926 observa,
2694 1855 2836 1927 quod
2864 1871 3032 1911 nunc.
3069 1854 3150 1908 Ad
3186 1856 3552 1908 mortuorum
3602 1869 3694 1908 se-

288 1947 339 1998 οἱ
366 1943 772 2018 ἐνιργούμενοι,
803 1943 928 1999 οὔτε
957 1947 1007 1999 0':
1040 1945 1093 1999 ἐν
1123 1946 1382 2017 μετανοίᾳ
1407 1945 1626 2016 ἐξίασιν,
1658 1944 1804 2000 ἀλλᾶ
1832 1947 1930 2019 μό-

288 2056 367 2088 νοι
399 2036 453 2088 οἱ
482 2033 916 2108 κατηγούμενοι⁹
950 2035 1036 2088 καὶ
1072 2031 1160 2088 διὰ
1184 2033 1262 2088 τί·

355 2125 424 2180 Oi
474 2122 905 2198 κατηχούμενοι.
956 2119 1124 2180 Οὐδὲν
1159 2124 1255 2194 μὲν
1318 2124 1509 2195 μικρὸν
1560 2122 1610 2177 ἐν
1656 2129 1771 2185 τοῖς
1817 2126 1932 2178 καθ⁹

285 2215 432 2283 ἡμᾶς
468 2211 816 2286 μυστηρίοις,
848 2209 995 2265 ἀλλᾶ
1036 2210 1208 2265 πάντα
1259 2209 1498 2286 μεγάλα·
1548 2211 1682 2266 αὐτᾶ
1727 2211 1931 2284 μέντοι,

286 2303 420 2376 πρὸς
446 2298 674 2369 ἄλληλα
697 2299 1112 2374 συγκρινόμενα,
1147 2297 1407 2374 διαφορὰν
1439 2295 1611 2369 ἕξουσι
1644 2302 1782 2371 πρὸς
1836 2322 1933 2372 με·

285 2387 637 2465 γαλιιότητα.
672 2391 792 2444 Τῶν
823 2387 922 2463 γὰρ
955 2385 1246 2461 δρωμένων
1281 2387 1368 2442 ἐπὶ
1400 2390 1445 2424 “
1497 2392 1613 2452 τοῖς
1641 2386 1935 2444 τελευτῶσι

293 2479 514 2551 μέγιστα
576 2476 666 2530 καὶ
721 2471 1083 2550 ἀπαράὸλητα
1129 2476 1196 2530 τὰ
1221 2480 1330 2530 τῶν
1363 2478 1520 2540 θείων
1552 2475 1796 2552 λουτρῶν
1845 2478 1934 2532 καὶ

289 2564 656 2640 φωτισμάτων
680 2563 769 2616 καὶ
800 2560 1158 2636 μεταλήψεων
1196 2565 1487 2638 μυστήρια*
1533 2561 1618 2618 διὸ
1647 2565 1736 2618 καὶ
1771 2567 1939 2638 μικρά

287 2653 355 2707 τὰ
383 2653 470 2707 ἐπὶ
501 2656 619 2713 τοῖς
640 2672 874 2722 κεκοιμη
887 2649 1067 2724 μὲνοις
1096 2652 1372 2724 ὡνόμασε⁶
1398 2652 1543 2721 πλὴν
1578 2649 1703 2707 οὐδὲ
1730 2653 1938 2708 τούτων

294 2741 432 2810 ἄξιοι
476 2742 526 2794 οἱ
559 2735 636 2794 ἔτι
670 2740 1101 2814 κατηχούμενοι.

367 2823 751 2898 Βλαϐήσονται
783 2828 908 2901 γάρ.
942 2830 1122 2884 Ταῦτα
1153 2825 1446 2891 ἀκολουθεῖ
1473 2834 1588 2890 τοῖς
1620 2829 1670 2883 ἐν
1703 2833 1771 2903 τῇ
1803 2831 1940 2905 πρὸς

292 2918 623 2993 Κορινθίους
669 2918 864 2992 πρώτῃ
911 2916 1220 2991 εἰρημένοις
1265 2917 1410 2990 παρά
1452 2922 1549 2972 τοῦ
1597 2917 1941 2974 Ἀποστόλου

289 3008 412 3080 περὶ
443 3010 552 3060 τῶν
586 3005 818 3078 ἀναξίως
848 3004 1289 3059 κοινωνοὺντων·
1324 3004 1430 3059 ὧδε
1462 3003 1518 3060 δὲ
1546 3004 1635 3060 xui
1678 3027 1939 3085 περιφρο-

292 3100 396 3148 νεῖν
431 3093 630 3155 αὐτοῦς
665 3092 813 3168 λέγει
842 3098 948 3147 τῶν
983 3092 1138 3156 θείων
1172 3094 1506 3169 μυστηρίων.

364 3188 390 3254 §
423 3185 514 3239 IV.
548 3184 611 3239 Ἦ
648 3184 742 3254 μὲν
775 3187 867 3237 οὖν
900 3180 1060 3255 εὐχή.
1095 3181 1415 3254 Σημείωσαι
1443 3181 1494 3236 τί
1526 3179 1764 3256 εὔχεται.

374 3356 754 3433 ’Δνθρωπίνην
789 3355 1085 3414 ἀσθένειαν.
1119 3357 1379 3416 Τουτὲστι
1410 3359 1475 3412 τὰ
1507 3357 1643 3432 ψιλὰ
1670 3364 1776 3414 τῶν
1807 3361 1951 3433 ἁμα-

309 3449 630 3522 ρτημάτων.

380 3538 503 3606 §V.
558 3533 881 3609 Ἀναλόγοις
926 3534 1236 3608 σημασίαις.
1288 3532 1609 3610 Ἀναλόγοις
1659 3558 1954 3610 σημασιαις

312 3623 436 3701 ἔφη,
462 3625 708 3679 τουτέστι
753 3629 872 3686 ταῖς
920 3625 1054 3696 ἡμῖν
1099 3625 1406 3700 γνωρίμοις
1441 3645 1499 3678 τε
1544 3626 1633 3680 καὶ
1685 3628 1952 3695 συνήθεσι,

309 3714 397 3769 καὶ
429 3715 540 3788 οὐχ
567 3714 701 3788 ὑπὲρ
729 3714 830 3780 τήν
867 3713 1135 3787 ἡμετέραν
1166 3708 1376 3782 νὸησιν,
1410 3710 1581 3783 λὲξεσί
1609 3735 1665 3768 τε
1693 3715 1780 3768 καὶ
1829 3715 1954 3770 ὀνο-

309 3802 530 3875 μασίαις
564 3823 629 3872 ση
642 3800 962 3874 μαινόμενα.

380 3978 475 4032 VI.
538 3978 648 4040 Τῆς
708 3981 1096 4048 πραγματικῆς
1174 3974 1370 4030 αὐτῶν.
1441 3977 1692 4031 Τουτέστι
1760 3979 1877 4031 καθ’
1926 3978 1954 4032 '6

313 4063 590 4136 δυνάμεθα
620 4069 782 4135 νοεῖν,
827 4063 914 4117 καὶ
948 4062 1007 4118 ἐκ
1034 4067 1138 4117 τῶν
1169 4066 1306 4135 ἡμῖν
1355 4063 1645 4140 γνωρίμων
1679 4064 1872 4138 λέξεών
1900 4087 1959 4121 τε

314 4155 403 4208 καὶ
433 4151 719 4225 ὀνομάτων
770 4153 864 4213 τὰς
909 4151 1019 4206 ἐκεῖ
1066 4150 1394 4214 ἀπολαύσεις
1443 4154 1470 4207 ὁ
1502 4153 1631 4216 Θεὸς
1660 4154 1956 4227 ὠνόμασεν,

317 4244 508 4315 εἰπὼν,
560 4245 637 4314 μὴ
674 4241 804 4296 εἶναι
838 4240 949 4296 ἐκεῖ
979 4239 1181 4312 λύπην,
1215 4244 1249 4312 ἢ
1281 4241 1456 4310 νόσν,ν
1550 4245 1737 4312 πόνον,
1771 4245 1805 4312 ἦ
1840 4265 1961 4299 στε-

310 4329 703 4406 ναγμὸν,ἀλλά
735 4336 848 4406 φῶς
879 4332 1034 4384 εἶναι·
1072 4328 1219 4398 πλην
1254 4330 1316 4385 οὐ
1344 4335 1505 4385 τοῦτο
1530 4333 1596 4386 τά
1625 4331 1734 4386 ἐκεῖ
1761 4332 1957 4407 ἀγαθὰ,

306 4421 434 4476 ἀλλ’
464 4422 541 4481 ὼς
576 4419 798 4489 ἀληθῶς
831 4417 1078 4492 ἄγνωστα
1105 4417 1239 4481 τὲως
1272 4422 1410 4490 ἡμῖτ
1442 4421 1531 4473 καὶ
1578 4419 1956 4491 ἀκατάληπτα·

310 4510 345 4563 ἃ
371 4510 473 4584 γὰρ
506 4506 790 4585 ὀφθαλμὸς
825 4507 924 4561 οὐκ
953 4504 1079 4575 εἶδε,
1140 4510 1357 4569 καὶτὰς
1405 4507 1551 4577 ἑξῆς
1601 4508 1728 4564 ἀλλ’
1777 4509 1826 4580 ἐξ
1885 4511 1957 4563 ὧν

2043 1950 2366 2022 pulturam,
2412 1965 2604 2019 neque
2654 1946 3054 2018 energumeni,
3107 1961 3293 2016 neque
3349 1944 3698 2015 poenitentes

2042 2043 2282 2104 exeunt;
2315 2038 2416 2093 sed
2449 2037 2558 2092 soli
2595 2035 3041 2091 cathechumeni
3068 2051 3082 2090 :
3117 2039 3173 2090 et
3202 2051 3404 2105 quare.

2113 2127 2214 2182 88
2235 2125 2635 2181 Catechumeni.
2653 2125 2809 2179 Nihil
2832 2125 3068 2194 quidem
3092 2123 3366 2194 exiguum
3388 2123 3447 2177 in
3474 2121 3691 2176 nostris

2043 2215 2365 2286 mysteriis,
2388 2215 2489 2270 sed
2521 2229 2736 2283 magna
2764 2212 2992 2279 omnia;
3024 2228 3089 2266 ea
3126 2216 3320 2266 tamen
3352 2212 3404 2266 si
3433 2211 3584 2266 inter
3623 2228 3685 2266 se

2043 2306 2438 2372 conferantur,
2470 2304 2526 2357 in
2561 2303 2970 2374 magnitudine
3001 2302 3548 2357 dissimilitudinem
3583 2303 3686 2356 ha-

2042 2394 2284 2449 bebunt.
2321 2393 2396 2448 Iis
2427 2391 2584 2447 enim
2615 2407 2740 2462 quae
2766 2391 3150 2462 perficiuntur
3180 2391 3236 2444 in
3271 2391 3539 2459 mortuis,
3561 2407 3688 2444 ma-

2042 2485 2203 2538 xima
2231 2487 2392 2546 sunt,
2422 2485 2478 2535 et
2511 2479 3016 2550 incomparabilia,
3067 2478 3398 2533 divinorum
3433 2479 3692 2534 lavacro-

2046 2587 2176 2626 rum
2202 2575 2257 2626 et
2279 2569 2747 2625 illustrationum
2771 2584 2959 2622 comm
2972 2567 3188 2622 unionu
3201 2583 3372 2637 mque
3395 2568 3690 2638 mysteria:

2047 2661 2176 2715 ideo
2212 2676 2386 2730 parva
2417 2658 2563 2712 dixit
2605 2673 2672 2712 ea
2719 2671 2846 2727 quae
2897 2656 3281 2727 perficiuntur
3310 2655 3368 2710 in
3403 2655 3690 2723 mortuis;

2048 2753 2452 2803 verumtamen
2486 2761 2676 2817 neque
2707 2744 2800 2799 his
2832 2744 2991 2815 digni
3025 2744 3216 2798 adhuc
3236 2744 3654 2800 catechumeni.

2124 2837 2414 2893 Lazdentur
2438 2837 2608 2897 enim,
2644 2835 2773 2889 limo
2804 2837 3132 2888 consonant
3188 2833 3258 2888 iis
3304 2850 3431 2902 quae
3477 2834 3698 2904 scripta

2051 2930 2190 2982 sunt
2213 2926 2269 2980 in
2294 2925 2481 2995 priore
2503 2924 2574 2978 ad
2606 2922 2935 2979 Corinthios
2977 2921 3228 2992 epistola
3276 2922 3348 2976 ab
3399 2921 3694 2993 Apostolo,

2052 3015 2123 3069 de
2151 3014 2224 3069 iis
2252 3012 2352 3084 qui
2383 3011 2624 3084 indigne
2653 3010 3133 3076 communicant;
3167 3009 3261 3064 hic
3292 3015 3489 3065 autem
3518 3010 3692 3065 etiam

2052 3107 2426 3160 contemnere
2456 3117 2555 3156 eos
2583 3100 2726 3155 dicit
2755 3099 2952 3154 divina
2980 3099 3278 3167 mysteria.

2125 3193 2153 3258 §
2182 3190 2276 3246 IV.
2311 3191 2561 3245 Precatio
2591 3189 2827 3260 quidem.
2860 3188 3007 3243 Nota
3035 3188 3175 3259 quid
3208 3191 3492 3258 precetur.

2128 3369 2446 3423 Humanam
2472 3367 2862 3437 fragilitatem.
2894 3369 3013 3421 Hoc
3043 3369 3131 3422 est
3159 3381 3335 3436 parva
3365 3368 3619 3436 peccata.

2129 3548 2156 3614 §
2185 3546 2252 3602 V.
2283 3545 2370 3601 Ad
2398 3546 2617 3614 captum
2654 3552 2900 3598 nostrum
2929 3543 3348 3599 accommodatis
3376 3543 3707 3609 rationibus,

2059 3634 2156 3689 Gr.
2217 3630 2510 3703 ἀναλόγοις
2571 3627 2888 3698 σημασίαις.
2949 3627 3102 3682 Dixit
3171 3622 3459 3700 ἀναλὸγοις
3530 3645 3710 3698 σημα-

2061 3721 2223 3784 σίαις,
2256 3720 2366 3774 hoc
2391 3722 2482 3773 est
2512 3718 2682 3772 nobis
2714 3715 2866 3771 notis
2898 3720 2955 3770 et
2985 3717 3258 3781 assuetis,
3291 3719 3347 3770 et
3376 3732 3501 3786 quae
3533 3715 3705 3770 intel-

2060 3807 2360 3882 ligentiam
2388 3810 2650 3861 nostram
2685 3821 2801 3859 non
2832 3808 3134 3875 superant,
3154 3803 3508 3859 dictionibus
3526 3807 3584 3858 et
3604 3821 3706 3875 ap-

2063 3895 2478 3971 pellationibus
2508 3892 2857 3965 signiﬁcata.

2135 3985 2279 4054 §VI.
2312 3985 2564 4040 Actiones
2589 3998 2740 4037 suas.
2776 3981 2892 4037 [Ioc
2924 3983 3013 4036 est
3041 3984 3331 4052 quatenus
3385 3980 3709 4053 intelligere

2065 4089 2405 4146 possumus,
2439 4075 2611 4141 atque
2640 4087 2707 4125 ex
2739 4070 2910 4124 nobis
2943 4072 3101 4126 notis
3131 4070 3322 4126 verbis
3355 4087 3421 4126 ac
3454 4070 3709 4126 nomini-

2066 4163 2201 4226 bus,
2231 4160 2559 4231 voluptates
2583 4175 2709 4230 quae
2734 4157 2853 4212 illic
2877 4162 3018 4213 sunt
3042 4159 3196 4214 Deus
3217 4158 3551 4230 appellavit,
3578 4175 3712 4213 cum

2067 4251 2211 4305 dixit
2241 4267 2356 4304 non
2389 4265 2517 4304 esse
2549 4246 2666 4302 illic
2697 4246 2977 4310 dolorem,
3011 4253 3112 4302 aut
3161 4248 3453 4317 morbum,
3487 4251 3589 4302 aut
3629 4247 3713 4301 1a-

2068 4339 2405 4405 borem,aut
2434 4337 2855 4408 gemitum,sed
2889 4335 3086 4391 lumen
3121 4353 3285 4402 esse;
3316 4341 3714 4390 verumtamen

2069 4445 2186 4482 non
2205 4428 2314 4482 hoc
2337 4443 2463 4497 quae
2489 4425 2607 4481 illic
2632 4426 2801 4491 bona,
2830 4427 2929 4480 sed
2953 4425 3256 4480 verissime
3293 4425 3490 4496 ignota
3529 4424 3717 4478 adhuc

2071 4516 2240 4572 nobis
2271 4519 2327 4570 et
2354 4513 2999 4585 incomprehensibilia;
3025 4531 3147 4584 quae
3174 4513 3330 4568 enim
3363 4512 3568 4568 oculus
3601 4527 3715 4565 non

310 4596 564 4670 οἴδαμεν,
598 4592 970 4670 ὑποδείγματα
1002 4593 1190 4650 δίδωσι
1229 4595 1646 4670 μακαριότητος.
1701 4599 1948 4670 Σημείω·

2076 4605 2235 4672 vidit,
2259 4610 2316 4658 et
2348 4620 2474 4674 quin
2535 4605 2898 4672 sequuntur:
2935 4602 3031 4657 sed
3066 4617 3134 4656 ex
3164 4601 3238 4655 iis
3265 4617 3390 4672 qua:
3424 4599 3715 4664 novimus,

310 4707 397 4741 σαι
429 4685 508 4754 δὲ,
541 4690 661 4746 πῶς
690 4679 954 4757 λαμϐάνει
985 4685 1069 4756 τὸ,
1115 4684 1215 4746 Εἷς
1271 4683 1510 4747 κόλπους
1569 4682 1821 4761 Ἀϐραὰμ
1866 4686 1957 4741 καὶ

340 4777 505 4830 Ισαάκ
524 4775 615 4829 καὶ
647 4768 846 4828 Ἰακώϐ
857 4817 870 4830 .

387 4868 559 4920 ’Ὁτου
607 4860 784 4916 ἕνεκα.
839 4861 1062 4936 ’Δπορεῖ
1131 4861 1255 4936 περὶ
1310 4867 1409 4930 τῆς
1457 4863 1750 4936 γινομένης
1802 4863 1970 4938 εὐχῆς

317 4952 468 5024 παρά
493 4955 597 5011 10-3
627 4949 893 5025 ἱεράρχου
941 4947 1028 5004 ἐπὶ
1059 4954 1174 5011 τοῖς
1223 4948 1274 5004 ἐν
1305 4949 1594 5024 ἁμαρτίαις
1631 4972 1864 5024 κεκοιμη
1877 4953 1969 5025 μὲι

321 5062 465 5103 νοις.

386 5133 512 5187 Τῶν
574 5125 802 5183 δικαίων
864 5127 919 5180 αἱ
971 5127 1295 5202 προσευχαί.
1351 5127 1669 5201 Σημείωσαι
1727 5130 1808 5183 δτι
1879 5126 1971 5202 μόο

310 5240 444 5281 νους
473 5217 600 5280 τοὺς
633 5216 820 5286 ἀξίους
847 5220 956 5270 τῶν
1011 5215 1310 5290 οἰκτιρμῶν
1357 5221 1453 5271 τοῦ
1485 5222 1618 5272 Θεοῦ
1672 5215 1972 5293 ὠφελοῦσιν

382 5405 465 5476 (α)
495 5403 704 5461 Matth.
739 5418 867 5470 vm,
908 5405 992 5458 11.

2069 4694 2169 4749 dat
2191 4691 2457 4763 exempla
2482 4690 2803 4746 beatitatis:
2835 4695 2970 4746 nota
2999 4695 3215 4760 autem,
3244 4689 3536 4760 quomodo
3567 4687 3717 4743 acci-

2080 4781 2202 4853 piat
2230 4779 2410 4835 illud:
2446 4781 2504 4834 In
2539 4782 2692 4834 sinus
2719 4779 2952 4835 Abrahae
2981 4783 3031 4833 et
3060 4780 3211 4833 Isaac
3239 4786 3290 4833 et
3319 4778 3477 4833 Jacob
3508 4776 3606 4848 (a).

2152 4869 2315 4940 Cujus
2346 4869 2430 4924 rei
2446 4870 2653 4940 gratia.
2687 4867 2925 4922 Dubitat
2951 4867 3021 4922 de
3048 4882 3215 4938 prece
3271 4864 3422 4921 facta
3469 4866 3540 4920 ab
3590 4865 3716 4936 epi-

2080 4973 2279 5029 scopo,
2302 4956 2363 5012 in
2383 4956 2458 5012 iis
2489 4956 2591 5028 qui
2622 4956 2681 5010 in
2714 4954 2964 5027 peccatis
2996 4953 3209 5009 mortui
3240 4958 3397 5009 sunt.

2151 5136 2430 5190 Justorum
2454 5149 2660 5205 preces.
2694 5133 2860 5199 Nota,
2902 5132 3058 5202 quod
3091 5129 3232 5186 solis
3262 5131 3459 5202 dignis
3491 5133 3723 5188 miseri-

2082 5222 2280 5278 cordia
2305 5222 2407 5278 Dei
2438 5222 2663 5293 prosint
2684 5221 2984 5291 justorum
3018 5219 3334 5289 orationes,
3357 5221 3478 5278 sive
3507 5221 3726 5289 vivant,

1328 5573 1571 5633 VARIE
1609 5574 2000 5634 LECTIONES
2042 5576 2131 5634 ET
2167 5575 2722 5634 CORBECTIONES.

387 5681 541 5738 “iv.
