4000 6200
306 435 408 490 179

1139 431 1508 484 ΑΡΡΕΝΒῙΧ
1549 429 1647 482 AD
1683 427 1926 483 OPERA
1962 430 2022 482 S.
2061 430 2379 489 DIONYSII
2419 434 2921 491 ABEOPAGITE.

3614 429 3720 484 180

304 556 425 613 sive
445 553 660 612 mortui
686 554 806 610 sint
831 572 846 624 ;
880 570 995 610 non
1017 553 1258 624 quidem
1291 550 1704 624 peccatoribus
1725 553 1783 606 et
1796 549 1959 622 juste

2095 551 2127 604 ιὶ
2156 555 2265 606 τῶν
2297 549 2520 608 δικαίων
2554 553 2881 632 προσευχαὶ,
2915 551 3019 608 εἴτε
3053 557 3278 623 ζῶντας,
3311 549 3418 608 εἴτε
3458 551 3723 622 τελευτή-

307 643 813 708 condemnatis,et
838 642 935 698 hic
965 646 1020 698 et
1047 645 1178 714 post
1209 644 1476 696 mortem.

379 821 644 893 Nunquid
674 837 707 876 a
736 819 1011 876 Samuele.
1053 818 1246 889 Neque
1293 818 1447 873 enim
1495 817 1655 874 Sauli
1705 817 1963 890 pessimo

313 911 583 969 existenti
642 926 816 965 orans
867 909 1088 980 profuit
1145 908 1402 979 Samuel,
1462 924 1652 978 neque
1708 907 1965 963 Hebreis

317 1000 723 1074 peccatoribus
749 997 1050 1054 exeistenti
1059 998 1170 1053 bus
1184 997 1431 1068 Moyses.
1444 996 1592 1052 Dixit
1604 998 1760 1052 enim
1775 997 1966 1052 Domi-

315 1108 428 1146 nus
460 1091 532 1144 ad
565 1088 760 1160 ipsum
787 1105 800 1143 :
833 1088 965 1143 Noli
996 1102 1156 1143 orare
1179 1102 1280 1158 pro
1309 1088 1505 1158 populo
1536 1087 1662 1142 isto.

385 1267 508 1323 Sole
531 1267 707 1321 lucem
719 1262 1048 1320 suam.Vide
1063 1277 1135 1319 ne
1152 1264 1297 1319 forte
1309 1263 1794 1335 existimes,quod
1809 1263 1970 1320 dicat

316 1355 502 1411 solem
534 1355 671 1409 dare
702 1370 812 1408 sua
843 1352 941 1409 89
975 1351 1236 1420 lumina;
1283 1352 1576 1424 quomodo
1630 1352 1784 1408 enim
1843 1351 1969 1423 ipse

315 1444 412 1515 qui
438 1443 802 1498 inanimatus
823 1446 932 1511 est,
956 1442 1222 1497 dederit?
1242 1441 1559 1498 voluntatis
1580 1441 1738 1497 enim
1761 1445 1847 1496 est
1868 1441 1969 1496 do-

317 1531 504 1600 natio;
529 1532 630 1587 sed
657 1530 840 1586 veluti
865 1545 1095 1585 morum
1117 1531 1368 1602 quadam
1393 1530 1625 1586 ﬁctione
1655 1529 1798 1586 dicit
1817 1528 1970 1600 quod

319 1620 688 1692 proponitur.
715 1619 879 1674 Sicut
899 1620 1054 1674 enim
1089 1619 1137 1674 si
1170 1620 1304 1686 quis
1336 1623 1650 1691 supponat,
1675 1619 1855 1675 solem
1890 1618 1977 1674 di-

321 1722 478 1762 cere:
506 1707 625 1777 Ego
655 1705 985 1762 valentibus
1006 1707 1194 1762 oculis
1216 1707 1413 1762 lumen
1439 1707 1590 1762 dono
1619 1731 1634 1775 ;
1666 1711 1870 1778 postea
1889 1705 1977 1761 in-

322 1796 533 1850 ﬁrmus
568 1794 785 1866 aliquis
816 1796 1000 1852 oculis
1032 1796 1272 1852 dixerit:
1302 1797 1381 1850 Da
1411 1796 1586 1851 etiam
1621 1795 1788 1861 mihi,
1812 1793 1974 1850 valeo

323 1885 514 1950 enim;
550 1887 675 1938 tum
711 1888 947 1954 accepta
995 1883 1144 1949 luce,
1177 1883 1351 1938 etiam
1403 1883 1461 1936 id
1513 1882 1668 1954 quod
1717 1881 1970 1950 videbat,

323 1972 570 2028 amittet.
623 1972 836 2027 Eodem
869 1971 1046 2027 etiam
1079 1971 1250 2028 modo
1284 1975 1551 2043 peccator
1581 1969 1825 2027 affectus
1855 1973 1964 2040 est,

321 2076 454 2114 cum
489 2065 656 2133 rogat
683 2060 874 2115 virum
906 2062 1151 2127 bonum,
1174 2065 1238 2115 ut
1257 2076 1358 2132 pro
1389 2076 1451 2115 se
1480 2063 1749 2131 precetur
1775 2083 1788 2125 ;
1823 2058 1970 2130 pati-

321 2153 418 2204 tur
446 2149 600 2205 enim
630 2149 942 2205 caecutiens
960 2153 1015 2205 et
1032 2147 1362 2220 suscipiens
1391 2147 1497 2203 viri
1527 2148 1664 2204 boni
1689 2147 1968 2204 orationis

322 2238 576 2308 radium,
602 2253 717 2293 non
761 2239 1031 2294 concedit
1076 2253 1233 2303 eum,
1263 2254 1331 2294 ea
1378 2253 1504 2309 quae
1562 2241 1701 2294 sunt
1747 2241 1969 2292 naturai

321 2325 510 2396 ipsius
542 2326 731 2382 facere
764 2331 820 2382 et
850 2325 1168 2396 illustrare,
1190 2327 1287 2382 sed
1318 2326 1593 2382 tenebras
1623 2325 1736 2382 sibi
1766 2341 1971 2396 procu-

322 2419 434 2481 rat,
455 2431 571 2471 non
592 2415 861 2471 habendo
889 2414 1198 2484 rationem,
1216 2431 1318 2486 per
1347 2430 1554 2487 puram
1583 2415 1764 2470 vitam
1793 2416 1972 2470 dono-

323 2519 457 2558 rum
490 2503 685 2571 Dei,et
704 2503 976 2560 discessit
995 2520 1097 2559 seu
1121 2503 1364 2560 secessit
1391 2505 1465 2560 ab
1495 2503 1972 2559 illuminantibus

325 2592 427 2647 Dei
459 2593 790 2664 prazceptis:
818 2608 1065 2664 peccans
1089 2593 1245 2648 enim
1281 2593 1599 2649 contemnit
1628 2591 1814 2664 legem
1846 2592 1969 2662 Dei,

325 2684 383 2735 et
432 2680 580 2734 nihil
631 2681 703 2735 ab
754 2679 1015 2736 oratione
1038 2681 1532 2751 justijuvabitur.
1566 2683 1727 2746 Quod
1774 2685 1970 2736 autem

327 2768 449 2824 haec
479 2769 551 2824 de
582 2768 703 2826 sole
733 2770 814 2826 ita
845 2768 1154 2839 intelligat,
1187 2770 1363 2824 etiam
1392 2769 1452 2824 in
1482 2769 1632 2825 libro
1660 2774 1740 2826 De
1767 2771 1974 2826 divinis

325 2859 662 2926 nominibus,
693 2862 902 2930 quarto
931 2857 1118 2929 capite
1146 2857 1462 2930 signiﬁcat.

404 3034 589 3091 Utiles.
614 3034 914 3098 Quomodo
937 3039 996 3091 et
1017 3036 1252 3107 quando
1275 3037 1460 3108 prosit
1470 3036 1618 3107 justi
1643 3037 1828 3093 oratio
1849 3040 1978 3094 tan-

329 3127 458 3180 tum
487 3123 703 3178 viventi
731 3141 745 3179 :
778 3128 836 3179 et
863 3123 1025 3193 dicit,
1059 3125 1290 3194 quando
1322 3125 1623 3196 pcenitenti
1653 3127 2000 3182 secundum.

328 3211 674 3283 Apostolum
700 3228 712 3266 :
745 3212 897 3267 Flere
924 3228 1049 3266 cum
1065 3214 1328 3282 ﬂentibus
1348 3214 1500 3284 (b-c,)
1518 3217 1576 3268 et
1597 3215 1830 3284 quando
1853 3229 1977 3270 ora-

2072 659 2283 708 σαντας,
2323 641 2383 696 ού
2417 643 2523 715 μὴν
2558 642 2922 718 ἁμαρτωλοὺς
2955 642 3044 698 καὶ
3081 641 3582 715 ἀξιοκατακρίτους,
3633 640 3724 694 καὶ

2073 725 2178 782 ὦδε
2210 731 2298 784 καὶ
2333 733 2468 803 μετά
2501 731 2744 795 θάνατον.

2144 818 2213 873 "H
2258 818 2309 872 τί
2359 821 2491 892 πρὸς
2536 825 2631 874 τοῦ
2684 819 2977 893 Σαμουήλ.
3039 815 3174 874 Οὔτε
3225 818 3328 894 γὰρ
3383 819 3477 872 τὸν
3534 816 3723 873 Σαοὺλ

2071 904 2322 961 κάκιστον
2356 905 2483 963 ὄντα
2529 909 2807 987 ὠφέλησεν
2859 911 2887 963 6
2936 907 3199 982 Σαμουὴλ
3230 908 3540 980 εὐξάμενος,
3601 905 3725 962 οὔτε

2073 995 2199 1056 τοὺς
2229 991 2513 1070 Ἑϐραίους
2538 997 2902 1074 ἁμαρτωλοὺς
2931 994 3088 1060 ὄντας
3117 998 3145 1050 6
3177 999 3439 1065 Μωϋσῆςο
3474 996 3590 1050 εἶπε
3621 997 3725 1070 γὰρ

2076 1083 2104 1136 6
2139 1083 2334 1158 Κύριος
2374 1086 2510 1158 πρὸς
2560 1085 2740 1140 αὐτόν’
2801 1087 2892 1155 Μὴ
2952 1084 3265 1159 προσεύχου
3307 1083 3430 1159 περὶ
3459 1088 3558 1138 τοῦ
3589 1081 3729 1138 λαοῦ

2073 1171 2290 1228 τούτου.

2148 1259 2344 1316 Ἡλίου
2399 1261 2466 1316 τὰ
2509 1261 2708 1320 οἰκεῖα.
2760 1265 2898 1337 ’Ὀρα
2947 1265 3023 1336 μή
3067 1261 3176 1316 πού
3220 1281 3282 1336 γε
3323 1259 3580 1336 νομίσῃς,
3646 1259 3729 1315 ὅτι

2077 1349 2172 1402 τὸν
2224 1347 2384 1415 ἥλιόν
2419 1372 2549 1424 φησι
2583 1348 2871 1426 δωρεῖσθαι
2901 1351 2968 1405 τὰ
2999 1350 3192 1404 ἑαυτοῦ
3218 1353 3389 1427 φῶτα·
3450 1353 3568 1410 πῶς
3627 1349 3729 1422 γὰρ

2081 1436 2138 1490 ἂν
2190 1435 2399 1514 ἄψυχος
2446 1437 2798 1513 δωρήσαιτος
2848 1439 3221 1515 προαιρέσεως
3269 1439 3372 1513 γὰρ
3434 1440 3469 1507 ἡ
3522 1435 3724 1511 δωρεαο

2082 1524 2225 1580 ἀλλὰ
2250 1527 2384 1581 κατὰ
2432 1527 2722 1598 ἠθοποιίαν
2756 1528 2920 1584 οἷόνεί
2950 1548 3069 1582 τινα
3117 1529 3179 1582 τὸ
3236 1525 3600 1602 προκείμενον
3636 1525 3728 1579 λέο
3823 1551 3826 1554 ’

2082 1634 2212 1687 γει.
2260 1618 2462 1687 Ὥσπερ
2517 1617 2620 1692 γὰρ
2677 1615 2808 1680 είίτις
2869 1616 3126 1672 ὑπόθοιτο
3173 1616 3264 1670 τὸν
3312 1613 3474 1683 ἥλιον
3522 1613 3730 1688 λέγειν.

2083 1705 2230 1776 Ἐγὼ
2259 1710 2375 1759 τοῖς
2426 1704 2759 1781 έῤῥωμένοις
2819 1703 3132 1784 ὀφθαλμοῖς
3181 1701 3381 1775 δίδωμι
3417 1707 3553 1778 φῶς·
3623 1702 3735 1757 εἶτα

2085 1793 2316 1847 ἀσθενῶν
2347 1815 2431 1855 τις
2485 1794 2551 1848 τὰ
2607 1790 2831 1868 ὄμματα
2884 1793 3049 1848 εἷίποι·
3097 1793 3196 1855 Δὸς
3241 1791 3428 1861 κάμοί’
3478 1790 3734 1867 ἔρῥωμαι

2085 1881 2208 1957 γάρ·
2259 1881 2444 1937 ἔπειτα
2493 1880 2779 1955 δεξάμενος
2824 1884 2924 1951 τήν
2976 1884 3186 1951 ἀκτῖνα,
3216 1886 3310 1935 καῖ
3360 1881 3389 1934 ’ὁ
3419 1880 3562 1953 ἑώρα
3623 1881 3729 1934 ἀπ·-

2080 1969 2278 2026 ολέσει·
2311 1973 2402 2026 τὸν
2435 1971 2594 2026 αὐτὸν
2619 1971 2822 2046 τρόπον
2854 1971 2943 2026 καὶ
2975 1973 3002 2026 6
3037 1969 3389 2046 ἁμαρτωλὸς,
3435 1968 3600 2024 αἰτῶν
3656 1966 3738 2023 δί-

2075 2081 2226 2115 καιον
2260 2058 2501 2130 εὔξασθαι
2529 2061 2661 2136 ὑπὲρ
2691 2060 2876 2128 αὐτοῦ,
2926 2059 3146 2134 πάσχει·
3198 2053 3572 2131 ἀμϐλυώττων
3616 2059 3723 2131 γὰρ

2078 2150 2106 2204 6
2139 2147 2483 2222 ἁμαρτωλὸς,
2535 2151 2625 2204 καὶ
2673 2146 2971 2223 δεχόμενος
3017 2155 3114 2217 τῆς
3158 2151 3254 2202 τοῦ
3285 2144 3494 2201 δικαίου
3545 2145 3724 2221 εὐχῆς

2075 2240 2174 2308 τήν
2207 2239 2414 2311 ἀκτῖνα,
2476 2240 2542 2294 ού
2575 2245 2855 2315 συγχωρεῖ
2890 2238 3056 2308 αὐτὴν
3100 2240 3168 2293 τὰ
3196 2238 3331 2293 κατὰ
3361 2238 3518 2315 φύσιν
3566 2237 3726 2312 ἐνερο

2079 2334 2191 2403 γεῖν
2220 2330 2310 2383 καὶ
2360 2329 2634 2407 φωτίζειν·
2677 2326 2822 2383 ἀλλὰ
2848 2329 3038 2388 σκότος
3084 2327 3258 2398 ἑαυτῷ
3305 2327 3577 2401 προξενεῖ,
3644 2330 3728 2398 τῷ

2083 2421 2222 2492 μήτε
2251 2419 2540 2494 προσέχειν
2577 2415 2664 2472 διὰ
2719 2421 2953 2492 καθαροῦ
2988 2416 3106 2490 βίου
3136 2421 3254 2479 ταῖς
3294 2420 3392 2469 τοῦ
3434 2419 3566 2470 Θεοῦ
3617 2412 3728 2469 δω-

2081 2512 2248 2582 ρεαῖς,
2280 2505 2370 2561 καί
2399 2510 2466 2580 τῇ
2519 2507 2874 2583 ἀποφοιτήσει
2911 2503 3118 2576 μέντοι,
3167 2501 3334 2578 ἤγουν
3367 2503 3730 2578 ἀναχωρήσει

2078 2598 2188 2651 τῶν
2219 2599 2568 2674 φωτιζουσῶν
2601 2594 2834 2650 ἐντολῶν
2865 2599 2961 2648 τοῦ
2995 2597 3147 2649 Θεοῦ’
3184 2593 3212 2648 6
3248 2592 3347 2666 γὰρ
3399 2593 3730 2668 ἁμαρτάνων

2080 2689 2404 2762 καταφρονεῖ
2433 2689 2528 2739 τοῦ
2557 2683 2730 2757 νόμου
2759 2687 2858 2737 τοῦ
2890 2687 3044 2749 Θεοῦ,
3076 2682 3164 2737 καὶ
3195 2678 3348 2735 οὐδὲν
3383 2681 3485 2735 ὑπὸ
3508 2678 3732 2735 δικαίου

2082 2773 2250 2849 εὐχῆς
2282 2771 2718 2850 ὠφεληθήσεται.
2751 2776 2873 2829 ’Ότι
2905 2769 2962 2825 δὲ
2989 2772 3055 2826 τὰ
3103 2769 3225 2845 περὶ
3253 2773 3350 2825 τοῦ
3380 2767 3546 2838 ἡλίου
3576 2769 3730 2824 οὕτω

2081 2868 2213 2932 νοεῖ,
2269 2863 2359 2916 καὶ
2391 2861 2442 2916 ἐν
2500 2866 2579 2934 τῷ
2631 2862 2763 2937 Περὶ
2811 2860 2964 2915 θείων
3025 2859 3305 2932 ὀνομάτων
3357 2857 3640 2935 κεφαλαίῳ
3685 2856 3732 2912 δ’

2083 2950 2357 3024 σημαίνει.

2156 3039 2467 3117 Ὠφέλιμοι.
2501 3043 2626 3101 Πῶς
2650 3037 2737 3093 καὶ
2756 3037 2886 3092 πότε
2911 3035 3116 3112 ὠφελεῖ
3141 3033 3353 3091 δικαίου
3384 3035 3519 3104 εὐχή
3551 3039 3735 3105 ζῶντα

2090 3129 2273 3202 μόνον’
2306 3127 2395 3182 καί
2426 3148 2610 3204 φησιν,
2641 3125 2730 3182 ὅτε
2765 3129 3127 3199 μετανοοῦντα
3157 3125 3292 3178 κατὰ
3326 3123 3417 3178 τὸν
3455 3123 3732 3179 Ἀπόστο-

2087 3217 2203 3289 λον,
2257 3214 2533 3271 Κλαίεινδδ
2592 3215 2724 3289 μετᾶ
2780 3212 3102 3284 κλαιόντων,
3147 3212 3235 3268 ὅτε
3279 3211 3368 3266 καὶ
3415 3212 3476 3266 τὸ
3535 3206 3734 3284 Λόγιον

331 3301 533 3357 culum
556 3299 701 3356 illud
724 3301 993 3373 complet:
1009 3302 1234 3357 Multum
1248 3283 1862 3374 valetdeprecnfiojuati
1872 3303 1972 3374 (ἀ),

2095 3283 2258 3360 έκεῖνο
2285 3283 2614 3380 πληροῦται,
2649 3302 2805 3378 Μέγα
2835 3301 3015 3378 ἰσχύει
3046 3283 3182 3376 εύχή
3226 3299 3434 3356 δικαίου
3479 3283 3735 3374 ἐνεργου-

335 3407 590 3463 operans
609 3405 714 3462 per
735 3390 1137 3464 paenitentiam
1170 3392 1443 3462 petentis,
1465 3391 1789 3447 orationem
1821 3392 1980 3448 scili-

338 3484 446 3535 cet.
471 3478 527 3532 Si
558 3479 713 3533 enim
748 3495 905 3535 unus
935 3478 1201 3546 ediﬁcet,
1226 3479 1335 3535 hoc
1363 3481 1691 3549 estjustus,
1715 3484 1773 3535 et
1803 3497 1979 3551 unus,

337 3568 492 3624 sicut
543 3571 810 3639 peccator
855 3572 1094 3635 evertat,
1127 3567 1532 3638 imperfectum
1566 3574 1763 3624 manet
1792 3586 1939 3641 opus
1968 3575 1982 3627 ὅ

338 3657 837 3728 quemadmodum
862 3655 1193 3728 legimusin
1211 3656 1479 3728 exemplo
1510 3659 1581 3713 de
1613 3656 1784 3713 Saule
1813 3662 1870 3713 et
1885 3658 1984 3714 Sa-

335 3744 548 3800 muele.

399 3836 503 3888 Pie
532 3834 773 3904 aﬂectus,
812 3833 907 3889 Gr.
947 3827 1054 3902 ἕξιν
1106 3831 1275 3908 ἱεράν.
1309 3834 1585 3890 Habitum
1617 3839 1812 3891 autem
1845 3853 1984 3892 san-

330 3925 488 3976 ctum
515 3921 622 3976 hoc
644 3921 1043 3993 loco,propriaa
1065 3922 1200 3979 vitae
1221 3924 1292 3979 ad
1315 3924 1591 3980 virtutem
1616 3923 1981 3981 aﬂ'ectionem

332 4007 498 4062 dixit.
537 4005 905 4080 Συλλήπτορα
935 4026 1095 4077 vero,
1128 4028 1229 4081 pro
1260 4012 1586 4082 adjutorem.

407 4093 771 4163 Colloquium.
806 4096 930 4149 Non
963 4096 1315 4168 simpliciter
1338 4116 1441 4155 nos
1465 4100 1536 4155 ab
1555 4101 1884 4158 accedendo
1908 4101 1980 4157 ad

330 4180 594 4236 divinum
617 4181 1060 4251 colloquium,et
1083 4199 1182 4254 per
1209 4201 1314 4241 nos
1338 4191 1528 4256 petere
1547 4205 1579 4242 a
1601 4188 1716 4244 Deo
1739 4189 1982 4244 meliora

330 4276 390 4323 et
421 4266 723 4337 salutaria,
748 4272 917 4324 Pater
937 4269 1228 4340 prohibet,
1251 4272 1444 4328 sciens
1463 4274 1804 4345 Apostolum
1831 4293 1981 4346 prae-

332 4357 643 4429 cipientem
663 4373 676 4412 :
697 4358 817 4412 sine
837 4357 1243 4415 intermissione
1254 4376 1424 4417 orare
1445 4364 1515 4434 (θ)
1537 4380 1551 4431 ;
1583 4363 1684 4419 sed
1709 4363 1981 4434 opinione

333 4446 589 4518 quadam
621 4447 860 4513 victum,
895 4451 1270 4504 contemnere
1301 4456 1558 4520 sanctos,
1580 4455 1636 4507 et
1665 4469 1768 4524 pro
1797 4452 1980 4509 nihilo

333 4536 546 4590 ducere
572 4549 773 4590 eorum
806 4535 1120 4594 orationes.

2093 3395 2225 3465 μένη
2261 3391 2349 3447 διὰ
2377 3400 2476 3462 τῆς
2513 3392 2794 3466 μετανοίας
2823 3395 2918 3446 τοῦ
2967 3387 3248 3462 δεομένου,
3288 3396 3386 3459 τῆς
3419 3388 3584 3463 εὐχῆς
3627 3384 3735 3457 δη-

2091 3481 2293 3539 )ονότι.
2327 3481 2450 3537 Ἐὰν
2481 3482 2582 3556 γὰρ
2617 3483 2695 3542 εἷς
2745 3476 3036 3552 οἰκοδομῇ,
3084 3476 3355 3532 τουτέστιν
3411 3477 3438 3530 6
3496 3474 3731 3543 δίκαιος,

2088 3571 2176 3625 καὶ
2192 3573 2236 3607 ⁸⁵
2266 3572 2365 3642 εἷς,
2417 3572 2531 3624 οἷον
2572 3570 2599 3623 ὁ
2633 3568 2979 3641 ἁμαρτάνων,
3027 3564 3385 3643 καταστρέφῃ,
3437 3564 3724 3619 ἀτέλεστον

2094 3660 2239 3733 μένει
2269 3660 2333 3713 τὸ
2379 3655 2553 3735 ἔργον,
2599 3658 2674 3720 ὡς
2721 3655 2958 3731 ἔγνωμεν
3007 3655 3094 3709 ἐπὶ
3130 3658 3226 3709 τοῦ
3255 3654 3389 3709 κατὰ
3415 3653 3508 3708 τὸν
3541 3651 3727 3706 Σαοὺλ

2088 3747 2178 3803 καί
2205 3749 2296 3803 τὸν
2332 3745 2597 3820 Σαμουὴλ
2632 3743 3056 3819 ὑποδείγματος,

2158 3838 2304 3907 Ἕξιν
2350 3837 2494 3910 ἱερὰν
2537 3830 2704 3909 ἔχων.
2765 3835 2909 3905 ’Ἐξιν
2962 3831 3020 3886 δὲ
3063 3831 3207 3906 ἱερὰν
3241 3829 3461 3886 ἐνταῦθα
3489 3833 3587 3897 τήν
3635 3833 3736 3883 τοῦ

2091 3925 2291 3980 οἷκείου
2328 3924 2452 4000 βίου
2483 3924 2618 3997 πρὸς
2651 3923 2842 3996 ἀρετὴν
2869 3918 3101 3984 διάθεσιν
3126 3917 3325 3995 εἷ’ρηκε.
3357 3917 3738 3992 Συλλήπτορα

2091 4011 2167 4082 δὲ,
2201 4013 2315 4068 ἀντὶ
2347 4016 2441 4066 τοῦ
2475 4012 2698 4086 βοηθόν.

2157 4099 2433 4174 Ὀμιλίαν.
2467 4101 2592 4174 Οὐχ
2621 4097 2811 4160 ἀπλῶς
2840 4101 2935 4152 τοῦ
2966 4097 3101 4172 πρὸς
3132 4095 3273 4150 Θείαν
3303 4097 3451 4168 ἡμᾶς
3504 4091 3736 4166 ὁμιλίαν

2089 4195 2312 4266 χωρεῖν,
2341 4187 2428 4243 καί
2461 4185 2530 4242 δι’
2577 4188 2780 4242 ἑαυτῶν
2821 4185 3082 4240 αἰτεῖσθαι
3113 4186 3259 4261 παρά
3289 4188 3422 4240 Θεοῦ
3451 4183 3519 4238 τὰ
3548 4182 3740 4258 κρείτ-

2087 4299 2219 4333 τονα
2246 4277 2334 4332 καὶ
2364 4278 2628 4350 σωτήρια,
2661 4275 2898 4350 ἀπείργει
2931 4276 2960 4328 6
2993 4275 3199 4349 Πατὴρ,
3234 4270 3393 4333 εἰδὼς
3422 4272 3514 4326 τὸν
3561 4272 3740 4327 Ἀπό-

2089 4365 2282 4421 στολον
2361 4364 2764 4439 προστάσσοντα
2848 4359 3215 4424 ἀδιαλείπτως
3295 4360 3734 4436 προσεύχεσθαι,

2087 4455 2233 4512 ἀλλά
2260 4461 2378 4524 τοῦ,
2412 4455 2584 4524 οἰήσει
2615 4457 2736 4509 τινὰ
2786 4453 3151 4530 κρατούμενον
3215 4453 3569 4529 ὑπερφρονεῖν
3627 4455 3742 4506 τῶν

2093 4545 2282 4621 ἁγίων,
2314 4545 2403 4599 καὶ
2431 4546 2541 4599 ἀντ’
2566 4541 2781 4604 οὐδενὸς
2811 4541 3049 4606 τίθεσθαι
3077 4542 3174 4602 τὰς
3199 4539 3406 4596 τούτων
3441 4538 3628 4614 εὐχάς.

404 4625 480 4679 De
509 4622 655 4679 dicta
675 4639 860 4704 porro.
892 4625 977 4680 Ad
1001 4624 1110 4681 hoc
1137 4626 1260 4683 loco
1283 4626 1490 4699 incipit
1509 4631 1976 4702 exponere,quod

2161 4634 2287 4708 Περῖ
2317 4631 2373 4688 δὲ
2401 4635 2522 4703 τῆς.
2552 4633 2739 4688 Ἔνθεν
2774 4628 3000 4705 ἄρχεται
3033 4628 3234 4703 λέγειν,
3277 4629 3352 4690 ὡς
3394 4626 3598 4705 ὠφελεῖ
3643 4628 3736 4682 τὸν

331 4711 515 4768 oratio
547 4702 1014 4785 prosit‘mortuo,
1039 4717 1097 4770 et
1126 4719 1264 4772 nota
1293 4719 1447 4788 quod
1481 4722 1614 4776 ante
1647 4719 1980 4792 ipsum,du-

329 4800 496 4856 bium
529 4800 634 4856 hoc
664 4801 979 4873 quaesitum
1005 4803 1201 4860 fuerit.

403 4889 578 4962 §VII.
611 4890 1025 4947 Dissimulante.
1050 4891 1256 4958 Qualia
1295 4897 1494 4950 nostra
1546 4901 1782 4968 peccata
1829 4903 1982 4955 Deus

335 4976 668 5115 gissimulet
733 4983 972 5052 propter
1044 4980 1364 5038 orationem
1423 4987 1482 5040 et
1534 5000 1736 5056 preces
1788 5003 1980 5045 sacer-

379 5064 511 5115 otis.

379 5064 511 5120 otis.

408 5152 552 5208 Petit
581 5162 761 5212 autem
792 5157 913 5214 illa.
946 5153 1092 5224 Quid
1123 5162 1285 5230 petat
1315 5162 1608 5219 sacerdos.

328 5290 349 5321 ι
407 5237 510 5293 90
537 5242 931 5305 Przsentibus;
956 5251 1077 5303 Hoc
1109 5253 1197 5304 est
1218 5249 1401 5320 justis
1431 5255 1487 5306 et
1518 5251 1649 5323 piis.

414 5444 551 5516 (b-c)
582 5444 744 5500 Rom.
776 5461 877 5514 xu,
914 5449 994 5504 15.
1029 5451 1103 5521 (τι)
1131 5457 1253 5512 Jac.
1285 5473 1342 5524 v,
1376 5456 1460 5512 16.
1493 5459 1564 5530 (e)
1592 5461 1614 5514 Ι
1647 5460 1850 5518 Thess.
1882 5478 1936 5531 v,
1973 5463 2058 5517 17.

2091 4723 2277 4797 νεκρὸν
2300 4724 2335 4790 ἡ
2367 4721 2528 4795 εὐχή.
2556 4720 2655 4776 Καὶ
2688 4718 2990 4792 σημείωσαι
3013 4716 3095 4772 ὅτι
3126 4717 3217 4771 καὶ
3245 4716 3354 4791 πρὸ
3401 4714 3564 4770 αὐτοῦ
3616 4715 3742 4786 ἐζη-

2087 4813 2230 4882 τήθη
2260 4812 2322 4866 τὸ
2353 4807 2554 4885 ἄπορον
2585 4812 2766 4864 τοῦτο.

2159 4898 2726 4972 ἓνΙΙ.11αρορώσης.
2777 4895 2942 4956 Ποίας
2973 4896 3133 4968 ἡμῶν
3196 4890 3463 4967 ἁμαρτίας
3519 4891 3547 4945 6
3606 4891 3740 4952 Θεὸς

2089 4992 2302 5064 παρορᾷ
2359 4985 2446 5041 διὰ
2495 4993 2594 5055 τῆς
2647 4988 2744 5040 τοῦ
2799 4984 2988 5058 ἱερέως
3061 4982 3376 5055 προσευχῆς
3437 4979 3528 5034 καὶ
3609 4977 3739 5050 85n-

2091 5097 2313 5222 σεέἒτεῖ
2344 5161 2400 5219 δὲ
2429 5163 2581 5221 αὐτά.
2615 5161 2680 5219 Τί
2710 5160 2849 5216 αἰτεῖ
2881 5161 2908 5215 6
2939 5158 3136 5236 ἱερεύς.

2159 5259 2284 5315 Τοῖς
2344 5257 2612 5327 παροῦσι.
2665 5250 2921 5307 Τουτέστι
2986 5252 3102 5310 τοῖς
3164 5244 3399 5308 δικαίοις
3449 5243 3538 5300 καὶ
3600 5243 3741 5300 εύσεο

2091 5338 2229 5399 ϐέσι.

1369 5611 1609 5670 VARI/E
1649 5615 2038 5673 LECTIONES
2076 5614 2168 5672 ET
2207 5610 2772 5672 CORRECTIONES.

421 5714 466 5751 ⁴³
494 5710 582 5768 καὶ
614 5709 893 5770 κλαίοντα.
968 5715 1014 5751 ⁸⁸
1041 5709 1222 5788 ἶτερος
1246 5715 1321 5774 δέ.
