4000 6200
292 428 391 486 181
1033 431 1092 484 8.
1135 430 1408 486 MAXIMI
1449 431 1755 487 SCHOLIA
1791 433 1866 486 IN
1904 433 2038 486 LIB.
2081 435 2176 486 DE
2215 435 2504 489 ECCLES.
2552 435 2947 490 HIERARCH.

3594 433 3700 488 182

358 551 500 606 Κατὰ
557 550 697 614 θείαν
761 551 929 621 ζωήν.
980 553 1268 608 Τουτέστιν
1348 551 1446 606 ὅσα
1513 552 1767 626 νομίμως
1839 551 1915 607 καῖ

2115 556 2426 613 Secundum
2481 557 2730 612 divinam
2786 558 2978 612 vitam.
3029 555 3146 612 Hoc
3191 560 3299 625 est,
3331 573 3693 631 quaecunque

289 639 603 704 ἀκολούθως
638 639 666 694 6
698 637 911 702 δίκαιος
941 639 1232 702 έπίσκοπος
1263 641 1495 712 αἲτήσει,
1529 639 1782 713 λήψεται,
1815 638 1947 696 ἀλλ’

289 731 372 784 ἐπὶ
405 727 628 784 δικαίων
665 746 678 760 ⁸
730 725 940 801 εἷ’ρηται
972 728 1075 803 γὰρ
1104 733 1182 800 τῷ
1231 729 1367 804 ἁγίῳ
1417 730 1604 803 Πέτρῳ
1631 773 1642 784 .
1691 732 1824 783 ’Ὀσα
1878 727 1936 782 ἂν

293 817 456 891 δήσῃς
503 817 589 872 ἐπὶ
639 820 738 883 τῆς
788 823 915 891 γῆς,
945 818 1032 872 καὶ
1082 817 1150 872 τὰ
1195 819 1315 890 ἑξῆς
1347 838 1358 850 ο

1413 818 1550 872 κατά
1594 819 1824 891 μίμησιν
1882 816 1939 872 δὲ

284 913 377 962 τοῦ
408 907 575 982 ἁγίου
608 907 813 980 Πέτρου
847 906 978 960 εἶσίν
1013 907 1062 960 οἳ
1095 906 1410 975 ἐπίσκοποι,
1441 909 1513 969 ὣς
1552 909 1685 980 μετᾶ
1743 908 1934 982 μικρὸν

2044 643 2206 714 juste
2235 650 2293 700 et
2324 650 2746 717 consequenter
2766 646 2968 716 justus
3000 645 3311 716 episcopus
3341 652 3515 717 petet,
3539 648 3695 703 acci-

2050 732 2188 803 piet,
2205 735 2304 790 sed
2330 734 2661 806 projustis;
2696 735 2918 788 dictum
2950 733 3107 788 enim
3139 739 3227 789 est
3257 737 3459 789 sancto
3490 736 3654 792 Petro
3681 753 3694 791 :

2050 823 2414 895 Quaecumque
2433 823 2691 892 ligaveris
2711 839 2876 894 super
2895 827 3103 877 terram
3121 821 3210 892 (Γ),
3225 826 3281 877 et
3302 838 3424 892 quae
3445 839 3697 894 sequun-

2046 917 2176 978 tur;
2211 913 2535 967 secundum
2561 918 2757 967 autem
2783 911 3170 967 imitationem
3185 913 3372 967 sancti
3390 912 3538 967 Petri
3563 921 3698 968 sunt

286 997 456 1070 λέγει.
493 997 812 1068 Σημείωσαι
846 993 902 1050 6‘s
932 997 1157 1072 μέγεθος
1204 996 1489 1072 ἱεραρχίας
1527 997 1617 1051 καὶ
1663 996 1797 1070 ὕψος
1845 1017 1914 1052 κα

2060 1001 2326 1072 apiscopi,
2353 1010 2415 1055 ut
2447 1003 2581 1072 post
2611 1017 2796 1072 pauca
2817 1000 2979 1055 dicit.
3007 1004 3154 1055 Nota
3175 1015 3312 1055 vero
3335 1002 3695 1073 magnitudi-

284 1087 654 1160 καθαρότητα.

350 1175 444 1228 Διὸ
474 1179 594 1235 τοῖς
621 1173 878 1247 ἆνιέροις.
914 1172 1227 1246 Σημείωσαι
1261 1172 1343 1228 ὅτι
1385 1177 1551 1229 ταῦτα
1598 1179 1712 1237 τοῖς
1753 1175 1931 1249 ἀμαρ-

281 1261 489 1324 τωλοῖς
522 1262 622 1316 οὐκ
653 1261 965 1336 ἐπεύχεται.

343 1350 727 1425 Τελετάρχου.
758 1351 1015 1405 Τουτέστι
1045 1354 1142 1405 τοῦ
1174 1349 1321 1404 θείου
1353 1350 1686 1422 Πνεύματος.

345 1438 571 1496 Αῗτεῖτε
599 1439 711 1496 καί.
745 1440 836 1494 Ἐκ
864 1445 964 1508 τῆς
995 1433 1257 1496 Ἰακώϐου
1289 1439 1619 1509 Ἐπιστολῆς
1644 1440 1707 1494 τὸ
1740 1439 1928 1516 ῥητὸν,

2044 1108 2176 1146 nem
2207 1091 2546 1148 hierarchite
2579 1098 2635 1146 et
2664 1091 3036 1147 altitudinem
3071 1097 3127 1146 et
3157 1091 3495 1162 puritatem.

2115 1182 2478 1249 Quamobrem
2509 1180 2792 1251 improbis.
2825 1180 2972 1236 Nota
3002 1181 3157 1250 quod
3208 1179 3329 1235 hzrc
3376 1183 3694 1252 peccatori-

2041 1270 2153 1325 bus
2184 1287 2297 1325 non
2335 1270 2710 1341 imprecetur.

2112 1358 2493 1429 Mysteriorum
2523 1366 2763 1413 auctore.
2799 1357 2917 1412 Hoc
2950 1361 3039 1412 est
3067 1355 3265 1412 divino
3295 1356 3542 1428 Spiritu.

2111 1447 2304 1502 Petitis
2346 1455 2416 1502 et.
2451 1446 2567 1501 Hoc
2616 1446 2838 1500 dictum
2899 1448 3204 1514 sumptum
3254 1448 3341 1499 est
3388 1461 3456 1500 ex
3501 1445 3682 1502 Jacob

279 1525 530 1583 διδᾶσκον
576 1530 743 1600 ἡμᾶς,
778 1527 854 1589 ὡς
906 1527 970 1581 οὗ
1022 1524 1104 1581 δεῖ
1149 1527 1543 1602 προσεύχεσθαι
1595 1530 1715 1604 περὶ
1761 1533 1915 1583 mon

2060 1535 2314 1606 Epistola,
2349 1536 2564 1590 docens
2607 1550 2732 1597 nos,
2765 1535 2919 1604 quod
2953 1549 3068 1588 non
3101 1537 3328 1604 oportet
3374 1549 3476 1604 pro
3525 1534 3681 1588 malo

273 1638 420 1678 τινος
452 1617 756 1691 προσώπου
787 1616 823 1685 ἢ
856 1617 1197 1690 πρᾶγματος.

341 1707 447 1768 Τὰς
499 1707 849 1782 ἀφοριπικάς
897 1701 1109 1780 ἔχουσι.
1164 1703 1292 1780 Περὶ
1356 1709 1462 1760 τῶν
1524 1706 1922 1772 ἀκοινωνησιῶν

2035 1624 2232 1694 aliquo
2261 1624 2518 1690 homine,
2551 1628 2652 1678 aut
2679 1623 2908 1694 negotio
2940 1638 3124 1677 orare.

2101 1712 2444 1783 Segredandi
2471 1713 2764 1783 facultates
2815 1710 3079 1767 obtinent.
3131 1709 3213 1766 De
3243 1711 3679 1766 communionis

273 1795 356 1849 καὶ
381 1795 707 1872 ἀφορισμῶν
733 1798 840 1847 τῶν
870 1793 1016 1865 παρᾶ
1043 1797 1138 1846 τοῦ
1178 1793 1438 1868 ἱεράρχου
1471 1811 1484 1824 ·
1519 1791 1772 1866 δυνάμεις
1821 1794 1915 1870 γάρ

2060 1801 2357 1856 privatione
2383 1806 2437 1854 et
2467 1800 2833 1870 separatione
2873 1801 2944 1852 ab
2994 1799 3301 1869 episcopo;
3354 1803 3675 1868 potestates

275 1903 407 1957 φησι
435 1882 535 1942 τὰς
566 1879 626 1935 ἐκ
665 1884 800 1936 Θεοῦ
850 1877 1139 1953 δεδομένας
1184 1880 1367 1942 αὐτοῖς
1422 1883 1722 1956 γνωστικόκ
1775 1879 1915 1936 δοκι-

389 1969 400 1984 .
583 1969 594 1984 .
723 1969 734 1984 .
906 1966 976 1984 ι..
1011 1970 1038 1984 ν
1127 1972 1166 1984 ..
1227 1971 1240 1984 ς
1366 1968 1410 1984 ...
1644 1969 1655 1984 .
1759 1971 1771 1984 .

2060 1888 2188 1942 nim
2217 1889 2358 1944 dicit
2389 1889 2633 1943 donatas
2663 1887 2745 1942 eis
2773 1905 2806 1942 a
2836 1887 2952 1942 Deo
2984 1886 3407 1959 cognoscitivas
3464 1903 3672 1958 appro-

278 1969 468 2041 μασίας
507 1969 598 2024 καὶ
646 1969 869 2039 κρίσεις,
903 1966 976 2023 δι’
1003 1970 1076 2023 ὧν
1123 1972 1166 2005 ⁴⁷
1216 1968 1530 2045 ἀφορίζουσι
1575 1969 1702 2034 τοὺς
1750 1971 1919 2045 ἁμαρ-

269 2057 482 2120 τωλοὺς
515 2058 576 2112 ἐκ
604 2062 713 2113 τῶν
748 2055 997 2130 δικαίων,
1028 2058 1062 2127 ἢ
1093 2059 1154 2112 τὸ
1193 2054 1454 2130 ἔμπαλιν.

340 2144 595 2222 Ἀλόγοις
653 2147 877 2221 ὁρμαῖς.
940 2147 1260 2219 Σημείωσαι
1318 2144 1422 2217 ὅτι,
1483 2145 1568 2201 ἐὰν
1622 2149 1767 2222 παρά
1825 2149 1914 2202 τὸν

273 2235 472 2289 σκοπὸν
502 2239 601 2290 τοῦ
632 2239 767 2289 Θεοῦ
795 2235 1028 2313 ἆφορίσῃ
1059 2235 1088 2289 6
1118 2236 1406 2309 ἱεράρχης,
1428 2235 1534 2310 οὐχ
1560 2233 1741 2290 ἕπεται
1773 2236 1920 2306 αὖτῷ

269 2324 328 2377 τὸ
373 2328 522 2387 θεῖον
574 2329 747 2398 κρῖμα
779 2342 791 2355 ·
842 2323 976 2378 κατᾶ
1020 2324 1120 2400 γὰρ
1170 2323 1310 2378 θείαν
1354 2324 1524 2398 κρίσιν
1581 2323 1670 2379 καί
1712 2324 1772 2379 οὐ
1832 2323 1920 2379 διὰ

273 2410 494 2485 θέλημα
526 2409 667 2466 ἴδιον
697 2417 868 2466 ταῦτα
889 2411 1096 2490 ὀφείλει
1128 2411 1418 2490 ἐπιφέρειν.

337 2500 411 2556 Τὸ
442 2505 689 2573 Πνεῦμα.
727 2498 1041 2572 Σημείωσαι
1073 2499 1126 2554 τί
1157 2500 1397 2575 παρέσχε
1425 2505 1541 2563 τοῖς
1587 2500 1920 2563 ἀποστόλοις

267 2588 328 2643 τὸ
362 2590 499 2660 μετᾶ
527 2590 628 2657 τὴν
662 2589 944 2643 ἀνάστασιν
973 2588 1158 2650 αὐτοῖς
1189 2586 1339 2652 δοθὲν
1373 2589 1525 2664 ἅγιον
1568 2593 1786 2662 Πνεῦμα
1831 2587 1918 2645 διὰ

265 2681 363 2731 τοῦ
389 2677 784 2754 ἐμφυσήματος
813 2681 909 2732 τοῦ
940 2675 1158 2751 Κυρίου.

343 2764 813 2838 ’Βλλαμπομένῳ.
842 2769 936 2837 Τῷ
967 2765 1108 2840 ἁγίῳ
1139 2766 1348 2840 Πέτρῳ.

335 2855 433 2916 ⁸ος
493 2853 696 2908 ἐκείνου
753 2854 842 2908 καὶ
897 2854 1115 2916 παντός.
1161 2858 1283 2916 Πῶς
1334 2854 1444 2929 χρὴ
1504 2849 1799 2925 λαμϐάνειν
1856 2855 1918 2909 τὸ

267 2946 367 2996 τοῦ
393 2941 736 3018 Εὐαγγελίου
770 2940 955 3018 ῥητόν·
987 2943 1054 2999 ⁹Ὸ
1085 2940 1172 2997 ἐὰν
1206 2940 1397 3016 δήσῃς,
1427 2942 1516 2998 καὶ
1546 2943 1611 2997 τὰ
1632 2943 1772 3015 ἑξῆς.

334 3119 444 3175 Καὶ
489 3123 588 3174 τοῦ
635 3119 800 3194 ἱεράν.
833 3119 996 3195 Ἱερὰν
1050 3119 1328 3196 θεολογίαν
1384 3120 1515 3198 φησὶ
1560 3123 1622 3177 τό
1657 3141 1668 3154 ·
1704 3122 1778 3176 Σὺ
1820 3124 1915 3178 εἶὸ

271 3209 499 3280 Χριστὸς
547 3208 574 3262 6
623 3208 748 3269 Υἱὸς
795 3212 890 3262 τοῦ
938 3213 1072 3262 Θεοῦ
1119 3213 1215 3262 τοῦ
1248 3214 1448 3278 ζῶντος
1476 3230 1486 3242 ·
1521 3211 1550 3264 ’ὁ
1582 3211 1914 3283 σημειωτέον

2029 1978 2318 2046 betiones,
2351 1981 2408 2032 et
2435 1975 2822 2032 indicationes
2854 1992 2956 2045 per
2985 1992 3134 2047 quas
3165 1979 3441 2048 separant
3473 1992 3672 2047 pecca-

2027 2069 2183 2121 tores
2215 2065 2471 2136 ajustis,
2503 2064 2590 2120 vel
2625 2069 2844 2120 contra.

2097 2157 2158 2209 In
2189 2154 2561 2210 rationalibus
2587 2154 2843 2209 motibus.
2875 2152 3046 2221 Nota,
3076 2155 3232 2223 quod
3261 2153 3311 2208 si
3339 2160 3546 2226 praeter
3570 2155 3666 2210 Dei

2026 2259 2267 2313 scopum
2297 2247 2560 2298 secernat
2589 2241 2868 2313 pontifex,
2899 2241 2996 2296 Dei
3020 2242 3310 2312 judicium
3362 2259 3494 2299 eum
3548 2261 3662 2298 non

2027 2330 2231 2401 sequi;
2266 2331 2591 2385 secundum
2625 2329 2781 2384 enim
2813 2328 3073 2383 divinum
3110 2329 3428 2399 judicium,
3461 2335 3518 2386 et
3549 2350 3664 2386 non

2028 2422 2264 2490 propter
2290 2417 2646 2472 voluntatem
2679 2416 2976 2487 propriam
3007 2417 3126 2471 hac
3158 2418 3328 2472 debet
3357 2418 3589 2473 interro.

2095 2506 2360 2578 Spiritus.
2378 2505 2699 2576 Nota,quid
2735 2505 2977 2575 prabuit
3007 2505 3285 2575 apostolis
3315 2507 3486 2562 datus
3518 2507 3665 2578 ipsis

2027 2599 2159 2666 post
2206 2594 2688 2650 resurrectionem
2719 2597 2960 2649 sanctus
2990 2593 3241 2664 Spiritus
3273 2610 3372 2664 per
3401 2595 3667 2651 insufﬂa-

2025 2684 2245 2739 tionem
2283 2682 2534 2738 Domini.

2097 2771 2433 2827 Illuminato.
2467 2772 2678 2827 Sancto
2710 2771 2899 2826 Petro.

2102 2861 2184 2931 Ut,
2215 2860 2315 2915 ille
2343 2860 2648 2930 omnisque.
2681 2859 2979 2922 Quomodo
3011 2862 3237 2929 oportet
3292 2858 3551 2931 accipere
3580 2860 3668 2915 di-

2027 2953 2185 3005 ctum
2218 2947 2542 3019 Evangelii:
2569 2948 2732 3015 Quod
2763 2947 2813 3003 si
2845 2947 3141 3018 ligaveris,
3163 2951 3219 3002 et
3249 2964 3374 3018 quas
3406 2963 3668 3019 sequun-

2025 3043 2142 3094 tur.

2097 3128 2172 3180 Et
2199 3133 2446 3182 sanctam
2478 3125 2657 3181 illam.
2692 3125 2929 3180 Sacram
2960 3123 3316 3196 theologiam
3366 3123 3544 3180 dicit:
3597 3127 3670 3179 Tu

2025 3229 2079 3268 es
2110 3213 2357 3268 Christus
2387 3213 2563 3268 Filius
2592 3212 2690 3268 Dei
2718 3212 2832 3267 vivi
2861 3213 2941 3282 (g)
2961 3230 2980 3267 :
3015 3213 3169 3282 quod
3229 3213 3553 3268 notandum
3583 3217 3672 3267 est

271 3298 404 3350 κατὰ
432 3316 492 3350 τε
549 3294 940 3365 Βασιλειανῶν,
971 3296 1057 3350 καὶ
1105 3300 1504 3373 Νεστοριανῶν,
1538 3298 1625 3354 καὶ
1673 3299 1915 3356 Παυλια-

2064 3305 2232 3357 ontra
2263 3300 2610 3368 Basilianos,
2643 3304 2700 3355 et
2729 3301 3125 3370 Nestorianos,
3156 3305 3214 3355 et
3261 3299 3668 3367 Paulianistas,

278 3388 496 3452 νιστῶν,
531 3383 621 3438 καὶ
652 3387 760 3438 τῶν
791 3382 1022 3456 ὁμοίων.

343 3473 536 3533 Ὅπως
565 3470 648 3527 ἄν.
677 3473 898 3536 Καθὼς.

343 3562 717 3634 Ἰεραρχικῶς.
768 3559 1173 3635 Ἀσφαλέστατα
1237 3560 1325 3617 ἐπὶ
1395 3561 1600 3618 τούτων
1664 3567 1782 3618 εἷπε
1854 3566 1916 3620 τὸ

275 3650 608 3722 ἱεραρχικῶς

341 3739 545 3806 §Vlll.
597 3735 958 3811 Θεογενεσίαν,
1011 3737 1117 3810 πρὸ
1182 3742 1300 3796 τοῦ.
1343 3742 1458 3794 Ὅτι
1516 3739 1604 3795 ἐπὶ
1664 3741 1758 3814 μὲν
1807 3746 1914 3796 τῶν

276 3824 693 3899 βαπτιζομένων
745 3825 962 3900 πρῶτόν
1013 3825 1124 3879 ἐστι
1159 3827 1222 3880 τὸ
1271 3829 1418 3902 ἅγιον
1469 3825 1690 3882 ἕλαιονο
1741 3827 1828 3883 ἐπὶ
1860 3828 1917 3884 δὲ

267 3917 372 3967 τῶν
407 3911 827 3985 κεκοιμημένων
857 3911 1188 3970 τελευταῖον.

343 4001 443 4055 Καὶ
473 4000 598 4055 τότε
627 4002 741 4072 μέν,
774 4001 871 4055 Διὰ
897 4001 949 4055 τί
977 4003 1012 4070 ἡ
1059 4006 1156 4056 τοῦ
1201 4000 1390 4057 ἐλαίου
1443 4002 1626 4078 χρίσις
1674 4003 1761 4059 ἰπὶ
1806 4010 1916 4060 τῶν

275 4089 716 4163 βαπτιζομένων,
748 4089 837 4144 καί
871 4087 960 4144 διὰ
986 4089 1038 4143 τί
1069 4088 1156 4144 ἐπὶ
1185 4095 1292 4144 τῶν
1315 4091 1744 4164 κεκοιμημένων.

336 4183 363 4244 §
429 4183 518 4235 IX.
575 4178 724 4233 Μετὰ
774 4176 874 4232 τοῦ
943 4177 1220 4255 σφετέρου.
1278 4181 1395 4233 ’Ὀτι
1455 4177 1682 4251 ἑκᾶστης
1735 4183 1919 4256 ψυχῆς

275 4265 410 4321 ἴδιον
463 4267 625 4338 σῶμα
676 4267 930 4341 ὑπάρχει,
984 4268 1102 4339 μεθ’
1149 4267 1210 4321 οὗ
1249 4268 1337 4322 καὶ
1384 4270 1481 4330 τὰς
1533 4268 1916 4333 ἀνταποδόσεις

270 4357 558 4427 κομίζεται
593 4373 606 4387 ⁸
645 4352 728 4409 διὸ
760 4357 845 4410 καὶ
878 4354 1100 4431 ἑκάτερα
1131 4356 1349 4431 μετέχει
1377 4361 1484 4411 τῶν
1521 4359 1866 4433 ἂγιασμάτων
1901 4363 1914 4376 ⁶

273 4443 406 4498 κατᾶ
435 4448 621 4497 κοινοῦ
652 4441 710 4498 δὲ
738 4445 797 4498 τὸ
829 4445 1030 4521 ἀμφοῖν
1065 4443 1337 4520 δωρεῖται.

341 4533 649 4607 Θεαρχικας
734 4532 1034 4594 κοινωνίας.
1111 4532 1237 4587 Θεία
1320 4533 1638 4606 θεσμοθεσία
1720 4532 1918 4607 δηλον-

270 4619 376 4678 ότι.

339 4707 441 4762 Τὸν
505 4707 636 4763 ὅλον
697 4709 1003 4783 ἄνθρωπον.
1035 4710 1352 4781 Σημείωσαι
1401 4711 1481 4764 ὅτι
1536 4711 1664 4766 ὅλον
1707 4714 1915 4789 ἅνθρω-

272 4818 374 4852 πον
406 4795 569 4850 καλεῖ
595 4797 686 4851 τὸν
721 4795 782 4850 ἐκ
814 4803 912 4865 τῆς
941 4801 1130 4871 νοερᾶς
1177 4801 1361 4873 ψυχῆς
1405 4800 1493 4853 καὶ
1543 4801 1815 4873 σώματος,
1848 4803 1920 4864 ὡς

274 4883 445 4954 δηλοῖ
496 4885 560 4939 τὸ
617 4884 669 4938 ἐν
723 4887 930 4960 καθαρᾷ
976 4885 1171 4960 θεωρίᾳ
1212 4887 1301 4940 καὶ
1332 4885 1608 4961 ἐπιστήμῃ
1646 4909 1657 4921 ·
1689 4891 1780 4944 καὶ
1840 4889 1921 4945 ὅτι

275 4971 475 5043 ὁλικτςν
506 4994 639 5050 φησι
672 4973 941 5049 σωτηρίαν
973 4980 1073 5042 τῆς
1101 4977 1286 5049 ψυχῆς
1339 4975 1434 5031 καὶ
1487 4981 1583 5032 τοῦ
1622 4977 1873 5050 σώματος
1906 4997 1919 5010 ⁸

277 5059 365 5115 διὰ
390 5065 558 5116 τοῦτο
590 5059 648 5116 δὲ
675 5066 842 5116 ταῦτα
896 5059 980 5117 δεῖ
1025 5063 1454 5135 σημειώσασθαι,
1481 5063 1591 5132 ἵνα,
1625 5067 1749 5120 ὅταν
1802 5065 1924 5140 εἷίπῃ

270 5147 322 5201 ἐν
374 5151 579 5224 ἑτέροις
626 5148 839 5225 λόγοις,
885 5147 1087 5213 ὀλικῶς
1154 5150 1481 5223 οὐσιωθῆναι
1547 5155 1638 5209 τὸν
1697 5154 1922 5229 ὑπερθύ-

345 5381 417 5453 (f)
446 5381 654 5439 Matth.
687 5397 807 5454 xv1,
841 5383 922 5440 19.
1005 5383 1080 5455 (g)
1114 5383 1261 5440 Ibid.
1299 5385 1385 5440 16.

2026 3395 2083 3445 et
2111 3389 2356 3445 similes.

2093 3478 2281 3539 Ὅπως
2310 3474 2392 3531 ἄν.
2426 3479 2744 3542 Quatenus.

2096 3567 2461 3624 Hierarchice.
2495 3565 2878 3621 Securissime
2910 3564 2968 3618 in
3007 3563 3102 3619 his
3139 3563 3288 3619 dixit
3318 3563 3668 3638 ἱεραρχικῶς.

2097 3743 2126 3816 Ξ
2165 3743 2317 3799 VIII.
2365 3742 2427 3797 In
2472 3741 2658 3812 prima
2705 3741 2807 3795 illa
2853 3738 3281 3810 regeneratione.
3314 3738 3475 3802 Quod
3507 3738 3567 3794 in
3596 3738 3670 3794 iis

2028 3831 2127 3903 qui
2158 3830 2548 3902 baptizantur,
2582 3829 2836 3900 primum
2886 3827 2962 3882 sit
3011 3828 3280 3881 sanctum
3321 3825 3554 3894 oleum;
3607 3826 3667 3880 in

2028 3919 2275 3976 mortuis
2306 3923 2524 3984 autem,
2554 3920 2940 3988 postremum.

2099 4012 2160 4063 Et
2189 4015 2303 4063 tum
2331 4005 2572 4077 quidem.
2607 4005 2849 4076 Propter
2869 4003 3008 4073 quid
3033 4001 3230 4057 unctio
3253 4000 3362 4056 olei
3386 4000 3446 4056 in
3477 4000 3550 4057 iis
3569 4002 3670 4073 qui

2026 4096 2423 4169 baptizantur,
2455 4097 2512 4149 et
2541 4099 2778 4165 propter
2806 4092 2946 4162 quid
2980 4091 3037 4145 in
3070 4091 3339 4146 mortuis.

2097 4187 2125 4253 §
2154 4186 2241 4240 IX.
2277 4185 2418 4240 Cum
2446 4181 2580 4238 suis.
2606 4181 2768 4246 Quod
2802 4179 3272 4249 uniuscujusque
3309 4177 3406 4232 οι
3464 4175 3672 4232 animae

2027 4273 2330 4346 proprium
2355 4271 2428 4327 sit
2449 4286 2681 4341 corpus,
2705 4284 2838 4323 cum
2863 4283 2979 4337 quo
2999 4270 3055 4322 et
3077 4265 3495 4322 retributiones
3526 4266 3632 4319 fert
3657 4283 3674 4332 ;

2028 4363 2274 4433 ideoque
2301 4363 2547 4430 utraque
2587 4356 2940 4429 participant
2971 4355 3038 4410 de
3069 4352 3633 4409 sanctiﬁcationibus
3660 4371 3676 4421 ;

2029 4448 2499 4506 subaudiendum
2531 4461 2665 4500 vero
2696 4443 2877 4498 illud:
2913 4443 3160 4512 utrisque
3188 4441 3448 4495 donatur.

2098 4538 2326 4593 Divinas
2355 4533 2890 4592 communicationes.
2925 4531 3190 4586 Divinum
3223 4527 3444 4584 scilicet
3473 4528 3674 4582 decre-

1950 4643 1996 4707 D
2028 4632 2177 4684 tum.

2101 4718 2287 4770 Totum
2310 4711 2609 4768 hominem.
2640 4709 2788 4764 Nota
2817 4708 2970 4778 quod
3003 4710 3191 4761 totum
3239 4703 3538 4758 hominem
3569 4717 3670 4756 vo-

2032 4808 2120 4859 cet
2148 4819 2282 4858 eum
2316 4800 2413 4872 qui
2445 4801 2675 4855 constat
2704 4813 2771 4852 ex
2802 4795 3162 4866 intelligente
3209 4790 3426 4855 animo,
3456 4793 3513 4844 et
3541 4804 3670 4844 cor-

2033 4907 2203 4964 pore;
2237 4894 2300 4944 ut
2330 4888 2584 4944 declarat
2613 4885 2782 4951 illud,
2832 4884 2891 4938 in
2939 4898 3080 4954 pura
3123 4877 3578 4949 contemplatione
3623 4880 3673 4932 et

2031 4978 2307 5041 scientia;
2334 4981 2390 5033 et
2421 4976 2573 5047 quod
2607 4973 2841 5029 totalem
2881 4969 3022 5025 dicit
3063 4967 3320 5036 salutem,
3354 4964 3562 5020 animas
3617 4967 3675 5020 et

2033 5067 2312 5140 corporis.
2346 5066 2588 5136 Propter
2616 5062 2736 5117 haec
2784 5064 2978 5115 autem
3029 5057 3138 5111 hoc
3193 5054 3506 5110 notandum
3560 5055 3673 5122 est,

2036 5161 2102 5212 ut
2116 5156 2351 5227 quando
2366 5152 2646 5209 dixeritin
2661 5149 2792 5204 aliis
2805 5145 3208 5203 sermonibus:
3240 5141 3675 5200 totaliteressen-

1287 5607 1523 5668 VARIB
1561 5610 1955 5669 LECTIONES
1993 5609 2080 5666 ET
2119 5605 2674 5665 CORRECTIONES.

354 5714 396 5750 ⁸⁷
425 5714 516 5791 ἀφ’
548 5713 650 5769 ὧν.
