4000 6200
339 385 442 439 183

1157 388 1525 442 APPBNDIX
1561 390 1660 441 AD
1697 386 1939 442 ΟΡΕΒΔ
1972 386 2032 438 S.
2072 383 2391 438 DIONYSII
2429 385 2927 442 AREOPAGITE.

3647 389 3752 444 184

340 512 482 568 tiam
539 513 809 586 accepisse
862 513 1381 585 superesuntialem
1448 516 1634 571 Iesum
1689 513 1986 569 secundum
2019 535 2035 580 Α

2131 528 2216 562 ἰον
2247 509 2453 579 Ἰησοῦν
2486 511 2605 564 καθ’
2634 512 2802 584 ἡμᾶς,
2834 513 3038 586 νοήσῃς
3083 511 3142 568 ἐκ
3188 516 3373 590 ψυχῆς
3420 520 3609 590 νοερᾶς
3665 515 3753 570 καὶ

340 617 468 658 nos:
504 601 798 674 intelligas
829 619 898 658 ex
927 602 1124 658 animo
1173 608 1232 658 et
1277 619 1518 675 corpore
1558 601 1997 658 inhumanatio-

344 708 502 748 nem.

417 782 544 848 §X.
609 781 1070 839 Consecratoria:
1127 781 1516 849 invocationes,
1545 782 1641 839 Gr.
1689 775 2000 839 τελεπικᾶς

347 865 686 938 ἰπικλήσεις.
715 870 866 927 Dicit
911 869 1221 924 τιλεστικὰς
1271 867 1584 939 ἐπικλήσεις
1635 871 1997 943 precationes

295 967 297 972 ‘
348 958 406 1012 in
439 958 826 1014 ordinatione.
877 959 1022 1014 Nota
1070 974 1223 1024 vero,
1271 974 1450 1028 quare
1483 959 1587 1014 bas
1617 958 1734 1015 sive
1763 961 1998 1014 sanctas

346 1047 742 1103 invocationes
772 1052 829 1102 et
852 1047 1218 1119 operationes
1251 1047 1519 1103 tacuerit.

421 1140 448 1204 §
477 1137 566 1192 XI.
601 1137 824 1207 Eﬂerre,
858 1137 953 1191 Gr.
986 1133 1208 1208 ἐξάγειν.
1243 1135 1568 1191 Publicare.

421 1226 662 1296 Infantes
686 1224 936 1280 necdum.
961 1225 1108 1280 Nota
1143 1224 1283 1296 quid
1316 1225 1473 1279 dicat
1503 1225 1670 1280 Pater
1699 1225 1768 1279 de
1798 1223 1996 1296 pueris

349 1314 736 1386 baptizandis.
767 1315 898 1371 Ilaec
927 1320 1125 1371 autem
1156 1319 1221 1370 ut
1251 1314 1634 1387 interroganti
1665 1318 1868 1371 sancto
1899 1312 1996 1368 Ti-

350 1403 586 1458 motheo
644 1403 900 1475 scripsit,
949 1408 1014 1458 ut
1058 1403 1435 1459 manifestum
1484 1405 1563 1460 sit
1611 1405 1767 1477 quod
1815 1403 1996 1458 etiam

351 1491 564 1563 priora,
595 1495 653 1548 et
681 1492 827 1548 alios
857 1492 1039 1549 libros
1069 1494 1142 1548 ad
1175 1493 1603 1566 interrogantes
1633 1491 1958 1564 scripserit.

420 1672 622 1724 Sacras
651 1668 998 1724 traditiones.
1021 1669 1183 1733 Quod
1204 1672 1262 1724 et
1285 1673 1410 1724 tum
1444 1668 1660 1726 fuerint
1689 1669 1999 1726 irridentes

355 1755 607 1830 mystica
626 1761 928 1828 nostra,ut
956 1758 1134 1812 etiam
1161 1759 1316 1828 quod
1349 1758 1603 1814 infantes
1633 1758 2000 1829 baptizaren-

354 1851 470 1916 tur,
505 1845 722 1916 quibus
751 1844 913 1916 loqui
947 1862 1064 1900 non
1093 1845 1444 1914 valentibus,
1481 1846 1789 1902 offerentes
1819 1846 1996 1917 ipsos,

355 1934 775 1990 abrenuntiant
804 1950 906 2005 pro
939 1933 1106 2004 ipsis,
1139 1937 1196 1988 et
1227 1933 1286 1988 in
1335 1933 1602 1991 ordinem
1651 1938 2000 2005 cooptantur

353 2021 684 2094 [symbola].
722 2023 798 2078 De
828 2038 947 2093 qua
976 2021 1247 2078 irrisione
1278 2025 1510 2093 purgat,
1542 2037 1863 2093 apponens,
1885 2038 1998 2078 non

350 2110 540 2166 omnia
569 2110 821 2166 omnibus
856 2118 1005 2166 nota.
1041 2109 1189 2168 Nota
1238 2114 1435 2166 autem
1484 2110 1775 2180 quomodo
1821 2110 1996 2167 etiam

352 2199 545 2272 angeli
574 2198 759 2254 multa
788 2199 1080 2270 ignorent.

424 2288 559 2355 Quae
605 2289 1027 2358 cognoscuntur,
1077 2287 1173 2341 Gr.
1219 2282 1529 2355 ἐπιπητάς.
1563 2285 1860 2358 Coguitas,
1892 2304 1996 2344 seu

351 2393 480 2448 quae
510 2379 966 2447 cognoscuntur.

420 2463 594 2520 Aiunt
621 2463 771 2519 enim
800 2463 962 2534 quod.
991 2463 1140 2519 Nota
1160 2463 1450 2535 quomodo
1473 2462 1695 2536 accepit
1715 2479 1784 2520 ex
1803 2463 1877 2520 iis
1895 2463 1995 2535 qui

349 2557 770 2625 praecesserunt
795 2551 1014 2622 ipsum,
1037 2553 1107 2607 de
1137 2552 1354 2622 pueris.

419 2639 888 2710 Institutiom'bus,
922 2639 1020 2695 Gr.
1052 2639 1448 2712 καθηγεμόσιν.
1477 2640 1660 2696 Duces
1699 2639 1995 2712 apostolos

349 2729 510 2785 dicit.

422 2823 567 2874 Bono
596 2817 810 2872 divina.
835 2819 984 2871 Nota
1005 2815 1098 2870 cui
1123 2815 1392 2870 tradatur
1413 2831 1557 2885 puer
1574 2833 1608 2871 a
1629 2817 1992 2888 parentibus,

347 2906 578 2977 quando
609 2906 938 2976 baptizatus
982 2903 1178 2971 fuerit,
1209 2903 1492 2958 nimirum
1523 2904 1870 2975 susceptori,
1897 2908 1995 2976 qui

349 2993 546 3048 divina
575 2993 868 3059 didicerit,
899 2993 971 3047 ad
1003 3008 1232 3048 sacram
1262 2991 1733 3048 instructionem.

421 3082 640 3136 Ducem.
690 3079 840 3136 Nota
906 3079 1061 3150 quod
1119 3083 1176 3134 et
1231 3095 1576 3152 sponsorem
1646 3079 1992 3152 magistrum

347 3172 533 3226 vocet.
1032 3159 1034 3161 ί

421 3255 806 3314 Βωείειιηιειη.
839 3254 1028 3313 Vitam
1058 3253 1300 3312 scilicet.

2105 599 2359 670 σώματος
2384 599 2483 667 τήν
2517 597 2946 675 ἐνανθρώπησιν.

2173 779 2201 845 §
2232 781 2298 834 X.
2328 774 2653 841 Τελεστικὰς
2704 776 3038 849 ἐπικλήσεις.
3068 779 3387 844 Τελεστικὰς
3440 780 3760 854 ἐπικλήσεις

2105 863 2235 938 φησὶ
2265 866 2360 926 τὰς
2391 864 2476 920 ἐπὶ
2503 868 2600 938 τῆς
2633 867 2978 942 χειροτονίας
3009 868 3193 944 εὐχάς.
3228 871 3547 944 Σημείωσαι
3579 871 3638 926 δὲ
3670 870 3759 926 διὰ

2100 951 2154 1006 τί
2185 952 2401 1024 ταύτας,
2429 952 2554 1024 ἤτοι
2585 956 2679 1018 τὰς
2708 955 2860 1031 ἁγίας
2893 956 3210 1028 ἆπικλήσεις
3237 958 3327 1014 καὶ
3357 960 3453 1024 τὰς
3489 958 3759 1036 ἐνεργείας

2101 1040 2402 1112 ἐσιώπησεν
2413 1087 2426 1101 .

2173 1131 2433 1206 Ἐξάγειν.
2468 1140 2542 1203 Δη
2554 1133 2844 1206 μοσιεύειν.

2177 1223 2204 1288 §
2234 1221 2329 1278 XI.
2359 1218 2562 1283 Παῖδας
2619 1220 2794 1280 οὔπω.
2829 1222 3147 1296 Σημείωσαι
3203 1223 3257 1280 τί
3314 1246 3475 1302 φησιν
3507 1227 3536 1281 ὁ
3565 1229 3758 1302 Πατὴρ

2103 1309 2228 1384 περὶ
2258 1312 2353 1363 τοῦ
2381 1310 2446 1364 τὰ
2481 1311 2653 1387 βρέφη
2692 1311 3064 1386 βαπτίζεσθαι.
3104 1317 3280 1368 Ταῦτα
3309 1311 3366 1369 δὲ
3408 1313 3482 1377 ὠς
3541 1314 3761 1391 ἐρωτή-

2106 1418 2250 1451 σαντι
2281 1401 2363 1469 τῷ
2394 1398 2532 1473 ἁγίῳ
2569 1401 2819 1472 Τιμοθέῳ
2855 1399 3107 1475 ἔγραψεν,
3147 1402 3221 1464 ὡς
3253 1403 3385 1457 εἶναι
3435 1399 3634 1473 δῆλον,
3677 1405 3758 1458 δτι

2104 1485 2193 1540 καὶ
2223 1487 2290 1540 τὰ
2318 1486 2553 1562 πρότερα
2582 1489 2672 1543 καὶ
2703 1488 2832 1551 τοὺς
2867 1488 3073 1553 ἄλλους
3104 1489 3301 1567 λόγους
3333 1491 3470 1567 πρὸς
3502 1491 3761 1564 ἐρωτῶν-

2103 1595 2199 1637 τας
2231 1571 2444 1653 ἔγραφε.

2176 1664 2282 1725 Τὰς
2333 1663 2481 1740 ἱερὰς
2531 1664 2878 1739 παραδόσεις.
2936 1668 3059 1725 ’Ότι
3133 1669 3222 1723 καὶ
3307 1667 3429 1723 τότε
3501 1670 3643 1738 ἦσαν
3708 1672 3760 1725 οἱ

2107 1753 2449 1815 σκώπτοντες
2481 1754 2546 1808 τὰ
2581 1757 2814 1827 μυστικὰ
2868 1757 3055 1828 ἡμῶν,
3087 1756 3162 1816 ὡς
3207 1755 3294 1810 καὶ
3353 1756 3420 1811 τὰ
3463 1758 3589 1832 περὶ
3649 1763 3758 1813 τῶν

2111 1841 2521 1916 βαπτιζομὲνων
2553 1840 2783 1915 παίδων,
2817 1845 2888 1898 ὧν
2923 1846 2997 1917 μή
3050 1841 3359 1917 δυναμένων
3403 1843 3670 1918 λαλῆσαι,
3705 1849 3761 1900 οἱ

2104 1930 2502 2006 προσφέροντες
2570 1931 2766 1994 αὐτοὺς
2815 1935 2860 1968 ⁸⁸
2906 1931 3299 1987 ἀποτάσσονται
3361 1935 3492 2009 ὑπὲρ
3548 1935 3760 2003 αὐτῶν,

2105 2018 2191 2071 καὶ
2222 2016 2596 2072 συντάσσονται
2628 2019 2716 2090 [τὰ
2744 2014 3016 2093 σύμϐολα]
3054 2039 3066 2054 ’
3100 2019 3224 2097 περὶ
3266 2023 3362 2075 τοῦ
3419 2020 3761 2095 σκώμματος

2107 2103 2479 2182 ἀπολογεῖται,
2511 2109 2845 2182 προστιθεὶς,
2879 2111 2961 2164 ὅτι
3001 2108 3063 2163 οὐ
3121 2108 3294 2164 πάντα
3344 2115 3476 2164 πᾶσι
3521 2111 3762 2185 γνωστά.

2108 2201 2184 2265 Ση
2199 2195 2424 2268 μείωσαι
2456 2193 2514 2250 δὶ
2543 2196 2617 2258 ὡς
2647 2197 2736 2252 καὶ
2769 2199 2822 2252 οἱ
2870 2199 3095 2273 ἄγγελοι
3143 2197 3331 2254 πολλὰ
3377 2200 3664 2273 ἀγνοοῦσιν
3697 2204 3763 2257 ⁸⁸.

2175 2285 2532 2355 Ἐπιστητάς.
2573 2286 2922 2356 Ἐπιστητὰς,
2953 2283 3077 2355 ἤτοι
3105 2288 3536 2361 γινωσκομένας.

2178 2461 2316 2515 Φασὶ
2347 2461 2445 2537 γὰρ
2478 2461 2631 2536 ὅπερ.
2667 2463 2984 2536 Σημείωσαι
3018 2467 3133 2526 πῶς
3178 2459 3479 2538 παρέλαϐεν
3531 2464 3591 2520 ἐκ
3642 2470 3755 2522 τῶν

2103 2551 2210 2626 πρὸ
2237 2549 2401 2604 αὐτοῦ
2431 2552 2551 2624 περὶ
2582 2556 2685 2604 τῶν
2718 2549 2946 2608 παίδων.

2177 2639 2574 2713 Καθηγεμόσιν.
2624 2641 3012 2714 Καοηγεμόνας
3058 2639 3186 2704 τοὺς
3244 2639 3582 2704 ἀποστόλους
3649 2664 3758 2720 φη-

2104 2748 2208 2784 σιν.

2171 2817 2388 2890 Ἀγαθῷ
2443 2817 2510 2870 τὰ
2565 2821 2700 2880 θεῖα.
2765 2816 3079 2890 Σημείωσαι
3149 2820 3258 2874 τίνι
3315 2817 3679 2893 παραδίδοται
3729 2823 3758 2876 ὁ

2102 2907 2229 2964 παῖς
2262 2903 2364 2958 ὑπὸ
2411 2909 2518 2959 τῶν
2577 2906 2807 2980 γονέων,
2839 2904 2962 2961 ὅταν
3027 2908 3319 2983 βαπτισθῇ,
3351 2907 3435 2964 ὅτι
3490 2907 3759 2986 ἀναδόχῳ

2107 2992 2443 3065 μεμυημένῳ
2470 2993 2537 3047 τὰ
2565 2995 2678 3048 Θεῖα
2707 2993 2842 3070 πρὸς
2876 2995 3156 3072 ἀναγωγὴν
3185 2998 3352 3071 ἱεράν.

2177 3081 2548 3154 Κκθηγεμόνα.
2581 3083 2905 3156 Σημοίωσαι
2936 3083 3020 3139 ὅτι
3066 3086 3155 3140 καὶ
3200 3085 3291 3141 τὸν
3339 3083 3606 3162 ἆνάδοχον
3656 3108 3755 3142 κα-

2105 3170 2388 3245 Θηγεμόνα
2417 3169 2596 3227 καλεῖ.

2026 3247 2073 3312 C
2182 3259 2534 3334 Γιγνομένην.
2560 3261 2673 3331 Τὴν
2710 3262 2854 3331 ζωὴν
2887 3259 3168 3333 δηλονότι.

1801 3427 1983 3487 Finis.
2016 3430 2160 3487 Laus
2187 3431 2292 3487 Deo

1283 3610 1544 3673 VARIIE
1585 3613 2012 3678 LECTIONES
2054 3617 2155 3678 ET
2199 3617 2811 3682 COBRECTIONES.

409 3754 452 3790 “
481 3750 634 3808 αὑτά.
713 3753 758 3788 ⁴⁹
788 3749 871 3806 ὅτι
901 3751 1037 3825 ἡμῖν
1069 3750 1286 3813 πάντως
1319 3749 1381 3806 οὐ
1412 3748 1586 3806 πάντα
1615 3754 1850 3828 γνωστᾶ.
