4000 6200
390 387 491 444 187

1214 384 1580 439 APPENDIX
1619 384 1715 436 AD
1754 381 1996 436 OPERA
2032 383 2090 434 S.
2129 383 2445 444 DIONYSII
2483 395 2988 451 AREOPAGITE.

3711 389 3816 444 188

387 515 460 571 ab
483 510 639 579 εἶναι,
664 524 827 577 esse;
854 507 986 562 εἶναι
1018 511 1216 563 autem
1247 505 1643 578 cognitionem
1660 503 1913 575 alicujus
1943 502 2041 558 de-

2178 526 2260 560 ιαιο
2293 509 2355 563 τὸ
2388 509 2444 567 δὲ
2495 514 2630 569 εἶναι
2679 517 3017 590 παραγωγῆς
3045 534 3194 575 τινος
3236 510 3446 568 ἔννοιαν
3480 512 3810 589 ὑπογράφει·

387 600 684 659 ductionis
709 598 1001 671 designet,
1035 596 1284 652 minime
1320 595 1551 667 proprie
1582 592 2048 660 obsimessentia,

389 693 462 748 de
495 692 606 746 Deo
639 689 782 744 dicit
807 685 1039 759 poterit.
1082 685 1237 741 Deus
1259 684 1430 739 enim
1464 699 1699 740 omnem
1726 681 2047 738 essentiam

390 778 814 850 supereminet:
849 792 982 830 cum
1015 773 1162 828 nihil
1193 789 1388 828 rerum
1423 771 1795 838 exsistat,sed
1828 787 1920 826 res
1942 786 2012 826 su

393 872 555 942 peret
584 872 641 922 et
669 867 746 922 sit
771 882 841 920 ex
871 881 988 935 quo
1018 863 1219 918 omnia
1261 863 1636 929 subsistunt;
1693 876 1830 915 nam
1865 859 2048 914 solius

392 959 494 1014 Dei
525 956 756 1014 occulta
786 954 1064 1010 omnibus
1096 951 1374 1007 divinitas
1405 955 1494 1006 est
1516 954 1776 1022 potestas
1806 949 1876 1003 ad
1899 947 2049 1032 divi:

397 1046 600 1102 nitatis
622 1042 978 1116 principium
1003 1044 1429 1113 spectans,quaa
1458 1040 1710 1110 imperat
1737 1037 1812 1093 iis
1835 1037 1933 1108 qui
1968 1035 2050 1089 di1

397 1136 695 1198 dicuntur,
729 1148 831 1187 seu
856 1129 1106 1201 angelis,
1130 1145 1231 1185 seu
1257 1129 1477 1185 sanctis
1508 1127 1868 1195 hominibus,
1896 1125 2050 1180 sicut

397 1225 575 1280 etiam
607 1227 832 1277 creator
861 1223 950 1275 est
980 1235 1184 1273 eorum
1237 1217 1339 1289 qui
1387 1233 1490 1289 per
1539 1213 2048 1288 participationem

396 1315 535 1368 sunt
565 1309 670 1375 dii,
713 1323 919 1379 reapse
962 1297 1030 1362 ex
1065 1306 1259 1378 seipsa
1290 1310 1347 1362 et
1387 1305 1514 1361 sine
1546 1303 1668 1360 ulla
1703 1319 1882 1358 causa
1921 1303 2050 1374 ipsa

396 1398 673 1457 divinitas
704 1397 1015 1454 exsistens.

468 1489 571 1543 Cui
597 1485 1096 1556 superessentialis.
1133 1487 1174 1537 A
1208 1483 1333 1540 sola
1372 1485 1527 1539 enim
1560 1483 1691 1555 ipsa
1722 1481 2044 1546 divinitate,

2158 599 2258 655 οὐκ
2297 600 2355 655 ἂν
2404 599 2620 676 λέγοιτο
2669 604 2872 679 κυρίως
2919 603 3077 658 οὐσία
3122 601 3211 657 ἐπὶ
3260 605 3412 657 Θεοῦ.
3463 600 3646 669 ΙΙάσης
3705 601 3809 674 γὰρ

2157 687 2341 751 οὐσίας
2375 690 2678 766 ὑπέρκειται
2707 693 2734 746 6
2765 694 2914 754 Θεὸς.
2949 691 3100 746 οὐδέν
3124 712 3175 745 τι
3207 694 3313 744 τῶν
3343 686 3512 744 ὄντων
3540 685 3636 758 ὤν,
3681 687 3811 744 ἀλλ’

2162 777 2292 851 ὑπὲρ
2339 779 2404 833 τὰ
2451 776 2599 849 ὄντᾶ,
2645 780 2734 835 καὶ
2785 781 2835 852 ἐξ
2885 781 2947 834 οὗ
2994 781 3058 835 τὰ
3108 775 3254 834 ὅντα·
3288 781 3322 848 ἡ
3353 779 3455 853 γὰρ
3501 782 3598 832 τοῦ
3633 779 3808 850 μόνου

2157 871 2294 922 Θεοῦ
2320 874 2476 922 πᾶσιν
2509 869 2821 948 ἀπόκρυφος
2853 869 3042 939 θεότης
3075 869 3338 943 θεαρχικὴ
3368 865 3595 939 δύναμίς
3637 865 3808 934 ἐστιν,

2158 952 2407 1031 ἄρχουσα
2457 962 2564 1012 τῶν
2617 958 2926 1034 λεγομένων
2991 963 3148 1026 θεῶν,
3210 953 3315 1010 εἴτε
3366 954 3639 1029 ἀγγέλων,
3703 952 3808 1008 εἴτε

2159 1045 2319 1119 ἁγίων
2354 1047 2677 1124 ἀνθρώπων,
2707 1048 2844 1111 καθὰ
2896 1050 2943 1083 ⁶²
2973 1047 3058 1100 καὶ
3095 1043 3432 1119 δημιουργός
3464 1042 3575 1097 ἐστι
3610 1046 3725 1096 τῶν
3754 1041 3812 1095 ἐκ

2162 1135 2419 1206 μεθέξεων
2468 1136 2768 1209 γινομένων
2825 1137 2959 1190 θεῶν
3011 1138 3045 1204 ἡ
3095 1139 3173 1206 τῷ
3219 1129 3334 1189 ὅντι
3389 1132 3441 1203 ἐξ
3491 1133 3691 1200 ἑαυτῆς
3721 1130 3807 1184 καὶ

2156 1223 2410 1288 ἀναιτίως
2438 1223 2764 1294 αὐτοθεότης
2792 1227 2836 1261 ⁸³
2866 1223 3019 1282 οῦσα.

2226 1489 2379 1564 Αύτῇ
2407 1494 2508 1560 τήν
2546 1490 2882 1568 ὑπερούσιον.
2915 1489 3069 1565 Μόνη
3100 1491 3200 1565 γὰρ
3224 1488 3360 1562 αὐτῇ
3389 1493 3458 1562 τῇ
3492 1490 3713 1559 θεότητι
3743 1487 3808 1542 τὰ

397 1577 500 1632 illa
529 1592 655 1646 quae
678 1575 867 1646 ipsam
901 1576 1185 1644 spectant,
1219 1573 1511 1644 quomodo
1553 1589 1586 1627 a
1633 1578 1794 1644 parte
1825 1574 2046 1626 naturae

2178 1582 2273 1642 Lae'
2302 1580 2518 1650 ἑαυτὴν,
2553 1581 2625 1641 ὡς
2657 1576 2775 1655 ἕχει
2803 1577 3032 1657 φύσεως,
3060 1578 3320 1646 ἐπιστητά
3347 1579 3414 1634 “.

401 1681 463 1722 se
491 1663 733 1729 habent,
765 1660 901 1716 sciri
927 1664 1172 1731 queunt.

473 1753 708 1809 Badium
736 1750 1116 1806 oraculorum.
1151 1749 1324 1804 Recte
1370 1749 1538 1817 dixit,
1570 1748 1811 1814 radium,
1842 1751 1902 1802 et
1929 1762 2043 1802 non

2229 1756 2438 1833 Λογίων
2491 1759 2666 1820 ἀκτίς.
2715 1755 2907 1818 Καλῶς
2957 1758 3097 1812 εἶπεν
3147 1755 3323 1822 ἀκτὶς,
3363 1755 3451 1811 καὶ
3484 1753 3591 1830 οὐχ
3619 1754 3807 1823 ἥλιοςδ

401 1843 571 1899 solem
597 1858 618 1903 ,·
649 1839 1154 1912 quemadmodum
1201 1838 1360 1893 enim
1409 1837 1468 1892 in
1517 1837 1702 1893 solem
1745 1836 2047 1891 intendere

2178 1846 2336 1919 ὗσπερ
2368 1849 2472 1922 γὰρ
2504 1852 2582 1918 τῷ
2613 1845 2758 1918 ἡλίῳ
2787 1845 3077 1901 ἐνατενίσαι
3110 1846 3174 1900 ού
3207 1843 3497 1917 δυνάμεθα,
3523 1843 3653 1898 ἀλλ’
3680 1841 3811 1906 ἴσως

402 1930 740 2002 nequimus,
775 1929 876 1984 sed
905 1926 1171 1982 fortassis
1202 1927 1262 1982 in
1307 1927 1436 1998 ejus
1479 1926 1712 1994 radios;
1745 1925 1828 1981 ita
1867 1930 2048 1981 Deum

402 2022 596 2092 ipsum
625 2017 883 2090 cogitare
917 2032 1034 2072 non
1065 2014 1348 2071 valemus.

474 2107 838 2163 Moderatione
864 2106 1012 2160 (τίνοα
1035 2104 1247 2160 divina.
1284 2103 1479 2174 Neque
1509 2104 1663 2159 enim
1699 2107 1916 2158 temere
1946 2119 2053 2157 au-

407 2197 667 2254 dendum
698 2195 758 2250 in
790 2209 1062 2249 sermone
1093 2194 1163 2250 de
1192 2198 1306 2249 Deo
1332 2211 1345 2260 ;
1379 2195 1480 2250 sed
1502 2193 1804 2249 moderata
1826 2190 2054 2247 ratioci-

410 2285 648 2342 natione
673 2282 1151 2355 persequendum
1203 2281 1566 2353 religionem,
1621 2297 1796 2352 quam
1844 2279 2052 2334 divine

409 2372 702 2446 majestati
724 2371 1159 2438 debemus,sola
1186 2370 1286 2425 illa
1311 2370 1760 2442 pronuntiantes
1782 2373 1960 2440 atque
1980 2367 2054 2422 ad

412 2461 949 2535 interpretationem
980 2459 1358 2526 adducentes,
1393 2475 1524 2531 qua
1548 2459 1618 2513 de
1666 2458 1781 2513 Deo
1811 2458 1871 2512 in
1903 2455 2055 2513 Scri-

411 2557 586 2625 ptura
612 2548 790 2607 veluti
822 2549 1056 2606 oraculo
1087 2547 1329 2606 definita
1357 2551 1516 2617 sunt,
1548 2546 1702 2604 sicut
1729 2545 1904 2619 paulo
1921 2549 2057 2600 ante

414 2640 582 2697 dixit.
1727 2648 1731 2652 ‘

489 2726 1106 2797 Verissimtheologae.
1137 2725 1284 2780 Vide
1325 2725 1618 2794 quomodo
1659 2739 1854 2778 veram
1891 2722 2057 2778 theo-
2111 2743 2118 2748 ·

414 2817 631 2888 logiam
661 2819 828 2871 vocet
857 2814 1036 2869 divini
1087 2812 1250 2869 Pauli
1299 2813 1691 2882 Scripturam;
1737 2811 1863 2881 ipse
1901 2810 2057 2866 enim

417 2910 508 2960 est
540 2905 640 2975 qui
687 2904 850 2969 dicit,
894 2902 1099 2958 donari
1147 2901 1458 2957 manifeste
1507 2917 1538 2955 a
1582 2901 1698 2957 Deo
1737 2899 2058 2955 secundum

421 3007 760 3047 mensuram
776 2991 1065 3062 cujusque
1083 2990 1379 3046 facultatis
1409 2990 1860 3046 illustrationem
1879 3005 1892 3056 ;
1910 2987 2062 3043 sicut

420 3078 576 3134 enim
610 3077 894 3133 Dominus
911 3077 1168 3132 declarat
1196 3079 1396 3134 dicens
1429 3075 2060 3150 perfectioribusdisci-

422 3167 578 3240 pulis
613 3183 628 3221 :
668 3166 829 3223 Vobis
847 3165 1038 3221 datum
1067 3175 1146 3222 est
1175 3183 1333 3222 nosse
1363 3169 1634 3239 mysteria
1650 3167 1753 3222 94
1780 3165 1936 3237 regni
1955 3163 2055 3235 (h),

422 3217 576 3240 r—"'
615 3217 626 3221 '
672 3217 683 3223 '
717 3217 821 3220 ”“““
852 3217 1033 3221 """""
1069 3217 1140 3222 "'
1179 3217 1327 3222 """
1365 3217 1531 3239 "'J"'
1574 3217 1630 3223 "'
1658 3217 1682 3221 '
1716 3217 1753 3222 _'
1780 3217 1789 3220 '
1813 3217 1929 3237 '0"'
1958 3217 1972 3235 \
1999 3217 2054 3235 ‘I'

417 3256 600 3313 veluti
632 3271 768 3311 cum
821 3255 1024 3326 majori
1075 3255 1287 3310 mentis
1332 3257 1682 3328 perfectione
1725 3255 1796 3310 iis
1837 3271 1960 3326 qua:
1992 3254 2062 3309 de
2091 3217 2135 3286 c

421 3351 538 3403 Deo
551 3345 830 3400 dicuntur
841 3344 1278 3400 attendentibus
1294 3365 1308 3413 ;
1326 3362 1439 3399 non
1465 3343 1655 3400 solum
1679 3342 2062 3399 autemdebo-

424 3434 688 3490 minibus
710 3433 853 3489 dicit
873 3433 981 3489 hoc
1008 3433 1296 3505 disputari
1315 3449 1566 3506 magnus
1587 3432 1900 3506 Dionysius
1933 3447 2062 3500 ;ve-

424 3539 557 3579 rum
572 3523 748 3579 etiam
763 3523 834 3578 de
846 3522 1248 3595 angelis,quos
1265 3521 1412 3579 solet
1425 3522 1729 3578 nominare
1741 3521 2064 3577 secundum

429 3613 712 3684 quosdam
746 3613 1022 3683 profanos
1054 3611 1435 3684 philosophos
1475 3619 1716 3673 mentes;
1750 3627 1874 3682 quae
1894 3624 2066 3681 supe-

430 3702 651 3759 riorum
681 3700 956 3756 ordinum
989 3704 1216 3757 mentes
1247 3701 1413 3758 dictae
1445 3704 1679 3764 sunt,ut
1710 3699 1949 3755 omnino
1971 3715 2067 3754 es-

427 3789 753 3848 sentialitcr
779 3806 948 3846 mens
994 3790 1363 3858 exsistentes,
1395 3789 1595 3846 omnia
1649 3788 2068 3860 intelligentes,

430 3897 556 3952 quae
579 3880 741 3937 unite
762 3880 921 3936 aDeo
954 3881 1011 3935 in
1043 3881 1204 3952 ipsos
1232 3879 1509 3937 continuo
1531 3877 2071 3935 derivanturzunde

432 3973 490 4023 et
516 3968 623 4021 toti
650 3968 908 4023 totaliter
938 3967 1224 4024 inoculari
1251 3969 1532 4025 dicuntur
1580 3969 1640 4022 in
1673 3964 2071 4023 sanctissimis

431 4054 793 4110 cberubinis.

506 4143 707 4198 Divina
735 4143 1067 4199 revelantur.
1113 4144 1262 4199 Nota
1305 4144 1541 4215 angelos
1562 4145 1734 4214 juxta
1773 4142 2075 4215 proprium

438 4233 674 4303 captum
710 4231 806 4286 Dei
839 4232 1169 4302 cognitione
1200 4232 1407 4303 dignos
1439 4231 1658 4287 haberi.

2161 1940 2277 1999 ταῖς
2306 1935 2428 2010 περὶ
2474 1935 2634 1990 αὐτὸν
2688 1935 2916 2006 ἀκτῖσιν,
2949 1932 3093 1988 οὕτω
3141 1933 3269 1988 Θεὸν
3325 1933 3487 1987 αὐτὸν
3519 1939 3721 2001 νοῆσαι
3751 1931 3810 1987 ού

2161 2028 2478 2100 χωροῦμεν.

2230 2116 2306 2186 Τῇ
2339 2113 2462 2188 περὶ
2506 2112 2574 2166 τὰ
2620 2113 2736 2166 θεῖα
2787 2109 3134 2186 σωφροσύνῃ.
3184 2110 3260 2164 Οὐ
3306 2109 3410 2184 γὰρ
3450 2107 3810 2182 κατατολμη-

2161 2201 2280 2255 τέον
2310 2204 2354 2238 ⁵⁸
2395 2200 2695 2276 θεολογίας,
2738 2198 2884 2255 ἀλλὰ
2941 2202 3310 2276 σωφρονοῦντι
3360 2195 3619 2273 λογισμῷ
3668 2219 3812 2270 μετι-

2160 2290 2278 2344 τέον
2310 2291 2409 2357 τὴν
2443 2289 2565 2365 περὶ
2595 2290 2658 2343 τὸ
2708 2291 2850 2342 θεῖον
2892 2282 3051 2342 σέϐας
3083 2287 3341 2356 ὁσιότητα
3368 2288 3434 2354 ⁸⁸,
3470 2286 3607 2357 μόνα
3640 2297 3813 2361 φθεγ-

2162 2379 2431 2453 γομένους
2477 2377 2566 2432 καὶ
2597 2377 2733 2452 πρὸς
2783 2375 3072 2452 ἑρμηνείαν
3103 2375 3336 2449 ἄγοντας
3388 2372 3563 2428 ἐκεῖνα
3592 2375 3660 2428 τὰ
3689 2377 3807 2446 περὶ

2161 2471 2258 2522 τοῦ
2288 2471 2423 2522 Θεοῦ
2468 2467 2604 2521 κατὰ
2647 2466 2743 2534 τὴν
2796 2465 3010 2542 Γραφὴν
3043 2460 3546 2540 χρησμῳδηθέντα,
3583 2463 3660 2523 ὡς
3706 2464 3810 2536 πρὸ

2168 2561 2366 2632 μικροῦ
2398 2555 2542 2612 εἶπεν
2573 2558 2636 2611 ⁵⁷.

2237 2731 2607 2807 Ἀληθεστάτῃ
2667 2728 2958 2804 θεολογίᾳ.
3010 2731 3150 2802 ’Ὁρα
3207 2732 3327 2790 πῶς
3383 2726 3568 2799 ἀληθῆ
3625 2725 3812 2790 θεολοο

2165 2821 2283 2897 γίαν
2315 2819 2475 2876 καλεῖ
2523 2821 2620 2888 τήν
2668 2822 2765 2874 τοῦ
2797 2818 2943 2882 θείου
2989 2816 3210 2874 Παύλου
3249 2818 3486 2894 Γραφήν·
3519 2814 3685 2878 αὐτὸς
3713 2812 3811 2889 γάρ

2167 2908 2306 2965 ἐστιν
2343 2911 2371 2964 ὁ
2403 2907 2596 2983 λέγων,
2631 2906 2713 2962 ὅτι
2759 2908 2893 2961 κατὰ
2939 2906 3000 2960 τὸ
3037 2904 3229 2978 μέτρον
3259 2909 3358 2970 τῆς
3399 2905 3624 2959 ἑκάστου
3658 2900 3813 2956 δυνά-

2173 3018 2316 3070 μεως
2369 2998 2405 3065 ἡ
2469 2997 2618 3069 παρὰ
2670 2999 2808 3050 Θεοῦ
2864 2998 3186 3070 χορηγεῖται
3242 2996 3427 3070 σαφῶς
3486 2988 3768 3065 ἔλλαμιμς
3801 3008 3814 3022 ·

2172 3085 2350 3160 ὥσπερ
2379 3086 2423 3121 ⁸³
2446 3083 2536 3138 καὶ
2570 3085 2598 3138 6
2638 3081 2834 3156 Κύριος
2875 3079 3042 3152 δηλοῖ
3091 3082 3265 3155 λέγων
3314 3085 3431 3141 τοῖς
3462 3077 3818 3151 τελειοτέροις

2176 3178 2467 3248 μαθηταῖς·
2525 3173 2680 3244 Ὑμῖν
2738 3167 2953 3225 δέδοται
3008 3173 3209 3244 γνῶναι
3267 3169 3336 3223 τὰ
3394 3168 3669 3242 μυστήρια
3717 3173 3813 3236 τῆς

2177 3260 2472 3338 βασιλείας,
2531 3263 2621 3316 ἅτε
2687 3259 2779 3314 καὶ
2849 3257 3263 3332 νουνεχέστερον
3316 3256 3647 3331 προσέχουσι
3703 3260 3816 3316 τοῖς

2172 3350 2604 3422 Θεσπιζομένοις.
2637 3349 2717 3406 Οὐ
2753 3342 2916 3421 μόνον
2943 3344 3000 3401 δὲ
3025 3345 3187 3400 τοῦτο
3208 3345 3331 3418 περὶ
3364 3345 3662 3418 ἀνθρώπων
3686 3343 3814 3420 φησί

2174 3436 2512 3513 διαλέγεσθαι
2551 3439 2595 3474 ⁵³
2629 3438 2656 3491 6
2692 3437 2859 3511 μέγας
2906 3435 3214 3503 Διονύσιος,
3244 3432 3390 3488 ἀλλὰ
3431 3431 3520 3487 καὶ
3552 3433 3679 3507 περὶ
3705 3434 3809 3485 τῶν

2175 3526 2443 3602 ἀγγέλων,
2487 3524 2579 3587 οὓς
2628 3523 2811 3580 εἴωθεν
2862 3523 3146 3596 ὀνομάζειν
3189 3523 3326 3576 κατά
3367 3541 3517 3583 τινας
3560 3525 3669 3575 τῶν
3716 3525 3811 3587 τῆς

2175 3612 2275 3686 ἔξω
2331 3613 2654 3693 φιλοσοφίας
2714 3613 2838 3674 νόας
2875 3630 2888 3644 ⁸
2952 3610 3146 3675 οἵτινες
3195 3614 3300 3665 τῶν
3364 3611 3476 3663 ἄνω
3530 3609 3820 3682 ταγμάτων

2174 3704 2296 3766 νόες
2326 3692 2588 3776 εἷ’ρηνται,
2621 3701 2695 3764 ὡς
2723 3702 2786 3756 τὸ
2811 3705 2913 3754 πᾶν
2945 3704 3069 3761 νοῦς
3102 3698 3451 3770 οὐσιωμένως
3493 3692 3663 3765 ὄντες,
3691 3696 3817 3768 [καὶ]

2176 3795 2349 3849 πάντα
2374 3795 2647 3859 νοοῦντες,
2687 3788 2900 3850 ἑνιαίως
2927 3789 2994 3844 τὰ
3040 3787 3101 3843 ὲκ
3130 3791 3264 3843 Θεοῦ
3295 3785 3487 3862 ῥέοντα
3531 3788 3819 3859 προσεχῶς

2179 3881 2256 3944 εἷς
2286 3883 2330 3918 ⁶⁰
2358 3879 2570 3943 αὐτούς’
2602 3879 2719 3942 ὅθεν
2753 3877 2842 3932 καὶ
2875 3875 2998 3932 ὅλοι
3030 3875 3178 3937 δλως
3220 3875 3705 3948 κατομματοῦσθαι
3737 3869 3820 3928 λέ-

2180 3989 2371 4046 γονται
2404 3967 2456 4023 έν
2488 3973 2606 4031 τοῖς
2637 3966 2957 4042 ἁγιωτάτοις
2982 3963 3280 4041 χερουβίμ.

2255 4143 2714 4203 Ἀνακαλύπτεται
2769 4143 2838 4199 τὰ
2905 4145 3040 4201 θεῖα.
3102 4140 3420 4214 Σημείωσαι
3479 4138 3560 4194 ὅτι
3627 4139 3722 4193 καὶ
3776 4136 3829 4190 οἱ

2186 4233 2407 4310 ἄγγελοι
2457 4233 2591 4288 κατὰ
2635 4233 2736 4300 τὴν
2786 4231 2984 4287 οἷ’κειαν
3030 4230 3327 4305 ἀναλογίαν
3372 4235 3472 4298 τῆς
3511 4225 3830 4303 θεογνωσίας

2187 4324 2480 4396 ἀξιοῦνται.

505 4409 726 4466 Iustitia
762 4408 1020 4464 salutari.
1056 4407 1291 4476 Idcirco,
1321 4406 1534 4479 inquit,
1567 4412 1712 4463 Deus
1761 4407 2057 4479 unieuiqu:

2260 4411 2346 4467 ’Ev
2399 4411 2639 4482 σωστικῇ
2697 4405 3025 4479 δικαιοσύνῃ.
3085 4407 3184 4461 Διὰ
3228 4410 3421 4474 τοῦτο,
3476 4402 3660 4478 φησὶν,
3716 4401 3828 4456 ἑκά·

439 4499 762 4553 seoundum
793 4497 922 4567 ejus
941 4497 1094 4552 vires
1123 4496 1360 4564 revelat,
1386 4513 1501 4551 non
1535 4498 1689 4567 quod
1715 4497 1884 4568 plura
1906 4497 2052 4552 dene

2189 4521 2297 4572 στῳ
2353 4499 2487 4554 κατά
2541 4498 2638 4565 τὴν
2695 4495 2859 4551 αὐτοῦ
2910 4492 3135 4567 δύναμιν
3188 4495 3216 4550 6
3269 4491 3399 4555 Θεὸς
3439 4488 3828 4557 ἀποκαλύπτει,

439 4591 572 4658 get;
604 4587 703 4643 sed
739 4586 1193 4658 quiajustitiam
1217 4587 1277 4641 in
1310 4586 1522 4643 divinae
1543 4586 1894 4657 cognitionis
1915 4603 2057 4642 ment

2193 4587 2299 4663 οὐχ
2333 4586 2414 4641 ὅτι
2447 4587 2629 4662 φθονεῖ
2653 4587 2750 4640 τοῦ
2780 4581 3056 4655 πλείονος,
3088 4581 3234 4639 ana
3282 4578 3371 4636 διὰ
3411 4581 3474 4636 τὸ
3522 4583 3693 4634 σῶσαι
3739 4577 3828 4642 τὴν

441 4693 582 4732 sura
629 4679 856 4732 servet:
900 4675 1199 4746 proprium
1247 4675 1531 4747 siquidem
1561 4675 1825 4746 justitize,
1871 4677 2057 4747 cuiqui

2194 4676 2244 4730 ἐν
2277 4679 2345 4749 τῇ
2392 4676 2643 4750 μετρήσει
2692 4679 2792 4741 τῆς
2845 4673 3174 4747 Θεογνωσίας
3223 4668 3593 4737 δικαιοσύνην
3635 4665 3833 4721 δικαιο-

444 4781 546 4837 pro
573 4763 800 4820 meritis
831 4780 1172 4820 mensuram
1212 4764 1534 4821 confectam
1573 4765 1848 4822 tribuere.
1883 4768 2057 4835 Itaqu‘

2198 4767 2363 4832 σύνης
2393 4762 2495 4838 γὰρ
2529 4759 2668 4816 ἴδιον
2698 4762 2760 4816 τὸ
2789 4762 2904 4815 κατ’
2956 4761 3102 4831 ἀξίαν
3136 4761 3443 4834 ἐπιμετρεῖν
3475 4757 3704 4830 ἑκάστῳ·
3735 4772 3814 4807 τοι

444 4854 736 4910 immensa
767 4853 1005 4926 quidem
1035 4852 1136 4909 Dei
1167 4853 1456 4924 cognitio;
1491 4870 1597 4909 nos
1629 4857 1821 4908 autem
1849 4869 2057 4908 mensu

2196 4837 2414 4928 vapoiiv
2449 4837 2756 4922 ἀμέτρητος
2795 4849 2888 4920 μὶν
2917 4850 2952 4918 ἠ
2986 4849 3111 4922 περὶ
3154 4851 3287 4904 Θεοῦ
3333 4850 3552 4920 γνῶσις·
3594 4845 3754 4916 ἡμεῖς
3785 4837 3837 4894 δι

446 4941 526 4997 ris
557 4958 838 5016 egemus:
874 4941 923 4998 si
953 4942 1112 4998 enim
1157 4943 1378 5014 absque
1408 4957 1686 4998 mensura
1721 4941 1888 4997 nobis
1928 4957 2057 4997 reve

2203 4942 2412 5013 μέτρων
2443 4935 2695 5010 δεόμεθαο
2732 4936 2781 4990 εἷ’
2810 4937 2915 5012 γὰρ
2949 4938 3198 5012 ἀμέτρως
3228 4938 3366 5010 ἡμῖν
3410 4932 3833 4995 ἀπεκαλύπτετο,

443 5030 930 5103 laretur,minime
951 5032 1168 5089 servari
1201 5047 1510 5103 possemus
1541 5050 1555 5098 ;
1576 5030 1728 5085 sicut
1753 5044 1942 5101 neque
1964 5045 2057 5085 cor

2200 5029 2302 5084 οὐκ
2331 5025 2390 5080 ἃν
2421 5026 2699 5098 ἐσώθημεν
2750 5025 2824 5089 ὡς
2871 5022 2997 5080 οὐδὲ
3028 5026 3336 5098 σωματικὸς
3385 5020 3671 5099 ὀφθαλμὸς
3716 5017 3833 5074 ὅλον

447 5135 659 5189 porcus
690 5120 894 5176 oculus
933 5124 1122 5176 totum
1153 5121 1390 5193 capiens
1421 5118 1624 5176 solem.

2203 5117 2364 5186 ἥλιον
2395 5112 2716 5190 δεχόμενος.

587 5287 665 5358 (h)
696 5287 903 5343 Matth.
935 5305 1060 5359 xm,
1093 5289 1179 5346 11.

1467 5429 1716 5486 VARI/Ii
1746 5428 2132 5487 LECTIONES
2161 5425 2250 5482 ET
2279 5420 2833 5483 CORREGTIONES.

451 5659 496 5696 ιο
525 5584 774 5733 λπέᾷέἒθόαι
832 5587 1120 5733 ωσθῗεξέςς.
1197 5591 1244 5626 ⁸⁸
1263 5589 1494 5659 γνωστὰ.
1571 5591 1616 5626 ⁵⁸
1633 5587 1964 5661 τολμητέον.
2040 5587 2084 5623 ⁸⁵
2102 5583 2371 5654 θειότηταο
2447 5583 2491 5618 ⁸⁷
2514 5575 3055 5656 χρησμῳδοτηθάντα
3076 5577 3150 5640 ὡς
3170 5576 3276 5651 πρὸ
3308 5573 3566 5652 βραχέοςο
3633 5573 3678 5608 ⁸⁸
3703 5569 3836 5637 δθ⁸ν·
