4000 6200
195 411 305 468 189

267 539 389 607 Τὴν
445 535 704 613 ἀμετρίαν
767 542 1106 611 θεοπρεπῶς.
1162 539 1448 615 Ἀμετρίαν
1498 542 1588 593 νῦν
1649 535 1844 611 [λέγει]
1878 540 1928 608 Α

194 626 330 682 αὐτὸ
360 628 426 682 τὸ
456 632 635 699 Θεῖον,
692 625 785 680 καὶ
833 626 934 695 τήν
987 627 1154 682 αὐτοῦ
1201 629 1337 682 κατὰ
1383 628 1444 684 τὸ
1494 625 1712 683 δυνατὸν
1770 622 1858 679 ἕλ-

197 715 436 790 λαμψιν.

267 812 470 878 ³Θσπερ
521 805 623 880 γὰρ
678 803 918 873 ἅληπτα.
981 805 1058 862 Τὸ
1117 804 1499 876 ἀκατάληπτον
1575 807 1674 869 τῆς
1730 804 1851 878 περὶ

194 893 383 949 Θεόν⁶¹
416 894 676 968 γνώσεως
706 892 942 956 ἐντεῦθεν
970 891 1314 966 παρίσταται·
1372 893 1417 949 εί
1456 893 1558 969 γὰρ
1617 890 1741 948 οὐδὲ
1789 891 1857 946 τὰ

196 982 352 1036 ἀπΑᾶ
410 980 502 1036 καί
561 981 970 1056 ἀσχημάτιστα,
1021 980 1118 1036 κᾶν
1166 981 1339 1037 οὐσίαι
1381 984 1522 1045 τινες
1567 983 1690 1048 ὦσι,
1737 986 1856 1042 ταῖς

199 1069 514 1140 αἶ’σθήσεσιν
554 1071 976 1142 ὑποπίπτουσιν,
1009 1071 1082 1133 ὡς
1113 1070 1336 1146 ἄγγελοι
1384 1071 1475 1125 καὶ
1521 1070 1695 1145 ψυχαὶ
1741 1073 1857 1130 τοῖς

197 1163 567 1232 σωματικοῖς·
622 1158 779 1231 πόσῳ
837 1157 1050 1231 μᾶλλον
1099 1158 1349 1235 ὑπερέχει
1385 1159 1412 1212 6
1444 1160 1595 1228 Θεὸς,
1628 1159 1656 1212 6
1718 1159 1857 1231 μήτε

196 1249 381 1318 οὐσία,
417 1245 546 1302 ἀλλ’
605 1246 738 1322 ὑπὲρ
791 1245 996 1301 οὐσίαν·
1053 1248 1190 1319 μήτε
1247 1246 1478 1318 ἀπλοῦς,
1533 1244 1664 1301 ἀλλ’
1721 1246 1852 1319 ὑπὲρ

197 1333 532 1405 ἁπλότηταο
593 1336 732 1406 μήτε
783 1339 930 1404 νοῦς,
989 1333 1136 1390 ἀλλὰ
1181 1334 1270 1389 καὶ
1318 1336 1448 1409 ὑπὲρ
1505 1333 1652 1389 νοῦν·
1716 1335 1854 1406 μήτε

199 1424 338 1491 ἑνεὶς,
401 1422 552 1478 ἀλλὰ
577 1423 667 1477 καὶ
703 1423 834 1497 ὑπὲρ
866 1420 1045 1478 ἑνάδα·
1097 1424 1186 1478 καὶ
1234 1421 1356 1478 οὔτε
1398 1425 1512 1499 ὅρῳ
1558 1423 1662 1477 τινὶ
1695 1441 1850 1496 περι-

197 1512 589 1588 γρατόμενος,
649 1509 772 1565 ἀλλ’
831 1510 1079 1585 ἀοριστίᾳ
1131 1516 1239 1566 τῶν
1295 1507 1460 1566 ὄντων
1519 1511 1850 1590 ἀφειμένοςς

197 1599 442 1656 Ἀκούων
503 1601 596 1653 οὖν
655 1598 709 1654 ἐν
741 1603 810 1674 τῇ
841 1603 1026 1678 Γραφῇ
1061 1599 1276 1677 μορφὴν
1332 1603 1486 1669 Θεοῦ,
1539 1599 1629 1654 καὶ
1687 1598 1851 1670 εἶδος,

201 1691 288 1744 καὶ
345 1688 671 1764 πρόσωπον,
735 1685 810 1742 δι’
856 1689 1135 1764 ἀναγωγῆς
1192 1689 1279 1743 καὶ
1343 1689 1475 1765 ὖπὲρ
1531 1688 1596 1743 τὰ
1627 1686 1853 1761 σώματα

203 1779 363 1851 ἀξίως
395 1783 532 1834 Θεοῦ
587 1778 722 1833 νόειο
780 1778 1008 1848 ἑνότητα
1064 1778 1122 1833 δὲ
1150 1778 1381 1848 ἀκούων,
1442 1781 1518 1852 μή
1577 1776 1849 1856 διαφόρων

198 1867 358 1922 τινῶν
393 1867 532 1942 πρὸς
575 1864 770 1922 ἕνωσιν
815 1865 1118 1943 συνδρομὴν
1167 1869 1393 1941 vario-pc
1455 1867 1515 1922 οὗ
1570 1868 1673 1941 γὰρ
1726 1867 1849 1942 περὶ

197 1957 468 2011 τοιοῦτων
504 1957 532 2010 6
576 1956 746 2031 λόγος
789 1959 902 2027 νῦν,
951 1955 1095 2011 ἀλλὰ
1124 1957 1244 2031 περὶ
1280 1959 1434 2024 Θεοῦ,
1465 1959 1560 2010 τοῦ
1594 1957 1732 2028 μήτε
1761 1955 1852 2030 ἀρ-

201 2053 314 2119 χῆς
344 2044 594 2115 ἀριθμῶν
629 2041 786 2107 ὄντος
812 2043 902 2098 καὶ
943 2043 1250 2112 ἀσυνθέτου,
1281 2042 1428 2099 ἀλλά
1466 2045 1554 2099 καὶ
1597 2044 1730 2119 ὑπὲρ
1784 2045 1851 2098 τὰ

201 2132 502 2206 μονοούσια
529 2133 748 2204 ἡνωμὲν
757 2151 840 2187 ου.

958 415 1017 468 S.
1058 411 1328 470 MAXIM!
1365 411 1673 468 SCHOLIA
1707 413 1784 466 IN
1821 411 1956 464 LIB.
1995 410 2094 463 DE
2132 408 2407 463 DIVINIS
2441 408 2855 464 NOMINIBUS.

3509 407 3612 463 190

2032 536 2458 593 Immensitalem
2483 554 2644 594 suam
2665 535 2860 592 divino
2880 535 3116 608 quodam
3143 537 3608 596 decoreJmmen-

1965 627 2199 682 sitatam
2231 642 2386 681 nunc
2413 625 2555 681 dicit
2593 624 2958 680 divinitatem
2989 624 3201 696 ipsam,
3236 625 3609 697 possibilem-

1964 731 2078 787 que
2104 716 2232 786 ejus
2257 715 2728 771 illustrationem.

2038 803 2290 870 Utenim,
2321 820 2438 874 quas
2479 802 2869 874 comprehendi
2929 795 3228 873 nequeunt.
3289 803 3614 876 lncompre-

1964 892 2338 948 hensibilitas
2361 892 2568 946 divinas
2601 890 3113 961 cognilionis,binc
3127 894 3607 962 repraesentetur;

1965 981 2013 1038 si
2045 981 2198 1037 enim
2231 996 2419 1051 neque
2449 980 2744 1051 simplicia
2773 983 2831 1035 et
2879 994 2994 1034 non
3027 978 3298 1051 ﬁgurata,
3329 982 3438 1034 etsi
3470 980 3609 1035 sub-

1965 1069 2194 1125 stantia:
2225 1069 2489 1140 quasdam
2525 1068 2668 1134 sint,
2701 1067 2944 1122 minime
2975 1069 3085 1123 sub
3125 1085 3338 1124 sensus
3365 1068 3608 1138 cadunt,

1965 1163 2030 1214 ut
2057 1157 2249 1230 angeli
2281 1163 2340 1212 et
2368 1157 2572 1212 anima:
2627 1157 2739 1212 sub
2787 1171 3101 1227 corporea;
3149 1165 3366 1228 quanto
3423 1157 3610 1227 magis

1963 1247 2117 1302 Deus
2147 1245 2498 1316 excedit,qui
2530 1261 2720 1316 neque
2751 1245 3104 1315 substantia,
3125 1247 3225 1300 sed
3259 1261 3439 1316 supra
3471 1246 3610 1301 sub-

1963 1335 2240 1392 stantiam
2269 1351 2282 1401 ;
2307 1350 2497 1404 neque
2519 1332 2901 1404 simplex,sed
2924 1349 3104 1404 supra
3125 1333 3564 1406 simplicitatem
3591 1351 3603 1399 ;

1964 1440 2154 1496 neque
2184 1424 2480 1490 mens,sed
2512 1422 2689 1478 etiam
2720 1437 2898 1494 supra
2927 1427 3184 1478 mentem
3211 1438 3225 1489 ;
3259 1437 3449 1493 neque
3472 1423 3603 1477 uni-

1961 1517 2074 1579 tas,
2107 1514 2207 1570 sed
2231 1529 2411 1584 supra
2443 1512 2726 1567 unitatem
2752 1529 2766 1578 ;
2791 1527 2981 1582 neque
3010 1510 3184 1566 etiam
3224 1511 3474 1566 termino
3499 1509 3606 1566 ali-

1961 1617 2079 1673 quo
2108 1599 2632 1666 circumscribitur,
2667 1599 2766 1654 sed
2815 1599 3050 1654 termini
3099 1598 3421 1669 privatione
3451 1615 3485 1653 a
3515 1614 3604 1653 re-

1961 1689 2072 1746 bus
2095 1691 2368 1745 secretus.
2407 1687 2658 1743 Audiens
2688 1686 2870 1759 igitur
2905 1687 2963 1742 in
3011 1685 3312 1758 Scriptura
3355 1685 3604 1741 formam

1960 1779 2085 1844 Dei,
2109 1785 2162 1834 et
2193 1777 2532 1848 speciem,et
2559 1775 2920 1846 vultum,per
2949 1775 3164 1831 mentis
3195 1774 3601 1840 elevationem,

1963 1871 2138 1939 atque
2168 1882 2345 1936 supra
2376 1879 2674 1938 corporea,
2724 1865 2900 1937 digne
2940 1863 3056 1920 Deo
3088 1863 3380 1936 intcllige;
3416 1862 3608 1919 unita-

1960 1960 2079 2011 tem
2111 1971 2245 2011 vero
2267 1954 2535 2021 audiens,
2568 1969 2640 2008 ne
2696 1953 3060 2009 diversorum
3103 1952 3493 2023 quorumdam
3535 1952 3606 2007 ad

1960 2044 2283 2099 unitionem
2316 2058 2669 2098 concursum
2701 2043 2955 2113 cogites:
2981 2057 3169 2113 neque
3197 2041 3352 2096 enim
3385 2040 3457 2095 de
3472 2037 3608 2095 tali-

1959 2134 2070 2188 bus
2101 2147 2358 2205 praesens
2378 2130 2710 2187 instituitur
2737 2147 2930 2186 sermo
2958 2151 2972 2199 ;
3005 2145 3202 2186 verum
3234 2131 3305 2185 de
3331 2128 3468 2200 Deo,
3505 2128 3604 2200 qui

202 2239 396 2295 neque
425 2228 520 2278 est
542 2221 898 2294 principium
930 2226 1518 2293 numerorum.atque
1547 2221 1968 2293 compositione
1996 2225 2190 2288 caret;
2219 2222 2336 2276 imo
2367 2219 2542 2276 etiam
2573 2219 2693 2274 illis
2723 2235 2851 2291 quae
2883 2236 3001 2275 una
3029 2223 3303 2276 constant
3331 2219 3606 2276 substan-

197 2312 297 2381 tia,
320 2312 529 2367 unitus
549 2311 761 2384 magis.

270 2398 562 2460 Ἑνοποιός
589 2443 604 2456 .
682 2399 948 2455 Ἐντεῦθεν
1025 2398 1160 2470 μετὰ
1229 2397 1292 2452 τὸ
1349 2396 1580 2467 ἐξελθεῖν
1632 2398 1847 2451 πάντων

194 2491 306 2542 τῶν
332 2486 386 2540 ἐν
414 2492 533 2550 τοῖς
561 2484 679 2541 οὖσι
701 2487 766 2541 τὰ
807 2485 932 2561 περὶ
965 2490 1118 2553 Θεοῦ,
1155 2484 1348 2541 λοιπὸν
1396 2489 1474 2556 τῷ
1522 2484 1703 2560 μέτρῳ
1748 2491 1850 2554 τῆς

194 2574 472 2651 ἡμετέρας
519 2573 779 2650 γλώσσης
841 2576 1181 2642 ἀκολουθῶν,
1245 2575 1331 2647 (οὐ
1379 2574 1482 2650 γὰρ
1547 2569 1848 2650 ὑπερϐῆναι

192 2665 398 2733 ταύτην
457 2661 680 2719 δυνατὸν
737 2665 921 2737 ἡμῖν’)
973 2662 1024 2734 ἐξ
1070 2662 1244 2718 αὐτῶν
1280 2659 1488 2733 δοξάζει
1547 2663 1636 2717 τὸν
1696 2661 1849 2732 Θεὸν,

195 2751 251 2824 ἑξ
309 2751 388 2807 ὧν
445 2752 604 2807 αὐτὸν
659 2750 849 2822 ἐξεῖλεο
899 2751 988 2807 καὶ
1018 2749 1178 2806 ἑνάδα
1207 2751 1394 2828 φησὶν,
1443 2748 1568 2806 ἀλλ’
1602 2751 1848 2806 ἑνοποιὸν

197 2846 308 2896 τῶν
365 2839 593 2908 ἑνὰδων,
641 2842 907 2908 τουτέστι,
966 2838 1301 2916 δημιουργὸν
1359 2844 1465 2894 τῶν
1526 2839 1714 2896 ἁπλῶν
1772 2839 1853 2894 οὐ·

203 2935 356 2998 σιῶν,
417 2932 533 2984 οἷον
593 2929 836 3005 ἀγγέλων
894 2929 985 2983 καὶ
1045 2931 1259 3003 ψυχῶψ
1318 2927 1408 2983 καὶ
1437 2932 1562 2984 νοῦν
1621 2927 1848 2999 ἀνόητον

204 3019 319 3073 ἀντὶ
368 3022 471 3072 τοῦ
519 3020 594 3090 μή
651 3017 944 3090 νοούμενον
1000 3019 1103 3072 ὑπό
1159 3038 1304 3079 τινος
1355 3021 1470 3071 νοῦ’
1529 3017 1633 3071 et“
1662 3016 1762 3093 γὰρ
1791 3018 1854 3072 τὸ

203 3107 394 3179 ὅμοιον
429 3106 534 3161 ὑπὸ
563 3110 660 3160 τοῦ
692 3106 891 3178 ὁμοίου
911 3105 1254 3181 γινώσκεται,
1288 3105 1458 3181 ἐχρῆν
1492 3106 1630 3179 [οῦν]
1660 3105 1706 3160 εἰ
1729 3110 1854 3167 νοῦς

203 3197 296 3266 ἦν,
331 3196 433 3250 ὑπὸ
463 3199 572 3249 τῶν
603 3199 740 3249 νοῶν
770 3196 1026 3250 νοεῖσθαι.
1061 3192 1239 3249 Ἀλλᾶ
1266 3193 1346 3256 τίς
1392 3191 1529 3269 ἔγνω
1577 3191 1702 3249 νοῦν
1746 3196 1854 3251 Κυ-

205 3285 368 3360 pice;
423 3284 624 3338 οὐκοῦν
675 3286 800 3346 νοῦς
842 3282 982 3338 ἐστιν
1031 3283 1163 3358 ὑπὲρ
1191 3287 1342 3351 νοῦν,
1390 3283 1480 3338 καὶ
1512 3277 1688 3355 ὄνομα
1743 3283 1854 3338 ἐστι

202 3373 265 3427 τὸ
298 3372 429 3446 ὑπὲρ
458 3377 566 3426 πᾶν
622 3367 818 3444 ὄνομα·
867 3370 959 3425 καὶ
1006 3371 1078 3425 Τὸ
1121 3366 1295 3444 ὄνομα
1341 3371 1446 3446 γάρ
1482 3391 1608 3444 μου,
1669 3372 1856 3446 φησὶν,

2030 2397 2291 2470 Eﬂectrix
2317 2395 2570 2452 unitatis.
2603 2395 2690 2450 Ab
2721 2395 2831 2451 hoc
2861 2395 3008 2464 loco,
3059 2395 3158 2450 ubi
3206 2411 3274 2451 ex
3325 2395 3602 2452 omnibus

1960 2502 2154 2542 rerum
2177 2484 2488 2558 generibus
2521 2489 2702 2540 Deum
2751 2483 2982 2548 exemit,
3007 2484 3283 2556 deinceps
3313 2499 3603 2540 mensum

1962 2576 2148 2632 nostri
2183 2574 2472 2631 sermonis
2505 2574 2836 2644 obsequens
2866 2573 3192 2645 (neque95
3227 2573 3382 2629 enim
3404 2574 3600 2646 ipsum

1959 2664 2212 2720 transire
2243 2662 2584 2735 possumus)
2602 2661 2814 2718 iisdem
2847 2662 3031 2718 Deum
3064 2661 3358 2733 laudat,ex
3388 2662 3604 2734 quibus

1962 2753 2159 2824 ipsum
2186 2754 2524 2823 exceperat:
2550 2755 2727 2823 atque
2757 2750 3042 2806 unitatem
3074 2756 3263 2818 vocat,
3304 2751 3406 2806 sed
3439 2751 3605 2821 uniﬁ-

1960 2857 2082 2897 eam
2107 2841 2394 2907 unitatem,
2417 2839 2476 2894 id
2507 2843 2594 2896 est
2623 2839 2984 2912 simplicium
3015 2841 3404 2897 essentiarum
3445 2856 3604 2895 crea-

1961 2927 2350 2999 torem,veluti
2385 2928 2729 3002 angelorum
2756 2932 2812 2984 et
2842 2927 3175 2984 animarum
3212 2948 3225 2990 :
3277 2933 3452 3000 atque
3481 2931 3602 2982 νοῦν

1961 3014 2212 3085 ἀνόητον,
2245 3022 2632 3089 pro,mentem
2665 3035 2698 3073 a
2727 3016 2890 3072 nulla
2918 3021 3113 3072 mente
3141 3017 3529 3085 intellectam;
3556 3017 3605 3073 si

1962 3107 2117 3162 enim
2151 3105 2340 3162 simile
2374 3123 2407 3160 a
2436 3105 2614 3162 simili
2670 3106 2954 3176 noscitur,
3002 3106 3272 3177 debebat,
3331 3106 3380 3160 si
3439 3123 3608 3163 mens

1963 3194 2192 3262 fuisset,
2224 3211 2258 3250 a
2290 3194 2587 3273 mentibus
2617 3193 3107 3267 intelligi.Verum
3131 3195 3255 3266 quis
3277 3195 3428 3251 novit
3452 3212 3610 3251 men-

1965 3293 2075 3340 tem
2106 3283 2336 3340 Domini
2363 3287 2384 3338 ὲ
2415 3299 2553 3356 ergo
2584 3287 2674 3339 est
2703 3298 2860 3339 mens
2894 3300 3076 3356 supra
3107 3288 3388 3353 mentem,
3412 3291 3470 3339 et
3501 3300 3606 3339 no-

1967 3389 2099 3428 men
2132 3389 2314 3444 supra
2338 3388 2512 3428 omne
2541 3387 2785 3428 nomen:
2815 3376 2872 3428 et
2898 3374 3103 3429 Nomen
3129 3372 3278 3429 enim
3309 3372 3606 3443 meum,in-

208 3460 303 3515 οὐκ
351 3461 502 3514 εἶπον
565 3458 772 3520 αὐτοῖς·
831 3456 914 3513 διὸ
970 3458 1060 3513 καὶ
1110 3459 1394 3531 ἀνώνυμος
1442 3463 1625 3516 πᾶσιν.
1681 3460 1852 3516 Ἀλλὰ

1970 3461 2115 3533 quit,
2145 3477 2257 3518 non
2280 3462 2404 3517 dixi
2423 3462 2583 3534 ipsis.
2611 3462 2865 3533 Ideoque
2899 3464 3055 3534 apud
3112 3479 3317 3519 omnes
3375 3463 3608 3518 nomine

207 3549 294 3602 καὶ
345 3545 473 3602 οὐδὲ
516 3547 590 3602 ὥν
647 3545 863 3601 ἐστινδδσ
915 3546 960 3600 εἰ
1009 3549 1108 3620 γὰρ
1151 3547 1310 3608 αὐτὸς
1339 3547 1408 3600 τὰ
1437 3548 1567 3602 ὅντα
1625 3547 1684 3602 ἐκ
1747 3552 1855 3603 τῶν

213 3638 286 3708 μὴ
321 3631 493 3690 ὄντων
524 3632 874 3710 δημιουργεῖ,
925 3634 1024 3689 οὐκ
1055 3633 1157 3708 ἄρα
1186 3638 1294 3688 τῶν
1329 3629 1500 3689 ὄντων
1533 3633 1697 3703 ἐστὶν,
1731 3634 1858 3691 ἀλλ’

209 3727 336 3800 ὑπὲρ
368 3727 437 3779 τὰ
468 3720 618 3778 ὄντα.
653 3724 772 3778 Ἐὰν
822 3721 880 3778 δὲ
921 3723 1068 3799 λὲγῃ.
1103 3723 1247 3798 Ἐγώ
1314 3722 1428 3795 εἶμι
1491 3725 1518 3779 6
1567 3723 1662 3792 ὢν,
1695 3724 1855 3794 ἀξίως

205 3815 310 3868 νόει
342 3812 588 3887 ἄναρχον
617 3811 706 3865 καῖ
735 3809 1114 3881 ἀτελεύτητον,
1166 3808 1312 3865 ἀλλὰ
1367 3812 1454 3866 καὶ
1515 3811 1856 3887 ἀνεξερεύνη-

204 3922 315 3956 τον·

270 3993 300 4059 §
355 3993 428 4046 II.
490 3988 556 4041 Ὃ
607 4007 663 4041 τι
718 3986 851 4041 ποτε
906 3984 1046 4041 ἔστιν
1101 3985 1403 4061 ἐπιστήμη.
1456 3987 1636 4052 Μόνος
1665 3987 1768 4064 γὰρ
1827 3988 1854 4043 6

205 4077 337 4139 Θεὸς
369 4075 535 4137 αὐτὸς
593 4075 661 4129 τὰ
708 4072 833 4147 περὶ
864 4074 1054 4129 ἑαυτοῦ
1085 4073 1382 4145 ἐπίσταται,
1415 4074 1720 4147 ἑπιστητῶς
1766 4077 1856 4130 καὶ

203 4167 407 4238 κυρίως
469 4161 632 4226 εἰδὼς
675 4164 860 4218 ἑαυτὸν
909 4163 985 4225 ὡς
1034 4161 1168 4218 ἔστι·
1213 4169 1329 4226 τοῖς
1380 4163 1438 4218 δὲ
1473 4165 1595 4235 ἑξῆς
1657 4167 1850 4220 ἅπασιν

201 4253 610 4328 ἀνεπίγνωστος
661 4249 734 4305 ὢν
784 4253 900 4306 κατ’
955 4251 1106 4323 αὑτὸ,
1159 4250 1220 4306 τὰ
1251 4253 1303 4306 τί
1352 4251 1461 4307 ἐστι
1512 4253 1601 4307 καὶ
1649 4255 1766 4308 καθ’
1824 4255 1853 4308 ’ὀ

201 4341 362 4398 ἐστιν.
412 4337 608 4401 Οὐδεὶς
665 4339 766 4414 γὰρ
833 4338 1120 4413 γιγνώσκει
1171 4339 1261 4395 τὸν
1321 4337 1549 4415 Πατέρα,
1583 4342 1629 4396 εί
1691 4343 1766 4414 μή
1826 4343 1854 4397 6

201 4430 348 4490 Υἱός·
396 4427 489 4482 καὶ
527 4427 621 4482 τὸν
667 4427 814 4499 Υἱὸν,
873 4426 920 4481 εἰ
963 4428 1038 4500 μὴ
1087 4429 1115 4482 ὁ
1168 4430 1372 4504 Πατήρ·
1404 4430 1717 4506 γιγνώσκων
1750 4430 1853 4506 γὰρ

201 4519 227 4572 6
279 4518 472 4591 Πατήρ
517 4516 617 4583 τὴν
670 4515 862 4569 ἑαυτοῦ
908 4518 1290 4588 προαυνητήν
1350 4516 1552 4588 εἰκόνα,
1609 4519 1853 4574 τουτέστι

195 4607 289 4660 τὸν
323 4605 475 4671 Υἱὸν,
529 4603 818 4677 γιγνώσκει
863 4602 996 4675 [καὶ]
1029 4603 1234 4659 ἑαυτόν.
1285 4605 1356 4659 T6
1404 4605 1538 4660 αὐτὸ
1585 4605 1673 4660 καὶ
1729 4609 1850 4682 περὶ

193 4697 297 4748 τοῦ
327 4691 483 4767 ἁγίου
515 4689 850 4762 Πνεόματοςο
902 4688 1096 4754 Οὐδεὶς
1123 4691 1226 4767 γὰρ
1274 4689 1391 4746 οἶδε
1436 4692 1503 4747 τὰ
1548 4697 1646 4748 τοῦ
1697 4699 1852 4768 Θεοῦ,

196 4781 241 4836 εἰ
282 4781 360 4853 μή
391 4779 455 4834 τὸ
489 4782 708 4850 Πνεῦμα
736 4778 798 4833 τὸ
823 4776 882 4832 ἐκ
908 4783 1006 4833 τοῦ
1065 4783 1219 4836 Θεοῦ.
1270 4782 1450 4836 Πᾶντα
1499 4781 1703 4852 τοίνυν,
1755 4784 1854 4838 ὅσα

193 4870 324 4944 περὶ
356 4871 492 4924 Θεοῦ
521 4869 714 4942 Θεωρεῖ
744 4866 772 4920 6
805 4867 1068 4942 μακάριος
1099 4867 1254 4930 οὗτος
1282 4869 1441 4944 ἀΛὴρ,
1481 4870 1604 4943 περὶ
1633 4876 1733 4939 τῆς
1764 4891 1847 4927 σε·

193 4953 438 5031 ὄασμίας
449 4958 494 4992 ⁶⁴
522 4951 754 5030 Τριάδος
787 4958 919 5010 νοεῖ.

267 5043 574 5120 Ἀπειρίαν.
629 5043 702 5098 Τὸ
745 5041 1152 5119 πεπερασμένον
1193 5043 1284 5099 καὶ
1313 5045 1652 5120 περιληπτόν
1707 5047 1846 5103 ἐστιν

191 5135 448 5202 εἴκότως,
485 5134 575 5210 ὑφ’
620 5131 682 5187 οὗ
732 5130 822 5186 καὶ
876 5132 1224 5206 πεπίρασται·
1274 5133 1319 5188 εἰ
1373 5130 1431 5190 δὶ
1478 5136 1506 5190 6
1554 5136 1684 5200 Θεὸς
1739 5141 1846 5192 τῶν

191 5224 449 5280 ἀπάντων
501 5221 612 5277 ἐστὶ
661 5221 850 5290 τόπος,
890 5220 954 5277 οὐ
1003 5227 1349 5296 σωματικῶς,
1393 5221 1540 5280 ἀλλὰ
1589 5223 1852 5302 δημιουρ-

339 5403 409 5476 (i)
438 5399 648 5459 Matth.
672 5416 753 5469 ιι,
778 5400 868 5460 27.

1881 4833 1928 4898 D

1967 3554 2160 3618 caret;
2191 3552 2293 3607 sed
2327 3551 2504 3607 etiam
2536 3566 2724 3622 neque
2755 3567 2890 3606 cum
2923 3551 3020 3617 sit,
3051 3555 3140 3607 est
3171 3570 3185 3619 ;
3219 3552 3270 3607 si
3302 3552 3456 3607 enim
3480 3551 3606 3622 ipse

1966 3655 2155 3704 res,ex
2179 3640 2254 3696 iis
2284 3656 2411 3710 quas
2445 3657 2556 3694 non
2592 3642 2918 3704 sunt,creat
2945 3657 2958 3706 ;
2993 3641 3247 3710 profecto
3265 3639 3495 3694 nullum
3517 3644 3608 3695 est

1965 3744 2166 3784 eorum
2198 3745 2324 3799 quae
2355 3731 2512 3794 sunt,
2535 3728 2637 3782 sed
2668 3744 2735 3783 ea
2755 3731 3030 3798 superat;
3060 3725 3168 3782 etsi
3200 3731 3395 3782 autem
3420 3726 3565 3780 dixit
3590 3744 3603 3782 :

1966 3819 2076 3887 Ego
2094 3833 2216 3872 sum
2247 3815 2344 3887 qui
2369 3832 2509 3883 sum,
2535 3816 2710 3888 digne
2739 3815 2959 3887 cogites
3004 3815 3200 3886 ipsum
3233 3813 3518 3886 principio
3546 3817 3606 3869 et

1965 3905 2102 3971 fine,
2135 3903 2400 3976 quinimo
2430 3905 2606 3960 etiam
2637 3903 3085 3976 investigatione
3122 3919 3337 3959 carere.

2036 3993 2064 4064 §
2098 3993 2171 4047 II.
2204 3993 2334 4064 Ejus
2361 3991 2494 4064 quid
2522 3992 2592 4047 sit
2622 3991 2872 4048 scientia.
2897 3991 3070 4048 Solus
3098 3991 3254 4048 enim
3298 3996 3452 4050 Deus
3482 3993 3609 4066 ipse

1965 4098 2074 4136 sua
2093 4079 2416 4152 cognoscit,
2447 4079 2698 4136 scienter
2740 4085 2798 4135 et
2844 4077 3078 4151 proprie
3121 4080 3385 4152 seipsum
3434 4086 3610 4154 prout

1964 4174 2054 4225 est
2083 4185 2470 4241 cognoscens;
2489 4168 2709 4224 caeteris
2727 4185 2862 4225 vero
2889 4168 3165 4224 omnibus
3185 4168 3423 4241 ignotus
3441 4174 3530 4225 est
3547 4169 3606 4226 in

1965 4259 2200 4330 eo,quid
2235 4259 2396 4325 sit,et
2427 4257 2620 4328 qualis
2652 4256 2746 4313 sit.
2775 4258 2970 4313 Nullus
2997 4257 3150 4313 enim
3176 4258 3328 4314 novit
3361 4263 3604 4327 Patrem,

1962 4346 2078 4403 nisi
2103 4346 2301 4417 Filius,
2332 4349 2380 4403 et
2397 4347 2624 4414 Filium,
2656 4346 2772 4401 nisi
2798 4349 2967 4402 Pater
2986 4347 3053 4419 (i)
3082 4365 3100 4402 :
3133 4363 3268 4402 nam
3300 4351 3483 4415 Pater,
3508 4364 3604 4402 co-

1956 4452 2248 4507 gncscens
2271 4452 2439 4491 suam
2457 4436 2814 4491 adorandum
2837 4435 3242 4507 imaginem,id
3266 4437 3354 4489 est
3373 4433 3601 4502 Filium,

1964 4524 2224 4596 seipsum
2256 4524 2594 4597 cognoscit;
2625 4523 2828 4579 eodem
2877 4525 3046 4578 modo
3103 4526 3374 4579 sanctum
3414 4521 3603 4594 Spiri-

1962 4615 2089 4667 tum
2116 4628 2129 4666 :
2162 4612 2356 4668 Nullus
2381 4612 2530 4668 enim
2557 4611 2714 4666 novit
2743 4617 2945 4680 Deum,
2971 4611 3087 4666 nisi
3121 4611 3361 4683 Spiritus
3406 4610 3503 4682 qui
3532 4625 3602 4665 ea:

1963 4702 2088 4756 Deo.
2119 4700 2331 4755 Omnia
2359 4700 2536 4770 igitur
2566 4716 2691 4772 quse
2740 4701 2812 4755 de
2868 4701 2983 4755 Deo
3034 4700 3348 4755 meditatur
3392 4699 3599 4754 beatus

1961 4787 2057 4845 hic
2084 4788 2192 4857 vir,
2224 4788 2295 4844 de
2324 4789 2656 4845 veneranda
2685 4788 2968 4844 Trinitate
3016 4786 3311 4859 intelligit.

2028 5053 2381 5123 Inﬁnitatem.
2416 5055 2577 5121 Quod
2612 5053 2846 5110 ﬁnitum
2867 5057 2974 5120 est,
3009 5050 3389 5125 probabiliter
3417 5049 3595 5107 etiam

1959 5142 2373 5213 comprehendi
2407 5145 2478 5198 ab
2495 5159 2561 5199 eo
2589 5146 2780 5214 potest
2811 5159 2841 5196 a
2859 5157 2973 5211 quo
3005 5145 3063 5197 et
3083 5139 3315 5195 ﬁnitum
3339 5143 3429 5196 est
3449 5159 3464 5208 ;
3487 5138 3597 5196 etsi

1957 5246 2094 5285 vero
2128 5231 2279 5287 Deus
2291 5230 2700 5287 universorum
2725 5230 2803 5286 sit
2827 5230 3014 5300 locus,
3035 5245 3149 5285 non
3172 5232 3370 5286 tamen
3392 5244 3597 5302 corpo-

1232 5542 1471 5602 VARIIE
1498 5543 1889 5604 LECTIONES
1915 5546 2001 5604 ET
2029 5547 2581 5606 CORREGTIONES.

266 5701 307 5738 II
336 5699 494 5758 θεοῦ,
571 5694 621 5732 ⁸³
642 5690 753 5752 καί.
827 5694 873 5732 ⁸³
906 5691 1058 5751 οὐδέν
1082 5693 1242 5754 ἰστιν.
1316 5699 1364 5738 ⁸⁸
1396 5697 1554 5764 οὗτος
1580 5698 1670 5755 καὶ
1701 5703 1812 5755 νοεῖ
1837 5701 1982 5776 παρὰ
2008 5709 2108 5775 τῆς
2135 5697 2448 5777 σεϐασμίας.
