4000 6200
401 354 501 409 191

1221 361 1598 414 APPENDIX
1637 363 1733 415 AD
1769 361 2009 416 OPBBA
2043 364 2104 416 8.
2142 359 2458 417 DIONYSII
2493 362 2988 422 AREOPAGITE.

3707 363 3803 420 192

397 480 620 548 raliter,
650 483 751 538 sed
784 483 1042 540 eﬁ'ective
1063 504 1079 554 ;
1104 482 1317 540 caelum
1352 485 1594 554 enim,et
1623 488 2044 558 terram,atque

2199 486 2347 545 ικῶς⁶
2374 483 2466 538 τὸν
2500 484 2603 561 γὰρ
2635 485 2884 561 οὐρανὸν,
2909 485 2999 540 καὶ
3031 487 3127 555 τήν
3186 493 3314 562 γῆν,
3371 486 3459 541 καὶ
3510 487 3578 541 τὰ
3636 489 3802 542 πάντα

401 571 674 627 universa
703 570 831 643 ipse
865 573 1140 646 complet,
1157 579 1213 629 et
1243 577 1407 630 extra
1437 574 1558 629 hac
1590 576 1858 644 exsistit;
1894 579 2051 647 patet

401 659 861 717 immensitatem
893 679 1044 729 esse,
1092 664 1152 718 id
1183 667 1272 720 est
1301 665 1577 720 virtutem
1610 664 1841 720 nullum
1872 665 2049 721 finem

401 749 744 805 habentem.

472 839 589 894 Non
619 847 800 896 tamen
832 840 1370 900 ineommunicabilis
1389 848 1488 900 est.
1513 848 1630 900 Hoc
1663 843 2054 914 est,universa

403 927 759 1000 participant
788 930 977 1002 ipsius
1007 934 1569 1006 communionem,et
1586 931 1902 990 salutarem
1926 949 2053 1004 pro-

404 1015 746 1072 videntiam.

477 1107 1100 1176 Supersubstantialem.
1146 1110 1448 1174 Quomodo
1479 1111 1795 1182 aliquando
1815 1110 2053 1180 quidem

407 1192 774 1249 divinitatem
798 1199 961 1252 vocet
991 1198 1406 1270 substantiam,
1440 1199 1760 1271 aliquando
1805 1214 1940 1252 vero
1963 1215 2057 1253 su-

408 1297 512 1352 pra
533 1281 929 1340 substantiam
956 1302 971 1353 ;
1004 1286 1158 1345 sicut
1183 1291 1438 1344 mentem
1462 1305 1589 1358 quae
1613 1291 1807 1343 mente
1837 1285 2087 1359 percipi'

410 1369 700 1442 nequit,et
718 1389 934 1429 nomen
965 1391 1145 1447 super
1165 1393 1335 1433 omne
1360 1376 1685 1444 nomen,ita
1701 1380 1758 1432 et
1787 1376 2056 1432 substan-

410 1457 550 1514 tiam
576 1476 758 1532 supra
789 1461 1206 1520 substantiam.

484 1549 858 1606 Intendentes.
893 1552 991 1609 His
1005 1553 1162 1609 enim
1190 1571 1442 1626 quorum
1475 1554 2056 1626 comprehensionem

415 1638 565 1692 Deus
597 1638 768 1694 nobis
794 1641 1105 1708 concessit,
1132 1643 1402 1698 convenit
1435 1648 1693 1700 mentem
1725 1644 2056 1711 admovere,

415 1742 604 1797 neque
624 1725 844 1798 aliquid
871 1729 1023 1786 ultra
1046 1729 1449 1788 inﬁrmitatem
1482 1739 1743 1789 nostram
1769 1748 2056 1804 quaerere;

413 1813 593 1870 veluti
623 1830 753 1872 esse
783 1817 1025 1889 bonum,
1050 1823 1390 1891 creatorem,
1423 1821 1764 1893 benignum,
1820 1827 1876 1876 et
1932 1837 2058 1891 quae

415 1904 690 1976 deinceps
717 1923 730 1960 :
768 1905 873 1962 hoc
903 1911 1401 1980 autem,qua:nam
1433 1909 1535 1966 Dei
1560 1908 1918 1980 essentia,ne
1945 1907 2060 1965 sol-

417 1991 618 2050 licitus
651 1994 932 2066 inquiras.

492 2085 594 2139 96
649 2088 836 2154 Supra
893 2085 1036 2142 vires
1083 2087 1299 2158 aliquid
1349 2088 1651 2145 insolenter
1703 2094 2064 2160 presumunt.

419 2173 592 2227 Recte
609 2171 670 2225 τὸ
701 2168 995 2241 ἀδυνάτως,
1028 2175 1392 2245 impotenter;
1427 2182 1485 2232 et
1529 2177 1579 2233 si
1628 2177 1787 2232 enim
1831 2172 2070 2231 tentarit

421 2258 654 2331 aliquis,
681 2277 797 2316 non
829 2264 1184 2335 assequitur,
1218 2267 1318 2321 sed
1351 2269 1581 2321 tantum
1605 2263 2070 2336 intelligentibus

423 2348 610 2404 oculis
641 2349 996 2423 obscuratis,
1055 2355 1230 2409 etiam
1287 2372 1320 2410 a
1351 2371 1483 2411 vero
1541 2355 1755 2411 excidit
1795 2353 2020 2408 lumine
2053 2367 2067 2416 ;

422 2439 923 2509 quemadmodum
947 2442 1048 2512 qui
1081 2444 1384 2500 contendit
1416 2444 1710 2516 integrum
1731 2443 1915 2498 solem
1942 2460 2068 2498 cor-

423 2543 598 2598 poreo
629 2527 893 2600 excipere
948 2531 1116 2587 oculo
1144 2551 1158 2600 ;
1192 2534 1347 2604 quod
1398 2534 1606 2588 divina
1637 2537 1694 2588 et
1718 2549 1844 2604 quae
1878 2535 2072 2588 mente

423 2616 836 2688 percipiuntur
863 2619 1110 2677 virtutes
1142 2622 1536 2687 insinuantes,
1561 2622 1866 2678 cherubim
1897 2626 1955 2677 et
1981 2637 2071 2678 se-

422 2704 655 2775 raphim
688 2705 864 2761 facies
896 2711 1124 2779 tegunt,
1157 2708 1520 2766 declarantes
1553 2726 1613 2764 se
1643 2727 1758 2766 non
1790 2710 2073 2764 inhaerere

425 2791 1065 2868 contemplationique)
1096 2801 1332 2869 captum
1363 2798 1626 2869 ipsorum
1652 2802 1890 2870 superat
1923 2818 1938 2868 ς
1972 2813 2072 2852 ne-

425 2897 541 2951 que
569 2880 716 2954 ipsis
747 2898 1026 2939 concessa
1055 2889 1164 2940 est.
1201 2887 1392 2958 Atque
1422 2885 1532 2942 hoc
1560 2891 1686 2942 est:
1719 2887 1888 2942 Deum
1915 2900 2072 2941 nemo

425 2970 566 3026 vidit
601 2987 845 3044 unquam
867 2971 963 3044 (k).
996 2975 1131 3029 ideo
1193 2975 1288 3030 Dei
1321 2974 1613 3046 sapientes
1661 2975 1905 3047 gloriam
1946 2975 2069 3043 Dei,

428 3075 544 3116 non
577 3063 773 3116 autem
802 3060 987 3117 Deum
1018 3062 1234 3119 vidisse
1266 3065 1454 3120 aiunt.

496 3149 648 3216 §III.
690 3149 843 3217 Quod
897 3150 1118 3220 quidem
1173 3158 1410 3209 mentem
1455 3162 1700 3225 superat.
1764 3151 2070 3223 Perspicue

428 3214 564 3292 licet
592 3253 660 3292 ex
680 3214 790 3293 hoc
821 3214 946 3294 loc-0
977 3240 1272 3297 advertere
1299 3242 1418 3296 Arii
1480 3214 1537 3297 et
1588 3241 1858 3296 Eunomii
1905 3214 2067 3296 insa-
2101 3214 2143 3280 Ο

430 3326 612 3392 niam,
638 3326 738 3396 qui
770 3327 839 3381 de
869 3327 1206 3385 substantia
1260 3330 1558 3402 Unigeniti
1615 3345 1884 3386 sermone
1914 3328 2075 3385 omni

432 3421 488 3468 et
516 3414 844 3470 substantia
889 3417 1190 3489 superiore
1245 3434 1314 3474 ex
1367 3424 1488 3475 arte
1535 3419 1821 3475 disserere
1860 3422 2079 3474 temere

435 3502 697 3574 aggressi
727 3503 964 3561 fuerint.

506 3590 780 3661 [Mentem
812 3593 967 3649 enim
991 3593 1310 3651 humanam
1341 3595 1513 3668 plane
1543 3595 1767 3652 excedit
1798 3595 2081 3668 principis

434 3679 778 3751 divinitatis,
813 3683 1344 3756 universorumque
1387 3685 1598 3757 reginae
1630 3685 1984 3756 (Trinitatis)
2017 3699 2082 3738 ac

433 3768 874 3828 innominabilis
904 3773 1032 3844 ejus
1081 3774 1348 3831 essentiaa
1396 3775 1882 3846 incomprehensa
1911 3771 2084 3828 celsi-

437 3859 624 3928 tudoJ

509 3947 752 4004 Summae
798 3949 1135 4020 divinitatis,
1211 3954 1305 4006 Gr.
1383 3956 1481 4019 τῆς
1567 3949 1844 4023 θεαρχίας.
1921 3953 2084 4022 Θεαρ-

439 4031 566 4105 χίαν
599 4034 912 4092 divinitatis
941 4039 1283 4110 principium
1309 4045 1475 4095 vocat
1524 4041 1763 4110 ubique,
1826 4039 2085 4108 reginam

442 4119 849 4178 universorum
871 4126 1388 4198 Trinitatem,quia
1409 4128 1481 4182 iis
1505 4128 1606 4199 qui
1638 4129 1816 4184 etiam
1839 4127 1919 4182 dii
1946 4143 2089 4181 nun-

443 4214 734 4280 cupantur
763 4210 1286 4285 imperat,angelis,
1305 4215 1633 4286 inquam,et
1662 4216 1905 4280 sanctis,
1939 4215 2092 4268 sicut

443 4304 617 4356 antea
645 4299 936 4367 diximus;
971 4302 1386 4359 obscuritatem
1421 4319 1576 4374 vero,
1610 4303 1769 4359 illius
1821 4303 2089 4366 substan,

445 4389 532 4445 lia:
562 4406 690 4462 qua:
725 4391 1013 4446 nominari
1047 4391 1247 4462 nequit
1279 4391 2041 4458 incomprehensibilitatem
2070 4415 2086 4466 ;

443 4479 597 4550 quod
631 4479 805 4552 paulo
841 4484 973 4552 post
1003 4481 1165 4547 dicit,
1196 4481 1473 4538 moderato
1503 4481 1745 4550 silentio,
1779 4486 1953 4553 atque
1984 4499 2088 4538 su-

442 4567 809 4640 perius,sicut
841 4569 893 4624 ei
911 4569 1061 4640 licet,
1091 4570 1355 4647 modoque
1376 4571 1549 4627 sacris
1577 4569 1942 4626 convenienti.

510 4657 1016 4730 Beneﬁciorumque
1028 4658 1392 4730 principium.
1418 4660 1754 4717 Secundum
1774 4659 1915 4730 quid
1930 4658 2083 4715 Deus

440 4748 520 4804 sit
549 4748 899 4820 principium
953 4750 1147 4805 omnis
1170 4750 1558 4822 apparitionis
1588 4750 1856 4820 luminis,
1879 4753 1936 4806 et
1957 4766 2082 4821 qua

442 4835 688 4891 luminis
711 4837 1132 4909 apparitiones,
1164 4843 1340 4910 atque
1367 4839 1825 4896 reformationes.

517 4925 870 4983 Resurrectio.
935 4927 1048 4982 Hoc
1079 4927 1276 4998 ipsum
1329 4931 1420 4983 est
1477 4929 1631 4998 quod
1681 4927 1826 4983 dixit
1852 4927 2085 4983 Simeon

444 5015 585 5070 dum
615 5015 916 5072 Christum
945 5016 1204 5072 videret:
1238 5015 1336 5070 Hie
1352 5015 1567 5087 positus
1621 5019 1700 5072 est
1754 5017 1817 5071 in
1862 5017 2088 5071 ruinam

442 5111 492 5158 et
522 5105 977 5161 resurrectionem
1030 5104 1334 5162 multorum
1394 5106 1455 5160 in
1506 5106 1678 5161 Israel
1715 5105 1823 5177 (l);
1854 5104 2084 5160 ruinam

443 5193 676 5262 quidem
709 5195 835 5266 ejus
866 5197 1021 5267 quod
1049 5196 1109 5250 in
1142 5197 1312 5253 nobis
1343 5200 1433 5252 est
1461 5196 1717 5251 deterius
1743 5216 1756 5264 ;
1791 5210 2086 5251 resurrec-

443 5280 662 5337 tionem
693 5299 826 5338 vero
857 5285 986 5354 ejus
1019 5286 1175 5356 quod
1211 5290 1302 5341 est
1332 5285 1732 5357 praestantius.

591 5435 666 5507 (k)
695 5434 866 5490 Joan.
900 5452 942 5506 ι,
973 5436 1071 5490 18.
1105 5437 1167 5509 (ι)
1192 5437 1328 5493 Luc.
1362 5453 1426 5506 ιι,
1459 5438 1547 5493 34.

2118 4575 2166 4641 D

2158 572 2318 634 αὐτὸς
2351 571 2581 650 πληροῖ,
2613 576 2698 628 καὶ
2736 573 2836 646 ἔξω
2865 575 3070 630 τούτων
3099 575 3233 631 ἐστί·
3262 573 3432 645 δῆλον
3467 576 3549 632 ὅτι
3589 575 3802 651 ἀπειρία

2158 660 2292 730 ἐστὶ,
2323 663 2565 717 τουτέστι
2597 665 2763 739 πὲρας
2789 665 2891 719 οὐκ
2921 662 3124 739 ἔχουσα
3151 662 3377 738 δύναμις
3391 667 3455 721 ⁸⁵.

2232 840 2308 897 Οὐ
2344 842 2450 913 μὴν
2483 841 2867 908 ἀκοινώνητον.
2903 845 3160 900 Τουτέστι
3190 844 3256 897 τὰ
3297 844 3466 898 πάντα
3495 850 3595 913 τῆς
3645 843 3798 899 αὐτοῦ

2167 929 2454 1006 μετέχουσι
2485 931 2764 994 κοινωνίας
2786 931 2875 986 καὶ
2909 933 3185 1008 σωτηρίου
3217 931 3503 1006 προνοίας.

2229 1109 2335 1177 Τὴν
2389 1109 2730 1182 ὑπερούσιον.
2789 1113 2913 1172 Πῶς
2971 1111 3104 1164 ποτὲ
3164 1111 3257 1182 μὲν
3318 1109 3499 1164 οὐσίαν
3547 1110 3610 1164 τὸ
3671 1111 3802 1165 Θεῑον

2162 1195 2338 1264 καλεῖ,
2371 1198 2502 1251 ποτὶ
2533 1194 2590 1251 δὲ
2641 1197 2979 1273 ὑπερούσιον,
3037 1198 3216 1268 ὥσπερ
3255 1202 3381 1252 νοῦν
3408 1196 3669 1268 ἀνόητον,
3724 1200 3802 1252 καὶ

2164 1281 2339 1359 ὄνομα
2388 1287 2450 1340 τὸ
2502 1287 2633 1361 ὑπὲρ
2665 1288 2767 1340 πᾶν
2797 1283 2992 1360 ὄνομα,
3017 1286 3160 1341 οὕτω
3209 1288 3297 1341 καὶ
3349 1285 3535 1342 οὐσίαν
3582 1286 3809 1362 ὑπερού-

2165 1395 2304 1430 σιον.

2234 1549 2695 1616 ³Επι6ἀλλοντας.
2749 1556 2842 1609 Ὠν
2893 1555 2996 1629 γὰρ
3060 1554 3161 1622 τήν
3211 1550 3521 1626 κατάληψιν
3587 1549 3807 1607 δέδωκεν

2165 1647 2301 1717 ἡμῖν
2334 1645 2362 1698 6
2385 1643 2754 1710 Θεὸς,τούτοις
2787 1638 3106 1698 ἐπιϐάλλειν
3139 1644 3402 1718 προσήκει
3431 1643 3522 1696 τὸν
3547 1642 3808 1716 ἡμέτερον

2166 1738 2313 1803 νοῦν,
2337 1732 2425 1788 καὶ
2461 1730 2628 1805 μηδὲν
2655 1736 2791 1806 πὲρα
2816 1739 2916 1801 τῆς
2963 1731 3232 1805 ἡμετερας
3289 1730 3561 1792 ἀσθενείας
3617 1736 3809 1800 ζητεῖν·

2092 1856 2139 1921 Β
2171 1826 2310 1891 οἷον,
2370 1821 2452 1876 ὅτι
2514 1822 2734 1895 ἀγαθὸς,
2772 1822 2854 1875 ὅτι
2906 1818 3266 1894 δημιουργὸς,
3297 1819 3377 1873 ὅτι
3412 1817 3812 1894 ῳιλάνθρωπος,

2173 1911 2261 1965 καὶ
2289 1911 2353 1964 τὰ
2410 1911 2552 1980 ἑξῆς·
2608 1909 2670 1964 τὸ
2705 1907 2782 1981 δὲ,
2813 1909 2894 1971 τίς
2926 1911 2960 1978 ἡ
2997 1907 3152 1963 οὐσία
3173 1913 3270 1962 τοῦ
3299 1908 3452 1979 Θεοῦ,
3510 1909 3589 1980 μὴ
3648 1905 3815 1962 πολυ-

2173 1999 2496 2074 πραγμόνει.

2246 2085 2553 2148 Ἀδυνάτως
2604 2083 3140 2158 ἀπαυθαδιζομὲνους
3173 2125 3190 2144 .
3261 2083 3455 2148 Καλῶς
3509 2084 3572 2138 τὸ
3633 2080 3816 2138 ἀδυνά-

2175 2195 2305 2238 τως’
2364 2175 2458 2231 κᾶν
2510 2177 2611 2252 γὰρ
2643 2174 3013 2250 ἐπιχειρήσειέ
3066 2195 3172 2245 τις,
3235 2173 3334 2228 οὐκ
3379 2173 3679 2249 ἐφικνεῖται
3711 2171 3815 2244 μὲν,

2183 2262 2345 2336 μόνον
2380 2261 2457 2333 δὲ,
2507 2263 2601 2326 τὰς
2657 2265 2848 2339 νοερᾶς
2901 2259 3050 2336 ὄψεις
3099 2261 3534 2336 ἀμαυρούμενος,
3581 2260 3674 2314 καὶ
3730 2262 3816 2312 τοῦ

2179 2348 2333 2414 ὄντος
2365 2350 2609 2406 ἐκπίπτει
2639 2351 2835 2428 φωτὸς,
2868 2352 2941 2412 ὡς
2990 2352 3018 2404 6
3065 2349 3452 2427 φιλονεικήσας
3481 2347 3614 2403 ὅλον
3664 2346 3814 2416 ήλιον

2177 2445 2257 2512 τῷ
2289 2444 2585 2513 σωματικῷ
2633 2437 2872 2511 δέξασθαι
2921 2437 3211 2516 ὀφθαλμῷ,
3262 2440 3392 2511 ὅπερ
3439 2437 3493 2490 αἱ
3544 2437 3684 2490 θεῖαι
3737 2434 3814 2488 καὶ

2180 2531 2369 2600 νοηταὶ
2405 2526 2658 2602 δυνάμεις
2688 2527 3076 2601 αἶ’νιττόμεναι,
3127 2521 3403 2602 χερουϐὶμ
3449 2525 3537 2579 καὶ
3589 2524 3816 2600 σεραφίμ

2177 2620 2245 2674 τὰ
2273 2620 2538 2693 πρόσωπα
2592 2615 2951 2682 καλύπτουσι,
3011 2613 3282 2685 δηλοῦντα
3343 2615 3419 2686 μὴ
3478 2612 3812 2688 προσερίζειν

2177 2711 2246 2780 τῇ
2280 2707 2409 2777 ὑπὲρ
2442 2705 2634 2768 αὐτοὺς
2657 2705 2857 2782 θεωρίᾳ
2876 2706 2950 2778 μή
2984 2701 3248 2778 δεδομένῃ
3284 2702 3488 2764 αὐτοῖς.
3523 2702 3630 2757 Καὶ
3661 2698 3813 2755 τοῦτό

2180 2793 2289 2850 ἐστι
2317 2795 2406 2849 te"
2467 2795 2594 2849 Θεὸν
2628 2792 2806 2858 οὐδεὶς
2833 2793 3038 2868 ἑώρακε
3066 2794 3310 2849 πώποτε.
3352 2794 3514 2855 ’Όθεν
3547 2791 3602 2844 οἱ
3639 2790 3816 2844 θεόσυ-

2181 2905 2272 2961 φοι
2304 2881 2457 2954 δόξαν
2488 2887 2642 2956 Θεοῦ,
2675 2882 2799 2938 ἀλλ’
2831 2883 2892 2937 οὐ
2923 2883 3049 2937 Θεὸν
3084 2880 3376 2956 ἑωρακέναι
3408 2881 3558 2958 φασί.

2252 3154 2407 3226 ΞΙΙΙ.
2442 3151 2518 3207 Τὸ
2573 3149 2668 3221 μὶν
2723 3149 2853 3222 ὑπὲρ
2907 3151 3054 3204 νοῦν.
3109 3150 3306 3223 Σαφῶς
3359 3144 3419 3200 ἐκ
3456 3145 3663 3198 τούτων
3725 3141 3824 3197 ἔστι

2184 3237 2370 3296 Ααϐεῖν
2400 3240 2498 3306 τήν
2532 3238 2747 3312 ’Δρείου
2777 3241 2865 3291 καί
2902 3235 3169 3309 Εὐνομίου
3204 3234 3420 3306 μανίαν,
3447 3231 3499 3288 οἵ
3527 3232 3617 3288 καὶ
3649 3251 3824 3306 τεχνοο

2184 3328 2364 3403 λογεῖν
2395 3329 2493 3396 τήν
2528 3324 2761 3402 ἄρρητον
2793 3324 2883 3380 καὶ
2921 3323 3240 3400 ὑπερούσιον
3274 3322 3460 3377 οὐσίαν
3508 3325 3605 3376 τοῦ
3655 3326 3821 3376 Μονο-

2183 3438 2272 3491 γεν
2280 3421 2371 3478 οῦς
2403 3413 2717 3490 ἐθάρρησαν.

2263 3595 2442 3668 [Ὑπὲρ
2472 3597 2595 3647 νοῦν
2656 3592 2759 3668 γάρ
2808 3592 2919 3646 ἔστι
2965 3591 3025 3644 τὸ
3073 3591 3170 3658 τῆς
3202 3587 3479 3665 θεαρχίας,
3508 3586 3680 3662 ἤγουν
3736 3592 3825 3655 τῆς

2189 3678 2593 3757 παμϐασιλίδος
2641 3681 2731 3739 καὶ
2783 3680 3225 3752 ἀκατονομάστου
3283 3676 3465 3739 οὐσίας
3521 3678 3582 3732 τὸ
3645 3674 3825 3730 ἀκατά-

2195 3772 2454 3844 ληπτον.]

2262 3954 2378 4020 Τῆς
2407 3948 2684 4024 θεαρχίας.
2743 3945 3008 4022 Θεαρχίαν
3068 3945 3228 4001 καλεῖ
3254 3947 3539 4019 πανταχοῦ
3562 3945 3664 4014 τὴν
3691 3963 3827 4012 παμ-

2195 4035 2451 4095 ϐασιλίδα
2479 4034 2688 4110 Τριάδα
2717 4033 2807 4090 διὰ
2831 4036 2893 4090 τὸ
2919 4035 3009 4090 καὶ
3037 4033 3144 4089 τῶν
3201 4032 3510 4109 λεγομὲνων
3545 4036 3683 4096 θεῶν
3742 4028 3828 4104 ἅρ-

2195 4148 2336 4202 χειν,
2397 4124 2640 4201 ἀγγέλων
2698 4123 2841 4202 φημὶ
2889 4124 2975 4178 καὶ
3033 4123 3220 4197 ἁγίων,
3278 4121 3354 4183 ὡς
3409 4122 3828 4196 προειρήκαμεν.

2195 4216 2432 4290 Κρύφιον
2465 4211 2523 4268 δὲ
2545 4214 2606 4268 τὸ
2637 4219 2760 4288 περί
2785 4219 2886 4281 τῆς
2917 4209 3354 4283 ἀκατονομάστου
3387 4207 3594 4279 ἐκείνης
3655 4206 3829 4267 οὐσίας

2197 4303 2600 4374 ἀκατάληπτον·
2636 4302 2767 4378 ὅπερ
2798 4301 2932 4374 μετὰ
2965 4301 3157 4377 μικρόν
3179 4320 3309 4376 φησι
3334 4299 3573 4374 σώφρονι
3595 4301 3726 4373 σιγῇ
3749 4294 3830 4351 καὶ

2198 4392 2471 4467 ἀνωτέρω,
2503 4393 2577 4456 ὡς
2607 4393 2823 4465 θεμιτὸν
2857 4390 3023 4462 αὐτῷ,
3053 4389 3142 4443 καὶ
3172 4389 3529 4463 ἱεροπρεπῶς.

2269 4659 2373 4716 Καὶ
2402 4659 2500 4727 τὴν
2547 4653 2867 4732 ἀγαθοδότιν
2911 4654 3112 4729 ἀρχήν.
3161 4652 3304 4708 Κατά
3332 4651 3385 4707 τί
3424 4651 3564 4706 ἑστιν
3623 4654 3654 4707 6
3713 4651 3832 4709 Θεὸς

2191 4750 2337 4824 ἀρχὴ
2369 4748 2548 4816 πάσης
2579 4743 2972 4822 φωτοφανείας,
3012 4743 3102 4797 καὶ
3147 4740 3289 4802 τίνες
3339 4741 3393 4795 αἱ
3453 4740 3833 4818 φωτοφάνειαι,

2191 4839 2282 4893 καὶ
2311 4836 2746 4912 ἀναμορφώσεις.

2260 4924 2586 4984 Ἀνάστασις.
2632 4918 2806 4978 Τοῦτό
2861 4921 2999 4976 ἐστιν
3055 4919 3085 4974 6'
3141 4917 3286 4994 λέγει
3347 4919 3598 4991 Συμεὼν,
3629 4916 3720 4972 ὅτε
3744 4915 3831 4971 τὸν

2193 5015 2422 5088 Χριστὸν
2454 5009 2611 5067 εἶδεν·
2642 5012 2815 5074 Οὗτος
2845 5015 3016 5066 κεῖται
3051 5008 3127 5072 είς
3170 5012 3374 5063 πτῶσιν
3421 5006 3511 5061 καὶ
3560 5007 3830 5061 ἀνάστασιν

2194 5100 2421 5157 πολλῶν
2455 5099 2508 5156 ἐν
2541 5105 2618 5172 τῷ
2646 5097 2891 5174 Ἰσραήλ·
2925 5098 3130 5153 πτῶσιν
3166 5096 3259 5170 μὶν
3312 5099 3408 5150 τοῦ
3439 5093 3489 5150 ἐν
3541 5096 3679 5168 ἡμῖν
3725 5091 3835 5167 χεί-

2196 5211 2378 5266 ρονος,
2407 5190 2690 5245 ἀνάστασιν
2721 5185 2780 5243 δὲ
2807 5191 2903 5242 τοῦ
2940 5184 3244 5262 βελτίονος.

1466 5561 1699 5619 VARle
1732 5557 2116 5616 LECTIONES
2149 5556 2237 5612 ET
2268 5553 2826 5612 CORRECTIONES.

519 5650 567 5686 ⁸⁵
595 5647 832 5724 ἐχούσης
859 5646 1166 5722 δυνᾶμεως.
