4000 6200
166 329 259 383 193

161 541 240 596 ἰπὶ
269 540 340 593 τὰ
397 539 618 612 μείζονα
665 537 904 613 προϊὼν,
935 537 1089 613 φησὶ,
1121 541 1338 611 πρῶτον
1388 534 1813 614 φωτιζομένους,

161 631 266 685 εἶτα
317 626 704 700 τελουμένους,
756 625 1034 681 Τελεῖσθαι
1087 622 1145 680 δέ
1193 625 1325 692 ἐστι,
1366 625 1428 679 τὸ
1479 625 1554 684 είς
1609 623 1817 680 τελειό-

163 739 295 788 τητα
358 718 575 790 ἄγεσθαι
627 713 716 769 διὰ
762 721 862 782 τῆς
917 714 1048 786 μετὰ
1085 714 1149 767 τὸ
1184 715 1460 786 βάπτισμα
1493 711 1560 767 δι’
1595 711 1821 781 εὐζωίας

165 812 480 883 προκοπῆς,
506 803 594 858 ’ἕνα
629 801 853 874 δύνηταί
881 824 963 864 τις
1012 803 1178 856 εἷπεῖν
1215 821 1227 833 ·
1261 803 1369 858 Τὸν
1426 800 1629 876 δρόμον
1682 801 1822 855 τετέ-

170 897 315 963 λεκα,
352 897 452 963 τὴν
485 894 664 948 πίστιν
693 894 992 966 τετήρηκα.
1020 892 1081 948 Ἡ
1116 889 1210 944 οὖν
1239 893 1590 966 προσκυνητή
1630 890 1822 965 Τριάς,

166 993 259 1054 τῆς
326 984 592 1051 τοιαύτης
658 981 886 1049 τελετῆς
967 977 1231 1055 ἄρχουσα,
1305 982 1398 1033 ἅτε
1478 980 1566 1032 καὶ
1645 980 1824 1048 πάσης

166 1074 508 1134 τελειώσεως
539 1071 804 1140 ποιητικὴ
851 1068 1192 1144 τελετάρχις,
1225 1067 1448 1129 εἰκότως
1497 1074 1723 1123 νοεῖται.
1757 1068 1825 1124 Οἱ

165 1167 289 1238 γοῦν
321 1165 395 1233 τῇ
428 1163 687 1235 προκοπῇ
717 1156 1094 1229 τελειούμενοι
1129 1161 1374 1220 θεοῦνται
1408 1157 1646 1222 πάντως,
1679 1155 1826 1218 θείας

166 1249 424 1305 κοινωνοὶ
479 1249 687 1325 φύσεως
739 1247 1043 1322 γινόμενοι,
1073 1247 1147 1300 ὦν
1195 1249 1242 1284 ⁸⁸
1287 1242 1564 1320 ἀναλόγως
1596 1247 1631 1314 ἡ
1665 1245 1827 1319 Θεαρ-

168 1341 260 1414 χία
304 1341 335 1393 ὁ
389 1338 545 1404 Θεὸς,
598 1341 733 1400 θεῶν
777 1335 1146 1411 γεγενημένων
1197 1335 1343 1409 ἀρχή
1394 1354 1474 1394 τις
1528 1329 1624 1390 ὥν.
1676 1332 1828 1389 Μετὰ

170 1433 297 1503 γοῦν
328 1428 434 1496 τήν
470 1420 728 1480 ἀνάϐασιν
757 1423 957 1493 ταύτην
1011 1424 1086 1485 είς
1140 1422 1422 1494 ἁπλότητα
1477 1421 1827 1497 προκόπτου-

172 1539 270 1584 σιν,
307 1514 600 1589 ἰσάγγελοι
633 1511 722 1567 διὰ
748 1519 850 1582 τῆς
884 1512 1222 1575 ἀναστάσεως
1249 1512 1550 1586 γινόμενοι,
1581 1512 1670 1564 καὶ
1700 1509 1827 1565 οῦκ-

175 1608 247 1659 έτι
307 1604 549 1679 ψυχικὸν
605 1600 830 1677 ἔχοντες
897 1605 1078 1674 σῶμα,
1136 1600 1270 1654 κατά
1325 1601 1418 1654 τὸν
1467 1596 1828 1666 Ἀπόστολον,

173 1694 416 1747 τουτέστι
451 1689 542 1746 διὰ
571 1694 758 1765 ψυχῆς
790 1688 1038 1751 συνεστός
1067 1709 1125 1744 τε
1171 1688 1260 1742 καὶ
1310 1689 1653 1761 κινούμενον,
1685 1684 1831 1742 ἀλλά

173 1782 565 1852 πνευματικὸν,
596 1779 712 1833 ἀντὶ
765 1783 862 1833 τοῦ
919 1776 1007 1832 διὰ
1055 1781 1152 1832 τοῦ
1202 1775 1467 1850 παναγίου
1517 1776 1830 1848 Πνεῦματος

176 1870 255 1924 ἐπὶ
293 1871 440 1944 μέγα
471 1870 731 1943 χυθὲντος
764 1865 846 1920 ἐπ’
877 1865 1071 1927 αὐτοὺς
1119 1873 1215 1934 τῆς
1274 1865 1675 1920 πολυσυνθέτου
1722 1867 1830 1916 τῶν

178 1957 464 2033 λογισμῶν
497 1954 800 2022 ποικιλίας,
834 1956 920 2008 καὶ
953 1959 1060 2008 τῶν
1119 1955 1420 2023 αἰσθήσεων
1478 1951 1835 2026 ἀπηλλαγμέ-

175 2068 252 2099 νοι
290 2066 304 2078 ·
345 2046 465 2109 ὅθεν
497 2045 586 2099 καὶ
618 2043 874 2113 ἑνίζονται
908 2042 984 2102 εἲς
1017 2040 1175 2096 ὲνάδα
1207 2041 1516 2112 ἁπλότητος
1547 2041 1833 2114 ἀγόμενοι,

175 2137 313 2190 καθά
369 2135 692 2210 προέφημεν
726 2151 738 2164 ·
775 2131 918 2207 λέγει
960 2133 1059 2207 γὰρ
1091 2133 1178 2186 καὶ
1213 2129 1468 2205 ἀλλαχοῦ
1502 2151 1514 2164 ο
1550 2132 1646 2186 ἸΙν
1704 2128 1830 2212 γὰρ,

177 2225 332 2300 φησί,
367 2226 474 2276 τῶν
506 2221 906 2274 πιστευσάντων
935 2215 1130 2293 καρδία
1159 2219 1249 2273 καὶ
1279 2221 1432 2294 ψυχὴ
1469 2219 1583 2291 μία.

243 2493 308 2546 Ἡ
361 2494 469 2544 τῶν
520 2488 737 2557 ζώντων
792 2489 928 2556 ζωή.
965 2491 1089 2548 Καθ’
1120 2485 1304 2539 ἑαυτὸν
1339 2486 1366 2539 ὁ
1416 2486 1542 2546 Θεὸς
1590 2485 1652 2541 οὐ
1699 2493 1838 2542 νοεῖ-

175 2599 284 2635 ται·
321 2579 439 2634 ἐπεὶ
475 2575 532 2632 δὲ
561 2580 671 2630 τῶν
696 2572 862 2629 ὄντων
897 2574 1110 2628 πάντων
1144 2572 1284 2628 ἐστίν
1333 2573 1476 2628 αἰτία
1523 2575 1611 2628 καὶ
1660 2576 1831 2651 ἀρχὴ,

174 2674 282 2722 τῶν
318 2666 514 2721 ἁπλῶν
549 2659 797 2734 ἁπλότης
829 2663 959 2731 ἐστὶ,
992 2667 1098 2716 τῶν
1129 2666 1341 2731 ζώντων
1403 2664 1537 2733 ζωὴ,
1569 2668 1678 2717 τῶν
1739 2665 1834 2719 οὐ-

174 2763 305 2811 σιῶν
338 2754 684 2830 ὑπερούσιος,
715 2753 803 2807 καὶ
846 2751 1034 2814 ἁπλῶς
1081 2753 1294 2806 πάντων
1339 2753 1548 2826 ἀγαθῶν
1602 2751 1839 2825 μεταδό-

176 2866 257 2905 τις
289 2844 460 2906 ἐστίν.

251 2935 716 3009 Ἐκφαντορικῶς.
780 2929 1134 3005 Ἐκφάντορες
1206 2929 1408 2999 κυρίως
1477 2927 1724 3005 ἐλέγοντο
1784 2932 1836 2984 οἱ

171 3027 282 3075 τῶν
339 3020 659 3092 μυστηρίων
709 3017 778 3071 τά
847 3015 1055 3091 ἄῤῥητα
1130 3011 1484 3088 συμϐολικῶς
1559 3016 1834 3095 ἐκφαίνον-

173 3131 262 3171 τες

176 3285 324 3349 θέλει
359 3283 568 3354 δηλοῦν
601 3284 720 3345 ἒνὰς
751 3282 840 3336 καὶ
895 3283 1061 3356 μονὰς
1109 3280 1195 3335 ἐπὶ
1245 3286 1378 3336 Θεοῦ
1424 3281 1718 3357 λεγομένη,
1750 3282 1838 3337 καί

179 3396 374 3452 τρησιν,
406 3373 494 3428 ὅτι
523 3393 648 3447 περ,
677 3370 764 3425 ’ἱνα
795 3373 1116 3446 παραστήσῃ
1143 3372 1240 3438 τὴν
1273 3371 1527 3444 ἀμέρειαν
1559 3376 1654 3426 τοῦ
1682 3375 1838 3439 Θεοῦ,

182 3468 348 3517 τοῦτο
377 3461 598 3535 λέγεται
629 3460 774 3534 παρᾶ
800 3465 907 3513 τῶν
942 3458 1214 3534 θεολόγων
1251 3478 1264 3492 ⁶
1297 3459 1360 3513 τὸ
1403 3460 1506 3535 γὰρ
1539 3457 1719 3534 ὄγκοις
1748 3460 1836 3514 καὶ

182 3551 532 3621 πηλικότησι
565 3546 979 3621 διειλημμένον,
1009 3551 1171 3602 τοῦτο
1200 3548 1291 3602 ἅτε
1337 3548 1425 3602 καὶ
1479 3551 1639 3620 σῶμα
1688 3547 1840 3621 μερί-

188 3648 338 3709 ζεται
375 3659 387 3670 ·
433 3640 499 3693 τὸ
550 3635 610 3692 δὲ
659 3637 855 3710 ἀμερὲς
900 3636 989 3690 καὶ
1020 3636 1322 3713 ἀνέμφατόν
1356 3636 1465 3690 ἐστι
1497 3639 1540 3672 ⁸⁸
1574 3636 1848 3710 σώματος,

185 3727 338 3783 ἀλλά
385 3729 479 3781 καὶ
534 3727 667 3801 ὑπὲρ
724 3725 892 3780 πᾶσάν
953 3724 1092 3780 ἐστιν
1145 3725 1456 3798 ἀσωματίαν
1491 3745 1503 3758 '
1561 3722 1749 3789 ἄλλως
1792 3747 1851 3780 τε

186 3816 384 3887 ἐπειδὴ
417 3815 729 3882 διανοηθεὶς
759 3818 787 3870 ὁ
817 3817 946 3878 Θεὸς
998 3814 1345 3889 βουλητικῶς
1401 3815 1469 3868 τὰ
1522 3817 1698 3869 πάντα
1749 3816 1848 3868 ὑπ-

186 3909 443 3976 έστησεν,
479 3905 588 3979 οὐχ
622 3906 712 3958 οἷά
739 3925 819 3965 τις
850 3908 972 3964 νοῦς
1004 3903 1080 3967 εἷς
1109 3905 1330 3973 νοήσεις
1365 3905 1634 3977 μερισθεὶς
1685 3901 1850 3958 ἐπολ-

191 3995 589 4062 λαπλασιάσθη
625 4012 638 4024 ·
675 3991 820 4048 ἀλλά
854 3991 1041 4064 μείνας
1089 3991 1177 4046 καὶ
1230 3993 1425 4065 μένων,
1459 3991 1647 4068 φησὶν,
1678 3991 1728 4045 ἐν
1781 3995 1850 4064 τῇ

185 4083 343 4138 ἐνάδι
421 4085 644 4154 ἀμερῶς
717 4081 808 4134 καὶ
881 4078 1217 4142 ἀσκεδάστως
1276 4082 1363 4134 καὶ
1421 4082 1685 4150 ὑπέστησε
1763 4081 1848 4134 καὶ

188 4172 454 4249 ὑφίστησι
513 4172 580 4224 τὰ
639 4169 692 4224 ἐν
749 4173 819 4243 τῇ
869 4169 1037 4224 κτίσει
1071 4187 1085 4202 ⁸
1131 4166 1234 4231 ἕως
1264 4170 1366 4244 γὰρ
1400 4167 1519 4243 ἄρτι
1576 4169 1852 4244 ἐργάζεται

191 4264 223 4315 ὁ
255 4261 411 4326 Θεὸς,
449 4260 525 4320 ὡς
552 4259 606 4312 ἐν
640 4257 992 4333 Εὐαγγελίοις
1022 4255 1235 4333 εἷ’ρηται
1269 4278 1280 4290 ·
1321 4257 1713 4333 ὑπερῆπλωται
1762 4258 1854 4314 οῦν

190 4355 374 4403 πᾶσαν
408 4347 699 4416 ἁπλότητα
727 4347 948 4421 ἀμερῶς
982 4346 1308 4421 ὑπεραίρων.

912 329 970 380 S.
1011 328 1280 380 MAXIMI
1317 285 1622 380 SCIiOLIA
1660 328 1734 379 IN
1775 327 1830 380 Li

1952 330 2043 381 DE
2083 329 2349 382 DIVINIS
2390 331 2800 384 NOMINIBUS.

223 456 342 505 Τῶν
421 448 812 527 φωτιζομένων
893 445 1190 521 ἔλλαμψις.
1251 445 1562 521 Βαθμηδὸν,
1632 446 1897 520 ὥσπερΑ

3464 334 3569 391 194

1997 450 2452 508 ltluminatorum
2482 452 2803 508 illustratio.
2863 454 3162 510 Gradatim
3223 457 3293 511 ad
3345 460 3571 530 majora

1926 539 2328 611 progrediens,
2378 541 2476 608 ait,
2506 541 2762 612 primum
2822 557 2919 597 eos
2978 544 3077 614 qui
3136 543 3570 619 illuminantur,

1929 627 2139 682 deinde
2194 643 2292 682 eos
2334 630 2430 699 qui
2467 630 2868 700 perficiuntur.
2928 631 3131 686 Perfici
3166 649 3337 704 porro
3381 640 3468 690 est
3497 637 3572 692 ad

1931 716 2342 786 perfectionem
2375 718 2509 773 duci
2543 735 2645 789 per
2676 719 2999 789 profectum
3035 720 3089 775 in
3132 721 3285 777 bona
3318 729 3450 794 post
3468 725 3576 780 ba-

1931 803 2238 874 ptismum,
2269 810 2332 860 ut
2383 806 2516 876 quis
2546 807 2738 862 dicere
2774 807 2992 878 possit:
3027 811 3261 864 Cursum
3315 829 3576 868 consum-

1931 892 2264 962 mavi,ﬁdem
2297 895 2514 949 servavi
2543 897 2981 966 (m).Adoranda
3007 897 3188 969 igitur
3217 899 3474 956 Trinitas
3495 905 3579 957 ta-

1933 979 2045 1036 lem
2077 981 2366 1053 incipiens
2396 988 2452 1038 et
2479 1001 2684 1055 regens
2717 985 3158 1055 perfectionem,
3190 988 3344 1043 sicut
3401 989 3577 1046 etiam

1938 1069 2218 1126 universae
2242 1071 2617 1142 perfectionis
2638 1073 2895 1128 effectrix
2919 1075 3292 1144 perfectionis
3324 1095 3503 1135 causa
3524 1083 3581 1135 et

1937 1159 2447 1230 princeps,merito
2473 1159 2840 1232 intelligitur.
2875 1161 2982 1225 Qui
3014 1179 3150 1234 ergo
3181 1165 3277 1219 97
3313 1168 3579 1238 profectu

1937 1246 2438 1316 perliciuntur,dii
2471 1264 2712 1318 prorsus
2745 1248 3243 1314 evadunt,divinaa
3266 1253 3581 1325 participes

1937 1339 2156 1389 naturae
2189 1335 2602 1406 facti,quorum
2629 1339 2999 1409 prOportione
3031 1341 3286 1409 quadam
3309 1341 3580 1398 divinita-

1936 1422 2013 1477 tis
2043 1423 2398 1495 principium
2431 1429 2520 1480 est
2548 1425 2673 1495 ipse
2704 1424 3017 1492 Deus,cum
3042 1427 3122 1482 sit
3149 1443 3350 1483 eorum
3374 1430 3475 1500 qui
3498 1431 3579 1486 dii

1937 1511 2123 1566 effecti
2155 1518 2296 1568 sunt
2326 1513 2680 1584 principium
2739 1513 2996 1585 aliquod.
3031 1515 3167 1571 Post
3198 1516 3352 1572 hunc
3400 1519 3580 1589 igitur

1939 1616 2246 1655 ascensum
2279 1601 2335 1655 in
2369 1600 2809 1672 simplicitatem
2849 1604 3451 1677 promovent,angelis
3474 1624 3579 1678 pa-

1940 1705 2032 1743 res
2063 1705 2165 1760 per
2195 1689 2680 1745 resurrectionem
2716 1691 2871 1758 facti,
2905 1707 3095 1764 neque
3126 1693 3316 1750 adhuc
3339 1697 3585 1752 animale

1938 1792 2134 1844 corpus
2164 1777 2444 1844 habentes,
2483 1781 2808 1834 secundum
2839 1781 3182 1851 Apostolum
3220 1783 3322 1854 (η),
3357 1785 3464 1839 hoc
3494 1789 3584 1842 est

1943 1865 2096 1934 quod
2124 1882 2221 1936 per
2256 1866 2512 1921 animam
2543 1866 2815 1922 consistit
2864 1872 2921 1922 et
2959 1877 3259 1925 movetur:
3291 1873 3383 1926 sed
3413 1873 3582 1944 spiri-

1939 1954 2184 2024 tale,per
2214 1955 2655 2010 sanctissimum
2676 1956 2955 2026 Spiritum
2992 1974 3167 2028 quam
3200 1963 3451 2016 maxime
3470 1962 3586 2017 dit-

1942 2042 2072 2097 fusa
2102 2043 2160 2096 in
2197 2043 2355 2114 ipsos
2404 2043 2656 2099 multum
2703 2047 3025 2116 composita
3075 2047 3586 2106 ratiocinationum

1940 2131 2304 2197 varietate,et
2331 2133 2640 2188 asensibili
2662 2132 2925 2202 liberati;
2954 2136 3109 2190 unde
3129 2140 3187 2191 et
3211 2136 3498 2194 uniuntur
3528 2139 3588 2196 in

1942 2219 2226 2275 unitatem
2264 2220 2663 2292 simplicitatis
2694 2223 2876 2288 ducti,
2902 2225 3058 2278 sicut
3088 2229 3258 2279 antea
3289 2226 3584 2296 diximus;

1943 2309 2023 2363 ait
2052 2309 2208 2364 enim
2251 2310 2427 2364 etiam
2461 2309 2575 2366 alio
2607 2310 2665 2364 in
2725 2309 2888 2366 loco:
2949 2312 3079 2366 Erat
3135 2313 3308 2383 enim,
3373 2315 3587 2386 inquit,

1944 2398 2291 2453 credentium
2320 2415 2414 2452 cor
2441 2403 2493 2454 et
2521 2399 2718 2453 anima
2749 2416 2858 2454 una
2891 2400 2987 2470 (0).

2018 2486 2337 2542 Viventium
2365 2486 2497 2541 vita.
2534 2493 2685 2542 Deus
2715 2488 2773 2542 in
2819 2488 3012 2559 seipso
3054 2506 3170 2545 non
3203 2490 3584 2560 intelligitur;

1943 2577 2042 2630 sed
2060 2575 2339 2647 quoniam
2364 2592 2558 2631 rerum
2575 2577 2836 2632 omnium
2852 2584 2908 2631 et
2934 2593 3112 2634 causa
3142 2583 3197 2633 et
3228 2579 3586 2651 principium

1943 2664 2558 2735 exsistit,simpiicium
2593 2669 2682 2719 est
2712 2664 3078 2736 simplicitas,
3112 2666 3428 2723 viventium
3447 2670 3588 2740 vita,

1944 2754 2215 2809 essentiis
2245 2753 2503 2808 essentia
2533 2754 2819 2824 superior,
2854 2759 3028 2824 atque
3096 2761 3158 2810 ut
3195 2757 3367 2812 verbo
3399 2758 3591 2814 absol-

1943 2858 2098 2908 vam,
2131 2845 2219 2897 est
2252 2843 2537 2896 bonorum
2569 2843 2970 2898 universorum
3005 2846 3514 2901 communicatrix.

2016 2927 2440 3000 Explanatorie.
2469 2927 2848 3001 Ἐκφάντορες,
2884 2930 3467 3003 interpretes,proprie
3498 2934 3588 2988 di-

1944 3017 2352 3088 cebantur,qui
2384 3017 2701 3073 ineffabilia
2731 3018 3007 3087 mysteria
3037 3036 3140 3090 per
3173 3020 3392 3092 ﬁguras
3412 3039 3589 3094 expo-

1947 3114 2113 3163 nunL

241 3155 335 3259 τᾲς
397 3193 608 3269 μονάδα
657 3197 776 3267 μέν.
836 3195 1093 3251 Ἐνταῦθα
1141 3199 1332 3269 τροινοῖ
1379 3193 1432 3247 τί
1492 3193 1728 3266 μάλιστα
1783 3197 1826 3231 ⁸⁷

1952 3155 2403 3251 “II—("monadem
2462 3195 2700 3266 quidem.
2753 3199 2867 3250 Hoc
2936 3195 3060 3251 loco
3135 3198 3390 3253 declarat
3447 3199 3592 3270 quid

1949 3283 2201 3339 maxime
2232 3283 2368 3338 velit
2419 3283 2753 3356 significare
2812 3285 3009 3340 unitas
3039 3289 3096 3340 et
3143 3301 3352 3342 monas
3382 3288 3454 3343 de
3482 3293 3596 3344 Deo

1949 3372 2104 3427 dicta
2137 3389 2150 3426 :
2186 3372 2470 3441 aitque,ut
2501 3373 2758 3443 partium
2791 3374 3136 3428 vacuitatem
3160 3372 3221 3428 in
3245 3374 3358 3430 Deo
3382 3391 3599 3447 repraa-

1950 3462 2274 3527 sentet,hoc
2295 3461 2512 3516 dicitur
2540 3479 2573 3516 a
2604 3461 2892 3533 theologis
2918 3479 2930 3516 :
2963 3463 3115 3531 quod
3148 3463 3306 3518 enim
3349 3465 3600 3522 tumori-

1959 3550 2070 3605 bus
2100 3555 2157 3604 et
2187 3549 2616 3620 quantitatibus
2653 3553 2772 3620 (seu
2808 3551 3094 3616 crassitie,
3150 3550 3516 3622 longitudine
3548 3557 3606 3610 et

1958 3638 2288 3707 latitudine)
2321 3637 2664 3692 distinctum
2723 3643 2831 3707 est,
2886 3637 3028 3692 illud
3089 3638 3266 3693 veluti
3307 3642 3602 3711 corpusin

1959 3730 2152 3798 partes
2182 3726 2502 3792 dividitur;
2534 3726 2643 3780 hoc
2673 3731 2870 3780 autem
2905 3727 3174 3797 partibus
3205 3731 3384 3796 caret,
3411 3744 3602 3798 neque

1959 3815 2110 3871 valet
2123 3831 2334 3885 corpus
2349 3818 2764 3884 repraesentare
2789 3831 2802 3880 ;
2824 3814 3089 3885 quinimo
3108 3820 3346 3886 superat
3365 3831 3603 3872 omnem

1961 3903 2222 3975 corporis
2270 3903 2694 3974 privationem;
2745 3903 3090 3974 praesertim,
3127 3903 3606 3975 quandoquidem

1963 3992 2116 4046 Deus
2140 3991 2399 4060 cogitans
2431 3989 2730 4045 voluntate
2761 4008 2869 4046 sua
2912 3996 3124 4047 cuncta
3173 3992 3495 4049 subsistere
3527 3994 3608 4049 fe-

1964 4080 2062 4149 cit,
2097 4097 2210 4135 non
2241 4085 2524 4150 tanquam
2563 4096 2730 4134 mens
2763 4080 2961 4150 aliqua
2999 4080 3059 4135 in
3109 4081 3496 4153 cogitationes
3527 4081 3610 4138 di-

1967 4169 2108 4239 visa,
2133 4167 2560 4240 multiplicatus
2594 4169 2703 4223 fuit
2735 4187 2748 4236 ;
2781 4169 2873 4224 sed
2902 4172 3191 4240 postquam
3224 4169 3282 4225 in
3315 4187 3372 4226 se
3404 4170 3611 4226 mansit

1965 4268 2017 4314 et
2038 4263 2249 4326 manet,
2279 4257 2496 4328 inquit,
2528 4257 2585 4312 in
2610 4257 2821 4313 unitate
2849 4260 3052 4330 absque
3077 4259 3449 4329 partitioneet
3467 4259 3613 4314 divi-

1964 4348 2117 4404 sione
2143 4347 2272 4418 fecit
2303 4355 2353 4402 et
2381 4346 2519 4417 facit
2574 4349 2863 4402 subsistere
2919 4356 3225 4403 creaturas.
3271 4348 3415 4402 Nam
3447 4363 3619 4418 usque

191 4439 377 4493 modo
407 4440 552 4492 Deus
587 4440 868 4507 operatur,
902 4437 1057 4491 sicut
1089 4438 1147 4490 in
1183 4436 1508 4505 Evangeliis
1540 4436 1755 4493 dicitur
1787 4441 1861 4511 (p)
1897 4456 1910 4495 :
1943 4454 2080 4509 ergo
2110 4434 2398 4508 singulari
2429 4436 2601 4491 modo
2628 4433 2880 4506 simplex
2913 4436 3101 4491 tactus
3132 4435 3351 4506 est,qui
3381 4451 3618 4492 omnem

189 4526 656 4600 simplicitatem
691 4525 983 4579 indivisim
1018 4525 1258 4580 excedit.

268 4614 375 4669 Καὶ
431 4617 544 4666 τῶν
616 4617 904 4684 μεριστῶν.
963 4612 1083 4666 Ἐπὶ
1139 4617 1246 4666 τῶν
1308 4613 1708 4688 ὑπερουρανίων
1766 4614 1829 4669 κό

2036 4615 2206 4686 Atque
2234 4613 2505 4668 dividuis.
2540 4618 2604 4667 In
2640 4613 2879 4668 mundis
2911 4613 3010 4684 qui
3043 4628 3224 4684 supra
3253 4611 3429 4668 caelos
3453 4617 3611 4680 sunt,

185 4723 358 4776 σμων
411 4702 503 4755 καὶ
553 4698 710 4754 τοῦδε
765 4705 862 4754 τοῦ
919 4701 1115 4773 ὁρατοῦ
1146 4701 1211 4754 τά
1239 4701 1515 4774 κατώτερα
1562 4698 1850 4778 ἕστραπται

187 4792 288 4847 ἐπὶ
335 4792 405 4844 τά
458 4787 836 4862 ὑπερκείμενα,
886 4787 973 4842 καὶ
1024 4789 1086 4842 τὸ
1136 4791 1444 4861 σωματικὸν
1493 4787 1756 4863 ἥδρασται
1803 4793 1854 4846 ἑν

179 4886 275 4952 τῷ
338 4884 546 4946 ζῶντι·
581 4877 631 4930 ἐν
682 4897 788 4951 γαρ
829 4881 898 4950 τῇ
948 4877 1095 4951 χειρὶ
1145 4877 1312 4931 αὐτοῦ
1361 4875 1533 4932 πάντα
1570 4880 1634 4933 τὰ
1692 4879 1858 4954 πέρα-

183 4989 262 5023 τα
315 4973 420 5035 τῆς
467 4971 574 5039 γῆς
608 4985 620 4996 ’
677 4963 822 5018 ἀλλὰ
865 4965 967 5038 γὰρ
1013 4963 1101 5018 καὶ
1153 4965 1203 5018 οἱ
1237 4965 1455 5039 οὐρανοί
1488 4987 1498 4998 ο
1537 4966 1586 5020 ἐν
1642 4968 1687 5038 ᾧ
1731 4968 1856 5042 γὰρ,

186 5056 363 5132 φησί,
392 5055 460 5107 τά
509 5055 682 5107 πάντα
715 5071 727 5083 ·

783 5050 868 5107 ἐπὶ
919 5049 977 5106 δὲ
1023 5055 1161 5125 [τοῦ]
1207 5054 1322 5108 καθ’
1353 5055 1498 5125 ἡμᾶς
1551 5056 1748 5125 Ονητοῦ
1799 5058 1861 5111 τὸ

183 5142 476 5199 ἀνάπαλίν
490 5144 534 5178 ⁵⁸
560 5141 669 5196 ἐστι
700 5145 809 5196 τῶν
841 5140 1166 5216 εἷ’ρημένωνο
1187 5144 1220 5211 ἡ
1252 5142 1354 5218 γὰρ
1385 5144 1538 5217 ψυχὴ
1572 5140 1861 5220 ἕστραπται

1965 4707 2022 4759 et
2060 4703 2169 4758 hoc
2201 4703 2302 4773 qui
2332 4701 2864 4770 videtur,inl'eriora
2895 4706 3313 4757 convertuntur
3335 4701 3405 4755 ad
3437 4717 3616 4773 supe-

1969 4793 2144 4860 riora,
2176 4798 2351 4862 atque
2382 4791 2437 4845 id
2463 4791 2616 4862 quod
2652 4807 3017 4862 corporeum,
3080 4790 3263 4845 situm
3314 4794 3402 4844 est
3447 4789 3507 4844 in
3538 4789 3617 4846 vi-

1970 4886 2135 4936 vente
2168 4900 2182 4949 ;
2217 4879 2506 4950 siquidem
2545 4879 2602 4934 in
2623 4896 2796 4934 manu
2824 4881 2942 4947 eius
2972 4894 3159 4934 omnes
3183 4879 3317 4948 ﬁnes
3347 4887 3514 4935 terra:
3545 4881 3617 4950 (q)

1970 4971 2089 5026 imo
2120 4969 2292 5025 etiam
2327 4968 2545 5036 cmli,in
2574 4984 2680 5040 quo
2703 4969 2872 5034 enim,
2909 4968 3260 5039 inquit,sunt
3289 4966 3476 5023 omnia
3502 4969 3574 5039 (ν)
3605 4985 3619 5024 :

1973 5059 2030 5114 in
2065 5058 2296 5114 mortali
2329 5063 2522 5113 autem
2556 5062 2756 5112 nostro
2781 5057 3137 5111 contrarium
3162 5056 3333 5110 dictis
3366 5055 3618 5124 accidit;

1974 5148 2167 5205 anima
2193 5147 2348 5204 enim
2372 5147 2730 5202 convertitur
2761 5145 2830 5200 ad
2865 5145 3228 5217 spiritum,in
3260 5161 3378 5216 quo
3410 5161 3622 5202 sensus

350 5299 450 5371 (τη)
477 5298 707 5368 ΙιΤίω.
739 5313 814 5364 ιν,
835 5298 890 5353 7.
921 5297 1002 5369 (η)
1034 5297 1056 5354 l
1087 5297 1216 5354 Cor.
1246 5314 1342 5367 xv,
1375 5299 1458 5354 44.
1492 5301 1569 5371 (ο)
1599 5304 1726 5356 Act.
1760 5317 1830 5369 ιν,

1952 5343 1956 5356 .
1992 5302 2070 5374 (p)
2099 5300 2342 5372 Joan.v,
2367 5299 2454 5356 l7.
2487 5299 2563 5371 (q)
2585 5296 2741 5355 Psal.
2773 5313 2920 5367 χειν,
2957 5299 3007 5354 4.
3043 5298 3109 5371 (ν)
3141 5301 3308 5356 Rom.
3344 5317 3426 5368 χι,
3452 5299 3541 5357 36.

1209 5479 1456 5535 VARle
1504 5480 1895 5542 LECTIONES
1939 5483 2029 5540 ET
2069 5479 2627 5538 CORRECTIONES.

283 5636 329 5673 “
359 5635 460 5701 ὡς,
539 5633 584 5668 ⁸⁷
618 5625 858 5704 μᾶλλον.
934 5630 979 5667 ⁸⁸
1007 5629 1089 5686 οὐ.
1166 5631 1213 5669 ⁶⁹
1240 5627 1500 5706 ἔμπαλιν.
