4000 6200
425 291 527 345 195

1232 286 1600 340 APPENDIX
1636 286 1735 339 AD
1771 284 2013 340 OPERA
2051 287 2106 338 S.
2151 283 2466 341 DIONYSII
2504 287 3009 343 AREOPAGITE.

3727 288 3829 342 196

422 415 480 468 et
509 409 988 468 ratiocinationes
1005 409 1353 475 fundantur,
1385 408 1604 479 quibus
1633 407 1733 464 98
1768 408 1826 463 in
1867 422 2062 480 specu-

2187 405 2318 480 πρὸς
2345 407 2410 461 τὸ
2441 405 2654 479 πνεῦμα
2682 406 2734 461 ἐν
2763 406 2808 479 ᾧ
2839 407 2972 463 εἶσιν
3021 406 3407 483 ἐπηριγμέναι
3455 411 3512 464 αἱ
3560 409 3835 480 αἰσθήσεις

423 501 638 558 latione
669 499 922 556 rationes
943 498 1318 570 indagamus,
1351 497 1449 569 qui
1495 496 1729 568 spiritus
1757 496 1910 552 novit
1948 510 2075 566 qua?

421 590 537 647 sint
558 590 620 644 in
643 589 883 657 homine,
917 588 1242 643 secundum
1276 584 1615 657 Apostolum
1659 585 1747 655 (s).
1781 587 2074 640 Conversa

422 679 623 750 itaque
652 677 852 732 anima
881 675 950 731 ad
985 675 1143 730 hunc
1174 673 1474 747 spiritum,
1506 673 1862 729 convertitur
1893 673 2070 728 etiam

422 767 494 822 ad
528 782 739 822 sensus
789 764 891 835 qui
940 764 999 818 in
1057 763 1184 834 ipso
1241 761 1532 818 exsistunt
1586 766 1642 818 et
1690 779 1793 834 per
1845 777 1944 817 eos
1998 759 2068 815 ad

423 870 658 926 corpus.
711 858 779 909 In
806 855 1001 907 mente
1032 866 1263 922 quoque
1301 849 1684 921 cogitationes
1713 847 1888 903 veluti
1921 846 2069 902 divi-

422 943 666 1007 duntur,
699 946 875 1012 atque
922 940 982 995 in
1015 937 1355 994 discrimina
1387 937 1614 993 divisim
1675 937 2000 1008 procedunt
2036 952 2070 990 a

421 1031 613 1102 prima
642 1029 994 1102 cogitatione
1025 1028 1096 1083 ad
1155 1027 1442 1083 secundas
1502 1031 1604 1082 aut
1633 1024 2069 1081 excellentiores

420 1122 522 1174 aut
551 1115 1047 1173 deteriores.Dicit
1075 1131 1211 1186 ergo
1245 1132 1351 1171 nos
1374 1115 1734 1170 intendendo
1767 1114 1824 1168 in
1857 1113 2065 1179 Deum,

417 1206 544 1262 ﬁeri
577 1207 648 1261 ab
678 1203 904 1260 unitate
937 1202 1037 1258 illa
1060 1219 1243 1258 unum
1277 1199 2068 1268 indistinctum,discrimini-

414 1295 526 1350 bus
557 1294 779 1349 nostris
811 1309 942 1363 quis
976 1291 1182 1348 multis
1214 1291 1480 1364 partibus
1511 1291 1863 1346 constabant
1887 1305 1957 1344 ex
1977 1289 2064 1343 di-

413 1382 636 1438 visione
666 1383 727 1437 in
758 1382 1221 1455 complexionem
1252 1381 1489 1447 coactis,
1512 1381 1754 1436 etmodo
1777 1379 2062 1435 mundum

414 1471 688 1527 vincente
721 1487 902 1526 unum
934 1471 1178 1538 eﬂ‘ectis,
1215 1468 1271 1525 id
1305 1474 1394 1525 est
1425 1486 1540 1525 non
1572 1467 1798 1535 sensili,
1831 1467 1933 1523 sed
1967 1466 2063 1521 in-

417 1558 732 1615 tellectuali
757 1559 952 1628 modo,
985 1576 1116 1615 cum
1151 1559 1396 1614 minime
1439 1557 1629 1613 adhuc
1661 1556 1836 1612 alieni
1859 1557 1932 1612 ab
1962 1572 2060 1612 eo-

417 1663 548 1704 rum
581 1647 992 1718 conjunctione
1037 1648 1228 1704 simus
1260 1666 1275 1716 ;
1308 1647 1452 1718 quin
1485 1647 1681 1720 potius
1713 1661 1896 1701 unum
1929 1644 2061 1700 uni-

414 1736 601 1792 forms
631 1736 979 1808 efﬁciamus,
1010 1737 1155 1792 sicut
1183 1741 1238 1792 et
1267 1736 1381 1808 ipse
1408 1753 1583 1792 unum
1613 1743 1713 1804 est,
1775 1733 2058 1807 quemad-

418 1829 657 1883 modum
678 1827 760 1883 ait
791 1827 850 1882 in
881 1827 1210 1899 Evangeliis
1241 1827 1327 1898 (ί).

490 1918 554 1972 Ut
583 1915 923 1972 Trinitatem.
947 1915 1094 1972 Nota
1148 1915 1494 1971 Trinitatem
1552 1914 1743 1971 tribus
1792 1912 2061 1985 personis

417 2005 841 2061 subsistentem
876 2022 888 2060 :
917 2010 975 2060 et
1005 2004 1422 2060 fecunditatem
1447 2004 1638 2060 Patris
1670 2001 2062 2069 dicit,incom-

416 2092 870 2166 prehensibilem
884 2094 1012 2164 ejus
1037 2108 1412 2164 progressum
1428 2093 1487 2147 in
1511 2090 1952 2165 productionem
1970 2090 2059 2146 Fi-

413 2181 476 2237 lii
499 2187 556 2238 et
574 2182 827 2254 Spiritus
848 2181 1036 2238 sancti
1061 2200 1074 2238 :
1109 2187 1266 2238 recte
1297 2198 1468 2252 porro
1490 2181 1573 2236 ait
1619 2184 1682 2235 ut
1712 2179 2061 2244 Trinitatem,

397 2270 694 2341 quoniam
726 2287 842 2326 non
874 2271 1288 2338 numerus,sed
1328 2271 1507 2326 decus
1538 2269 1761 2326 dictum
1793 2272 1922 2324 est:
1956 2268 2059 2324 Do-

412 2360 601 2414 minus
622 2364 768 2415 Deus
792 2360 1055 2415 Dominus
1085 2376 1228 2414 unus
1246 2363 1325 2416 est
1353 2359 1454 2430 (ιι).

485 2451 568 2504 Ex
597 2465 705 2520 qua
734 2447 916 2504 omnis
936 2448 1265 2520 paternitas.
1302 2447 1544 2502 Familia
1575 2445 1942 2519 intelligendi
1968 2461 2059 2500 or-

415 2537 581 2594 dines
611 2538 876 2608 ejusdem
908 2537 1099 2606 seriei,
1123 2536 1299 2592 veluti
1331 2537 1444 2591 sibi
1503 2541 1708 2592 mutuo
1739 2534 2060 2605 conjuncti,

413 2624 1064 2696 cherubim,seraphim,
1091 2623 1474 2695 principatus,
1499 2627 1837 2694 potestates.
1871 2623 1931 2675 In
1965 2638 2062 2676 no-

412 2713 506 2769 bis
534 2717 732 2769 autem
761 2711 940 2769 etiam
971 2710 1286 2783 spiritales,
1313 2717 1376 2766 ut
1405 2712 1670 2781 ejusdem
1722 2710 1972 2782 generis,
2005 2713 2062 2764 et

414 2801 867 2874 complexiones,
887 2801 1040 2856 sicut
1069 2799 1327 2856 declarat
1347 2815 1580 2870 quoque
1610 2800 1836 2870 Moyses
1865 2797 2060 2854 afﬁni-
2117 2865 2127 2875 .

420 2894 588 2945 tates.

489 2977 640 3045 Quod
670 2977 859 3032 omnia
887 2994 1004 3048 quae
1024 2986 1173 3033 sunt.
1197 2976 1493 3033 Universze
1523 2976 1622 3031 Dei
1653 2978 1935 3031 creaturas
1956 2976 2059 3030 bo-

425 3081 509 3120 me
539 3069 594 3121 et
622 3063 790 3120 valde
815 3066 978 3121 bona:
1013 3067 1250 3121 fuerunt
1271 3069 1328 3120 et
1355 3065 1584 3131 sunt,in
1617 3067 1903 3136 quantum
1926 3080 2062 3135 per-

2093 1781 2140 1846 B

2181 495 2271 548 καὶ
2302 495 2358 548 οἱ
2391 493 2672 570 λογισμοὶ,
2704 493 2774 550 δι’
2801 497 2872 550 ὧν
2920 498 2988 552 τὰ
3023 496 3074 552 ἐν
3119 502 3191 572 τῇ
3239 497 3422 572 σκέψει
3472 496 3832 574 λογιζόμεθα,

2181 581 2314 658 ὅπερ
2361 587 2570 655 πνεῦμα
2619 581 2729 638 οἶδε
2770 583 2835 639 τὰ
2874 585 2927 640 ἐν
2956 590 3036 657 τῷ
3059 585 3349 662 ἀνθρώπῳ,
3381 587 3517 641 κατά
3542 588 3638 642 τὸν
3668 589 3836 643 Ἀπό-

2182 670 2377 726 στολον
2410 693 2422 706 ο
2455 670 2868 746 ἐπεστραμμένη
2903 672 2995 728 οὖν
3028 675 3166 747 πρὸς
3213 679 3374 730 τοῦτο
3419 676 3483 730 τὸ
3531 679 3752 747 πνεῦμα
3799 678 3832 744 ἡ

2179 761 2358 835 ψυχὴ,
2389 759 2744 834 ἐπέστραπται
2776 762 2866 816 καὶ
2896 763 3034 836 πρὸς
3080 763 3174 823 τὰς
3223 761 3276 818 ἐν
3323 765 3474 835 αὐτῷ
3529 763 3833 835 αἰσθήσεις,

2177 849 2266 902 καί
2299 845 2368 902 δι’
2398 848 2574 904 αὐτῶν
2603 850 2738 924 πρὸς
2767 851 2830 905 τὸ
2860 855 3020 924 σῶμα
3052 869 3064 884 ⁸
3097 851 3189 906 καὶ
3249 850 3301 906 ἐν
3347 856 3430 923 τῷ
3476 856 3554 924 νῷ
3599 853 3653 906 αἱ
3705 855 3834 922 νοή-

2179 957 2288 998 σεις
2321 937 2486 991 οἱονεὶ
2519 937 2848 1012 μερίζονται,
2881 941 2970 994 καὶ
3015 939 3091 1001 εἷς
3147 939 3465 1012 ἑτερότητας
3525 937 3834 1002 σκεδαστιῖκ

2175 1022 2426 1099 προίασιν
2459 1024 2564 1079 ἀπὸ
2595 1027 2821 1101 πρώτης
2850 1027 3091 1096 νοήσεως
3123 1026 3200 1089 είς
3246 1025 3520 1102 δευτέρας,
3553 1027 3634 1090 είς
3662 1029 3835 1103 κρείτ·

2173 1133 2354 1183 τονας,
2394 1112 2430 1182 ἢ
2471 1113 2546 1176 εἷς
2597 1112 2860 1191 φαύλους.
2895 1115 3068 1182 Φησὶν
3117 1114 3208 1170 οὖν
3259 1115 3365 1183 ὅτι,
3417 1116 3834 1190 ἀνατεινόμενος

2174 1201 2309 1276 πρὸς
2340 1203 2494 1270 Θεὸν,
2525 1203 2789 1276 γινόμεθα
2836 1204 2939 1258 ὑπὸ
2967 1211 3069 1273 τῆς
3100 1200 3286 1266 ὶνάδος
3346 1203 3554 1276 ἐκείνης
3603 1204 3661 1261 ἓν
3702 1206 3835 1277 ἀμι-

2173 1291 2283 1364 ρὶς,
2311 1295 2420 1345 τῶν
2451 1290 2783 1366 πολυμερῶν
2827 1293 2988 1365 ἡμῶν
3035 1293 3369 1366 ὲτεροτήτων
3429 1291 3490 1348 ἐκ
3537 1299 3638 1349 τοῦ
3699 1314 3825 1348 σκε-

2173 1376 2384 1452 δασμοῦ
2442 1379 2515 1442 εἷς
2571 1379 2868 1452 σύμπτυξιν
2931 1382 3356 1455 ἀθροιζομένων,
3396 1382 3486 1438 καὶ
3536 1382 3824 1438 ἐνοποιουσ

2175 1469 2349 1540 μένων
2402 1469 2806 1542 ὑπερκοσμίως,
2837 1469 3111 1525 τουτέστιν
3164 1470 3264 1526 οὐκ
3319 1470 3614 1543 αἰσθητῶς,
3673 1470 3827 1527 ἀλλὰ

2169 1561 2392 1632 νοερῶς,
2425 1557 2523 1612 οὐκ
2552 1552 2628 1612 ἔτι
2680 1552 3004 1630 ἀσυμϐάτων
3065 1554 3235 1614 ὅντων
3293 1561 3454 1632 ἡμῶν
3502 1561 3642 1636 πρὸς
3701 1561 3825 1615 hau-

2167 1644 2317 1716 τοὺς,
2350 1643 2495 1700 ἀλλὰ
2545 1647 2843 1719 γινομένων
2899 1646 2954 1702 ἓν
2997 1644 3247 1719 ὲνοειδὶς,
3279 1647 3354 1710 ὡς
3410 1648 3499 1703 καὶ
3549 1649 3720 1712 αὐτὸς
3772 1647 3828 1704 ’ἐν

2169 1734 2332 1802 ἔστιν,
2369 1734 2441 1796 ὥς
2475 1755 2636 1812 φησιν
2665 1733 2715 1789 ἐν
2751 1733 3121 1812 Εὐαγγελίοις.

2238 1919 2323 1976 Ὡς
2402 1910 2621 1985 Τριάδα.
2707 1913 3024 1986 Σημείωσαι
3107 1912 3318 1990 Τριάδα
3389 1915 3821 1991 τρισυπόστατον

2167 2001 2257 2055 καὶ
2313 2001 2650 2074 γονιμότητά
2706 2024 2837 2080 φησι
2914 2005 3012 2071 τήν
3088 2004 3355 2079 πατρικήν
3414 2004 3548 2079 ὑπδρ
3606 1999 3823 2059 ἔννοιαν

2170 2087 2405 2164 πρόοδον
2444 2089 2517 2151 εἷς
2549 2089 2801 2168 ἔκφανσιν
2829 2095 2926 2146 τοῦ
2977 2093 3103 2146 Υἱοῦ
3156 2092 3246 2146 καὶ
3294 2096 3393 2147 τοῦ
3450 2093 3606 2169 ἁγίου
3654 2093 3828 2148 Ilvati-

2174 2200 2340 2252 ματος
2377 2198 2388 2212 ·
2413 2177 2598 2244 καλῶς
2628 2177 2686 2235 δὲ
2705 2180 2765 2234 τὸ
2796 2180 2871 2242 ὠς
2902 2177 3129 2254 Τριάδα,
3160 2178 3347 2249 ἐπειδὴ
3403 2180 3502 2236 οὐκ
3557 2181 3822 2257 ἀριθμὸς,

2170 2265 2317 2322 ἀλλὰ
2393 2265 2518 2338 δόξα
2593 2265 2849 2342 εἷ’ρηται·
2909 2269 3105 2344 Κύριος
3163 2270 3190 2322 ὁ
3243 2269 3372 2331 Θεὸς
3459 2269 3658 2345 Κύριος
3747 2269 3823 2329 εἷς

2171 2356 2331 2412 ἐστιν.

2243 2446 2328 2515 Ἐξ
2387 2447 2452 2514 ἧς
2498 2452 2640 2500 πᾶσα
2686 2446 2906 2522 πατριά.
2941 2445 3175 2518 ΙΙατριὰς
3227 2445 3447 2516 νοητὲον
3498 2446 3591 2510 τὰς
3643 2445 3828 2519 τάξεις

2167 2536 2263 2596 τὰς
2296 2533 2355 2588 ἐκ
2381 2541 2478 2603 τῆς
2538 2535 2852 2609 ὁμοταγίας,
2887 2535 3052 2589 οἱονεὶ
3110 2535 3459 2608 συνημμένας
3517 2533 3827 2605 ἀλλήλαις,

2169 2617 2467 2695 χερουϐὶμ,
2518 2621 2774 2699 σεραφὶμ,
2826 2621 3024 2696 ἀρχὰς,
3083 2620 3320 2690 ἐξουσίας
3353 2640 3365 2652 ·
3419 2621 3500 2698 ἐφ’
3552 2623 3720 2693 ἡμῶν
3772 2619 3829 2676 δὲ

2167 2709 2256 2764 καὶ
2288 2710 2379 2771 τὰς
2408 2711 2794 2782 πνευματικὰς,
2828 2710 2902 2771 ὡς
2933 2715 3203 2784 συγγενεῖς
3235 2727 3248 2741 ⁸
3281 2709 3372 2764 καὶ
3408 2707 3826 2784 ἀλληλουχίας,

2169 2797 2242 2858 ὡς
2271 2793 2439 2866 δηλοῖ
2466 2797 2552 2851 καὶ
2587 2798 2829 2866 Messi}:
2858 2796 2953 2859 τὰς
2984 2797 3316 2871 συγγενείας.

2239 2976 2362 3031 "Ott
2409 2974 2474 3030 τὰ
2521 2970 2651 3029 ὄντα
2691 2975 2880 3030 πάντα.
2908 2976 3088 3033 Πάντα
3133 2975 3200 3030 τὰ
3239 2978 3335 3030 τοῦ
3378 2979 3511 3031 Θεοῦ
3545 2972 3828 3053 δημιουρ-

2170 3065 2237 3138 TIS
2250 3084 2390 3134 ματα
2431 3063 2595 3129 καλὲ,
2625 3064 2714 3117 καὶ
2747 3062 2890 3118 καλὰ
2937 3062 3056 3118 λίαν
3109 3063 3380 3139 γεγόνασι,
3408 3063 3498 3118 καί
3548 3063 3706 3134 εἰσιν,
3745 3066 3827 3142 ἐφ’

425 3156 696 3208 severant
725 3151 783 3208 in
818 3153 1073 3210 naturali
1101 3159 1163 3209 ut
1193 3154 1432 3210 fuerunt
1445 3151 1945 3209 ordinezdeﬂexio
1960 3168 2062 3208 au-

2187 3151 2299 3206 B'cov
2359 3149 2412 3206 ἐν
2471 3155 2540 3225 τῇ
2589 3153 2725 3206 κατὰ
2761 3151 2914 3228 φύσιν
2948 3153 3022 3214 ὡς
3052 3151 3320 3226 γεγόνασι,
3357 3153 3576 3226 μένουσι
3621 3141 3825 3224 τάξειο

422 3245 540 3296 tem
564 3241 638 3296 ab
667 3257 734 3297 eo
765 3241 922 3312 quod
954 3245 1177 3297 naturae
1211 3241 1501 3309 convenit,
1533 3241 1652 3296 sive
1702 3241 1760 3296 in
1817 3239 2066 3312 angelis,

421 3329 542 3385 sive
571 3331 632 3386 in
664 3329 899 3401 animis,
931 3329 1049 3386 sive
1079 3329 1694 3401 iniqualibuscumque
1724 3329 2066 3400 corporibus

419 3418 542 3487 fiat,
574 3418 1075 3490 pulchritudinem
1110 3417 1500 3490 perdit,atque
1529 3419 1602 3473 ab
1626 3433 1694 3472 ea
1715 3417 2063 3488 aberrando,

416 3507 846 3578 turpitudinem
879 3511 1172 3579 operatur.

496 3597 625 3652 Vere
657 3595 1407 3668 integre.Dispensationem
1443 3595 1673 3666 (salutis
1706 3595 1937 3664 nostrae)
1971 3611 2060 3651 re-

415 3689 504 3741 cte
533 3685 640 3742 hoc
673 3684 796 3741 loco
829 3686 1276 3758 exponit,unum
1307 3684 1612 3741 Trinitatis
1643 3684 2064 3756 passum.Nota

413 3789 589 3829 unam
606 3791 994 3846 personarum
1009 3775 1316 3830 nobiscum
1333 3775 1554 3845 integre
1567 3789 1756 3828 comm
1769 3773 2061 3840 unicasse;

415 3863 690 3934 quodque
731 3863 944 3918 dixerit
974 3863 1170 3934 ipsum
1203 3863 1520 3919 Dominum
1555 3867 1822 3918 nostrum
1853 3861 2058 3916 Jesum

411 3949 710 4005 Christum
726 3951 836 4005 sim
844 3949 1295 4022 plicem,deinde
1311 3967 1440 4006 com
1453 3951 1705 4022 positum
1737 3949 2056 4005 humanam

410 4036 842 4092 extremitatem
876 4039 948 4093 ad
981 4040 1242 4110 seipsum
1276 4045 1663 4094 revocantem.
1702 4039 1848 4094 Bene
1886 4037 2062 4107 igitur

412 4121 688 4190 dicimus,
747 4141 930 4179 unum
990 4127 1378 4182 sanctissimae
1427 4125 1730 4182 Trinitatis
1787 4126 1971 4181 fuisse
2000 4126 2060 4180 in

413 4226 603 4266 cruce.
634 4211 752 4266 Hoc
809 4217 901 4268 est
931 4218 1136 4267 contra
1166 4213 1544 4270 Nestorianos
1575 4219 1632 4269 et
1686 4213 2010 4284 Acephalos
2044 4230 2057 4269 :

411 4314 545 4354 ecce
575 4299 986 4368 enim,ait,una
1009 4306 1382 4356 Personarum
1413 4301 1630 4372 integre
1655 4301 1935 4356 nobiscum
1974 4300 2062 4371 (in

410 4388 636 4458 natura)
667 4388 1111 4457 communicavit,
1162 4389 1318 4445 sicut
1367 4389 1507 4444 dicit
1535 4389 1848 4462 Apostolus
1871 4390 1966 4460 (υ),
1999 4389 2061 4444 in

411 4492 518 4568 quo
548 4476 761 4532 habitat
789 4477 968 4533 omnis
995 4478 1285 4549 plenitudo
1327 4477 1644 4534 divini.’atis
1672 4477 2056 4549 corporaliter.
2091 4503 2136 4568 Β

409 4563 527 4619 Hoc
557 4572 753 4620 autem
787 4565 996 4636 integre
1043 4565 1368 4638 intelligere
1396 4567 1498 4623 99
1531 4567 1706 4622 etiam
1739 4571 1827 4622 est
1856 4571 2058 4623 contra

409 4651 839 4723 Apollinarium
870 4670 883 4708 :
916 4653 1171 4710 declarat
1185 4655 1577 4728 enim,ipsum
1601 4657 1920 4728 perfectum
1949 4656 2054 4712 ho-

412 4741 632 4797 minem
664 4743 1084 4813 assumpsisse.

481 4831 545 4885 Et
574 4831 809 4901 sumpsit
856 4831 1208 4888 accessiones.
1269 4833 1498 4888 Patrem
1539 4832 1756 4890 dixisse
1801 4851 2059 4906 proroga-

412 4918 897 4988 tionem,arbitror
925 4936 1052 4976 esse
1085 4937 1426 4976 mensuram
1449 4923 1730 4994 temporis
1761 4939 1875 4995 quo
1901 4923 2060 4979 Chri-

413 5007 629 5062 stusin
661 5025 835 5064 carne
864 5013 1243 5066 conversatus
1269 5013 1378 5065 est.

480 5099 546 5150 Et
575 5096 902 5169 incon/usae.
935 5099 1150 5155 Mansit
1181 5098 1337 5154 enim
1396 5099 1551 5155 idem
1604 5101 1754 5156 Deus
1799 5099 2058 5156 Verbum

413 5183 654 5256 factum,
688 5188 841 5257 quod
873 5205 991 5244 non
1022 5191 1146 5244 erat
1175 5188 1302 5244 sine
1332 5188 1694 5245 confusione.
1719 5193 1868 5245 Nota
1882 5189 2058 5248 etiam

409 5286 521 5415 ron
549 5276 841 5345 confusum
872 5293 906 5332 a
938 5281 1199 5349 tempore
1246 5277 1645 5350 apostolorum
1675 5279 2054 5350 praedicatum

433 5374 614 5415 uisse.

433 5374 614 5416 111886.

2175 3242 2208 3308 ἡ
2260 3236 2317 3294 δὲ
2370 3243 2467 3295 τοῦ
2505 3239 2640 3294 κατὰ
2695 3239 2852 3316 φύσιν
2909 3242 3258 3314 παρατροπὴ,
3291 3237 3401 3296 εἷ’τε
3442 3241 3494 3295 ἐν
3539 3239 3831 3316 ἀγγέλοις,

2176 3327 2282 3383 εἷ’τε
2320 3327 2372 3382 ἐν
2401 3331 2628 3403 ψυχαῖς,
2658 3327 2764 3382 εἴτε
2802 3327 2854 3382 ἐν
2901 3329 3213 3383 ὁποιοισοῦν
3273 3330 3486 3401 σώμασι
3534 3330 3833 3405 γινομένη,

2172 3419 2235 3472 τὸ
2291 3415 2498 3478 καλλος
2555 3414 2852 3489 ἀπόλλυσι,
2887 3419 2974 3472 καὶ
3031 3421 3101 3490 τῇ
3157 3416 3354 3473 τούτου
3411 3417 3708 3494 διαμαρτίᾳ
3766 3419 3833 3475 τὸ

2173 3507 2365 3580 αἶσχος
2397 3503 2747 3580 δημιουργεῖ.

2245 3596 2386 3668 Πρὸς
2445 3593 2703 3664 ἀλήθειαν
2762 3592 2984 3656 ὁλικῶς.
3042 3595 3150 3664 Τὴν
3207 3594 3520 3668 οἴκονομίαν
3598 3595 3833 3663 ἐνταῦθα

2173 3686 2358 3761 φράζει
2388 3682 2598 3751 καλῶς,
2625 3682 2706 3737 ὅτι
2739 3685 2817 3744 εἷς
2855 3685 2954 3752 τῆς
2999 3683 3234 3757 Τριάδος
3286 3679 3466 3740 ἔπαθε.
3501 3687 3834 3758 Σημείωσαι

2173 3771 2229 3827 δὲ
2259 3771 2343 3826 ὅτι
2379 3771 2473 3844 μία
2503 3775 2610 3826 τῶν
2647 3772 2989 3827 ὑποστάσειυν
3023 3775 3160 3845 ἡμῖν
3187 3772 3543 3843 ἐκοινώνησεν
3576 3773 3792 3836 ὁλικῶς
3812 3794 3827 3807 ⁸

2170 3861 2261 3916 καὶ
2300 3860 2382 3915 ὅτι
2435 3859 2593 3915 αὐτὸν
2643 3861 2734 3915 τὸν
2807 3861 3010 3936 Κύριον
3081 3863 3240 3933 ἡμῶν
3302 3863 3512 3932 Ἰησοῦν
3591 3865 3837 3937 Χριστὸν

2173 3946 2379 4003 ἁπλοῦν
2410 3949 2578 4018 εἶπεν,
2613 3949 2727 4003 εἶτα
2756 3949 3002 4012 σύνθετον
3032 3947 3476 4023 ἀνακαλούμενον
3516 3951 3652 4025 πρὸς
3704 3952 3830 4007 ἑαυο

2168 4039 2260 4093 τὸν
2289 4039 2389 4106 τήν
2421 4037 2770 4111 ἀνθρωπίνην
2821 4036 3077 4110 ἆσχστιάν
3109 4057 3122 4071 ο
3165 4036 3349 4100 καλῶς
3407 4037 3496 4094 οὖν
3558 4037 3831 4114 λὲγομεν,

2170 4126 2251 4181 ὅτι
2307 4129 2382 4188 εἷς
2434 4132 2533 4194 τῆς
2588 4125 2744 4201 ἁγίας
2789 4122 3025 4199 Τριάδος
3062 4127 3130 4195 ἦν
3183 4125 3238 4182 ὲν
3265 4125 3347 4199 τῷ
3377 4133 3612 4202 σταυρῷ.
3643 4133 3833 4186 Τοῦτο

2167 4215 2303 4269 κατὰ
2332 4218 2700 4289 Νεστοριανῶν
2733 4215 2820 4269 καὶ
2850 4213 3164 4292 ’Δκεφάλων
3197 4233 3210 4247 ⁸
3241 4212 3363 4270 ἰδοὺ
3392 4217 3515 4290 γὰρ,
3549 4217 3706 4292 φησὶ,
3729 4218 3836 4290 μία

2166 4307 2274 4358 τῶν
2354 4303 2724 4357 Ὑποστάσεων
2799 4301 3007 4366 ὁλικῶς
3078 4305 3213 4377 ἡμῖν
3303 4303 3681 4377 ἐκοινώνησεν,
3751 4306 3836 4369 ὥς

2169 4413 2330 4468 φησιν
2367 4391 2394 4445 ὀ
2425 4391 2783 4461 Ἀπόστολος,
2815 4390 2868 4446 ἐν
2900 4393 2946 4464 ᾦ
2977 4397 3222 4448 κατοικεῖ
3274 4397 3378 4447 πᾶν
3431 4392 3494 4447 τὸ
3537 4392 3839 4470 πλήρωμα

2165 4484 2266 4545 τῆς
2296 4478 2552 4548 θεότητος
2582 4483 3123 4548 σωματικῶς.Τοῦτο
3156 4477 3214 4535 δὲ
3241 4481 3304 4536 τὸ
3333 4479 3537 4543 ὁλικῶς
3568 4481 3660 4536 καὶ
3691 4483 3840 4540 κατᾶ

2167 4566 2597 4641 ἈπολΛιναρίου
2653 4567 2761 4623 ἐστί
2799 4589 2810 4602 ·
2871 4566 3040 4641 δηλοῖ
3096 4571 3198 4646 γὰρ
3251 4567 3462 4626 τὲλειον
3534 4571 3835 4648 ἄνθρωπον

2168 4655 2512 4732 ἀνειληφέναι
2541 4657 2727 4715 αὐτόν.

2238 4835 2335 4890 Καὶ
2368 4836 2665 4909 παράτασιν
2701 4832 2912 4912 εἷ’ληφε.
2946 4833 3024 4891 Τὸ
3054 4836 3352 4912 παράτασιν
3409 4836 3683 4913 εἷρηκέναι
3725 4840 3829 4896 τὸν

2167 4925 2256 4979 τὸν
2318 4922 2547 4999 Πατέρα,
2586 4917 2962 4995 ὑπολαμϐάνω
2989 4924 3050 4978 τὸ
3105 4926 3364 4998 χρονικὸν
3426 4926 3623 5002 μέτρον
3685 4928 3832 4984 εἶναι

2167 5019 2268 5082 τῆς
2299 5011 2349 5066 ἐν
2380 5011 2537 5088 σαρκὶ
2565 5015 2662 5066 τοῦ
2694 5010 2894 5087 Κυρίου
2925 5007 3224 5087 διαγωγῆς.

2241 5101 2338 5155 Καὶ
2397 5101 2725 5174 ἀσυγχύτου.
2783 5101 3000 5172 Ἔμεινε
3053 5101 3157 5175 γὰρ
3231 5101 3390 5162 αὐτὸς
3458 5101 3590 5164 Θεὸς
3649 5104 3843 5180 Λόγος

2169 5189 2478 5267 γενόμενος,
2511 5187 2642 5264 ὅπερ
2701 5187 2800 5242 οὐκ
2846 5189 2913 5256 ἦν
2951 5187 3276 5264 ἀσυγχότως
3310 5210 3323 5224 ·
3357 5191 3449 5244 καὶ
3510 5191 3834 5265 σημείωσαι

2170 5278 2345 5334 ὅτιτὸ
2403 5277 2710 5353 ἀσύγχυτον
2771 5277 2832 5332 ix
2885 5280 2993 5332 τῶν
3045 5275 3426 5334 ἀποπολικῶν
3483 5282 3837 5355 κεκήρυκται

2169 5387 2394 5443 καιρων.

554 5567 622 5639 (ι)
651 5571 676 5622 Ι
706 5569 831 5624 Cor.
867 5583 928 5637 ιι,
961 5571 1049 5625 11.
1082 5571 1147 5640 (t)
1176 5571 1348 5628 Joan.
1380 5589 1518 5641 xm,
1540 5576 1638 5630 22.
1670 5575 1750 5644 (ιι)
1778 5578 1944 5634 Deut.
1976 5592 2054 5645 vr,

2187 5576 2244 5647 ζυ)
2276 5573 2502 5632 Coloss.
2535 5587 2600 5641 ιι,
2629 5573 2686 5630 9.
