4000 6200
219 292 325 346 197

980 300 1039 351 S.
1080 299 1347 352 MAXIMI
1387 295 1691 351 SCHOLIA
1732 295 1804 346 IN
1845 293 1977 344 LIB.
2019 293 2114 344 DE
2154 295 2421 352 DIVINIS
2461 301 2874 361 NOMINIBUS.

3531 322 3632 376 198

288 413 387 468 Καὶ
418 415 517 468 ὅσα
546 412 692 470 ἄλλα
714 415 1028 491 θεουργικά.
1063 416 1358 511 Θεουργικᾶ
1384 416 1548 511 φῶτά.
1586 433 1718 490 φησι
1749 409 1853 511 ’τάι

2055 412 2177 468 Alia
2207 417 2460 485 quaelibet
2504 421 2720 491 dei/ica.
2770 427 2987 486 Deiﬁca
3035 431 3262 491 lumina
3307 444 3495 511 vocat,
3527 444 3629 501 do-

214 499 569 565 διδασκαλίας
597 508 703 558 τῶν
739 503 926 580 ἀγίων,
960 504 1032 567 ὡς
1063 508 1176 582 φῶς
1227 504 1480 580 γνώσεως
1531 499 1866 576 ἐμποιούσας

210 591 301 644 καὶ
336 590 494 654 θεοὺς
508 594 552 628 ⁷ο
580 591 706 654 τοὺς
737 594 1116 665 πειθομένους.

281 680 686 756 Καθηγεμόνων
768 681 988 758 κρυφία.
1057 682 1397 754 Σημείωσαι,
1473 681 1554 736 ὅτι
1622 680 1687 733 τὰ
1743 675 1866 750 περὶ

205 772 314 821 τῶν
372 767 690 841 ἀνηγμένων
754 769 840 824 καὶ
906 770 1037 846 ὑπὲρ
1094 772 1192 839 τήν
1247 775 1354 826 τῶν
1411 767 1636 824 πολλῶν
1695 767 1863 834 ἀκοὴν

207 852 358 923 ὄντα,
419 855 526 910 εἴτε
576 857 699 932 περῖ
729 856 1011 934 Οεολογίας
1036 855 1142 914 εἷ’τε
1170 859 1260 913 καὶ
1288 859 1409 933 περῖ
1452 865 1553 928 τῆς
1594 861 1690 911 τοῦ
1725 863 1864 925 ζωο-

203 948 373 999 ποιοῦ
402 948 539 999 Θεοῦ
568 944 884 1019 οἷκοοομίας
935 945 1176 1026 κρυφίως
1227 944 1584 1022 παρεδίδοσαν
1629 946 1680 999 οἳ
1731 949 1863 1008 θεῖοι

201 1031 557 1101 ἀπόστολοι,
627 1032 1026 1109 μυστηριωδῶς
1079 1035 1556 1096 ἀποκαλύπτοντες
1616 1038 1730 1093 τοῖς
1779 1052 1864 1086 τε·

204 1118 408 1181 λείοις·
447 1121 538 1174 καὶ
589 1121 672 1176 ὅτι
725 1123 784 1177 ἐκ
833 1128 941 1176 τῶν
975 1124 1295 1178 ἀποστόλων
1354 1122 1464 1178 ἐστὶ
1511 1124 1575 1176 τὸ
1622 1119 1864 1196 ἀσυγχύ-

199 1229 307 1269 τως
356 1209 450 1263 καὶ
508 1205 933 1281 ἀμεταϐλήτως,
995 1213 1022 1266 ὃ
1072 1215 1210 1284 εἷπε³
1250 1212 1340 1266 καὶ
1390 1212 1453 1266 τὸ
1482 1215 1577 1265 τοῦ
1608 1209 1740 1265 ὅλου
1772 1209 1862 1264 ἀν-

207 1298 456 1370 θρώπου·
523 1295 609 1352 διὸ
667 1298 818 1354 καὶὸ
877 1299 1238 1370 Ἀπόστολος,
1288 1300 1506 1379 γράφων
1541 1297 1863 1354 Θεσσαλονι-

198 1391 376 1455 κεῦσι,
407 1387 568 1463 φησί,
603 1395 804 1463 χρῆναι
837 1387 1122 1465 φυλάττειν
1159 1388 1378 1461 αὐτοὺς,
1408 1387 1560 1443 ὅσατί
1599 1386 1858 1458 ἤκουσαν,

201 1474 307 1528 εἴτε
338 1472 432 1528 διὰ
463 1473 658 1551 λόγου,
690 1475 795 1532 εἴτε
827 1473 897 1531 δι’
927 1476 1240 1547 ἐπιπολῆς·
1269 1479 1357 1532 καὶ
1388 1476 1639 1551 Τιμοθέῳ
1694 1474 1858 1530 πάλιν

200 1564 532 1637 παραθήκην
568 1563 742 1639 λέγων
778 1562 1070 1621 δεδωκέναι
1119 1565 1172 1621 ἐν
1228 1565 1535 1642 μυστηρίῳ,
1594 1566 1725 1640 ὅπερ
1777 1563 1858 1618 ἐν·

200 1655 366 1715 ταῦθα
397 1651 802 1728 ἐκφαντορικῶς
836 1652 1066 1731 εἴρηται.

269 1742 367 1794 Διά
414 1745 528 1795 τῶν
585 1743 743 1815 ἱερῶν
784 1743 1315 1817 παραπετασμάτων.
1380 1743 1718 1815 Σημείωσαι,
1775 1739 1856 1795 ὅτι

201 1826 249 1880 ἐν
284 1832 386 1900 μιᾷ
414 1829 562 1899 τάξει
627 1828 806 1893 θετέον
862 1833 960 1900 τήν
1019 1851 1076 1885 τε
1134 1829 1286 1904 ἁγίαν
1346 1831 1562 1906 Γραφήν
1614 1828 1705 1882 καὶ
1759 1827 1855 1889 τὰς

196 1920 302 1970 τῶν
362 1914 680 1972 ἐπισκόπων
741 1917 1087 1994 παραδόσεις,
1121 1918 1241 1993 (οὕς
1293 1917 1553 1993 ἱεράρχας
1587 1915 1743 1980 ε’ίωθε
1768 1936 1862 1970 κα-

201 2004 338 2070 λεῖν,
372 2005 450 2066 ὡς
497 2003 771 2080 ἄρχοντας
801 2011 911 2062 τῶν
943 2008 1151 2082 ἱερέων.
1186 2007 1428 2062 τουτὲστι
1487 2001 1860 2082 πρεσϐυτέρων

196 2093 285 2145 καὶ
344 2089 640 2165 διακόνων,
697 2094 787 2148 καὶ
828 2094 1125 2170 πυλωρῶν,
1183 2095 1257 2156 ὥς
1312 2115 1473 2170 φησιν
1507 2093 1559 2148 ἐν
1615 2097 1684 2166 τῇ
1743 2103 1863 2157 καθ’

205 2182 351 2251 ἡμᾶς
381 2181 664 2257 ἱεραρχίᾳ·
708 2183 828 2237 ὅθεν
861 2184 950 2237 καὶ
980 2188 1099 2246 ταῖς
1131 2183 1306 2238 αὐτῶν
1358 2184 1587 2258 χρήσεσι
1617 2182 1741 2256 περί
1795 2182 1863 2236 τὰ

206 2265 452 2345 δόγματα
501 2272 848 2343 πειθόμεθα·)
904 2271 954 2342 ἐξ
986 2271 1084 2342 ὧν,
1115 2273 1271 2348 φησὶ,
1303 2271 1502 2346 λογίων
1560 2272 1625 2325 τὰ
1679 2271 1858 2345 παχύ-

202 2378 326 2431 τερα
353 2364 479 2419 τοῖς
515 2360 860 2434 ὑπερουσίοις
891 2360 1220 2435 περιτίθεται
1254 2358 1341 2415 διὰ
1368 2360 1556 2430 νόησιν
1604 2360 1693 2414 καὶ
1754 2381 1859 2432 μυ-

199 2445 501 2523 σταγωγίαν
535 2449 830 2522 ἡμετέραν·
865 2449 937 2510 ὡς
969 2448 1054 2503 ἐπὶ
1104 2451 1196 2522 μὲν
1231 2449 1385 2518 Θεοῦ,
1446 2448 1570 2503 ὅταν
1603 2447 1858 2524 φαίνηται

198 2535 269 2596 ὡς
301 2535 533 2609 πῦρ,καὶ
567 2536 640 2598 ὡς
671 2538 846 2610 γέρων
881 2536 931 2591 ἐν
964 2537 1190 2606 Δανιὴλ,
1223 2537 1311 2592 καὶ
1344 2538 1417 2599 ὡς
1452 2537 1584 2612 ἀνὴρ
1608 2535 1856 2592 παλαίων

193 2627 272 2693 τῷ
310 2617 535 2696 Ἰακὼϐ,
566 2624 658 2678 καὶ
690 2623 788 2678 ὅσα
835 2629 1076 2680 τοιαῦτα·
1128 2624 1215 2680 ἐπὶ
1248 2622 1305 2680 δὲ
1335 2624 1601 2700 ἀγγέλων,
1661 2624 1734 2685 ὡς
1787 2625 1856 2678 τὰ

195 2707 500 2784 χερουϐὶμ,
563 2713 655 2766 ἀτε
703 2713 794 2766 καὶ
852 2714 1221 2789 θηριόμορφα,
1280 2713 1369 2768 καὶ
1411 2711 1576 2768 ἄλλοι
1607 2712 1657 2767 ἐν
1709 2712 1853 2781 τάξει

195 2796 406 2874 ἀνδρῶν
437 2799 529 2854 καὶ
562 2800 878 2857 νεανίσκων.

268 2995 393 3049 Τῶν
457 2997 725 3067 μεριστῶν
787 2990 1103 3068 συμϐόλων,
1158 2998 1280 3054 ’Ότι
1341 2995 1754 3071 ἀνθρωπολογεῖ
1789 2994 1851 3050 τὸ

196 3086 349 3134 Θεῖοθ
381 3084 418 3150 ἡ
456 3083 643 3156 Γραφή
674 3081 732 3137 ἐκ
757 3088 862 3137 τῶν
891 3082 1243 3158 ἀνθρωπίνων
1299 3083 1429 3138 αὐτὸ
1487 3085 1850 3158 όνομάζουσα,

196 3167 392 3237 πόδας,
474 3170 566 3224 καὶ
649 3176 861 3248 χεῖρας,
943 3173 1033 3226 καὶ
1119 3173 1386 3249 πρόσωπα
1442 3173 1589 3246 αὐτῷ
1644 3194 1849 3247 περιτι-

195 3263 368 3320 θεῖσα.

265 3349 436 3402 ’Ὸταν
486 3345 756 3423 ἄφθαρτοι
793 3390 805 3405 ,
867 3351 986 3402 Ὅτι
1044 3347 1096 3403 ἐν
1146 3353 1214 3422 τῇ
1274 3349 1549 3404 ἀναστάσει
1602 3349 1654 3403 οἱ
1711 3345 1855 3424 ἅγιοι

197 3435 334 3504 μετὲ
391 3436 691 3511 ἀφθαρσίας
720 3437 811 3491 καὶ
856 3438 1136 3499 ἀθανασίας
1163 3444 1263 3507 τῆς
1296 3435 1702 3514 χριστοειδονὺς
1733 3437 1852 3493 τεύ-

194 3523 372 3592 ξονται
418 3526 821 3594 καταστάσεως,
855 3524 1162 3597 λάμποντες
1218 3525 1348 3599 ὑπὲρ
1398 3527 1488 3579 τὸν
1539 3525 1724 3595 ἥλιον,
1781 3527 1854 3588 ὡς

191 3612 280 3664 καὶ
328 3614 356 3665 ὁ
407 3612 626 3686 Κόριος,
686 3613 775 3667 ὅτε
828 3613 878 3666 ἐν
938 3619 1017 3684 τῷ
1065 3610 1178 3689 ὄρει
1241 3616 1661 3689 μετεμορφώθη,
1717 3615 1854 3668 καθά

192 3721 358 3774 φησιν
413 3702 443 3754 ὁ
503 3701 835 3762 Ἀπόστολος
882 3702 1005 3774 περὶ
1055 3707 1164 3756 τῶν
1193 3701 1385 3775 ἁγίων,
1443 3703 1525 3757 ὅτι
1555 3702 1678 3756 τότε
1698 3699 1851 3756 ἔσον-

187 3809 272 3842 ται
357 3790 436 3851 ὡς
516 3790 606 3843 καὶ
686 3789 845 3851 αὐτός
906 3790 1036 3859 ἐστι,
1095 3790 1184 3844 καὶ
1229 3791 1456 3845 πάντοτε
1515 3791 1605 3844 σὺν
1666 3790 1850 3867 Κυρίῳ

192 3873 434 3930 ἔσονται.

258 3967 503 4037 Ὁρατῆς
583 3965 747 4020 αὐτοῦ
817 3965 1144 4044 θεοφανείας.
1215 3967 1531 4040 Σημείωσαι
1603 3966 1686 4020 ὅτι
1757 3966 1848 4020 καὶ

186 4055 248 4107 τὸ
299 4059 448 4118 θεῖον
508 4053 671 4108 αὐτοῦ
729 4059 887 4128 σῶμα
947 4056 1144 4130 ὁρατὴν
1203 4056 1508 4133 Θεοφάνειάν
1537 4077 1720 4133 φησιν,
1771 4055 1846 4118 ὡς

185 4143 324 4195 κατᾶ
350 4142 553 4196 ταύτὸν
575 4142 860 4216 ἁρμόττειν
912 4145 971 4197 τὸ
1027 4143 1188 4218 ῥητὸν
1245 4145 1331 4198 καὶ
1391 4145 1526 4198 κατὰ
1557 4151 1844 4217 Νεστορια-

185 4234 294 4283 νῶν
352 4231 447 4284 καὶ
508 4233 848 4308 Ἀκειράλων,
905 4231 994 4286 καὶ
1049 4236 1157 4286 τῶν
1203 4227 1701 4305 ὑπολαμϐανόντων
1768 4234 1842 4306 μὴ

187 4319 320 4372 εἶναι
379 4319 471 4373 καὶ
522 4324 612 4373 νῦν
667 4319 756 4374 καὶ
809 4316 1014 4375 ἔσεσθαι
1078 4320 1212 4393 μετά
1238 4321 1434 4396 σαρκὸς
1474 4323 1565 4376 τὸν
1627 4321 1842 4396 Κύριον·

184 4406 272 4460 καί
307 4407 390 4460 ὅτι
423 4409 460 4476 ἡ
522 4408 618 4478 μὲν
671 4409 754 4462 τίς
815 4408 954 4462 ἐστιν
1009 4410 1178 4483 ὁρατὴ
1240 4409 1403 4463 αὐτοῦ
1459 4411 1762 4486 θεοφάνεια,
1813 4411 1841 4465 ὃ

1979 501 2240 557 ctrinam
2273 511 2639 577 sanctorum,
2669 512 2830 569 velut
2859 518 3211 588 cognitionis
3261 523 3458 584 lumen
3481 501 3631 587 'efﬁ-

1976 589 2218 659 cientes,
2247 599 2424 666 atque
2456 598 2595 654 deos
2624 615 2724 657 eos
2755 603 2854 674 qui
2887 608 3150 665 credunt.

2048 684 2456 754 Praeceptorum
2468 691 2856 748 arcana.Nota
2871 710 2937 748 ea
2956 712 3080 767 quas
3103 699 3172 754 de
3195 701 3553 765 sublimibus
3570 713 3628 767 et

1976 783 2155 839 supra
2186 771 2340 844 vulgi
2371 780 2607 845 captum
2639 784 2806 835 erant
2832 785 2954 838 sive
2984 802 3309 846 sermonem
3333 792 3404 848 de
3431 794 3627 853 divina

1975 861 2208 926 natura,
2231 861 2349 917 sive
2377 863 2548 920 etiam
2580 866 2651 921 de
2681 867 2890 924 viviﬁci
2916 871 3016 927 Dei
3044 875 3487 947 dispensatione
3517 901 3622 941 seu

1973 942 2372 1006 incarnatione
2403 951 2632 1010 divinos
2663 958 2957 1027 apostolos
3007 942 3233 1020 occulte
3282 969 3620 1045 tradidisse,

1974 1033 2244 1102 perfectis
2292 1041 2571 1111 tanquam
2622 1047 2899 1116 mysteria
2927 1054 2984 1104 et
3027 1069 3238 1109 arcana
3264 1073 3431 1114 sacra
3459 1033 3618 1118 dcte-'-

1972 1124 2195 1192 gendo;
2229 1129 2401 1197 atque
2432 1131 2503 1185 ab
2534 1133 2817 1202 apostolis
2847 1151 3174 1212 emanasse,
3226 1147 3382 1215 quod
3428 1149 3614 1206 dixit:

1970 1211 2084 1265 Non
2114 1221 2335 1285 con/use
2361 1223 2413 1272 et
2438 1220 2882 1295 immulabiliter,
2907 1231 2962 1280 et
2984 1211 3189 1301 integri
3207 1211 3473 1293 hominiis
3489 1256 3509 1300 ,°
3535 1238 3618 1294 id-

1971 1314 2154 1370 eoque
2179 1304 2497 1374 Apostolus
2556 1311 2820 1368 scribens
2851 1314 3481 1381 Thessalonicensibus
3513 1327 3617 1394 ait,

1970 1393 2234 1457 oportere
2265 1391 2426 1462 ipsos
2466 1411 2696 1453 servare
2726 1416 2850 1470 quas
2882 1404 3210 1476 audierant,
3243 1412 3355 1466 sive
3377 1428 3478 1483 per
3503 1430 3618 1469 ser-

1968 1478 2320 1546 mo-nem,sive
2335 1498 2438 1553 per
2456 1487 2740 1556 epistolam
2756 1489 2923 1560 (x),et
2943 1492 3249 1552 Timotheo
3272 1478 3510 1556 rursum
3529 1502 3617 1558 di-

1968 1577 2104 1618 cens
2130 1565 2434 1654 depositum
2454 1571 2664 1630 dedisse
2681 1577 2740 1631 in
2763 1580 3027 1650 mysterio
3048 1583 3310 1654 (y),quod
3333 1586 3428 1644 hic
3448 1589 3618 1646 inter-

1963 1653 2272 1721 pretatione
2301 1658 2467 1714 dixit.

2041 1741 2416 1804 Velaminibus
2445 1752 2772 1820 quibusdam
2802 1759 2996 1812 sacris.
3042 1759 3187 1818 Nota
3216 1762 3274 1818 in
3309 1781 3427 1820 uno
3460 1767 3615 1824 ordi-

1976 1845 2046 1885 ne
2077 1837 2410 1903 ponendum
2441 1843 2497 1893 et
2527 1847 2793 1900 sanctam
2822 1845 3182 1918 Scripturam
3203 1856 3260 1907 et
3278 1853 3618 1913 traditiones

1972 1918 2375 1993 episcoporum
2415 1929 2590 1999 (quos
2634 1947 2841 1988 vocare
2891 1936 3040 1992 solet
3095 1938 3618 2011 hierarchas,tan-

1972 2023 2150 2078 quam
2183 2014 2554 2071 sacerdotum
2587 2018 2976 2092 principes,id
3008 2030 3120 2092 est,
3147 2030 3618 2103 presbyterorum

1971 2100 2028 2151 et
2053 2097 2526 2173 diaconorum,et
2556 2107 3126 2180 ostiariorum,sicut
3149 2097 3298 2172 dicit
3326 2117 3384 2175 in
3418 2125 3620 2178 nostra

1970 2183 2332 2246 hierarchia:
2368 2192 2613 2266 ideoque
2642 2196 2905 2267 ipsorum
2959 2204 3268 2261 sententiis
3299 2207 3452 2262 circa
3477 2209 3619 2282 dog-

1969 2279 2123 2330 mata
2154 2279 2495 2353 credimus),
2515 2299 2582 2337 ex
2612 2285 2849 2355 quibus,
2873 2288 3084 2361 inquit,
3111 2293 3426 2365 Scripturis
3457 2314 3618 2353 cras-

1968 2360 2124 2416 siora
2157 2363 2278 2418 vela
2311 2382 2412 2436 per
2442 2371 2824 2439 cogitationes
2855 2382 2911 2430 et
2941 2360 3229 2434 occultam
3262 2383 3476 2438 mentis
3509 2401 3618 2439 no-

1968 2455 2099 2504 stras
2122 2452 2499 2511 elevationem
2521 2458 3044 2533 circumponuntur
3066 2467 3138 2521 iis
3160 2484 3287 2538 qua;
3301 2473 3617 2528 essentiam

1965 2547 2337 2611 superant,ut
2350 2545 2406 2598 in
2423 2544 2798 2617 Deo,quando
2813 2558 3079 2623 appartet
3093 2558 3366 2628 tanquam
3381 2559 3620 2631 ignis,et

1965 2627 2118 2683 sicut
2149 2645 2323 2685 senex
2347 2631 2404 2686 in
2437 2633 2888 2711 Daniele,atque
2919 2641 3072 2698 sicut
3101 2644 3187 2698 vir
3215 2627 3449 2704 luctans
3479 2665 3614 2705 cum

1961 2717 2161 2788 Jacob,
2193 2723 2250 2773 et
2279 2737 2642 2795 quaecunque
2687 2726 2864 2794 talia;
2915 2729 2974 2784 in
3025 2733 3248 2804 angelis
3300 2740 3517 2808 autem,
3550 2741 3616 2794 ut

1962 2805 2264 2862 cherubim
2299 2809 2454 2864 sicut
2483 2811 2727 2869 ferinam
2776 2815 3024 2874 formam
3075 2826 3396 2897 gestantes,
3427 2830 3485 2882 et
3501 2805 3613 2883 alii

1962 2894 2021 2949 in
2053 2896 2257 2951 ordine
2286 2897 2543 2954 virorum
2573 2906 2630 2956 et
2659 2903 3122 2967 adolescentum.

2034 2983 2408 3041 Dividuorum
2436 2988 3114 3066 signorum.Scripturam
3147 2997 3395 3071 loquide
3417 3001 3616 3060 divina

1965 3077 2490 3147 natura,tanquam
2525 3079 2574 3133 si
2606 3085 2762 3136 esset
2792 3081 3143 3151 homo,dum
3169 3088 3221 3144 ei
3243 3089 3314 3144 ab
3335 3089 3615 3149 humanis

1966 3178 2177 3218 nomen
2213 3162 2498 3236 impertit,
2533 3169 2710 3238 pedes
2742 3176 2800 3226 et
2830 3181 3260 3248 manus,atque
3294 3178 3469 3235 facies
3500 3180 3616 3253 ipsi

1965 3249 2437 3322 circumponens.

2036 3339 2268 3405 Quando
2317 3341 2782 3415 incorruptibiles.
2824 3352 3064 3407 Sanctos
3094 3352 3151 3407 in
3185 3355 3614 3413 resurrectione

1965 3428 2246 3485 fruituros
2278 3446 2411 3485 cum
2445 3431 2883 3506 incorruptione
2908 3447 2961 3493 el
2992 3439 3432 3500 immortalitate
3453 3448 3613 3501 statu

1962 3517 2142 3572 simili
2173 3519 2301 3588 ejus
2332 3536 2504 3589 quem
2536 3523 2802 3580 Christus
2828 3524 3087 3593 habebit,
3122 3529 3383 3586 lucentes
3433 3551 3615 3606 supra

1961 3607 2170 3675 solem,
2203 3609 2355 3663 sicut
2384 3610 2558 3665 etiam
2592 3612 2876 3668 Dominus
2900 3617 3049 3670 100
3070 3621 3308 3688 quando
3334 3621 3392 3675 in
3417 3627 3614 3678 monte

1961 3695 2416 3751 transformatus
2442 3702 2550 3763 est,
2569 3702 3065 3770 quemadmodum
3098 3707 3414 3776 Apostolus
3439 3709 3521 3764 ait
3541 3711 3613 3765 de

1960 3783 2200 3848 sanctis,
2236 3786 2391 3856 quod
2424 3790 2566 3841 tunc
2598 3797 2768 3843 erunt
2815 3790 2968 3845 sicut
3016 3797 3072 3847 et
3119 3792 3246 3864 ipse
3292 3800 3399 3866 est,
3433 3801 3609 3868 atque

1959 3887 2194 3943 semper
2224 3889 2359 3928 cum
2391 3874 2638 3930 Domino
2673 3879 2962 3949 erunt(z).

2037 3961 2273 4016 Visibilis
2303 3961 2592 4033 ipsiusmet
2612 3965 2708 4020 Dei
2730 3969 3121 4037 apparitionis.
3154 3969 3306 4025 Nota
3330 3973 3487 4044 quod
3515 3975 3605 4030 di-

1955 4048 2157 4104 vinum
2190 4048 2378 4120 ipsius
2422 4067 2657 4124 corpus,
2689 4053 2978 4110 visibilem
3028 4057 3126 4112 Dei
3177 4060 3604 4130 apparitionem

1956 4138 2132 4203 dicat,
2153 4143 2215 4194 ut
2243 4156 2311 4194 ex
2341 4140 2544 4196 eodem
2579 4146 2811 4214 aptetur
2843 4145 3138 4201 sententia
3181 4152 3238 4203 et
3268 4154 3470 4204 contra
3501 4150 3604 4208 Ne-

1955 4227 2246 4284 storianos
2276 4233 2332 4284 et
2361 4229 2708 4301 Acephalos,
2730 4235 2788 4287 et
2815 4248 2914 4288 eos
2945 4234 3045 4304 qui
3077 4235 3442 4293 arbitrantur
3497 4244 3606 4296 Do-

1957 4317 2184 4371 minum
2218 4333 2402 4387 neque
2433 4317 2607 4373 modo
2640 4335 2788 4384 esse,
2823 4336 3010 4391 neque
3043 4322 3305 4380 futurum
3330 4342 3460 4380 cum
3486 4343 3608 4382 car-

1954 4421 2025 4459 ne
2050 4423 2063 4460 :
2098 4410 2272 4477 atque
2305 4423 2483 4461 unam
2513 4422 2641 4463 esse
2689 4407 2969 4464 visibilem
2998 4411 3124 4481 ejus
3153 4411 3255 4466 Dei
3283 4414 3601 4483 apparitio-

184 4494 330 4549 ἐστιν
394 4498 431 4564 ἡ
486 4495 865 4570 ἐμψυχωμένη
916 4496 1062 4570 σάρξ·
1125 4499 1159 4567 ἠ
1223 4494 1492 4566 δὲνοητή,
1538 4498 1659 4567 ἥτις
1708 4501 1841 4554 κατά

1973 4509 2095 4563 wm,
2128 4493 2371 4550 alteram
2418 4512 2552 4550 vero
2603 4496 2947 4567 spiritalem,
2999 4515 3123 4568 quae
3172 4503 3298 4554 tum
3348 4518 3381 4556 a
3429 4501 3598 4558 nobis

181 4588 310 4637 νοῦν
365 4582 517 4638 ἔσται
581 4586 715 4657 ἡμῖν
782 4588 1008 4656 μεθεκτή
1067 4585 1189 4640 τότε
1242 4584 1623 4660 τελειοτὲρως.
1681 4590 1832 4641 Ὅθεν

178 4671 597 4748 ἐπιστραφέντες
629 4674 762 4746 πρὸς
807 4675 956 4742 Θεὸν,
1015 4673 1211 4737 ἐκεῖθεν
1271 4675 1492 4736 τελείως
1550 4673 1840 4748 ἐλλαμπό-

181 4782 378 4833 μενοι,
443 4760 693 4823 ἐνοειδῶς
749 4761 802 4816 ’ἐν
864 4763 1170 4835 γενώμεθα,
1229 4762 1675 4836 ἐλευθερωθέντες
1730 4770 1836 4820 τῶν

175 4851 318 4904 κατᾶ
376 4849 615 4903 σύνθεσιν
646 4852 978 4924 ἑτεροτήτων
1013 4853 1194 4924 ἡμῶν,
1227 4851 1357 4926 ὅπερ
1391 4849 1557 4923 δηλοῖ
1588 4854 1683 4915 τὰς
1708 4874 1840 4908 κοσ-

177 4940 346 5009 μικὰς
381 4938 656 5008 αἰσθήσεις
686 4941 777 4993 καὶ
810 4939 1118 5012 ἐπιθυμίας.

245 5029 339 5081 Ἐν
401 5029 650 5102 θειοτέρα
711 5031 963 5101 μιμήσει.
1027 5029 1308 5103 Θειοτέραν
1365 5031 1596 5102 μίμησιν
1655 5030 1839 5106 ε’ίρηκι

169 5118 272 5183 τήν
325 5111 712 5192 ἀκριϐεστέραν
763 5116 852 5170 καὶ
901 5116 1232 5190 Θελεωτέραν
1263 5119 1571 5190 σημαίνῶν,
1620 5119 1694 5182 ὡς
1749 5119 1838 5174 καὶ

167 5207 261 5257 νῦν
296 5203 726 5279 ἀγγελοπρεπὴς
757 5204 785 5257 ὁ
814 5208 919 5257 τῶν
945 5203 1113 5278 ἀγίων
1151 5205 1270 5278 βίος
1330 5203 1380 5258 ἐν
1437 5208 1504 5278 τῇ
1562 5210 1658 5259 τοῦ
1705 5211 1836 5261 Θεοῦ

239 5331 326 5403 (at)
361 5330 413 5387 II
446 5329 652 5386 Thess.
687 5346 757 5398 II,
794 5330 874 5386 14.
952 5330 1031 5402 (y)
1064 5329 1114 5386 II
1139 5329 1288 5386 Tim.
1323 5347 1362 5402 ι,
1399 5334 1482 5388 12.

1950 4583 2264 4654 perfectius
2290 4587 2482 4638 mente
2501 4585 2964 4656 participabitur;
2985 4587 3139 4642 unde
3156 4588 3228 4642 ad
3251 4587 3435 4644 Deum
3459 4605 3598 4645 con-

1948 4672 2100 4727 versi
2124 4671 2284 4726 illinc
2306 4672 2555 4742 perfecte
2578 4671 3253 4743 illustrati,uniiormiter
3275 4693 3457 4732 unum
3480 4678 3593 4732 eri-

1902 4760 1904 4763 ’
1951 4776 2103 4826 mus,
2145 4759 2372 4814 liberati
2398 4777 2429 4813 a
2451 4759 2892 4816 diversitatibus
2925 4765 3144 4819 nostris
3177 4780 3302 4834 quae
3333 4780 3402 4819 ex
3432 4782 3591 4821 com-

1949 4847 2237 4920 positione
2285 4847 2578 4915 oriuntur,
2609 4849 2764 4921 quod
2813 4849 3088 4923 declarat,
3119 4853 3423 4909 mundanas
3467 4870 3591 4910 sen-

1946 4953 2037 4992 sus
2066 4944 2116 4992 et
2143 4936 2491 5008 cupiditates.

2017 5027 2077 5080 In
2108 5026 2386 5081 diviniore
2426 5025 2759 5080 imitatione.
2794 5026 3151 5082 Diviniorem
3201 5027 3588 5088 imitationem

1946 5114 2112 5183 dixit,
2140 5119 2468 5170 accuratam
2492 5114 2682 5184 magis
2703 5117 2758 5167 et
2781 5115 3181 5184 perfectiorem
3205 5116 3547 5187 significans
3572 5145 3588 5189 ;

1947 5204 2100 5258 sicut
2115 5204 2290 5258 etiam
2315 5219 2469 5257 nunc
2492 5206 2581 5256 est
2601 5200 2790 5272 angeli
2813 5202 3049 5274 propria
3077 5208 3418 5262 sanctorum
3449 5206 3590 5278 vita,

1562 5331 1630 5402 (π)
1664 5331 1686 5387 1
1717 5331 1923 5388 Thess.
1956 5347 2034 5399 IV,
2070 5330 2154 5385 16.

1197 5471 1432 5530 νΔΒΙΛΕ
1466 5472 1854 5531 LECTIONES
1893 5473 1983 5529 ET
2022 5464 2571 5529 CORRECTIONES.

651 5562 694 5599 τι
729 5557 782 5615 ἃ,

242 5565 287 5601 το
316 5559 570 5626 θεοόσας.
