4000 6200
404 295 509 352 499

1219 292 1584 346 APPENDIX
1630 291 1725 342 AD
1762 289 2002 344 OPERA
2039 293 2094 344 S.
2137 289 2450 344 DIONYSII
2488 290 2986 348 AREOPAGITJE.
3042 365 3048 374 '

3701 291 3804 347 200

402 417 464 472 in
487 416 588 472 Dei
615 415 787 471 laude
809 419 866 469 et
887 413 1215 470 carnalium
1247 415 1605 483 contemptu,
1641 409 1749 466 etsi
1774 427 1887 465 non
1920 426 2034 466 om-

2161 408 2353 464 αἰνέσει
2383 409 2472 464 καὶ
2509 410 2774 484 ὑπεροψίᾳ
2801 416 2908 466 τῶν
2941 415 3234 487 σαρκικῶν,
3263 412 3358 466 κᾶν
3409 411 3469 466 οὗ
3526 412 3803 468 παντελεῖο

405 505 670 574 nimode;
712 504 961 575 ideoque
989 501 1239 558 imitatio
1270 500 1650 567 moderatior;
1691 503 1816 555 tum
1850 503 2048 554 autem

403 594 558 667 quod
592 594 914 666 perfectum
945 591 1129 658 est,in
1166 590 1256 645 his
1279 588 1601 662 apparebit.

475 681 922 753 Intelligibilium
937 680 1391 752 spectaculorum.
1411 679 1526 733 Nos
1544 693 1611 732 ex
1630 675 1813 749 signis
1833 675 2048 732 intueri

401 770 713 845 spiritalia,
747 787 873 842 quae
905 769 1142 842 angelos
1173 770 1454 837 tangunt;
1502 765 1572 821 de
1620 764 1841 831 angelis
1890 764 2042 819 enim

399 861 685 933 loquitur,
709 860 864 915 sicut
894 859 1150 913 declarat
1181 857 1356 912 etiam
1380 871 1513 910 eum
1536 870 1740 910 vocare
1763 855 1921 925 ipsos
1944 852 2047 908 Dei

404 949 657 1006 similes:
713 964 890 1020 supra
936 963 1068 1002 vero
1101 946 1158 1000 in
1189 945 1339 1000 libro
1369 947 1443 1000 De
1469 943 1679 1001 caelesti
1729 941 2048 998 hierarchia

399 1038 658 1094 declarat
677 1038 866 1109 signa,
892 1053 1016 1108 qua:
1038 1035 1198 1107 ipsos
1221 1037 1513 1106 spectant;
1538 1032 1830 1088 connectit
1849 1035 2044 1086 autem

399 1144 557 1182 nunc
586 1125 762 1181 etiam
794 1141 860 1180 ea
886 1140 1012 1195 quae
1044 1123 1227 1178 Deum
1255 1125 1635 1178 concernunt.

471 1215 748 1270 Sedantes.
767 1211 1173 1284 Requietionem
1194 1209 1554 1281 intelligentia
1584 1208 1847 1280 efﬁcaciae
1878 1206 2044 1277 dixit,

398 1303 737 1372 signiﬁcans
761 1300 968 1356 divinis
991 1305 1212 1356 naturae
1235 1296 2000 1370 incomprehensibilitatem
2027 1316 2042 1365 ;

398 1390 542 1446 nihil
577 1390 732 1446 enim
764 1405 963 1446 eorum
997 1406 1124 1461 quae
1155 1387 1336 1458 hujus
1365 1391 1526 1454 sunt,
1547 1385 1808 1441 motione
1832 1385 2046 1440 mentis

397 1479 939 1552 comprehenditur,
970 1482 1073 1534 aut
1111 1478 1183 1532 ad
1227 1476 1485 1548 aliquam
1535 1474 1902 1530 confessione
1951 1489 2042 1528 re-

397 1573 626 1637 ceptam
657 1572 715 1624 et
745 1566 1116 1622 manifestam
1147 1563 1588 1637 persuasionem
1626 1561 1896 1632 cogitatio
1927 1562 2044 1617 fer-

397 1662 510 1728 tur,
530 1657 682 1712 circa
714 1652 1632 1727 incomprehensihilitatem,quaa
1655 1649 1888 1723 propria
1904 1665 2042 1721 ope-

395 1745 638 1801 rationis
669 1744 995 1800 cessatione
1021 1740 1560 1814 comprehenditur.

465 1833 747 1905 Ineffabili
799 1832 954 1887 modo
1007 1829 1474 1902 praeexstiterunt.
1510 1827 1660 1885 Illud
1693 1826 2036 1899 przexstite-

394 1921 885 1993 runt,intelligere
915 1919 1273 1975 studendum
1298 1921 1420 1986 est;
1448 1917 1646 1973 omnia
1677 1916 1831 1972 enim
1865 1931 2041 1986 opera

394 2010 699 2082 sequentia
728 2009 1003 2066 declarat.
1039 2010 1121 2063 Ex
1168 2008 1277 2063 hoc
1325 2006 1614 2078 siquidem
1665 2003 2036 2074 intelligitur,

395 2099 687 2170 quomodo
733 2097 881 2151 dixit
928 2097 1266 2168 Apostolus,
1302 2111 1410 2150 nos
1462 2095 1520 2148 in
1575 2098 1687 2148 Deo
1741 2108 1868 2148 esse
1912 2095 2040 2146 ante

391 2187 590 2244 mundi
599 2186 1043 2244 constitutionem
1058 2184 1472 2256 (a).Sciendum
1487 2180 2041 2254 itaque,productio-

393 2293 523 2334 nem
551 2277 956 2332 universorum
988 2275 1312 2332 secundum
1345 2289 1585 2329 causam
1609 2277 1664 2327 et
1680 2270 2037 2344 principium

391 2367 464 2422 ab
487 2382 554 2422 eo
577 2366 852 2438 pendere,
875 2363 1345 2438 quandoquidem
1377 2377 1469 2418 res
1492 2377 1697 2418 omnes
1719 2376 1822 2432 per
1840 2359 2037 2432 ipsum

390 2453 694 2522 exsistant,
726 2452 1110 2524 probabiliter
1138 2451 1310 2506 etiam
1343 2455 1660 2521 antequam
1693 2449 2041 2503 exsisterent

389 2559 492 2615 per
519 2544 645 2613 eius
677 2540 1188 2612 inconceptibilem
1217 2539 1600 2608 voluntatem,
1626 2538 1686 2592 in
1724 2538 1850 2609 ipso
1889 2553 2038 2607 quo-

389 2648 503 2703 que
554 2635 690 2687 ante
737 2629 1097 2699 constitisse,
1122 2629 1342 2684 sciente
1372 2632 1430 2683 et
1459 2627 1610 2698 quod
1649 2627 1949 2697 producet,
1983 2628 2039 2679 et

388 2719 623 2791 quando
652 2719 952 2791 producet.
1002 2718 1151 2771 Ante
1194 2715 1405 2772 saecula
1435 2715 1617 2787 igitur
1646 2714 1705 2768 in
1737 2714 1864 2784 ipso
1896 2729 2037 2784 prae-

387 2808 624 2878 cognita
644 2815 773 2862 anle
797 2805 1209 2873 constiterunt,
1231 2806 1376 2859 101
1411 2803 1753 2875 priusquam
1773 2803 1902 2871 ejus
1924 2799 2038 2871 spi-

387 2894 578 2950 ritalia
609 2895 1071 2966 producerentur
1093 2909 1218 2964 quae
1243 2896 1383 2947 sunt
1404 2889 1638 2955 saecula,
1662 2894 1718 2945 et
1749 2893 1880 2944 ante
1910 2905 2036 2943 om-

283 3053 286 3055 ,
387 3000 520 3038 nem
554 2982 727 3038 aliam
761 2987 1084 3038 creaturam
1117 2981 1350 3053 cognita
1380 2979 1510 3051 ipsa
1539 2980 1788 3047 fuerant,
1811 2994 1878 3033 ea
1907 2993 2035 3048 qua

386 3073 607 3139 futura,
650 3075 714 3126 ut
765 3071 987 3126 dictum
1043 3073 1157 3126 est:
1193 3070 1525 3138 Cognoscens
1566 3069 1758 3122 omnia
1788 3071 1915 3121 ante
1944 3082 2035 3134 ge-

383 3132 723 3218 nerationem
743 3161 1109 3234 ipsorum(b):
1133 3132 1455 3216 etiterum:
1487 3159 1791 3229 Antequam
1822 3132 2032 3229 forena-
2065 3132 2108 3198 (ἶ

382 3267 498 3306 rem
527 3255 580 3306 te
607 3250 664 3305 in
698 3259 874 3315 utero,
905 3249 1034 3304 novi
1061 3253 1112 3304 te
1140 3249 1233 3320 (ο).

455 3339 560 3408 Qui
586 3355 684 3395 nec
710 3338 948 3410 cogitari
978 3341 1169 3410 potest.
1206 3337 1292 3391 Ita
1338 3335 1494 3390 enim
1545 3334 1807 3406 loquitur
1857 3332 2031 3388 etiam

381 3427 695 3500 Gregorius
752 3426 1084 3499 theologus,
1145 3424 1467 3497 explanans
1535 3423 1678 3478 illud
1729 3421 2029 3493 vulgatum

382 3517 734 3588 [Graecorum
766 3516 991 3571 dictum
1034 3517 1140 3586 7‘]:
1195 3519 1378 3570 Deum
1433 3511 1759 3584 intelligere
1790 3510 2029 3583 quidem

378 3605 776 3678 impossibile;
809 3605 1000 3676 eloqui
1034 3608 1228 3660 autem
1263 3601 1630 3674 impossibile
1662 3600 1872 3672 magis.

453 3696 517 3750 Et
546 3694 949 3751 universorum.
982 3697 1128 3750 Cum
1162 3691 1434 3747 dixisset:
1469 3690 1627 3746 Fines
1653 3688 2029 3758 coynitionu‘m

379 3783 881 3855 quaeessentiarum
896 3785 1023 3839 sunt
1033 3785 1082 3838 et
1100 3781 1671 3851 virtutum,eumdem
1687 3780 1893 3851 repetit
1905 3794 2031 3834 ser-

382 3889 798 3944 nomen,quem
823 3878 998 3928 antea
1018 3887 1251 3942 quoque
1282 3871 1532 3924 dixerat:
1560 3869 1753 3924 Omnes
1782 3866 2028 3922 omnium

381 3962 761 4028 cognitionum
792 3959 1037 4014 termini.
1074 3963 1185 4012 Aut
1215 3958 1398 4031 igitur
1445 3973 1544 4027 per
1593 3962 1900 4027 utramque
1932 3971 2027 4010 vo-

383 4062 509 4100 cem
542 4046 842 4117 supponit,
863 4047 1018 4118 quod
1051 4047 1226 4102 etiam
1257 4049 1391 4102 ante
1424 4045 1679 4117 positum
1727 4045 1935 4113 fuerat,
1967 4044 2026 4098 in

386 4139 498 4189 Deo
540 4149 775 4188 omnem
825 4134 1215 4207 cognitionem
1267 4133 1456 4202 otiari,
1489 4141 1542 4188 et
1593 4134 1767 4188 finem
1815 4133 2029 4188 habere

384 4221 579 4278 omnis
609 4221 884 4278 motionis
914 4227 1151 4295 propter
1180 4222 1389 4278 divinas
1424 4225 1645 4277 naturae
1687 4221 2026 4292 incompre-

385 4310 865 4378 bensihilitatem,
901 4329 1027 4384 quae
1075 4327 1308 4383 semper
1365 4316 1422 4365 et
1480 4327 1591 4365 non
1647 4310 1703 4364 in
1767 4315 2028 4381 tempore

383 4398 538 4455 circa
567 4399 757 4471 ipsam
788 4400 1050 4468 videtur;
1080 4404 1182 4456 aut
1210 4398 1425 4471 potius,
1453 4399 1585 4454 finis
1615 4402 1670 4453 et
1691 4398 2027 4454 terminatio

2071 1776 2118 1840 B

2161 494 2244 551 διὸ
2270 497 2360 552 καὶ
2389 498 2456 552 τὰ
2482 505 2583 567 τῆς
2610 501 2892 572 μιμήσεως
2921 499 3401 576 μετριώτερα’τότε
3432 497 3491 555 δὲ
3517 501 3580 556 τὸ
3594 501 3804 557 τέλειον

2157 585 2208 639 έν
2240 586 2455 658 τούτοις
2487 589 2800 665 φανήσεται.

2227 676 2347 732 Τῶν
2378 680 2593 745 νοητῶν
2645 677 2948 749 θεαμάτων.
2997 678 3123 734 ’Ὁτι
3171 677 3232 732 ὲκ
3257 681 3365 732 τῶν
3395 673 3692 751 συμϐόλων
3741 680 3807 733 τὰ

2156 763 2279 837 περὶ
2307 763 2548 840 ἀγγέλων
2579 767 2749 835 νοητά
2787 764 3177 838 ἐποπτεύομεν·
3237 766 3361 840 περί
3393 765 3498 842 γὰρ
3557 766 3803 842 ἀγγέλων

2157 853 2340 929 φησῖν,
2371 854 2446 915 ὡς
2478 851 2646 924 δηλοῖ
2672 854 2761 908 καὶ
2790 854 2852 908 τὸ
2879 853 3056 929 λέγειν
3091 853 3285 917 αὐτοὺς
3327 853 3604 918 θεοειδεῖς.
3658 858 3804 912 Ἀνω

2157 937 2214 995 δὲ
2237 940 2326 996 καί
2377 944 2443 996 τὰ
2498 943 2621 1018 περὶ
2680 942 2853 997 αὐτῶν
2911 937 3164 1016 σύμϐολα
3221 941 3388 1015 δηλοῖ
3433 942 3486 999 ἐν
3544 949 3625 1016 τῷ
3668 945 3803 1021 Περὶ

2152 1036 2251 1099 τῆς
2305 1029 2555 1105 οὐρανίας
2613 1030 2915 1106 ἱεραρχίας·
2977 1032 3228 1087 συνάπτει
3288 1029 3347 1086 δὲ
3403 1036 3496 1087 νῦν
3527 1033 3616 1087 καὶ
3675 1035 3804 1108 περὶ

2156 1122 2309 1174 Θεοῦ.

2225 1207 2624 1270 ’Λποπαῦοντες
2657 1250 2670 1264 .
2749 1207 3076 1265 Ἀπόπαυσιν
3135 1216 3234 1279 τῆς
3293 1215 3482 1286 νοερᾶς
3537 1210 3807 1286 ἐνεργείας

2155 1295 2289 1366 εἶπε,
2339 1296 2620 1369 σημαίνων
2668 1297 2730 1352 τὸ
2786 1305 2885 1368 τῆς
2943 1297 3085 1360 θείας
3138 1299 3346 1376 φύσεως
3389 1297 3802 1370 ἀκατάληπτον

2155 1383 2306 1439 οὐδὲν
2338 1385 2439 1462 γὰρ
2467 1390 2575 1440 τῶν
2605 1386 2806 1456 ταύτης
2832 1390 2901 1452 τῇ
2933 1389 3139 1457 κινήσει
3170 1391 3265 1441 τοῦ
3295 1391 3391 1442 νοῦ
3439 1383 3807 1462 καταλαμϐά-

2151 1494 2317 1546 νεται,
2350 1475 2385 1545 ἢ
2415 1474 2550 1549 πρός
2580 1496 2699 1529 τινα
2729 1476 3186 1550 ὁμολογουμένην
3229 1475 3320 1531 καὶ
3349 1478 3552 1550 τρανὴν
3581 1476 3803 1554 πληρο-

2152 1562 2343 1640 φορίαν
2375 1565 2409 1632 ἡ
2440 1563 2626 1634 νόησις
2658 1564 2896 1641 φέρεται,
2925 1565 3072 1638 παρὰ
3103 1565 3166 1619 τὸ
3198 1564 3609 1636 ἀκατάληπτον,
3667 1568 3803 1640 ὅπερ

2149 1655 2217 1724 τῇ
2245 1651 2423 1722 οἰκείᾳ
2452 1651 2798 1727 ἀνενεργησίᾳ
2823 1647 3320 1726 καταλαμϐάνεται.

2217 1829 2630 1906 Ὑπεραρῥήτως
2714 1831 3093 1910 προϋφέστηκε
3127 1875 3140 1888 .
3233 1833 3310 1889 Τὸ
3385 1834 3801 1909 προοϋφέστηκε

2147 1915 2508 1973 σπουδαστέον
2555 1925 2771 1989 νοῆσαι·
2829 1921 2897 1974 τὰ
2921 1922 3023 1995 γὰρ
3068 1917 3196 1997 ἔργα
3223 1924 3268 1958 τ²
3313 1923 3486 1976 πάντα
3519 1920 3806 1998 διατρανοῖ

2149 2006 2358 2084 ἐφεξῆςο
2419 2005 2478 2061 ἐκ
2523 2007 2722 2062 τούτου
2777 2010 2956 2064 τοίνυν
3015 2012 3366 2081 νοηθήσεται,
3423 2015 3539 2073 πῶς
3572 2034 3741 2088 φησιν
3777 2016 3804 2069 ὁ

2150 2094 2506 2165 Ἀπόστολος,
2565 2094 2614 2150 ἐν
2672 2101 2752 2168 τῷ
2807 2101 2925 2169 Θεῷ
2973 2097 3102 2151 εἶναι
3142 2101 3291 2171 ἡμᾶς
3334 2100 3440 2174 πρὸ
3481 2095 3803 2171 καταϐολῆς

2146 2183 2392 2256 κόσμου.
2455 2182 2646 2240 Ἰστέον
2703 2185 2815 2254 οὗν,
2874 2186 2948 2247 ὡς
3004 2193 3104 2255 τῆς
3156 2185 3402 2242 ἀπάντων
3455 2197 3803 2266 παραγωγῆς

2146 2272 2362 2327 κατὰτὸ
2419 2269 2589 2326 α’ίτιον
2646 2273 2736 2327 καὶ
2791 2274 2890 2342 τὴν
2947 2274 3126 2348 ἀρχὴν
3156 2273 3320 2330 αὐτοῦ
3369 2276 3803 2351 ἀπηρτημένης,

2147 2358 2335 2429 ἐπειδὴ
2367 2361 2432 2415 τὰ
2461 2356 2589 2416 ὄντα
2644 2362 2817 2416 πάντα
2874 2362 2925 2432 ἐξ
2959 2363 3123 2418 αὐτοῦ
3176 2363 3333 2418 ἐστιν·
3397 2366 3647 2437 εἰκότως,
3711 2371 3807 2424 ἅτε

2146 2448 2236 2503 καὶ
2281 2446 2554 2521 μέλλοντα
2609 2447 2817 2505 ἔσεσθαι
2866 2448 2955 2505 διὰ
2982 2452 3044 2505 τὸ
3102 2452 3268 2506 αὐτοῦ
3297 2453 3652 2526 ἀνεπινόητον
3721 2459 3806 2512 θέ-

2148 2535 2323 2609 λημα,
2357 2537 2408 2592 ἐν
2431 2537 2578 2611 αὐτῷ
2623 2538 2709 2593 καὶ
2750 2538 3150 2616 προϋφέστηκε,
3179 2545 3260 2612 τῷ
3316 2540 3504 2613 εἰδότι,
3560 2545 3652 2598 καὶ
3714 2545 3801 2601 ὅτι

2146 2625 2367 2700 παράξει
2393 2627 2481 2681 καὶ
2514 2629 2677 2682 ὁπότε
2706 2629 2947 2704 παράξει.
3010 2628 3360 2703 Προαιωνίως
3393 2629 3483 2685 οὗν
3533 2630 3588 2686 ἐν
3648 2635 3805 2707 αὖτῷ

2146 2717 2588 2790 προεγνωσμένα,
2619 2718 3015 2794 προϋφέστηκν
3045 2719 3170 2793 πρὶν
3205 2719 3308 2795 γάρ
3332 2720 3399 2774 τὰ
3427 2723 3600 2791 νοητὰ
3622 2743 3802 2798 παρα-

2147 2810 2370 2878 χθῆναι,
2402 2802 2553 2859 ἅτινά
2571 2804 2702 2859 εἰσιν
2731 2804 2941 2874 αἰῶνες,
2970 2807 3060 2860 καὶ
3088 2807 3194 2883 πρὸ
3220 2806 3398 2878 πάσης
3451 2809 3636 2886 έτέρας
3685 2813 3804 2868 κτί-

2147 2913 2278 2953 σεως
2308 2890 2541 2968 ἔγνωστο
2580 2894 2725 2966 αὐτῷ
2745 2894 2810 2948 τά
2840 2893 3088 2967 ἐσόμενα,
3121 2897 3194 2958 ὡς
3226 2894 3459 2971 ε’ίρηται·
3515 2905 3572 2956 Ὁ
3631 2898 3800 2964 εἰδὼς

2144 2980 2317 3035 πάντα
2371 2981 2496 3056 πρὶν
2552 2983 2811 3056 γενέσεως
2863 2982 3056 3038 αὐτῶν·
3089 2985 3178 3039 καὶ
3209 2984 3397 3041 πάλιν·
3429 2987 3537 3063 Πρὸ
3565 2993 3662 3043 τοῦ
3731 3011 3804 3064 με

2146 3069 2344 3125 πλάσαι
2381 3091 2437 3125 σε
2465 3069 2516 3125 έν
2549 3069 2754 3143 κοιλίᾳ,
2783 3067 2988 3146 ἔγνωκά
3011 3093 3088 3133 σε.

2209 3341 2365 3396 "Ov"
2441 3335 2565 3393 οὕτε
2631 3337 2879 3408 ἐννοῆσαι
2944 3337 3186 3398 δυνατόν.
3268 3342 3425 3401 Οὕτω
3481 3345 3581 3420 γάρ
3653 3368 3795 3424 φησι

2139 3427 2227 3482 καὶ
2285 3429 2312 3482 ὁ
2347 3424 2611 3502 θεολόγος
2640 3429 2962 3502 Γρηγόριος,
2999 3432 3350 3507 μεταφράζων
3402 3433 3464 3488 τὸ
3497 3433 3795 3507 εἰρημένον

2140 3519 2278 3588 [τοῖς
2305 3513 2590 3589 ”Ελλησι]·
2642 3516 2768 3571 Θεὸν
2799 3523 2992 3586 νοῆσαι
3025 3519 3118 3591 μὲν
3151 3517 3438 3576 ἀδύνατονο
3473 3523 3670 3600 φράσαι
3736 3523 3797 3580 δὲ

2137 3602 2561 3680 ἀδυνατώτερον.

2210 3695 2304 3748 Καὶ
2341 3698 2548 3750 πασῶν.
2597 3693 2776 3750 Εἰπὼν
2838 3695 3277 3771 ἀποπερατώσεις
3329 3704 3436 3754 τῶν
3497 3699 3793 3757 οὐσιωδῶν

2136 3783 2388 3858 γνώσεων
2421 3804 2511 3837 και
2542 3779 2843 3854 δυνάμεων,
2874 3784 2936 3837 τὸ
2969 3784 3130 3839 αὐτὸν
3176 3783 3534 3842 ἐπανελάϐετο
3595 3787 3794 3863 λόγον,

2139 3873 2196 3926 ὅν
2245 3871 2334 3926 καὶ
2383 3873 2488 3946 πρὸ
2542 3875 2740 3947 μικροῦ
2797 3872 2928 3926 εἷπε⁸
2992 3875 3171 3928 Πάντα
3220 3875 3286 3930 τὰ
3342 3875 3544 3952 πέρατα
3599 3884 3800 3934 πασῶν

2134 3964 2240 4015 τῶν
2299 3959 2549 4036 γνώσεων
2586 3979 2599 3992 ⁸
2678 3961 2715 4030 ἢ
2788 3961 2876 4014 οὖν
2932 3966 3093 4016 τοῦτο
3147 3961 3216 4017 δι’
3285 3965 3538 4040 ἑκατέρας
3597 3972 3796 4044 φωνῆς

2141 4048 2471 4117 ὑποτίθεται,
2521 4047 2652 4124 ὅπερ
2677 4048 2766 4103 καὶ
2824 4051 3229 4126 προπαρετέθη,
3289 4054 3371 4108 δτι
3431 4053 3482 4109 ἐν
3543 4059 3623 4127 τῷ
3673 4062 3799 4130 Θεῷ

2135 4143 2277 4192 πᾶσα
2300 4143 2498 4213 γνῶσις
2543 4137 2718 4213 ἀργεῖ,
2774 4138 2863 4192 καὶ
2911 4137 3072 4201 τέλος
3101 4135 3217 4214 ἔχει
3275 4141 3451 4212 πάσης
3501 4146 3799 4215 κινήσεως,

2138 4224 2226 4280 διὰ
2255 4227 2315 4280 τὸ
2345 4232 2444 4296 τῆς
2477 4225 2619 4287 θείας
2676 4225 2884 4304 φύσεως
2915 4227 3323 4299 ἀκατάληπτον,
3384 4232 3516 4307 ὅπερ
3570 4229 3795 4303 ἄϊδίως,

2135 4314 2224 4370 καὶ
2275 4313 2371 4369 οὐκ
2400 4313 2453 4368 ἐν
2505 4315 2694 4390 χρόνῳ
2741 4315 2866 4390 περὶ
2898 4315 3063 4386 αὐτὴν
3114 4319 3416 4394 θεωρεῖται·
3471 4320 3506 4389 ἢ
3569 4320 3795 4393 μᾶλλον

2134 4403 2300 4479 πέρας
2370 4404 2460 4457 καὶ
2525 4404 2958 4479 ἀποπεράτωσις,
3035 4404 3160 4475 ἤτοι
3233 4408 3294 4462 τὸ
3349 4407 3508 4470 τέλος
3559 4409 3798 4482 ἑκάστης

383 4504 488 4544 seu
522 4489 802 4560 perfectio
854 4489 1325 4560 uniuscujusque
1370 4485 1702 4544 essentialis
1745 4487 2027 4558 cognitio-

2157 4487 2438 4552 ιῦσιώδους
2469 4490 2743 4566 γνώσεως.
2777 4489 2947 4549 Αὖταί
2997 4491 3130 4548 εἷ’σιν
3173 4495 3227 4549 αἰ
3278 4495 3453 4551 οὐσίαι
3501 4497 3591 4552 καὶ
3625 4496 3798 4555 δυνά-

383 4577 496 4634 nis.
520 4577 616 4632 Hae
646 4581 789 4634 sunt
818 4577 1086 4634 essentia
1113 4581 1170 4632 et
1192 4576 1440 4631 virtutes
1471 4575 1622 4630 circa
1653 4591 1800 4647 quas
1831 4575 2031 4647 cogni-

381 4666 570 4724 tiones
598 4672 938 4735 versantur;
980 4683 1127 4738 quas
1159 4666 1448 4721 essentias
1470 4669 1525 4720 et
1543 4665 1789 4721 virtutes
1820 4682 2025 4723 omnes

382 4757 560 4813 simul
593 4762 649 4812 et
680 4774 795 4812 non
829 4755 1315 4828 singillatim,sed
1340 4755 1647 4811 confertim
1670 4755 1728 4810 in
1759 4760 1870 4811 Deo
1891 4759 2026 4812 ante

379 4846 716 4902 constitisse
734 4845 850 4913 ait;
884 4844 1210 4900 secundum
1240 4843 1594 4900 ineffabilem
1627 4845 2027 4916 prmcognitio-

381 4935 472 4991 nis
502 4936 632 5006 ejus
666 4934 977 4999 rationem,
1027 4935 1246 4990 sciente
1303 4933 1771 5004 unumquodque
1822 4950 2024 4990 eorum

380 5041 506 5094 quae
539 5023 1218 5097 producuntur,qualem
1243 5021 1586 5078 habiturum
1621 5022 1698 5079 sit
1729 5026 2024 5091 naturam,

379 5118 433 5166 et
489 5113 786 5182 virtutem,
847 5113 1017 5183 cujus
1075 5111 1333 5169 essentia
1393 5115 1634 5184 superat
1707 5111 2022 5169 essentiam

449 5289 534 5361 (a)
563 5289 775 5360 Ephes.
807 5307 848 5360 ι,
881 5293 933 5346 4.
1011 5291 1088 5364 (b)
1120 5292 1265 5350 Dan.
1298 5309 1423 5360 xm,
1456 5291 1545 5349 42.
1630 5291 1696 5365 (c)
1725 5292 1846 5349 Jer.
1877 5310 1916 5363 ι,
1947 5293 2002 5347 5.

2143 4601 2281 4653 μεις,
2314 4580 2438 4654 περί
2471 4579 2530 4642 ἃς
2560 4581 2613 4635 αἱ
2660 4581 2910 4656 γνώσεις,
2967 4580 3186 4646 δίο-τινας
3239 4584 3424 4648 οὐσιας
3483 4587 3571 4641 καὶ
3633 4585 3802 4644 δυνά-

2137 4687 2256 4740 μεις
2287 4666 2460 4729 πάσας
2523 4667 2634 4741 ἅμα
2679 4669 2771 4723 καὶ
2827 4668 2927 4724 οὐκ
2981 4671 3082 4726 ἀνὰ
3131 4672 3316 4748 μέρος,
3371 4671 3516 4730 ἀλλὰ
3569 4674 3798 4750 ἀθρόως

2138 4756 2190 4810 έν
2246 4755 2326 4828 τῷ
2408 4761 2525 4829 Θεῷ
2575 4758 2969 4835 προϋφεστάναι
3025 4761 3159 4836 φησί
3214 4763 3350 4817 κατᾶ
3404 4763 3496 4818 τὸν
3549 4761 3802 4840 ἐίρῥητον

2131 4851 2232 4916 τῆς
2317 4845 2675 4921 προγνώσεως
2698 4849 2742 4883 ’⁷⁸
2811 4847 2973 4902 αὐτοῦ
3060 4848 3246 4926 λόγον,
3324 4847 3492 4906 εἰδότι
3561 4853 3798 4911 ἕκαστον

2131 4933 2236 4989 τῶν
2292 4934 2428 5008 πρὸς
2483 4933 2686 5010 γένεσιν
2737 4936 3154 5012 παραγομένων,
3206 4940 3356 5003 ὅπως
3411 4935 3510 5014 ἔξει
3572 4946 3798 5020 φύσεων

2132 5023 2221 5078 καὶ
2253 5021 2556 5096 δυνάμεως·
2617 5023 2678 5077 οὗ
2707 5025 2741 5094 ἡ
2779 5025 2937 5080 οὐσία
2971 5027 3290 5102 ὑπερούσιός
3349 5050 3404 5084 τε
3461 5031 3552 5085 καὶ
3614 5033 3800 5106 ὑπερ-

2135 5115 2429 5188 ἀγνωστοςο
2475 5112 2666 5169 Ἰστξον
2702 5109 2780 5184 δὲ,
2813 5112 2894 5169 ὅτι
2939 5111 3118 5193 ἕτερον
3153 5117 3308 5172 οὐσία
3349 5119 3439 5173 καὶ
3467 5116 3652 5194 ’ἕτερον
3687 5118 3799 5175 δύ-

1361 5459 1601 5516 VARI/E
1640 5459 2037 5517 LECTIONES
2075 5459 2164 5515 ET
2203 5458 2766 5520 GORRECTIONES.

446 5574 492 5610 τε
519 5571 696 5647 ἕτερα,
770 5574 816 5610 τε
842 5571 953 5630 καί.
1029 5576 1075 5610 τι
1104 5575 1360 5634 Platonis
1388 5577 1446 5633 in
1477 5578 1710 5634 Timaeo.
1788 5579 1833 5615 ⁷⁸
1862 5595 1951 5653 γρ.
1985 5598 2034 5652 γη

2157 5596 2261 5639 μως.
