4000 6200
242 359 347 415 201

1005 364 1062 415 S.
1105 364 1371 417 MAXIM!
1408 360 1712 416 SCHOLIA
1748 357 1819 410 IN
1861 354 1994 407 LIB.
2035 352 2131 406 DE
2169 351 2445 405 DIVINIS
2485 353 2901 409 NOMINIBUS.

3548 362 3655 417 202

236 502 426 555 ναμις’
457 484 493 552 ἡ
531 484 629 555 μὶν
675 485 780 560 γὰρ
828 488 936 539 τῶν
981 484 1098 548 καθ’
1149 482 1310 538 ἑαυτὰ
1360 481 1704 560 ὑφεστώτων⁹
1737 480 1773 546 ἡ
1815 473 1894 543 δὲ,

2024 478 2068 530 5t
2081 473 2708 546 cognitionem.Sciend
2719 493 2816 532 um
2832 493 3003 549 porro
3017 476 3175 535 aliud
3189 494 3317 536 esse
3339 483 3660 541 essentiam

237 577 349 626 τῶν
381 571 437 627 ἐν
469 572 637 648 ἑτέρῳ
664 574 728 628 τὸ
757 574 891 628 εἶναι
922 572 1181 648 ἐχόντων.

317 837 381 895 Εἰ
442 838 545 914 γὰρ
606 838 661 892 αἱ
716 837 966 913 γνώσεις·
1027 836 1382 910 Ἐπεξήγησις
1409 839 1518 889 τῶν
1570 831 1896 908 εἰρημένων.

236 925 443 990 Καλῶς
495 924 555 981 δὲ
602 926 770 981 εἶπεν
805 925 853 980 εἷ’
901 925 1004 1002 γὰρ
1057 925 1112 980 αἱ
1141 926 1365 1000 γνώσεις
1417 923 1542 997 περὶ
1586 922 1681 983 τὰς
1714 919 1897 982 οὐσίας

2007 569 2063 619 et
2093 562 2252 619 aliud
2285 563 2596 632 virtutem;
2651 565 2752 621 illa
2781 567 2938 621 enim
2989 572 3078 623 est
3127 583 3329 626 eorum
3383 587 3508 642 quae
3558 589 3662 643 per

2007 669 2070 708 se
2127 652 2484 720 subsidunt,
2545 653 2667 710 hinc
2715 661 2860 712 vero
2921 672 3126 712 eorum
3188 674 3315 730 que
3366 658 3501 716 aliis
3573 663 3665 717 in-

2010 747 2166 796 sunt.

2076 832 2303 888 Etenim
2330 849 2455 889 eum
2483 833 2751 889 notiones.
2785 835 3090 891 Enarratio
3117 851 3322 892 eorum
3353 853 3483 908 quas
3509 838 3665 896 dicta

2009 925 2168 975 sunt.
2203 922 2377 977 Recte
2405 926 2601 978 autem
2633 922 2816 979 dixit:
2850 923 2901 978 si
2931 925 3088 979 enim
3121 924 3486 997 cognitiones
3506 926 3663 983 circa

234 1016 330 1071 καὶ
377 1015 448 1070 τὰ
499 1011 629 1069 ὄντα
675 1014 830 1083 εἰσὶν,
880 1015 908 1069 ὁ
939 1014 1066 1076 Θεὸς
1119 1011 1176 1068 δὲ
1224 1010 1348 1068 οὔτε
1395 1012 1446 1066 έν
1493 1010 1648 1082 οὐσίᾳ
1688 1006 1810 1064 οὕτε
1846 1029 1898 1064 τι

2024 1010 2298 1066 assentias
2329 1015 2385 1066 et
2414 1028 2506 1068 res
2534 1011 2882 1068 exsistentes
2937 1018 3271 1080 versantur,
3320 1014 3478 1071 Deus
3529 1031 3663 1072 vero

233 1109 348 1159 τῶν
409 1099 584 1158 ὄντων
644 1101 785 1158 ἐστὶν
823 1144 838 1171 ,
896 1101 1120 1164 εῒκότως
1168 1100 1260 1156 καὶ
1337 1100 1586 1174 γνώσεως
1657 1097 1904 1154 έπέκεινά

235 1191 411 1250 έστιν.

312 1371 444 1446 ἓν.
497 1367 639 1427 Οῦτε
696 1367 976 1446 φαντασία.
1027 1368 1253 1442 Ἕτερόν
1309 1366 1420 1422 ἐστι
1474 1362 1756 1444 φαντασία,
1813 1364 1901 1419 καὶ

241 1457 428 1533 έτερον
460 1458 681 1528 νόησις,
709 1454 840 1526 ἤτοι
888 1455 1091 1529 νόημα⁶
1127 1455 1234 1510 ἀπό
1280 1476 1338 1510 τε
1372 1455 1472 1531 γὰρ
1506 1452 1782 1529 διαφόρων
1814 1450 1905 1507 δυ-

244 1550 468 1620 νάμεων
513 1546 782 1622 γίνονται,
830 1545 921 1600 καὶ
973 1543 1207 1615 ἰδιότητι
1251 1546 1538 1614 κινήσεως·
1589 1545 1624 1612 ἡ
1667 1543 1760 1615 μὲν
1804 1542 1906 1618 γὰρ

243 1636 435 1706 νόησις
496 1634 739 1710 ἐνέργειά
797 1633 906 1690 ἐστι
960 1634 1051 1688 καὶ
1107 1632 1331 1704 ποίησις
1364 1653 1376 1668 ·
1437 1635 1471 1702 ἡ
1527 1629 1584 1686 δὲ
1649 1630 1910 1708 φαντασία

245 1725 425 1786 πάθος
485 1725 576 1778 καὶ
628 1722 872 1784 τύπωσις
915 1720 1280 1797 ἆναγγελτικὴ
1333 1719 1591 1790 αἰσθητοῦ
1645 1740 1812 1788 τινος,
1872 1719 1908 1786 ἢ

2011 1115 2202 1171 neque
2228 1101 2306 1156 sit
2332 1099 2393 1156 in
2422 1101 2698 1171 essentia,
2732 1117 2920 1172 neque
2969 1101 3130 1157 aliud
3171 1118 3372 1159 eorum
3403 1121 3535 1175 quas
3563 1121 3667 1161 ex-

2012 1189 2254 1260 sistunt,
2286 1189 2668 1260 probabiliter
2707 1190 2887 1246 etiam
2920 1206 3155 1247 omnem
3186 1198 3428 1262 superat
3458 1192 3663 1265 cogni-

2013 1278 2257 1334 tionem.

2084 1367 2206 1434 §V.
2237 1371 2422 1439 Neque
2467 1367 2817 1438 imaginatio.
2856 1367 3029 1424 Aliud
3084 1373 3175 1424 est
3231 1368 3578 1443 imaginatio
3611 1373 3672 1426 et

2016 1455 2173 1512 aliud
2206 1457 2461 1530 cognitio
2493 1474 2596 1513 seu
2627 1457 2939 1514 consilium
2965 1476 2978 1514 :
3014 1474 3048 1512 a
3077 1458 3325 1514 diversis
3355 1457 3514 1514 enim
3547 1459 3670 1516 vir-

2017 1548 2245 1604 tutibus
2276 1549 2446 1618 fiunt,
2477 1549 2655 1605 etiam
2688 1548 3042 1621 proprietate
3073 1548 3379 1605 motionis.
3407 1548 3556 1604 Nam
3585 1564 3677 1605 co-

2017 1637 2218 1708 gitatio
2245 1641 2334 1692 est
2363 1637 2626 1692 efﬁcacia
2645 1644 2702 1693 et
2722 1637 2982 1708 operatio
3005 1656 3020 1705 ;
3053 1636 3394 1708 imaginatio
3425 1653 3559 1694 vero
3581 1641 3672 1694 est

2020 1725 2215 1796 passio
2245 1731 2303 1781 et
2332 1725 2600 1797 ﬁguratis
2623 1725 2987 1781 enuntiativa
3015 1725 3251 1782 sensilis
3282 1725 3667 1798 alicujus,aut

245 1813 318 1876 ὠς
348 1813 618 1882 αἰσθητοῦ
667 1830 838 1874 τινος·
888 1812 976 1866 καὶ
1028 1813 1064 1880 ἡ
1123 1811 1217 1884 μὶν
1265 1807 1517 1880 αἴσθησις
1567 1803 1903 1881 ἀντιλαμϐά-

2024 1819 2299 1885 tanquam
2324 1813 2561 1870 sensilis
2591 1813 2872 1884 alicuius;
2897 1819 2952 1870 et
2973 1830 3185 1871 sensus
3205 1814 3444 1885 quidem
3469 1830 3674 1887 appre-

245 1923 387 1958 νεται
439 1905 551 1955 τῶν
607 1896 778 1956 ὄντων
831 1901 967 1955 κατὰ
1016 1899 1215 1980 ᾀθρόαν
1270 1898 1574 1976 μόρφωσιν·
1603 1898 1632 1951 ὁ
1683 1894 1740 1952 δὲ
1786 1900 1909 1958 νοῦς

249 1991 541 2047 ἰσάπτεται
577 2035 592 2062 ,
669 1988 944 2045 τουτέστιν
1018 1982 1479 2062 ἀντιλαμϐάνεται
1550 1989 1660 2042 τῶν
1738 1981 1907 2040 ὄντων

249 2080 418 2156 ἑτέρῳ
471 2078 687 2155 τρόπῳ,
739 2078 830 2133 καὶ
891 2077 999 2152 οὐχ
1056 2075 1158 2149 ο⁹ίῳ
1213 2079 1250 2146 ἡ
1307 2075 1576 2147 αἴσθησις.
1629 2075 1757 2148 Περὶ
1815 2075 1907 2148 μὶν

252 2167 343 2222 οῦν
389 2170 456 2223 τὸ
502 2165 818 2240 σωματικὸν
865 2167 900 2237 ἢ
947 2167 1010 2221 τὸ
1050 2166 1433 2238 πνευματικὸν,
1483 2167 1518 2236 ἢ
1577 2163 1629 2218 έν
1676 2165 1756 2236 τῷ
1812 2165 1906 2226 τὰς

251 2257 534 2328 αἰσθήσεις
591 2258 719 2310 εἶναι
777 2259 868 2310 καί
926 2256 1118 2330 πρώην
1177 2251 1383 2331 ἔφημεν
1415 2295 1432 2324 ,
1486 2254 1549 2308 τὸ
1606 2253 1902 2323 παθητικὸν

249 2347 334 2401 καὶ
421 2343 728 2419 μορφτικόν
809 2341 919 2397 ἐστι
971 2342 1179 2415 κίνημα
1211 2386 1225 2413 ,
1282 2341 1346 2396 τὸ
1403 2339 1460 2396 δὲ
1516 2340 1757 2414 κριτικὸν
1814 2341 1902 2394 καὶ

249 2433 662 2504 ἀντιληπτικὸν,
691 2435 762 2504 τῇ
809 2434 964 2506 ψυχῇ
1009 2431 1098 2485 καὶ
1141 2434 1221 2502 τῷ
1269 2434 1346 2502 νῷ
1378 2427 1582 2484 δοτέον.
1612 2433 1782 2484 Τοῦτο
1815 2428 1907 2483 οῦν

239 2527 319 2595 τῷ
371 2529 477 2590 τῆς
558 2525 749 2595 ψυχῆς
821 2517 1201 2591 ἀντιληπτικῷ
1269 2518 1361 2572 καὶ
1430 2518 1492 2573 τὸ
1549 2518 1903 2595 φανταστικὸν

245 2608 570 2667 ὁποστεῖλαι
621 2607 721 2664 δεῖ·
784 2605 1068 2682 διαιρεῖται
1123 2607 1222 2681 γὰρ
1281 2610 1326 2644 ’³⁸
1375 2609 1410 2676 ἡ
1444 2608 1773 2681 φανταστικὴ
1829 2605 1908 2669 εἷς

237 2705 385 2772 τρεῖς
421 2696 643 2770 μοίρας·
689 2695 918 2772 πρώτην
971 2695 1065 2768 μὶν
1122 2692 1199 2756 εἷς
1251 2695 1350 2763 τὴν
1397 2698 1504 2748 τῶν
1556 2691 1903 2766 ἀντιλήψεων

241 2786 610 2854 εἷκονιστικήν
657 2784 796 2859 πρὸς
853 2782 919 2838 τὰ
967 2787 1231 2838 ποιοῦντα
1287 2782 1546 2853 αἰσθητὴν
1605 2782 1704 2851 τὴν
1762 2780 1906 2836 ἀντί-

244 2874 439 2948 ληψιν·
502 2870 758 2947 δευτέραν
810 2869 870 2926 δὲ
922 2871 1020 2940 τῆν
1079 2870 1139 2926 ἐκ
1188 2875 1296 2925 τῶν
1350 2871 1621 2944 μενόντων
1675 2869 1902 2946 ἐγκατα-

248 2963 576 3036 λειμμάτων
627 2961 734 3015 ἀπὸ
778 2959 982 3016 τούτων
1033 2960 1446 3029 ἀνατυπωτικήν
1474 3005 1489 3029 ,
1543 2961 1618 3031 μὴ
1671 2955 1903 3034 ἔχουσαν

245 3050 642 3128 ἐρηρεισμένας
688 3049 776 3104 ἐπί
823 3071 877 3104 τι
923 3050 1020 3111 τὰς
1066 3047 1300 3116 εἰκόνας,
1331 3050 1398 3118 ἣν
1447 3049 1536 3103 καὶ
1579 3045 1734 3110 ἰδίως
1765 3070 1903 3123 φαν-

247 3143 509 3208 ταστικὴν
560 3138 793 3194 καλοῦσι
825 3157 840 3171 ’
903 3137 1090 3214 τρίτην
1150 3136 1203 3192 έν
1269 3135 1306 3210 ᾖ
1364 3143 1510 3191 πᾶσα
1579 3135 1750 3206 ἡδονή
1808 3141 1905 3192 τοῦ

2021 1904 2228 1960 hendit
2255 1919 2346 1959 res
2377 1903 2699 1960 secundum
2733 1903 3142 1959 formationem
3190 1903 3248 1958 in
3293 1919 3479 1958 unum
3531 1917 3668 1959 coa-

2021 1998 2172 2050 ctam
2198 2013 2212 2061 ;
2242 2008 2410 2048 mens
2441 2009 2573 2048 vero
2605 1991 2863 2064 attingit,
2894 1993 2950 2047 id
2999 1997 3089 2049 est
3136 1991 3527 2064 apprehendit
3577 2007 3669 2047 res

2020 2081 2134 2138 alio
2167 2082 2360 2148 modo,
2392 2086 2450 2135 et
2480 2098 2595 2136 non
2643 2081 2798 2136 sicut
2847 2097 3081 2137 sensus.
3113 2080 3279 2136 Circa
3320 2096 3667 2152 corporeum

2018 2171 2258 2242 quidem
2289 2180 2343 2225 et
2373 2169 2658 2241 spiritale,
2691 2174 2792 2224 aut
2821 2168 2879 2224 in
2910 2185 3024 2238 quo
3074 2185 3286 2224 sensus
3338 2185 3467 2224 esse
3507 2169 3668 2240 jam-

2016 2261 2244 2315 dudum
2275 2259 2551 2324 diximus,
2576 2258 2873 2330 passibilis
2899 2261 2958 2314 et
2985 2257 3315 2313 formabilis
3345 2261 3435 2313 est
3466 2257 3667 2324 motio;

2016 2347 2160 2403 illud
2211 2351 2429 2418 autem,
2461 2347 2618 2418 quod
2648 2347 2766 2401 vim
2791 2347 3095 2416 judicandi
3123 2351 3181 2401 et
3210 2344 3530 2416 recipiendi
3564 2343 3668 2398 ha-

2017 2437 2134 2504 bet,
2177 2437 2384 2492 animm
2415 2437 2567 2492 102
2594 2440 2652 2491 et
2680 2434 2860 2491 menti
2915 2435 3354 2490 concedendum
3398 2436 3508 2489 est.
3543 2432 3666 2488 Hoc

2017 2525 2197 2597 igitur
2234 2530 2292 2581 et
2339 2523 2784 2596 imaginativum
2841 2524 2910 2578 ad
2972 2524 3246 2578 virtutem
3302 2520 3668 2593 suscipiendi

2015 2615 2227 2670 animas
2258 2613 2601 2670 contrahere
2648 2617 2912 2684 oportet;
2944 2611 3230 2668 dividitur
3257 2610 3416 2666 enim
3447 2608 3663 2681 imagi-

2017 2703 2198 2760 nandi
2227 2702 2480 2759 facultas
2511 2703 2569 2757 in
2593 2708 2712 2758 tres
2746 2705 2981 2773 partes:
3016 2699 3267 2771 primam
3309 2697 3574 2770 quidem,
3605 2696 3666 2752 in

2016 2810 2145 2850 eam
2176 2809 2303 2865 quae
2335 2791 2731 2863 receptionum
2766 2789 3055 2862 imagines
3105 2791 3316 2844 lormat
3343 2787 3404 2842 in
3435 2787 3510 2843 iis
3539 2802 3666 2858 quas

2015 2882 2293 2940 sensilem
2345 2880 2609 2936 efﬁciunt
2655 2879 3086 2950 receptionem;
3139 2877 3461 2933 secundam
3507 2890 3666 2945 vero,

2015 2989 2144 3028 eam
2176 2987 2302 3042 quae
2337 2986 2406 3025 ex
2435 2967 2700 3039 reliquiis
2733 2969 2804 3023 ab
2836 2968 2909 3023 iis
2941 2966 3318 3022 manentibus
3349 2964 3670 3020 reformare

2015 3060 2187 3128 valet,
2212 3076 2327 3115 non
2350 3059 2572 3114 habens
2604 3056 2823 3112 solidas
2855 3056 2911 3110 in
2943 3055 3141 3127 aliquo
3170 3053 3668 3126 imagines,quam

2021 3149 2252 3221 proprie
2283 3147 2719 3218 imaginativam
2749 3150 2993 3213 vocant;
3045 3144 3299 3214 tertiam,
3332 3144 3392 3198 in
3425 3158 3542 3214 qua
3571 3156 3669 3197 vo-

247 3233 382 3284 κατὰ
431 3227 726 3306 φαντασίαν
777 3224 1064 3288 δοκοῦντος
1115 3226 1342 3301 ἀγαθοῦ,
1374 3225 1410 3295 ἢ
1466 3225 1755 3288 δοκοῦντος
1807 3247 1903 3280 οια-

2024 3239 2216 3309 luptas
2247 3237 2439 3292 omnis
2470 3237 2600 3306 ejus
2631 3235 2787 3305 quod
2821 3235 3146 3290 secundum
3190 3212 3670 3303 imaginationem

247 3322 368 3390 κοῦ,
419 3317 564 3372 κατὰ
612 3314 793 3386 λύπην
847 3315 1172 3371 συνίσταται.
1225 3312 1473 3388 Οὐδεμία
1517 3314 1720 3381 τοίνυν,
1771 3315 1904 3369 καθὰ

248 3405 488 3483 εἴρηται,
548 3403 814 3482 φαντασία
870 3405 1056 3479 χώραν
1126 3399 1242 3478 ἔχει
1299 3401 1387 3458 ἐπὶ
1444 3407 1577 3458 Θεοῦ
1611 3419 1626 3436 ·
1685 3404 1901 3458 πάντων

242 3497 344 3572 γὰρ
401 3492 738 3566 ἁπαξαπλῶς
795 3493 926 3566 ὑπὲρ
985 3490 1189 3548 ἔννοιάν
1248 3491 1361 3548 ἔστι
1415 3491 1504 3548 καί
1570 3489 1898 3568 ὑπέρκειται·

242 3582 372 3654 δόξα
420 3581 482 3638 δέ
521 3582 663 3637 ἆστιν
696 3585 731 3652 ἡ
763 3581 823 3637 ἐκ
867 3585 965 3637 τοῦ
1021 3579 1344 3658 φαινομένου
1399 3581 1536 3636 κατὰ
1589 3581 1652 3636 τὸ
1705 3579 1898 3638 δοκοῦν

237 3670 427 3728 τοιάδε
456 3693 541 3734 τις
578 3669 880 3745 ὑπόληψις.

311 3850 457 3911 Οὔτε
509 3849 714 3927 ἐπαφή.
775 3848 1020 3926 Ἐπαφήν
1074 3851 1165 3903 νῦν
1219 3868 1348 3925 φησι
1405 3847 1505 3915 τήν
1555 3845 1744 3919 νοερὰν
1801 3867 1897 3901 κα-

236 3942 506 4015 τάληψιψ
567 3940 654 3994 καὶ
715 3938 819 4013 γὰρ
877 3943 994 4000 τοῖς
1050 3942 1276 4009 νοητοῖς
1323 3936 1413 3992 καὶ
1460 3934 1652 3998 ἀΰλοις
1696 3941 1776 4009 τῷ
1827 3940 1901 4008 νῷ

244 4032 561 4099 ἰπιστητῶς
604 4022 998 4090 ἐπιϐάλλοντες
1030 4070 1044 4097 ,
1096 4023 1363 4098 δοκοῦμεν
1415 4021 1595 4100 ὥσπερ
1644 4026 1898 4090 ἅπτεσθαι

242 4119 446 4188 αὐτῶν,
480 4117 576 4173 καὶ
626 4113 716 4171 διὰ
764 4120 864 4172 τοῦ
906 4119 1006 4170 νοῦ
1037 4114 1380 4180 αἰσθάνεσθαι
1412 4115 1578 4169 ὁποῖά
1627 4113 1780 4184 εἶσιν,
1826 4115 1900 4176 ὡς

244 4211 336 4263 καὶ
388 4206 482 4264 διὰ
537 4213 641 4276 τῆς
685 4207 826 4282 ἁφῆς
867 4209 977 4261 τῶν
1023 4203 1314 4275 αἶσθητῶν·
1363 4201 1451 4258 ἐπὶ
1492 4201 1550 4258 δὶ
1596 4207 1730 4259 Θεοῦ
1779 4200 1904 4258 οὐδε

247 4303 456 4374 νοερῶς
492 4294 868 4372 έφαπτόμεθα.

322 4386 604 4455 Ἀκλήτου
687 4383 776 4440 καὶ
861 4383 1242 4458 ὅπερωνύμου.
1329 4380 1641 4453 Ἀκλήτου,
1727 4383 1902 4459 φησὶ,

244 4478 368 4530 ἀντὶ
425 4479 552 4544 τοῦ,
609 4474 686 4546 μή
743 4471 1090 4545 καλουμένου
1145 4470 1250 4525 τινὶ
1297 4469 1673 4546 γνωρίσματι⁸
1734 4470 1906 4532 Αὐτὸς

2012 3327 2230 3383 bonum
2261 3325 2514 3392 videtur,
2545 3331 2644 3379 aut
2671 3324 2827 3395 quod
2859 3323 3187 3378 secundum
3235 3319 3498 3376 dolorem
3531 3333 3664 3374 ma-

2011 3418 2132 3473 lum
2168 3419 2462 3483 censetur,
2493 3413 2799 3480 consistit;
2833 3411 2998 3467 nulla
3025 3411 3228 3483 igitur,
3261 3411 3408 3466 sicut
3440 3408 3665 3463 dictum

2011 3512 2123 3573 est,
2155 3504 2498 3576 imaginatio
2525 3503 2720 3560 locum
2749 3502 2809 3557 in
2844 3507 2956 3557 Deo
2989 3501 3200 3566 habet;
3233 3501 3322 3554 est
3350 3496 3507 3552 enim
3540 3511 3667 3552 om-

2013 3597 2150 3651 nino
2179 3611 2359 3666 supra
2388 3593 2653 3648 omnium
2685 3589 3117 3662 cogitationem,
3148 3590 3207 3642 et
3230 3583 3654 3656 supereminet;

2008 3684 2204 3756 opinio
2219 3687 2417 3739 autem
2434 3686 2524 3736 est
2548 3679 2680 3735 talis
2713 3695 2782 3735 ex
2811 3676 3096 3749 probabili
3114 3674 3438 3731 secundum
3459 3670 3654 3729 existi-

2010 3774 2326 3831 mationem
2357 3770 2708 3839 conjectura.

2078 3864 2259 3935 Neque
2290 3865 2483 3916 tactus.
2514 3860 2756 3912 Tactum
2789 3855 2963 3910 modo
2995 3851 3253 3926 appellat
3279 3848 3651 3905 intellectua-

2009 3953 2122 4008 lem
2154 3946 2730 4021 comprehensionem
2757 3961 2770 4000 ;
2804 3960 2940 4000 nam
2960 3946 3154 3998 mente
3184 3937 3658 4011 intelligibilibus

2011 4045 2069 4096 et
2125 4035 2612 4094 immaterialibus
2667 4032 3095 4101 incumbentes,
3139 4029 3407 4085 videmur
3457 4026 3657 4097 aliquo

2012 4129 2184 4185 modo
2209 4127 2338 4199 ipsa
2365 4131 2605 4196 tangere
2651 4127 2709 4179 et
2756 4138 2858 4193 per
2889 4125 3146 4176 mentem
3196 4117 3414 4174 sentire
3465 4113 3663 4188 qualia

2011 4220 2152 4285 sint,
2185 4217 2340 4273 sicut
2368 4231 2470 4287 per
2499 4215 2834 4269 contactum
2866 4209 3198 4276 sensilium,
3231 4208 3292 4262 in
3342 4211 3454 4262 Deo
3503 4204 3562 4272 [ἰ.
3611 4219 3657 4275 ο,

2014 4309 2222 4377 Deum]
2253 4309 2452 4360 autem
2483 4318 2556 4358 ne
2585 4301 2821 4374 quidem
2857 4306 3049 4356 mente
3079 4297 3501 4370 contingimus.

2086 4396 2218 4452 Sine
2245 4393 2468 4450 nomine
2497 4400 2549 4447 et
2576 4406 2747 4462 supra
2773 4390 3134 4445 nomen.8ine
3165 4389 3422 4456 nomine,
3447 4389 3662 4460 inquit,

2018 4502 2141 4556 pro,
2173 4485 2328 4539 Deus
2362 4481 2524 4538 nulla
2553 4480 2788 4536 notione
2818 4477 3174 4550 appellatur:
3212 4479 3328 4549 Ipse
3350 4477 3500 4534 enim
3519 4481 3670 4534 vocat

239 4565 348 4640 γὰρ
396 4562 564 4618 καλεῖ
609 4563 677 4616 τὰ
733 4563 809 4634 μὴ
856 4555 1007 4630 ὄντα,
1059 4560 1134 4623 ὡς
1182 4556 1331 4630 ὅντα,
1361 4559 1436 4622 ὡς
1473 4558 1564 4613 τὸν
1597 4561 1773 4633 Κῦρον
1805 4559 1903 4635 πρε

2024 4555 2086 4630 ea
2105 4588 2228 4646 quae
2246 4588 2358 4628 non
2384 4574 2534 4641 sunt,
2558 4580 2824 4639 tanquam
2851 4583 2917 4622 ea
2946 4583 3064 4637 qum
3091 4577 3220 4621 sunt
3249 4566 3354 4637 (ά),
3380 4567 3533 4623 sicut
3561 4566 3670 4637 Cy-

239 4653 536 4708 τοσοῦτων
569 4649 727 4722 ἐτῶν,
753 4651 842 4704 καὶ
867 4649 959 4704 τὸν
994 4648 1223 4707 Ἰωσίαν.

322 4739 493 4800 Ἀλλ’
548 4738 703 4814 ὅπερ.
775 4742 1025 4810 Ζητεῖται
1085 4739 1113 4793 ὁ
1172 4736 1302 4812 Περὶ
1359 4734 1685 4812 θεολογικῆς
1747 4737 1849 4792 ὑπο
1889 4769 1914 4780 -

240 4833 558 4893 τυπώσεως
592 4829 780 4906 λόγος.

321 4924 439 4991 Τήν
502 4921 752 4994 ὁμόθεον.
812 4917 1076 4991 Ὀμόθεον
1127 4922 1242 4980 πῶς
1293 4915 1438 4992 λέγει
1495 4917 1595 4986 τήν
1649 4917 1914 4992 παναγίαν

243 5015 330 5084 Τρ
342 5008 489 5066 ιάδα.

325 5098 800 5174 Ἀγγελοπρεπεῖς
856 5096 1103 5157 ἒνώσεις.
1165 5095 1348 5150 Εἰπὼν
1405 5094 1530 5168 περὶ
1576 5099 1674 5150 τοῦ
1734 5099 1868 5151 Θεοῦ
1903 5138 1917 5166 ,

2027 4678 2158 4717 rum
2189 4663 2350 4715 tanto
2381 4663 2516 4713 ante
2546 4663 2828 4726 tempore,
2852 4658 2911 4710 et
2939 4654 3182 4710 Josiam.

2027 4827 2046 4878 ε
2096 4749 2206 4830 Sed
2254 4751 2333 4804 ut.
2375 4746 2751 4803 Desideratur
2806 4744 2955 4799 liber
3011 4745 3083 4798 De
3140 4743 3438 4814 theologica
3495 4747 3667 4814 hypo-

2049 4837 2225 4878 υυοει.

2049 4838 2287 4967 ῃέῗξιάι
2319 4911 2504 4966 Deum.
2538 4905 2841 4971 Quomodo
2887 4906 3052 4960 vocet
3082 4901 3519 4958 sanctissimam
3558 4900 3678 4957 Tri-

2025 5002 2262 5058 nitatem
2289 4999 2620 5055 una-Deum.

2102 5089 2522 5162 Conjunctiones
2584 5099 2709 5156 quae
2756 5081 2968 5152 angelis
3009 5079 3365 5138 conveniunt.
3417 5083 3561 5135 Cum
3611 5077 3682 5135 de

240 5189 334 5246 ὅτι
401 5168 734 5255 ἆνεννόητος
794 5187 929 5257 ἡμῖν
993 5184 1105 5240 ἐστι
1173 5186 1261 5240 καὶ
1335 5180 1652 5259 ἅφθεγκτος,
1713 5184 1771 5239 ἐκ
1823 5188 1903 5239 τοῐ

2029 5183 2145 5238 Deo
2190 5181 2451 5249 dixisset,
2485 5192 2618 5233 eum
2671 5173 2840 5228 nobis
2887 5187 3017 5228 esse
3063 5168 3580 5242 inconceptibilem
3632 5176 3689 5224 et

241 5277 557 5338 ἰλάττονος
619 5274 816 5330 λοιπὸν
875 5274 938 5328 τὸ
995 5273 1120 5350 περὶ
1179 5277 1312 5332 Θεοῦ
1361 5271 1691 5344 συνίστησιν·
1725 5272 1775 5328 εἴ
1821 5273 1903 5349 γὰρ

2031 5269 2411 5337 ineffabilem,
2442 5285 2476 5324 a
2518 5263 2730 5320 minori
2789 5264 2994 5334 postea
3038 5260 3289 5317 deducto
3339 5261 3689 5332 argumento

342 5441 426 5514 (ά)
455 5439 629 5496 Rom.
661 5453 744 5510 iv,
779 5438 867 5493 17.

1290 5546 1534 5607 VARIIE
1573 5548 1964 5608 LECTIONES
2004 5547 2092 5605 ET
2129 5541 2693 5605 CORRECTIONES.

318 5671 374 5707 ⁸⁸⁸
405 5665 488 5726 δέ.

605 5795 870 5854 Pauca.
924 5792 1036 5853 Gn.
1083 5790 1187 5855 IV.
