4000 6200
353 299 458 354 203

1165 301 1533 356 APPENDIX
1573 303 1670 353 AD
1709 299 1952 352 OPERA
1987 298 2045 350 S.
2086 295 2400 350 DIONYSII
2440 298 2939 354 AREOPAGITJE.

3666 295 3771 350 204

353 426 667 484 conﬁrmat
697 427 752 484 id
789 427 942 499 quod
975 429 1048 483 de
1077 428 1192 483 Deo
1225 427 1487 490 dixerat;
1539 426 1588 482 si
1635 424 1792 481 enim
1831 420 1994 478 nobis

2111 419 2179 473 τὰ
2228 420 2353 494 περί
2410 423 2516 474 τῶν
2577 418 2827 495 ἀγγέλων
2888 423 3023 495 ἡμῖν
3085 418 3330 499 ἄγνωστά
3375 419 3507 490 ἐστι,
3538 421 3593 475 τί
3644 421 3768 498 περὶ

355 515 556 587 ignota
577 520 717 571 sunt
738 533 864 588 quae
888 515 1113 588 angelis
1145 517 1402 587 propria,
1429 515 1566 587 quid
1588 514 1658 569 de
1685 514 1796 568 Deo
1823 509 2001 566 ratio-

356 605 565 661 cinand
577 622 672 660 um
699 605 727 660 ?
749 606 902 662 Dixit
922 621 1059 677 ergo
1082 605 1378 677 angelicas
1406 604 1795 676 operationes,
1829 616 2003 671 quas-

358 695 492 748 dam
525 709 654 750 esse
684 694 999 750 effusiones
1051 694 1258 749 divinis
1304 691 1617 760 bonitatis;
1670 707 1771 762 per
1817 681 2004 742 ἐπιϐο-

359 778 464 852 λήν
497 787 692 839 autem
725 782 1172 855 intelligendum
1203 788 1313 852 est,
1345 782 1660 838 motionem
1703 776 2003 834 indivisim

359 873 607 929 divisam
661 873 719 928 in
769 889 965 928 rerum
1015 871 1434 944 producturum
1488 871 1798 937 unitatem,
1827 867 1882 921 id
1917 870 2008 922 est

358 960 418 1016 in
451 962 920 1032 uniuscujusque
949 959 1412 1031 intelligibilium
1443 953 2008 1032 productionem.Li-

358 1054 448 1106 cet
478 1066 649 1121 porro
679 1049 774 1104 hic
806 1049 980 1105 etiam
1027 1047 1375 1120 intelligere,
1409 1049 1614 1104 modos
1671 1045 2004 1101 unitionum

358 1154 491 1194 cum
525 1138 661 1208 Deo,
696 1142 980 1209 quantum
1039 1137 1308 1192 convenit
1359 1135 1598 1208 angelos
1657 1136 1768 1190 Deo
1826 1132 2002 1201 uniri,

354 1227 680 1283 secundum
715 1243 892 1298 quam
926 1243 1060 1282 cum
1098 1228 1208 1282 Deo
1231 1223 2008 1296 unionem,autincumbunt

345 1315 517 1385 juxta
573 1315 870 1387 propriam
931 1315 1278 1388 dignitatem
1338 1315 1545 1370 divina:
1605 1311 1870 1380 bonitati,
1905 1316 2006 1365 aut

352 1403 686 1476 suscipiunt
714 1404 785 1460 ab
818 1405 945 1475 ipso
978 1405 1255 1461 bonitatis
1287 1405 1415 1476 ejus
1447 1403 1857 1459 revelationem
1885 1419 1898 1468 ;
1923 1405 2005 1454 at-

353 1509 466 1565 que
488 1492 570 1548 ita
601 1493 1016 1565 comprehendi
1053 1498 1505 1565 nequeunt,non
1528 1491 1718 1548 solum
1753 1508 1786 1546 a
1810 1489 2000 1558 nobis,

351 1597 555 1636 verum
588 1598 778 1653 neque
809 1583 880 1638 ah
911 1582 1290 1638 inferioribus
1323 1583 1584 1654 angelis;
1631 1581 1730 1636 sed
1782 1597 1814 1634 a
1861 1577 2003 1634 solis

353 1669 649 1741 supremis
705 1671 930 1741 angelis
989 1676 1446 1744 cognoscuntur,
1506 1675 1788 1740 tanquam
1848 1667 2003 1722 103

355 1758 550 1830 dignis
581 1758 735 1814 dicto
767 1759 1104 1814 unitionum
1153 1759 1347 1814 modo.
1383 1759 1448 1813 In
1493 1757 1642 1813 libro
1693 1761 1884 1812 autem
1933 1755 2006 1811 De

352 1845 569 1902 ccelcui
615 1846 931 1904 hierarchia
988 1846 1284 1919 angelicos
1333 1861 1566 1918 quoque
1621 1846 1858 1901 ordines
1908 1860 2000 1900 re-

353 1939 572 1992 censet.

419 2024 576 2082 Hisce
631 2024 946 2096 dei/ames.
1007 2031 1116 2081 Per
1172 2029 1397 2082 mentes
1454 2022 1800 2093 deisimiles,
1856 2039 2004 2094 quas

349 2115 674 2183 angelorum
728 2114 1047 2170 imitatione
1090 2115 1192 2184 ait,
1228 2119 1514 2185 quantum
1577 2111 1812 2182 assequi
1872 2127 2003 2183 pos-

350 2207 492 2257 sunt
517 2203 650 2258 duci
683 2202 742 2257 in
775 2204 1102 2258 unitionem
1138 2207 1475 2258 sanctarum
1519 2202 1825 2267 virtutum,
1859 2217 2005 2271 quas

249 2319 256 2323 -
348 2291 595 2347 virtutes
645 2294 817 2347 antea
862 2291 1085 2346 vocavit
1133 2291 1410 2362 angelos;
1447 2290 1807 2361 intelligendi
1868 2295 2007 2343 sunt

349 2380 604 2453 theologi
636 2381 842 2446 nostri,
863 2380 1181 2452 prophetae,
1201 2381 1467 2451 inquam,
1487 2385 1546 2435 et
1575 2377 1852 2449 apostoli;
1889 2394 2002 2432 non

354 2485 483 2525 esse
514 2485 650 2525 vero
681 2471 752 2524 de
783 2467 1009 2540 angelis
1063 2468 1500 2538 conjiciendum
1535 2467 1787 2522 maxime
1818 2482 1885 2520 ex
1915 2466 2002 2520 di-

355 2557 545 2613 ctione
602 2553 1071 2631 ἀγγελομιμήτως
1129 2560 1311 2620 patet.
1361 2555 1618 2627 Angelus
1670 2555 1826 2610 enim
1886 2571 2001 2610 non

354 2645 619 2700 imitatur
645 2644 956 2716 angelum;
990 2645 1091 2699 sed
1122 2643 1170 2698 is
1203 2643 1301 2714 qui
1343 2644 1585 2699 inferior
1633 2649 1743 2699 est.
1775 2643 2001 2698 Vocans

355 2738 553 2789 autem
629 2733 931 2804 theologos
986 2741 1215 2803 mentes,
1274 2731 1418 2787 dixit
1473 2748 1572 2787 eos
1624 2749 1728 2802 pro
1781 2732 2002 2787 viribus

355 2823 686 2894 pertingere
715 2823 784 2877 ad
819 2821 1058 2893 angelos
1107 2822 1434 2876 imitantem
1467 2837 1600 2875 cum
1634 2821 1749 2875 Deo
1783 2821 1999 2876 unitio-

356 2927 513 2976 nem,
536 2911 636 2981 qui
671 2927 772 2981 per
800 2911 1181 2966 cessationem
1215 2910 1408 2965 omnis
1441 2909 1751 2965 mundanas
1806 2909 1998 2964 efﬁca-

355 2999 460 3055 cite
479 2999 557 3053 dii
583 2999 866 3066 evadunt;
894 2999 950 3054 in
977 2997 1448 3070 intelligihilibus
1477 2998 1631 3052 enim
1667 3003 1860 3052 motus
1881 3015 1997 3052 om-

353 3088 446 3144 nis
501 3092 559 3144 et
616 3087 806 3142 ofﬁcia
865 3086 1077 3156 omnis,
1110 3092 1167 3141 et
1223 3087 1390 3157 quies
1442 3086 1635 3142 omnis
1685 3085 2000 3141 efficaciter

351 3175 598 3247 exsistit,
633 3181 809 3248 atque
848 3176 918 3231 ad
953 3150 1362 3246 perfectionem
1416 3191 1597 3230 unum
1649 3176 1995 3230 efﬁcientem
2028 3150 2070 3216 C

352 3283 531 3322 manu
564 3265 763 3334 ducit;
796 3281 898 3320 seu
933 3266 988 3319 in
1021 3263 1252 3319 aeternis
1284 3268 1340 3319 et
1369 3263 1725 3335 incorporeis
1755 3262 1923 3334 quies
1944 3267 2002 3318 et

355 3353 758 3426 tranquillitas
792 3359 971 3424 atque
1001 3352 1273 3408 efficaciae
1327 3353 1574 3407 cessatio
1626 3351 1998 3422 exsistentes,

355 3442 583 3515 operari
613 3443 933 3499 secundum
965 3445 1235 3497 naturam
1268 3440 1512 3507 faciunt,
1544 3442 1696 3511 quod
1741 3441 2002 3511 disponit

356 3533 430 3588 ad
478 3533 826 3590 vacuitatem
876 3549 910 3588 a
957 3531 1170 3598 turbis,
1202 3533 1260 3585 et
1289 3530 1701 3601 perfectionem
1754 3529 1813 3584 in
1864 3529 2000 3585 uni-

351 3625 492 3680 tate.

251 3779 260 3786 _
428 3714 822 3768 Cessationem.
854 3706 1224 3781 Impossibile
1281 3705 1437 3761 enim
1464 3709 1554 3760 est
1585 3706 1737 3761 uniri
1770 3707 1906 3775 Deo,
1942 3711 2000 3762 et

351 3801 532 3855 Deum
567 3799 758 3870 alique
794 3798 965 3852 modo
997 3813 1145 3864 esse,
1171 3794 1284 3850 nisi
1317 3813 1349 3850 a
1372 3795 1775 3851 materialibus
1795 3811 1990 3866 opera-

349 3887 678 3942 rationihus
707 3891 988 3954 cessetur,
1022 3888 1147 3940 tum
1179 3883 1239 3938 in
1271 3900 1470 3949 sensu,
1505 3893 1625 3939 tum
1654 3884 1712 3938 in
1747 3888 1956 3939 mente.

420 4065 620 4119 Rerum
649 4062 944 4118 ablatione.
976 4061 1340 4117 Ablationcm
1375 4061 1638 4117 omnium
1673 4079 1868 4117 rerum
1898 4079 1994 4118 vo-

345 4158 460 4222 cat,
495 4169 624 4208 cum
671 4167 864 4207 rerum
917 4149 1079 4206 nulla
1126 4149 1381 4204 divinam
1434 4155 1700 4204 naturam
1753 4167 1988 4222 compa-

343 4257 513 4310 rare;
547 4241 650 4297 sed
707 4239 868 4310 dicit,
905 4255 1092 4311 neque
1135 4253 1263 4293 esse
1310 4254 1543 4309 corpus,
1586 4255 1774 4309 neque
1821 4239 1987 4295 habi-

343 4337 492 4400 tum,
528 4346 633 4386 nec
662 4330 961 4397 virtutem,
994 4333 1051 4384 et
1082 4327 1309 4398 reliqua
1340 4326 1556 4398 omnia,
1590 4327 1742 4383 sicut
1791 4329 1848 4382 in
1893 4345 1984 4386 se-

340 4420 658 4494 quentibus
689 4417 1060 4491 signiﬁcavit.

2113 507 2209 560 τοῦ
2265 513 2398 563 Θεοῦ
2458 506 2733 583 λογιστέον
2766 530 2779 580 ;
2813 511 2976 588 φησὶν
3039 509 3165 579 οὖν,
3223 513 3306 566 ὅτι
3363 512 3418 566 αἱ
3476 508 3768 586 ἀγγελικαὶ

2115 593 2493 673 δημιουργίαι,
2537 598 2624 652 οἶά
2663 597 2804 662 τινές
2847 598 2976 653 εἰσιν
3031 593 3285 655 ἐπιϐολαὶ
3331 607 3433 670 τῆς
3486 604 3584 655 τοῦ
3633 604 3768 655 Θεοῦ

2114 683 2467 757 ἂγαθότητος’
2523 681 2786 756 ἐπιϐολὴν
2840 684 2896 742 δὲ
2926 687 3171 758 νοητέον,
3202 688 3300 756 τὴν
3352 688 3429 750 εἷς
3469 689 3534 743 τὸ
3565 690 3684 743 καθ’
3711 689 3769 743 ’ἐν

2112 777 2220 827 τῶν
2270 774 2666 848 παραγομένων
2737 777 3105 852 μεριζομένην
3161 776 3380 853 ἀμερῶς
3429 777 3642 848 κίνησιν
3703 781 3768 850 ⁷⁷,

2113 862 2384 917 τουτέστιν
2434 863 2510 925 εἷς
2556 866 2656 934 τήν
2701 866 2926 920 ἑκάστου
2975 870 3082 920 τῶν
3140 871 3351 936 νοητῶν
3401 868 3764 943 παραγωγήν.

2116 953 2341 1006 Δυνατὸν
2377 949 2433 1006 δὲ
2462 952 2552 1006 καὶ
2604 953 2746 1008 οὕτω
2783 961 2999 1024 νοῆσαι,
3032 954 3114 1010 ὅτι
3165 956 3217 1009 οἳ
3262 954 3457 1030 τρόποι
3487 961 3597 1010 τῶν
3629 957 3767 1030 πρὸς

2115 1040 2242 1094 Θεὸν
2304 1041 2568 1110 ὲνώσεων,
2627 1041 2855 1106 καθόσον
2934 1044 3124 1116 πρέπει
3181 1042 3451 1118 ἀγγέλους
3512 1043 3768 1109 ἐνοῦσθαι

2116 1133 2252 1199 Θεῷ,
2285 1131 2404 1192 καθ’
2450 1131 2511 1198 ἣν
2567 1131 2700 1205 πρὸς
2747 1133 2873 1186 Θεὸν
2924 1128 3136 1200 ἕνωσιν,
3170 1131 3205 1200 ἢ
3240 1127 3601 1188 ἐπιϐάλλουσι
3631 1134 3770 1188 κατὰ

2112 1217 2210 1284 τήν
2270 1216 2467 1271 οἷ’κείαν
2526 1217 2673 1288 ἀξίαν
2728 1223 2794 1292 τῇ
2854 1220 3148 1294 ἀγαθότητι
3204 1225 3302 1276 τοῦ
3359 1225 3514 1278 Θεοῦ.
3660 1243 3766 1276 πα-

2115 1301 2439 1379 ραδέχονται
2495 1308 2620 1380 παρ’
2677 1308 2840 1362 αὐτοῦ
2896 1314 2996 1377 τῆς
3053 1309 3389 1383 ἀγαθότητος
3438 1309 3608 1364 αὐτοῦ
3661 1312 3765 1379 τήν

2112 1393 2476 1468 ἀποκάλυψιν·
2533 1395 2620 1449 καὶ
2677 1395 2848 1458 οὕτως
2907 1396 3281 1468 ἀκατάληπτοί
3347 1397 3479 1453 εἷ’σιν
3537 1397 3600 1454 οὐ
3661 1399 3767 1472 μό-

2111 1503 2201 1536 νον
2251 1484 2410 1555 ἡμῖν,
2462 1481 2606 1538 ἀλλὰ
2647 1483 2737 1538 καὶ
2789 1489 2907 1548 τοῖς
2957 1484 3286 1561 κατωτέροις
3336 1486 3612 1562 ἀγγέλοις’
3660 1489 3766 1560 μόο

2111 1592 2224 1632 νοις
2285 1569 2342 1626 δὲ
2387 1577 2505 1634 τοῖς
2576 1573 2832 1628 ἀνωτάτω
2890 1572 3148 1650 ἀγγέλοις
3207 1577 3615 1650 γινώσκονται,
3673 1578 3768 1630 ἅτε

2111 1660 2441 1732 ἠξιωμένοις
2481 1661 2571 1715 τὸν
2624 1660 2913 1737 εἰρημένον
2963 1662 3164 1736 τρόπον
3213 1669 3321 1718 τῶν
3372 1665 3642 1720 ένώσεων.
3676 1666 3768 1722 Ἐν

2115 1745 2171 1802 δὲ
2201 1753 2278 1820 τῷ
2312 1749 2439 1824 Περὶ
2469 1756 2569 1818 τῆς
2602 1749 2850 1825 οὐρανίας
2882 1751 3168 1828 ἱεραρχίας
3198 1751 3349 1828 λόγῳ
3379 1753 3515 1828 φησί
3545 1754 3636 1808 καὶ
3665 1755 3766 1816 τὰς

2111 1837 2285 1908 τάξεις
2314 1839 2408 1900 τὰς
2441 1837 2734 1914 ἀγγελικάς
2748 1882 2760 1899 .

2184 2015 2419 2078 Ταύταις
2480 2016 2532 2069 οἱ
2588 2012 2870 2079 θεοειδεῖς.
2927 2017 3070 2080 Τοὺς
3131 2016 3384 2080 θεοειδεῖς
3439 2019 3611 2090 νόας,
3671 2021 3768 2085 οὓς

2114 2101 2581 2178 ἀγγελομιμήτως
2651 2103 2784 2181 φησὶ
2819 2149 2833 2173 ,
2891 2105 3010 2169 καθ’
3087 2104 3210 2160 ὅσον
3284 2105 3625 2185 ἐφικνοῦνται
3684 2111 3769 2172 εἷς

2111 2189 2300 2246 ἕνωσιν
2359 2191 2576 2265 ἄγεσθαι
2631 2197 2736 2247 τῶν
2794 2193 2959 2267 ἁγίων
3020 2191 3323 2267 δυνάμεων,
3379 2195 3443 2258 ἃς
3502 2194 3764 2271 δυνάμεις

2111 2280 2372 2354 ἀγγέλους
2419 2287 2668 2356 προεῖπε·
2719 2281 2846 2345 τοὺς
2899 2283 3018 2337 καθ’
3072 2286 3216 2356 ἡμᾶς
3279 2283 3570 2359 Θεολόγους
3626 2309 3763 2358 νοη-

2109 2372 2230 2424 τέον
2279 2373 2344 2437 ",
2393 2372 2678 2446 προφήτας
2730 2369 2787 2424 τέ
2835 2393 2977 2449 φημι
3025 2373 3115 2426 καὶ
3159 2372 3516 2439 ἀποστόλους
3565 2375 3624 2430 οὐ
3656 2378 3762 2453 γάρ

2111 2458 2176 2528 δὴ
2215 2460 2559 2530 ὑποληπτέον
2610 2459 2902 2535 ἀγγέλους,
2955 2461 3192 2535 μάλιστα
3237 2463 3296 2519 ἐκ
3323 2468 3421 2519 τοῦ
3447 2456 3764 2540 νάγγελομι-

2114 2551 2324 2621 μήτως,
2379 2549 2568 2603 εἰπεῖν·
2631 2546 2868 2624 ἅγγελος
2917 2551 3020 2625 γὰρ
3075 2548 3307 2626 ἄγγελον
3361 2551 3427 2606 οὗ
3489 2560 3763 2627 μιμεῖται,

2111 2636 2236 2692 ἀλλ’
2267 2639 2294 2692 ὁ
2325 2636 2586 2692 ἐλάττων·
2621 2637 2748 2699 νόας
2797 2635 2853 2693 δὲ
2891 2637 3076 2694 καλῶν
3122 2639 3250 2703 τοὺς
3297 2639 3610 2718 Θεολόγους,
3659 2647 3765 2714 τῆς

2109 2725 2566 2800 ἀγγελομιμήτου
2617 2727 2858 2788 ένώσεως
2903 2728 3040 2803 πρὸς
3085 2729 3216 2784 Θεὸν
3267 2728 3466 2794 αὐτοὺς
3508 2729 3607 2808 ἔφη
3641 2730 3764 2811 ἐφι-

2109 2819 2365 2884 κνεῖσθαι,
2415 2815 2490 2878 ὡς
2539 2812 2780 2884 δυνατὸν,
2831 2816 2966 2871 κατὰ
3015 2815 3319 2872 ἀπόπαυσιν
3371 2820 3550 2889 πάσης
3608 2820 3760 2896 ἐνερ-

2107 2903 2255 2978 γείας
2305 2906 2573 2976 κοσμικῆς
2622 2903 3026 2978 ἐκθεουμένους’
3084 2905 3171 2960 ἐπὶ
3228 2906 3330 2982 γὰρ
3386 2912 3494 2962 τῶν
3551 2915 3762 2983 νοερῶν

2106 2998 2208 3046 πᾶν
2262 2992 2468 3065 κίνημα
2523 2992 2613 3047 καὶ
2669 2997 2813 3047 πᾶσα
2869 2993 3148 3070 ἐνέργεια,
3203 2996 3292 3050 καὶ
3346 3000 3491 3051 πᾶσα
3547 2998 3761 3071 ἠρεμία

2109 3080 2340 3156 ἐνεργῶς
2397 3081 2528 3147 ἐστι,
2586 3082 2674 3135 καὶ
2733 3083 2870 3156 πρὸς
2917 3081 3236 3154 τελειότητα
3280 3084 3525 3140 ἑνοποιὸν
3557 3106 3759 3162 χειρα-

2107 3175 2375 3245 γωγοῦσα,
2437 3169 2542 3246 ε’ίγε
2598 3171 2647 3225 ἐν
2707 3176 2822 3232 τοῖς
2881 3170 3124 3235 αἰωνίοις
3182 3175 3274 3228 καὶ
3329 3174 3642 3248 ἀσωμάτοις
3701 3179 3756 3233 αἱ

2108 3258 2259 3313 οὖσαι
2312 3259 2536 3334 ἠρεμίαι
2581 3261 2670 3314 καὶ
2727 3259 2975 3335 ἡσυχίαι,
3034 3261 3124 3315 καὶ
3190 3266 3298 3316 τῶν
3357 3262 3640 3339 ἐνεργειῶν
3701 3268 3757 3322 αἱ

2107 3348 2463 3418 ἀποπαύσεις,
2509 3350 2571 3403 τὸ
2617 3350 2751 3404 κατὰ
2799 3349 2956 3426 φύσιν
3005 3351 3257 3426 πράττειν
3307 3355 3576 3422 ποιοῦσιν,
3617 3353 3755 3430 ὅπερ

2105 3435 2216 3491 ἐστὶ
2245 3443 2345 3506 τῆς
2376 3435 2679 3512 ἀοχλησίας
2708 3440 2752 3475 ἰθ
2781 3437 2869 3492 καὶ
2915 3436 3262 3510 τελειότητος
3310 3439 3389 3502 εἰς
3427 3438 3586 3497 ένάδα
3613 3446 3757 3518 πρό-

2106 3529 2273 3600 ξενον.

2178 3707 2550 3765 Ἀπόπαυσιν.
2613 3705 2899 3764 Ἀδύνατον
2954 3708 3058 3784 γὰρ
3117 3708 3381 3780 ἑνωθῆναι
3441 3716 3558 3784 Θεῷ
3591 3754 3605 3781 ,
3659 3714 3753 3769 καὶ

2105 3797 2232 3852 Θεὸν
2264 3796 2463 3871 τρόπον
2510 3796 2630 3852 τινὰ
2675 3795 2939 3872 γενέσθαι,
2990 3797 3034 3852 εἰ
3087 3799 3162 3871 μὴ
3218 3797 3475 3854 παύσεταί
3527 3821 3611 3863 τις
3635 3806 3748 3857 τῶν

2106 3885 2304 3940 ὑλικῶν
2366 3885 2645 3962 ἰνεργειῶν
2700 3884 2836 3941 κατά
2881 3905 2940 3941 τε
2996 3885 3244 3958 αἶ’σθησιν
3296 3887 3386 3942 καὶ
3443 3890 3580 3944 κατὰ
3626 3887 3750 3945 διά-

2100 3995 2268 4028 νοιαν.

2170 4067 2284 4117 Τῶν
2373 4058 2542 4116 ὄντων
2648 4061 2978 4140 ἀφαιρέσεως
3011 4106 3026 4119 .
3109 4064 3421 4142 Ἀφαίρεσιν
3528 4064 3746 4124 πάντων

2095 4155 2202 4204 τῶν
2258 4147 2426 4205 ὄντων
2484 4149 2644 4205 καλεῖ
2697 4152 2759 4205 τὸ
2809 4152 2944 4227 πρὸς
2996 4148 3166 4224 μηδὲν
3211 4157 3316 4206 τῶν
3367 4149 3536 4208 ὄντων
3568 4175 3745 4231 παρα-

2096 4233 2318 4294 ϐάλλειν
2376 4240 2437 4292 τὸ
2489 4241 2655 4308 θεῖον,
2714 4239 2859 4295 ἀλλά
2911 4237 3082 4316 λέγει,
3133 4241 3214 4295 ὅτι
3273 4241 3335 4296 οὐ
3393 4247 3576 4315 σῶμα,
3632 4245 3746 4319 οὐχ

2093 4324 2218 4398 ἕξις,
2252 4327 2313 4382 οὐ
2345 4325 2594 4401 δύναμις,
2625 4329 2712 4383 καὶ
2744 4329 2812 4383 τὰ
2841 4327 3011 4384 λοιπᾶ
3057 4330 3252 4401 πάντα,
3283 4331 3464 4393 καθὼς
3514 4329 3607 4388 διὰ
3631 4337 3738 4387 τῶν

2091 4417 2213 4487 ἑξῆς
2244 4416 2533 4490 ἐσήμανεν.

413 4513 532 4583 Ipse
556 4525 689 4565 vero
719 4507 887 4564 nihil.
924 4513 1102 4563 Deum
1147 4505 1293 4561 nihil
1343 4522 1488 4575 esse,
1523 4505 1604 4561 ita
1647 4505 1981 4578 intelligen-

2161 4505 2303 4562 Αὐτὸ
2361 4503 2418 4560 δὲ
2469 4502 2644 4562 οὐδέν.
2699 4505 2774 4563 Τὸ
2831 4503 2985 4562 οὐδὲν
3053 4505 3188 4561 εἶναι
3245 4507 3336 4562 τὸν
3398 4509 3528 4564 Θεὸν
3591 4507 3740 4565 οὕτω

337 4601 476 4656 dum
509 4604 620 4665 est,
653 4605 718 4655 ut
765 4597 910 4652 nihil
962 4597 1037 4652 sit
1083 4613 1284 4652 eorum
1336 4613 1462 4667 qua:
1512 4602 1688 4664 sunt;
1741 4603 1980 4670 superat

334 4690 488 4744 enim
549 4686 747 4742 omnia
805 4703 931 4757 quze
994 4690 1151 4753 sunt,
1187 4700 1318 4739 cum
1353 4684 1431 4738 sit
1461 4684 1725 4740 omnium
1784 4703 1979 4742 rerum

332 4794 540 4845 causa;
576 4776 704 4832 ideo
737 4780 886 4829 Deus
917 4777 974 4829 et
1005 4774 1223 4844 ubique
1255 4777 1312 4827 et
1343 4771 1552 4827 nullibi
1613 4791 1738 4828 esse
1785 4774 1858 4828 ab
1908 4774 1980 4828 iis

331 4867 432 4937 qui
459 4867 530 4921 de
559 4867 670 4921 Deo
729 4868 913 4935 agunt
971 4862 1215 4928 dicitur;
1260 4859 1534 4931 quoniam
1594 4861 1774 4933 igitur
1832 4880 1968 4918 nus-

328 4973 527 5025 quam,
561 4954 758 5010 omnia
791 4953 1026 5024 quidem
1062 4968 1163 5022 per
1195 4950 1387 5021 ipsum
1425 4956 1480 5004 et
1511 4950 1567 5002 in
1602 4950 1749 5020 ipso,
1782 4957 1845 5004 ut
1877 4952 1975 5023 qui

329 5061 442 5099 non
477 5046 555 5098 sit
585 5044 908 5115 quidquam
931 5039 1720 5111 universorum.Rursusque
1742 5039 1800 5094 in
1825 5041 1974 5111 ipso,

325 5137 392 5186 ut
421 5133 521 5204 qui
555 5132 774 5202 ubique
807 5131 913 5198 sit;
956 5134 1160 5185 caetera
1189 5145 1322 5184 vero
1360 5128 1557 5184 omnia
1605 5145 1707 5200 per
1753 5128 1972 5202 ipsum,

323 5219 464 5290 quia
491 5219 616 5289 ipse
646 5235 962 5290 nusquam,
997 5222 1053 5274 et
1084 5217 1354 5274 universa
1409 5216 1645 5288 quidem
1695 5218 1970 5289 complet,

2089 4593 2327 4663 νοητέον,
2371 4596 2443 4655 ὡς
2500 4599 2604 4648 τῶν
2666 4590 2834 4649 ὄντων
2897 4592 3065 4668 μηδὲν
3121 4592 3267 4650 ὄντα·
3328 4597 3460 4672 ὑπὶρ
3515 4597 3619 4672 γὰρ
3673 4599 3741 4654 τὰ

2090 4679 2216 4736 ὄντα
2248 4684 2275 4737 ὁ
2308 4680 2481 4744 αἴτιος
2526 4688 2632 4738 τῶν
2676 4680 2861 4738 ὄντων·
2896 4683 3015 4748 ὅθεν
3063 4686 3091 4739 ὁ
3136 4685 3265 4748 Θεὸς
3313 4686 3403 4741 καὶ
3451 4691 3738 4763 πανταχοῦ

2087 4773 2174 4826 καὶ
2239 4768 2482 4844 οὐδαμοῦ
2537 4771 2890 4846 θεολογεῖται’
2953 4771 3068 4828 ἐπεὶ
3123 4777 3251 4848 γοῦν
3301 4771 3549 4847 οὐδαμοῦ
3597 4775 3733 4848 ἐστι,

2085 4863 2258 4916 πάντα
2310 4861 2404 4933 μὲν
2448 4858 2516 4915 δι’
2568 4861 2734 4916 αὐτοῦ
2780 4864 2858 4930 ⁸ο,
2908 4861 2996 4916 καὶ
3048 4861 3100 4916 ἐν
3145 4862 3308 4934 αὐτῷ,
3354 4863 3430 4927 ὡς
3487 4865 3564 4936 μή
3617 4861 3736 4920 ὄντι

2089 4948 2256 5022 μηδὲν
2313 4955 2420 5004 τῶν
2481 4951 2716 5005 πάντων’
2750 4950 2840 5004 καὶ
2889 4949 2940 5004 ἐν
2992 4950 3140 5024 αὖτῷ
3186 4950 3374 5024 πάλιν,
3407 4952 3485 5015 ὡς
3533 4973 3732 5009 πανταο

2087 5043 2191 5114 χοῦ
2221 5036 2353 5107 ὄντι,
2385 5036 2540 5113 ἕτερα
2583 5035 2640 5092 δὲ
2688 5036 2757 5093 δι’
2787 5038 2948 5098 αὐτοῦ
2989 5040 3056 5095 τὰ
3102 5061 3296 5112 παντα,
3329 5040 3412 5096 ὅτι
3446 5040 3606 5104 αὐτὸς
3637 5043 3734 5098 οὖ-

2084 5125 2278 5201 δαμοῦ·
2314 5130 2404 5183 καὶ
2452 5126 2664 5203 πληροῖ
2720 5127 2814 5201 μὲν
2853 5129 2923 5183 τὰ
2967 5132 3162 5201 πάντα,
3195 5130 3268 5192 ὡς
3315 5135 3601 5206 πανταχοῦ
3632 5129 3731 5200 ὢν,

2080 5218 2217 5274 κατὰ
2243 5218 2332 5273 τὸν
2365 5218 2677 5295 προφήτην·
2724 5214 2970 5292 οὐδαμοῦ
3021 5215 3079 5274 δέ
3121 5218 3232 5274 ἐστι
3274 5220 3390 5275 καθ’
3419 5215 3604 5297 ἕτερον
3641 5219 3731 5276 λέ-

1325 5439 1563 5498 νΑΗυΕ.
1599 5441 1987 5500 LECTIONES
2026 5443 2115 5500 ET
2154 5441 2713 5503 CORRECTIONES.

384 5614 427 5649 ἰτ
450 5611 670 5684 Scribe,
703 5627 771 5667 ex
795 5608 1168 5683 Pachymere,
1203 5603 1448 5680 θέλησιν,
1480 5611 1830 5667 voluntatem.
1908 5611 1951 5646 ⁷⁸
1979 5631 1994 5683 τ

2109 5607 2470 5684 ὑποληπτέον.
2545 5615 2590 5652 ⁷⁸
2612 5632 2704 5690 γρ.
2730 5609 3153 5694 ἀνενοχλησίας.
3228 5615 3274 5656 ⁸ο
3301 5636 3392 5695 γρ.
3432 5615 3613 5677 αὐτόν.
