4000 6200
312 410 416 464 205

1057 414 1115 465 S.
1157 415 1425 467 MAXIM!
1467 412 1776 468 SCHOLIA
1814 416 1888 468 IN
1927 416 2056 468 LIB.
2099 416 2192 468 DE
2233 417 2507 471 DIVINIS
2545 417 2966 474 NOMINIBUS.

3608 421 3715 476 206

309 552 468 607 γοντα
501 550 514 565 ⁸
573 532 642 589 Ἦ
715 537 878 595 ποῖος
952 533 1121 596 τόπος
1194 539 1292 603 τῆς
1361 533 1747 597 καταπαύσεώς
1810 553 1951 607 μου;

2071 541 2136 592 ut
2165 536 2265 609 qui
2299 537 2515 610 ubique
2545 539 2642 606 sit,
2675 539 3001 596 secundum
3033 541 3396 613 prophetam;
3418 561 3712 618 nusquam

311 621 354 676 εἰ
410 619 516 696 γὰρ
578 619 742 695 μόνον
803 621 871 690 ἦν
931 627 1236 698 πανταχοῦ,
1270 621 1430 686 αὐτὸς
1457 621 1517 678 ἂν
1545 625 1611 693 ἦν
1664 623 1731 679 τὰ
1786 623 1961 678 πάντα

308 709 394 765 καὶ
426 709 479 766 ἰν
510 714 641 771 πᾶσι
670 714 916 774 τοπικῶς
949 729 962 744 ’
995 710 1167 776 οὕτως
1217 709 1309 768 οὗν
1358 711 1447 767 καὶ
1493 710 1668 784 οὐδὲν,
1701 713 1776 768 ὡς
1827 713 1958 786 ὑπὲρ

308 799 373 855 τὰ
400 796 551 857 ὄντα.

376 1064 537 1124 Ἀλλ’
585 1067 660 1129 ὡς
715 1061 896 1137 πάσης
965 1062 1144 1139 ἕξεως.
1202 1066 1352 1137 "Egi;
1400 1065 1494 1140 μὲν
1554 1067 1665 1122 ἐστι
1722 1065 1957 1133 διάθεσις

307 1153 549 1230 ἕμμονος
580 1175 593 1188 ·
625 1156 836 1227 κίνησις
885 1152 943 1211 δὲ
988 1154 1100 1212 ἐστι
1143 1156 1205 1211 τὸ
1262 1153 1838 1231 ἀντιδιαστελλόμενον
1887 1162 1955 1232 τῇ

305 1247 528 1322 ἠρεμίᾳ,
567 1245 702 1320 μετὰ
755 1243 983 1301 πολλῶν
1036 1246 1316 1319 τιθέμενον
1347 1266 1358 1277 ’
1420 1248 1533 1316 ζωὴ
1591 1245 1648 1302 δὲ
1691 1246 1751 1302 τὸ
1792 1253 1957 1303 ταῦτα

306 1333 549 1391 δεικνὺον
609 1333 801 1410 ἐνεργά
832 1353 845 1366 ⁸
881 1333 1142 1404 φαντασία
1191 1332 1249 1389 δὲ
1295 1335 1360 1390 τὸ
1409 1333 1462 1390 ἐν
1516 1333 1730 1409 διανοίᾳ
1759 1339 1954 1392 ἄνατυο

304 1423 544 1480 πωτικόν
580 1443 594 1456 °
629 1421 757 1494 δόξα
803 1420 860 1479 δὶ
898 1422 1446 1501 πεπληροφορημὲνη
1480 1422 1758 1500 ὑπόληψις
1793 1445 1806 1459 ·
1841 1423 1956 1481 δια-

306 1513 454 1592 φέρει
503 1511 564 1568 δὲ
608 1512 798 1584 νόησις
845 1510 1111 1583 διανοίας,
1159 1513 1242 1567 ὅτι
1282 1514 1344 1568 τὸ
1397 1514 1490 1588 μὶν
1538 1510 1680 1569 ἔστιν
1730 1513 1818 1570 ἐπὶ
1859 1519 1956 1570 τοῦ

307 1601 659 1673 διανοητικοῦ
702 1609 804 1672 τῆς
847 1605 1054 1678 ψυχῆς,
1086 1602 1151 1657 τὸ
1199 1599 1257 1657 δὶ
1309 1603 1409 1672 τὴν
1463 1607 1560 1658 τοῦ
1605 1601 1956 1673 διανοητικοῦ

303 1693 515 1764 κίνησιν
540 1690 728 1764 δηλοῖ.
758 1696 932 1747 Ταῦτα
962 1689 1019 1746 δὶ
1042 1690 1214 1747 πάντα
1241 1691 1331 1747 καὶ
1378 1693 1446 1747 τὰ
1495 1689 1640 1748 ἄλλα
1686 1692 1784 1748 ὅσα
1829 1693 1954 1748 τοὺ-

304 1803 424 1844 τοις
455 1777 900 1856 συγκατείλεκται
931 1780 1031 1836 οὐκ
1083 1779 1239 1836 οὐσία
1291 1779 1455 1850 ἰστίν,
1487 1781 1548 1836 ἀλ
1564 1780 1636 1836 λὰ
1679 1783 1801 1856 περὶ
1863 1782 1954 1838 οὐ·

309 1872 424 1927 σίαν
486 1871 678 1945 ὁρᾶται
720 1887 732 1905 ·

305 1983 406 2018 των
417 2005 434 2020 ο

369 2146 483 2210 Τῆς
537 2138 794 2216 θεαρχίας
844 2139 1128 2212 πρόνοιαν.
1188 2139 1282 2195 Ἐκ
1327 2137 1534 2194 τούτων
1608 2139 1664 2193 αἱ
1730 2139 1953 2211 ἀνόητοι

305 2230 451 2302 δόξαι
482 2229 768 2286 ἆκλὺονται
793 2232 902 2284 τῶν
931 2227 1330 2300 τολμησάντων
1360 2225 1540 2303 λέγειν
1571 2229 1632 2284 τὸ
1680 2226 1954 2307 δημιουρ-

303 2320 459 2396 γικὸν
517 2319 672 2398 φύσει
722 2317 830 2373 τινὶ
862 2317 1053 2372 ἐνεῖναι
1083 2321 1165 2390 τῷ
1210 2321 1345 2389 Θεῷ,
1378 2316 1452 2380 ὡς
1509 2319 1599 2372 καὶ
1645 2325 1762 2381 τοῖς
1820 2320 1950 2395 ἀρα-

304 2410 482 2486 χνίοις
508 2409 574 2463 τὸ
605 2407 844 2486 ὑφαίνειν
879 2426 892 2438 ⁶
928 2406 1061 2482 φησὶ
1114 2405 1216 2480 γὰρ
1276 2403 1365 2460 διὰ
1416 2402 1589 2479 μόνην
1647 2407 1953 2483 ἀγαθότητα

303 2500 360 2555 τὸ
387 2506 495 2555 πᾶν
529 2502 865 2574 παραγαγεῖν
890 2496 984 2552 τὸν
1015 2497 1143 2552 Θεόν
1179 2515 1192 2527 ο
1228 2493 1311 2550 διὸ
1351 2495 1439 2550 καὶ
1487 2497 1680 2560 πάντες
1728 2499 1779 2551 οἱ
1832 2510 1950 2563 θεο-

307 2589 456 2664 λόγοι
489 2587 555 2644 tu
587 2588 681 2661 μὶν
709 2591 819 2642 τῶν
857 2585 1020 2641 αὑτοῦ
1066 2589 1164 2640 τοῦ
1219 2589 1376 2654 Θεοῦ,
1404 2586 1679 2641 τουτέστιν
1739 2585 1799 2642 ἐκ
1845 2594 1948 2657 τῆς

307 2679 488 2741 οὐσίας
519 2677 687 2733 αὑτοῦ
719 2677 780 2732 οὐ
809 2673 1092 2749 τολμῶσιν
1128 2675 1312 2748 ὑμνεῖν
1347 2673 1506 2730 αὐτόν
1541 2694 1554 2707 °
1583 2675 1951 2751 ἀνεπίγνωστα

306 2768 404 2845 γάρ
435 2789 451 2804 ·
514 2766 736 2824 ἀλλ’ὶκ
788 2772 891 2835 τῆς
948 2764 1025 2828 εἷς
1075 2763 1143 2819 τὰ
1197 2761 1298 2834 ἔξω
1352 2762 1615 2840 προόδου,
1663 2765 1786 2834 ἥτις
1837 2765 1946 2821 ἐστὶ

305 2861 560 2934 πρόνοια,
616 2856 684 2911 τὰ
737 2854 972 2924 «tum,
1026 2853 1271 2909 τουτέστι
1318 2853 1386 2908 τὰ
1441 2853 1493 2923 ἐξ
1551 2853 1728 2909 αἰτίου
1783 2855 1949 2910 αὐτοῦ

307 2949 591 3016 συστάντα,
648 2945 747 3014 τὴν
824 2943 948 3018 περὶ
1004 2942 1071 2997 τὰ
1126 2944 1298 2997 πάντα
1352 2942 1609 3017 πρόνοιαν
1665 2949 1762 3000 τοῦ
1817 2950 1950 3000 Θεοῦ

307 3038 721 3110 ὑμνολογοῦσι·
773 3034 843 3088 τὰ
895 3031 997 3108 γὰρ
1071 3033 1246 3086 πάντα
1319 3039 1421 3102 τῆς
1493 3034 1644 3097 θοίας
1693 3033 1949 3107 προνοίας

303 3125 525 3203 ἐφίεται,
560 3123 633 3179 δι’
661 3125 726 3192 ἧς
761 3121 852 3177 καὶ
905 3122 1141 3196 ὑπάρχει
1189 3122 1279 3176 καὶ
1339 3120 1666 3189 συνίσταται,
1698 3121 1844 3177 ἀλλὰ
1886 3123 1951 3178 τὰ

307 3217 396 3286 μὶν
425 3215 594 3289 νοερὰ
621 3213 711 3268 καὶ
751 3209 952 3287 λογικὰ
997 3214 1310 3286 γνωστικῶς
1342 3227 1358 3244 ⁸
1389 3213 1554 3286 νοερὰ
1609 3208 1666 3266 δὲ
1707 3209 1943 3286 λέγεται,

304 3303 394 3358 ὅσα
423 3301 515 3357 διὰ
545 3304 608 3356 τὸ
666 3305 790 3362 νοῦς
851 3299 1004 3371 εἶναι,
1037 3303 1150 3354 νοεῖ
1197 3299 1264 3354 τὰ
1322 3299 1679 3375 ὑπερκείμενα
1727 3302 1899 3371 νοητά
1931 3320 1944 3332 ·

305 3393 492 3462 νοητὸν
523 3391 628 3467 γάρ
660 3388 770 3444 ἐστι
817 3389 880 3443 τὸ
929 3388 1249 3461 νοούμενον,
1277 3387 1410 3464 ὅπερ
1458 3389 1548 3444 καί
1603 3393 1777 3467 τροφή
1837 3388 1948 3445 ἐστι

305 3485 396 3536 τοῦ
424 3484 619 3557 νοεροῦ
652 3479 768 3534 ἀντὶ
797 3476 992 3532 τούτου
1046 3481 1324 3539 νοοῦντος.
1355 3479 1498 3534 ’Ὀσα
1553 3477 1643 3532 οὑν
1703 3479 1838 3534 κατὰ
1886 3480 1949 3534 τὸ

305 3571 460 3645 νοερὰ
518 3567 653 3624 εἶναι
712 3568 804 3622 ἅτε
852 3569 978 3629 νοῦς
1029 3571 1163 3635 νοεῖ,
1193 3570 1362 3622 ταῦτα
1405 3563 1605 3642 λογικὰ
1633 3563 1780 3636 ὄντα,
1815 3589 1954 3644 γνω-

310 3663 502 3720 στικῶς
535 3651 910 3712 ἐπιϐάλλοντα
934 3658 1004 3728 τῇ
1041 3659 1138 3710 τοῦ
1195 3659 1329 3711 Θεοῦ
1384 3656 1634 3729 προνοίᾳ,
1664 3655 1951 3733 ἀναλόγως

307 3747 509 3824 ἰφίεται
567 3749 666 3801 τοῦ
716 3749 852 3801 Θεοῦ
885 3764 897 3778 ·
933 3743 1032 3800 ὅσα
1088 3741 1146 3799 δὲ
1203 3739 1514 3814 ὑποϐέϐηκε
1560 3745 1628 3800 τὰ
1654 3745 1834 3820 νοερὰ,
1865 3745 1953 3801 καί

303 3836 400 3892 εἰσι
457 3835 619 3910 ψυχή
678 3833 989 3904 αἰσθητικὴ,
1024 3833 1230 3909 Θηρίων
1281 3829 1426 3908 λέγω
1465 3833 1555 3888 καὶ
1583 3835 1822 3904 πάντων,
1856 3835 1954 3908 ἐμ-

303 3926 497 4001 ψύχων
534 3925 633 3998 μὲν
665 3921 955 3995 σωμάτων,
984 3921 1198 3998 ἀλόγων
1232 3918 1309 3993 δὲ,
1341 3923 1414 3976 ὧν
1454 3925 1489 3992 ἡ
1541 3925 1694 3999 ψυχὴ
1740 3923 1800 3978 ἐκ
1845 3928 1952 3978 τῶν

304 4014 595 4090 στοιχείων
623 4012 714 4068 καὶ
744 4015 843 4066 τυῦ
890 4009 1084 4066 ἐνὺλου
1129 4012 1300 4087 πυρὸς
1351 4017 1676 4084 συνεστῶσα,
1707 4011 1760 4067 ἐν
1805 4011 1957 4067 πνεύ-

306 4127 429 4176 ματι
463 4102 650 4174 ὶνύλῳ
678 4097 796 4176 ἔχει
827 4100 889 4155 τὸ
921 4101 1052 4155 εἶναι
1087 4116 1101 4130 ⁸
1129 4104 1315 4173 ταῦτα,
1353 4101 1517 4173 μόνον
1551 4100 1611 4156 ἐκ
1637 4109 1735 4171 τῆς
1765 4101 1955 4172 αἰσθή-

309 4214 438 4255 σεως
471 4190 910 4262 συνελαυνόμενα
939 4189 1014 4251 είς
1045 4190 1108 4244 τὸ
1139 4192 1327 4262 πεινῆν
1383 4190 1473 4245 καὶ
1532 4188 1718 4265 διψῇν,
1751 4189 1955 4269 ἐφίεται

307 4280 536 4344 εἰκότως
589 4279 864 4349 αἰσθητῶς
918 4281 1014 4334 τοῦ
1070 4283 1471 4353 χορηγοῦντος,
1503 4278 1579 4341 ὡς
1634 4280 1697 4334 τὸ
1731 4299 1742 4312 ·
1777 4281 1957 4335 Πάντα

307 4372 438 4444 πρὸς
496 4369 561 4425 σὲ
610 4365 958 4444 προσδοκῶσι
1013 4371 1112 4422 τοῦ
1169 4364 1351 4422 δοῦναι
1402 4368 1502 4437 τήν
1579 4369 1784 4446 τροφὴν
1861 4369 1957 4424 αὑ-

303 4464 406 4514 τῶν
438 4459 520 4522 εἷς
556 4455 806 4534 εὔκαιρον
839 4476 852 4488 ·
886 4455 977 4512 καί
1032 4460 1259 4511 τοιαῦτα
1308 4455 1492 4512 πολλὰ
1547 4458 1637 4512 καὶ
1685 4459 1833 4533 παρὰ
1881 4463 1960 4531 τῷ

306 4543 425 4603 Ἰὼϐ
449 4547 549 4602 καὶ
579 4551 661 4620 τῷ
688 4543 850 4601 Δαυὶδ
882 4545 1147 4622 εὑρήσεις.
1180 4545 1279 4600 Καὶ
1321 4546 1388 4601 τὰ
1434 4544 1579 4601 ἄλλα
1622 4545 1801 4620 μέντοι
1862 4545 1960 4602 ὅσα

2066 642 2200 682 vero
2229 627 2360 698 (est,
2408 629 2735 686 secundum
2793 629 2973 685 alium
3035 629 3326 688 dicentem
3379 648 3392 688 :
3442 635 3546 690 Aul
3590 637 3714 706 quis

2067 715 2221 772 locus
2250 716 2613 787 requietioni:
2640 732 2784 775 meae
2812 718 2933 789 (e)?
2965 719 3024 775 Si
3074 720 3232 776 enim
3280 723 3510 777 tantum
3560 727 3715 779 esset

2065 803 2303 876 ubique,
2335 803 2462 877 ipse
2493 807 2750 878 profecto
2781 812 2938 864 esset
2975 807 3176 864 omnia
3222 812 3280 865 et
3327 809 3387 865 in
3437 811 3713 868 omnibus

2065 890 2381 951 localiter:
2431 895 2516 952 sic
2566 896 2748 968 igitur
2796 901 2854 953 et
2901 896 3072 968 nihil,
3123 901 3188 954 ut
3232 914 3417 970 supra
3467 915 3536 956 ea
3581 916 3710 971 qua:

2065 985 2224 1039 sunt

2141 1073 2417 1144 Tanquam
2448 1073 2516 1129 ab
2562 1076 2720 1131 omni
2765 1074 2982 1131 habitu.
3034 1075 3282 1132 Habitus
3331 1077 3569 1148 quidem
3621 1081 3712 1136 est

2063 1161 2315 1232 qualitas
2345 1163 2717 1233 immanens;’
2743 1167 2939 1221 motus
2972 1169 3168 1222 autem
3201 1173 3288 1222 est
3317 1168 3476 1238 quod
3525 1184 3711 1240 oppo-

2062 1250 2226 1306 nitur
2254 1252 2461 1323 quieti,
2494 1269 2623 1324 quaa
2654 1254 2944 1326 oppositio
2975 1255 3033 1309 in
3066 1254 3267 1310 multis
3307 1256 3464 1313 104
3513 1257 3713 1314 consi-

2063 1340 2165 1396 stit
2197 1342 2351 1397 :vita
2380 1349 2574 1398 autem
2606 1342 2884 1415 ostendit,
2921 1342 3039 1400 haec
3071 1359 3200 1400 esse
3227 1344 3517 1415 efﬁcacia;
3569 1345 3715 1402 ima-

2061 1429 2280 1501 ginatio
2309 1447 2444 1487 vero
2475 1437 2564 1512 est
2595 1432 2652 1487 id
2683 1432 2834 1503 quod
2867 1433 2927 1487 in
2979 1431 3278 1488 intellectu
3325 1434 3540 1490 format
3578 1449 3714 1506 spe-

2061 1517 2200 1586 cies,
2224 1519 2421 1592 opinio
2452 1526 2648 1577 autem
2679 1526 2769 1577 est
2799 1537 3085 1593 persuasa
3114 1522 3472 1592 conjectura.
3506 1522 3712 1580 Ditl‘ert

2062 1623 2235 1678 porro
2259 1608 2576 1665 intellectio
2606 1609 2679 1665 ab
2711 1609 3179 1681 intellectu,quia
3207 1611 3302 1666 hic
3332 1615 3421 1666 est
3448 1610 3509 1667 in
3534 1612 3714 1668 facul-

2062 1700 2181 1752 tate
2209 1697 2571 1770 intelligendi
2601 1699 2832 1768 animaa,
2865 1698 2970 1756 illa
2999 1704 3194 1756 autem
3220 1703 3446 1756 motum
3473 1701 3712 1758 faculta-

2062 1784 2139 1841 tis
2195 1785 2564 1859 intelligendi
2622 1787 2898 1844 declarat.
2948 1792 3082 1844 Hazc
3129 1793 3328 1845 autem
3386 1790 3603 1860 omnia,
3652 1794 3712 1846 et

801 1868 918 1926 ὅθεν
977 1870 1065 1925 καὶ
1128 1867 1329 1925 διεῖλεν
1403 1869 1571 1939 αὐτὴν
1650 1871 1755 1926 ἀπὸ
1827 1871 1952 1926 τοὺ-

2067 1891 2311 1947 quaaque
2343 1875 2435 1933 his
2465 1882 2856 1934 annumerata
2886 1883 3046 1946 sunt,
3079 1895 3196 1934 non
3245 1882 3384 1935 sunt
3428 1879 3706 1946 essentia,

2063 1965 2352 2025 sedcirca
2382 1967 2702 2022 essentiam
2733 1967 3036 2036 videntur;
3068 1967 3196 2024 ideo
3229 1984 3463 2040 quoque
3493 1968 3566 2024 ab
3613 1968 3708 2026 his

2061 2054 2380 2111 essentiam
2413 2055 2699 2111 distinxit.

2133 2143 2374 2199 Summae
2420 2145 2648 2201 deitatis
2693 2146 3073 2217 providentia.
3123 2146 3203 2202 Ex
3249 2145 3344 2202 his
3401 2145 3713 2206 solvuntur

2061 2232 2252 2288 stulta
2301 2234 2696 2305 quorumdam
2747 2235 3055 2306 opiniones
3103 2235 3448 2291 audentium
3498 2237 3708 2305 dicere,

2061 2320 2398 2377 facultatem
2430 2323 2665 2377 creandi
2695 2339 2797 2394 per
2827 2327 3100 2379 naturam
3151 2324 3470 2394 quamdam
3515 2325 3710 2382 inesse

2059 2414 2195 2479 Deo,
2229 2412 2383 2467 sicut
2430 2411 2661 2467 araneis
2707 2416 2930 2479 texere;
2981 2411 3122 2466 dicit
3166 2411 3322 2467 enim
3373 2429 3475 2483 per
3521 2413 3710 2469 solam

2060 2499 2405 2566 bonitatem,
2433 2501 2618 2556 Deum
2649 2505 2861 2556 cuncta
2890 2500 3211 2572 producere
3245 2518 3258 2556 :
3292 2500 3421 2556 ideo
3453 2500 3708 2574 theologi

2060 2603 2265 2644 omnes
2295 2605 2362 2644 ex
2394 2589 2569 2645 rebus
2599 2605 2726 2660 qua:
2757 2588 2857 2644 Dei
2889 2588 3112 2655 sunt,id
3142 2593 3234 2644 est
3261 2605 3330 2644 ex
3360 2589 3489 2660 ejus
3515 2605 3710 2647 essen-

2058 2678 2162 2744 tia,
2189 2695 2304 2734 non
2337 2678 2556 2734 audent
2584 2678 2780 2750 ipsum
2813 2677 3077 2743 laudare,
3112 2677 3323 2749 ignotae
3351 2677 3508 2734 enim
3543 2681 3706 2744 sunt,

2059 2767 2158 2822 sed
2189 2782 2256 2822 ex
2286 2767 2415 2838 ejus
2447 2783 2724 2839 processu
2755 2768 2827 2822 ad
2859 2771 3040 2834 extra,
3066 2766 3166 2838 qui
3199 2771 3289 2822 est
3318 2766 3706 2838 providentia,

2057 2857 2298 2927 effectus,
2321 2856 2374 2911 id
2413 2861 2500 2912 est
2529 2873 2656 2928 quas
2687 2873 2753 2912 eo
2784 2860 3021 2913 auctore
3047 2855 3400 2920 consistunt,
3415 2855 3519 2911 Dei
3550 2855 3706 2912 circa

2058 2944 2258 3000 omnia
2283 2944 2710 3016 providentiam
2761 2944 3102 3018 praedicant.
3149 2943 3362 3000 Omnia
3409 2944 3704 3017 siquidem

2058 3033 2315 3089 divinam
2347 3033 2771 3105 providentiam
2804 3037 3107 3106 appetunt,
3141 3049 3245 3106 per
3277 3049 3453 3106 quam
3483 3038 3624 3091 sunt
3652 3038 3708 3091 et

2058 3121 2411 3193 consistunt,
2445 3122 2837 3194 intelligentia
2866 3127 2922 3178 et
2952 3121 3394 3194 rationalia,per
3423 3123 3706 3195 cognitio-

2059 3228 2214 3280 nem;
2238 3210 2629 3284 intelligentia
2653 3227 2786 3267 vero
2819 3211 3099 3267 dicuntur
3128 3227 3278 3284 quas,
3302 3210 3519 3267 idcirco
3549 3211 3706 3282 quod

2056 3304 2283 3357 mentes
2313 3300 2455 3369 sint,
2486 3298 2880 3372 intelligibilia
2910 3317 3092 3371 supra
3138 3316 3200 3355 se
3252 3298 3441 3370 posita
3486 3297 3706 3354 intelli-

2057 3395 2224 3462 gunt;
2257 3390 2624 3462 intelligibile
2655 3390 2812 3446 enim
2845 3395 2934 3446 est
2963 3390 3120 3461 quod
3152 3386 3524 3460 intelligitur,
3549 3389 3702 3461 quod

2058 3480 2236 3535 etiam
2304 3484 2394 3536 est
2457 3479 2624 3536 cibus
2689 3481 2877 3554 νοεροῦ
2947 3477 3378 3552 (intelligentia)
3444 3495 3547 3550 pro
3605 3475 3706 3531 τοῦ

2059 3571 2334 3629 νοοῦντος.
2368 3570 2502 3634 Quae
2557 3569 2760 3640 igitur,
2811 3567 2947 3639 quia
2996 3566 3385 3639 intelligentia
3429 3571 3590 3635 sunt,
3641 3570 3707 3622 ut

2061 3661 2288 3712 mentes
2314 3656 2670 3727 intelligunt,
2703 3656 2927 3725 eadem,
2956 3671 3084 3710 cum
3117 3655 3238 3711 sint
3267 3654 3705 3727 rationalia,per

2061 3744 2453 3817 cognitionem
2484 3745 2696 3801 divine
2727 3743 3099 3816 providentia;
3138 3742 3522 3815 intelligentia
3563 3760 3698 3799 cum

2062 3834 2436 3906 proportione
2466 3834 2652 3889 Deum
2684 3836 2969 3904 appetunt
3007 3849 3021 3888 :
3074 3848 3200 3904 quae
3253 3847 3386 3888 vero
3436 3831 3715 3889 inferiora

2063 3927 2202 3978 sunt
2226 3921 2712 3993 intelligentibus;
2743 3925 2800 3977 et
2829 3924 2969 3978 sunt
3017 3920 3214 3977 anima
3259 3919 3518 3992 sensilia,
3565 3922 3714 3979 fera-

2061 4011 2675 4084 rum,inquam,atque
2709 4009 2974 4067 omnium
3032 4009 3429 4066 animatorum
3477 4010 3715 4082 quidem

2063 4118 2372 4173 corporum
2404 4102 2503 4157 sed
2545 4099 2998 4166 irrationalium,
3053 4115 3305 4171 quorum
3355 4099 3554 4156 anima
3599 4099 3716 4156 ele-

2067 4189 2281 4246 mentis
2311 4195 2369 4245 et
2401 4190 2653 4246 naturali
2685 4190 2820 4263 igne
2849 4193 3104 4257 constat,
3154 4188 3215 4244 in
3267 4189 3482 4261 spiritu
3537 4196 3721 4246 mate-

2069 4278 2196 4335 riali
2245 4279 2462 4336 habent
2509 4295 2672 4348 esse;
2716 4279 2840 4334 hac
2873 4277 3066 4336 solum
3101 4294 3170 4334 ex
3201 4294 3377 4334 sensu
3411 4278 3718 4349 compulsa

2067 4370 2135 4424 ad
2187 4368 2566 4425 esuriendum
2621 4372 2678 4424 et
2735 4367 3080 4437 sitiendum,
3132 4367 3341 4422 merito
3389 4365 3726 4422 desiderant

2067 4457 2270 4514 sensili
2303 4459 2474 4513 modo
2505 4473 2638 4513 eum
2669 4456 2770 4528 qui
2803 4456 3152 4528 praebeat,ut
3183 4455 3324 4510 illud
3359 4453 3674 4526 Scriptura:
3702 4471 3716 4510 :

2069 4546 2273 4603 Omnia
2303 4555 2416 4602 ate
2463 4549 2777 4618 exspectant
2822 4548 2882 4600 ut
2928 4544 3022 4599 de:
3072 4543 3196 4598 illis
3244 4559 3423 4600 escam
3473 4543 3717 4614 ipsorum

302 4638 398 4708 τήν
430 4637 673 4713 φυτικὴν
711 4633 830 4704 ἤτοι
865 4636 1097 4705 ζωτικὴν
1149 4635 1317 4708 μόνην
1367 4635 1705 4706 ἀναισθήτως
1760 4657 1819 4691 τε
1874 4651 1952 4698 καὶ

2073 4638 2136 4692 in
2162 4639 2402 4707 tempore
2421 4645 2726 4707 Opportuna
2751 4632 3076 4705 (f).Similia
3097 4647 3330 4704 quoque
3352 4630 3538 4688 multa
3557 4646 3721 4703 repe-

304 4726 539 4802 ὰψύχως
573 4720 692 4800 ἔχει
721 4723 956 4795 κίνησιν,
986 4725 1060 4784 ὡς
1089 4723 1158 4778 τὰ
1197 4724 1336 4801 φυτὰ
1376 4723 1548 4778 πάντα
1597 4723 1688 4778 καὶ
1739 4723 1958 4800 βοτάναι

302 4819 488 4888 πᾶσαι,
553 4815 710 4869 ἅτινα
764 4813 855 4866 καὶ
917 4811 1142 4881 ζωτικὸν
1199 4816 1409 4886 πνεῦμα
1479 4811 1642 4886 μόνον
1699 4818 1958 4869 συνιστῶν

303 4899 520 4980 ἔχουσι,
554 4903 656 4971 τὴν
715 4902 918 4956 ἑαυτῶν
979 4900 1160 4956 οὐσίαν
1218 4899 1337 4958 ἄνευ
1389 4900 1714 4973 αἰσθήσεως,
1770 4903 1844 4965 ὡς
1895 4903 1964 4958 τὰ

306 4991 500 5066 δένδρα
549 4993 746 5060 πάντα,
778 4991 854 5052 ὡς
897 4988 1131 5065 εἷ’ρηται,
1187 4991 1279 5046 καὶ
1326 4989 1394 5045 τὰ
1439 4995 1664 5046 τοιαῦτα
1708 4994 1844 5046 κατὰ
1899 4992 1963 5048 τὸ

301 5079 765 5156 ἀποξηραίνεσθαι
805 5083 903 5134 τοῦ
961 5084 1188 5158 φυτικοῦ
1245 5079 1556 5152 πνεύματος
1612 5080 1964 5166 στερούμενα,

300 5169 370 5226 δ’
470 5173 493 5192 ν
681 5173 708 5185 ν
969 5169 996 5224 ὁ
1129 5165 1154 5186 ν
1227 5193 1238 5206 ‘
1399 5169 1413 5190 \
1529 5169 1542 5189 ’
1604 5169 1614 5188 ί
1803 5192 1815 5204 ⁸
1944 5165 1958 5192 ἱ

337 5194 353 5226 ι
430 5193 496 5227 ου
555 5190 835 5227 κινουνται
887 5189 961 5244 πρ
1002 5191 1026 5231 ς
1090 5170 1254 5240 αυξηθ
1325 5190 1415 5225 και
1493 5169 1774 5233 ευθαλειαν
1879 5169 1968 5227 δια

298 5265 462 5316 τοῦτο
517 5258 673 5315 δοκεῖ
717 5259 808 5313 καὶ
856 5261 1022 5312 ταῦτα
1081 5257 1315 5336 ἐφίεσθαι
1356 5265 1457 5327 τῆς
1489 5257 1636 5322 θείας
1685 5259 1966 5334 προνοίας,

302 5349 383 5427 ἐφ’
442 5350 491 5421 ᾧ
553 5348 645 5403 καὶ
705 5347 1016 5402 συνεστάναι
1069 5345 1158 5400 καὶ
1218 5346 1396 5411 ἀνθεῖν
1432 5365 1444 5378 ·
1479 5345 1596 5410 ὅθεν
1656 5348 1748 5402 καὶ
1803 5352 1970 5403 ταῦτα

299 5432 800 5515 παραλαμϐάνεται
831 5433 882 5490 ἐν
913 5439 994 5508 τῷ
1025 5435 1155 5509 ρμη⁹
1199 5432 1428 5509 ψαλμῷ,
1456 5436 1624 5491 αἰνεῖν
1669 5436 1762 5490 τὸν
1815 5437 1968 5507 Θεὸν,

299 5523 390 5582 διὰ
416 5533 525 5598 τῆς
555 5525 722 5582 αὑτοῦ
755 5524 1080 5587 συστάσεως.
1113 5523 1347 5600 Μετὲχει
1380 5522 1473 5580 οῦν
1505 5526 1590 5580 καὶ
1645 5529 1814 5581 ταῦτα
1869 5530 1970 5595 τῆς

363 5750 439 5822 (ε)
471 5747 595 5804 Isa.
630 5761 780 5802 τινι.
815 5746 877 5813 l;
907 5746 1036 5802 Act.
1068 5761 1174 5810 vn,
1205 5744 1294 5800 49,
1371 5743 1443 5816 (f)
1475 5744 1626 5802 Psal.
1655 5761 1780 5810 cm,
1810 5744 1904 5803 27.

2070 4727 2184 4782 ries
2214 4725 2273 4780 in
2303 4725 2414 4780 Job
2444 4729 2501 4780 et
2529 4723 2764 4779 Davide.
2800 4723 2978 4778 Porro
3011 4719 3126 4776 alia
3178 4736 3306 4792 quae
3358 4718 3543 4775 solam
3593 4735 3720 4774 cre-

2069 4815 2271 4872 scendi
2301 4830 2402 4870 seu
2432 4812 2664 4868 vivendi
2693 4811 3017 4867 eﬂ‘ectivam
3051 4809 3178 4865 sine
3210 4824 3386 4864 sensu
3417 4811 3475 4863 et
3520 4807 3720 4864 anima

2072 4904 2390 4960 motionem
2423 4902 2663 4970 habent,
2708 4901 2863 4956 sicut
2911 4900 3125 4968 plantae
3173 4911 3380 4952 omnes
3427 4905 3484 4952 et
3531 4897 3722 4952 herbas

2074 4993 2382 5059 universis,
2417 5007 2544 5062 quaa
2578 4988 2810 5044 vitalem
2845 4986 3120 5057 spiritum
3153 4984 3345 5039 solum
3399 4987 3726 5040 consisten-

2073 5089 2193 5138 tem
2217 5080 2452 5147 habent,
2475 5095 2640 5133 suam
2666 5074 2985 5131 essentiam
3004 5073 3130 5129 sine
3154 5088 3356 5136 sensu,
3391 5077 3456 5128 ut
3485 5073 3725 5129 arbores

2075 5186 2297 5236 omnes,
2331 5169 2484 5224 sicut
2514 5167 2737 5222 dictum
2769 5169 2879 5232 est,
2912 5167 2969 5219 et
3014 5159 3260 5233 similia,
3307 5177 3444 5218 cum
3492 5178 3726 5219 exares-

2076 5263 2234 5326 cunt,
2265 5257 2585 5330 vegetativo
2627 5252 2932 5326 privantur
2983 5250 3216 5323 spiritu,
3273 5267 3376 5323 per
3423 5269 3598 5325 quem
3652 5251 3724 5308 ad

2077 5346 2466 5403 accretionem
2496 5348 2554 5400 et
2582 5341 3069 5416 germinationem
3121 5339 3544 5413 impellantur;
3596 5341 3726 5397 ideo

2079 5436 2200 5491 haec
2221 5452 2456 5507 quoque
2483 5433 2758 5489 videntur
2786 5431 2935 5488 105
2989 5429 3251 5486 divinam
3303 5429 3728 5502 providentiam

2081 5528 2442 5595 expetere,ut
2471 5522 2799 5577 consistant
2827 5525 2886 5575 et
2915 5519 3178 5590 ﬂoreant,
3211 5520 3368 5576 unde
3396 5522 3571 5575 etiam
3607 5517 3729 5574 haec
