  <div class='ocr_page' id='page_1' title='image "/cluster/home/n/w/nwhite01/storage/ocr_20150623/4/hvd.32044073426538/113.png"; bbox 0 0 4000 6200; ppageno 0'>
   <div class='ocr_carea' id='block_1_1' title="bbox 267 332 369 389">
    <p class='ocr_par' dir='ltr' id='par_1_1' title="bbox 267 332 369 389">
     <span class='ocr_line' id='line_1_1' title="bbox 267 332 369 389; baseline -0.029 0"><span class='ocrx_word' id='word_1_1' title='bbox 267 332 369 389; x_wconf 75' lang='grc'><strong>207</strong></span> 
     </span>
    </p>
   </div>
   <div class='ocr_carea' id='block_1_2' title="bbox 1081 329 2854 387">
    <p class='ocr_par' dir='ltr' id='par_1_2' title="bbox 1081 329 2854 387">
     <span class='ocr_line' id='line_1_2' title="bbox 1081 329 2854 387; baseline -0.001 0"><span class='ocrx_word' id='word_1_2' title='bbox 1081 333 1444 387; x_wconf 81' lang='grc' dir='ltr'><strong>ΔΡΡΕΝΒΙΧ</strong></span> <span class='ocrx_word' id='word_1_3' title='bbox 1479 336 1578 386; x_wconf 83' lang='grc' dir='ltr'><strong>ΔΙ)</strong></span> <span class='ocrx_word' id='word_1_4' title='bbox 1615 332 1859 386; x_wconf 82' lang='lat' dir='ltr'><strong>OPERA</strong></span> <span class='ocrx_word' id='word_1_5' title='bbox 1897 333 1957 383; x_wconf 76' lang='grc' dir='ltr'>Β.</span> <span class='ocrx_word' id='word_1_6' title='bbox 1997 329 2314 384; x_wconf 82' lang='lat' dir='ltr'><strong>DIONYSII</strong></span> <span class='ocrx_word' id='word_1_7' title='bbox 2352 332 2854 386; x_wconf 75' lang='lat' dir='ltr'><strong>ABEOPAGITE.</strong></span> 
     </span>
    </p>
   </div>
   <div class='ocr_carea' id='block_1_3' title="bbox 3571 337 3684 394">
    <p class='ocr_par' dir='ltr' id='par_1_3' title="bbox 3571 337 3684 394">
     <span class='ocr_line' id='line_1_3' title="bbox 3571 337 3684 394; baseline 0 0"><span class='ocrx_word' id='word_1_8' title='bbox 3571 337 3684 394; x_wconf 86' lang='lat'><strong>208</strong></span> 
     </span>
    </p>
   </div>
   <div class='ocr_carea' id='block_1_4' title="bbox 266 448 1922 531">
    <p class='ocr_par' dir='ltr' id='par_1_4' title="bbox 266 451 1914 528">
     <span class='ocr_line' id='line_1_4' title="bbox 266 451 1914 528; baseline -0.004 -16"><span class='ocrx_word' id='word_1_9' title='bbox 266 460 658 528; x_wconf 8' lang='lat' dir='ltr'><strong>assumuntur?</strong></span> <span class='ocrx_word' id='word_1_10' title='bbox 685 454 743 509; x_wconf 91' lang='lat' dir='ltr'><strong>in</strong></span> <span class='ocrx_word' id='word_1_11' title='bbox 772 454 1006 510; x_wconf 85' lang='lat' dir='ltr'><strong>Psalmo</strong></span> <span class='ocrx_word' id='word_1_12' title='bbox 1041 471 1272 520; x_wconf 71' lang='lat' dir='ltr'><strong>cxmm,</strong></span> <span class='ocrx_word' id='word_1_13' title='bbox 1309 455 1377 508; x_wconf 90' lang='lat' dir='ltr'><strong>ad</strong></span> <span class='ocrx_word' id='word_1_14' title='bbox 1430 459 1610 509; x_wconf 87' lang='lat' dir='ltr'><strong>Deum</strong></span> <span class='ocrx_word' id='word_1_15' title='bbox 1668 451 1914 506; x_wconf 84' lang='lat' dir='ltr'><strong>laudan-</strong></span> 
     </span>
    </p>
   </div>
   <div class='ocr_carea' id='block_1_5' title="bbox 2047 448 3683 531">
    <p class='ocr_par' dir='ltr' id='par_1_5' title="bbox 2047 448 3683 531">
     <span class='ocr_line' id='line_1_5' title="bbox 2047 448 3683 531; baseline 0.008 -30"><span class='ocrx_word' id='word_1_16' title='bbox 2047 448 2236 526; x_wconf 72' lang='grc' dir='ltr'>ὶφάτου</span> <span class='ocrx_word' id='word_1_17' title='bbox 2289 451 2569 524; x_wconf 80' lang='grc' dir='ltr'><strong>προνοίας,</strong></span> <span class='ocrx_word' id='word_1_18' title='bbox 2607 449 2751 506; x_wconf 79' lang='grc' dir='ltr'>ἀλλὰ</span> <span class='ocrx_word' id='word_1_19' title='bbox 2806 454 2943 508; x_wconf 75' lang='grc' dir='ltr'>κατὰ</span> <span class='ocrx_word' id='word_1_20' title='bbox 2997 453 3162 526; x_wconf 84' lang='grc' dir='ltr'>μόνον</span> <span class='ocrx_word' id='word_1_21' title='bbox 3211 456 3274 511; x_wconf 86' lang='grc' dir='ltr'><strong>τὸ</strong></span> <span class='ocrx_word' id='word_1_22' title='bbox 3333 461 3451 531; x_wconf 80' lang='grc' dir='ltr'>ζῇν,</span> <span class='ocrx_word' id='word_1_23' title='bbox 3483 458 3536 512; x_wconf 77' lang='grc' dir='ltr'><strong>εἷ’</strong></span> <span class='ocrx_word' id='word_1_24' title='bbox 3590 461 3683 514; x_wconf 76' lang='grc' dir='ltr'>καὶ</span> 
     </span>
    </p>
   </div>
   <div class='ocr_carea' id='block_1_6' title="bbox 265 539 1913 617">
    <p class='ocr_par' dir='ltr' id='par_1_6' title="bbox 265 539 1913 617">
     <span class='ocr_line' id='line_1_6' title="bbox 265 539 1913 617; baseline -0.004 -17"><span class='ocrx_word' id='word_1_25' title='bbox 265 546 407 601; x_wconf 87' lang='lat' dir='ltr'><strong>dum</strong></span> <span class='ocrx_word' id='word_1_26' title='bbox 443 549 679 617; x_wconf 81' lang='lat' dir='ltr'><strong>propter</strong></span> <span class='ocrx_word' id='word_1_27' title='bbox 708 544 969 614; x_wconf 89' lang='lat' dir='ltr'><strong>ipsorum</strong></span> <span class='ocrx_word' id='word_1_28' title='bbox 1005 542 1469 598; x_wconf 86' lang='lat' dir='ltr'><strong>consistentiam.</strong></span> <span class='ocrx_word' id='word_1_29' title='bbox 1501 544 1690 612; x_wconf 84' lang='lat' dir='ltr'><strong>Atque</strong></span> <span class='ocrx_word' id='word_1_30' title='bbox 1737 539 1913 594; x_wconf 90' lang='lat' dir='ltr'><strong>etiam</strong></span> 
     </span>
    </p>
   </div>
   <div class='ocr_carea' id='block_1_7' title="bbox 264 628 1914 706">
    <p class='ocr_par' dir='ltr' id='par_1_7' title="bbox 264 628 1914 706">
     <span class='ocr_line' id='line_1_7' title="bbox 264 628 1914 706; baseline -0.006 -16"><span class='ocrx_word' id='word_1_31' title='bbox 264 635 385 690; x_wconf 79' lang='lat' dir='ltr'><strong>haec</strong></span> <span class='ocrx_word' id='word_1_32' title='bbox 417 633 771 706; x_wconf 88' lang='lat' dir='ltr'><strong>participant</strong></span> <span class='ocrx_word' id='word_1_33' title='bbox 799 632 1154 688; x_wconf 79' lang='lat' dir='ltr'><strong>ineffabilem</strong></span> <span class='ocrx_word' id='word_1_34' title='bbox 1206 630 1656 704; x_wconf 83' lang='lat' dir='ltr'><strong>providentiam,</strong></span> <span class='ocrx_word' id='word_1_35' title='bbox 1705 629 1806 684; x_wconf 86' lang='lat' dir='ltr'><strong>sed</strong></span> <span class='ocrx_word' id='word_1_36' title='bbox 1857 628 1914 681; x_wconf 89' lang='lat' dir='ltr'><strong>in</strong></span> 
     </span>
    </p>
   </div>
   <div class='ocr_carea' id='block_1_8' title="bbox 263 717 1916 789">
    <p class='ocr_par' dir='ltr' id='par_1_8' title="bbox 263 717 1916 789">
     <span class='ocr_line' id='line_1_8' title="bbox 263 717 1916 789; baseline -0.007 -7"><span class='ocrx_word' id='word_1_37' title='bbox 263 723 386 782; x_wconf 84' lang='lat' dir='ltr'><strong>solo</strong></span> <span class='ocrx_word' id='word_1_38' title='bbox 407 723 617 789; x_wconf 86' lang='lat' dir='ltr'><strong>vivere,</strong></span> <span class='ocrx_word' id='word_1_39' title='bbox 648 723 756 777; x_wconf 85' lang='lat' dir='ltr'><strong>etsi</strong></span> <span class='ocrx_word' id='word_1_40' title='bbox 797 723 923 777; x_wconf 84' lang='lat' dir='ltr'><strong>sine</strong></span> <span class='ocrx_word' id='word_1_41' title='bbox 965 721 1162 776; x_wconf 88' lang='lat' dir='ltr'><strong>anima</strong></span> <span class='ocrx_word' id='word_1_42' title='bbox 1200 726 1258 775; x_wconf 93' lang='lat' dir='ltr'><strong>et</strong></span> <span class='ocrx_word' id='word_1_43' title='bbox 1297 735 1473 775; x_wconf 88' lang='lat' dir='ltr'><strong>sensu</strong></span> <span class='ocrx_word' id='word_1_44' title='bbox 1505 725 1563 774; x_wconf 92' lang='lat' dir='ltr'><strong>et</strong></span> <span class='ocrx_word' id='word_1_45' title='bbox 1591 717 1916 774; x_wconf 89' lang='lat' dir='ltr'><strong>secundum</strong></span> 
     </span>
    </p>
   </div>
   <div class='ocr_carea' id='block_1_9' title="bbox 265 807 1918 884">
    <p class='ocr_par' dir='ltr' id='par_1_9' title="bbox 265 807 1918 884">
     <span class='ocr_line' id='line_1_9' title="bbox 265 807 1918 884; baseline -0.007 -15"><span class='ocrx_word' id='word_1_46' title='bbox 265 811 628 869; x_wconf 86' lang='lat' dir='ltr'><strong>habitualem</strong></span> <span class='ocrx_word' id='word_1_47' title='bbox 659 810 1072 884; x_wconf 87' lang='lat' dir='ltr'><strong>aptitudinem,</strong></span> <span class='ocrx_word' id='word_1_48' title='bbox 1098 825 1227 880; x_wconf 70' lang='lat' dir='ltr'><strong>qum</strong></span> <span class='ocrx_word' id='word_1_49' title='bbox 1257 814 1348 864; x_wconf 93' lang='lat' dir='ltr'><strong>est</strong></span> <span class='ocrx_word' id='word_1_50' title='bbox 1379 807 1705 880; x_wconf 82' lang='lat' dir='ltr'><strong>proprietas</strong></span> <span class='ocrx_word' id='word_1_51' title='bbox 1734 807 1918 861; x_wconf 86' lang='lat' dir='ltr'><strong>virtu-</strong></span> 
     </span>
    </p>
   </div>
   <div class='ocr_carea' id='block_1_10' title="bbox 268 897 1917 968">
    <p class='ocr_par' dir='ltr' id='par_1_10' title="bbox 268 897 1917 968">
     <span class='ocr_line' id='line_1_10' title="bbox 268 897 1917 968; baseline -0.006 -10"><span class='ocrx_word' id='word_1_52' title='bbox 268 903 365 958; x_wconf 91' lang='lat' dir='ltr'><strong>tis.</strong></span> <span class='ocrx_word' id='word_1_53' title='bbox 401 901 646 957; x_wconf 85' lang='lat' dir='ltr'><strong>Habitus</strong></span> <span class='ocrx_word' id='word_1_54' title='bbox 678 900 831 956; x_wconf 89' lang='lat' dir='ltr'><strong>enim</strong></span> <span class='ocrx_word' id='word_1_55' title='bbox 864 899 1079 953; x_wconf 87' lang='lat' dir='ltr'><strong>dicitur</strong></span> <span class='ocrx_word' id='word_1_56' title='bbox 1110 897 1369 968; x_wconf 79' lang='lat' dir='ltr'><strong>qualitas</strong></span> <span class='ocrx_word' id='word_1_57' title='bbox 1416 897 1773 964; x_wconf 85' lang='lat' dir='ltr'><strong>immanens,</strong></span> <span class='ocrx_word' id='word_1_58' title='bbox 1825 910 1917 948; x_wconf 87' lang='lat' dir='ltr'><strong>se-</strong></span> 
     </span>
    </p>
   </div>
   <div class='ocr_carea' id='block_1_11' title="bbox 267 982 1920 1060">
    <p class='ocr_par' dir='ltr' id='par_1_11' title="bbox 267 982 1920 1060">
     <span class='ocr_line' id='line_1_11' title="bbox 267 982 1920 1060; baseline -0.007 -13"><span class='ocrx_word' id='word_1_59' title='bbox 267 992 528 1047; x_wconf 88' lang='lat' dir='ltr'><strong>cundum</strong></span> <span class='ocrx_word' id='word_1_60' title='bbox 563 1005 738 1060; x_wconf 88' lang='lat' dir='ltr'><strong>quam</strong></span> <span class='ocrx_word' id='word_1_61' title='bbox 772 987 1138 1043; x_wconf 76' lang='lat' dir='ltr'><strong>aﬂ‘ectionem</strong></span> <span class='ocrx_word' id='word_1_62' title='bbox 1181 989 1238 1041; x_wconf 88' lang='lat' dir='ltr'><strong>et</strong></span> <span class='ocrx_word' id='word_1_63' title='bbox 1267 986 1542 1040; x_wconf 84' lang='lat' dir='ltr'><strong>virtutem</strong></span> <span class='ocrx_word' id='word_1_64' title='bbox 1574 983 1794 1055; x_wconf 87' lang='lat' dir='ltr'><strong>aliquid</strong></span> <span class='ocrx_word' id='word_1_65' title='bbox 1828 982 1920 1036; x_wconf 90' lang='lat' dir='ltr'><strong>di-</strong></span> 
     </span>
    </p>
   </div>
   <div class='ocr_carea' id='block_1_12' title="bbox 266 1072 1921 1150">
    <p class='ocr_par' dir='ltr' id='par_1_12' title="bbox 266 1072 1921 1150">
     <span class='ocr_line' id='line_1_12' title="bbox 266 1072 1921 1150; baseline -0.006 -15"><span class='ocrx_word' id='word_1_66' title='bbox 266 1081 419 1135; x_wconf 86' lang='lat' dir='ltr'><strong>citur</strong></span> <span class='ocrx_word' id='word_1_67' title='bbox 448 1077 655 1150; x_wconf 83' lang='lat' dir='ltr'><strong>quale;</strong></span> <span class='ocrx_word' id='word_1_68' title='bbox 679 1078 848 1147; x_wconf 84' lang='lat' dir='ltr'><strong>juxta</strong></span> <span class='ocrx_word' id='word_1_69' title='bbox 879 1075 1036 1129; x_wconf 89' lang='lat' dir='ltr'><strong>hunc</strong></span> <span class='ocrx_word' id='word_1_70' title='bbox 1068 1074 1251 1146; x_wconf 86' lang='lat' dir='ltr'><strong>igitur</strong></span> <span class='ocrx_word' id='word_1_71' title='bbox 1276 1074 1589 1139; x_wconf 79' lang='lat' dir='ltr'><strong>&#39;habitum,</strong></span> <span class='ocrx_word' id='word_1_72' title='bbox 1637 1072 1765 1126; x_wconf 67' lang='lat' dir='ltr'><strong>vitae</strong></span> <span class='ocrx_word' id='word_1_73' title='bbox 1814 1087 1921 1124; x_wconf 88' lang='lat' dir='ltr'><strong>na-</strong></span> 
     </span>
    </p>
   </div>
   <div class='ocr_carea' id='block_1_13' title="bbox 265 1161 1920 1223">
    <p class='ocr_par' dir='ltr' id='par_1_13' title="bbox 265 1161 1920 1223">
     <span class='ocr_line' id='line_1_13' title="bbox 265 1161 1920 1223; baseline -0.007 0"><span class='ocrx_word' id='word_1_74' title='bbox 265 1167 473 1223; x_wconf 85' lang='lat' dir='ltr'><strong>turalis</strong></span> <span class='ocrx_word' id='word_1_75' title='bbox 495 1167 565 1220; x_wconf 88' lang='lat' dir='ltr'><strong>ad</strong></span> <span class='ocrx_word' id='word_1_76' title='bbox 589 1164 973 1221; x_wconf 88' lang='lat' dir='ltr'><strong>accretionem</strong></span> <span class='ocrx_word' id='word_1_77' title='bbox 991 1167 1218 1216; x_wconf 89' lang='lat' dir='ltr'><strong>tantum</strong></span> <span class='ocrx_word' id='word_1_78' title='bbox 1235 1162 1625 1216; x_wconf 88' lang='lat' dir='ltr'><strong>etmotionem</strong></span> <span class='ocrx_word' id='word_1_79' title='bbox 1644 1161 1920 1214; x_wconf 85' lang='lat' dir='ltr'><strong>substan-</strong></span> 
     </span>
    </p>
   </div>
   <div class='ocr_carea' id='block_1_14' title="bbox 2027 536 3683 616">
    <p class='ocr_par' dir='ltr' id='par_1_14' title="bbox 2027 536 3683 616">
     <span class='ocr_line' id='line_1_14' title="bbox 2027 536 3683 616; baseline 0.007 -26"><span class='ocrx_word' id='word_1_80' title='bbox 2027 536 2255 611; x_wconf 72' lang='grc' dir='ltr'>ἀψύγως</span> <span class='ocrx_word' id='word_1_81' title='bbox 2281 538 2370 593; x_wconf 84' lang='grc' dir='ltr'><strong>καὶ</strong></span> <span class='ocrx_word' id='word_1_82' title='bbox 2418 539 2778 610; x_wconf 77' lang='grc' dir='ltr'>ἀναισθήτως,</span> <span class='ocrx_word' id='word_1_83' title='bbox 2807 543 2899 597; x_wconf 80' lang='grc' dir='ltr'><strong>καὶ</strong></span> <span class='ocrx_word' id='word_1_84' title='bbox 2955 545 3092 598; x_wconf 76' lang='grc' dir='ltr'>κατὰ</span> <span class='ocrx_word' id='word_1_85' title='bbox 3138 545 3238 613; x_wconf 79' lang='grc' dir='ltr'><strong>τήν</strong></span> <span class='ocrx_word' id='word_1_86' title='bbox 3295 543 3512 616; x_wconf 78' lang='grc' dir='ltr'>ἐκτικὴν</span> <span class='ocrx_word' id='word_1_87' title='bbox 3562 546 3683 602; x_wconf 80' lang='grc' dir='ltr'>ἐπι-</span> 
     </span>
    </p>
   </div>
   <div class='ocr_carea' id='block_1_15' title="bbox 2025 623 3683 708">
    <p class='ocr_par' dir='ltr' id='par_1_15' title="bbox 2025 623 3683 708">
     <span class='ocr_line' id='line_1_15' title="bbox 2025 623 3683 708; baseline 0.007 -28"><span class='ocrx_word' id='word_1_88' title='bbox 2025 623 2376 699; x_wconf 83' lang='grc' dir='ltr'>τηδειότητα,</span> <span class='ocrx_word' id='word_1_89' title='bbox 2428 627 2552 696; x_wconf 73' lang='grc' dir='ltr'>ἥτις</span> <span class='ocrx_word' id='word_1_90' title='bbox 2605 628 2746 684; x_wconf 78' lang='grc' dir='ltr'>ἐστὶν</span> <span class='ocrx_word' id='word_1_91' title='bbox 2797 628 3008 702; x_wconf 77' lang='grc' dir='ltr'><strong>ἰδιότης</strong></span> <span class='ocrx_word' id='word_1_92' title='bbox 3051 639 3151 702; x_wconf 80' lang='grc' dir='ltr'><strong>τῆς</strong></span> <span class='ocrx_word' id='word_1_93' title='bbox 3212 631 3494 708; x_wconf 80' lang='grc' dir='ltr'>δυνάμεως</span> <span class='ocrx_word' id='word_1_94' title='bbox 3526 655 3539 666; x_wconf 92' lang='grc'><strong>·</strong></span> <span class='ocrx_word' id='word_1_95' title='bbox 3571 634 3683 708; x_wconf 69' lang='grc' dir='ltr'>ἕξις</span> 
     </span>
    </p>
   </div>
   <div class='ocr_carea' id='block_1_16' title="bbox 2025 712 3682 792">
    <p class='ocr_par' dir='ltr' id='par_1_16' title="bbox 2025 712 3682 792">
     <span class='ocr_line' id='line_1_16' title="bbox 2025 712 3682 792; baseline 0.007 -24"><span class='ocrx_word' id='word_1_96' title='bbox 2025 715 2125 790; x_wconf 66' lang='grc' dir='ltr'><strong>γὰρ</strong></span> <span class='ocrx_word' id='word_1_97' title='bbox 2159 713 2372 790; x_wconf 72' lang='grc' dir='ltr'>λέγεται</span> <span class='ocrx_word' id='word_1_98' title='bbox 2405 719 2439 786; x_wconf 77' lang='grc' dir='ltr'>ἡ</span> <span class='ocrx_word' id='word_1_99' title='bbox 2472 712 2714 791; x_wconf 78' lang='grc' dir='ltr'>ἔμμονος</span> <span class='ocrx_word' id='word_1_100' title='bbox 2761 719 3014 792; x_wconf 77' lang='grc' dir='ltr'><strong>ποιότης,</strong></span> <span class='ocrx_word' id='word_1_101' title='bbox 3053 723 3170 785; x_wconf 84' lang='grc' dir='ltr'>καθ’</span> <span class='ocrx_word' id='word_1_102' title='bbox 3201 724 3261 792; x_wconf 73' lang='grc' dir='ltr'>ἣν</span> <span class='ocrx_word' id='word_1_103' title='bbox 3307 721 3540 788; x_wconf 81' lang='grc' dir='ltr'>διάθεσιν</span> <span class='ocrx_word' id='word_1_104' title='bbox 3589 725 3682 780; x_wconf 80' lang='grc' dir='ltr'><strong>καὶ</strong></span> 
     </span>
    </p>
   </div>
   <div class='ocr_carea' id='block_1_17' title="bbox 2029 799 3684 887">
    <p class='ocr_par' dir='ltr' id='par_1_17' title="bbox 2029 799 3684 887">
     <span class='ocr_line' id='line_1_17' title="bbox 2029 799 3684 887; baseline 0.007 -31"><span class='ocrx_word' id='word_1_105' title='bbox 2029 799 2258 875; x_wconf 74' lang='grc' dir='ltr'>δύναμιν</span> <span class='ocrx_word' id='word_1_106' title='bbox 2286 807 2442 859; x_wconf 87' lang='grc' dir='ltr'>ποιόν</span> <span class='ocrx_word' id='word_1_107' title='bbox 2473 827 2523 860; x_wconf 91' lang='grc' dir='ltr'><strong>τι</strong></span> <span class='ocrx_word' id='word_1_108' title='bbox 2560 807 2774 881; x_wconf 72' lang='grc' dir='ltr'>λέγεται</span> <span class='ocrx_word' id='word_1_109' title='bbox 2812 827 2825 839; x_wconf 84' lang='lat'><strong>&#39;</strong></span> <span class='ocrx_word' id='word_1_110' title='bbox 2859 810 2996 863; x_wconf 83' lang='grc' dir='ltr'><strong>κατά</strong></span> <span class='ocrx_word' id='word_1_111' title='bbox 3038 809 3237 881; x_wconf 78' lang='grc' dir='ltr'>ταύτην</span> <span class='ocrx_word' id='word_1_112' title='bbox 3286 810 3376 865; x_wconf 80' lang='grc' dir='ltr'>οὖν</span> <span class='ocrx_word' id='word_1_113' title='bbox 3423 813 3522 882; x_wconf 78' lang='grc' dir='ltr'><strong>τήν</strong></span> <span class='ocrx_word' id='word_1_114' title='bbox 3571 812 3684 887; x_wconf 76' lang='grc' dir='ltr'>’ἕξιν</span> 
     </span>
    </p>
   </div>
   <div class='ocr_carea' id='block_1_18' title="bbox 2027 895 3682 976">
    <p class='ocr_par' dir='ltr' id='par_1_18' title="bbox 2027 895 3682 976">
     <span class='ocr_line' id='line_1_18' title="bbox 2027 895 3682 976; baseline 0.007 -33"><span class='ocrx_word' id='word_1_115' title='bbox 2027 899 2125 958; x_wconf 74' lang='grc' dir='ltr'><strong>τῆς</strong></span> <span class='ocrx_word' id='word_1_116' title='bbox 2184 901 2412 967; x_wconf 73' lang='grc' dir='ltr'>φυτικῆς</span> <span class='ocrx_word' id='word_1_117' title='bbox 2468 901 2612 964; x_wconf 71' lang='grc' dir='ltr'>ζωῆς</span> <span class='ocrx_word' id='word_1_118' title='bbox 2670 895 2746 958; x_wconf 76' lang='grc' dir='ltr'>εἷς</span> <span class='ocrx_word' id='word_1_119' title='bbox 2803 895 3022 968; x_wconf 76' lang='grc' dir='ltr'>αὔξησιν</span> <span class='ocrx_word' id='word_1_120' title='bbox 3092 899 3181 954; x_wconf 88' lang='grc' dir='ltr'><strong>καὶ</strong></span> <span class='ocrx_word' id='word_1_121' title='bbox 3239 900 3448 972; x_wconf 72' lang='grc' dir='ltr'>κίνησιν</span> <span class='ocrx_word' id='word_1_122' title='bbox 3513 903 3682 976; x_wconf 78' lang='grc' dir='ltr'>μόνον</span> 
     </span>
    </p>
   </div>
   <div class='ocr_carea' id='block_1_19' title="bbox 2033 980 3687 1065">
    <p class='ocr_par' dir='ltr' id='par_1_19' title="bbox 2033 980 3687 1065">
     <span class='ocr_line' id='line_1_19' title="bbox 2033 980 3687 1065; baseline 0.007 -31"><span class='ocrx_word' id='word_1_123' title='bbox 2033 980 2332 1056; x_wconf 68' lang='grc' dir='ltr'>μετέχοντα</span> <span class='ocrx_word' id='word_1_124' title='bbox 2385 981 2700 1046; x_wconf 77' lang='grc' dir='ltr'>οὐσιοειδῶς</span> <span class='ocrx_word' id='word_1_125' title='bbox 2757 1005 2816 1039; x_wconf 90' lang='grc' dir='ltr'><strong>τε</strong></span> <span class='ocrx_word' id='word_1_126' title='bbox 2867 985 2956 1039; x_wconf 87' lang='grc' dir='ltr'>καὶ</span> <span class='ocrx_word' id='word_1_127' title='bbox 3013 984 3263 1057; x_wconf 75' lang='grc' dir='ltr'><strong>ἑκτικῶς,</strong></span> <span class='ocrx_word' id='word_1_128' title='bbox 3322 989 3550 1065; x_wconf 80' lang='grc' dir='ltr'>άψῦχως</span> <span class='ocrx_word' id='word_1_129' title='bbox 3624 989 3687 1045; x_wconf 81' lang='grc' dir='ltr'><strong>δὲ</strong></span> 
     </span>
    </p>
   </div>
   <div class='ocr_carea' id='block_1_20' title="bbox 2029 1069 3690 1153">
    <p class='ocr_par' dir='ltr' id='par_1_20' title="bbox 2029 1069 3690 1153">
     <span class='ocr_line' id='line_1_20' title="bbox 2029 1069 3690 1153; baseline 0.008 -31"><span class='ocrx_word' id='word_1_130' title='bbox 2029 1070 2119 1123; x_wconf 89' lang='grc' dir='ltr'><strong>καὶ</strong></span> <span class='ocrx_word' id='word_1_131' title='bbox 2187 1069 2551 1142; x_wconf 76' lang='grc' dir='ltr'>ἀναισθήτως,</span> <span class='ocrx_word' id='word_1_132' title='bbox 2611 1071 2823 1149; x_wconf 68' lang='grc' dir='ltr'>λέγεται</span> <span class='ocrx_word' id='word_1_133' title='bbox 2893 1073 3130 1153; x_wconf 74' lang='grc' dir='ltr'>ἐφίεσθαι</span> <span class='ocrx_word' id='word_1_134' title='bbox 3192 1084 3294 1147; x_wconf 83' lang='grc' dir='ltr'><strong>τῆς</strong></span> <span class='ocrx_word' id='word_1_135' title='bbox 3348 1077 3690 1152; x_wconf 78' lang='grc' dir='ltr'>ἂγαθότητος</span> 
     </span>
    </p>
   </div>
   <div class='ocr_carea' id='block_1_21' title="bbox 2030 1162 2311 1213">
    <p class='ocr_par' dir='ltr' id='par_1_21' title="bbox 2030 1162 2311 1213">
     <span class='ocr_line' id='line_1_21' title="bbox 2030 1162 2311 1213; baseline 0 -1"><span class='ocrx_word' id='word_1_136' title='bbox 2030 1162 2127 1212; x_wconf 76' lang='grc' dir='ltr'><strong>τοῦ</strong></span> <span class='ocrx_word' id='word_1_137' title='bbox 2159 1163 2311 1213; x_wconf 75' lang='grc' dir='ltr'>Θεοῦ.</span> 
     </span>
    </p>
   </div>
   <div class='ocr_carea' id='block_1_22' title="bbox 264 1247 3686 1330">
    <p class='ocr_par' dir='ltr' id='par_1_22' title="bbox 264 1247 3686 1330">
     <span class='ocr_line' id='line_1_22' title="bbox 264 1247 3686 1330; baseline 0.001 -20"><span class='ocrx_word' id='word_1_138' title='bbox 264 1255 480 1310; x_wconf 85' lang='lat' dir='ltr'><strong>tialiter</strong></span> <span class='ocrx_word' id='word_1_139' title='bbox 511 1256 567 1307; x_wconf 92' lang='lat' dir='ltr'><strong>et</strong></span> <span class='ocrx_word' id='word_1_140' title='bbox 616 1249 1010 1316; x_wconf 85' lang='lat' dir='ltr'><strong>habitualiter,</strong></span> <span class='ocrx_word' id='word_1_141' title='bbox 1062 1251 1163 1305; x_wconf 92' lang='lat' dir='ltr'><strong>sed</strong></span> <span class='ocrx_word' id='word_1_142' title='bbox 1209 1249 1336 1304; x_wconf 86' lang='lat' dir='ltr'><strong>sine</strong></span> <span class='ocrx_word' id='word_1_143' title='bbox 1385 1247 1581 1304; x_wconf 88' lang='lat' dir='ltr'><strong>anima</strong></span> <span class='ocrx_word' id='word_1_144' title='bbox 1629 1252 1686 1304; x_wconf 89' lang='lat' dir='ltr'><strong>et</strong></span> <span class='ocrx_word' id='word_1_145' title='bbox 1733 1263 1910 1302; x_wconf 89' lang='lat' dir='ltr'><strong>sensu</strong></span> <span class='ocrx_word' id='word_1_146' title='bbox 1951 1247 2386 1320; x_wconf 88' lang='lat' dir='ltr'><strong>participantia,</strong></span> <span class='ocrx_word' id='word_1_147' title='bbox 2419 1249 2698 1306; x_wconf 90' lang='lat' dir='ltr'><strong>dicuntur</strong></span> <span class='ocrx_word' id='word_1_148' title='bbox 2729 1253 2826 1307; x_wconf 90' lang='lat' dir='ltr'><strong>Dei</strong></span> <span class='ocrx_word' id='word_1_149' title='bbox 2874 1253 3198 1310; x_wconf 87' lang='lat' dir='ltr'><strong>bonitatem</strong></span> <span class='ocrx_word' id='word_1_150' title='bbox 3231 1255 3514 1327; x_wconf 85' lang='lat' dir='ltr'><strong>(divinam</strong></span> <span class='ocrx_word' id='word_1_151' title='bbox 3544 1275 3686 1330; x_wconf 86' lang='lat' dir='ltr'><strong>pro-</strong></span> 
     </span>
    </p>
   </div>
   <div class='ocr_carea' id='block_1_23' title="bbox 264 1340 990 1410">
    <p class='ocr_par' dir='ltr' id='par_1_23' title="bbox 264 1340 990 1410">
     <span class='ocr_line' id='line_1_23' title="bbox 264 1340 990 1410; baseline -0.01 -10"><span class='ocrx_word' id='word_1_152' title='bbox 264 1343 606 1410; x_wconf 90' lang='lat' dir='ltr'><strong>videntiam)</strong></span> <span class='ocrx_word' id='word_1_153' title='bbox 636 1340 990 1396; x_wconf 89' lang='lat' dir='ltr'><strong>desiderare.</strong></span> 
     </span>
    </p>
   </div>
   <div class='ocr_carea' id='block_1_24' title="bbox 337 1423 1921 1501">
    <p class='ocr_par' dir='ltr' id='par_1_24' title="bbox 337 1423 1921 1501">
     <span class='ocr_line' id='line_1_24' title="bbox 337 1423 1921 1501; baseline -0.006 -13"><span class='ocrx_word' id='word_1_154' title='bbox 337 1432 715 1501; x_wconf 78' lang='lat' dir='ltr'><strong>lntetligentia</strong></span> <span class='ocrx_word' id='word_1_155' title='bbox 739 1429 977 1500; x_wconf 79' lang='lat' dir='ltr'><strong>quidem.</strong></span> <span class='ocrx_word' id='word_1_156' title='bbox 1000 1427 1390 1499; x_wconf 81' lang='lat' dir='ltr'><strong>Intelligentia</strong></span> <span class='ocrx_word' id='word_1_157' title='bbox 1412 1427 1671 1499; x_wconf 87' lang='lat' dir='ltr'><strong>quidem,</strong></span> <span class='ocrx_word' id='word_1_158' title='bbox 1699 1423 1921 1496; x_wconf 87' lang='lat' dir='ltr'><strong>angeli-</strong></span> 
     </span>
    </p>
   </div>
   <div class='ocr_carea' id='block_1_25' title="bbox 267 1513 1922 1585">
    <p class='ocr_par' dir='ltr' id='par_1_25' title="bbox 267 1513 1922 1585">
     <span class='ocr_line' id='line_1_25' title="bbox 267 1513 1922 1585; baseline -0.007 -6"><span class='ocrx_word' id='word_1_159' title='bbox 267 1539 393 1578; x_wconf 85' lang='lat' dir='ltr'><strong>cam</strong></span> <span class='ocrx_word' id='word_1_160' title='bbox 426 1527 722 1585; x_wconf 88' lang='lat' dir='ltr'><strong>naturam;</strong></span> <span class='ocrx_word' id='word_1_161' title='bbox 748 1516 1056 1574; x_wconf 83' lang='lat' dir='ltr'><strong>rationalia</strong></span> <span class='ocrx_word' id='word_1_162' title='bbox 1086 1533 1220 1572; x_wconf 90' lang='lat' dir='ltr'><strong>vero</strong></span> <span class='ocrx_word' id='word_1_163' title='bbox 1251 1516 1574 1572; x_wconf 87' lang='lat' dir='ltr'><strong>humanam</strong></span> <span class='ocrx_word' id='word_1_164' title='bbox 1607 1514 1748 1570; x_wconf 86' lang='lat' dir='ltr'><strong>dicit</strong></span> <span class='ocrx_word' id='word_1_165' title='bbox 1781 1530 1793 1567; x_wconf 90' lang='lat'>:</span> <span class='ocrx_word' id='word_1_166' title='bbox 1830 1513 1922 1568; x_wconf 90' lang='lat' dir='ltr'><strong>his</strong></span> 
     </span>
    </p>
   </div>
   <div class='ocr_carea' id='block_1_26' title="bbox 266 1604 1919 1678">
    <p class='ocr_par' dir='ltr' id='par_1_26' title="bbox 266 1604 1919 1678">
     <span class='ocr_line' id='line_1_26' title="bbox 266 1604 1919 1678; baseline -0.005 -12"><span class='ocrx_word' id='word_1_167' title='bbox 266 1616 460 1667; x_wconf 77' lang='lat' dir='ltr'><strong>autem</strong></span> <span class='ocrx_word' id='word_1_168' title='bbox 488 1604 1301 1678; x_wconf 89' lang='lat' dir='ltr'><strong>subjecta,irrationa|em,cui</strong></span> <span class='ocrx_word' id='word_1_169' title='bbox 1321 1604 1538 1661; x_wconf 88' lang='lat' dir='ltr'><strong>sensile</strong></span> <span class='ocrx_word' id='word_1_170' title='bbox 1567 1608 1797 1660; x_wconf 86' lang='lat' dir='ltr'><strong>tantum</strong></span> <span class='ocrx_word' id='word_1_171' title='bbox 1831 1605 1919 1658; x_wconf 90' lang='lat' dir='ltr'><strong>in-</strong></span> 
     </span>
    </p>
   </div>
   <div class='ocr_carea' id='block_1_27' title="bbox 266 1691 1917 1770">
    <p class='ocr_par' dir='ltr' id='par_1_27' title="bbox 266 1691 1917 1770">
     <span class='ocr_line' id='line_1_27' title="bbox 266 1691 1917 1770; baseline -0.015 -2"><span class='ocrx_word' id='word_1_172' title='bbox 266 1707 357 1755; x_wconf 68' lang='lat' dir='ltr'><strong>est</strong></span> <span class='ocrx_word' id='word_1_173' title='bbox 391 1717 403 1754; x_wconf 78' lang='grc' dir='ltr'><strong>ε</strong></span> <span class='ocrx_word' id='word_1_174' title='bbox 438 1698 684 1770; x_wconf 83' lang='lat' dir='ltr'><strong>ideoque</strong></span> <span class='ocrx_word' id='word_1_175' title='bbox 715 1693 992 1764; x_wconf 65' lang='grc' dir='ltr'>αἴσθητῶς</span> <span class='ocrx_word' id='word_1_176' title='bbox 1015 1693 1182 1763; x_wconf 82' lang='lat' dir='ltr'><strong>dixit,</strong></span> <span class='ocrx_word' id='word_1_177' title='bbox 1216 1693 1269 1748; x_wconf 88' lang='lat' dir='ltr'><strong>id</strong></span> <span class='ocrx_word' id='word_1_178' title='bbox 1306 1698 1395 1749; x_wconf 91' lang='lat' dir='ltr'><strong>est</strong></span> <span class='ocrx_word' id='word_1_179' title='bbox 1444 1693 1618 1748; x_wconf 90' lang='lat' dir='ltr'><strong>modo</strong></span> <span class='ocrx_word' id='word_1_180' title='bbox 1673 1691 1917 1759; x_wconf 88' lang='lat' dir='ltr'><strong>sensili;</strong></span> 
     </span>
    </p>
   </div>
   <div class='ocr_carea' id='block_1_28' title="bbox 267 1781 1924 1856">
    <p class='ocr_par' dir='ltr' id='par_1_28' title="bbox 267 1781 1924 1856">
     <span class='ocr_line' id='line_1_28' title="bbox 267 1781 1924 1856; baseline -0.006 -12"><span class='ocrx_word' id='word_1_181' title='bbox 267 1794 472 1844; x_wconf 81' lang='lat' dir='ltr'><strong>caetera</strong></span> <span class='ocrx_word' id='word_1_182' title='bbox 500 1791 716 1852; x_wconf 89' lang='lat' dir='ltr'><strong>autem,</strong></span> <span class='ocrx_word' id='word_1_183' title='bbox 737 1783 962 1840; x_wconf 87' lang='lat' dir='ltr'><strong>scilicet</strong></span> <span class='ocrx_word' id='word_1_184' title='bbox 991 1782 1225 1856; x_wconf 69' lang='lat' dir='ltr'><strong>plantis,</strong></span> <span class='ocrx_word' id='word_1_185' title='bbox 1259 1787 1315 1837; x_wconf 87' lang='lat' dir='ltr'><strong>et</strong></span> <span class='ocrx_word' id='word_1_186' title='bbox 1345 1781 1544 1838; x_wconf 87' lang='lat' dir='ltr'><strong>omnia</strong></span> <span class='ocrx_word' id='word_1_187' title='bbox 1574 1781 1838 1836; x_wconf 85' lang='lat' dir='ltr'><strong>inanima</strong></span> <span class='ocrx_word' id='word_1_188' title='bbox 1866 1785 1924 1834; x_wconf 88' lang='lat' dir='ltr'><strong>et</strong></span> 
     </span>
    </p>
   </div>
   <div class='ocr_carea' id='block_1_29' title="bbox 267 1868 1919 1944">
    <p class='ocr_par' dir='ltr' id='par_1_29' title="bbox 267 1868 1919 1944">
     <span class='ocr_line' id='line_1_29' title="bbox 267 1868 1919 1944; baseline -0.007 -10"><span class='ocrx_word' id='word_1_189' title='bbox 267 1875 746 1943; x_wconf 72' lang='lat' dir='ltr'><strong>immobilia,haec</strong></span> <span class='ocrx_word' id='word_1_190' title='bbox 776 1873 1014 1944; x_wconf 89' lang='lat' dir='ltr'><strong>quidem</strong></span> <span class='ocrx_word' id='word_1_191' title='bbox 1048 1872 1132 1928; x_wconf 91' lang='lat' dir='ltr'><strong>ait</strong></span> <span class='ocrx_word' id='word_1_192' title='bbox 1163 1872 1491 1927; x_wconf 89' lang='lat' dir='ltr'><strong>secundum</strong></span> <span class='ocrx_word' id='word_1_193' title='bbox 1522 1868 1756 1925; x_wconf 87' lang='lat' dir='ltr'><strong>vitalem</strong></span> <span class='ocrx_word' id='word_1_194' title='bbox 1791 1885 1919 1923; x_wconf 90' lang='lat' dir='ltr'><strong>mo-</strong></span> 
     </span>
    </p>
   </div>
   <div class='ocr_carea' id='block_1_30' title="bbox 2098 1425 3688 1508">
    <p class='ocr_par' dir='ltr' id='par_1_30' title="bbox 2098 1425 3688 1508">
     <span class='ocr_line' id='line_1_30' title="bbox 2098 1425 3688 1508; baseline 0.008 -31"><span class='ocrx_word' id='word_1_195' title='bbox 2098 1425 2173 1478; x_wconf 74' lang='lat' dir='ltr'><strong>Ta‘i</strong></span> <span class='ocrx_word' id='word_1_196' title='bbox 2231 1426 2324 1497; x_wconf 72' lang='grc' dir='ltr'><strong>μὲν</strong></span> <span class='ocrx_word' id='word_1_197' title='bbox 2383 1428 2559 1500; x_wconf 77' lang='grc' dir='ltr'>νοερὰ.</span> <span class='ocrx_word' id='word_1_198' title='bbox 2592 1428 2772 1504; x_wconf 71' lang='grc' dir='ltr'>Νοερὰ</span> <span class='ocrx_word' id='word_1_199' title='bbox 2833 1429 2930 1502; x_wconf 78' lang='grc' dir='ltr'><strong>μὲν</strong></span> <span class='ocrx_word' id='word_1_200' title='bbox 2989 1430 3088 1498; x_wconf 73' lang='grc' dir='ltr'>τὴν</span> <span class='ocrx_word' id='word_1_201' title='bbox 3130 1429 3422 1508; x_wconf 71' lang='grc' dir='ltr'><strong>ἀγγελικὴν</strong></span> <span class='ocrx_word' id='word_1_202' title='bbox 3475 1433 3636 1508; x_wconf 74' lang='grc' dir='ltr'>φύσιν</span> <span class='ocrx_word' id='word_1_203' title='bbox 3671 1453 3688 1467; x_wconf 77' lang='grc'><strong><em>⁸</em></strong></span> 
     </span>
    </p>
   </div>
   <div class='ocr_carea' id='block_1_31' title="bbox 2031 1513 3690 1603">
    <p class='ocr_par' dir='ltr' id='par_1_31' title="bbox 2031 1513 3690 1603">
     <span class='ocr_line' id='line_1_31' title="bbox 2031 1513 3690 1603; baseline 0.006 -33"><span class='ocrx_word' id='word_1_204' title='bbox 2031 1515 2230 1590; x_wconf 70' lang='grc' dir='ltr'>λογικὰ</span> <span class='ocrx_word' id='word_1_205' title='bbox 2260 1513 2316 1570; x_wconf 79' lang='grc' dir='ltr'><strong>δὲ</strong></span> <span class='ocrx_word' id='word_1_206' title='bbox 2344 1519 2444 1586; x_wconf 75' lang='grc' dir='ltr'>τήν</span> <span class='ocrx_word' id='word_1_207' title='bbox 2471 1518 2815 1594; x_wconf 74' lang='grc' dir='ltr'><strong>ἀνθρωπίνην</strong></span> <span class='ocrx_word' id='word_1_208' title='bbox 2857 1521 2988 1597; x_wconf 75' lang='grc' dir='ltr'>φησί</span> <span class='ocrx_word' id='word_1_209' title='bbox 3016 1539 3030 1554; x_wconf 85' lang='grc'>⁶</span> <span class='ocrx_word' id='word_1_210' title='bbox 3060 1521 3127 1576; x_wconf 74' lang='grc' dir='ltr'><strong>τὰ</strong></span> <span class='ocrx_word' id='word_1_211' title='bbox 3176 1519 3232 1576; x_wconf 74' lang='grc' dir='ltr'><strong>δὶ</strong></span> <span class='ocrx_word' id='word_1_212' title='bbox 3277 1525 3484 1579; x_wconf 73' lang='grc' dir='ltr'>τούτων</span> <span class='ocrx_word' id='word_1_213' title='bbox 3540 1526 3690 1603; x_wconf 65' lang='grc' dir='ltr'><strong>ὑιρει⁸</strong></span> 
     </span>
    </p>
   </div>
   <div class='ocr_carea' id='block_1_32' title="bbox 2035 1603 3688 1690">
    <p class='ocr_par' dir='ltr' id='par_1_32' title="bbox 2035 1603 3688 1690">
     <span class='ocr_line' id='line_1_32' title="bbox 2035 1603 3688 1690; baseline 0.007 -32"><span class='ocrx_word' id='word_1_214' title='bbox 2035 1603 2182 1677; x_wconf 81' lang='grc' dir='ltr'>μὲνα,</span> <span class='ocrx_word' id='word_1_215' title='bbox 2213 1605 2314 1672; x_wconf 74' lang='grc' dir='ltr'>τήν</span> <span class='ocrx_word' id='word_1_216' title='bbox 2367 1604 2756 1680; x_wconf 73' lang='grc' dir='ltr'>ἅλογον,ῇτινι</span> <span class='ocrx_word' id='word_1_217' title='bbox 2816 1607 2982 1680; x_wconf 87' lang='grc' dir='ltr'>μόνον</span> <span class='ocrx_word' id='word_1_218' title='bbox 3037 1610 3100 1664; x_wconf 89' lang='grc' dir='ltr'><strong>τὸ</strong></span> <span class='ocrx_word' id='word_1_219' title='bbox 3157 1611 3474 1682; x_wconf 75' lang='grc' dir='ltr'>αἰσθητικὸν</span> <span class='ocrx_word' id='word_1_220' title='bbox 3509 1615 3688 1690; x_wconf 84' lang='grc' dir='ltr'>πρόσ-</span> 
     </span>
    </p>
   </div>
   <div class='ocr_carea' id='block_1_33' title="bbox 2031 1690 3684 1772">
    <p class='ocr_par' dir='ltr' id='par_1_33' title="bbox 2031 1690 3684 1772">
     <span class='ocr_line' id='line_1_33' title="bbox 2031 1690 3684 1772; baseline 0.007 -26"><span class='ocrx_word' id='word_1_221' title='bbox 2031 1713 2163 1752; x_wconf 86' lang='grc' dir='ltr'>εστι.</span> <span class='ocrx_word' id='word_1_222' title='bbox 2199 1690 2283 1747; x_wconf 83' lang='grc' dir='ltr'><strong>διὸ</strong></span> <span class='ocrx_word' id='word_1_223' title='bbox 2330 1695 2419 1748; x_wconf 78' lang='grc' dir='ltr'><strong>καὶ</strong></span> <span class='ocrx_word' id='word_1_224' title='bbox 2475 1694 2748 1766; x_wconf 55' lang='grc' dir='ltr'>αἴσθητῶς</span> <span class='ocrx_word' id='word_1_225' title='bbox 2806 1698 3238 1766; x_wconf 73' lang='grc' dir='ltr'>εἶπε,τουτὲστιν</span> <span class='ocrx_word' id='word_1_226' title='bbox 3297 1700 3633 1772; x_wconf 77' lang='grc' dir='ltr'>αἰσθητικῶς</span> <span class='ocrx_word' id='word_1_227' title='bbox 3670 1722 3684 1734; x_wconf 77' lang='grc'>⁶</span> 
     </span>
    </p>
   </div>
   <div class='ocr_carea' id='block_1_34' title="bbox 2028 1779 3690 1866">
    <p class='ocr_par' dir='ltr' id='par_1_34' title="bbox 2028 1779 3690 1866">
     <span class='ocr_line' id='line_1_34' title="bbox 2028 1779 3690 1866; baseline 0.006 -31"><span class='ocrx_word' id='word_1_228' title='bbox 2028 1783 2094 1836; x_wconf 81' lang='grc' dir='ltr'>τὰ</span> <span class='ocrx_word' id='word_1_229' title='bbox 2149 1779 2206 1836; x_wconf 76' lang='grc' dir='ltr'><strong>δὲ</strong></span> <span class='ocrx_word' id='word_1_230' title='bbox 2264 1782 2429 1849; x_wconf 78' lang='grc' dir='ltr'>ἄλλα,</span> <span class='ocrx_word' id='word_1_231' title='bbox 2462 1781 2628 1860; x_wconf 75' lang='grc' dir='ltr'>ἤγουν</span> <span class='ocrx_word' id='word_1_232' title='bbox 2677 1785 2745 1840; x_wconf 76' lang='grc' dir='ltr'>τὰ</span> <span class='ocrx_word' id='word_1_233' title='bbox 2800 1807 2960 1864; x_wconf 78' lang='grc' dir='ltr'>φυτα,</span> <span class='ocrx_word' id='word_1_234' title='bbox 2992 1788 3079 1842; x_wconf 76' lang='grc' dir='ltr'><strong>καὶ</strong></span> <span class='ocrx_word' id='word_1_235' title='bbox 3121 1786 3221 1843; x_wconf 76' lang='grc' dir='ltr'><strong>ὅσα</strong></span> <span class='ocrx_word' id='word_1_236' title='bbox 3267 1791 3442 1861; x_wconf 83' lang='grc' dir='ltr'>πάντη</span> <span class='ocrx_word' id='word_1_237' title='bbox 3498 1788 3690 1866; x_wconf 71' lang='grc' dir='ltr'>ἄψυχα</span> 
     </span>
    </p>
   </div>
   <div class='ocr_carea' id='block_1_35' title="bbox 2027 1869 3686 1950">
    <p class='ocr_par' dir='ltr' id='par_1_35' title="bbox 2027 1869 3686 1950">
     <span class='ocr_line' id='line_1_35' title="bbox 2027 1869 3686 1950; baseline 0.008 -28"><span class='ocrx_word' id='word_1_238' title='bbox 2027 1869 2116 1923; x_wconf 85' lang='grc' dir='ltr'><strong>καὶ</strong></span> <span class='ocrx_word' id='word_1_239' title='bbox 2148 1870 2394 1942; x_wconf 80' lang='grc' dir='ltr'>ἀκίνητα,</span> <span class='ocrx_word' id='word_1_240' title='bbox 2425 1875 2493 1927; x_wconf 81' lang='grc' dir='ltr'>τὰ</span> <span class='ocrx_word' id='word_1_241' title='bbox 2524 1875 2619 1946; x_wconf 79' lang='grc' dir='ltr'><strong>μὲν</strong></span> <span class='ocrx_word' id='word_1_242' title='bbox 2661 1895 2792 1950; x_wconf 80' lang='grc' dir='ltr'>φησι</span> <span class='ocrx_word' id='word_1_243' title='bbox 2824 1877 2962 1930; x_wconf 87' lang='grc' dir='ltr'><strong>κατά</strong></span> <span class='ocrx_word' id='word_1_244' title='bbox 3007 1877 3106 1944; x_wconf 76' lang='grc' dir='ltr'><strong>τήν</strong></span> <span class='ocrx_word' id='word_1_245' title='bbox 3160 1879 3392 1947; x_wconf 82' lang='grc' dir='ltr'>ζωτικὴν</span> <span class='ocrx_word' id='word_1_246' title='bbox 3445 1879 3686 1950; x_wconf 72' lang='grc' dir='ltr'>κίνησιν,</span> 
     </span>
    </p>
   </div>
   <div class='ocr_carea' id='block_1_36' title="bbox 267 1957 1922 2042">
    <p class='ocr_par' dir='ltr' id='par_1_36' title="bbox 267 1957 1922 2032">
     <span class='ocr_line' id='line_1_36' title="bbox 267 1957 1922 2032; baseline -0.007 -10"><span class='ocrx_word' id='word_1_247' title='bbox 267 1967 510 2032; x_wconf 86' lang='lat' dir='ltr'><strong>tionem,</strong></span> <span class='ocrx_word' id='word_1_248' title='bbox 547 1964 602 2017; x_wconf 89' lang='lat' dir='ltr'><strong>id</strong></span> <span class='ocrx_word' id='word_1_249' title='bbox 654 1967 743 2018; x_wconf 88' lang='lat' dir='ltr'><strong>est</strong></span> <span class='ocrx_word' id='word_1_250' title='bbox 795 1960 1133 2016; x_wconf 83' lang='lat' dir='ltr'><strong>nulritivam</strong></span> <span class='ocrx_word' id='word_1_251' title='bbox 1186 1965 1242 2013; x_wconf 84' lang='lat' dir='ltr'><strong>et</strong></span> <span class='ocrx_word' id='word_1_252' title='bbox 1289 1964 1750 2025; x_wconf 86' lang='lat' dir='ltr'><strong>accrescentem;</strong></span> <span class='ocrx_word' id='word_1_253' title='bbox 1802 1957 1922 2011; x_wconf 70' lang='lat' dir='ltr'><strong>haec</strong></span> 
     </span>
    </p>
   </div>
   <div class='ocr_carea' id='block_1_37' title="bbox 2047 1957 3687 2042">
    <p class='ocr_par' dir='ltr' id='par_1_37' title="bbox 2047 1961 3687 2042">
     <span class='ocr_line' id='line_1_37' title="bbox 2047 1961 3687 2042; baseline 0.007 -31"><span class='ocrx_word' id='word_1_254' title='bbox 2047 1961 2271 2014; x_wconf 70' lang='grc' dir='ltr'>τουτέστι</span> <span class='ocrx_word' id='word_1_255' title='bbox 2303 1963 2399 2031; x_wconf 70' lang='grc' dir='ltr'><strong>τήν</strong></span> <span class='ocrx_word' id='word_1_256' title='bbox 2434 1964 2725 2034; x_wconf 73' lang='grc' dir='ltr'>θρεπτικτςν</span> <span class='ocrx_word' id='word_1_257' title='bbox 2758 1984 2816 2018; x_wconf 89' lang='grc' dir='ltr'><strong>τε</strong></span> <span class='ocrx_word' id='word_1_258' title='bbox 2845 1964 2933 2019; x_wconf 84' lang='grc' dir='ltr'><strong>καὶ</strong></span> <span class='ocrx_word' id='word_1_259' title='bbox 2975 1964 3270 2036; x_wconf 80' lang='grc' dir='ltr'>αὐξητικήν</span> <span class='ocrx_word' id='word_1_260' title='bbox 3301 1985 3315 1999; x_wconf 75' lang='grc'><strong>⁸</strong></span> <span class='ocrx_word' id='word_1_261' title='bbox 3360 1971 3529 2022; x_wconf 78' lang='grc' dir='ltr'>ταῦτα</span> <span class='ocrx_word' id='word_1_262' title='bbox 3576 1968 3687 2042; x_wconf 73' lang='grc' dir='ltr'>γὰρ</span> 
     </span>
    </p>
   </div>
   <div class='ocr_carea' id='block_1_38' title="bbox 271 2048 1922 2121">
    <p class='ocr_par' dir='ltr' id='par_1_38' title="bbox 271 2048 1922 2121">
     <span class='ocr_line' id='line_1_38' title="bbox 271 2048 1922 2121; baseline -0.007 -10"><span class='ocrx_word' id='word_1_263' title='bbox 271 2055 427 2111; x_wconf 90' lang='lat' dir='ltr'><strong>enim</strong></span> <span class='ocrx_word' id='word_1_264' title='bbox 483 2052 658 2108; x_wconf 91' lang='lat' dir='ltr'><strong>etiam</strong></span> <span class='ocrx_word' id='word_1_265' title='bbox 720 2051 777 2105; x_wconf 85' lang='lat' dir='ltr'><strong>in</strong></span> <span class='ocrx_word' id='word_1_266' title='bbox 835 2049 1051 2121; x_wconf 88' lang='lat' dir='ltr'><strong>plantis</strong></span> <span class='ocrx_word' id='word_1_267' title='bbox 1111 2049 1347 2116; x_wconf 86' lang='lat' dir='ltr'><strong>insunt;</strong></span> <span class='ocrx_word' id='word_1_268' title='bbox 1396 2048 1659 2102; x_wconf 88' lang='lat' dir='ltr'><strong>inanima</strong></span> <span class='ocrx_word' id='word_1_269' title='bbox 1703 2051 1922 2111; x_wconf 89' lang='lat' dir='ltr'><strong>autem,</strong></span> 
     </span>
    </p>
   </div>
   <div class='ocr_carea' id='block_1_39' title="bbox 271 2133 1928 2215">
    <p class='ocr_par' dir='ltr' id='par_1_39' title="bbox 271 2133 1928 2215">
     <span class='ocr_line' id='line_1_39' title="bbox 271 2133 1928 2215; baseline -0.008 -13"><span class='ocrx_word' id='word_1_270' title='bbox 271 2162 337 2202; x_wconf 88' lang='lat' dir='ltr'><strong>eo</strong></span> <span class='ocrx_word' id='word_1_271' title='bbox 369 2141 521 2215; x_wconf 89' lang='lat' dir='ltr'><strong>quod</strong></span> <span class='ocrx_word' id='word_1_272' title='bbox 555 2141 616 2195; x_wconf 90' lang='lat' dir='ltr'><strong>in</strong></span> <span class='ocrx_word' id='word_1_273' title='bbox 649 2155 711 2194; x_wconf 89' lang='lat' dir='ltr'><strong>se</strong></span> <span class='ocrx_word' id='word_1_274' title='bbox 753 2137 898 2210; x_wconf 90' lang='lat' dir='ltr'><strong>ipsis</strong></span> <span class='ocrx_word' id='word_1_275' title='bbox 946 2137 1202 2192; x_wconf 82' lang='lat' dir='ltr'><strong>habeant</strong></span> <span class='ocrx_word' id='word_1_276' title='bbox 1249 2135 1518 2191; x_wconf 89' lang='lat' dir='ltr'><strong>absolute</strong></span> <span class='ocrx_word' id='word_1_277' title='bbox 1566 2152 1694 2190; x_wconf 90' lang='lat' dir='ltr'><strong>esse</strong></span> <span class='ocrx_word' id='word_1_278' title='bbox 1749 2151 1762 2188; x_wconf 89' lang='lat'><strong>:</strong></span> <span class='ocrx_word' id='word_1_279' title='bbox 1818 2133 1928 2188; x_wconf 90' lang='lat' dir='ltr'><strong>hoc</strong></span> 
     </span>
    </p>
   </div>
   <div class='ocr_carea' id='block_1_40' title="bbox 271 2225 1927 2304">
    <p class='ocr_par' dir='ltr' id='par_1_40' title="bbox 271 2225 1927 2304">
     <span class='ocr_line' id='line_1_40' title="bbox 271 2225 1927 2304; baseline -0.006 -16"><span class='ocrx_word' id='word_1_280' title='bbox 271 2231 564 2304; x_wconf 89' lang='lat' dir='ltr'><strong>siquidem</strong></span> <span class='ocrx_word' id='word_1_281' title='bbox 596 2228 943 2285; x_wconf 79' lang='lat' dir='ltr'><strong>esuntialem</strong></span> <span class='ocrx_word' id='word_1_282' title='bbox 975 2232 1027 2282; x_wconf 76' lang='lat' dir='ltr'><strong>et</strong></span> <span class='ocrx_word' id='word_1_283' title='bbox 1063 2226 1400 2281; x_wconf 85' lang='lat' dir='ltr'><strong>habitualem</strong></span> <span class='ocrx_word' id='word_1_284' title='bbox 1427 2225 1816 2296; x_wconf 88' lang='lat' dir='ltr'><strong>aptitudinem</strong></span> <span class='ocrx_word' id='word_1_285' title='bbox 1841 2239 1927 2278; x_wconf 86' lang='lat' dir='ltr'><strong>vo-</strong></span> 
     </span>
    </p>
   </div>
   <div class='ocr_carea' id='block_1_41' title="bbox 274 2322 443 2378">
    <p class='ocr_par' dir='ltr' id='par_1_41' title="bbox 274 2322 443 2378">
     <span class='ocr_line' id='line_1_41' title="bbox 274 2322 443 2378; baseline -0.006 0"><span class='ocrx_word' id='word_1_286' title='bbox 274 2322 443 2378; x_wconf 86' lang='lat' dir='ltr'><strong>cavit.</strong></span> 
     </span>
    </p>
   </div>
   <div class='ocr_carea' id='block_1_42' title="bbox 353 2401 1927 2476">
    <p class='ocr_par' dir='ltr' id='par_1_42' title="bbox 353 2401 1927 2476">
     <span class='ocr_line' id='line_1_42' title="bbox 353 2401 1927 2476; baseline -0.008 -9"><span class='ocrx_word' id='word_1_287' title='bbox 353 2413 416 2468; x_wconf 89' lang='lat' dir='ltr'><strong>Ut</strong></span> <span class='ocrx_word' id='word_1_288' title='bbox 442 2418 737 2466; x_wconf 54' lang='lat' dir='ltr'><strong>(aeternum.</strong></span> <span class='ocrx_word' id='word_1_289' title='bbox 771 2407 910 2462; x_wconf 85' lang='lat' dir='ltr'><strong>Vide</strong></span> <span class='ocrx_word' id='word_1_290' title='bbox 943 2405 1238 2476; x_wconf 87' lang='lat' dir='ltr'><strong>quomodo</strong></span> <span class='ocrx_word' id='word_1_291' title='bbox 1272 2403 1576 2476; x_wconf 89' lang='lat' dir='ltr'><strong>perspicue</strong></span> <span class='ocrx_word' id='word_1_292' title='bbox 1605 2419 1674 2458; x_wconf 88' lang='lat' dir='ltr'><strong>ex</strong></span> <span class='ocrx_word' id='word_1_293' title='bbox 1704 2401 1927 2456; x_wconf 81' lang='lat' dir='ltr'><strong>eii‘ecti-</strong></span> 
     </span>
    </p>
   </div>
   <div class='ocr_carea' id='block_1_43' title="bbox 278 2489 1927 2564">
    <p class='ocr_par' dir='ltr' id='par_1_43' title="bbox 278 2489 1927 2564">
     <span class='ocr_line' id='line_1_43' title="bbox 278 2489 1927 2564; baseline -0.007 -8"><span class='ocrx_word' id='word_1_294' title='bbox 278 2502 390 2556; x_wconf 92' lang='lat' dir='ltr'><strong>bus</strong></span> <span class='ocrx_word' id='word_1_295' title='bbox 430 2505 486 2555; x_wconf 91' lang='lat' dir='ltr'><strong>et</strong></span> <span class='ocrx_word' id='word_1_296' title='bbox 537 2496 845 2562; x_wconf 85' lang='lat' dir='ltr'><strong>creaturis,</strong></span> <span class='ocrx_word' id='word_1_297' title='bbox 901 2508 1245 2564; x_wconf 89' lang='lat' dir='ltr'><strong>supremum</strong></span> <span class='ocrx_word' id='word_1_298' title='bbox 1302 2493 1567 2546; x_wconf 89' lang='lat' dir='ltr'><strong>omnium</strong></span> <span class='ocrx_word' id='word_1_299' title='bbox 1621 2489 1864 2544; x_wconf 88' lang='lat' dir='ltr'><strong>laudant</strong></span> <span class='ocrx_word' id='word_1_300' title='bbox 1912 2505 1927 2545; x_wconf 89' lang='lat'><strong>:</strong></span> 
     </span>
    </p>
   </div>
   <div class='ocr_carea' id='block_1_44' title="bbox 287 2577 1933 2656">
    <p class='ocr_par' dir='ltr' id='par_1_44' title="bbox 287 2577 1933 2656">
     <span class='ocr_line' id='line_1_44' title="bbox 287 2577 1933 2656; baseline -0.007 -12"><span class='ocrx_word' id='word_1_301' title='bbox 287 2597 564 2646; x_wconf 68' lang='lat' dir='ltr'><strong>aeternum</strong></span> <span class='ocrx_word' id='word_1_302' title='bbox 595 2585 832 2656; x_wconf 87' lang='lat' dir='ltr'><strong>quidem</strong></span> <span class='ocrx_word' id='word_1_303' title='bbox 863 2583 1065 2636; x_wconf 88' lang='lat' dir='ltr'><strong>dicunt</strong></span> <span class='ocrx_word' id='word_1_304' title='bbox 1085 2596 1218 2635; x_wconf 91' lang='lat' dir='ltr'><strong>eum</strong></span> <span class='ocrx_word' id='word_1_305' title='bbox 1251 2579 1351 2650; x_wconf 91' lang='lat' dir='ltr'><strong>qui</strong></span> <span class='ocrx_word' id='word_1_306' title='bbox 1383 2579 1593 2634; x_wconf 82' lang='lat' dir='ltr'><strong>saecula</strong></span> <span class='ocrx_word' id='word_1_307' title='bbox 1624 2577 1857 2644; x_wconf 90' lang='lat' dir='ltr'><strong>creavit;</strong></span> <span class='ocrx_word' id='word_1_308' title='bbox 1877 2583 1933 2633; x_wconf 90' lang='lat' dir='ltr'><strong>et</strong></span> 
     </span>
    </p>
   </div>
   <div class='ocr_carea' id='block_1_45' title="bbox 291 2667 1930 2748">
    <p class='ocr_par' dir='ltr' id='par_1_45' title="bbox 291 2667 1930 2748">
     <span class='ocr_line' id='line_1_45' title="bbox 291 2667 1930 2748; baseline -0.008 -14"><span class='ocrx_word' id='word_1_309' title='bbox 291 2694 494 2748; x_wconf 89' lang='lat' dir='ltr'><strong>reapse</strong></span> <span class='ocrx_word' id='word_1_310' title='bbox 526 2679 616 2730; x_wconf 89' lang='lat' dir='ltr'><strong>est</strong></span> <span class='ocrx_word' id='word_1_311' title='bbox 646 2668 1258 2740; x_wconf 77' lang='lat' dir='ltr'><strong>aeternitas,siquidem</strong></span> <span class='ocrx_word' id='word_1_312' title='bbox 1295 2668 1419 2739; x_wconf 90' lang='lat' dir='ltr'><strong>ipse</strong></span> <span class='ocrx_word' id='word_1_313' title='bbox 1449 2673 1537 2722; x_wconf 87' lang='lat' dir='ltr'><strong>est</strong></span> <span class='ocrx_word' id='word_1_314' title='bbox 1567 2668 1617 2721; x_wconf 92' lang='lat' dir='ltr'><strong>is</strong></span> <span class='ocrx_word' id='word_1_315' title='bbox 1649 2667 1746 2738; x_wconf 88' lang='lat' dir='ltr'><strong>qui</strong></span> <span class='ocrx_word' id='word_1_316' title='bbox 1774 2682 1930 2722; x_wconf 78' lang='lat' dir='ltr'><strong>sem-</strong></span> 
     </span>
    </p>
   </div>
   <div class='ocr_carea' id='block_1_46' title="bbox 288 2755 1931 2838">
    <p class='ocr_par' dir='ltr' id='par_1_46' title="bbox 288 2755 1931 2838">
     <span class='ocr_line' id='line_1_46' title="bbox 288 2755 1931 2838; baseline -0.008 -16"><span class='ocrx_word' id='word_1_317' title='bbox 288 2784 392 2838; x_wconf 90' lang='lat' dir='ltr'><strong>per</strong></span> <span class='ocrx_word' id='word_1_318' title='bbox 420 2761 833 2830; x_wconf 86' lang='lat' dir='ltr'><strong>exsistit,unde</strong></span> <span class='ocrx_word' id='word_1_319' title='bbox 862 2763 919 2812; x_wconf 78' lang='lat' dir='ltr'><strong>et</strong></span> <span class='ocrx_word' id='word_1_320' title='bbox 951 2757 1244 2812; x_wconf 70' lang='lat' dir='ltr'><strong>aeternitas</strong></span> <span class='ocrx_word' id='word_1_321' title='bbox 1273 2755 1931 2820; x_wconf 83' lang='lat' dir='ltr'><strong>nominatur;aeternum</strong></span> 
     </span>
    </p>
   </div>
   <div class='ocr_carea' id='block_1_47' title="bbox 289 2843 1930 2919">
    <p class='ocr_par' dir='ltr' id='par_1_47' title="bbox 289 2843 1930 2919">
     <span class='ocr_line' id='line_1_47' title="bbox 289 2843 1930 2919; baseline -0.007 -11"><span class='ocrx_word' id='word_1_322' title='bbox 289 2860 485 2910; x_wconf 88' lang='lat' dir='ltr'><strong>autem</strong></span> <span class='ocrx_word' id='word_1_323' title='bbox 519 2856 628 2916; x_wconf 92' lang='lat' dir='ltr'><strong>est,</strong></span> <span class='ocrx_word' id='word_1_324' title='bbox 659 2865 774 2905; x_wconf 87' lang='lat' dir='ltr'><strong>non</strong></span> <span class='ocrx_word' id='word_1_325' title='bbox 801 2848 932 2919; x_wconf 89' lang='lat' dir='ltr'><strong>ipsa</strong></span> <span class='ocrx_word' id='word_1_326' title='bbox 960 2844 1272 2908; x_wconf 67' lang='lat' dir='ltr'><strong>aeternitas,</strong></span> <span class='ocrx_word' id='word_1_327' title='bbox 1303 2844 1404 2901; x_wconf 87' lang='lat' dir='ltr'><strong>sed</strong></span> <span class='ocrx_word' id='word_1_328' title='bbox 1436 2843 1590 2914; x_wconf 93' lang='lat' dir='ltr'><strong>quod</strong></span> <span class='ocrx_word' id='word_1_329' title='bbox 1641 2843 1930 2898; x_wconf 65' lang='lat' dir='ltr'><strong>aeternita-</strong></span> 
     </span>
    </p>
   </div>
   <div class='ocr_carea' id='block_1_48' title="bbox 286 2933 1928 3013">
    <p class='ocr_par' dir='ltr' id='par_1_48' title="bbox 286 2933 1928 3013">
     <span class='ocr_line' id='line_1_48' title="bbox 286 2933 1928 3013; baseline -0.008 -16"><span class='ocrx_word' id='word_1_330' title='bbox 286 2947 403 2997; x_wconf 89' lang='lat' dir='ltr'><strong>tem</strong></span> <span class='ocrx_word' id='word_1_331' title='bbox 437 2938 748 3013; x_wconf 86' lang='lat' dir='ltr'><strong>participat</strong></span> <span class='ocrx_word' id='word_1_332' title='bbox 780 2954 793 2992; x_wconf 92' lang='lat'>:</span> <span class='ocrx_word' id='word_1_333' title='bbox 823 2939 997 3006; x_wconf 84' lang='lat' dir='ltr'><strong>atque</strong></span> <span class='ocrx_word' id='word_1_334' title='bbox 1028 2933 1208 2990; x_wconf 85' lang='lat' dir='ltr'><strong>Isaias</strong></span> <span class='ocrx_word' id='word_1_335' title='bbox 1242 2933 1381 2987; x_wconf 88' lang='lat' dir='ltr'><strong>dicit</strong></span> <span class='ocrx_word' id='word_1_336' title='bbox 1413 2949 1426 2986; x_wconf 93' lang='lat'>:</span> <span class='ocrx_word' id='word_1_337' title='bbox 1461 2933 1597 2988; x_wconf 75' lang='lat' dir='ltr'><strong>Deus</strong></span> <span class='ocrx_word' id='word_1_338' title='bbox 1643 2933 1928 3002; x_wconf 80' lang='lat' dir='ltr'><strong>sempiter-</strong></span> 
     </span>
    </p>
   </div>
   <div class='ocr_carea' id='block_1_49' title="bbox 283 3022 1928 3101">
    <p class='ocr_par' dir='ltr' id='par_1_49' title="bbox 283 3022 1928 3101">
     <span class='ocr_line' id='line_1_49' title="bbox 283 3022 1928 3101; baseline -0.006 -15"><span class='ocrx_word' id='word_1_339' title='bbox 283 3047 390 3086; x_wconf 85' lang='lat' dir='ltr'><strong>nus</strong></span> <span class='ocrx_word' id='word_1_340' title='bbox 421 3028 516 3101; x_wconf 83' lang='lat' dir='ltr'><strong>qui</strong></span> <span class='ocrx_word' id='word_1_341' title='bbox 545 3027 750 3082; x_wconf 86' lang='lat' dir='ltr'><strong>creavit</strong></span> <span class='ocrx_word' id='word_1_342' title='bbox 778 3026 1044 3080; x_wconf 76' lang='lat' dir='ltr'><strong>terminos</strong></span> <span class='ocrx_word' id='word_1_343' title='bbox 1068 3027 1239 3079; x_wconf 68' lang='lat' dir='ltr'><strong>terra:</strong></span> <span class='ocrx_word' id='word_1_344' title='bbox 1268 3022 1365 3092; x_wconf 82' lang='lat' dir='ltr'><strong>(g);</strong></span> <span class='ocrx_word' id='word_1_345' title='bbox 1405 3026 1554 3076; x_wconf 86' lang='lat' dir='ltr'><strong>Deus</strong></span> <span class='ocrx_word' id='word_1_346' title='bbox 1585 3025 1778 3076; x_wconf 90' lang='lat' dir='ltr'><strong>autem</strong></span> <span class='ocrx_word' id='word_1_347' title='bbox 1811 3036 1928 3076; x_wconf 83' lang='lat' dir='ltr'><strong>non</strong></span> 
     </span>
    </p>
   </div>
   <div class='ocr_carea' id='block_1_50' title="bbox 282 3109 1926 3191">
    <p class='ocr_par' dir='ltr' id='par_1_50' title="bbox 282 3109 1926 3191">
     <span class='ocr_line' id='line_1_50' title="bbox 282 3109 1926 3191; baseline -0.007 -16"><span class='ocrx_word' id='word_1_348' title='bbox 282 3124 372 3175; x_wconf 89' lang='lat' dir='ltr'><strong>est</strong></span> <span class='ocrx_word' id='word_1_349' title='bbox 398 3116 686 3191; x_wconf 87' lang='lat' dir='ltr'><strong>posterior</strong></span> <span class='ocrx_word' id='word_1_350' title='bbox 713 3112 1052 3179; x_wconf 68' lang='lat' dir='ltr'><strong>aeternitate,</strong></span> <span class='ocrx_word' id='word_1_351' title='bbox 1078 3116 1142 3165; x_wconf 88' lang='lat' dir='ltr'><strong>ut</strong></span> <span class='ocrx_word' id='word_1_352' title='bbox 1171 3111 1346 3166; x_wconf 88' lang='lat' dir='ltr'><strong>etiam</strong></span> <span class='ocrx_word' id='word_1_353' title='bbox 1379 3111 1450 3165; x_wconf 93' lang='lat' dir='ltr'><strong>de</strong></span> <span class='ocrx_word' id='word_1_354' title='bbox 1482 3126 1551 3165; x_wconf 90' lang='lat' dir='ltr'><strong>ea</strong></span> <span class='ocrx_word' id='word_1_355' title='bbox 1582 3109 1926 3182; x_wconf 88' lang='lat' dir='ltr'><strong>participet;</strong></span> 
     </span>
    </p>
   </div>
   <div class='ocr_carea' id='block_1_51' title="bbox 283 3205 1036 3265">
    <p class='ocr_par' dir='ltr' id='par_1_51' title="bbox 283 3205 1036 3265">
     <span class='ocr_line' id='line_1_51' title="bbox 283 3205 1036 3265; baseline -0.012 0"><span class='ocrx_word' id='word_1_356' title='bbox 283 3210 383 3264; x_wconf 88' lang='lat' dir='ltr'><strong>sed</strong></span> <span class='ocrx_word' id='word_1_357' title='bbox 418 3205 760 3265; x_wconf 84' lang='lat' dir='ltr'><strong>saeculorum</strong></span> <span class='ocrx_word' id='word_1_358' title='bbox 792 3205 1036 3258; x_wconf 89' lang='lat' dir='ltr'><strong>creator.</strong></span> 
     </span>
    </p>
   </div>
   <div class='ocr_carea' id='block_1_52' title="bbox 359 3287 1927 3353">
    <p class='ocr_par' dir='ltr' id='par_1_52' title="bbox 359 3287 1927 3353">
     <span class='ocr_line' id='line_1_52' title="bbox 359 3287 1927 3353; baseline -0.007 0"><span class='ocrx_word' id='word_1_359' title='bbox 359 3299 423 3353; x_wconf 90' lang='lat' dir='ltr'><strong>Ut</strong></span> <span class='ocrx_word' id='word_1_360' title='bbox 471 3312 580 3351; x_wconf 86' lang='lat' dir='ltr'><strong>non</strong></span> <span class='ocrx_word' id='word_1_361' title='bbox 627 3295 1017 3348; x_wconf 73' lang='lat' dir='ltr'><strong>senescentem.</strong></span> <span class='ocrx_word' id='word_1_362' title='bbox 1047 3290 1377 3344; x_wconf 89' lang='lat' dir='ltr'><strong>Secundum</strong></span> <span class='ocrx_word' id='word_1_363' title='bbox 1411 3287 1553 3342; x_wconf 90' lang='lat' dir='ltr'><strong>illud</strong></span> <span class='ocrx_word' id='word_1_364' title='bbox 1590 3303 1602 3341; x_wconf 91' lang='lat'>:</span> <span class='ocrx_word' id='word_1_365' title='bbox 1638 3289 1711 3342; x_wconf 87' lang='lat' dir='ltr'><strong>Tu</strong></span> <span class='ocrx_word' id='word_1_366' title='bbox 1739 3291 1927 3342; x_wconf 84' lang='lat' dir='ltr'><strong>autem</strong></span> 
     </span>
    </p>
   </div>
   <div class='ocr_carea' id='block_1_53' title="bbox 284 3376 1593 3455">
    <p class='ocr_par' dir='ltr' id='par_1_53' title="bbox 284 3376 1593 3455">
     <span class='ocr_line' id='line_1_53' title="bbox 284 3376 1593 3455; baseline -0.007 -14"><span class='ocrx_word' id='word_1_367' title='bbox 284 3386 424 3441; x_wconf 82' lang='lat' dir='ltr'><strong>idem</strong></span> <span class='ocrx_word' id='word_1_368' title='bbox 462 3387 575 3455; x_wconf 82' lang='lat' dir='ltr'><strong>ipse</strong></span> <span class='ocrx_word' id='word_1_369' title='bbox 604 3399 677 3450; x_wconf 76' lang='lat' dir='ltr'><strong>es,</strong></span> <span class='ocrx_word' id='word_1_370' title='bbox 709 3385 760 3438; x_wconf 87' lang='lat' dir='ltr'><strong>et</strong></span> <span class='ocrx_word' id='word_1_371' title='bbox 790 3381 928 3436; x_wconf 85' lang='lat' dir='ltr'><strong>anni</strong></span> <span class='ocrx_word' id='word_1_372' title='bbox 955 3380 1041 3434; x_wconf 88' lang='lat' dir='ltr'><strong>tui</strong></span> <span class='ocrx_word' id='word_1_373' title='bbox 1069 3393 1178 3432; x_wconf 86' lang='lat' dir='ltr'><strong>non</strong></span> <span class='ocrx_word' id='word_1_374' title='bbox 1207 3376 1462 3448; x_wconf 78' lang='lat' dir='ltr'><strong>deﬁcient</strong></span> <span class='ocrx_word' id='word_1_375' title='bbox 1491 3377 1593 3447; x_wconf 85' lang='lat' dir='ltr'><strong>(h).</strong></span> 
     </span>
    </p>
   </div>
   <div class='ocr_carea' id='block_1_54' title="bbox 361 3464 1928 3538">
    <p class='ocr_par' dir='ltr' id='par_1_54' title="bbox 361 3464 1928 3538">
     <span class='ocr_line' id='line_1_54' title="bbox 361 3464 1928 3538; baseline -0.004 -9"><span class='ocrx_word' id='word_1_376' title='bbox 361 3476 421 3530; x_wconf 92' lang='lat' dir='ltr'><strong>Ut</strong></span> <span class='ocrx_word' id='word_1_377' title='bbox 452 3476 511 3528; x_wconf 89' lang='lat' dir='ltr'><strong>in</strong></span> <span class='ocrx_word' id='word_1_378' title='bbox 543 3489 689 3526; x_wconf 82' lang='lat' dir='ltr'><strong>aura</strong></span> <span class='ocrx_word' id='word_1_379' title='bbox 719 3471 891 3526; x_wconf 85' lang='lat' dir='ltr'><strong>tenui.</strong></span> <span class='ocrx_word' id='word_1_380' title='bbox 928 3469 1044 3522; x_wconf 86' lang='lat' dir='ltr'><strong>Hoc</strong></span> <span class='ocrx_word' id='word_1_381' title='bbox 1077 3471 1186 3532; x_wconf 88' lang='lat' dir='ltr'><strong>est,</strong></span> <span class='ocrx_word' id='word_1_382' title='bbox 1223 3466 1374 3538; x_wconf 90' lang='lat' dir='ltr'><strong>quod</strong></span> <span class='ocrx_word' id='word_1_383' title='bbox 1410 3466 1626 3520; x_wconf 87' lang='lat' dir='ltr'><strong>dicitur</strong></span> <span class='ocrx_word' id='word_1_384' title='bbox 1655 3465 1714 3520; x_wconf 87' lang='lat' dir='ltr'><strong>in</strong></span> <span class='ocrx_word' id='word_1_385' title='bbox 1762 3464 1928 3522; x_wconf 86' lang='lat' dir='ltr'><strong>libris</strong></span> 
     </span>
    </p>
   </div>
   <div class='ocr_carea' id='block_1_55' title="bbox 286 3554 1928 3636">
    <p class='ocr_par' dir='ltr' id='par_1_55' title="bbox 286 3554 1928 3636">
     <span class='ocr_line' id='line_1_55' title="bbox 286 3554 1928 3636; baseline -0.007 -17"><span class='ocrx_word' id='word_1_386' title='bbox 286 3564 534 3636; x_wconf 79' lang='lat' dir='ltr'><strong>Regum,</strong></span> <span class='ocrx_word' id='word_1_387' title='bbox 564 3578 675 3617; x_wconf 83' lang='lat' dir='ltr'><strong>non</strong></span> <span class='ocrx_word' id='word_1_388' title='bbox 704 3562 764 3616; x_wconf 90' lang='lat' dir='ltr'><strong>in</strong></span> <span class='ocrx_word' id='word_1_389' title='bbox 793 3559 1149 3615; x_wconf 79' lang='lat' dir='ltr'><strong>commotione</strong></span> <span class='ocrx_word' id='word_1_390' title='bbox 1180 3558 1448 3612; x_wconf 85' lang='lat' dir='ltr'><strong>Dominus</strong></span> <span class='ocrx_word' id='word_1_391' title='bbox 1494 3555 1579 3627; x_wconf 90' lang='lat' dir='ltr'><strong>(i),</strong></span> <span class='ocrx_word' id='word_1_392' title='bbox 1633 3571 1821 3625; x_wconf 87' lang='lat' dir='ltr'><strong>neque</strong></span> <span class='ocrx_word' id='word_1_393' title='bbox 1867 3554 1928 3608; x_wconf 90' lang='lat' dir='ltr'><strong>in</strong></span> 
     </span>
    </p>
   </div>
   <div class='ocr_carea' id='block_1_56' title="bbox 285 3642 1930 3716">
    <p class='ocr_par' dir='ltr' id='par_1_56' title="bbox 285 3642 1930 3716">
     <span class='ocr_line' id='line_1_56' title="bbox 285 3642 1930 3716; baseline -0.007 -9"><span class='ocrx_word' id='word_1_394' title='bbox 285 3654 439 3709; x_wconf 88' lang='lat' dir='ltr'><strong>nube</strong></span> <span class='ocrx_word' id='word_1_395' title='bbox 490 3652 678 3706; x_wconf 83' lang='lat' dir='ltr'><strong>adfuit</strong></span> <span class='ocrx_word' id='word_1_396' title='bbox 723 3647 1030 3714; x_wconf 90' lang='lat' dir='ltr'><strong>Dominus,</strong></span> <span class='ocrx_word' id='word_1_397' title='bbox 1083 3650 1147 3701; x_wconf 89' lang='lat' dir='ltr'><strong>ut</strong></span> <span class='ocrx_word' id='word_1_398' title='bbox 1194 3644 1536 3716; x_wconf 88' lang='lat' dir='ltr'><strong>loqueretur</strong></span> <span class='ocrx_word' id='word_1_399' title='bbox 1565 3643 1719 3707; x_wconf 63' lang='lat' dir='ltr'><strong>Elite,</strong></span> <span class='ocrx_word' id='word_1_400' title='bbox 1748 3642 1840 3699; x_wconf 65' lang='lat' dir='ltr'><strong>sed</strong></span> <span class='ocrx_word' id='word_1_401' title='bbox 1871 3644 1930 3696; x_wconf 87' lang='lat' dir='ltr'><strong>in</strong></span> 
     </span>
    </p>
   </div>
   <div class='ocr_carea' id='block_1_57' title="bbox 281 3733 1931 3808">
    <p class='ocr_par' dir='ltr' id='par_1_57' title="bbox 281 3733 1931 3808">
     <span class='ocr_line' id='line_1_57' title="bbox 281 3733 1931 3808; baseline -0.006 -12"><span class='ocrx_word' id='word_1_402' title='bbox 281 3743 445 3798; x_wconf 77' lang='lat' dir='ltr'><strong>sibilo</strong></span> <span class='ocrx_word' id='word_1_403' title='bbox 476 3757 632 3796; x_wconf 72' lang='lat' dir='ltr'><strong>aurae</strong></span> <span class='ocrx_word' id='word_1_404' title='bbox 661 3739 832 3808; x_wconf 85' lang='lat' dir='ltr'><strong>tenui,</strong></span> <span class='ocrx_word' id='word_1_405' title='bbox 865 3741 1032 3792; x_wconf 90' lang='lat' dir='ltr'><strong>vocat</strong></span> <span class='ocrx_word' id='word_1_406' title='bbox 1052 3734 1336 3790; x_wconf 88' lang='lat' dir='ltr'><strong>Dominus</strong></span> <span class='ocrx_word' id='word_1_407' title='bbox 1370 3751 1382 3788; x_wconf 91' lang='lat'><em>:</em></span> <span class='ocrx_word' id='word_1_408' title='bbox 1410 3733 1520 3788; x_wconf 93' lang='lat' dir='ltr'><strong>hoc</strong></span> <span class='ocrx_word' id='word_1_409' title='bbox 1543 3749 1710 3804; x_wconf 85' lang='lat' dir='ltr'><strong>porro</strong></span> <span class='ocrx_word' id='word_1_410' title='bbox 1741 3737 1931 3787; x_wconf 88' lang='lat' dir='ltr'><strong>osten-</strong></span> 
     </span>
    </p>
   </div>
   <div class='ocr_carea' id='block_1_58' title="bbox 284 3821 1927 3897">
    <p class='ocr_par' dir='ltr' id='par_1_58' title="bbox 284 3821 1927 3897">
     <span class='ocr_line' id='line_1_58' title="bbox 284 3821 1927 3897; baseline -0.007 -11"><span class='ocrx_word' id='word_1_411' title='bbox 284 3831 388 3897; x_wconf 91' lang='lat' dir='ltr'><strong>dit,</strong></span> <span class='ocrx_word' id='word_1_412' title='bbox 411 3847 542 3885; x_wconf 91' lang='lat' dir='ltr'><strong>eum</strong></span> <span class='ocrx_word' id='word_1_413' title='bbox 569 3829 758 3883; x_wconf 91' lang='lat' dir='ltr'><strong>dicere</strong></span> <span class='ocrx_word' id='word_1_414' title='bbox 781 3827 961 3882; x_wconf 90' lang='lat' dir='ltr'><strong>Deum</strong></span> <span class='ocrx_word' id='word_1_415' title='bbox 987 3840 1117 3880; x_wconf 89' lang='lat' dir='ltr'><strong>esse</strong></span> <span class='ocrx_word' id='word_1_416' title='bbox 1138 3840 1371 3896; x_wconf 91' lang='lat' dir='ltr'><strong>quoque</strong></span> <span class='ocrx_word' id='word_1_417' title='bbox 1395 3823 1451 3876; x_wconf 91' lang='lat' dir='ltr'><strong>in</strong></span> <span class='ocrx_word' id='word_1_418' title='bbox 1475 3821 1846 3894; x_wconf 90' lang='lat' dir='ltr'><strong>corpore,qui</strong></span> <span class='ocrx_word' id='word_1_419' title='bbox 1870 3821 1927 3875; x_wconf 89' lang='lat' dir='ltr'><strong>in</strong></span> 
     </span>
    </p>
   </div>
   <div class='ocr_carea' id='block_1_59' title="bbox 283 3909 1928 3985">
    <p class='ocr_par' dir='ltr' id='par_1_59' title="bbox 283 3909 1928 3985">
     <span class='ocr_line' id='line_1_59' title="bbox 283 3909 1928 3985; baseline -0.005 -13"><span class='ocrx_word' id='word_1_420' title='bbox 283 3919 556 3973; x_wconf 86' lang='lat' dir='ltr'><strong>omnibus</strong></span> <span class='ocrx_word' id='word_1_421' title='bbox 579 3912 1192 3985; x_wconf 83' lang='lat' dir='ltr'><strong>incomprehensibilis</strong></span> <span class='ocrx_word' id='word_1_422' title='bbox 1215 3911 1576 3982; x_wconf 80' lang='lat' dir='ltr'><strong>est;spiritus</strong></span> <span class='ocrx_word' id='word_1_423' title='bbox 1598 3911 1754 3966; x_wconf 88' lang='lat' dir='ltr'><strong>enim</strong></span> <span class='ocrx_word' id='word_1_424' title='bbox 1777 3909 1928 3965; x_wconf 81' lang='lat' dir='ltr'><strong>etab</strong></span> 
     </span>
    </p>
   </div>
   <div class='ocr_carea' id='block_1_60' title="bbox 282 4000 1930 4068">
    <p class='ocr_par' dir='ltr' id='par_1_60' title="bbox 282 4000 1930 4068">
     <span class='ocr_line' id='line_1_60' title="bbox 282 4000 1930 4068; baseline -0.004 -9"><span class='ocrx_word' id='word_1_425' title='bbox 282 4006 558 4060; x_wconf 89' lang='lat' dir='ltr'><strong>omnibus</strong></span> <span class='ocrx_word' id='word_1_426' title='bbox 607 4002 1080 4057; x_wconf 82' lang='lat' dir='ltr'><strong>communicatur</strong></span> <span class='ocrx_word' id='word_1_427' title='bbox 1119 4007 1175 4056; x_wconf 89' lang='lat' dir='ltr'><strong>et</strong></span> <span class='ocrx_word' id='word_1_428' title='bbox 1207 4006 1293 4055; x_wconf 85' lang='lat' dir='ltr'><strong>est</strong></span> <span class='ocrx_word' id='word_1_429' title='bbox 1322 4001 1378 4053; x_wconf 91' lang='lat' dir='ltr'><strong>in</strong></span> <span class='ocrx_word' id='word_1_430' title='bbox 1413 4000 1711 4065; x_wconf 87' lang='lat' dir='ltr'><strong>omnibus,</strong></span> <span class='ocrx_word' id='word_1_431' title='bbox 1745 4014 1930 4068; x_wconf 88' lang='lat' dir='ltr'><strong>neque</strong></span> 
     </span>
    </p>
   </div>
   <div class='ocr_carea' id='block_1_61' title="bbox 281 4088 1930 4162">
    <p class='ocr_par' dir='ltr' id='par_1_61' title="bbox 281 4088 1930 4162">
     <span class='ocr_line' id='line_1_61' title="bbox 281 4088 1930 4162; baseline -0.004 -14"><span class='ocrx_word' id='word_1_432' title='bbox 281 4095 353 4149; x_wconf 90' lang='lat' dir='ltr'><strong>ab</strong></span> <span class='ocrx_word' id='word_1_433' title='bbox 386 4092 505 4147; x_wconf 89' lang='lat' dir='ltr'><strong>ullo</strong></span> <span class='ocrx_word' id='word_1_434' title='bbox 539 4090 1078 4162; x_wconf 84' lang='lat' dir='ltr'><strong>comprehenditur,</strong></span> <span class='ocrx_word' id='word_1_435' title='bbox 1111 4089 1266 4143; x_wconf 90' lang='lat' dir='ltr'><strong>sicut</strong></span> <span class='ocrx_word' id='word_1_436' title='bbox 1291 4089 1467 4143; x_wconf 79' lang='lat' dir='ltr'><strong>etiam</strong></span> <span class='ocrx_word' id='word_1_437' title='bbox 1519 4088 1804 4142; x_wconf 88' lang='lat' dir='ltr'><strong>Dominus</strong></span> <span class='ocrx_word' id='word_1_438' title='bbox 1849 4088 1930 4142; x_wconf 88' lang='lat' dir='ltr'><strong>ait</strong></span> 
     </span>
    </p>
   </div>
   <div class='ocr_carea' id='block_1_62' title="bbox 280 4177 1930 4252">
    <p class='ocr_par' dir='ltr' id='par_1_62' title="bbox 280 4177 1930 4252">
     <span class='ocr_line' id='line_1_62' title="bbox 280 4177 1930 4252; baseline -0.005 -15"><span class='ocrx_word' id='word_1_439' title='bbox 280 4183 338 4237; x_wconf 90' lang='lat' dir='ltr'><strong>in</strong></span> <span class='ocrx_word' id='word_1_440' title='bbox 395 4178 727 4252; x_wconf 83' lang='lat' dir='ltr'><strong>Evangeliis</strong></span> <span class='ocrx_word' id='word_1_441' title='bbox 786 4195 799 4234; x_wconf 92' lang='lat'><strong>:</strong></span> <span class='ocrx_word' id='word_1_442' title='bbox 859 4177 1101 4249; x_wconf 78' lang='lat' dir='ltr'><strong>Spiritus</strong></span> <span class='ocrx_word' id='word_1_443' title='bbox 1172 4184 1250 4231; x_wconf 79' lang='lat' dir='ltr'><strong>est</strong></span> <span class='ocrx_word' id='word_1_444' title='bbox 1325 4177 1508 4236; x_wconf 82' lang='lat' dir='ltr'><strong>Deus;</strong></span> <span class='ocrx_word' id='word_1_445' title='bbox 1565 4180 1618 4230; x_wconf 83' lang='lat' dir='ltr'><strong>et</strong></span> <span class='ocrx_word' id='word_1_446' title='bbox 1675 4191 1762 4231; x_wconf 80' lang='lat' dir='ltr'><strong>eos</strong></span> <span class='ocrx_word' id='word_1_447' title='bbox 1831 4178 1930 4245; x_wconf 86' lang='lat' dir='ltr'><strong>qui</strong></span> 
     </span>
    </p>
   </div>
   <div class='ocr_carea' id='block_1_63' title="bbox 277 4265 1926 4340">
    <p class='ocr_par' dir='ltr' id='par_1_63' title="bbox 277 4265 1926 4340">
     <span class='ocr_line' id='line_1_63' title="bbox 277 4265 1926 4340; baseline -0.004 -13"><span class='ocrx_word' id='word_1_448' title='bbox 277 4270 513 4327; x_wconf 84' lang='lat' dir='ltr'><strong>adorant</strong></span> <span class='ocrx_word' id='word_1_449' title='bbox 564 4285 711 4340; x_wconf 87' lang='lat' dir='ltr'><strong>eum,</strong></span> <span class='ocrx_word' id='word_1_450' title='bbox 761 4269 822 4322; x_wconf 88' lang='lat' dir='ltr'><strong>in</strong></span> <span class='ocrx_word' id='word_1_451' title='bbox 867 4266 1067 4338; x_wconf 71' lang='lat' dir='ltr'><strong>spiritu</strong></span> <span class='ocrx_word' id='word_1_452' title='bbox 1117 4275 1174 4321; x_wconf 91' lang='lat' dir='ltr'><strong>et</strong></span> <span class='ocrx_word' id='word_1_453' title='bbox 1223 4266 1465 4320; x_wconf 84' lang='lat' dir='ltr'><strong>veritate</strong></span> <span class='ocrx_word' id='word_1_454' title='bbox 1523 4270 1734 4335; x_wconf 83' lang='lat' dir='ltr'><strong>oportet</strong></span> <span class='ocrx_word' id='word_1_455' title='bbox 1790 4265 1926 4320; x_wconf 84' lang='lat' dir='ltr'><strong>ado-</strong></span> 
     </span>
    </p>
   </div>
   <div class='ocr_carea' id='block_1_64' title="bbox 276 4359 543 4431">
    <p class='ocr_par' dir='ltr' id='par_1_64' title="bbox 276 4359 543 4431">
     <span class='ocr_line' id='line_1_64' title="bbox 276 4359 543 4431; baseline 0 -16"><span class='ocrx_word' id='word_1_456' title='bbox 276 4377 416 4416; x_wconf 80' lang='lat' dir='ltr'><strong>rare</strong></span> <span class='ocrx_word' id='word_1_457' title='bbox 448 4359 543 4431; x_wconf 76' lang='grc' dir='ltr'>(Ιί).</span> 
     </span>
    </p>
   </div>
   <div class='ocr_carea' id='block_1_65' title="bbox 348 4441 1923 4514">
    <p class='ocr_par' dir='ltr' id='par_1_65' title="bbox 348 4441 1923 4514">
     <span class='ocr_line' id='line_1_65' title="bbox 348 4441 1923 4514; baseline -0.005 -9"><span class='ocrx_word' id='word_1_458' title='bbox 348 4450 501 4505; x_wconf 81' lang='lat'><strong>106</strong></span> <span class='ocrx_word' id='word_1_459' title='bbox 557 4450 617 4502; x_wconf 87' lang='lat' dir='ltr'><strong>Et</strong></span> <span class='ocrx_word' id='word_1_460' title='bbox 658 4448 890 4502; x_wconf 82' lang='lat' dir='ltr'><strong>nomine</strong></span> <span class='ocrx_word' id='word_1_461' title='bbox 938 4460 1154 4501; x_wconf 82' lang='lat' dir='ltr'><strong>carere.</strong></span> <span class='ocrx_word' id='word_1_462' title='bbox 1205 4443 1471 4500; x_wconf 88' lang='lat' dir='ltr'><strong>Nominis</strong></span> <span class='ocrx_word' id='word_1_463' title='bbox 1520 4441 1923 4514; x_wconf 86' lang='lat' dir='ltr'><strong>privationem,</strong></span> 
     </span>
    </p>
   </div>
   <div class='ocr_carea' id='block_1_66' title="bbox 277 4534 1922 4610">
    <p class='ocr_par' dir='ltr' id='par_1_66' title="bbox 277 4534 1922 4610">
     <span class='ocr_line' id='line_1_66' title="bbox 277 4534 1922 4610; baseline -0.004 -16"><span class='ocrx_word' id='word_1_464' title='bbox 277 4539 415 4610; x_wconf 91' lang='lat' dir='ltr'><strong>quia</strong></span> <span class='ocrx_word' id='word_1_465' title='bbox 447 4543 537 4592; x_wconf 87' lang='lat' dir='ltr'><strong>est</strong></span> <span class='ocrx_word' id='word_1_466' title='bbox 583 4535 804 4600; x_wconf 89' lang='lat' dir='ltr'><strong>omnia,</strong></span> <span class='ocrx_word' id='word_1_467' title='bbox 853 4539 909 4591; x_wconf 90' lang='lat' dir='ltr'><strong>et</strong></span> <span class='ocrx_word' id='word_1_468' title='bbox 959 4534 1105 4589; x_wconf 90' lang='lat' dir='ltr'><strong>nihil</strong></span> <span class='ocrx_word' id='word_1_469' title='bbox 1159 4539 1247 4588; x_wconf 80' lang='lat' dir='ltr'><strong>est</strong></span> <span class='ocrx_word' id='word_1_470' title='bbox 1296 4547 1496 4588; x_wconf 81' lang='lat' dir='ltr'><strong>eorum</strong></span> <span class='ocrx_word' id='word_1_471' title='bbox 1559 4548 1688 4604; x_wconf 73' lang='lat' dir='ltr'><strong>quas</strong></span> <span class='ocrx_word' id='word_1_472' title='bbox 1749 4537 1922 4599; x_wconf 88' lang='lat' dir='ltr'><strong>sunt;</strong></span> 
     </span>
    </p>
   </div>
   <div class='ocr_carea' id='block_1_67' title="bbox 277 4621 1923 4697">
    <p class='ocr_par' dir='ltr' id='par_1_67' title="bbox 277 4621 1923 4697">
     <span class='ocr_line' id='line_1_67' title="bbox 277 4621 1923 4697; baseline -0.003 -16"><span class='ocrx_word' id='word_1_473' title='bbox 277 4629 376 4682; x_wconf 84' lang='lat' dir='ltr'><strong>sed</strong></span> <span class='ocrx_word' id='word_1_474' title='bbox 411 4625 609 4682; x_wconf 89' lang='lat' dir='ltr'><strong>omnia</strong></span> <span class='ocrx_word' id='word_1_475' title='bbox 633 4641 703 4681; x_wconf 84' lang='lat' dir='ltr'><strong>ex</strong></span> <span class='ocrx_word' id='word_1_476' title='bbox 744 4625 872 4697; x_wconf 92' lang='lat' dir='ltr'><strong>ipso</strong></span> <span class='ocrx_word' id='word_1_477' title='bbox 921 4629 1080 4693; x_wconf 84' lang='lat' dir='ltr'><strong>sunt,</strong></span> <span class='ocrx_word' id='word_1_478' title='bbox 1137 4622 1291 4678; x_wconf 88' lang='lat' dir='ltr'><strong>sicut</strong></span> <span class='ocrx_word' id='word_1_479' title='bbox 1338 4622 1463 4693; x_wconf 89' lang='lat' dir='ltr'><strong>ipse</strong></span> <span class='ocrx_word' id='word_1_480' title='bbox 1512 4621 1773 4692; x_wconf 89' lang='lat' dir='ltr'><strong>seipsum</strong></span> <span class='ocrx_word' id='word_1_481' title='bbox 1823 4635 1923 4676; x_wconf 83' lang='lat' dir='ltr'><strong>ex-</strong></span> 
     </span>
    </p>
   </div>
   <div class='ocr_carea' id='block_1_68' title="bbox 272 4716 566 4788">
    <p class='ocr_par' dir='ltr' id='par_1_68' title="bbox 272 4716 566 4788">
     <span class='ocr_line' id='line_1_68' title="bbox 272 4716 566 4788; baseline 0.007 -18"><span class='ocrx_word' id='word_1_482' title='bbox 272 4716 452 4788; x_wconf 91' lang='lat' dir='ltr'><strong>plicat</strong></span> <span class='ocrx_word' id='word_1_483' title='bbox 481 4717 566 4788; x_wconf 84' lang='grc' dir='ltr'>(ι).</span> 
     </span>
    </p>
   </div>
   <div class='ocr_carea' id='block_1_69' title="bbox 349 4800 1924 4876">
    <p class='ocr_par' dir='ltr' id='par_1_69' title="bbox 349 4800 1924 4876">
     <span class='ocr_line' id='line_1_69' title="bbox 349 4800 1924 4876; baseline -0.003 -14"><span class='ocrx_word' id='word_1_484' title='bbox 349 4808 410 4862; x_wconf 91' lang='lat' dir='ltr'><strong>Ut</strong></span> <span class='ocrx_word' id='word_1_485' title='bbox 464 4803 763 4876; x_wconf 84' lang='lat' dir='ltr'><strong>principio.</strong></span> <span class='ocrx_word' id='word_1_486' title='bbox 818 4801 1110 4873; x_wconf 89' lang='lat' dir='ltr'><strong>Principio</strong></span> <span class='ocrx_word' id='word_1_487' title='bbox 1162 4800 1422 4872; x_wconf 89' lang='lat' dir='ltr'><strong>quidem,</strong></span> <span class='ocrx_word' id='word_1_488' title='bbox 1471 4804 1538 4854; x_wconf 91' lang='lat' dir='ltr'><strong>ut</strong></span> <span class='ocrx_word' id='word_1_489' title='bbox 1587 4801 1740 4870; x_wconf 91' lang='lat' dir='ltr'><strong>quod</strong></span> <span class='ocrx_word' id='word_1_490' title='bbox 1794 4817 1924 4857; x_wconf 87' lang='lat' dir='ltr'><strong>esse</strong></span> 
     </span>
    </p>
   </div>
   <div class='ocr_carea' id='block_1_70' title="bbox 272 4889 1846 4965">
    <p class='ocr_par' dir='ltr' id='par_1_70' title="bbox 272 4889 1846 4965">
     <span class='ocr_line' id='line_1_70' title="bbox 272 4889 1846 4965; baseline -0.001 -19"><span class='ocrx_word' id='word_1_491' title='bbox 272 4895 553 4965; x_wconf 73' lang='lat' dir='ltr'><strong>praebeat;</strong></span> <span class='ocrx_word' id='word_1_492' title='bbox 593 4896 706 4949; x_wconf 76' lang='lat' dir='ltr'><strong>fine</strong></span> <span class='ocrx_word' id='word_1_493' title='bbox 736 4897 933 4949; x_wconf 88' lang='lat' dir='ltr'><strong>autem</strong></span> <span class='ocrx_word' id='word_1_494' title='bbox 968 4896 1032 4946; x_wconf 91' lang='lat' dir='ltr'><strong>ut</strong></span> <span class='ocrx_word' id='word_1_495' title='bbox 1061 4891 1213 4961; x_wconf 91' lang='lat' dir='ltr'><strong>quod</strong></span> <span class='ocrx_word' id='word_1_496' title='bbox 1247 4889 1307 4944; x_wconf 89' lang='lat' dir='ltr'><strong>in</strong></span> <span class='ocrx_word' id='word_1_497' title='bbox 1340 4905 1468 4944; x_wconf 87' lang='lat' dir='ltr'><strong>esse</strong></span> <span class='ocrx_word' id='word_1_498' title='bbox 1498 4894 1846 4953; x_wconf 88' lang='lat' dir='ltr'><strong>conservet._</strong></span> 
     </span>
    </p>
   </div>
   <div class='ocr_carea' id='block_1_71' title="bbox 342 5069 1921 5139">
    <p class='ocr_par' dir='ltr' id='par_1_71' title="bbox 342 5069 1921 5139">
     <span class='ocr_line' id='line_1_71' title="bbox 342 5069 1921 5139; baseline -0.002 -11"><span class='ocrx_word' id='word_1_499' title='bbox 342 5072 539 5128; x_wconf 80' lang='lat' dir='ltr'><strong>Omnia</strong></span> <span class='ocrx_word' id='word_1_500' title='bbox 572 5072 628 5127; x_wconf 82' lang='lat' dir='ltr'><strong>in</strong></span> <span class='ocrx_word' id='word_1_501' title='bbox 659 5071 928 5127; x_wconf 83' lang='lat' dir='ltr'><strong>omnibus.</strong></span> <span class='ocrx_word' id='word_1_502' title='bbox 963 5069 1174 5126; x_wconf 82' lang='lat' dir='ltr'><strong>Omnia</strong></span> <span class='ocrx_word' id='word_1_503' title='bbox 1204 5071 1397 5125; x_wconf 87' lang='lat' dir='ltr'><strong>autem</strong></span> <span class='ocrx_word' id='word_1_504' title='bbox 1431 5083 1560 5138; x_wconf 82' lang='lat' dir='ltr'><strong>quae</strong></span> <span class='ocrx_word' id='word_1_505' title='bbox 1591 5071 1748 5137; x_wconf 87' lang='lat' dir='ltr'><strong>sunt,</strong></span> <span class='ocrx_word' id='word_1_506' title='bbox 1781 5069 1921 5139; x_wconf 90' lang='lat' dir='ltr'><strong>quia</strong></span> 
     </span>
    </p>
   </div>
   <div class='ocr_carea' id='block_1_72' title="bbox 268 5161 914 5231">
    <p class='ocr_par' dir='ltr' id='par_1_72' title="bbox 268 5161 914 5231">
     <span class='ocr_line' id='line_1_72' title="bbox 268 5161 914 5231; baseline 0.003 -17"><span class='ocrx_word' id='word_1_507' title='bbox 268 5174 336 5214; x_wconf 87' lang='lat' dir='ltr'><strong>ex</strong></span> <span class='ocrx_word' id='word_1_508' title='bbox 368 5161 495 5231; x_wconf 90' lang='lat' dir='ltr'><strong>ipso</strong></span> <span class='ocrx_word' id='word_1_509' title='bbox 530 5165 670 5216; x_wconf 86' lang='lat' dir='ltr'><strong>sunt</strong></span> <span class='ocrx_word' id='word_1_510' title='bbox 699 5161 914 5218; x_wconf 89' lang='lat' dir='ltr'><strong>omnia.</strong></span> 
     </span>
    </p>
   </div>
   <div class='ocr_carea' id='block_1_73' title="bbox 338 5335 1378 5410">
    <p class='ocr_par' dir='ltr' id='par_1_73' title="bbox 338 5335 1378 5410">
     <span class='ocr_line' id='line_1_73' title="bbox 338 5335 1378 5410; baseline -0.002 -16"><span class='ocrx_word' id='word_1_511' title='bbox 338 5339 417 5410; x_wconf 74' lang='grc' dir='ltr'>(ρ)</span> <span class='ocrx_word' id='word_1_512' title='bbox 448 5338 559 5395; x_wconf 90' lang='lat' dir='ltr'><strong>Isa.</strong></span> <span class='ocrx_word' id='word_1_513' title='bbox 592 5354 683 5407; x_wconf 67' lang='grc' dir='ltr'>χιι,</span> <span class='ocrx_word' id='word_1_514' title='bbox 714 5338 804 5394; x_wconf 86' lang='grc'>28.</span> <span class='ocrx_word' id='word_1_515' title='bbox 883 5337 964 5409; x_wconf 85' lang='lat' dir='ltr'><strong>(h)</strong></span> <span class='ocrx_word' id='word_1_516' title='bbox 998 5335 1148 5394; x_wconf 86' lang='lat' dir='ltr'><strong>Psal.</strong></span> <span class='ocrx_word' id='word_1_517' title='bbox 1182 5352 1258 5407; x_wconf 77' lang='lat' dir='ltr'><strong>cr,</strong></span> <span class='ocrx_word' id='word_1_518' title='bbox 1289 5336 1378 5392; x_wconf 86' lang='lat'><strong>28.</strong></span> 
     </span>
    </p>
   </div>
   <div class='ocr_carea' id='block_1_74' title="bbox 1457 5331 2655 5409">
    <p class='ocr_par' dir='ltr' id='par_1_74' title="bbox 1457 5331 2655 5409">
     <span class='ocr_line' id='line_1_74' title="bbox 1457 5331 2655 5409; baseline -0.001 -19"><span class='ocrx_word' id='word_1_519' title='bbox 1457 5336 1520 5408; x_wconf 72' lang='grc' dir='ltr'><strong>(ἰ)</strong></span> <span class='ocrx_word' id='word_1_520' title='bbox 1551 5336 1628 5392; x_wconf 91' lang='lat' dir='ltr'><strong>III</strong></span> <span class='ocrx_word' id='word_1_521' title='bbox 1660 5340 1797 5409; x_wconf 81' lang='lat' dir='ltr'><strong>Reg.</strong></span> <span class='ocrx_word' id='word_1_522' title='bbox 1829 5352 1950 5404; x_wconf 69' lang='lat' dir='ltr'><strong>xxx,</strong></span> <span class='ocrx_word' id='word_1_523' title='bbox 1982 5335 2072 5404; x_wconf 84' lang='grc' dir='ltr'>Η,</span> <span class='ocrx_word' id='word_1_524' title='bbox 2147 5333 2225 5406; x_wconf 84' lang='lat' dir='ltr'><strong>(k)</strong></span> <span class='ocrx_word' id='word_1_525' title='bbox 2253 5333 2423 5390; x_wconf 87' lang='lat' dir='ltr'><strong>Joan.</strong></span> <span class='ocrx_word' id='word_1_526' title='bbox 2457 5346 2536 5400; x_wconf 81' lang='lat' dir='ltr'><strong>1v,</strong></span> <span class='ocrx_word' id='word_1_527' title='bbox 2564 5331 2655 5389; x_wconf 83' lang='grc'><strong>24.</strong></span> 
     </span>
    </p>
   </div>
   <div class='ocr_carea' id='block_1_75' title="bbox 2038 2043 3689 2129">
    <p class='ocr_par' dir='ltr' id='par_1_75' title="bbox 2038 2043 3689 2129">
     <span class='ocr_line' id='line_1_75' title="bbox 2038 2043 3689 2129; baseline 0.006 -30"><span class='ocrx_word' id='word_1_528' title='bbox 2038 2043 2103 2115; x_wconf 72' lang='grc' dir='ltr'><strong>δὴ</strong></span> <span class='ocrx_word' id='word_1_529' title='bbox 2139 2046 2189 2100; x_wconf 74' lang='grc' dir='ltr'>ἐν</span> <span class='ocrx_word' id='word_1_530' title='bbox 2219 2053 2337 2111; x_wconf 85' lang='grc' dir='ltr'>τοῖς</span> <span class='ocrx_word' id='word_1_531' title='bbox 2366 2055 2553 2126; x_wconf 78' lang='grc' dir='ltr'>φυτοῖς</span> <span class='ocrx_word' id='word_1_532' title='bbox 2585 2049 2830 2123; x_wconf 80' lang='grc' dir='ltr'>πρόσεισι</span> <span class='ocrx_word' id='word_1_533' title='bbox 2867 2070 2879 2082; x_wconf 92' lang='grc'><strong>·</strong></span> <span class='ocrx_word' id='word_1_534' title='bbox 2911 2051 2978 2106; x_wconf 75' lang='grc' dir='ltr'><strong>τὰ</strong></span> <span class='ocrx_word' id='word_1_535' title='bbox 3008 2049 3064 2107; x_wconf 72' lang='grc' dir='ltr'><strong>δὲ</strong></span> <span class='ocrx_word' id='word_1_536' title='bbox 3093 2050 3278 2129; x_wconf 72' lang='grc' dir='ltr'>ἄψυχα</span> <span class='ocrx_word' id='word_1_537' title='bbox 3309 2052 3360 2108; x_wconf 84' lang='grc' dir='ltr'>ἐν</span> <span class='ocrx_word' id='word_1_538' title='bbox 3410 2053 3489 2127; x_wconf 81' lang='grc' dir='ltr'><strong>τῷ</strong></span> <span class='ocrx_word' id='word_1_539' title='bbox 3536 2052 3689 2129; x_wconf 77' lang='grc' dir='ltr'>ἔχειν</span> 
     </span>
    </p>
   </div>
   <div class='ocr_carea' id='block_1_76' title="bbox 2037 2135 3683 2218">
    <p class='ocr_par' dir='ltr' id='par_1_76' title="bbox 2037 2135 3683 2218">
     <span class='ocr_line' id='line_1_76' title="bbox 2037 2135 3683 2218; baseline 0.007 -31"><span class='ocrx_word' id='word_1_540' title='bbox 2037 2135 2088 2188; x_wconf 81' lang='grc' dir='ltr'>ἐν</span> <span class='ocrx_word' id='word_1_541' title='bbox 2118 2137 2327 2199; x_wconf 70' lang='grc' dir='ltr'>ἑαυτοῖς</span> <span class='ocrx_word' id='word_1_542' title='bbox 2358 2137 2420 2192; x_wconf 89' lang='grc' dir='ltr'><strong>τὸ</strong></span> <span class='ocrx_word' id='word_1_543' title='bbox 2470 2137 2616 2200; x_wconf 77' lang='grc' dir='ltr'>ὅλως</span> <span class='ocrx_word' id='word_1_544' title='bbox 2667 2140 2798 2193; x_wconf 69' lang='grc' dir='ltr'>εἶναι</span> <span class='ocrx_word' id='word_1_545' title='bbox 2831 2158 2843 2171; x_wconf 88' lang='grc'><strong>·</strong></span> <span class='ocrx_word' id='word_1_546' title='bbox 2877 2144 3038 2196; x_wconf 77' lang='grc' dir='ltr'>τοῦτο</span> <span class='ocrx_word' id='word_1_547' title='bbox 3076 2142 3175 2218; x_wconf 72' lang='grc' dir='ltr'><strong>γὰρ</strong></span> <span class='ocrx_word' id='word_1_548' title='bbox 3237 2143 3378 2198; x_wconf 80' lang='grc' dir='ltr'>εἶπεν</span> <span class='ocrx_word' id='word_1_549' title='bbox 3438 2141 3683 2214; x_wconf 78' lang='grc' dir='ltr'>οὖσιώδη</span> 
     </span>
    </p>
   </div>
   <div class='ocr_carea' id='block_1_77' title="bbox 2035 2224 2840 2299">
    <p class='ocr_par' dir='ltr' id='par_1_77' title="bbox 2035 2224 2840 2299">
     <span class='ocr_line' id='line_1_77' title="bbox 2035 2224 2840 2299; baseline 0.007 -21"><span class='ocrx_word' id='word_1_550' title='bbox 2035 2225 2124 2278; x_wconf 82' lang='grc' dir='ltr'>καὶ</span> <span class='ocrx_word' id='word_1_551' title='bbox 2153 2224 2368 2295; x_wconf 75' lang='grc' dir='ltr'>ἐκτικῆν</span> <span class='ocrx_word' id='word_1_552' title='bbox 2402 2225 2840 2299; x_wconf 85' lang='grc' dir='ltr'>ἐπιτηδειότητα.</span> 
     </span>
    </p>
   </div>
   <div class='ocr_carea' id='block_1_78' title="bbox 2109 2403 3691 2483">
    <p class='ocr_par' dir='ltr' id='par_1_78' title="bbox 2109 2403 3691 2483">
     <span class='ocr_line' id='line_1_78' title="bbox 2109 2403 3691 2483; baseline 0.004 -27"><span class='ocrx_word' id='word_1_553' title='bbox 2109 2404 2198 2465; x_wconf 73' lang='grc' dir='ltr'>Ὠς</span> <span class='ocrx_word' id='word_1_554' title='bbox 2259 2403 2499 2458; x_wconf 80' lang='grc' dir='ltr'>αἰώνιον.</span> <span class='ocrx_word' id='word_1_555' title='bbox 2543 2407 2683 2477; x_wconf 80' lang='grc' dir='ltr'>’Όρα</span> <span class='ocrx_word' id='word_1_556' title='bbox 2739 2409 2856 2467; x_wconf 82' lang='grc' dir='ltr'>πῶς</span> <span class='ocrx_word' id='word_1_557' title='bbox 2913 2411 3095 2483; x_wconf 72' lang='grc' dir='ltr'>σαφῶς</span> <span class='ocrx_word' id='word_1_558' title='bbox 3150 2406 3210 2463; x_wconf 79' lang='grc' dir='ltr'>ἐκ</span> <span class='ocrx_word' id='word_1_559' title='bbox 3264 2413 3371 2463; x_wconf 81' lang='grc' dir='ltr'><strong>τῶν</strong></span> <span class='ocrx_word' id='word_1_560' title='bbox 3431 2409 3691 2464; x_wconf 71' lang='grc' dir='ltr'>αἷτιατῶν</span> 
     </span>
    </p>
   </div>
   <div class='ocr_carea' id='block_1_79' title="bbox 2037 2492 3696 2572">
    <p class='ocr_par' dir='ltr' id='par_1_79' title="bbox 2037 2492 3696 2572">
     <span class='ocr_line' id='line_1_79' title="bbox 2037 2492 3696 2572; baseline 0.004 -27"><span class='ocrx_word' id='word_1_561' title='bbox 2037 2492 2126 2545; x_wconf 78' lang='grc' dir='ltr'><strong>καὶ</strong></span> <span class='ocrx_word' id='word_1_562' title='bbox 2176 2497 2406 2546; x_wconf 77' lang='grc' dir='ltr'>κτιστῶν</span> <span class='ocrx_word' id='word_1_563' title='bbox 2466 2493 2556 2547; x_wconf 90' lang='grc' dir='ltr'><strong>τὸν</strong></span> <span class='ocrx_word' id='word_1_564' title='bbox 2616 2494 2864 2548; x_wconf 80' lang='grc' dir='ltr'>ἁπάντων</span> <span class='ocrx_word' id='word_1_565' title='bbox 2918 2494 3192 2552; x_wconf 83' lang='grc' dir='ltr'>ἀνώτατον</span> <span class='ocrx_word' id='word_1_566' title='bbox 3235 2497 3637 2572; x_wconf 78' lang='grc' dir='ltr'>ὑμνολογοῦσιν</span> <span class='ocrx_word' id='word_1_567' title='bbox 3678 2509 3696 2531; x_wconf 81' lang='grc'><strong><em>⁸</em></strong></span> 
     </span>
    </p>
   </div>
   <div class='ocr_carea' id='block_1_80' title="bbox 2039 2579 3696 2659">
    <p class='ocr_par' dir='ltr' id='par_1_80' title="bbox 2039 2579 3696 2659">
     <span class='ocr_line' id='line_1_80' title="bbox 2039 2579 3696 2659; baseline 0.005 -25"><span class='ocrx_word' id='word_1_568' title='bbox 2039 2579 2257 2634; x_wconf 76' lang='grc' dir='ltr'>αἰώνιον</span> <span class='ocrx_word' id='word_1_569' title='bbox 2322 2582 2417 2654; x_wconf 72' lang='grc' dir='ltr'>μὲν</span> <span class='ocrx_word' id='word_1_570' title='bbox 2444 2583 2484 2618; x_wconf 76' lang='grc'><strong>⁸³</strong></span> <span class='ocrx_word' id='word_1_571' title='bbox 2536 2603 2662 2659; x_wconf 77' lang='grc' dir='ltr'>φασι</span> <span class='ocrx_word' id='word_1_572' title='bbox 2719 2583 2811 2637; x_wconf 91' lang='grc' dir='ltr'><strong>τὸν</strong></span> <span class='ocrx_word' id='word_1_573' title='bbox 2863 2587 2969 2637; x_wconf 78' lang='grc' dir='ltr'><strong>τῶν</strong></span> <span class='ocrx_word' id='word_1_574' title='bbox 3030 2584 3244 2640; x_wconf 86' lang='grc' dir='ltr'>αἰώνων</span> <span class='ocrx_word' id='word_1_575' title='bbox 3303 2589 3566 2656; x_wconf 76' lang='grc' dir='ltr'>ποιητήν,</span> <span class='ocrx_word' id='word_1_576' title='bbox 3599 2589 3696 2642; x_wconf 79' lang='grc' dir='ltr'>καὶ</span> 
     </span>
    </p>
   </div>
   <div class='ocr_carea' id='block_1_81' title="bbox 2037 2664 3696 2747">
    <p class='ocr_par' dir='ltr' id='par_1_81' title="bbox 2037 2664 3696 2747">
     <span class='ocr_line' id='line_1_81' title="bbox 2037 2664 3696 2747; baseline 0.005 -25"><span class='ocrx_word' id='word_1_577' title='bbox 2037 2673 2115 2739; x_wconf 80' lang='grc' dir='ltr'><strong>τῷ</strong></span> <span class='ocrx_word' id='word_1_578' title='bbox 2167 2664 2280 2722; x_wconf 79' lang='grc' dir='ltr'>ὄντι</span> <span class='ocrx_word' id='word_1_579' title='bbox 2338 2669 2524 2737; x_wconf 69' lang='grc' dir='ltr'>αἰῶνα,</span> <span class='ocrx_word' id='word_1_580' title='bbox 2561 2668 2670 2744; x_wconf 80' lang='grc' dir='ltr'>εἷ’γε</span> <span class='ocrx_word' id='word_1_581' title='bbox 2701 2671 2729 2725; x_wconf 96' lang='lat'><strong>6</strong></span> <span class='ocrx_word' id='word_1_582' title='bbox 2761 2669 2841 2725; x_wconf 75' lang='grc' dir='ltr'><strong>ἀεὶ</strong></span> <span class='ocrx_word' id='word_1_583' title='bbox 2902 2669 2975 2725; x_wconf 82' lang='grc' dir='ltr'>ὢν</span> <span class='ocrx_word' id='word_1_584' title='bbox 3035 2671 3199 2736; x_wconf 72' lang='grc' dir='ltr'>αὐτός</span> <span class='ocrx_word' id='word_1_585' title='bbox 3231 2673 3396 2747; x_wconf 78' lang='grc' dir='ltr'>ἐστιν,</span> <span class='ocrx_word' id='word_1_586' title='bbox 3429 2674 3546 2738; x_wconf 75' lang='grc' dir='ltr'>ὅθεν</span> <span class='ocrx_word' id='word_1_587' title='bbox 3598 2677 3696 2730; x_wconf 76' lang='grc' dir='ltr'><strong>καὶ</strong></span> 
     </span>
    </p>
   </div>
   <div class='ocr_carea' id='block_1_82' title="bbox 2040 2756 3696 2831">
    <p class='ocr_par' dir='ltr' id='par_1_82' title="bbox 2040 2756 3696 2831">
     <span class='ocr_line' id='line_1_82' title="bbox 2040 2756 3696 2831; baseline 0.005 -20"><span class='ocrx_word' id='word_1_588' title='bbox 2040 2757 2169 2811; x_wconf 73' lang='grc' dir='ltr'>αἰὼν</span> <span class='ocrx_word' id='word_1_589' title='bbox 2205 2756 2440 2831; x_wconf 74' lang='grc' dir='ltr'>λέγεται,</span> <span class='ocrx_word' id='word_1_590' title='bbox 2464 2757 2684 2813; x_wconf 77' lang='grc' dir='ltr'>αἶ’ώνιον</span> <span class='ocrx_word' id='word_1_591' title='bbox 2721 2756 2777 2814; x_wconf 79' lang='grc' dir='ltr'>δέ</span> <span class='ocrx_word' id='word_1_592' title='bbox 2808 2758 2946 2815; x_wconf 84' lang='grc' dir='ltr'>ἐστιν</span> <span class='ocrx_word' id='word_1_593' title='bbox 2979 2761 3079 2816; x_wconf 78' lang='grc' dir='ltr'><strong>οὐκ</strong></span> <span class='ocrx_word' id='word_1_594' title='bbox 3107 2762 3265 2825; x_wconf 76' lang='grc' dir='ltr'>αὐτὸς</span> <span class='ocrx_word' id='word_1_595' title='bbox 3300 2764 3327 2818; x_wconf 88' lang='grc' dir='ltr'>ὁ</span> <span class='ocrx_word' id='word_1_596' title='bbox 3355 2763 3508 2830; x_wconf 76' lang='grc' dir='ltr'>αἰὼν,</span> <span class='ocrx_word' id='word_1_597' title='bbox 3541 2761 3696 2820; x_wconf 72' lang='grc' dir='ltr'>ἀλλὰ</span> 
     </span>
    </p>
   </div>
   <div class='ocr_carea' id='block_1_83' title="bbox 2037 2845 3687 2927">
    <p class='ocr_par' dir='ltr' id='par_1_83' title="bbox 2037 2845 3687 2927">
     <span class='ocr_line' id='line_1_83' title="bbox 2037 2845 3687 2927; baseline 0.007 -28"><span class='ocrx_word' id='word_1_598' title='bbox 2037 2845 2100 2900; x_wconf 88' lang='grc' dir='ltr'><strong>τὸ</strong></span> <span class='ocrx_word' id='word_1_599' title='bbox 2156 2845 2351 2908; x_wconf 52' lang='grc' dir='ltr'>αἶ’ὦνος</span> <span class='ocrx_word' id='word_1_600' title='bbox 2410 2847 2638 2921; x_wconf 68' lang='grc' dir='ltr'>μετέχον</span> <span class='ocrx_word' id='word_1_601' title='bbox 2676 2867 2688 2879; x_wconf 89' lang='grc'><strong>·</strong></span> <span class='ocrx_word' id='word_1_602' title='bbox 2720 2848 2809 2901; x_wconf 84' lang='grc' dir='ltr'><strong>καὶ</strong></span> <span class='ocrx_word' id='word_1_603' title='bbox 2867 2852 2995 2924; x_wconf 79' lang='grc' dir='ltr'>γοῦν</span> <span class='ocrx_word' id='word_1_604' title='bbox 3050 2871 3212 2927; x_wconf 79' lang='grc' dir='ltr'>φησιν</span> <span class='ocrx_word' id='word_1_605' title='bbox 3262 2853 3290 2906; x_wconf 89' lang='lat'><strong>6</strong></span> <span class='ocrx_word' id='word_1_606' title='bbox 3318 2849 3538 2913; x_wconf 75' lang='grc' dir='ltr'>Ἡσαΐας</span> <span class='ocrx_word' id='word_1_607' title='bbox 3570 2872 3584 2885; x_wconf 90' lang='grc'><strong>·</strong></span> <span class='ocrx_word' id='word_1_608' title='bbox 3619 2853 3687 2910; x_wconf 65' lang='lat' dir='ltr'><strong>e0</strong></span> 
     </span>
    </p>
   </div>
   <div class='ocr_carea' id='block_1_84' title="bbox 2040 2934 3688 3014">
    <p class='ocr_par' dir='ltr' id='par_1_84' title="bbox 2040 2934 3688 3014">
     <span class='ocr_line' id='line_1_84' title="bbox 2040 2934 3688 3014; baseline 0.005 -27"><span class='ocrx_word' id='word_1_609' title='bbox 2040 2934 2167 2997; x_wconf 82' lang='grc' dir='ltr'><strong>Θεὸς</strong></span> <span class='ocrx_word' id='word_1_610' title='bbox 2198 2936 2225 2988; x_wconf 90' lang='lat'><strong>6</strong></span> <span class='ocrx_word' id='word_1_611' title='bbox 2257 2934 2477 2996; x_wconf 75' lang='grc' dir='ltr'>αἰώνιος</span> <span class='ocrx_word' id='word_1_612' title='bbox 2508 2936 2535 2989; x_wconf 91' lang='lat'><strong>6</strong></span> <span class='ocrx_word' id='word_1_613' title='bbox 2565 2938 2962 3000; x_wconf 76' lang='grc' dir='ltr'>κατασκευάσας</span> <span class='ocrx_word' id='word_1_614' title='bbox 2989 2939 3057 2993; x_wconf 78' lang='grc' dir='ltr'><strong>τὰ</strong></span> <span class='ocrx_word' id='word_1_615' title='bbox 3088 2939 3223 3014; x_wconf 80' lang='grc' dir='ltr'>ἄκρα</span> <span class='ocrx_word' id='word_1_616' title='bbox 3251 2947 3352 3010; x_wconf 76' lang='grc' dir='ltr'><strong>τῆς</strong></span> <span class='ocrx_word' id='word_1_617' title='bbox 3381 2948 3484 3014; x_wconf 78' lang='grc' dir='ltr'><strong>γῆς</strong></span> <span class='ocrx_word' id='word_1_618' title='bbox 3514 2959 3527 2972; x_wconf 85' lang='grc'>⁶</span> <span class='ocrx_word' id='word_1_619' title='bbox 3563 2942 3592 2996; x_wconf 90' lang='lat'><strong>6</strong></span> <span class='ocrx_word' id='word_1_620' title='bbox 3624 2939 3688 2996; x_wconf 71' lang='grc' dir='ltr'><strong>δὲ</strong></span> 
     </span>
    </p>
   </div>
   <div class='ocr_carea' id='block_1_85' title="bbox 2039 3020 3684 3106">
    <p class='ocr_par' dir='ltr' id='par_1_85' title="bbox 2039 3020 3684 3106">
     <span class='ocr_line' id='line_1_85' title="bbox 2039 3020 3684 3106; baseline 0.005 -29"><span class='ocrx_word' id='word_1_621' title='bbox 2039 3024 2168 3085; x_wconf 84' lang='grc' dir='ltr'><strong>Θεὸς</strong></span> <span class='ocrx_word' id='word_1_622' title='bbox 2227 3022 2287 3076; x_wconf 83' lang='grc' dir='ltr'>οὐ</span> <span class='ocrx_word' id='word_1_623' title='bbox 2347 3020 2596 3096; x_wconf 79' lang='grc' dir='ltr'>δεύτερός</span> <span class='ocrx_word' id='word_1_624' title='bbox 2653 3024 2762 3080; x_wconf 81' lang='grc' dir='ltr'>ἐστι</span> <span class='ocrx_word' id='word_1_625' title='bbox 2814 3023 2910 3080; x_wconf 69' lang='grc' dir='ltr'><strong>τοῦ</strong></span> <span class='ocrx_word' id='word_1_626' title='bbox 2959 3025 3181 3097; x_wconf 73' lang='grc' dir='ltr'>αἰῶνος,</span> <span class='ocrx_word' id='word_1_627' title='bbox 3206 3025 3299 3084; x_wconf 70' lang='grc' dir='ltr'>ἵνα</span> <span class='ocrx_word' id='word_1_628' title='bbox 3349 3031 3438 3084; x_wconf 81' lang='grc' dir='ltr'><strong>καὶ</strong></span> <span class='ocrx_word' id='word_1_629' title='bbox 3471 3028 3684 3106; x_wconf 65' lang='grc' dir='ltr'>μετέχῃ</span> 
     </span>
    </p>
   </div>
   <div class='ocr_carea' id='block_1_86' title="bbox 2039 3109 2913 3184">
    <p class='ocr_par' dir='ltr' id='par_1_86' title="bbox 2039 3109 2913 3184">
     <span class='ocr_line' id='line_1_86' title="bbox 2039 3109 2913 3184; baseline 0.005 -19"><span class='ocrx_word' id='word_1_630' title='bbox 2039 3111 2222 3182; x_wconf 79' lang='grc' dir='ltr'>αὐτοῦ,</span> <span class='ocrx_word' id='word_1_631' title='bbox 2253 3109 2381 3166; x_wconf 85' lang='grc' dir='ltr'>ἀλλ’</span> <span class='ocrx_word' id='word_1_632' title='bbox 2413 3109 2627 3166; x_wconf 74' lang='grc' dir='ltr'>άῗώνων</span> <span class='ocrx_word' id='word_1_633' title='bbox 2657 3115 2913 3184; x_wconf 75' lang='grc' dir='ltr'>ποιητής.</span> 
     </span>
    </p>
   </div>
   <div class='ocr_carea' id='block_1_87' title="bbox 2107 3199 3683 3279">
    <p class='ocr_par' dir='ltr' id='par_1_87' title="bbox 2107 3199 3683 3279">
     <span class='ocr_line' id='line_1_87' title="bbox 2107 3199 3683 3279; baseline 0.006 -26"><span class='ocrx_word' id='word_1_634' title='bbox 2107 3201 2194 3261; x_wconf 81' lang='grc' dir='ltr'><strong>Ὣς</strong></span> <span class='ocrx_word' id='word_1_635' title='bbox 2225 3199 2434 3275; x_wconf 67' lang='grc' dir='ltr'>ἀγήρω.</span> <span class='ocrx_word' id='word_1_636' title='bbox 2468 3201 2612 3257; x_wconf 84' lang='grc' dir='ltr'><strong>Κατᾶ</strong></span> <span class='ocrx_word' id='word_1_637' title='bbox 2637 3201 2700 3257; x_wconf 86' lang='grc' dir='ltr'><strong>τό</strong></span> <span class='ocrx_word' id='word_1_638' title='bbox 2735 3220 2749 3234; x_wconf 75' lang='grc'><strong>⁸</strong></span> <span class='ocrx_word' id='word_1_639' title='bbox 2786 3202 2860 3257; x_wconf 81' lang='grc' dir='ltr'>Σὺ</span> <span class='ocrx_word' id='word_1_640' title='bbox 2894 3203 2951 3257; x_wconf 79' lang='grc' dir='ltr'><strong>δὲ</strong></span> <span class='ocrx_word' id='word_1_641' title='bbox 2984 3204 3012 3258; x_wconf 86' lang='lat'><strong>6</strong></span> <span class='ocrx_word' id='word_1_642' title='bbox 3043 3205 3206 3268; x_wconf 82' lang='grc' dir='ltr'>αὐτὸς</span> <span class='ocrx_word' id='word_1_643' title='bbox 3237 3207 3300 3275; x_wconf 67' lang='grc' dir='ltr'><strong>εἴ,</strong></span> <span class='ocrx_word' id='word_1_644' title='bbox 3332 3207 3421 3261; x_wconf 76' lang='grc' dir='ltr'><strong>καὶ</strong></span> <span class='ocrx_word' id='word_1_645' title='bbox 3471 3206 3538 3262; x_wconf 78' lang='grc' dir='ltr'><strong>τά</strong></span> <span class='ocrx_word' id='word_1_646' title='bbox 3584 3203 3683 3279; x_wconf 72' lang='grc' dir='ltr'>ἔτη</span> 
     </span>
    </p>
   </div>
   <div class='ocr_carea' id='block_1_88' title="bbox 1957 3287 2642 3386">
    <p class='ocr_par' dir='ltr' id='par_1_88' title="bbox 1957 3287 2642 3386">
     <span class='ocr_line' id='line_1_88' title="bbox 1957 3287 2642 3386; baseline 0.007 -45"><span class='ocrx_word' id='word_1_647' title='bbox 1957 3319 2000 3386; x_wconf 80' lang='lat' dir='ltr'>C</span> <span class='ocrx_word' id='word_1_648' title='bbox 2039 3292 2134 3342; x_wconf 77' lang='grc' dir='ltr'><strong>σοῦ</strong></span> <span class='ocrx_word' id='word_1_649' title='bbox 2160 3287 2258 3343; x_wconf 79' lang='grc' dir='ltr'>οὐκ</span> <span class='ocrx_word' id='word_1_650' title='bbox 2281 3287 2642 3363; x_wconf 81' lang='grc' dir='ltr'>ἐκλείψουσιν.</span> 
     </span>
    </p>
   </div>
   <div class='ocr_carea' id='block_1_89' title="bbox 2107 3462 3691 3545">
    <p class='ocr_par' dir='ltr' id='par_1_89' title="bbox 2107 3462 3691 3545">
     <span class='ocr_line' id='line_1_89' title="bbox 2107 3462 3691 3545; baseline 0.008 -27"><span class='ocrx_word' id='word_1_651' title='bbox 2107 3466 2196 3528; x_wconf 69' lang='grc' dir='ltr'>Ὠς</span> <span class='ocrx_word' id='word_1_652' title='bbox 2223 3464 2274 3519; x_wconf 80' lang='grc' dir='ltr'>ἐν</span> <span class='ocrx_word' id='word_1_653' title='bbox 2307 3463 2462 3541; x_wconf 71' lang='grc' dir='ltr'>αὔρᾳ.</span> <span class='ocrx_word' id='word_1_654' title='bbox 2490 3462 2657 3521; x_wconf 81' lang='grc' dir='ltr'>Τοῦτό</span> <span class='ocrx_word' id='word_1_655' title='bbox 2689 3465 2802 3524; x_wconf 83' lang='grc' dir='ltr'>ἐστι</span> <span class='ocrx_word' id='word_1_656' title='bbox 2829 3468 2892 3524; x_wconf 91' lang='grc' dir='ltr'><strong>τὸ</strong></span> <span class='ocrx_word' id='word_1_657' title='bbox 2923 3469 3211 3545; x_wconf 70' lang='grc' dir='ltr'>εἰρημένον</span> <span class='ocrx_word' id='word_1_658' title='bbox 3254 3471 3305 3527; x_wconf 81' lang='grc' dir='ltr'>ἐν</span> <span class='ocrx_word' id='word_1_659' title='bbox 3348 3472 3691 3543; x_wconf 78' lang='grc' dir='ltr'>Βασιλείαις,</span> 
     </span>
    </p>
   </div>
   <div class='ocr_carea' id='block_1_90' title="bbox 2038 3551 3692 3637">
    <p class='ocr_par' dir='ltr' id='par_1_90' title="bbox 2038 3551 3692 3637">
     <span class='ocr_line' id='line_1_90' title="bbox 2038 3551 3692 3637; baseline 0.007 -30"><span class='ocrx_word' id='word_1_660' title='bbox 2038 3556 2121 3608; x_wconf 81' lang='grc' dir='ltr'>ὅτι</span> <span class='ocrx_word' id='word_1_661' title='bbox 2152 3551 2275 3608; x_wconf 76' lang='grc' dir='ltr'>οὕτε</span> <span class='ocrx_word' id='word_1_662' title='bbox 2299 3553 2349 3607; x_wconf 69' lang='grc' dir='ltr'>ἐν</span> <span class='ocrx_word' id='word_1_663' title='bbox 2380 3555 2460 3626; x_wconf 79' lang='grc' dir='ltr'>τῷ</span> <span class='ocrx_word' id='word_1_664' title='bbox 2489 3561 2815 3628; x_wconf 78' lang='grc' dir='ltr'>συσσεισμῷ,</span> <span class='ocrx_word' id='word_1_665' title='bbox 2850 3554 2973 3612; x_wconf 69' lang='grc' dir='ltr'>οὔτε</span> <span class='ocrx_word' id='word_1_666' title='bbox 3013 3558 3063 3612; x_wconf 83' lang='grc' dir='ltr'>ἐν</span> <span class='ocrx_word' id='word_1_667' title='bbox 3103 3563 3172 3632; x_wconf 80' lang='grc' dir='ltr'><strong>τῇ</strong></span> <span class='ocrx_word' id='word_1_668' title='bbox 3203 3560 3400 3637; x_wconf 72' lang='grc' dir='ltr'>νεφέλῃ</span> <span class='ocrx_word' id='word_1_669' title='bbox 3455 3565 3692 3637; x_wconf 82' lang='grc' dir='ltr'>παρεγὲ-</span> 
     </span>
    </p>
   </div>
   <div class='ocr_carea' id='block_1_91' title="bbox 2035 3641 3692 3728">
    <p class='ocr_par' dir='ltr' id='par_1_91' title="bbox 2035 3641 3692 3728">
     <span class='ocr_line' id='line_1_91' title="bbox 2035 3641 3692 3728; baseline 0.007 -32"><span class='ocrx_word' id='word_1_670' title='bbox 2035 3663 2155 3698; x_wconf 89' lang='grc' dir='ltr'>νετο</span> <span class='ocrx_word' id='word_1_671' title='bbox 2189 3643 2216 3696; x_wconf 94' lang='lat'><strong>6</strong></span> <span class='ocrx_word' id='word_1_672' title='bbox 2250 3643 2445 3715; x_wconf 80' lang='grc' dir='ltr'>Κύριος</span> <span class='ocrx_word' id='word_1_673' title='bbox 2488 3641 2725 3714; x_wconf 71' lang='grc' dir='ltr'>λαλῆσαι</span> <span class='ocrx_word' id='word_1_674' title='bbox 2767 3650 2849 3717; x_wconf 80' lang='grc' dir='ltr'>τῷ</span> <span class='ocrx_word' id='word_1_675' title='bbox 2878 3645 3038 3717; x_wconf 82' lang='grc' dir='ltr'>Ἠλίᾳ</span> <span class='ocrx_word' id='word_1_676' title='bbox 3071 3667 3083 3679; x_wconf 94' lang='grc'><strong>·</strong></span> <span class='ocrx_word' id='word_1_677' title='bbox 3131 3647 3277 3704; x_wconf 85' lang='grc' dir='ltr'><strong>ἀλλά</strong></span> <span class='ocrx_word' id='word_1_678' title='bbox 3319 3655 3472 3728; x_wconf 74' lang='grc' dir='ltr'>φωνῇ</span> <span class='ocrx_word' id='word_1_679' title='bbox 3519 3648 3692 3728; x_wconf 64' lang='grc' dir='ltr'>αὔρας</span> 
     </span>
    </p>
   </div>
   <div class='ocr_carea' id='block_1_92' title="bbox 2039 3728 3689 3810">
    <p class='ocr_par' dir='ltr' id='par_1_92' title="bbox 2039 3728 3689 3810">
     <span class='ocr_line' id='line_1_92' title="bbox 2039 3728 3689 3810; baseline 0.007 -26"><span class='ocrx_word' id='word_1_680' title='bbox 2039 3729 2212 3805; x_wconf 76' lang='grc' dir='ltr'>λεπτῇ</span> <span class='ocrx_word' id='word_1_681' title='bbox 2270 3728 2432 3787; x_wconf 82' lang='grc' dir='ltr'>καλεῖ</span> <span class='ocrx_word' id='word_1_682' title='bbox 2463 3733 2490 3786; x_wconf 87' lang='lat'><strong>6</strong></span> <span class='ocrx_word' id='word_1_683' title='bbox 2523 3733 2717 3805; x_wconf 82' lang='grc' dir='ltr'>Κύριος</span> <span class='ocrx_word' id='word_1_684' title='bbox 2749 3749 2764 3766; x_wconf 79' lang='grc'><strong>⁸</strong></span> <span class='ocrx_word' id='word_1_685' title='bbox 2795 3738 2957 3789; x_wconf 76' lang='grc' dir='ltr'>τοῦτο</span> <span class='ocrx_word' id='word_1_686' title='bbox 3017 3733 3073 3790; x_wconf 70' lang='grc' dir='ltr'><strong>δὲ</strong></span> <span class='ocrx_word' id='word_1_687' title='bbox 3131 3733 3316 3810; x_wconf 77' lang='grc' dir='ltr'>δηλοῖ,</span> <span class='ocrx_word' id='word_1_688' title='bbox 3351 3738 3431 3794; x_wconf 81' lang='grc' dir='ltr'><strong>ὅτι</strong></span> <span class='ocrx_word' id='word_1_689' title='bbox 3481 3741 3572 3794; x_wconf 83' lang='grc' dir='ltr'><strong>καὶ</strong></span> <span class='ocrx_word' id='word_1_690' title='bbox 3632 3741 3689 3795; x_wconf 82' lang='grc' dir='ltr'>ἐν</span> 
     </span>
    </p>
   </div>
   <div class='ocr_carea' id='block_1_93' title="bbox 2039 3820 3691 3906">
    <p class='ocr_par' dir='ltr' id='par_1_93' title="bbox 2039 3820 3691 3906">
     <span class='ocr_line' id='line_1_93' title="bbox 2039 3820 3691 3906; baseline 0.006 -32"><span class='ocrx_word' id='word_1_691' title='bbox 2039 3820 2249 3892; x_wconf 85' lang='grc' dir='ltr'>σώματί</span> <span class='ocrx_word' id='word_1_692' title='bbox 2281 3841 2442 3895; x_wconf 80' lang='grc' dir='ltr'>φησιν</span> <span class='ocrx_word' id='word_1_693' title='bbox 2476 3821 2607 3875; x_wconf 81' lang='grc' dir='ltr'>εἶναι</span> <span class='ocrx_word' id='word_1_694' title='bbox 2641 3823 2734 3876; x_wconf 87' lang='grc' dir='ltr'><strong>τὸν</strong></span> <span class='ocrx_word' id='word_1_695' title='bbox 2766 3825 2915 3889; x_wconf 84' lang='grc' dir='ltr'>Θεὸν,</span> <span class='ocrx_word' id='word_1_696' title='bbox 2943 3825 3035 3880; x_wconf 91' lang='grc' dir='ltr'><strong>τὸν</strong></span> <span class='ocrx_word' id='word_1_697' title='bbox 3068 3823 3119 3878; x_wconf 85' lang='grc' dir='ltr'>ἐν</span> <span class='ocrx_word' id='word_1_698' title='bbox 3150 3831 3267 3888; x_wconf 88' lang='grc' dir='ltr'>τοῖς</span> <span class='ocrx_word' id='word_1_699' title='bbox 3299 3832 3456 3882; x_wconf 82' lang='grc' dir='ltr'>πᾶσιν</span> <span class='ocrx_word' id='word_1_700' title='bbox 3502 3828 3691 3906; x_wconf 77' lang='grc' dir='ltr'>ἀπεριὲ</span> 
     </span>
    </p>
   </div>
   <div class='ocr_carea' id='block_1_94' title="bbox 2038 3909 3691 3991">
    <p class='ocr_par' dir='ltr' id='par_1_94' title="bbox 2038 3909 3691 3991">
     <span class='ocr_line' id='line_1_94' title="bbox 2038 3909 3691 3991; baseline 0.005 -26"><span class='ocrx_word' id='word_1_701' title='bbox 2038 3909 2247 3980; x_wconf 83' lang='grc' dir='ltr'>ληπτον</span> <span class='ocrx_word' id='word_1_702' title='bbox 2284 3929 2296 3941; x_wconf 72' lang='grc' dir='ltr'><strong><em>ο</em></strong></span> <span class='ocrx_word' id='word_1_703' title='bbox 2329 3912 2363 3978; x_wconf 81' lang='grc' dir='ltr'>ἡ</span> <span class='ocrx_word' id='word_1_704' title='bbox 2397 3909 2500 3984; x_wconf 81' lang='grc' dir='ltr'><strong>γὰρ</strong></span> <span class='ocrx_word' id='word_1_705' title='bbox 2533 3911 2674 3978; x_wconf 89' lang='grc' dir='ltr'><strong>πνοή</strong></span> <span class='ocrx_word' id='word_1_706' title='bbox 2703 3910 2792 3965; x_wconf 84' lang='grc' dir='ltr'><strong>καὶ</strong></span> <span class='ocrx_word' id='word_1_707' title='bbox 2823 3913 2969 3986; x_wconf 86' lang='grc' dir='ltr'>παρὰ</span> <span class='ocrx_word' id='word_1_708' title='bbox 2997 3911 3210 3968; x_wconf 81' lang='grc' dir='ltr'>πάντων</span> <span class='ocrx_word' id='word_1_709' title='bbox 3261 3913 3568 3991; x_wconf 73' lang='grc' dir='ltr'>μετέχεται,</span> <span class='ocrx_word' id='word_1_710' title='bbox 3596 3919 3691 3973; x_wconf 77' lang='grc' dir='ltr'><strong>καὶ</strong></span> 
     </span>
    </p>
   </div>
   <div class='ocr_carea' id='block_1_95' title="bbox 2036 3996 3690 4076">
    <p class='ocr_par' dir='ltr' id='par_1_95' title="bbox 2036 3996 3690 4076">
     <span class='ocr_line' id='line_1_95' title="bbox 2036 3996 3690 4076; baseline 0.005 -26"><span class='ocrx_word' id='word_1_711' title='bbox 2036 3996 2087 4051; x_wconf 89' lang='grc' dir='ltr'>ἐν</span> <span class='ocrx_word' id='word_1_712' title='bbox 2122 3997 2276 4052; x_wconf 81' lang='grc' dir='ltr'>πᾶσίν</span> <span class='ocrx_word' id='word_1_713' title='bbox 2311 3996 2444 4066; x_wconf 81' lang='grc' dir='ltr'>ἐστι,</span> <span class='ocrx_word' id='word_1_714' title='bbox 2476 3998 2566 4051; x_wconf 82' lang='grc' dir='ltr'>καὶ</span> <span class='ocrx_word' id='word_1_715' title='bbox 2605 3998 2730 4072; x_wconf 83' lang='grc' dir='ltr'>παρ’</span> <span class='ocrx_word' id='word_1_716' title='bbox 2762 3996 2978 4062; x_wconf 84' lang='grc' dir='ltr'>οὐδενὸς</span> <span class='ocrx_word' id='word_1_717' title='bbox 3019 3997 3575 4076; x_wconf 80' lang='grc' dir='ltr'>ἐμπεριλαμϐάνεται,</span> <span class='ocrx_word' id='word_1_718' title='bbox 3610 4006 3690 4068; x_wconf 84' lang='grc' dir='ltr'>ὡς</span> 
     </span>
    </p>
   </div>
   <div class='ocr_carea' id='block_1_96' title="bbox 2036 4084 3688 4165">
    <p class='ocr_par' dir='ltr' id='par_1_96' title="bbox 2036 4084 3688 4165">
     <span class='ocr_line' id='line_1_96' title="bbox 2036 4084 3688 4165; baseline 0.005 -25"><span class='ocrx_word' id='word_1_719' title='bbox 2036 4087 2123 4140; x_wconf 78' lang='grc' dir='ltr'><strong>καὶ</strong></span> <span class='ocrx_word' id='word_1_720' title='bbox 2175 4085 2225 4140; x_wconf 78' lang='grc' dir='ltr'><strong>ἐν</strong></span> <span class='ocrx_word' id='word_1_721' title='bbox 2276 4084 2640 4160; x_wconf 81' lang='grc' dir='ltr'>Εὐαγγελίοις</span> <span class='ocrx_word' id='word_1_722' title='bbox 2691 4087 2853 4165; x_wconf 76' lang='grc' dir='ltr'>φησὶν</span> <span class='ocrx_word' id='word_1_723' title='bbox 2893 4089 2920 4142; x_wconf 89' lang='lat'><strong>6</strong></span> <span class='ocrx_word' id='word_1_724' title='bbox 2953 4088 3148 4162; x_wconf 79' lang='grc' dir='ltr'>Κύριος</span> <span class='ocrx_word' id='word_1_725' title='bbox 3173 4109 3184 4120; x_wconf 75' lang='grc'><strong><em>⁸</em></strong></span> <span class='ocrx_word' id='word_1_726' title='bbox 3221 4095 3439 4164; x_wconf 70' lang='grc' dir='ltr'>Πνεῦμα</span> <span class='ocrx_word' id='word_1_727' title='bbox 3469 4093 3497 4146; x_wconf 84' lang='lat'><strong>6</strong></span> <span class='ocrx_word' id='word_1_728' title='bbox 3529 4094 3688 4162; x_wconf 81' lang='grc' dir='ltr'>Θεὸς,</span> 
     </span>
    </p>
   </div>
   <div class='ocr_carea' id='block_1_97' title="bbox 2035 4173 3694 4253">
    <p class='ocr_par' dir='ltr' id='par_1_97' title="bbox 2035 4173 3694 4253">
     <span class='ocr_line' id='line_1_97' title="bbox 2035 4173 3694 4253; baseline 0.004 -25"><span class='ocrx_word' id='word_1_729' title='bbox 2035 4173 2123 4228; x_wconf 82' lang='grc' dir='ltr'><strong>καὶ</strong></span> <span class='ocrx_word' id='word_1_730' title='bbox 2153 4173 2284 4235; x_wconf 74' lang='grc' dir='ltr'>τοὺς</span> <span class='ocrx_word' id='word_1_731' title='bbox 2317 4177 2753 4248; x_wconf 77' lang='grc' dir='ltr'>προσκυνοῦντας</span> <span class='ocrx_word' id='word_1_732' title='bbox 2784 4174 2942 4231; x_wconf 80' lang='grc' dir='ltr'>αὐτὸν</span> <span class='ocrx_word' id='word_1_733' title='bbox 2976 4177 3028 4232; x_wconf 80' lang='grc' dir='ltr'>ἐν</span> <span class='ocrx_word' id='word_1_734' title='bbox 3060 4176 3435 4251; x_wconf 74' lang='grc' dir='ltr'>πνεύματικαὶ</span> <span class='ocrx_word' id='word_1_735' title='bbox 3459 4179 3694 4253; x_wconf 75' lang='grc' dir='ltr'>ἀληθείᾳ</span> 
     </span>
    </p>
   </div>
   <div class='ocr_carea' id='block_1_98' title="bbox 2037 4259 2492 4337">
    <p class='ocr_par' dir='ltr' id='par_1_98' title="bbox 2037 4259 2492 4337">
     <span class='ocr_line' id='line_1_98' title="bbox 2037 4259 2492 4337; baseline 0.004 -20"><span class='ocrx_word' id='word_1_736' title='bbox 2037 4259 2118 4317; x_wconf 85' lang='grc' dir='ltr'><strong>δεῖ</strong></span> <span class='ocrx_word' id='word_1_737' title='bbox 2149 4267 2492 4337; x_wconf 86' lang='grc' dir='ltr'>προσκυνεῖν.</span> 
     </span>
    </p>
   </div>
   <div class='ocr_carea' id='block_1_99' title="bbox 2106 4439 3688 4516">
    <p class='ocr_par' dir='ltr' id='par_1_99' title="bbox 2106 4439 3688 4516">
     <span class='ocr_line' id='line_1_99' title="bbox 2106 4439 3688 4516; baseline 0.004 -20"><span class='ocrx_word' id='word_1_738' title='bbox 2106 4443 2201 4496; x_wconf 81' lang='grc' dir='ltr'><strong>Καὶ</strong></span> <span class='ocrx_word' id='word_1_739' title='bbox 2235 4442 2297 4495; x_wconf 91' lang='grc' dir='ltr'><strong>τὸ</strong></span> <span class='ocrx_word' id='word_1_740' title='bbox 2330 4442 2639 4514; x_wconf 85' lang='grc' dir='ltr'>ἀνώνυμον.</span> <span class='ocrx_word' id='word_1_741' title='bbox 2675 4442 2990 4516; x_wconf 83' lang='grc' dir='ltr'>Ἀνώνυμον</span> <span class='ocrx_word' id='word_1_742' title='bbox 3021 4439 3108 4498; x_wconf 77' lang='grc' dir='ltr'>διὰ</span> <span class='ocrx_word' id='word_1_743' title='bbox 3135 4444 3198 4498; x_wconf 88' lang='grc' dir='ltr'><strong>τὸ</strong></span> <span class='ocrx_word' id='word_1_744' title='bbox 3228 4446 3401 4500; x_wconf 84' lang='grc' dir='ltr'>πάντα</span> <span class='ocrx_word' id='word_1_745' title='bbox 3431 4446 3563 4500; x_wconf 73' lang='grc' dir='ltr'>εἶναι</span> <span class='ocrx_word' id='word_1_746' title='bbox 3595 4448 3688 4502; x_wconf 81' lang='grc' dir='ltr'><strong>καὶ</strong></span> 
     </span>
    </p>
   </div>
   <div class='ocr_carea' id='block_1_100' title="bbox 2039 4524 3689 4606">
    <p class='ocr_par' dir='ltr' id='par_1_100' title="bbox 2039 4524 3689 4606">
     <span class='ocr_line' id='line_1_100' title="bbox 2039 4524 3689 4606; baseline 0.004 -22"><span class='ocrx_word' id='word_1_747' title='bbox 2039 4527 2206 4603; x_wconf 79' lang='grc' dir='ltr'>μηδὲν</span> <span class='ocrx_word' id='word_1_748' title='bbox 2237 4534 2342 4584; x_wconf 80' lang='grc' dir='ltr'>τῶν</span> <span class='ocrx_word' id='word_1_749' title='bbox 2375 4524 2544 4584; x_wconf 75' lang='grc' dir='ltr'>ὄντων</span> <span class='ocrx_word' id='word_1_750' title='bbox 2577 4530 2728 4600; x_wconf 75' lang='grc' dir='ltr'>εἶναι,</span> <span class='ocrx_word' id='word_1_751' title='bbox 2761 4527 2909 4586; x_wconf 85' lang='grc' dir='ltr'><strong>ἀλλά</strong></span> <span class='ocrx_word' id='word_1_752' title='bbox 2937 4530 3112 4606; x_wconf 82' lang='grc' dir='ltr'>πάγτα</span> <span class='ocrx_word' id='word_1_753' title='bbox 3141 4531 3192 4604; x_wconf 80' lang='grc' dir='ltr'>ἐξ</span> <span class='ocrx_word' id='word_1_754' title='bbox 3222 4532 3386 4588; x_wconf 76' lang='grc' dir='ltr'>αὐτοῦ</span> <span class='ocrx_word' id='word_1_755' title='bbox 3418 4534 3577 4605; x_wconf 77' lang='grc' dir='ltr'>εἶναι,</span> <span class='ocrx_word' id='word_1_756' title='bbox 3610 4535 3689 4598; x_wconf 80' lang='grc' dir='ltr'><strong>ὡς</strong></span> 
     </span>
    </p>
   </div>
   <div class='ocr_carea' id='block_1_101' title="bbox 2035 4617 2728 4692">
    <p class='ocr_par' dir='ltr' id='par_1_101' title="bbox 2035 4617 2728 4692">
     <span class='ocr_line' id='line_1_101' title="bbox 2035 4617 2728 4692; baseline 0.003 -18"><span class='ocrx_word' id='word_1_757' title='bbox 2035 4619 2193 4681; x_wconf 83' lang='grc' dir='ltr'>αὐτὸς</span> <span class='ocrx_word' id='word_1_758' title='bbox 2223 4619 2407 4674; x_wconf 73' lang='grc' dir='ltr'>ἑαυτὸν</span> <span class='ocrx_word' id='word_1_759' title='bbox 2435 4617 2728 4692; x_wconf 71' lang='grc' dir='ltr'>ἐξηγεῖται.</span> 
     </span>
    </p>
   </div>
   <div class='ocr_carea' id='block_1_102' title="bbox 2100 4795 3690 4877">
    <p class='ocr_par' dir='ltr' id='par_1_102' title="bbox 2100 4795 3690 4877">
     <span class='ocr_line' id='line_1_102' title="bbox 2100 4795 3690 4877; baseline 0.003 -27"><span class='ocrx_word' id='word_1_760' title='bbox 2100 4802 2186 4858; x_wconf 79' lang='grc' dir='ltr'>Ὡς</span> <span class='ocrx_word' id='word_1_761' title='bbox 2254 4795 2452 4871; x_wconf 82' lang='grc' dir='ltr'>ἀρχῆς.</span> <span class='ocrx_word' id='word_1_762' title='bbox 2512 4797 2723 4872; x_wconf 80' lang='grc' dir='ltr'>’Λρχῆς</span> <span class='ocrx_word' id='word_1_763' title='bbox 2813 4796 2930 4870; x_wconf 78' lang='grc' dir='ltr'>μὲν,</span> <span class='ocrx_word' id='word_1_764' title='bbox 2989 4798 3062 4859; x_wconf 85' lang='grc' dir='ltr'>ὡς</span> <span class='ocrx_word' id='word_1_765' title='bbox 3142 4799 3205 4853; x_wconf 87' lang='grc' dir='ltr'><strong>τὸ</strong></span> <span class='ocrx_word' id='word_1_766' title='bbox 3296 4797 3431 4853; x_wconf 80' lang='grc' dir='ltr'>εἶναι</span> <span class='ocrx_word' id='word_1_767' title='bbox 3513 4820 3690 4877; x_wconf 67' lang='grc' dir='ltr'>παραυ</span> 
     </span>
    </p>
   </div>
   <div class='ocr_carea' id='block_1_103' title="bbox 2031 4883 3686 4961">
    <p class='ocr_par' dir='ltr' id='par_1_103' title="bbox 2031 4883 3686 4961">
     <span class='ocr_line' id='line_1_103' title="bbox 2031 4883 3686 4961; baseline 0.002 -22"><span class='ocrx_word' id='word_1_768' title='bbox 2031 4885 2308 4961; x_wconf 68' lang='grc' dir='ltr'>σχομένης</span> <span class='ocrx_word' id='word_1_769' title='bbox 2345 4905 2358 4919; x_wconf 75' lang='grc' dir='ltr'><strong><em>ο</em></strong></span> <span class='ocrx_word' id='word_1_770' title='bbox 2415 4884 2647 4960; x_wconf 79' lang='grc' dir='ltr'>πέρατος</span> <span class='ocrx_word' id='word_1_771' title='bbox 2733 4883 2829 4954; x_wconf 76' lang='grc' dir='ltr'>δὲ,</span> <span class='ocrx_word' id='word_1_772' title='bbox 2891 4884 2964 4948; x_wconf 83' lang='grc' dir='ltr'>ὡς</span> <span class='ocrx_word' id='word_1_773' title='bbox 3057 4885 3108 4940; x_wconf 79' lang='grc' dir='ltr'>ἐν</span> <span class='ocrx_word' id='word_1_774' title='bbox 3192 4887 3273 4958; x_wconf 79' lang='grc' dir='ltr'><strong>τῷ</strong></span> <span class='ocrx_word' id='word_1_775' title='bbox 3347 4888 3479 4942; x_wconf 77' lang='grc' dir='ltr'>εἶναι</span> <span class='ocrx_word' id='word_1_776' title='bbox 3559 4909 3686 4943; x_wconf 87' lang='grc' dir='ltr'>συν-</span> 
     </span>
    </p>
   </div>
   <div class='ocr_carea' id='block_1_104' title="bbox 2030 4973 2287 5050">
    <p class='ocr_par' dir='ltr' id='par_1_104' title="bbox 2030 4973 2287 5050">
     <span class='ocr_line' id='line_1_104' title="bbox 2030 4973 2287 5050; baseline 0 -20"><span class='ocrx_word' id='word_1_777' title='bbox 2030 4973 2231 5050; x_wconf 76' lang='grc' dir='ltr'>εχούση</span> <span class='ocrx_word' id='word_1_778' title='bbox 2243 4995 2287 5036; x_wconf 88' lang='grc' dir='ltr'><strong>ς.</strong></span> 
     </span>
    </p>
   </div>
   <div class='ocr_carea' id='block_1_105' title="bbox 2099 5060 3687 5139">
    <p class='ocr_par' dir='ltr' id='par_1_105' title="bbox 2099 5060 3687 5139">
     <span class='ocr_line' id='line_1_105' title="bbox 2099 5060 3687 5139; baseline 0.003 -22"><span class='ocrx_word' id='word_1_779' title='bbox 2099 5065 2184 5121; x_wconf 79' lang='grc' dir='ltr'><em>Τὰ</em></span> <span class='ocrx_word' id='word_1_780' title='bbox 2235 5061 2408 5118; x_wconf 79' lang='grc' dir='ltr'>πάντα</span> <span class='ocrx_word' id='word_1_781' title='bbox 2466 5063 2519 5118; x_wconf 79' lang='grc' dir='ltr'>ἐν</span> <span class='ocrx_word' id='word_1_782' title='bbox 2567 5068 2722 5119; x_wconf 78' lang='grc' dir='ltr'>πᾶσι.</span> <span class='ocrx_word' id='word_1_783' title='bbox 2756 5061 2937 5119; x_wconf 79' lang='grc' dir='ltr'>Πάντα</span> <span class='ocrx_word' id='word_1_784' title='bbox 2981 5060 3041 5120; x_wconf 74' lang='grc' dir='ltr'>δὲ</span> <span class='ocrx_word' id='word_1_785' title='bbox 3081 5063 3148 5120; x_wconf 78' lang='grc' dir='ltr'><strong>τὰ</strong></span> <span class='ocrx_word' id='word_1_786' title='bbox 3191 5061 3339 5135; x_wconf 72' lang='grc' dir='ltr'>ὄντα,</span> <span class='ocrx_word' id='word_1_787' title='bbox 3381 5062 3469 5120; x_wconf 73' lang='grc' dir='ltr'>διὰ</span> <span class='ocrx_word' id='word_1_788' title='bbox 3509 5065 3585 5127; x_wconf 75' lang='lat'>10‘</span> <span class='ocrx_word' id='word_1_789' title='bbox 3635 5067 3687 5139; x_wconf 76' lang='grc' dir='ltr'>ἐξ</span> 
     </span>
    </p>
   </div>
   <div class='ocr_carea' id='block_1_106' title="bbox 2030 5151 2672 5209">
    <p class='ocr_par' dir='ltr' id='par_1_106' title="bbox 2030 5151 2672 5209">
     <span class='ocr_line' id='line_1_106' title="bbox 2030 5151 2672 5209; baseline 0 -1"><span class='ocrx_word' id='word_1_790' title='bbox 2030 5153 2193 5209; x_wconf 68' lang='grc' dir='ltr'><strong>αὖ)τοῦ</strong></span> <span class='ocrx_word' id='word_1_791' title='bbox 2222 5151 2358 5208; x_wconf 81' lang='grc' dir='ltr'>εἶναι</span> <span class='ocrx_word' id='word_1_792' title='bbox 2388 5153 2455 5207; x_wconf 81' lang='grc' dir='ltr'><strong>τὰ</strong></span> <span class='ocrx_word' id='word_1_793' title='bbox 2483 5151 2672 5208; x_wconf 84' lang='grc' dir='ltr'>πάντα.</span> 
     </span>
    </p>
   </div>
   <div class='ocr_carea' id='block_1_107' title="bbox 2734 5331 3237 5405">
    <p class='ocr_par' dir='ltr' id='par_1_107' title="bbox 2734 5331 3237 5405">
     <span class='ocr_line' id='line_1_107' title="bbox 2734 5331 3237 5405; baseline 0.008 -17"><span class='ocrx_word' id='word_1_794' title='bbox 2734 5332 2796 5405; x_wconf 84' lang='grc' dir='ltr'><strong>(ι)</strong></span> <span class='ocrx_word' id='word_1_795' title='bbox 2825 5332 2875 5388; x_wconf 92' lang='lat' dir='ltr'>II</span> <span class='ocrx_word' id='word_1_796' title='bbox 2901 5331 3028 5389; x_wconf 91' lang='lat' dir='ltr'><strong>Cor.</strong></span> <span class='ocrx_word' id='word_1_797' title='bbox 3062 5349 3116 5402; x_wconf 92' lang='lat' dir='ltr'><strong>v,</strong></span> <span class='ocrx_word' id='word_1_798' title='bbox 3151 5334 3237 5392; x_wconf 91' lang='grc'>18.</span> 
     </span>
    </p>
   </div>
   <div class='ocr_carea' id='block_1_108' title="bbox 1275 5514 2657 5575">
    <p class='ocr_par' dir='ltr' id='par_1_108' title="bbox 1275 5514 2657 5575">
     <span class='ocr_line' id='line_1_108' title="bbox 1275 5514 2657 5575; baseline 0.001 -5"><span class='ocrx_word' id='word_1_799' title='bbox 1275 5516 1515 5572; x_wconf 73' lang='lat' dir='ltr'><strong>VARI/E</strong></span> <span class='ocrx_word' id='word_1_800' title='bbox 1555 5517 1944 5575; x_wconf 81' lang='lat' dir='ltr'><strong>LECTIONES</strong></span> <span class='ocrx_word' id='word_1_801' title='bbox 1983 5517 2071 5572; x_wconf 88' lang='lat' dir='ltr'><strong>ET</strong></span> <span class='ocrx_word' id='word_1_802' title='bbox 2105 5514 2657 5573; x_wconf 74' lang='lat' dir='ltr'><strong>CORRECTIONES.</strong></span> 
     </span>
    </p>
   </div>
   <div class='ocr_carea' id='block_1_109' title="bbox 339 5636 661 5714">
    <p class='ocr_par' dir='ltr' id='par_1_109' title="bbox 339 5636 661 5714">
     <span class='ocr_line' id='line_1_109' title="bbox 339 5636 661 5714; baseline 0.003 -1"><span class='ocrx_word' id='word_1_803' title='bbox 339 5639 383 5676; x_wconf 79' lang='lat'>“</span> <span class='ocrx_word' id='word_1_804' title='bbox 417 5655 506 5713; x_wconf 83' lang='grc' dir='ltr'><strong>γρ·</strong></span> <span class='ocrx_word' id='word_1_805' title='bbox 538 5636 661 5714; x_wconf 75' lang='grc' dir='ltr'><strong>γάρ·</strong></span> 
     </span>
    </p>
   </div>
  </div>
