4000 6200
318 329 421 383 209

1075 331 1132 384 S.
1173 329 1446 385 MAXIMI
1485 331 1792 384 SCHOLIA
1828 332 1902 385 IN
1942 331 2074 384 LIB.
2116 333 2212 385 DE
2252 331 2523 390 DIVINIS
2560 335 2980 389 NOMINIBUS.

3621 327 3730 384 210

386 451 489 509 Καὶ
520 450 688 509 ἑστία.
723 449 935 508 Ἑστίαν
969 450 1127 506 αὐτὸν
1177 449 1391 506 πάντων
1449 448 1573 527 ἔφη,
1633 451 1706 512 ὡς
1753 448 1965 520 ο⁹ίκησιν

2155 455 2216 510 ω
2236 455 2788 512 domicilium.Vocat
2810 456 3003 527 ipsum
3037 454 3402 510 domicilium
3435 453 3726 520 omnium,

319 537 442 596 ὄντα
469 541 686 594 πάντων
725 543 835 594 τῶν
881 539 1076 614 ἆγίων,
1133 537 1209 602 ὡς
1254 539 1416 602 αὐτὸς
1467 540 1494 592 ὁ
1535 538 1730 610 Κύριός
1781 558 1967 617 φησιν’

322 630 552 686 Μείνατε
581 627 632 683 ἐν
667 627 812 700 ἐμοί’
875 626 1053 703 ὥσπερ
1103 629 1201 702 γὰρ
1244 629 1369 688 ναὸς
1399 628 1566 682 αὐτοῦ
1597 627 1779 700 ἐσμεν,
1838 629 1973 682 κατὰ

318 718 396 774 τό·
460 719 765 787 Ἐνοικήσω
817 717 869 771 ἐν
930 716 1145 787 αὐτοῖς,
1203 718 1292 772 καὶ
1347 717 1777 791 ἆμπεριπατήσω
1813 737 1824 748 ο
1887 714 1974 771 οὕ-

318 829 393 862 τω
422 809 515 861 καὶ
545 806 705 867 αὐτὸς
737 805 886 868 οἶκος
934 808 1095 878 ἡμῶν
1147 803 1278 860 ἐστι’
1332 803 1518 866 καλῶς
1551 802 1607 860 δὲ
1664 805 1818 869 εὐθὺς
1875 804 1972 859 ἐπο

319 899 489 971 ήγαγε
511 895 576 950 τὸ
606 896 930 968 ἡνωμένως’
991 891 1179 963 ἐπειδὴ
1227 894 1329 969 γὰρ
1390 895 1554 964 εἶπεν,
1618 895 1780 948 αὐτὸν
1841 895 1971 948 εἶναι

319 987 510 1052 πάντα,
543 983 632 1038 καὶ
677 982 728 1038 ἐν
780 984 930 1054 αὐτῷ
981 982 1045 1036 τὰ
1087 981 1282 1048 πάντα,
1310 981 1402 1036 ’ίνα
1436 984 1509 1054 μή
1541 1004 1646 1050 τις,
1681 982 1757 1044 εἷς
1790 983 1971 1046 σύνθε-

319 1096 397 1128 σιν
423 1075 517 1128 τὸν
549 1077 674 1127 νοῦν
729 1071 1077 1146 καταγαγὼν,
1113 1071 1333 1126 ἐκπέσοι
1385 1079 1487 1140 τῆς
1528 1069 1804 1142 ἀληθείας,
1839 1073 1972 1126 ὑπο-

314 1168 451 1216 νοῶν
481 1162 691 1216 ἅπαντα
742 1161 1137 1234 συμφορεῖσθαι
1192 1157 1439 1235 σωρηδὸν
1494 1158 1545 1214 ἐν
1603 1159 1682 1232 τῷ
1741 1159 1876 1231 Θεῷ,
1935 1161 1970 1228 ἢ

315 1251 447 1306 κατᾶ
498 1252 599 1320 τὴν
651 1249 896 1313 σύνθεσιν
944 1250 1036 1303 τὸν
1086 1249 1216 1305 Θεὸν
1249 1249 1479 1304 εἶναιτὰ
1507 1247 1701 1314 πᾶντα,
1757 1248 1971 1324 ταχέως

315 1339 634 1413 ἐθεράπευσε
662 1339 724 1392 τὸ
753 1337 1115 1412 ἇπεμιραῖνον,
1168 1338 1333 1392 εἰπὼν
1383 1339 1662 1410 ἡνωμένα,
1695 1338 1970 1392 τουτέστιν

316 1428 364 1483 ἂν
424 1431 494 1493 τῆ
543 1426 720 1497 οἶκείᾳ
775 1424 948 1497 ἑνάδι,
1011 1424 1226 1499 μᾶλλον
1263 1424 1319 1480 δὲ
1364 1427 1496 1500 ὑπὲρ
1531 1424 1690 1481 ἐνάδα
1725 1426 1975 1499 μείναντα

319 1514 788 1591 ὑπερηπλωμένον
823 1516 1040 1589 ἀμερῶς
1072 1515 1162 1569 καὶ
1198 1516 1413 1589 ἀμιγῶς
1455 1521 1575 1576 τοῖς
1633 1516 1778 1570 οὖσιν
1841 1516 1974 1569 εἶναι

317 1606 380 1660 τὰ
424 1605 600 1659 πάντα
651 1605 738 1658 καὶ
798 1602 852 1658 ἐν
883 1609 1065 1658 πᾶσιν·
1100 1601 1248 1659 ἀλλᾶ
1293 1602 1382 1657 καὶ
1443 1603 1686 1678 ἀσχέτως
1717 1602 1857 1658 ἐστὶν
1918 1603 1969 1658 ἐν

317 1699 501 1761 πᾶσιν,
526 1692 645 1747 ἀντὶ
675 1696 796 1763 τοῦ,
829 1694 917 1747 ὑπ’
949 1689 1159 1754 οὐδενὸς
1210 1691 1597 1767 κατεχόμενος,
1629 1693 1665 1762 ἢ
1710 1713 1974 1768 περιγραο

2083 550 2146 596 ιιι
2178 543 2276 614 qui
2308 545 2386 598 sit
2410 550 2746 601 sanctorum
2777 544 3042 599 omnium
3070 543 3374 611 habitatio,
3405 543 3559 598 sicut
3605 543 3731 614 ipse

2083 631 2368 688 Dominus
2391 635 2707 689 aitzillanete
2731 637 2788 689 in
2813 648 2899 688 me
2921 631 3549 704 (m).Quemadmodum
3570 632 3728 687 enim

2085 721 2368 792 templum
2394 723 2582 793 ipsius
2606 739 2836 790 sumus,
2856 723 3026 792 juxta
3050 719 3545 776 illudzlnhabitabo
3567 722 3628 772 in
3649 723 3732 790 ip-

2081 812 2233 878 sigel
2255 811 2723 883 inambulabo(n);
2751 812 2832 865 ita
2848 811 3020 865 etiam
3043 810 3166 881 ipse
3179 809 3494 864 estdomus
3510 812 3729 874 nostra;

2084 905 2235 954 recte
2269 906 2463 954 autem
2498 901 2693 956 statim
2728 899 3037 969 subjunxit
3068 897 3735 968 unite;quandoquidem

2084 989 2240 1043 enim
2271 990 2703 1060 dixerit,ipsum
2735 1005 2864 1044 esse
2897 989 3095 1042 omnia
3117 993 3174 1042 et
3196 988 3251 1040 in
3277 988 3403 1057 ipso
3425 986 3644 1052 omnia,
3665 1002 3737 1040 ne

2087 1077 2302 1148 aliquis
2335 1084 2593 1134 mentem
2629 1079 2686 1133 in
2718 1078 3204 1149 compositionem
3241 1064 3527 1130 inducens
3550 1092 3736 1131 avero

2083 1167 2395 1236 excideret,
2428 1167 2722 1223 arbitrans
2754 1167 3027 1222 universa
3076 1166 3386 1220 acervatim
3439 1164 3500 1218 in
3550 1165 3735 1218 Deum

2084 1256 2356 1322 conferri,
2391 1261 2493 1311 aut
2516 1256 2698 1310 Deum
2725 1256 3051 1310 secundum
3076 1255 3409 1323 opinionem
3443 1269 3572 1308 esse
3605 1251 3735 1306 uni-

2081 1361 2406 1409 versa,mox
2432 1345 2853 1400 absurditatem
2878 1341 3372 1409 curavit,dicendo
3395 1341 3632 1410 unite,id
3648 1345 3737 1395 est

2085 1432 2143 1488 in
2172 1434 2406 1505 propria
2428 1435 2674 1499 unitate,
2709 1434 2851 1503 quin
2887 1434 3082 1504 potius
3105 1449 3284 1503 supra
3308 1432 3592 1486 unitatem
3618 1446 3735 1484 ma-

2083 1528 2316 1577 nentem
2341 1523 2691 1594 explicatum
2717 1524 2844 1577 sine
2866 1521 3151 1576 divisione
3189 1527 3244 1575 et
3285 1519 3558 1574 mistione
3595 1533 3731 1573 cum

2084 1612 2258 1667 rebus
2277 1628 2404 1666 esse
2424 1612 2621 1666 omnia
2638 1612 2765 1666 etin
2785 1610 3088 1666 omnibus:
3109 1625 3311 1664 verum
3331 1608 3508 1665 etiam
3520 1612 3598 1662 est
3614 1608 3734 1661 sine

2081 1699 2387 1753 detcnliuue
2404 1699 2461 1753 in
2483 1699 2928 1769 omnibus,pro,a
2948 1697 3112 1752 nullo
3135 1696 3733 1767 comprehensus,aut

319 1786 556 1861 φόμενος
588 1787 936 1854 σωματικῶς,
969 1780 1124 1856 ἐξῃρη
1140 1781 1313 1855 μένως
1347 1780 1403 1836 δὲ
1439 1780 1674 1855 μᾶλλον·
1727 1779 1827 1852 ἔξω
1872 1780 1973 1857 γάρ

2105 1788 2569 1858 :ircumscriptus
2600 1787 3016 1858 corporaliter;
3050 1785 3264 1840 eximie
3306 1800 3441 1839 vero
3489 1783 3679 1853 magis
3714 1797 3727 1834 :

321 1873 429 1928 ἐστι
458 1877 569 1927 τῶν
618 1871 892 1941 ἁπάντων,
938 1869 1182 1945 οὐδαμοῦ
1231 1869 1325 1941 ὢν,
1358 1871 1410 1941 ἐξ
1442 1873 1610 1925 αὐτοῦ
1639 1872 1854 1926 πάντων
1883 1869 1970 1924 ὄν-

320 1983 447 2029 των,
477 1961 569 2015 καὶ
628 1961 794 2022 αὐτὸς
851 1959 904 2014 ἐν
937 1964 1119 2014 πᾶσιψ
1185 1958 1238 2030 ἐξ
1294 1960 1464 2014 αὐτοῦ
1518 1961 1620 2035 γὰρ
1677 1961 1744 2015 τὰ
1799 1961 1974 2014 πάντα

323 2069 636 2119 ιιυνεστηκε⁸

389 2137 574 2192 Πάντα
598 2134 657 2192 δι
685 2133 900 2199 ἁπλῶς.
922 2136 1203 2192 Τοοτέστιν
1229 2135 1548 2200 ἀσυνθέτωςο
1581 2137 1632 2191 ἐν
1666 2133 1848 2191 οὐδενὶ
1870 2135 1972 2211 γὰρ

321 2232 424 2282 τῶν
459 2225 628 2282 ὄντων
651 2227 904 2296 συνετὲθη
993 2229 1320 2299 σωματικῶς
1343 2225 1558 2296 ἡνώθη,
1591 2225 1637 2280 εί
1670 2233 1746 2299 μὴ
1798 2223 1850 2280 ἐν
1896 2230 1975 2297 τῷ

319 2321 493 2390 καιρῷ
522 2318 623 2385 τῆς
655 2314 992 2388 οἰκονομίας.

386 2405 559 2461 Θείων
638 2403 960 2482 φασμάτων.
1034 2405 1157 2462 Ὅτι
1235 2404 1488 2480 φάσματα
1553 2402 1710 2459 καλεῖ
1767 2403 1864 2464 τὰς
1923 2401 1975 2456 ἐν

321 2489 627 2568 συμϐόλοις
651 2491 1026 2566 ἀποκαλύψεις
1053 2497 1151 2547 τοῦ
1181 2496 1334 2561 Θεοῦ,
1364 2492 1454 2547 καὶ
1484 2493 1546 2547 τὸ
1575 2496 1693 2554 πῶς
1723 2493 1856 2546 αὐτὸ
1888 2492 1977 2545 λέ-

320 2605 425 2658 γει,
460 2605 528 2652 ση
539 2582 787 2652 μείωσαι.

392 2671 772 2744 ’Δνακτόροις.
858 2667 1131 2739 Ἕλληνες
1220 2667 1490 2744 ἀνάκτορα
1566 2667 1792 2724 ἐκάλουν
1868 2674 1975 2724 τῶν

322 2763 449 2835 παρ’
504 2760 691 2822 αὐτοῖς
744 2762 878 2822 θεῶν
937 2760 1005 2812 τὰ
1033 2758 1253 2830 τεμένγγ
1289 2757 1537 2835 ἐμφαίνει
1566 2757 1655 2812 οὖν
1687 2760 1714 2813 ὁ
1740 2761 1890 2834 ἅγιος
1926 2758 1975 2812 ἐν

324 2850 541 2910 τούτοις
591 2849 655 2903 τὸ
710 2848 858 2920 παρὰ
913 2851 991 2918 τῷ
1046 2845 1258 2916 Ἠσαίᾳ·
1319 2843 1470 2901 δοκεῖ
1503 2848 1602 2921 γὰρ
1655 2845 1705 2901 ἐν
1763 2852 1843 2919 τῷ
1871 2852 1980 2919 ναῷ

329 2937 684 3014 ὑπαγορεύειν
744 2935 902 2990 αὐτὸν
951 2937 1240 3011 ἑωρακέναι
1296 2936 1396 3003 τὴν
1451 2935 1592 2989 Θείαν
1625 2933 1832 3006 ἐκείνην
1865 2934 1980 3007 [δό-

324 3028 408 3097 ξαν
445 3027 560 3098 καὶ]
591 3023 738 3099 ὄψιν,
762 3027 862 3094 τὴν
894 3028 990 3078 τοῦ
1021 3023 1276 3101 σεραφίμ·
1309 3023 1375 3078 τὰ
1406 3021 1463 3078 δὲ
1501 3024 1623 3094 ἑξῆς
1653 3024 1862 3100 εἴρηται
1895 3022 1982 3079 διὰ

323 3119 418 3186 τήν
454 3119 552 3170 τοῦ
585 3112 850 3184 Ἰεζεκιήλ
883 3111 1092 3186 ὅρασιν,
1122 3115 1220 3182 τὴν
1251 3111 1303 3167 ἐν
1336 3108 1644 3183 Βαϐυλῶνι,
1679 3114 1766 3168 καὶ
1798 3115 1979 3190 ἑτέρας

322 3207 474 3266 τινας
504 3203 757 3279 θεωρίας.

394 3294 494 3347 Καὶ
527 3291 762 3352 θώκους.
795 3291 1053 3365 Θρόνους.

399 3376 730 3454 Συμϐολικῇ
782 3379 1057 3454 θεολογίᾳ.
1106 3376 1288 3435 ’Ἄλλο
1321 3377 1597 3453 σύνταγμα
1637 3379 1980 3453 ὑπισχνεῖται

329 3472 580 3547 γράφειν,
610 3469 744 3544 ὅπερ
767 3466 928 3524 καλεῖ
952 3462 1310 3540 Συμϐολικήν
1339 3466 1641 3544 θεολογίαν.

396 3565 455 3614 '0
486 3556 826 3634 ἱεραρχικός.
863 3558 1183 3630 Σημείωσαι
1210 3559 1295 3612 ὅτι
1327 3555 1562 3631 μάλιστα
1598 3558 1797 3634 ἱερεῦσι
1845 3558 1979 3632 πρέ-

328 3670 416 3704 πει
447 3650 669 3722 θεωρεῖν
699 3649 800 3717 τὴν
833 3646 977 3703 θείαν
1014 3647 1252 3722 Γραφήν.

399 3735 694 3799 Θεοειδεῖς.
728 3735 880 3791 Ἀντὶ
909 3739 1006 3790 τοῦ
1037 3738 1334 3814 θεοφανεῖς.

394 3917 496 3972 Καὶ
522 3917 638 3971 ὦτα
669 3917 809 3991 ἱερά.
851 3916 985 3987 Ὦτα
1042 3912 1405 3971 διεντὲλλεται
1459 3916 1580 3990 ἱερά
1630 3922 1751 3978 τοῖς
1807 3918 1984 3991 ἁγίοις

322 4005 743 4081 παρατίθεσθαι,
774 4004 1047 4060 τουτέστιν
1079 4004 1249 4073 ἀκοὴν
1284 3999 1478 4074 εὐσεϐῆ
1526 4005 1618 4059 καὶ
1675 4005 1820 4078 ἀξίαν
1872 4009 1978 4060 τῶν

327 4095 502 4169 ἁγίων

399 4185 713 4256 Ἀμύστων.
785 4185 1045 4240 Τουτὲστι
1108 4187 1215 4238 τῶν
1279 4181 1561 4256 ἀμυήτωνσ
1621 4183 1703 4238 ὅτι
1763 4185 1790 4238 ὁ
1855 4183 1986 4256 μετᾶ

325 4271 574 4348 γέλωτος
626 4270 717 4326 καὶ
770 4270 1099 4345 ἐμπαιγμῶν
1119 4277 1228 4327 τῶν
1262 4272 1416 4336 θείων
1448 4271 1659 4326 ἀκούων
1693 4274 1922 4348 λογίων,
1949 4273 1984 4341 ἢ

322 4365 434 4415 τῶν
465 4360 588 4434 περὶ
621 4359 758 4415 αὐτὰ
783 4360 1102 4436 ἐρμηνειῶν,
1136 4361 1209 4422 ὡς
1244 4361 1522 4436 θεομάχος
1569 4361 1828 4436 κρίνεται.
1890 4365 1986 4418 Τι-

329 4451 516 4521 μοθὲῳ
573 4446 631 4503 δὲ
679 4447 874 4526 γράφει
927 4447 1016 4503 καὶ
1077 4449 1105 4504 ὁ
1160 4448 1514 4517 Ἀπόστολος,
1549 4449 1631 4504 ὅτι
1663 4451 1726 4504 οὐ
1760 4449 1841 4504 δεῖ
1867 4454 2014 4513 τοῖς⁸

2082 1883 2172 1932 est
2199 1877 2356 1932 enim
2389 1881 2552 1931 extra
2585 1877 2858 1931 universa
2888 1889 3183 1945 nusquam
3232 1872 3546 1941 exsistens,
3595 1887 3726 1925 cum

2080 1966 2279 2022 omnia
2307 1982 2375 2020 ex
2406 1965 2532 2036 ipso
2563 1965 2683 2021 sint
2711 1971 2767 2019 et
2798 1965 2923 2035 ipse
2952 1963 3012 2018 in
3043 1963 3320 2018 omnibus
3351 1977 3364 2015 :
3399 1977 3467 2016 ex
3495 1959 3623 2030 ipso
3645 1958 3726 2014 si-

2081 2054 2319 2125 quidem
2352 2055 2623 2110 universa
2652 2055 3004 2109 consistunt.

2153 2142 2253 2198 Sed
2283 2144 2540 2198 universa
2568 2141 2910 2213 simpliciter.
2946 2141 3008 2196 Id
3040 2145 3129 2196 est
3176 2140 3304 2194 sine
3353 2135 3728 2209 compositio-

2083 2248 2189 2298 ne;
2222 2248 2355 2286 cum
2389 2231 2551 2287 nulla
2579 2231 2736 2287 enim
2769 2248 2828 2286 re
2859 2232 3224 2301 compositus
3249 2227 3360 2282 fuit
3392 2239 3494 2281 aut
3522 2242 3728 2296 corpo-

2084 2320 2284 2376 raliter
2314 2320 2536 2383 unitus,
2570 2320 2686 2376 nisi
2717 2320 2772 2373 in
2805 2325 3063 2389 tempore
3095 2316 3536 2371 incarnationis.

2154 2409 2368 2464 Divinis
2395 2409 2548 2464 visis.
2585 2409 2722 2463 Visa
2753 2413 2915 2462 vocat
2962 2405 3345 2461 revelationes
3394 2403 3495 2458 Dei
3541 2402 3598 2455 in
3653 2401 3730 2456 si-

2085 2497 2252 2570 gnis;
2287 2502 2426 2552 nota
2454 2497 2631 2552 etiam
2663 2496 2955 2567 quomodo
2988 2493 3132 2548 illud
3163 2491 3340 2548 dicat.

2157 2677 2220 2730 In
2245 2674 2416 2730 sacris
2448 2674 2684 2744 templis.
2731 2673 2826 2728 Gr.
2877 2671 3213 2744 ἀνακτόροις.
3261 2668 3518 2724 Gentiles
3567 2683 3732 2722 voca-

2087 2765 2230 2819 bant
2274 2761 2535 2834 ἀνάκτορα
2585 2763 2827 2817 deorum
2880 2777 3121 2816 suorum
3167 2758 3430 2813 delubra.
3482 2756 3735 2811 Sanctus

2087 2853 2264 2922 igitur
2294 2851 2553 2908 declarat
2585 2851 2640 2904 in
2677 2851 2766 2906 bis
2796 2849 2938 2904 illud
2974 2849 3167 2915 Isaiae;
3200 2848 3428 2902 videtur
3452 2846 3608 2901 enim
3643 2845 3731 2898 in-

2089 2941 2394 3013 terpretari
2427 2941 2622 3012 ipsum
2656 2939 2874 2995 vidisse
2904 2939 2961 2992 in
2995 2936 3215 3008 templo
3266 2934 3524 2988 divinam
3572 2933 3732 2988 illam

2089 3030 2356 3102 [gloriam
2387 3030 2464 3100 et]
2512 3029 2794 3083 visionem
2842 3025 3160 3096 seraphim.
3214 3027 3349 3090 Quae
3399 3027 3594 3078 autem
3645 3037 3733 3076 se-

2091 3119 2540 3191 quuntur,dicta
2572 3123 2712 3173 sunt
2742 3124 2977 3188 propter
3007 3115 3292 3170 visionem
3327 3111 3645 3168 Ezechielis
3676 3111 3734 3164 in

2004 3186 2047 3253 (ἶ
2088 3186 2398 3280 Babylone,
2432 3213 2488 3262 et
2517 3186 2806 3277 quasdam
2837 3186 2986 3260 alias
3015 3204 3291 3259 visiones.

2157 3299 2232 3352 Et
2263 3299 2406 3365 sede,
2435 3297 2532 3352 Gr.
2565 3293 2654 3348 καὶ
2687 3293 2918 3356 θώκους.
2949 3293 3234 3347 Thronos.

2159 3386 2470 3458 Symbolicu
2502 3381 3097 3453 theologia.Promittit
3127 3397 3190 3436 se
3220 3379 3382 3435 aliud
3415 3394 3565 3449 opus
3596 3375 3737 3432 scri-

2089 3481 2354 3547 pturum,
2390 3475 2544 3545 quod
2576 3478 2740 3528 vocat
2770 3468 3146 3542 Symbolicam
3174 3465 3524 3534 theologiam.

2160 3563 2637 3620 Hierararchicus.
2666 3561 2812 3616 Nota
2843 3558 3099 3614 maxime
3129 3555 3438 3611 convenire
3469 3554 3738 3609 sacerdo-

2087 3654 2247 3709 tibus
2278 3652 2538 3706 divinam
2570 3650 2930 3719 Scripturam
2965 3643 3371 3716 contemplari.

2160 3743 2307 3796 107
2349 3739 2670 3808 Dei/cimex,
2701 3741 2796 3791 Gr.
2835 3731 3112 3797 θεοειδεῖς.
3147 3738 3256 3788 Pro
3288 3732 3587 3803 θεοφανεῖς,
3638 3729 3740 3798 qui

2089 3831 2170 3886 dii
2200 3833 2509 3902 apparent.

2161 3923 2226 3976 Et
2253 3935 2437 3974 sacra:
2468 3931 2650 3971 aures.
2685 3912 3026 3985 Praecipitur
3057 3912 3278 3968 sanctis
3310 3914 3376 3966 ut
3406 3924 3606 3966 sacras
3636 3924 3743 3962 au-

2093 4025 2185 4064 res
2217 4009 2585 4072 admoveant,
2621 4004 2678 4059 id
2705 4009 2794 4059 est
2819 4002 3184 4058 auditionem
3219 4000 3391 4072 piam,
3422 4003 3480 4054 et
3524 3995 3747 4053 sanctis

2093 4096 2353 4168 dignam.

2170 4177 2948 4254 Pro/‘anorum,Gr.&p6nwv.
2968 4179 3028 4232 Id
3056 4183 3145 4234 est
3175 4193 3290 4232 non
3325 4174 3695 4231 initiatorum
3733 4189 3746 4227 :

2097 4289 2307 4344 nempe
2336 4273 2436 4344 qui
2471 4288 2604 4327 cum
2639 4271 2759 4325 risu
2791 4274 2848 4324 et
2877 4267 3133 4323 ludibrio
3174 4265 3402 4320 divinos
3451 4279 3751 4319 sermones

2098 4362 2284 4428 audit,
2304 4372 2401 4416 aut
2423 4377 2623 4415 eorum
2656 4355 3194 4427 interpretationes,
3227 4358 3508 4423 tanquam
3542 4350 3744 4419 θεομάο

2101 4469 2200 4523 χος
2233 4451 2442 4521 (hostis
2474 4449 2598 4520 Dei)
2619 4448 2942 4518 judicatur.
2968 4443 3184 4500 Scribit
3209 4447 3405 4496 autem
3439 4439 3747 4495 Timotheo

330 4541 409 4610 μή
472 4525 807 4613 δεχομένοις
856 4539 949 4593 τὸν
1011 4536 1174 4614 λόγον
1230 4537 1282 4594 ἐν
1339 4536 1569 4610 ἂληθείᾳ
1629 4536 1816 4595 λαλεῖν
1866 4560 1965 4614 περ

2105 4539 2421 4612 apostolus,
2456 4555 2570 4593 non
2591 4553 2719 4592 esse
2742 4534 3149 4590 disserendum
3173 4531 3245 4585 de
3270 4528 3487 4584 talibus
3509 4544 3642 4582 cum
3676 4525 3751 4582 iis

325 4628 627 4686 τοιούτων.

839 4719 954 4773 ΕΙΣ
995 4717 1089 4774 ΤΟ
1130 4718 1387 4773 ΚΕΦΑΛ.
1418 4718 1494 4774 Β’.

401 4809 432 4879 Ξ
481 4807 521 4862 Ι.
581 4807 696 4873 Τὴν
762 4807 1084 4880 θεαρχικήν.
1151 4805 1244 4861 Ἐκ
1295 4808 1392 4859 τοῦ
1447 4804 1742 4882 κεφαλαίου
1797 4805 1994 4860 τούτου

330 4892 583 4966 μάλιστα
620 4894 712 4947 καὶ
753 4893 1025 4968 Ἀρειανοὶ
1081 4893 1170 4947 καὶ
1229 4892 1560 4965 Εὐνομιανοῖ
1618 4894 1679 4948 τὸ
1733 4894 1994 4965 ἀνόμοιον

326 4977 727 5057 πρεσϐεύοντες
779 4980 1192 5054 πολεμοῦνται,
1252 4981 1340 5035 καὶ
1394 4983 1740 5057 Νεστοριανοὶ
1798 4980 1856 5036 8‘s
1905 4981 1995 5036 καὶ

323 5071 656 5149 Ἀκέφαλοι.
689 5071 998 5146 Θεαρχικήν
1056 5067 1114 5124 δὲ
1136 5071 1182 5108 ⁸³
1239 5069 1376 5140 ὅλην
1435 5069 1652 5146 ὕπαρξίν
1709 5093 1841 5149 φησι
1898 5078 1997 5141 τῆς

405 5181 512 5251 (m)
543 5179 716 5236 Joan.
751 5196 847 5245 xv,
882 5180 931 5234 4.
1010 5178 1088 5250 (n)
1124 5178 1172 5234 II
1200 5181 1326 5236 Cor.
1359 5196 1436 5248 vr,
1469 5181 1555 5235 16.

2104 4629 2205 4700 qui
2237 4627 2478 4682 verbum
2513 4627 2569 4680 in
2605 4626 2844 4680 veritate
2874 4639 2988 4678 non
3017 4619 3330 4690 recipiunt.

2732 4713 2802 4769 IN
2844 4711 2995 4768 CAP.
3038 4710 3104 4765 ΙΙ.

2173 4804 2204 4877 §
2237 4807 2280 4860 Ι.
2313 4802 2682 4858 Divinam.Ex
2711 4801 2820 4857 hoc
2851 4800 3038 4870 capite
3069 4796 3324 4853 maxime
3354 4808 3488 4847 cum
3522 4788 3749 4858 Ariani,

2103 4898 2229 4950 tum
2261 4890 2749 4961 Eunomiani,qui
2784 4886 3244 4958 inaequalitatem
3278 4882 3359 4951 (in
3393 4877 3751 4936 SS.Trinita-

2106 4984 2184 5054 te)
2216 4986 2510 5048 asserunt,
2543 4982 2993 5050 oppugnantur;
3019 4981 3144 5029 tum
3195 4971 3373 5027 etiam
3426 4966 3755 5054 Nestoriani

2106 5052 2175 5125 et?
2209 5068 2508 5140 Acephali.
2554 5067 2813 5122 Divinam
2849 5067 3032 5118 autem
3064 5063 3236 5115 totam
3265 5053 3651 5113 exsistentiam
3677 5052 3760 5108 di-

1355 5279 1595 5334 VARI/E
1634 5277 2024 5334 LECTIONES
2065 5276 2154 5330 ET
2192 5273 2752 5332 CORRECTIONES.

332 5441 462 5513 νοῖς
502 5437 690 5513 ιρημι,
747 5437 836 5491 καὶ

405 5365 459 5442 ξ³
487 5383 576 5440 γρ.
609 5364 709 5427 Εἰς
759 5365 831 5442 τὸΔ
876 5362 1172 5442 κεφάλαιον
1228 5366 1502 5442 τοῦτο-τὸ
1561 5363 1804 5442 δεύτερον
1859 5365 2092 5439 μάχεται
2128 5363 2364 5442 μάλιστα
2393 5367 2521 5417 πᾶσι
2552 5367 2668 5422 τοῖς
2699 5361 2762 5414 τὸ
2792 5356 3057 5442 ἀνόμοιον
3078 5351 3482 5442 πρεσβεύουσιν,
3552 5350 3760 5442 Ἀρειει-

918 5433 1272 5510 Ε’ὐνομιανοῖς
1335 5437 1424 5491 καὶ
1485 5433 2190 5507 Μακεδονισταῖςδμεταξὺ
2265 5433 2320 5489 δὲ

3016 5423 3359 5502 Ἀκέφάλοις.
3437 5423 3636 5499 Θεαρχ.
3696 5423 3759 5476 1η

2404 5437 2780 5508 Νεστοριανοῖς
2856 5428 2943 5483 καὶ

333 5510 443 5564 hoc
479 5501 715 5566 secundo
743 5511 922 5581 capite
963 5501 1211 5567 mafpime
1236 5513 1444 5582 pugnat
1475 5527 1596 5565 cum
1647 5513 1895 5567 omnibus
1928 5501 2018 5563 iis
2051 5501 2155 5579 qui
2184 5501 2618 5582 inaequalitatem
2651 5505 2759 5582 __(in
2783 5503 2883 5582 SS.
2918 5501 3222 5582 Trinitate)
3281 5505 3566 5582 asseruit},
3602 5511 3757 5579 nem-

326 5596 404 5654 ρι
435 5596 565 5638 cum
591 5569 849 5652 Ariani},
881 5569 1247 5642 Eunomianis'
1293 5569 1344 5638 ὁὶ
1399 5583 1841 5639 Macedonianis:
1893 5569 2176 5637 interdum
2232 5569 2403 5634 etiam
2459 5595 2581 5632 cum
2641 5569 2979 5633 Nestorianis
3025 5580 3076 5630 et
3133 5569 3443 5645 Acephalis.
3499 5569 3758 5624 Divinam

337 5657 564 5721 autem,
599 5659 692 5711 etc

3705 5779 3769 5823 “1‘
