4000 6200
276 256 377 310 211
1098 256 1462 308 APPENDIX
1500 257 1596 306 AD
1635 252 1876 306 OPERA
1911 253 1970 306 S.
2011 250 2326 307 DIONYSII
2361 212 2865 308 AREOPAGITE.
3585 251 3697 306 212

281 377 602 443 cit,sanctm
635 379 694 431 et
721 375 908 432 solius
939 376 1252 432 adorandae
1277 375 1585 431 Trinitatis
1634 375 1692 429 in
1735 373 1928 428 tribus

2067 371 2198 447 ιγίας
2252 373 2341 428 καὶ
2395 373 2566 446 μόνης
2613 378 2992 450 προσκυνητῆς
3039 369 3274 446 Τριάδος
3299 373 3400 444 τήν
3433 371 3484 428 έν
3513 373 3691 448 τρισὶν

283 463 688 522 subsistentiis
709 466 1000 538 cognitam
1028 463 1416 532 divinitatem;
1437 462 1743 519 consuevit
1773 460 1930 516 enim

2067 460 2366 517 ›ποστάσεσι
2445 463 2854 539 γνωριζομένην
2914 463 3164 534 θεότηταο
3215 457 3338 528 ἔθος
3384 464 3490 538 γὰρ
3545 462 3695 534 αὐτῷ

284 557 456 611 totam
507 554 857 610 divinitatem
903 571 1108 610 vocare
1155 552 1641 625 augustissimam
1689 550 1934 606 Trinita-

286 649 440 714 tem;
474 645 767 717 siquidem
802 645 942 713 baec,
975 650 1034 701 et
1064 645 1203 717 quid
1236 645 1309 700 sit
1351 648 1473 700 tota
1520 643 1796 698 divinitas
1845 657 1932 697 se-

288 733 479 806 ipsam
513 734 775 790 revelans
805 750 928 789 cum
955 749 1308 804 personarum
1335 733 1679 802 deﬁnitione,
1733 731 1791 786 id
1844 733 1933 787 est

290 840 424 879 cum
449 823 731 878 divisione
755 825 974 879 sanctis
993 822 1515 890 declaravit,trium
1547 837 1931 893 personarum

290 911 678 984 proprietates
736 928 1049 983 exponens,
1102 928 1228 967 esse
1285 916 1538 978 Patrem,
1585 915 1640 966 et
1695 909 1932 978 Filium,

291 1005 350 1056 et
377 1000 660 1072 Spiritum
692 1005 995 1070 sanctum;
1029 1005 1147 1056 tres
1194 1001 1350 1055 enim
1406 1016 1523 1055 una
1570 1003 1627 1054 et
1672 1004 1796 1054 tota
1841 1002 1932 1053 at-

265 1095 409 1162 que
437 1091 563 1145 sola
588 1089 898 1157 divinitas;
933 1090 1238 1144 sciendum
1271 1093 1470 1145 autem
1497 1085 1719 1163 ὕπαρξιν
1753 1087 1935 1143 exsis-

292 1177 538 1234 tentiam
574 1193 687 1232 non
719 1177 832 1231 dici
861 1178 1093 1249 proprie
1143 1179 1213 1234 de
1259 1178 1405 1246 Deo;
1459 1181 1548 1234 est
1595 1178 1751 1233 enim
1800 1195 1936 1250 προ-

294 1263 519 1340 ΰπαρξις
548 1265 1012 1338 ριάιεωιςιῗδιθηειά,
1046 1267 1103 1322 id
1130 1275 1217 1322 est
1247 1267 1422 1323 etiam
1453 1272 1587 1322 ante
1615 1266 1806 1338 ipsam
1837 1283 1938 1321 ex—

297 1355 630 1413 sistentiam
666 1373 679 1411 :
713 1355 993 1426 quoniam
1025 1360 1220 1411 autem
1253 1357 1448 1412 omnis
1493 1356 1831 1412 exsistentia
1872 1371 1941 1410 ex

295 1447 446 1519 ipso,
480 1462 549 1500 ex
577 1444 650 1500 iis
691 1460 814 1516 quae
864 1460 968 1516 per
1014 1445 1211 1517 ipsum
1260 1451 1542 1518 apparent
1589 1445 1938 1517 appellatur,

300 1539 366 1590 ut
395 1533 573 1589 etiam
605 1549 786 1605 supra
810 1533 930 1588 haec
962 1533 1344 1605 intelligatur.

371 1621 665 1693 Deﬁniens.
698 1623 763 1676 Id
796 1626 907 1692 est,
939 1623 1244 1680 declarans
1272 1628 1331 1679 et
1359 1624 1695 1680 ostendens.

369 1802 601 1856 Summa
627 1802 858 1870 deitate,
891 1802 987 1859 Gr.
1019 1801 1119 1870 τὴν
1154 1799 1430 1877 θεαρχίαν.
1463 1803 1611 1859 Nota
1637 1804 1804 1876 {quod
1853 1802 1944 1859 di-

301 1891 494 1947 ctione
526 1889 786 1947 humano
813 1893 986 1947 modo
1018 1900 1275 1964 accepta,
1305 1893 1499 1964 ipsam
1531 1892 1823 1948 divinitati
1856 1896 1944 1948 at-

300 1979 545 2047 tribuat,
574 1984 812 2052 propter
839 1997 1101 2052 persome
1131 1982 1441 2037 unitatem.

369 2070 491 2125 Non
513 2069 858 2138 partialiter.
892 2070 1065 2126 Recte
1092 2069 1239 2126 illud
1271 2087 1381 2127 non
1409 2072 1744 2141 partiatiter.
1795 2071 1943 2143 Ope-

301 2158 559 2214 rationes
589 2159 747 2214 enim
773 2163 832 2215 et
862 2159 1148 2215 universae
1195 2159 1502 2233 theologiaa
1549 2160 1775 2228 laudes,
1829 2177 1943 2217 non

300 2248 403 2303 uni
432 2253 489 2304 et
518 2247 627 2304 soli
659 2264 1043 2320 personarum
1065 2249 1271 2305 divina
1293 2250 1600 2308 Trinitatis
1629 2251 1944 2323 separatim

302 2337 730 2403 attribuuntur,
762 2337 862 2393 sed
897 2338 1036 2410 ipsis
1068 2355 1414 2395 communes
1461 2344 1602 2395 sunt
1649 2339 1945 2409 Trinitati,

301 2430 537 2498 excepta
567 2425 692 2482 sola
723 2426 1280 2484 incarnationezsola
1311 2427 1467 2484 enim
1499 2434 1585 2484 est
1616 2428 1769 2497 Filii,
1790 2429 1946 2485 sicut

301 2519 504 2586 postea
561 2514 739 2583 dicit;
803 2514 938 2570 solas
996 2503 1190 2571 autem
1251 2517 1404 2572 108
1464 2517 1944 2573 characteristicaa

302 2604 481 2659 trium
540 2619 924 2676 personarum
985 2605 1372 2677 preprietates
1429 2605 1662 2662 divisim
1715 2611 1771 2662 et
1819 2624 1946 2679 pro-

299 2693 425 2763 prie
452 2693 769 2764 unicuique
799 2709 1061 2764 personze
1106 2694 1329 2760 insunt,
1387 2694 1541 2750 sicut
1588 2695 1739 2750 Patri
1790 2697 1942 2767 quod

302 2780 378 2836 sit
409 2781 599 2851 Pater,
647 2786 705 2836 et
754 2781 902 2838 nulli
951 2781 1138 2852 alteri,
1190 2783 1273 2838 ita
1319 2783 1389 2838 de
1436 2783 1579 2839 Filio
1628 2788 1686 2839 et
1729 2785 1944 2856 Spiritu

301 2872 525 2924 sancto.

372 2957 436 3011 Et
462 2958 646 3012 totius.
678 2960 828 3013 Nota
871 2957 1052 3014 totius
1099 2958 1423 3016 divinitatis
1472 2960 1816 3018 Trinitatem
1866 2963 1944 3018 si-

300 3044 588 3118 gniﬁcari.

2041 548 2178 620 ὅλην
2240 550 2467 622 θεότητα
2523 551 2710 608 καλεῖν
2765 552 2863 622 τήν
2915 546 3211 625 σεϐασμίαν
3269 549 3492 628 Τριάδα·
3553 548 3689 622 αὕτη

2038 636 2140 714 γὰρ
2183 639 2272 693 καὶ
2318 639 2370 694 τί
2414 639 2554 696 ἐστιν
2614 639 2718 712 ὅλη
2767 640 2958 711 θεότης
3008 639 3202 710 ἑαυτὴν
3231 639 3696 696 ἀποκαλύπτουσα

2045 728 2158 799 μετ’
2243 728 2549 807 ἀφορισμοῦ
2631 735 2742 785 τῶν
2824 732 3156 806 προσώπων,
3239 729 3482 786 τουτέστι
3557 728 3697 803 μετά

2043 812 2352 892 διαιρέσεως
2406 824 2522 881 τοῖς
2584 821 2762 895 ἁγίοις
2809 819 3131 897 ἐφανέρωσε,
3187 823 3296 874 τῶν
3331 823 3499 895 τριῶν
3555 820 3694 874 ὑπο-

2043 906 2276 962 στάσεων
2334 908 2428 969 τὰς
2477 906 2752 978 ἰδιότητας
2809 909 3147 987 ἂκφαινουσα,
3200 907 3284 964 ὅτι
3333 909 3542 983 Πατὴρ,
3602 907 3696 962 καὶ

2042 995 2190 1068 Υἱὸς,
2240 998 2327 1052 καὶ
2363 999 2516 1072 ἅγιον
2540 1002 2778 1071 Πνεῦμα·
2840 999 2892 1053 οἱ
2948 999 3047 1074 γὰρ
3103 1003 3269 1073 τρεῖς,
3329 997 3425 1071 μία
3460 996 3552 1051 καὶ
3586 995 3694 1066 ὅλη

2043 1084 2133 1139 καὶ
2169 1085 2307 1157 μόνη
2361 1087 2572 1156 θεότης·
2607 1089 2798 1142 Ἰστέον
2826 1085 2883 1143 δὲ
2913 1089 2996 1143 ὅτι
3044 1086 3266 1162 ὕπαρξις
3330 1087 3424 1160 μὶν
3492 1085 3698 1159 κυρίως

2047 1173 2134 1229 ἐπὶ
2166 1179 2301 1229 Θεοῦ
2330 1176 2392 1229 οὺ
2426 1175 2658 1251 λέγεταιο
2699 1177 2788 1231 καὶ
2839 1176 2942 1252 γάρ
2974 1176 3082 1230 ἐστι
3139 1174 3495 1249 προΰπαρξις,
3535 1195 3701 1229 τουτ-

2049 1261 2163 1318 έστι
2202 1264 2290 1318 καὶ
2339 1264 2446 1338 πρὸ
2476 1265 2648 1334 αὐτῆς
2691 1272 2792 1334 τῆς
2839 1264 3138 1341 ὑπάρξεωςο
3191 1261 3381 1333 ἔπειδὴ
3436 1263 3495 1318 δὲ
3550 1269 3705 1317 πᾶσα

2049 1350 2271 1424 ὕπαρξις
2304 1350 2352 1425 ἐξ
2385 1353 2567 1421 αὐτοῦ,
2599 1352 2658 1408 ἐκ
2684 1358 2792 1409 τῶν
2823 1351 2892 1408 δι’
2925 1354 3089 1408 αὐτοῦ
3119 1352 3388 1432 φανέντων
3431 1351 3704 1426 ὀνομάζε-

2046 1443 2214 1514 mi”,
2241 1440 2333 1495 ἵνα
2361 1445 2536 1516 νοηθῇ
2567 1441 2656 1497 καὶ
2690 1442 2822 1518 ὑπὲρ
2849 1447 3036 1500 ταῦτα.

2124 1621 2508 1698 Ἀφορίζουσα.
2568 1623 2825 1679 Τουτέστι
2903 1619 3244 1698 γνωρίζουσα
3324 1620 3415 1675 καὶ
3499 1615 3704 1674 δεικνῦ-

1974 1747 2020 1812 Β
2051 1731 2202 1769 ουσα.

2126 1803 2239 1871 Τήν
2302 1800 2602 1877 θεαρχίαν.
2654 1800 2969 1874 Σημείωσαι
3027 1797 3133 1870 ὅτι,
3190 1798 3279 1854 καὶ
3338 1797 3702 1874 ἀνθρωπίνως

2054 1888 2347 1966 λεχθείσης
2376 1898 2475 1960 τῆς
2508 1897 2712 1966 φωνῆς,
2766 1894 2833 1964 τῇ
2894 1889 3109 1960 θεότητι
3155 1889 3354 1960 ταύτην
3416 1887 3702 1957 ἀνατίθησι

2054 1976 2144 2034 διὰ
2171 1981 2270 2048 τὴν
2299 1984 2397 2034 τοῦ
2419 1981 2717 2056 προσώπου
2729 1981 2774 2016 ⁸⁸
2800 1978 3048 2050 ἑνότητα.

2123 2068 2202 2127 Οὐ
2235 2073 2496 2142 μερικῶς.
2544 2067 2747 2130 Καλῶς
2777 2069 2840 2123 τὸ
2872 2067 2934 2123 οὗ
2992 2070 3250 2142 μερικῶςο
3308 2065 3363 2120 αἱ
3415 2062 3520 2140 γὰρ
3550 2061 3708 2137 ἐνέρ-

2051 2178 2194 2234 γειαι
2224 2159 2310 2213 καὶ
2343 2164 2508 2212 πᾶσαι
2537 2163 2639 2227 τῆς
2670 2154 2958 2232 θεολογίας
2987 2157 3042 2210 αἱ
3101 2151 3424 2230 ὑμνολογίαι
3459 2151 3568 2228 οὐχ
3624 2152 3706 2207 ἑνὶ

2053 2247 2142 2301 καὶ
2177 2248 2329 2320 μόνῳ
2358 2251 2464 2301 τῶν
2496 2253 2598 2315 τῆς
2631 2246 2774 2310 θείας
2821 2242 3055 2321 Τριάδος
3085 2242 3392 2319 προσώπων
3446 2239 3704 2312 ἀποκλη-

2055 2341 2301 2411 ρωτικῶς
2328 2336 2780 2409 ἀπονενέμηνται,
2823 2333 2951 2391 ἀλλ’
3002 2331 3157 2389 αὐταὶ
3218 2333 3313 2406 μὲν
3362 2331 3540 2387 κοιναί
3592 2330 3700 2386 εἶσι

2053 2433 2150 2495 τῆς
2179 2423 2426 2500 Τριάδος,
2461 2423 2592 2500 δίχα
2638 2427 2812 2498 μόνης
2861 2431 2964 2494 τῆς
3021 2423 3496 2498 ὶνανθρωπήσεως·
3551 2419 3699 2493 μόνη

2053 2516 2156 2590 γάρ
2191 2515 2300 2569 ἐστι
2333 2518 2429 2569 τοῦ
2459 2515 2606 2582 Υἱοῦ,
2639 2514 2714 2577 ὡς
2746 2513 2934 2589 ἐφεξῆς
2971 2511 3142 2588 λέγει·
3201 2511 3361 2585 μόναι
3421 2507 3478 2565 δὶ
3503 2511 3558 2565 αἱ
3581 2529 3700 2585 χα-

2056 2603 2465 2679 ρακτηριστικαὶ
2513 2606 2620 2657 τῶν
2665 2607 2829 2677 τριῶν
2865 2600 3204 2658 ὑποστάσεων
3239 2598 3507 2670 ἰδιότητες
3539 2619 3702 2673 μερι-

2052 2696 2162 2754 κῶς
2194 2692 2282 2748 καὶ
2315 2690 2469 2754 ἰδίως
2506 2693 2702 2768 ἑκάστῃ
2755 2692 3042 2748 ὑποστάσει
3099 2689 3395 2766 πρόσεισιν,
3455 2691 3570 2744 οῖον
3618 2692 3705 2760 τῷ

2058 2780 2223 2855 ΙΙατρὶ
2253 2783 2316 2836 τὸ
2349 2782 2554 2856 Πατὴρ,
2586 2781 2676 2836 καὶ
2708 2780 2808 2836 οὐκ
2836 2778 2992 2854 ἄλλῳ
3019 2780 3148 2835 τινί·
3180 2777 3336 2851 ,οὕτω
3364 2777 3454 2833 καὶ
3485 2775 3573 2832 ἐπὶ
3601 2779 3707 2831 τοῦ

2053 2869 2181 2924 Υἲοῦ
2205 2871 2292 2924 καὶ
2326 2873 2423 2924 τοῦ
2454 2871 2610 2945 ἁγίου
2642 2869 3030 2944 11νει3ματος⁸⁸ο

2125 2957 2231 3014 Καὶ
2277 2956 2616 3033 ὁλοκλήρου.
2668 2959 2987 3033 Σημείωσαι
3038 2955 3176 3027 ὅλης
3233 2957 3546 3028 θεότητος⁸⁸
3599 2953 3709 3024 τὴν

2055 3045 2264 3124 Τριάδα
2295 3048 2670 3121 σημαίνεσθαι.

375 3133 498 3190 Nisi
525 3135 595 3190 de
627 3137 758 3191 tota.
792 3135 941 3194 Nota
971 3152 1104 3192 eum
1133 3136 1234 3208 qui
1265 3138 1408 3194 dicit
1433 3138 1660 3196 divinas
1689 3140 1941 3212 appella-

2106 3113 2192 3191 Ἐἰ
2229 3138 2304 3210 μὴ
2333 3113 2458 3213 περὶ
2499 3143 2601 3206 τῆς
2649 3133 2809 3207 ὅλης.
2856 3133 3174 3209 Σημείωσαι
3205 3135 3288 3190 ὅτι
3319 3134 3348 3189 6
3389 3135 3466 3207 μὴ
3518 3131 3712 3196 κοινὰς

304 3223 494 3280 tiones
525 3223 768 3280 minime
797 3241 919 3280 esse
962 3241 1327 3295 communes,
1378 3227 1553 3299 impis
1603 3230 1941 3301 abrumpere

2067 3225 2191 3279 εἶναι
2224 3222 2399 3302 λέγων
2428 3227 2523 3290 τὰς
2545 3222 2872 3298 θεωνυμίας,
2900 3223 3186 3299 ἀποσχίζει
3219 3219 3428 3285 ἀσεϐῶς
3455 3223 3554 3292 τὴν
3585 3221 3710 3276 ἐνό-

310 3312 596 3368 unitatem
628 3314 937 3369 adorandae
968 3313 1290 3371 Trinitatis.

385 3405 520 3459 Hec
543 3402 676 3458 dicit
706 3403 802 3474 qui
829 3411 924 3460 est.
959 3404 1291 3462 Notandum
1324 3409 1412 3460 est
1442 3409 1708 3461 sanctum
1742 3407 1952 3478 Diony-

311 3491 467 3546 sium
501 3493 808 3549 admittere
836 3493 1248 3566 Apocalypsim
1280 3495 1466 3550 sancti
1495 3495 1740 3552 Joannis
1779 3513 1951 3552 evan-

2054 3335 2192 3385 τητα
2219 3321 2320 3383 τῆς
2349 3321 2726 3390 προσκυνητῆς
2757 3311 3010 3388 Τριάδος.

2127 3401 2267 3460 Τάδε
2319 3402 2462 3480 λέγει
2522 3404 2550 3458 6
2603 3401 2699 3460 ὣν.
2762 3403 3132 3477 Σημειωτέον,
3190 3400 3272 3457 ὅτι
3333 3398 3550 3477 δέχεται
3596 3401 3704 3468 τὴν

2059 3490 2422 3566 Ἀποκάλυψιν
2454 3496 2550 3547 τοῦ
2581 3490 2631 3546 ἐν
2664 3491 2838 3568 ἀγίοις
2872 3492 3126 3547 Ἰωάννου
3179 3494 3277 3546 τοῦ
3316 3487 3709 3565 εὖαγγελιστοῦ

305 3581 574 3654 gelistae:
623 3581 744 3639 illic
786 3583 942 3638 enim
992 3583 1102 3639 hoc
1150 3583 1373 3640 dictum
1417 3585 1724 3657 reperitur.
1776 3585 1941 3642 Porrc

2067 3581 2086 3635 δ
2118 3581 2272 3656 ἅγιος
2307 3581 2464 3644 οὗτος
2497 3580 2794 3636 Διονύσιος·
2830 3580 2942 3635 ἐκεῖ
2960 3580 3063 3657 γάρ
3095 3580 3204 3634 ἐστι
3233 3581 3296 3635 τὸ
3323 3579 3486 3656 ῥητὸν
3512 3583 3704 3636 τοῦτο.

301 3675 575 3729 sanctum
588 3672 932 3746 Dionysium
953 3689 1237 3745 cognosse
1254 3673 1517 3729 divinum
1529 3674 1948 3746 evangelistam

301 3762 444 3817 dum
475 3761 534 3816 in
569 3762 770 3817 Patmo
797 3762 1160 3818 versabatur.
1193 3763 1293 3818 ubi
1324 3763 1498 3819 etiam
1535 3764 1948 3838 Apocalypsim

298 3849 461 3917 vidit,
495 3850 686 3906 disces
718 3868 953 3923 quoque
1000 3852 1243 3907 inferius
1288 3868 1356 3907 ex
1403 3853 1652 3925 cpistola
1695 3854 1948 3924 decima,

299 3954 474 4008 quam
500 3939 572 3992 ad
595 3939 791 4009 ipsum
815 3946 1085 3996 sanctum
1105 3941 1522 4014 evangelistam
1536 3943 1943 4016 ettheologum

296 4025 584 4081 Joannem
615 4027 869 4097 scripsit.

369 4114 790 4184 Prophetarum.
826 4115 1002 4171 David
1035 4116 1144 4172 hoc
1174 4117 1338 4175 dicit.

373 4203 483 4272 Qui
509 4210 610 4273 est,
641 4204 737 4274 qui
765 4221 801 4259 a
827 4205 1012 4259 Patre.
1042 4204 1358 4261 Considera
1386 4209 1680 4278 quomodo
1709 4214 1943 4267 senten-

302 4292 441 4348 tiam
472 4291 626 4350 hanc
655 4291 890 4364 referat,
922 4309 1038 4348 non
1072 4294 1227 4349 enim
1259 4294 1339 4350 ita
1369 4295 1638 4352 habetur.

2056 3672 2180 3725 Ὅτι
2239 3668 2316 3741 δὲ,
2374 3669 2460 3725 ὅτε
2517 3670 2582 3739 ἦν
2643 3670 2694 3725 ἐν
2755 3672 2963 3744 Πάτμῳ
3020 3671 3048 3724 6
3093 3674 3235 3733 θεῖος
3293 3667 3706 3745 εὖαγγελιστὴς,

2056 3758 2191 3814 ὅπου
2240 3759 2329 3814 καὶ
2384 3759 2481 3828 τήν
2533 3756 2906 3833 Ἀποκάλυψιν
2956 3755 3114 3826 εἶδεν,
3149 3756 3428 3834 ἰγίνωσκεν
3462 3757 3490 3810 6
3549 3757 3710 3832 ἅγιος

2055 3849 2352 3918 Διονύσιος,
2382 3847 2472 3904 καὶ
2501 3853 2663 3904 τοῦτο
2693 3850 2910 3922 μαθήσῃ
2937 3846 3085 3902 κάτω
3111 3846 3169 3902 ἐκ
3190 3849 3290 3912 τῆς
3319 3846 3351 3900 ι’
3381 3845 3708 3916 ἐπιπολῆς,

2052 3939 2122 4007 ἧς
2169 3935 2426 4013 ἔγραψεθτ
2474 3939 2610 4015 πρὸς
2650 3937 2808 3993 αὐτὸν
2838 3935 2930 3992 τὸν
2964 3939 3116 4013 ἅγιον
3153 3932 3547 4012 εὐαγγελιοτὴν
3608 3935 3704 3991 καὶ

2052 4026 2306 4102 θεολόγον
2339 4025 2616 4098 Ἰωάννην.

2122 4122 2449 4192 Προφητῶν.
2473 4118 2533 4175 Ὀ
2565 4113 2729 4172 Δαυὶδ
2756 4120 2918 4172 τοῦτο
2950 4113 3120 4192 λέγει.

2123 4206 2200 4262 Τὸ
2283 4206 2365 4278 ὃν,
2451 4206 2481 4260 ὃ
2565 4206 2712 4281 παρὰ
2783 4209 2880 4260 τοῦ
2957 4202 3189 4279 Πατρός.
3259 4201 3574 4276 Ἐπίσχεψαι
3631 4203 3702 4270 ⁸³,

2049 4295 2167 4354 πῶς
2220 4314 2354 4367 φησι
2410 4294 2507 4362 τήν
2566 4299 2768 4369 χρῆσιν
2821 4290 3044 4364 ταύτηνο
3106 4290 3169 4346 οὗ
3226 4290 3329 4366 γὰρ
3360 4291 3576 4369 φέρεται
3604 4293 3701 4344 νῦν

2050 4381 2243 4445 οὕτως.

368 4470 600 4526 Summa
629 4470 857 4541 deitate,
889 4469 987 4527 Gr.
1017 4469 1117 4538 τὴν
1147 4468 1426 4545 θεαρχίαν.
1462 4475 1525 4528 In
1558 4473 1692 4532 aliis
1733 4477 1941 4534 codici-

2125 4472 2238 4540 Τὴν
2274 4473 2553 4548 θεαρχίαν.
2577 4474 2664 4529 ’Ev
2689 4469 2884 4536 ἄλλοις
2914 4471 3208 4548 θεαρχικὴν
3244 4471 3410 4541 ζωήν.

297 4560 408 4615 bus
440 4559 692 4616 habetur
723 4559 1021 4633 θεαρχικήν
1053 4559 1219 4630 ζωήν.

367 4649 441 4703 De
469 4649 572 4704 Deo
604 4647 702 4720 qui
733 4653 911 4704 Deum
940 4649 1324 4720 genuit.Nota,
1353 4664 1488 4706 eum
1518 4652 1810 4723 appellare
1841 4655 1945 4710 Pa-

2125 4651 2388 4728 Θεογόνου
2469 4651 2725 4723 θεότητος
2762 4696 2776 4709 .
2877 4650 3195 4725 Σημείωσαι
3279 4649 3363 4706 ὅτι
3446 4648 3700 4726 θεογόνον

296 4742 446 4793 trem
478 4736 843 4793 divinitatem
877 4754 1004 4810 quae
1033 4737 1219 4794 Deum
1250 4739 1538 4810 genuit,et
1567 4740 1941 4814 Unigenitum

2067 4742 2282 4813 ieé'rq'ta
2324 4743 2454 4818 φησὶ
2513 4741 2604 4796 τὸν
2664 4741 2895 4818 Πατέρα,
2942 4742 3032 4796 καὶ
3091 4741 3272 4811 υἱικὴν
3332 4740 3564 4810 θεότητα
3603 4741 3698 4795 τὸν

294 4825 535 4882 filialem
563 4826 952 4882 divinitatem.

365 4915 583 4984 Fusius,
617 4916 714 4972 Gr.
747 4911 1080 4988 διεξοδικῶς.
1113 4920 1223 4973 Pro
1253 4913 1627 4991 πλατυτέρως,
1659 4918 1858 4978 latius.

367 5004 563 5059 Omnia
587 5021 690 5076 per
715 5004 1071 5078 ipsumNota
1101 5007 1278 5078 quod,
1303 5007 1440 5061 dum
1475 5007 1616 5062 dicit
1646 5008 1844 5064 omnia
1873 5026 1941 5066 ex

294 5088 410 5146 Deo
432 5107 583 5157 esse,
617 5097 801 5149 totam
824 5093 1186 5151 divinilalem
1208 5094 1692 5166 comprehensive
1717 5095 1939 5167 signiﬁ-

2050 4836 2323 4905 Μονογενῆ
2333 4874 2347 4888 .

2121 4916 2464 4989 Διεξοδικῶς.
2500 4919 2646 4975 Ἀντὶ
2673 4922 2771 4974 τοῦ
2809 4917 3178 4993 πλατυτέρως.

2119 5009 2199 5064 Τὰ
2248 5009 2418 5062 πάντα
2475 5005 2545 5063 δι’
2601 5007 2786 5063 αὐτοῦ.
2843 5009 3188 5081 Σημείωσαι,
3236 5005 3360 5062 ὅταν
3415 5003 3555 5082 λέγῃ
3614 5005 3701 5062 ὅτι

2045 5096 2112 5151 τὰ
2160 5096 2329 5152 πάντα
2361 5097 2420 5152 ἐκ
2464 5101 2559 5153 τοῦ
2583 5101 2717 5154 Θεοῦ
2765 5097 2898 5170 ἐστι,
2949 5095 3364 5175 περιληπτικῶς
3401 5098 3502 5166 τὴν
3557 5093 3697 5166 ὅλην

1268 5276 1503 5332 νΑΒΙλΕ
1541 5277 1935 5335 LECTIONES
1973 5279 2065 5336 ET
2105 5279 2666 5338 CORRECTIONES.

366 5431 412 5517 '3'
441 5449 530 5517 γρ.
565 5429 1108 5517 ἀνομάτων,-χρῇται
1141 5434 1540 5517 τῇηλέξει,ρξνα.
1572 5509 1590 5517 Δ
1617 5439 1662 5517 δξ
1687 5457 1774 5512 γρ.
1807 5441 1936 5517 τῶν-
1975 5438 2307 5517 προσώπων.
2382 5442 2433 5517 ⁸⁸.
2471 5462 2558 5517 γρ.
2606 5440 2749 5517 οὕτω
2795 5443 2885 5498 καὶ
2933 5448 3014 5516 τῷ
3042 5443 3172 5517 ﬂii),
3201 5442 3265 5498 τὸ
3294 5443 3440 5510 Υἱὸς,
3471 5442 3565 5517 xui
3618 5446 3699 5515 τῷ

296 5501 763 5591 ἁγίιξῖινεύματι,
793 5502 856 5558 τὸ
891 5501 1137 5591 ξ’]νεῦμαλ
1392 5501 1535 5591 ’ὅληγ
1569 5501 1815 5591 θεότητα.
1853 5580 1863 5591 Ι
1893 5511 1936 5544 ⁸⁷
1965 5501 2056 5585 γρ,
2087 5511 2251 5585 μέγας
2282 5501 2557 5576 Διονύσίὸς
2588 5516 2771 5586 οὗτος,
2807 5501 3024 5591 μαθήσῇ
3056 5501 3261 5578 ἕν’ταῖς
3317 5501 3696 5587 Ἐπιστολαῖς,

291 5571 389 5644 τῆν
415 5571 648 5644 ’δεκάτην
680 5571 1084 5650 ἀναγινώσκων,
1111 5579 1172 5646 ἣν
1203 5571 1417 5652 ἔγραψε.
1493 5571 1536 5616 δι’
1565 5599 1651 5652 γρ.
1687 5571 2024 5653 έημείωσαίί
