4000 6200
287 316 395 371 213

1050 319 1108 370 8.
1149 318 1419 372 MAXIM!
1459 319 1763 372 SCHOLIA
1801 321 1874 372 IN
1914 320 2047 372 LIB.
2087 321 2182 372 DE
2221 321 2492 374 DlVlNlS
2531 321 2940 375 NOMlNlBUS.

3594 321 3700 375 214

287 439 517 510 θεότητα
578 436 855 511 σημαίνει,
911 436 1155 494 τουτέστι
1185 439 1283 507 τὴν
1345 439 1502 513 ἆγίαν
1550 438 1769 512 Τριάδα·
1813 438 1924 494 ὅταη

2054 445 2165 510 cat,
2192 442 2250 497 id
2280 448 2370 498 est
2399 447 2662 498 sanctam
2686 443 3028 498 Trinitatem
3054 459 3066 498 :
3114 445 3349 515 quando
3379 449 3572 501 autem
3614 445 3706 500 di-

287 526 345 583 δὲ
400 531 557 606 φῇσθ,
607 527 674 582 τὰ
729 528 904 583 πάντα
961 525 1030 582 δι’
1087 527 1253 582 αὐτοῦ
1311 528 1401 582 καὶ
1449 528 1525 590 εἰς
1584 528 1744 584 αὐτὸν
1798 525 1938 583 ἕκτιο

286 638 422 685 παι,
503 613 816 686 διεξοδικῶς
887 618 1014 693 περὶ
1086 621 1194 672 τῶν
1257 616 1602 672 ὑποστάσεων
1668 616 1938 689 σημαίνει⁸

282 711 443 761 τοῦτο
469 705 580 781 γὰρ
611 705 688 767 εἰς
719 705 811 761 τόν
846 703 1243 780 δημιουργικὸν
1267 705 1428 782 λόγον
1456 703 1702 776 ἐδέξαντο
1724 705 1938 769 πάντες.

353 798 451 853 Καὶ
486 795 676 854 αὐτοῦ.
701 797 813 852 Τοῦ
844 796 1030 870 Λόγου
1060 793 1341 866 δηλονότι.

352 889 700 946 Κοινωνικῶς
729 887 817 939 καί
850 884 1172 957 ἡνωμένως.
1209 884 1521 958 Σημείωσαι
1552 882 1634 938 ὅτι
1685 905 1936 938 κοινωνιο

282 978 390 1036 κῶς
418 973 633 1042 ἥνωται
657 974 725 1028 τὰ
751 980 851 1042 τῆς
881 973 1036 1050 ἁγίας
1058 971 1306 1048 Τριάδος.

353 1063 464 1123 Τὰς
493 1063 800 1138 Θεουργίας.
862 1065 994 1118 Οῖον
1050 1063 1135 1128 τὸ,
1201 1063 1346 1136 Ἐγὼ
1405 1062 1456 1116 ἐν
1499 1061 1774 1133 Πνεύματι
1806 1065 1940 1116 Θεοῦ

2051 530 2150 602 cit,
2183 531 2370 588 omnia
2393 548 2490 603 per
2517 531 2700 603 ipsum
2724 537 2774 587 et
2805 532 2866 586 in
2890 533 3008 602 ipso
3037 541 3240 600 creata,
3273 533 3343 588 de
3373 533 3698 590 subsisten-

2051 620 2146 675 tiis
2180 621 2305 676 tuse
2353 621 2680 693 significat;
2745 622 2853 676 hoc
2914 621 3071 676 enim
3122 637 3327 678 omnes
3385 623 3454 678 de
3511 622 3698 680 Verbo

2047 709 2282 763 creandi
2313 708 2525 764 virtute
2561 709 2801 780 praedito
2837 717 3208 781 acceperunt.

2118 798 2184 853 Et
2217 797 2412 866 ipsius.
2449 798 2683 854 Scilicet
2714 797 2911 853 Verbi.

2121 887 2601 943 Communicative
2631 891 2680 942 et
2711 887 3150 943 anite.Adverte
3183 886 3464 943 attributa
3485 890 3697 943 sanctas

2048 976 2355 1032 Trinitatis
2386 976 2780 1032 communiter
2812 977 2979 1031 unita
3009 992 3158 1032 esse.
3576 999 3584 1004 ·

2119 1065 2436 1120 Divinitatis
2467 1064 2871 1137 operas.Veluti
2906 1083 2918 1119 :
2955 1067 3071 1135 ligo
3094 1065 3153 1119 in
3176 1064 3389 1136 Spiritu
3413 1066 3514 1121 Dei
3533 1062 3695 1133 eiicio

282 1146 539 1207 ἐκϐάλλω
618 1153 688 1205 τὰ
765 1149 1056 1223 δαιμόνια’
1128 1152 1190 1206 τὸ
1249 1146 1425 1219 σέϐας,
1486 1151 1560 1212 ὡς
1601 1150 1684 1204 τό’
1735 1150 1827 1214 Εἷς
1875 1151 1924 1205 τε

2045 1153 2318 1209 daemonia
2342 1155 2411 1226 (0)
2459 1154 2894 1210 venerationem
2931 1159 2996 1209 ut
3030 1171 3042 1210 :
3099 1154 3205 1222 Qui
3237 1154 3698 1226 btasphemaverit

280 1242 428 1316 ἅγιον
493 1245 715 1313 Πνεῦμα
788 1240 1248 1318 βλασφημήσαντι
1310 1239 1408 1295 οὐκ
1464 1240 1826 1314 ἀφεθήσεται·
1875 1239 1924 1294 τε

2045 1243 2106 1298 in
2135 1242 2412 1314 Spiritum
2441 1251 2722 1313 sanctum,
2752 1260 2865 1299 non
2898 1243 3214 1299 remittetur
3245 1244 3316 1314 (ᾳ)
3349 1259 3362 1298 :

280 1328 335 1384 δὲ
361 1334 472 1385 τῶν
507 1327 752 1404 δωρεῶν,
799 1329 923 1398 ἦτοι
975 1334 1084 1384 τῶν
1131 1329 1508 1405 χαρισμάτων,
1549 1328 1601 1383 ἂν
1633 1333 1710 1400 τῷ
1736 1328 1934 1404 λέγειν·

278 1420 528 1491 Λήψεσθε
559 1416 786 1490 δύναμιν
815 1415 1143 1482 ἐπελθόντος
1175 1422 1272 1474 τοῦ
1311 1417 1464 1493 ἁγίου
1494 1417 1807 1491 Πνεῦματος
1853 1415 1935 1491 ἐφ’

288 1509 443 1563 ὑμᾶς.

281 1529 310 1563 υ
362 1529 394 1560 α
429 1550 443 1563 .

318 1529 456 1664 μ’Ττῖν
509 1595 751 1670 πηγαίαν
787 1637 802 1663 ,
859 1591 1088 1670 Εἴρηται
1146 1595 1196 1650 ἐν
1256 1598 1418 1669 [τοῖς]
1471 1595 1749 1669 Ψαλμοῖς.
1808 1599 1928 1653 ’Ὁτι

275 1685 424 1759 παρὰ
477 1685 562 1738 σοὶ
623 1685 773 1759 πηγὴ
828 1689 996 1753 ζωῆς,
1027 1685 1115 1740 καὶ
1148 1683 1200 1738 ὲν
1249 1685 1503 1758 Ἱερεμίᾳ.
1547 1685 1685 1758 Ἐμὲ
1743 1683 1928 1759 ἐγκατ-

3406 1243 3468 1296 τὸ
3502 1239 3560 1297 δὶ
3587 1247 3692 1297 τῶν

2045 1327 2588 1404 δωρεῶνωιαηεναηι
2619 1347 2720 1387 seu
2755 1331 3362 1400 cbarismatum,dum
3394 1333 3512 1388 ait:
3537 1333 3692 1389 Acci-

2041 1421 2205 1493 pietis
2248 1421 2510 1478 virtutem
2533 1421 2778 1493 Spiritus
2807 1421 2996 1478 sancti
3040 1421 3096 1476 in
3128 1437 3215 1476 vos
3239 1421 3330 1493 (q).

2110 1600 2417 1656 Fontanam
2447 1615 2541 1655 seu
2597 1599 3012 1656 scaturientem.
3041 1599 3265 1655 Dicitur
3289 1599 3347 1654 in
3391 1599 3636 1655 Psalmis
3671 1616 3682 1655 :

2038 1687 2183 1757 Quia
2212 1689 2361 1760 apud
2393 1693 2443 1744 te
2468 1692 2596 1759 fons
2618 1688 2753 1746 vitae
2781 1691 2872 1759 (r),
2924 1689 3076 1745 109
3109 1693 3166 1744 et
3197 1688 3255 1744 in
3287 1687 3538 1745 Jeremia
3569 1703 3582 1743 :
3608 1689 3686 1744 Me

276 1771 469 1828 ἔλιπον
537 1773 727 1846 πηγὴν
801 1769 994 1834 ὕδατος
1055 1776 1279 1841 ζῶντος.
1328 1774 1390 1829 Ὀ
1445 1773 1536 1826 οῦν
1595 1773 1721 1834 Θεὸς
1778 1770 1924 1848 λέγε-

2045 1776 2668 1848 deretiquerunt/Ontem
2688 1792 2850 1848 aquae
2865 1777 3008 1834 viva?
3028 1777 3278 1849 (s).Deus
3308 1792 3444 1850 ergo
3473 1776 3688 1832 dicitur

271 1883 361 1918 ται
388 1862 569 1936 πηγὴ,
603 1863 695 1915 οἷά
721 1881 807 1922 τις
839 1862 1020 1936 μήτρα
1045 1861 1136 1916 καὶ
1169 1861 1317 1936 ἀρχὴ
1347 1861 1436 1915 καὶ
1468 1859 1613 1915 αῒτία
1659 1865 1765 1915 τῶν
1826 1881 1926 1938 φα-

273 1953 472 2006 νὲντων
517 1950 609 2005 καὶ
661 1947 1042 2023 προελθόντων
1093 1949 1167 2011 είς
1198 1948 1382 2004 οὐσίαν
1411 1948 1678 2004 ἀπάντων·
1739 1947 1772 2002 ἃ
1825 1950 1926 2024 γὰρ

272 2039 458 2095 καλεῖν
489 2037 713 2102 εἰώθασί
741 2058 886 2100 τινες
933 2037 1222 2106 καθολικὰ,
1281 2037 1406 2106 ἤτοι
1461 2039 1612 2113 γὲνη,
1663 2040 1699 2108 ἢ
1734 2036 1858 2104 ὅλα,
1889 2037 1923 2107 ἢ

273 2130 623 2204 περιέχοντα,
684 2128 774 2182 ἅτε
820 2124 1194 2201 περιληπτικᾶ
1235 2130 1342 2180 τῶν
1378 2130 1616 2201 μερικῶν
1647 2124 1698 2196 ἐξ
1748 2125 1922 2180 αὐτῶν

271 2213 547 2292 προόδων,
597 2220 766 2271 ταῦτα
796 2216 850 2270 αἱ
878 2217 1016 2270 θεῖαι
1064 2214 1271 2293 Γραφαὶ
1318 2215 1553 2289 πηγαίαν
1594 2215 1770 2270 αἰτίαν
1825 2237 1925 2291 φα-

267 2304 338 2360 σί·
390 2303 484 2360 διὰ
524 2307 587 2360 τὸ
637 2301 1034 2379 δημιουργικὸν
1065 2304 1246 2358 τοίνυν
1291 2303 1382 2358 καὶ
1432 2303 1780 2358 ἀνέκλειπτον
1816 2309 1922 2359 τῶν

272 2392 356 2449 διὰ
382 2398 485 2448 τοῦ
517 2392 831 2464 Πνεῦματος
884 2391 1281 2469 ὑφισταμένων,
1320 2391 1410 2446 καὶ
1465 2390 1547 2446 ὅτι
1595 2393 1656 2446 τὸ
1706 2397 1926 2464 Πνεῦμα

265 2484 327 2538 τὸ
384 2483 543 2557 ἅγιον
595 2482 685 2536 καὶ
744 2481 874 2536 αὐτὸ
933 2483 1192 2554 [πάντων]
1238 2485 1345 2535 τῶν
1393 2475 1561 2535 ὅντων
1595 2480 1788 2548 αἴτιον,
1850 2481 1925 2544 ὡς

265 2573 355 2626 καί
388 2571 442 2626 ἐν
473 2574 543 2643 τῇ
575 2569 758 2641 Σοφίᾳ
789 2567 1023 2643 εἴρηται,
1077 2568 1301 2632 εἰκότως
1349 2569 1437 2623 καὶ
1494 2571 1730 2644 πηγαίαν
1790 2570 1923 2626 αὐτὸ

263 2660 442 2715 αἰτίαν
477 2661 746 2732 Θεολογεῖ’
804 2659 867 2713 τὸ
925 2655 982 2712 δὲ
1012 2657 1360 2713 ἀνέκλειπτον
1411 2662 1507 2711 τοῦ
1566 2655 1920 2734 δημιουργεῖν

261 2749 462 2813 ἐκεῖθεν
497 2749 694 2817 νόησον
728 2747 805 2810 εἰς
830 2748 913 2802 τό’
983 2748 1046 2804 Ὀ
1102 2748 1297 2822 Πατήρ
1362 2768 1454 2820 μοι
1485 2744 1589 2810 ἕως
1613 2745 1734 2823 ἄρτι
1761 2746 1921 2822 ἐργά-

271 2839 438 2907 ζεταί,
489 2837 642 2912 κάγὼ
668 2834 982 2912 ἐργάζομαι.
1038 2835 1298 2898 ὡσαύτως
1347 2835 1437 2890 καὶ
1475 2837 1538 2890 τὸ
1584 2841 1802 2909 Πνεῦμα
1858 2839 1921 2891 τὸ

269 2929 439 3003 ἅγιον,
471 2925 568 2980 σὺν
599 2925 680 2995 τῷ
732 2924 924 2998 Πατρὶ,
977 2925 1064 2979 καὶ
1105 2929 1187 2996 τῷ
1212 2925 1322 2996 Υἱῷ
1353 2925 1434 2979 ἀεὶ
1466 2925 1742 3000 ἐργάζεται
1773 2927 1923 2980 ἀνεκ-

270 3015 530 3077 λείπτως·
568 3011 778 3090 εἴρηται
809 3015 930 3088 γάρ’
978 3011 1390 3086 Ἐξαποστελεῖς
1432 3015 1495 3069 τὸ
1535 3016 1757 3087 Πνεῦμά
1801 3035 1918 3088 σου,

265 3106 351 3160 καὶ
381 3105 792 3173 κτισθήσονται.

332 3285 488 3353 §.u.

263 3369 674 3449 ἀδιαστρόφοιςο
727 3365 916 3438 ἐπειδὴ
960 3367 1048 3424 καὶ
1081 3369 1133 3423 οἱ
1188 3368 1449 3443 αἱρετικοὶ
1498 3370 1917 3445 ἀναγινώσκουσι

265 3461 354 3523 τὰς
411 3460 656 3538 Γραφᾶς,
697 3457 787 3514 καὶ
849 3457 1192 3536 ἐντρέφονται
1248 3457 1303 3512 ὲν
1353 3456 1562 3529 αὐταῖς,
1619 3457 1709 3513 καὶ
1767 3457 1917 3532 ὅμως

267 3549 680 3627 διαστρέφουσιν
714 3546 957 3609 ἑαυτούς.

339 3643 686 3714 Θεοπρεποῦς
746 3634 1062 3713 διαιρέσεως
1095 3680 1107 3694 .
1171 3642 1456 3711 Θεοπρεπῆ
1517 3633 1772 3710 διαίρεσιν
1832 3636 1920 3691 ἐπὶ

265 3733 364 3796 τῆς
398 3729 564 3804 ἆγίας
618 3724 847 3803 Τριάδος
883 3727 984 3794 τήν
1044 3727 1168 3798 περὶ
1215 3729 1321 3779 τῶν
1368 3726 1707 3780 ὑποστάσεων
1761 3726 1921 3800 ἀσύγ-

267 3839 435 3895 χυτον
468 3816 574 3894 ἔφη
604 3821 826 3891 γνῶσινο
876 3815 966 3869 καὶ
1017 3812 1100 3869 ὅτι
1141 3813 1202 3869 οὗ
1235 3814 1346 3889 χρὴ
1389 3814 1686 3892 φροντίζειν
1719 3815 1920 3869 πείθειν

261 3908 392 3971 τοὺς
425 3909 503 3979 μή
537 3903 874 3980 δεχομένους
901 3904 1002 3972 τὴν
1028 3903 1169 3957 θείαν
1193 3904 1432 3980 Γραφήν.
1465 3904 1535 3958 Τὸ
1577 3903 1676 3978 γὰρ
1726 3907 1924 3966 κοινῶς

264 3997 352 4053 ἐπὶ
400 4003 503 4066 τῆς
550 3995 708 4068 ἁγίας
750 3989 978 4068 Τριάδος
1023 3991 1301 4067 θεολογεῖν
1351 3991 1455 4046 οὐκ
1500 3987 1610 4046 ἔστι
1657 3990 1920 4067 σύγχυσιν

266 4085 500 4163 εἰσάγειν
526 4084 640 4138 τῶν
672 4080 1034 4137 ὑποστάσεων.

337 4173 462 4232 Ἐπὶ
489 4174 590 4242 τήν
643 4170 990 4245 θεολογικήν.
1043 4167 1380 4245 Θεολογικὴν
1429 4169 1736 4243 ἐπιστήμην
1782 4169 1921 4225 ἀνω-

263 4265 406 4338 τὲρω
437 4261 564 4336 περὶ
595 4264 730 4316 Θεοῦ
756 4257 1118 4336 διηγούμενος
1136 4261 1202 4324 ⁸ο,
1235 4257 1334 4313 οὐκ
1362 4253 1464 4336 ἔφη
1518 4261 1685 4328 αὐτὴν
1703 4261 1745 4297 οι
1807 4257 1922 4314 ἐπι.

269 4356 490 4426 στήμην
549 4350 717 4405 εἶναι’
779 4347 1006 4404 ἰνταῦθα
1058 4345 1116 4402 δὲ
1167 4349 1234 4402 τὰ
1289 4349 1413 4422 περὶ
1471 4347 1752 4424 θεολογίας
1812 4348 1924 4404 ἐπι-

267 4444 486 4514 στήμην
523 4439 712 4517 φησίν.
745 4438 1057 4509 Ἐπιστήμη
1100 4433 1158 4490 δέ
1188 4434 1300 4490 ἐστι
1332 4433 1458 4506 δόξα
1484 4436 1618 4512 ὀρθὴ
1669 4436 1920 4513 λογισμῷ

268 4528 484 4595 δεθεῖσα
505 4531 570 4600 θ’,
611 4529 640 4597 ἢ
693 4525 859 4601 λόγος
887 4524 1100 4595 ἀληθής
1122 4525 1206 4579 ἐπὶ
1242 4522 1482 4578 διάνοιαν
1513 4524 1920 4598 ἀμετάπτωτος,

2034 1867 2178 1936 fons,
2210 1865 2388 1921 veluti
2421 1866 2636 1922 matrix
2668 1866 2866 1936 aliqua
2915 1871 2972 1922 et
3027 1866 3381 1938 principium
3421 1872 3477 1922 et
3507 1882 3686 1922 causa

2037 1955 2301 2010 omnium
2323 1971 2450 2026 qua
2471 1959 2756 2026 apparent
2773 1959 2828 2010 et
2863 1956 2934 2010 ad
2966 1955 3366 2012 exsistentiam
3389 1955 3685 2028 progredi-

2037 2046 2220 2098 untur
2245 2060 2257 2097 :
2282 2043 2572 2115 siquidem
2599 2060 2724 2114 quea
2739 2043 2920 2114 aliqui
2943 2043 3132 2099 solent
3151 2060 3356 2100 vocare
3379 2045 3678 2099 universa-

2032 2131 2241 2199 lia,seu
2261 2131 2594 2203 genera,vel
2629 2137 2771 2199 tota,
2806 2131 2891 2188 vel
2925 2133 3308 2197 continentia,
3344 2132 3521 2188 veluti
3547 2150 3673 2203 qua:

2033 2220 2498 2292 complectuntur
2516 2220 2793 2292 partiales
2810 2237 2879 2275 ex
2901 2221 3048 2292 ipsis
3078 2231 3419 2276 emananles
3444 2239 3675 2293 proces-

2032 2309 2250 2378 siones,
2272 2308 2394 2364 haec
2415 2309 2626 2364 divina:
2657 2309 2972 2380 Scriptum
2999 2309 3299 2364 fontanam
3324 2326 3560 2365 causam
3587 2311 3676 2365 di-

2032 2403 2207 2466 cunt;
2241 2413 2376 2468 ergo
2400 2413 2501 2468 per
2526 2398 2758 2451 creandi
2787 2398 3122 2452 facultatem
3149 2410 3206 2452 et
3229 2397 3543 2452 carentiam
3577 2399 3676 2453 de-

2033 2487 2219 2542 fectus
2241 2502 2440 2542 eorum
2457 2503 2581 2556 qua:
2607 2485 2998 2556 perSpiritum
3027 2491 3296 2540 sanctum
3319 2487 3674 2554 subsistunt,

2031 2576 2294 2647 otipsum
2319 2591 2549 2647 quoque
2571 2575 2853 2646 Spiritum
2883 2573 3673 2648 sanctum[omniumjrerum

2030 2681 2158 2722 esse
2180 2669 2499 2726 auctorem.
2525 2665 2678 2719 sicut
2707 2664 2763 2718 in
2791 2665 3084 2736 Sapientia
3102 2665 3336 2729 dicitur,
3362 2663 3674 2735 probabili-

2030 2758 2114 2806 ter
2142 2752 2315 2806 etiam
2343 2750 2538 2821 ipsum
2574 2751 2872 2805 fontanam
2898 2767 3026 2806 esse
3065 2765 3330 2817 causam,
3368 2755 3429 2806 ut
3458 2753 3527 2806 de
3558 2752 3673 2807 Deo

2029 2840 2300 2895 disserit:
2333 2839 2788 2911 perpetuitatem
2829 2855 2962 2895 vero
2993 2840 3228 2896 creandi
3261 2857 3328 2896 ex
3358 2855 3425 2896 eo
3458 2839 3672 2896 intelli-

2028 2944 2139 3001 ge:
2173 2931 2342 2983 Pater
2369 2943 2523 2982 meus
2549 2943 2721 2998 usque
2778 2928 2943 2983 modo
2999 2932 3278 3000 cperatur,
3338 2937 3391 2984 et
3425 2944 3517 3000 ego
3546 2945 3672 3000 ope-

2027 3034 2120 3074 ror
2147 3017 2214 3088 (t)
2244 3035 2263 3072 :
2293 3015 2566 3073 similiter
2593 3016 2769 3071 etiam
2802 3015 3057 3088 Spiritus
3083 3022 3484 3084 sanctus,cum
3513 3017 3676 3074 Patre

2026 3111 2084 3162 et
2117 3105 2254 3161 Filio
2286 3121 2516 3176 semper
2535 3108 2848 3174 Operatur;
2879 3105 3100 3161 dictum
3123 3109 3213 3162 est
3227 3106 3386 3162 enim
3410 3121 3424 3162 :
3449 3105 3675 3161 Emitte:

2024 3195 2296 3266 Spiritum
2326 3202 2501 3260 tuum,
2533 3195 2585 3248 et
2631 3193 2973 3249 creabantur
3001 3194 3103 3264 (ιι).

572 3278 989 3358 Ἀδιαστρόφοις
1060 3278 1330 3343 ἐννοίαις.
1407 3277 1602 3343 Καλῶς
1678 3279 1795 3335 εἷπε
1856 3282 1920 3336 τὸ

2103 3283 2234 3353 §Il.
2284 3284 2455 3339 Haud
2482 3281 2761 3353 perversis
2819 3281 3229 3352 intettigcntiis.
3285 3282 3460 3338 Recte
3505 3281 3671 3350 dixit,

2031 3389 2145 3428 non
2180 3387 2486 3443 perversa;
2512 3370 2788 3442 quoniam
2823 3370 3079 3426 haeretici
3105 3369 3673 3443 leguntScripturas,

2029 3466 2086 3516 et
2117 3462 2174 3516 in
2207 3459 2350 3532 ipsis
2381 3461 2710 3516 educantur
2736 3484 2750 3526 ;
2781 3464 3042 3515 attamen
3072 3458 3296 3530 seipsos
3317 3463 3674 3531 pervertunt.

2102 3637 2483 3695 Distinctionis
2516 3639 2620 3693 Deo
2652 3636 2858 3706 dignae.
2895 3636 3140 3708 Dignam
3172 3636 3288 3692 Deo
3319 3636 3670 3695 divisionem

2029 3729 2085 3784 in
2121 3731 2324 3784 sancta
2354 3726 2659 3792 Trinitate,
2694 3742 2807 3780 non
2836 3725 3141 3780 confusam
3163 3725 3234 3778 de
3273 3724 3673 3782 subsistentiis

2029 3817 2425 3890 cognitionem
2458 3815 2603 3870 dixit
2625 3829 2864 3885 ;'neque
2894 3812 3348 3868 incumbendum
3387 3829 3516 3868 esse
3538 3829 3669 3884 per-

2031 3905 2350 3963 suadendis
2381 3904 2454 3959 iis
2485 3905 2584 3974 qui
2620 3903 2983 3974 Scripturam
3017 3901 3293 3972 rejiciunt
3318 3917 3330 3956 :
3358 3917 3492 3957 nam
3518 3918 3672 3957 com-

2032 3995 2289 4051 muniter
2317 3995 2386 4049 de
2414 3996 2618 4048 sancta
2646 3990 2930 4046 Trinitate
2964 3994 3026 4046 ut
3054 3991 3170 4046 Deo
3211 3989 3396 4062 loqui,
3429 3989 3672 4046 minime

2030 4089 2120 4140 est
2151 4099 2532 4156 personarum
2579 4079 2986 4136 confusionem
3037 4079 3334 4135 inducere.
3668 4125 3682 4129 -

2101 4175 2178 4228 Ad
2208 4171 2590 4241 theologicam.
2621 4168 3032 4240 Theologicam
3068 4168 3378 4224 scientiam
3401 4169 3674 4241 superius

2031 4265 2102 4319 de
2131 4262 2247 4318 Deo
2278 4261 2594 4330 disserens,
2629 4275 2746 4314 non
2777 4257 2926 4314 dixit
2956 4258 3144 4329 ipsam
3178 4258 3483 4314 scientiam
3507 4274 3635 4313 esse
3661 4274 3673 4312 :

2030 4351 2126 4405 hic
2153 4367 2289 4405 vero
2323 4350 2616 4405 disserens
2671 4349 2742 4403 de
2792 4347 2864 4402 iis
2909 4363 3037 4418 quin
3099 4362 3429 4402 sermonem
3461 4346 3530 4399 de
3561 4345 3675 4400 Deo

2031 4439 2518 4510 complectuntur,
2535 4437 2840 4493 scientiam
2879 4436 3042 4491 dicit.
3062 4435 3163 4490 Est
3193 4440 3386 4490 autem
3411 4431 3676 4498 scientia,

2032 4534 2189 4585 recta
2217 4529 2414 4600 opinio
2447 4525 2890 4583 ratiocinatione
2917 4525 3147 4592 vincta;
3183 4530 3282 4578 aut
3319 4538 3453 4577 vera
3483 4522 3542 4576 in
3586 4520 3675 4576 in-

261 4621 354 4675 καὶ
408 4621 446 4687 ἡ
477 4611 712 4688 ἀκριϐής
745 4613 952 4686 εῖδησις
979 4611 1077 4668 τοῦ
1107 4615 1426 4689 πράγματος
1451 4613 1541 4668 καὶ
1600 4615 1920 4692 ἀπόφανσις,

301 4709 328 4719 -
439 4705 543 4719 ...
746 4705 760 4719 .
921 4704 933 4719 .
1087 4701 1273 4719 η-.
1357 4701 1510 4719 ...ει
1717 4701 1853 4719 ι...

2045 4617 2265 4674 :ellectu
2301 4617 2448 4672 ratio
2480 4614 2873 4670 immutabilis
2903 4618 2960 4669 et
2989 4617 3263 4669 accurata
3321 4610 3402 4667 rei
3424 4609 3676 4683 cognitio

267 4709 332 4764 οῦ
359 4708 456 4763 καὶ
487 4705 706 4781 λέγεται
743 4704 1045 4775 ἐπιστήμη,
1077 4701 1335 4772 ἀληθείας
1357 4704 1401 4739 ³³
1447 4701 1613 4777 λόγον
1644 4704 1733 4757 καὶ
1764 4701 1918 4775 δόξαν

273 4798 446 4874 όρθήν
476 4789 936 4870 προϐαλλομένη,
973 4793 1048 4864 μή
1081 4787 1310 4864 δεομένη
1345 4798 1444 4861 τῆς
1471 4790 1531 4846 ἐκ
1576 4795 1921 4868 παραθέσεως

260 4886 360 4941 τοῦ
396 4883 597 4958 ὁμοίου
630 4876 1000 4958 βεϐαιώσεως.

333 4977 448 5034 Τὰς
491 4971 636 5037 θείας
673 4968 1046 5049 ἐκεραντορίας.
1105 4969 1493 5046 Ἐκφαντορίας
1538 4972 1668 5047 φησὶ
1719 4974 1813 5034 τὰς
1857 4972 1924 5027 τὰ

266 5065 546 5138 μυστήρια
573 5059 930 5134 ἐκφαινοόσας
959 5055 1331 5122 διδασκαλίας.

335 5155 428 5208 Ἐν
460 5153 675 5211 ἑαυτοῖς
722 5147 1063 5218 ἀπλήθυντα.
1105 5150 1223 5202 ’Ότι
1256 5147 1318 5202 οὐ
1351 5145 1434 5202 δεῖ
1461 5147 1766 5225 παρεξιέναι
1823 5150 1921 5216 τὴν

259 5243 414 5299 θείαν
444 5240 660 5315 Γραφήν
693 5237 746 5292 ἐν
776 5241 856 5308 τῷ
887 5235 1186 5311 θεολογεῖν.

2030 4712 2088 4762 et
2115 4704 2558 4770 demonstratio,
2592 4705 2762 4774 cujus
2793 4703 2968 4758 etiam
3027 4701 3242 4757 dicitur
3283 4698 3548 4766 scientia,
3579 4714 3674 4754 ve-

2033 4795 2222 4850 ritatis
2246 4794 2531 4849 rationem
2564 4798 2621 4848 et
2675 4796 2900 4848 rectam
2945 4789 3280 4862 opinionem
3321 4804 3676 4862 proponens,

2031 4900 2146 4938 non
2179 4882 2451 4954 indigens
2482 4881 2784 4937 additione
2815 4879 3280 4936 confirmationis
3311 4877 3568 4935 asimili.

2101 4972 2303 5028 Divina
2331 4972 2770 5044 explanationes.
2815 4966 3196 5046 Ἐκφαντορίας
3255 4971 3440 5036 vocat,
3499 4965 3678 5024 disci-

2033 5062 2254 5136 plinam
2287 5079 2418 5134 quas
2448 5060 2693 5133 myteria
2713 5060 2969 5132 exponit.

2103 5155 2166 5208 In
2195 5152 2391 5224 seipsis
2420 5151 2542 5207 sine
2562 5150 2868 5207 additione.
2903 5148 3026 5204 Non
3050 5164 3180 5203 esse
3228 5147 3432 5204 leviter
3461 5147 3682 5205 transi-

2035 5242 2285 5314 gendam
2317 5241 2699 5312 Scripturam,
2757 5254 2890 5293 cum
2925 5253 3118 5292 sermo
3158 5237 3232 5294 de
3261 5237 3378 5294 Deo
3409 5237 3680 5295 habetur.

331 5370 413 5441 (0)
437 5369 575 5424 Luc.
606 5381 690 5434 xl,
722 5365 814 5420 20.
847 5365 950 5435 (ρ).
983 5364 1122 5420 Luc.
1156 5381 1262 5435 xu,
1297 5365 1383 5420 10.
1413 5366 1491 5439 (q)
1511 5367 1635 5422 Act.
1669 5384 1708 5435 ι,
1742 5369 1796 5422 8.
1821 5369 1896 5439 (ν)

2045 5368 2078 5424 ι.
2112 5385 2278 5436 xxxv,
2315 5370 2399 5423 10.
2434 5369 2500 5437 (s)
2529 5366 2645 5421 Jer.
2680 5382 2742 5436 ιι,
2783 5365 2864 5419 13.
2900 5364 2965 5437 (ι)
2995 5365 3166 5422 Joan.
3202 5382 3257 5438 ν,
3295 5367 3377 5421 t7.
3411 5365 3494 5438 (ιι)
3526 5361 3679 5421 Psal.

267 5458 399 5512 cm,
430 5441 520 5496 30.

1271 5525 1514 5582 VAHIE
1568 5527 1954 5584 LECTIONES
2002 5530 2090 5584 ET
2135 5525 2683 5584 CORRECTIONES.

332 5629 380 5664 ⁸⁹
406 5645 493 5703 γρ.
527 5623 687 5702 φησί.
765 5625 810 5660 ὀ
835 5641 923 5697 γρ.
957 5617 1373 5696 διαλεγόμενος.
1451 5625 1495 5662 ’ί
1529 5644 1618 5700 γρ.
1653 5624 1835 5684 αὖτόν.
1913 5628 1959 5664 ³³
1991 5646 2079 5701 γρ.
2115 5623 2350 5689 δοθεῖσα.
2427 5626 2471 5661 ’3
2500 5643 2588 5700 γρ.
2623 5621 2826 5695 ἀληθῆ.
