4000 6200
259 302 365 358 215

1074 297 1446 355 ΔΡΡΕΝΒΙΧ
1488 297 1584 350 ΔΙ)
1622 295 1863 350 ΟΡΕΒΔ
1897 296 1957 349 Β.
1997 295 2314 355 DIONYSII
2351 299 2848 358 AREOPAGITE.

3567 297 3679 352 216

335 429 361 493 §
393 425 491 480 Ill.
523 425 590 478 Et
619 437 744 494 quae
787 437 886 494 per
914 424 1330 490 exsuperantia.
1391 420 1498 474 Per
1551 415 1904 474 ablationem
1937 474 1940 481 γ

2091 418 2119 490 Ξ
2165 421 2260 474 ΙΙΙ.
2309 421 2411 476 Καὶ
2462 421 2560 476 ὅσα
2614 428 2715 491 τῆς
2762 422 3132 496 ὑπεροχικῆς.
3185 417 3336 477 Κατὰ
3393 418 3680 498 ἀφαίρεσιν

267 519 463 569 mente
492 513 853 584 superiorem
887 510 1092 566 laudes
1124 512 1221 564 Dei
1248 509 1636 580 pradicatzex
1667 506 1737 560 iis
1758 505 1914 561 enim

271 620 400 674 quae
427 602 489 657 in
522 601 650 672 ipso
683 599 929 655 minime
957 601 1231 654 videntur
1273 597 1740 654 eminentissime
1779 595 1915 650 ado-

2025 503 2156 580 ὑπὲρ
2186 504 2388 563 ἔννοιαν
2419 507 2815 585 δοξολογεῖταιο
2876 509 2937 565 ἐκ
2987 511 3088 585 γὰρ
3145 513 3254 564 τῶν
3317 509 3395 580 μὴ
3451 510 3685 583 θεωρου-

2031 594 2201 666 μένων
2251 597 2375 670 περὶ
2454 599 2619 653 αὐτὸν
2673 594 3225 674 ὑπεραναϐεϐηκότως
3281 602 3689 673 προσκυνεῖται,

270 683 456 758 ratur,
487 689 667 746 veluti
701 693 766 743 ut
803 686 1182 752 immortalis,
1213 691 1278 742 ut
1334 683 1811 753 interminabilis,
1862 688 1920 738 et

2068 685 2140 738 ῐον
2174 685 2249 748 ὡς
2293 687 2573 754 ἀθάνατος,
2622 689 2696 749 ὡς
2725 688 3084 758 ἀτελεύτητος
3134 687 3224 742 καὶ
3277 682 3538 762 ἀόρατος,
3594 686 3688 741 καὶ

270 778 610 842 invisibilis,
642 783 700 833 et
729 778 883 832 110
915 776 1138 830 nullius
1169 775 1466 846 indigens,
1500 779 1557 829 et
1582 779 1791 828 cratera
1837 771 1918 827 si-

277 868 442 925 milia
475 885 487 923 :
513 871 653 924 sunt
683 867 840 922 enim
883 866 1002 920 haec
1032 865 1210 920 etiam
1240 863 1513 918 Trinitati
1543 862 1918 918 communia:

280 974 452 1030 porro
482 971 662 1013 causa?
689 955 964 1010 rationem
996 953 1260 1008 habentia
1292 958 1432 1007 sunt
1477 969 1603 1022 quae
1662 952 1718 1005 in
1765 967 1923 1006 crea-

2028 771 2297 846 ἀνενδεής,
2349 777 2438 831 καὶ
2463 777 2561 831 ὅσα
2593 781 2838 832 τοιαῦτα·
2865 777 3024 832 κοινὰ
3057 776 3158 852 γὰρ
3187 783 3290 846 τῆς
3318 772 3549 850 Τριάδος
3591 775 3683 829 καὶ

2027 867 2216 917 ταῦτα’
2249 862 2591 941 αἰτιολογικᾶ
2621 862 2677 920 δὲ
2702 865 2834 920 εἰσιν
2882 863 2983 919 ὅσα
3031 864 3117 918 ἐπὶ
3165 866 3267 934 τὴν
3318 864 3494 918 κτίσιν
3522 866 3568 900 ⁹⁴
3592 859 3688 939 Ep-

2033 949 2185 1027 ῥευσε
2213 954 2340 1027 παρ’
2399 955 2584 1021 αὐτοῦ,
2631 951 2722 1009 ἅτε
2768 953 2944 1009 αἰτίου
2987 953 3190 1017 παντὸς
3238 951 3436 1025 καλοῦ,
3488 953 3562 1014 ὡς
3592 953 3690 1027 γὲ·

280 1047 439 1102 tione
469 1046 540 1101 ab
570 1046 699 1116 ipo
759 1047 1127 1110 emanarunt,
1175 1046 1459 1113 tanquam
1503 1040 1757 1097 universi
1790 1039 1928 1095 boni

2068 1060 2286 1115 ραπται,
2322 1040 2402 1098 ὅτι
2435 1049 2538 1097 πᾶν
2569 1042 2681 1098 ἐστι
2703 1042 2872 1098 καλὸν
2905 1041 3094 1099 αὐτοῦ.

286 1139 543 1200 auctore,
575 1134 726 1188 sicut
753 1132 1039 1203 scriptum
1072 1135 1183 1200 est,
1214 1146 1372 1186 omne
1403 1131 1604 1186 bonum
1642 1133 1762 1200 ejus
1793 1143 1924 1184 esse.

2107 1131 2184 1186 Τὸ
2239 1135 2337 1185 τοῦ
2392 1128 2623 1206 Πατρός.
2676 1131 2828 1187 Κατὰ
2867 1135 3054 1186 κοινοῦ
3087 1128 3187 1204 [δὲ]
3217 1131 3280 1186 τὸ
3335 1129 3691 1208 ὑπεροόσιον,

357 1223 558 1278 Patris.
591 1221 1104 1287 Subaudiendum,
1135 1235 1348 1275 nomen
1399 1220 1555 1290 quod
1613 1218 1930 1274 essentiam

2068 1238 2110 1279 ›ς
2185 1219 2272 1273 ἐπὶ
2323 1225 2420 1275 τοῦ
2470 1221 2701 1296 Ματρὸς,
2735 1219 2880 1275 οὕτω
2930 1221 3022 1274 καὶ
3074 1219 3183 1293 [ἐπὶ
3241 1224 3360 1289 τοῦ]
3422 1221 3551 1273 Υἱοῦ
3600 1219 3694 1273 καὶ

289 1315 550 1384 superat,
583 1310 736 1366 sicut
766 1310 823 1364 in
855 1313 1046 1378 Patre,
1077 1309 1159 1364 ita
1195 1308 1252 1362 in
1281 1307 1423 1364 Filio
1453 1314 1509 1362 et
1537 1308 1758 1379 Spiritu
1790 1323 1930 1362 san-

2068 1305 2148 1361 ἒπὶ
2198 1313 2317 1380 τοῦ]
2377 1309 2531 1385 ἁγίου
2589 1309 2940 1382 Πνεόματος.
2986 1310 3108 1365 Ἐπὶ
3155 1307 3214 1364 δὲ
3257 1313 3364 1364 τῶν
3422 1306 3698 1380 διακεκρι-

288 1406 400 1456 cto.
426 1402 490 1455 In
521 1399 819 1460 distinctis
849 1403 1048 1453 autem
1085 1403 1300 1453 sancta:
1332 1397 1659 1466 Trinitatis,
1713 1394 1934 1451 scilicet

291 1487 894 1552 nominibus,nullam
932 1487 1212 1558 [omnino]
1244 1492 1346 1541 aut
1375 1501 1504 1542 esse
1526 1484 1934 1557 reciprocatio-

293 1594 426 1632 nem
456 1581 558 1631 aut
588 1576 1063 1631 communionem
1090 1594 1104 1642 ;
1139 1590 1329 1646 neque
1383 1575 1540 1630 enim
1601 1575 1770 1630 Pater
1799 1573 1934 1629 reli-

2045 1393 2216 1468 μένων
2247 1404 2348 1465 τῆς
2396 1397 2549 1473 ἁγίας
2599 1396 2858 1471 Τριάδος,
2893 1400 3008 1453 οἷαν
3065 1398 3374 1471 ὀνομάτων,
3433 1393 3695 1469 οὐδεμίαν

2042 1485 2204 1559 φησὶν
2238 1486 2430 1558 [ὅλως]
2490 1489 2622 1542 εἶναι
2673 1487 3035 1564 ἀντιστροφὴν
3082 1487 3118 1555 ἣ
3163 1483 3475 1540 κοινωνίαν·
3520 1486 3548 1538 ὁ
3594 1484 3700 1559 γὰρ

2024 1575 2229 1649 Πατὴρ
2277 1574 2376 1629 οὐκ
2432 1575 2493 1629 ἂν
2548 1570 2786 1637 εὐσεϐῶς
2837 1575 3071 1646 κληθείη
3131 1575 3277 1636 Υἱός⁹
3331 1570 3519 1629 οὐδὲὸ
3573 1574 3701 1635 Υἱὸς

296 1665 460 1737 giose
488 1667 794 1720 vocaretur
821 1663 1026 1730 Filius,
1051 1679 1156 1719 nec
1182 1663 1385 1731 Filius,
1405 1663 1610 1732 Pater;
1665 1665 1937 1735 idemque

2068 1664 2253 1734 Ιατήρ·
2285 1663 2347 1718 τὸ
2377 1664 2506 1719 αὐτὸ
2536 1663 2627 1718 καὶ
2658 1663 2746 1718 ἐπὶ
2768 1666 2813 1700 ⁸⁸
2843 1667 2941 1719 τοῦ
2972 1661 3132 1738 ἁγίου
3159 1660 3498 1736 Πνεῦματος.

299 1753 670 1810 sentiendum
696 1752 766 1808 de
795 1751 1020 1823 Spiritu
1051 1756 1277 1807 sancto.

371 1846 502 1899 Jesu
529 1842 826 1899 secundum
853 1859 970 1898 nos.
1029 1842 1197 1907 Nota,
1254 1841 1438 1898 solius
1480 1843 1578 1898 Dei
1614 1842 1785 1897 Verbi
1815 1859 1944 1898 esse

304 1932 790 1988 incarnationem.
825 1935 1072 1986 Prorsus
1098 1936 1291 1986 autem
1322 1931 1511 2002 ipsam
1549 1930 1709 2002 dicit,
1743 1935 1946 1986 contra

305 2019 1414 2094 Apollinarium,constareintelligente
1442 2020 1638 2076 anima
1667 2025 1725 2076 et
1743 2023 1944 2076 nostro

305 2128 583 2184 corpore;
636 2109 746 2165 hoc
802 2108 958 2164 enim
1016 2107 1272 2164 declarat
1327 2110 1383 2163 id
1443 2112 1595 2180 quod
1629 2109 1754 2179 ipse
1782 2108 1942 2177 dicit,

303 2200 417 2254 καθ’
459 2199 628 2270 ἡμᾶς,
659 2197 802 2253 sicut
831 2213 950 2261 nos,
983 2198 1136 2268 quod
1189 2198 1363 2252 etiam
1409 2198 1649 2269 Eutychi
1681 2198 1944 2253 adversa-

305 2293 400 2343 tur
431 2308 445 2356 ;
481 2293 684 2344 contra
713 2286 1049 2342 Nestorium
1080 2302 1214 2341 vero
1244 2291 1334 2341 est
1388 2287 1544 2356 quod
1576 2287 1693 2342 ait:
1738 2289 1944 2342 Immu-

301 2376 527 2433 labilem
555 2377 682 2432 Josu
711 2383 976 2445 tanquam
1006 2374 1104 2430 Dei
1150 2374 1398 2430 similem
1427 2380 1644 2444 {nostrae
1670 2375 1944 2431 exsisten-

299 2465 466 2533 (iam,
499 2469 671 2534 atque
696 2463 852 2533 quod
883 2461 1026 2517 dicit
1054 2463 1377 2518 essentiatia
1417 2479 1531 2520 esse
1579 2464 1944 2520 humanitatis

299 2552 600 2625 mysteria,
632 2553 846 2618 famen,
880 2550 1319 2616 lassitudinem,
1352 2568 1530 2622 super
1569 2569 1752 2623 aquas
1784 2553 1943 2609 ince-

299 2644 456 2710 dere,
490 2641 824 2712 clausisque
879 2640 1100 2695 foribus
1132 2641 1202 2694 ad
1253 2641 1578 2712 discipulos
1607 2644 1856 2712 ingredi,
1888 2648 1946 2698 et

302 2736 563 2787 mortuos
593 2729 1048 2800 excitare,atque
1078 2728 1268 2800 ipsam
1301 2729 1552 2800 denique
1584 2733 1939 2799 passionem,

301 2824 624 2891 ceteraque
653 2817 890 2875 similia.

374 2907 782 2965 Substantialia
800 2906 1089 2978 mysteria.
1135 2910 1283 2962 Nota
1311 2907 1635 2962 essentiatia
1664 2908 1723 2963 in
1754 2909 1942 2964 incar-

303 2999 540 3056 natione
571 2995 844 3068 usurpari
870 3013 883 3064 ;
908 2995 1018 3051 hoc
1048 2995 1205 3050 enim
1255 2995 1358 3062 ait,
1416 2995 1686 3067 rejiciens
1715 2997 1941 3068 opinio-

301 3103 436 3145 nem
495 3086 656 3142 illam
705 3102 832 3156 quaa
885 3084 1188 3141 asserebat
1242 3087 1473 3140 tantum
1530 3084 1940 3159 imaginariam

296 3177 480 3233 fuisse

368 3263 701 3321 Traditicnis
725 3277 904 3320 sacrae
930 3272 1199 3333 auctores,
1250 3264 1346 3318 Gr.
1405 3262 1721 3336 ἱερομύσται
1781 3263 1942 3336 Ἱερο-

299 3353 494 3428 μύσται
526 3356 806 3410 dicuntur
837 3351 935 3423 qui
969 3351 1154 3407 sacris
1186 3351 1378 3407 initati
1411 3355 1572 3408 sunt.

371 3445 623 3502 Occulta?
643 3447 693 3498 et
721 3457 997 3513 nusquam
1033 3442 1389 3511 prodeuntes.
1421 3440 1691 3498 Occultas
1723 3442 1946 3499 unitio-

297 3550 400 3590 nes
432 3537 619 3600 vocat,
672 3529 1296 3601 incomprehensibiles
1355 3530 1426 3586 de
1456 3530 1654 3585 divina
1687 3531 1948 3587 essentia

299 3622 663 3694 cognitiones
687 3636 699 3674 :
733 3618 934 3675 nullus
955 3618 1111 3674 enim
1129 3622 1443 3689 cognoscet
1461 3618 1945 3692 aliquando,quid

301 3713 378 3768 sit
405 3710 662 3767 essentia
691 3712 904 3765 sanctas
939 3707 1266 3763 Trinitatis.

372 3798 799 3855 Distinctiones.
835 3795 1252 3852 Distinctiones
1307 3800 1474 3852 vocat
1519 3812 1622 3867 per
1664 3814 1727 3853 se
1758 3798 1949 3854 subsi-

303 3892 522 3944 stentes
545 3887 874 3943 adorandae
904 3885 1314 3940 exsistentias:
1350 3884 1460 3940 hoc
1493 3889 1600 3952 est,
1633 3885 1763 3940 Filii
1812 3887 1944 3957 qui-

303 3978 433 4032 dem
464 3976 935 4046 inexplicabilem
969 3992 1036 4030 ex
1082 3979 1251 4029 Patre
1309 3974 1719 4046 splendorem;
1755 3979 1947 4034 sancti

301 4081 436 4121 vero
493 4063 747 4135 Spiritus
806 4063 1312 4135 inconceptibilem
1367 4078 1437 4119 ex
1486 4067 1656 4121 Patre
1708 4081 1944 4136 proces-

303 4153 552 4210 sionem.

372 4241 554 4314 Supra
582 4241 1297 4314 unitatemprincipialem.
1320 4240 1514 4296 Unitio
1537 4257 1715 4311 supra
1735 4243 1944 4299 unius-

301 4330 720 4405 principatum,
755 4330 1050 4403 signiﬁcat
1107 4328 1412 4384 divisionis
1466 4329 1842 4397 vacuitatem,
1885 4337 1943 4388 et

1969 1783 2018 1848 Β
2114 1752 2180 1806 Ἡ
2244 1754 2362 1806 καθ’
2408 1755 2555 1826 ἡμᾶς
2603 1754 2806 1824 Ἰησοῦ.
2868 1750 3184 1824 Σημείωσαι
3238 1751 3320 1806 ὅτι
3378 1749 3548 1823 μόνου
3603 1754 3706 1806 τοῦ

2053 1846 2187 1896 Θεοῦ
2217 1842 2398 1917 Λόγου
2429 1843 2568 1898 ἐστὶν
2602 1846 2636 1912 ἡ
2670 1842 3096 1917 ἒνανθρώπησις.
3133 1839 3380 1910 Παντελῆ
3415 1838 3473 1895 δὲ
3528 1841 3704 1910 αὐτήν

2052 1951 2183 2008 φησι
2231 1931 2368 1986 κατὰ
2416 1930 2865 2008 Ἀπολλιναρίου,
2926 1932 3000 1994 ὡς
3058 1930 3119 1986 ἐκ
3157 1934 3343 2007 ψυχῆς
3390 1935 3581 2005 νοερᾶς
3612 1929 3706 1984 καὶ

2051 2021 2325 2094 ἡμετερου
2360 2021 2633 2093 σώματος·
2683 2025 2845 2076 τοῦτο
2893 2021 2993 2094 γὰρ
3026 2017 3193 2090 δηλοῖ
3219 2021 3282 2074 τὸ
3315 2018 3483 2074 εἰπεῖν
3535 2018 3705 2073 αὐτὸν

2051 2109 2166 2162 καθ’
2233 2110 2400 2180 ἡμᾶς’
2467 2108 2598 2182 ὅπερ
2677 2107 2787 2163 ἐστί
2862 2107 2953 2162 καὶ
3011 2107 3148 2162 κατᾶ
3202 2107 3507 2181 Εὑτυχοῦς’
3566 2107 3711 2161 κατά

2049 2197 2343 2273 Νεστορίου
2392 2196 2470 2268 δὶ,
2531 2200 2615 2253 δτι
2673 2199 2827 2276 φησὶ,
2887 2202 2987 2253 τοῦ
3021 2201 3202 2269 Ἰησοῦ
3231 2198 3332 2266 τὴν
3386 2195 3708 2252 ἀναλλοίω-

2050 2307 2141 2341 τον
2193 2288 2269 2349 ὡς
2332 2292 2465 2342 Θεοῦ
2512 2289 2629 2352 καθ’
2678 2290 2827 2360 ἡμᾶς
2872 2285 3135 2362 ὕπαρξιν·
3187 2284 3276 2340 καί
3326 2285 3409 2340 ὅτι
3460 2284 3709 2356 οὐσιώδη

2053 2377 2187 2454 φησὶ
2243 2376 2310 2430 τὰ
2341 2375 2391 2431 ἓν
2431 2380 2500 2450 τῇ
2554 2375 2934 2451 ἀνθρωπότητι
2987 2377 3282 2448 μυστήρια,
3339 2375 3438 2443 τὴν
3493 2380 3711 2442 πεῖναν,

2050 2465 2141 2520 τὸν
2172 2464 2363 2536 κόπον,
2397 2465 2486 2519 καὶ
2526 2466 2588 2520 τὸ
2638 2463 2725 2520 ἰπὶ
2774 2462 2968 2526 ὕδατος
3001 2461 3240 2540 βαδίσαι,
3299 2464 3392 2519 καὶ
3435 2465 3498 2518 τὸ
3530 2462 3714 2518 εἰσελ-

2053 2558 2161 2616 θεῖν
2217 2557 2326 2607 τῶν
2374 2557 2548 2628 θυρῶν
2597 2551 2996 2627 κεκλεισμένων
3045 2554 3181 2628 πρὸς
3237 2552 3367 2615 τοὺς
3431 2554 3709 2626 μαθητὰς,

2050 2640 2139 2694 καὶ
2168 2641 2231 2695 τὸ
2253 2640 2453 2717 ὶγεῖραι
2476 2639 2604 2704 τοὺς
2627 2640 2874 2715 νεκροὺς,
2896 2642 2986 2696 καὶ
3008 2641 3141 2696 αὐτὸ
3169 2642 3232 2696 τὸ
3262 2640 3454 2709 πάθος,
3484 2641 3576 2695 καὶ
3605 2640 3712 2695 ὅσα

2051 2749 2293 2788 τοιαυτα.

2123 2905 2374 2976 Οὖσιώδη
2453 2907 2746 2981 μυστήρια.
2819 2905 3137 2979 Σημείωσαι
3191 2907 3252 2962 τὸ
3307 2904 3550 2978 οὐσιώδη
3611 2906 3710 2962 ἐπὶ

2049 3000 2149 3062 τῆς
2177 2995 2516 3070 σαρκώσεως’
2576 2999 2741 3051 τοῦτο
2779 2997 2882 3072 γὰρ
2911 2993 3039 3074 ἔφη,
3071 2991 3357 3052 ὲκϐάλΛων
3413 2997 3513 3066 τήν
3567 2996 3714 3052 κατᾶ

2053 3085 2341 3164 φαντασίαν
2375 3082 2547 3154 δόξαν.

2125 3259 2482 3336 Παραδόσεως
2514 3262 2855 3336 ἱερομύσται.
2887 3261 3228 3336 Ἱερομύσται
3273 3260 3520 3339 λέγονται
3552 3263 3605 3318 οἱ
3638 3265 3717 3320 τὰ

2051 3349 2170 3425 ἱερά
2198 3370 2378 3423 μεμυη
2389 3351 2563 3422 μενοι.

2121 3439 2362 3515 Κρυφίας
2437 3439 2528 3494 καὶ
2612 3439 3073 3517 ἁνεκφοιτήτους.
3163 3439 3399 3518 Κρυφίας
3485 3439 3715 3506 ἐνώσεις

2052 3527 2184 3605 φησὶ
2206 3527 2299 3590 τὰς
2348 3529 2475 3602 περὶ
2512 3534 2614 3596 τῆς
2669 3526 2814 3592 θείας
2871 3526 3054 3592 οῦσίας
3083 3527 3501 3600 ἀκαταλήπτους
3554 3533 3712 3605 γνώ-

2052 3634 2180 3679 σεις·
2214 3617 2312 3685 τήν
2347 3614 2528 3671 οὐσίαν
2564 3615 2729 3686 αὐτὴν
2776 3619 2877 3682 τῆς
2927 3617 3084 3693 ἁγίας
3117 3616 3372 3691 Τριάδος,
3425 3617 3479 3673 τί
3536 3617 3709 3691 ἐστιν,

2053 3702 2230 3768 οὐδεὶς
2261 3704 2524 3781 γνώσεταί
2553 3726 2704 3763 ποτε.

2121 3795 2231 3856 Τὰς
2289 3791 2583 3868 διακρίσεις
2617 3837 2632 3853 .
2697 3795 3000 3870 Διακρίσεις
3079 3793 3210 3873 φησί
3257 3794 3354 3860 τὰς
3409 3795 3712 3852 ὲνυποστά-

2051 3903 2176 3944 τους
2203 3884 2582 3956 προσκυνητὰς
2615 3884 2886 3958 ὑπάρξεις,
2944 3885 3209 3952 τουτέστι,
3266 3889 3362 3939 τοῦ
3426 3885 3520 3958 μὲν
3573 3887 3714 3960 ,Υἱοῦ

2049 3973 2141 4026 τὸν
2201 3971 2261 4026 ἐκ
2318 3971 2528 4046 Ματρὸς
2584 3971 2947 4050 ἀνὲκφραστον
3007 3972 3366 4048 ἀπαυγασμόν
3404 3995 3417 4008 ·
3491 3974 3589 4029 τοῦ
3649 3972 3715 4030 δὶ

2053 4061 2211 4134 ἁγίου
2268 4059 2581 4132 ΙΙνεύματος
2632 4062 2733 4130 τὴν
2795 4059 2855 4116 ἐκ
2899 4063 3107 4136 Πατρὸς
3161 4061 3484 4132 ἀνεννόητον
3544 4062 3716 4118 ἐκπό-

2054 4167 2260 4222 ρευσιν.

2122 4237 2185 4294 Ἡ
2243 4237 2374 4310 ὑπὲρ
2408 4235 2681 4312 ἐναρχίαν.
2709 4239 2771 4293 Ἦ
2805 4238 2937 4315 ὑπὲρ
2969 4240 3139 4315 ἒναρχ
3145 4240 3226 4294 ίαν
3258 4239 3447 4309 ἑνότης
3477 4241 3541 4295 τὸ
3575 4240 3715 4315 ὑπὲρ

2055 4331 2226 4380 πᾶσαν
2278 4325 2504 4397 ἑνότητα
2551 4327 2641 4382 καὶ
2689 4327 2975 4398 ἁπλότητα
3015 4329 3070 4383 ἐν
3108 4335 3223 4391 τοῖς
3254 4329 3372 4384 οὖσι
3427 4332 3528 4395 τῆς
3561 4328 3712 4394 θείας

301 4420 738 4492 simplicitatem
791 4419 998 4474 divinae
1056 4421 1281 4473 natura:
1333 4421 1709 4487 superantem
1742 4435 1938 4476 rerum

2068 4414 2258 4492 θύσεως
2286 4413 2483 4488 ἀμερές
2507 4435 2566 4470 τε
2593 4415 2683 4470 καὶ
2711 4415 2923 4471 διπλοῦν
2957 4415 3231 4488 σημαίνει.

303 4511 568 4567 omnium
601 4509 888 4564 unitatem
928 4516 982 4562 et
1013 4504 1472 4577 simplicitatem.

372 4598 699 4672 lneﬁabilis,
730 4596 827 4652 Gr.
867 4595 930 4648 τὸ
978 4590 1294 4666 ἄφθεγκτον.
1353 4592 1428 4647 Τὸ
1458 4591 1749 4669 ἄφθεγκτον
1797 4599 1950 4668 quod

304 4689 416 4746 dici
461 4705 572 4745 non
615 4691 810 4759 potest,
854 4683 1000 4739 dixit
1055 4688 1291 4754 propter
1339 4684 1659 4740 essentiam
1711 4687 1950 4744 nomine

304 4782 616 4834 carentem.
668 4779 848 4829 Porro
897 4771 1038 4843 quod
1116 4771 1309 4827 multis
1380 4773 1558 4828 verbis
1612 4775 1950 4846 exprimitur

303 4866 470 4936 dixit,
501 4864 642 4938 quia
671 4861 1092 4919 beneﬁciorum
1123 4859 1405 4917 varietate
1455 4861 1661 4918 multis
1691 4864 1950 4922 afﬁcitur

300 4956 663 5014 nominibus.

369 5047 516 5100 111
555 5046 638 5099 Ex
675 5041 829 5098 omni
885 5038 1245 5096 intelleclilis.
1279 5040 1581 5105 Quomodo
1631 5041 1869 5112 ignotus
1891 5049 1948 5099 et

298 5133 534 5191 omnino
565 5131 836 5204 cognitus
876 5129 1056 5199 Deus,
1117 5134 1173 5185 et
1230 5130 1525 5200 quomodo
1579 5129 1945 5202 ignoratione

295 5223 424 5292 ejus
455 5220 843 5292 cognitionem
867 5235 1298 5291 comparemus,
1332 5218 1668 5275 dicendum.
1704 5219 1943 5292 Ignora-

294 5311 452 5366 tione
476 5308 634 5364 enim
668 5313 818 5364 Deus
848 5307 1260 5380 cognoscitur:
1322 5307 1751 5378 ignorationem
1783 5325 1937 5380 vero,

1981 4513 2028 4578 D

2129 4593 2207 4650 Τὸ
2236 4590 2554 4670 ἄφθεγκτον.
2587 4594 2922 4670 Ἀφθεγκτον
2949 4591 3118 4651 διὰτὸ
3145 4591 3585 4670 ἀκατονόμαστον
3606 4599 3711 4662 τῆς

2058 4681 2265 4745 οὐσίας·
2302 4679 2628 4758 πολύφωνον
2662 4679 2740 4752 δὲ,
2773 4681 2855 4737 ὅτι
2883 4687 2953 4757 τῇ
2975 4682 3226 4755 ποικιλίᾳ
3252 4688 3360 4739 τῶν
3393 4684 3713 4760 εὐεργετου-

2059 4771 2232 4844 μένων
2261 4772 2323 4826 τὸ
2349 4769 2676 4847 πολύφωνον
2707 4764 2846 4844 ἕχει.

2122 5042 2192 5096 Τὸ
2238 5040 2568 5110 παννόητον.
2612 5043 2738 5104 Πῶς
2767 5038 3040 5116 ἄγνωστος
3099 5042 3188 5096 καὶ
3249 5044 3622 5113 παννόητοςκ
3683 5043 3712 5100 ὁ

2053 5131 2205 5198 Θεὸς,
2254 5129 2342 5184 καὶ
2373 5133 2490 5191 πῶς
2523 5128 2576 5183 ἰν
2623 5129 2862 5204 ἀγνωσία
2905 5130 3006 5198 τήν
3062 5133 3185 5205 περί
3241 5129 3404 5186 αὐτοῦ
3452 5133 3714 5206 κτώμεθα

2050 5224 2268 5295 γνῶσιν,
2331 5219 2545 5294 ῥητέον·
2600 5216 2790 5292 ἀγνοίᾳ
2819 5218 2922 5292 γὰρ
2946 5218 3150 5294 γίνεται
3198 5222 3438 5296 γνωστὸς
3469 5222 3498 5276 ὁ
3552 5222 3708 5285 Θεός·

2053 5307 2267 5383 ἄγνοιαν
2315 5304 2392 5376 δὲ,
2457 5306 2533 5380 μὴ
2593 5307 2694 5375 τὴν
2749 5303 2837 5362 διὰ
2883 5313 2984 5378 τῆς
3035 5307 3270 5380 ἀμαθίας
3320 5303 3518 5384 λάϐῃς·
3570 5309 3708 5387 αὕτη

1293 5459 1536 5516 VARle
1584 5460 1977 5518 LECTIONES
2027 5463 2119 5520 ET
2151 5460 2702 5520 CORRECTIONES.

372 5589 417 5625 οι
445 5605 536 5661 γρ.
565 5580 647 5637 δτι
676 5583 776 5650 τὴν
803 5579 996 5636 κτίσιν.
1074 5584 1117 5618 9⁸
1146 5601 1234 5655 γρ.
1268 5583 1410 5657 περί.
1489 5587 1533 5621 9⁸
1561 5605 1651 5660 γρ.
1685 5582 1851 5640 πάλιν
1876 5584 2094 5657 νοητός.
