  <div class='ocr_page' id='page_1' title='image "/cluster/home/n/w/nwhite01/storage/ocr_20150623/4/hvd.32044073426538/118.png"; bbox 0 0 4000 6200; ppageno 0'>
   <div class='ocr_carea' id='block_1_1' title="bbox 233 348 339 403">
    <p class='ocr_par' dir='ltr' id='par_1_1' title="bbox 233 348 339 403">
     <span class='ocr_line' id='line_1_1' title="bbox 233 348 339 403; baseline -0.038 0"><span class='ocrx_word' id='word_1_1' title='bbox 233 348 339 403; x_wconf 86' lang='grc'><strong>217</strong></span> 
     </span>
    </p>
   </div>
   <div class='ocr_carea' id='block_1_2' title="bbox 993 348 2878 406">
    <p class='ocr_par' dir='ltr' id='par_1_2' title="bbox 993 348 2878 406">
     <span class='ocr_line' id='line_1_2' title="bbox 993 348 2878 406; baseline 0 -4"><span class='ocrx_word' id='word_1_2' title='bbox 993 350 1051 402; x_wconf 89' lang='lat' dir='ltr'><strong>S.</strong></span> <span class='ocrx_word' id='word_1_3' title='bbox 1095 349 1362 402; x_wconf 81' lang='lat' dir='ltr'><strong>MAXIMI</strong></span> <span class='ocrx_word' id='word_1_4' title='bbox 1399 348 1704 402; x_wconf 85' lang='lat' dir='ltr'><strong>SCHOLIA</strong></span> <span class='ocrx_word' id='word_1_5' title='bbox 1741 351 1813 402; x_wconf 83' lang='lat' dir='ltr'><strong>IN</strong></span> <span class='ocrx_word' id='word_1_6' title='bbox 1851 349 1984 403; x_wconf 85' lang='lat' dir='ltr'><strong>LIB.</strong></span> <span class='ocrx_word' id='word_1_7' title='bbox 2023 351 2120 403; x_wconf 90' lang='lat' dir='ltr'><strong>DE</strong></span> <span class='ocrx_word' id='word_1_8' title='bbox 2157 353 2426 406; x_wconf 73' lang='lat' dir='ltr'><strong>DIVINIS</strong></span> <span class='ocrx_word' id='word_1_9' title='bbox 2463 351 2878 405; x_wconf 77' lang='lat' dir='ltr'><strong>NOMINIBUS.</strong></span> 
     </span>
    </p>
   </div>
   <div class='ocr_carea' id='block_1_3' title="bbox 3537 348 3644 403">
    <p class='ocr_par' dir='ltr' id='par_1_3' title="bbox 3537 348 3644 403">
     <span class='ocr_line' id='line_1_3' title="bbox 3537 348 3644 403; baseline 0 -1"><span class='ocrx_word' id='word_1_10' title='bbox 3537 348 3644 403; x_wconf 85' lang='grc'><strong>218</strong></span> 
     </span>
    </p>
   </div>
   <div class='ocr_carea' id='block_1_4' title="bbox 236 437 1895 547">
    <p class='ocr_par' dir='ltr' id='par_1_4' title="bbox 236 467 1885 547">
     <span class='ocr_line' id='line_1_4' title="bbox 236 467 1885 547; baseline 0 -22"><span class='ocrx_word' id='word_1_11' title='bbox 236 472 340 547; x_wconf 77' lang='grc' dir='ltr'><strong>γὰρ</strong></span> <span class='ocrx_word' id='word_1_12' title='bbox 373 469 566 531; x_wconf 81' lang='grc' dir='ltr'><strong>σκότος</strong></span> <span class='ocrx_word' id='word_1_13' title='bbox 611 467 725 523; x_wconf 66' lang='lat' dir='ltr'><strong>icti.</strong></span> <span class='ocrx_word' id='word_1_14' title='bbox 772 470 981 544; x_wconf 73' lang='grc' dir='ltr'>ψυχῆςο</span> <span class='ocrx_word' id='word_1_15' title='bbox 1039 470 1176 543; x_wconf 72' lang='grc' dir='ltr'>μήτε</span> <span class='ocrx_word' id='word_1_16' title='bbox 1227 469 1325 538; x_wconf 78' lang='grc' dir='ltr'>τὴν</span> <span class='ocrx_word' id='word_1_17' title='bbox 1379 471 1770 546; x_wconf 88' lang='grc' dir='ltr'>γινώσκουσαν,</span> <span class='ocrx_word' id='word_1_18' title='bbox 1803 468 1885 525; x_wconf 75' lang='grc' dir='ltr'><strong>ὅτι</strong></span> 
     </span>
    </p>
   </div>
   <div class='ocr_carea' id='block_1_5' title="bbox 2007 437 3643 547">
    <p class='ocr_par' dir='ltr' id='par_1_5' title="bbox 2007 471 3643 545">
     <span class='ocr_line' id='line_1_5' title="bbox 2007 471 3643 545; baseline 0.001 -17"><span class='ocrx_word' id='word_1_19' title='bbox 2007 489 2119 529; x_wconf 93' lang='lat' dir='ltr'><strong>non</strong></span> <span class='ocrx_word' id='word_1_20' title='bbox 2151 490 2278 530; x_wconf 89' lang='lat' dir='ltr'><strong>eam</strong></span> <span class='ocrx_word' id='word_1_21' title='bbox 2310 491 2432 545; x_wconf 67' lang='lat' dir='ltr'><strong>quae</strong></span> <span class='ocrx_word' id='word_1_22' title='bbox 2464 490 2534 532; x_wconf 84' lang='lat' dir='ltr'><strong>ex</strong></span> <span class='ocrx_word' id='word_1_23' title='bbox 2581 471 2875 544; x_wconf 83' lang='lat' dir='ltr'><strong>imperitia</strong></span> <span class='ocrx_word' id='word_1_24' title='bbox 2932 472 3140 539; x_wconf 87' lang='lat' dir='ltr'><strong>oritur,</strong></span> <span class='ocrx_word' id='word_1_25' title='bbox 3189 472 3443 544; x_wconf 83' lang='lat' dir='ltr'><strong>accipias</strong></span> <span class='ocrx_word' id='word_1_26' title='bbox 3477 490 3491 530; x_wconf 86' lang='lat'><strong>:</strong></span> <span class='ocrx_word' id='word_1_27' title='bbox 3521 473 3643 531; x_wconf 66' lang='lat' dir='ltr'><strong>hac</strong></span> 
     </span>
    </p>
   </div>
   <div class='ocr_carea' id='block_1_6' title="bbox 235 554 1886 635">
    <p class='ocr_par' dir='ltr' id='par_1_6' title="bbox 235 554 1886 635">
     <span class='ocr_line' id='line_1_6' title="bbox 235 554 1886 635; baseline -0.001 -20"><span class='ocrx_word' id='word_1_28' title='bbox 235 560 511 635; x_wconf 86' lang='grc' dir='ltr'>ἀγνοεῖται</span> <span class='ocrx_word' id='word_1_29' title='bbox 545 559 572 613; x_wconf 85' lang='grc' dir='ltr'><strong>ὁ</strong></span> <span class='ocrx_word' id='word_1_30' title='bbox 620 554 920 633; x_wconf 71' lang='grc' dir='ltr'>ἄγνωστος·</span> <span class='ocrx_word' id='word_1_31' title='bbox 979 556 1123 620; x_wconf 79' lang='grc' dir='ltr'>εἶδος</span> <span class='ocrx_word' id='word_1_32' title='bbox 1164 558 1266 633; x_wconf 82' lang='grc' dir='ltr'><strong>γάρ</strong></span> <span class='ocrx_word' id='word_1_33' title='bbox 1316 559 1404 613; x_wconf 81' lang='grc' dir='ltr'><strong>καὶ</strong></span> <span class='ocrx_word' id='word_1_34' title='bbox 1437 559 1571 629; x_wconf 81' lang='grc' dir='ltr'><strong>αὖτή</strong></span> <span class='ocrx_word' id='word_1_35' title='bbox 1602 580 1886 634; x_wconf 85' lang='grc' dir='ltr'>γνωριστι-</span> 
     </span>
    </p>
   </div>
   <div class='ocr_carea' id='block_1_7' title="bbox 235 645 1888 724">
    <p class='ocr_par' dir='ltr' id='par_1_7' title="bbox 235 645 1888 724">
     <span class='ocr_line' id='line_1_7' title="bbox 235 645 1888 724; baseline -0.001 -20"><span class='ocrx_word' id='word_1_36' title='bbox 235 651 357 705; x_wconf 83' lang='grc' dir='ltr'><strong>κόν⁹</strong></span> <span class='ocrx_word' id='word_1_37' title='bbox 385 648 534 704; x_wconf 86' lang='grc' dir='ltr'><strong>ἀλλά</strong></span> <span class='ocrx_word' id='word_1_38' title='bbox 562 649 678 702; x_wconf 83' lang='grc' dir='ltr'>κατ’</span> <span class='ocrx_word' id='word_1_39' title='bbox 723 645 936 718; x_wconf 78' lang='grc' dir='ltr'>ἐκείνην</span> <span class='ocrx_word' id='word_1_40' title='bbox 981 649 1079 716; x_wconf 75' lang='grc' dir='ltr'>τὴν</span> <span class='ocrx_word' id='word_1_41' title='bbox 1129 647 1345 722; x_wconf 78' lang='grc' dir='ltr'>ἄγνοιαν</span> <span class='ocrx_word' id='word_1_42' title='bbox 1392 650 1712 724; x_wconf 79' lang='grc' dir='ltr'><strong>γινώσκεται</strong></span> <span class='ocrx_word' id='word_1_43' title='bbox 1741 670 1888 723; x_wconf 76' lang='grc' dir='ltr'>γνωο</span> 
     </span>
    </p>
   </div>
   <div class='ocr_carea' id='block_1_8' title="bbox 239 735 1890 813">
    <p class='ocr_par' dir='ltr' id='par_1_8' title="bbox 239 735 1890 813">
     <span class='ocr_line' id='line_1_8' title="bbox 239 735 1890 813; baseline -0.001 -19"><span class='ocrx_word' id='word_1_44' title='bbox 239 739 384 807; x_wconf 85' lang='grc' dir='ltr'>στὸς,</span> <span class='ocrx_word' id='word_1_45' title='bbox 416 739 537 802; x_wconf 89' lang='grc' dir='ltr'>καθ’</span> <span class='ocrx_word' id='word_1_46' title='bbox 570 737 636 805; x_wconf 68' lang='grc' dir='ltr'><strong>ἢν</strong></span> <span class='ocrx_word' id='word_1_47' title='bbox 687 735 1031 801; x_wconf 85' lang='grc' dir='ltr'>ἀπλωθέντες</span> <span class='ocrx_word' id='word_1_48' title='bbox 1081 738 1211 813; x_wconf 75' lang='grc' dir='ltr'>ὑπὲρ</span> <span class='ocrx_word' id='word_1_49' title='bbox 1257 739 1353 800; x_wconf 89' lang='grc' dir='ltr'><strong>τάς</strong></span> <span class='ocrx_word' id='word_1_50' title='bbox 1403 741 1643 810; x_wconf 77' lang='grc' dir='ltr'><strong>νοήσεις,</strong></span> <span class='ocrx_word' id='word_1_51' title='bbox 1694 736 1890 800; x_wconf 78' lang='grc' dir='ltr'>α’ίτινες</span> 
     </span>
    </p>
   </div>
   <div class='ocr_carea' id='block_1_9' title="bbox 237 823 1890 900">
    <p class='ocr_par' dir='ltr' id='par_1_9' title="bbox 237 823 1890 900">
     <span class='ocr_line' id='line_1_9' title="bbox 237 823 1890 900; baseline -0.003 -17"><span class='ocrx_word' id='word_1_52' title='bbox 237 829 655 900; x_wconf 83' lang='grc' dir='ltr'>πληθυνόμεναι</span> <span class='ocrx_word' id='word_1_53' title='bbox 704 823 1104 894; x_wconf 76' lang='grc' dir='ltr'>σκεδάννυνται,</span> <span class='ocrx_word' id='word_1_54' title='bbox 1157 828 1244 881; x_wconf 79' lang='grc' dir='ltr'>καὶ</span> <span class='ocrx_word' id='word_1_55' title='bbox 1308 828 1461 892; x_wconf 73' lang='grc' dir='ltr'>αὖθις</span> <span class='ocrx_word' id='word_1_56' title='bbox 1515 827 1890 900; x_wconf 64' lang='grc' dir='ltr'>συμπόσσον.</span> 
     </span>
    </p>
   </div>
   <div class='ocr_carea' id='block_1_10' title="bbox 235 905 1890 994">
    <p class='ocr_par' dir='ltr' id='par_1_10' title="bbox 235 905 1890 994">
     <span class='ocr_line' id='line_1_10' title="bbox 235 905 1890 994; baseline -0.001 -21"><span class='ocrx_word' id='word_1_57' title='bbox 235 939 347 988; x_wconf 86' lang='grc' dir='ltr'>ται,</span> <span class='ocrx_word' id='word_1_58' title='bbox 398 918 505 972; x_wconf 76' lang='grc' dir='ltr'>οὐκ</span> <span class='ocrx_word' id='word_1_59' title='bbox 549 915 701 970; x_wconf 73' lang='grc' dir='ltr'>οὖσαι</span> <span class='ocrx_word' id='word_1_60' title='bbox 761 915 900 977; x_wconf 75' lang='grc' dir='ltr'>ἒνάς.</span> <span class='ocrx_word' id='word_1_61' title='bbox 949 917 1106 973; x_wconf 82' lang='grc' dir='ltr'>“Οθεν</span> <span class='ocrx_word' id='word_1_62' title='bbox 1166 917 1256 971; x_wconf 79' lang='grc' dir='ltr'><strong>οὗν</strong></span> <span class='ocrx_word' id='word_1_63' title='bbox 1308 923 1480 972; x_wconf 85' lang='grc' dir='ltr'>πᾶσαν</span> <span class='ocrx_word' id='word_1_64' title='bbox 1527 919 1713 987; x_wconf 85' lang='grc' dir='ltr'>νόησιν</span> <span class='ocrx_word' id='word_1_65' title='bbox 1766 905 1890 994; x_wconf 83' lang='grc' dir='ltr'>περῖ</span> 
     </span>
    </p>
   </div>
   <div class='ocr_carea' id='block_1_11' title="bbox 238 999 1891 1082">
    <p class='ocr_par' dir='ltr' id='par_1_11' title="bbox 238 999 1891 1082">
     <span class='ocr_line' id='line_1_11' title="bbox 238 999 1891 1082; baseline -0.002 -19"><span class='ocrx_word' id='word_1_66' title='bbox 238 1008 366 1063; x_wconf 84' lang='grc' dir='ltr'>Θεὸν</span> <span class='ocrx_word' id='word_1_67' title='bbox 424 999 774 1080; x_wconf 89' lang='grc' dir='ltr'>ὑπερϐάντες,</span> <span class='ocrx_word' id='word_1_68' title='bbox 835 1002 1007 1059; x_wconf 87' lang='grc' dir='ltr'>ἀπλοῖ</span> <span class='ocrx_word' id='word_1_69' title='bbox 1061 1005 1345 1080; x_wconf 81' lang='grc' dir='ltr'><strong>γινόμεθα,</strong></span> <span class='ocrx_word' id='word_1_70' title='bbox 1405 1007 1724 1082; x_wconf 72' lang='grc' dir='ltr'>ἀγνοοῦντες</span> <span class='ocrx_word' id='word_1_71' title='bbox 1774 1005 1891 1062; x_wconf 87' lang='grc' dir='ltr'>λοι-</span> 
     </span>
    </p>
   </div>
   <div class='ocr_carea' id='block_1_12' title="bbox 237 1091 1891 1170">
    <p class='ocr_par' dir='ltr' id='par_1_12' title="bbox 237 1091 1891 1170">
     <span class='ocr_line' id='line_1_12' title="bbox 237 1091 1891 1170; baseline -0.001 -19"><span class='ocrx_word' id='word_1_72' title='bbox 237 1095 342 1151; x_wconf 79' lang='grc' dir='ltr'><strong>πὸν</strong></span> <span class='ocrx_word' id='word_1_73' title='bbox 372 1095 465 1150; x_wconf 79' lang='grc' dir='ltr'><strong>καὶ</strong></span> <span class='ocrx_word' id='word_1_74' title='bbox 494 1092 805 1169; x_wconf 82' lang='grc' dir='ltr'>ἀδιάκριτοι</span> <span class='ocrx_word' id='word_1_75' title='bbox 836 1097 877 1131; x_wconf 79' lang='grc'><strong>⁰⁷</strong></span> <span class='ocrx_word' id='word_1_76' title='bbox 915 1095 1166 1167; x_wconf 86' lang='grc' dir='ltr'>μένοντες</span> <span class='ocrx_word' id='word_1_77' title='bbox 1196 1091 1286 1149; x_wconf 77' lang='grc' dir='ltr'><strong>διὰ</strong></span> <span class='ocrx_word' id='word_1_78' title='bbox 1331 1095 1430 1163; x_wconf 79' lang='grc' dir='ltr'>τὴν</span> <span class='ocrx_word' id='word_1_79' title='bbox 1481 1097 1617 1170; x_wconf 88' lang='grc' dir='ltr'>πρὸς</span> <span class='ocrx_word' id='word_1_80' title='bbox 1644 1097 1742 1164; x_wconf 76' lang='grc' dir='ltr'><strong>τὴν</strong></span> <span class='ocrx_word' id='word_1_81' title='bbox 1775 1095 1891 1150; x_wconf 85' lang='grc' dir='ltr'>ένό-</span> 
     </span>
    </p>
   </div>
   <div class='ocr_carea' id='block_1_13' title="bbox 236 1178 1888 1258">
    <p class='ocr_par' dir='ltr' id='par_1_13' title="bbox 236 1178 1888 1258">
     <span class='ocr_line' id='line_1_13' title="bbox 236 1178 1888 1258; baseline -0.001 -19"><span class='ocrx_word' id='word_1_82' title='bbox 236 1205 376 1256; x_wconf 78' lang='grc' dir='ltr'>τητα</span> <span class='ocrx_word' id='word_1_83' title='bbox 433 1184 642 1253; x_wconf 85' lang='grc' dir='ltr'>στάσιν,</span> <span class='ocrx_word' id='word_1_84' title='bbox 705 1183 796 1238; x_wconf 84' lang='grc' dir='ltr'>καὶ</span> <span class='ocrx_word' id='word_1_85' title='bbox 868 1178 1100 1258; x_wconf 86' lang='grc' dir='ltr'>βεϐαίως</span> <span class='ocrx_word' id='word_1_86' title='bbox 1156 1184 1383 1246; x_wconf 69' lang='grc' dir='ltr'>ἑστῶτες</span> <span class='ocrx_word' id='word_1_87' title='bbox 1443 1183 1495 1239; x_wconf 84' lang='grc' dir='ltr'><strong>έν</strong></span> <span class='ocrx_word' id='word_1_88' title='bbox 1554 1187 1622 1258; x_wconf 74' lang='grc' dir='ltr'><strong>τῇ</strong></span> <span class='ocrx_word' id='word_1_89' title='bbox 1682 1185 1888 1253; x_wconf 74' lang='grc' dir='ltr'>ἑνώσει,</span> 
     </span>
    </p>
   </div>
   <div class='ocr_carea' id='block_1_14' title="bbox 237 1271 1892 1350">
    <p class='ocr_par' dir='ltr' id='par_1_14' title="bbox 237 1271 1892 1350">
     <span class='ocr_line' id='line_1_14' title="bbox 237 1271 1892 1350; baseline -0.001 -22"><span class='ocrx_word' id='word_1_90' title='bbox 237 1273 550 1349; x_wconf 78' lang='grc' dir='ltr'>ἀγνοοῦμεν</span> <span class='ocrx_word' id='word_1_91' title='bbox 599 1271 682 1326; x_wconf 75' lang='grc' dir='ltr'><strong>ὅτι</strong></span> <span class='ocrx_word' id='word_1_92' title='bbox 738 1273 1038 1347; x_wconf 76' lang='grc' dir='ltr'>ἀγνοοῦμεν</span> <span class='ocrx_word' id='word_1_93' title='bbox 1098 1275 1162 1342; x_wconf 62' lang='grc'>9⁸,</span> <span class='ocrx_word' id='word_1_94' title='bbox 1219 1273 1493 1328; x_wconf 72' lang='grc' dir='ltr'>τουτέστιν</span> <span class='ocrx_word' id='word_1_95' title='bbox 1554 1273 1659 1350; x_wconf 78' lang='grc' dir='ltr'>οὐχ</span> <span class='ocrx_word' id='word_1_96' title='bbox 1707 1275 1892 1348; x_wconf 70' lang='grc' dir='ltr'>ἑτέρου</span> 
     </span>
    </p>
   </div>
   <div class='ocr_carea' id='block_1_15' title="bbox 236 1359 1889 1436">
    <p class='ocr_par' dir='ltr' id='par_1_15' title="bbox 236 1359 1889 1436">
     <span class='ocr_line' id='line_1_15' title="bbox 236 1359 1889 1436; baseline -0.001 -19"><span class='ocrx_word' id='word_1_97' title='bbox 236 1363 383 1424; x_wconf 78' lang='grc' dir='ltr'>τινὸς</span> <span class='ocrx_word' id='word_1_98' title='bbox 414 1359 621 1423; x_wconf 77' lang='grc' dir='ltr'>εἰδότες</span> <span class='ocrx_word' id='word_1_99' title='bbox 650 1364 714 1429; x_wconf 67' lang='lat'><strong>9°,</strong></span> <span class='ocrx_word' id='word_1_100' title='bbox 747 1363 909 1433; x_wconf 75' lang='grc' dir='ltr'>ἡμεῖς</span> <span class='ocrx_word' id='word_1_101' title='bbox 962 1362 1037 1423; x_wconf 89' lang='grc' dir='ltr'>ὡς</span> <span class='ocrx_word' id='word_1_102' title='bbox 1091 1363 1315 1433; x_wconf 73' lang='grc' dir='ltr'>ἀμαθεῖς</span> <span class='ocrx_word' id='word_1_103' title='bbox 1364 1363 1690 1436; x_wconf 82' lang='grc' dir='ltr'>ἀγνοοῦμεν,</span> <span class='ocrx_word' id='word_1_104' title='bbox 1737 1361 1889 1417; x_wconf 80' lang='grc' dir='ltr'>δυνά-</span> 
     </span>
    </p>
   </div>
   <div class='ocr_carea' id='block_1_16' title="bbox 242 1447 1892 1526">
    <p class='ocr_par' dir='ltr' id='par_1_16' title="bbox 242 1447 1892 1526">
     <span class='ocr_line' id='line_1_16' title="bbox 242 1447 1892 1526; baseline 0.001 -22"><span class='ocrx_word' id='word_1_105' title='bbox 242 1471 390 1524; x_wconf 83' lang='grc' dir='ltr'>μενοι</span> <span class='ocrx_word' id='word_1_106' title='bbox 424 1451 619 1522; x_wconf 84' lang='grc' dir='ltr'>μαθεῖν</span> <span class='ocrx_word' id='word_1_107' title='bbox 652 1447 684 1503; x_wconf 78' lang='grc' dir='ltr'>ἃ</span> <span class='ocrx_word' id='word_1_108' title='bbox 712 1449 849 1512; x_wconf 80' lang='grc' dir='ltr'>τέως</span> <span class='ocrx_word' id='word_1_109' title='bbox 898 1451 1222 1524; x_wconf 75' lang='grc' dir='ltr'><strong>ἀγνοοῦμεν⁹</strong></span> <span class='ocrx_word' id='word_1_110' title='bbox 1257 1450 1404 1506; x_wconf 86' lang='grc' dir='ltr'><strong>ἀλλά</strong></span> <span class='ocrx_word' id='word_1_111' title='bbox 1444 1453 1511 1505; x_wconf 76' lang='grc' dir='ltr'><strong>τὰ</strong></span> <span class='ocrx_word' id='word_1_112' title='bbox 1541 1451 1685 1526; x_wconf 86' lang='grc' dir='ltr'><strong>παρά</strong></span> <span class='ocrx_word' id='word_1_113' title='bbox 1713 1451 1892 1521; x_wconf 83' lang='grc' dir='ltr'>πάσης</span> 
     </span>
    </p>
   </div>
   <div class='ocr_carea' id='block_1_17' title="bbox 241 1535 1892 1616">
    <p class='ocr_par' dir='ltr' id='par_1_17' title="bbox 241 1535 1892 1616">
     <span class='ocr_line' id='line_1_17' title="bbox 241 1535 1892 1616; baseline 0 -22"><span class='ocrx_word' id='word_1_114' title='bbox 241 1539 474 1614; x_wconf 79' lang='grc' dir='ltr'>λογικῆς</span> <span class='ocrx_word' id='word_1_115' title='bbox 503 1538 730 1600; x_wconf 79' lang='grc' dir='ltr'>κτίσεως</span> <span class='ocrx_word' id='word_1_116' title='bbox 779 1535 1015 1602; x_wconf 72' lang='grc' dir='ltr'>εὐσεϐῶς</span> <span class='ocrx_word' id='word_1_117' title='bbox 1061 1539 1394 1616; x_wconf 80' lang='grc' dir='ltr'>ἀγνοούμενα</span> <span class='ocrx_word' id='word_1_118' title='bbox 1445 1541 1784 1615; x_wconf 72' lang='grc' dir='ltr'>ἀγνοοῦντεςο</span> <span class='ocrx_word' id='word_1_119' title='bbox 1840 1541 1892 1595; x_wconf 84' lang='grc' dir='ltr'><strong>έν</strong></span> 
     </span>
    </p>
   </div>
   <div class='ocr_carea' id='block_1_18' title="bbox 240 1627 1947 1705">
    <p class='ocr_par' dir='ltr' id='par_1_18' title="bbox 240 1627 1947 1705">
     <span class='ocr_line' id='line_1_18' title="bbox 240 1627 1947 1705; baseline 0.001 -22"><span class='ocrx_word' id='word_1_120' title='bbox 240 1629 406 1694; x_wconf 73' lang='grc' dir='ltr'>ταύτῃ</span> <span class='ocrx_word' id='word_1_121' title='bbox 455 1629 559 1704; x_wconf 72' lang='grc' dir='ltr'><strong>γάρ</strong></span> <span class='ocrx_word' id='word_1_122' title='bbox 610 1629 828 1691; x_wconf 77' lang='grc' dir='ltr'>στάντες</span> <span class='ocrx_word' id='word_1_123' title='bbox 875 1627 944 1703; x_wconf 70' lang='grc' dir='ltr'><strong>τῇ</strong></span> <span class='ocrx_word' id='word_1_124' title='bbox 999 1628 1226 1702; x_wconf 88' lang='grc' dir='ltr'>ἀγνοίᾳ,</span> <span class='ocrx_word' id='word_1_125' title='bbox 1283 1627 1428 1692; x_wconf 84' lang='grc' dir='ltr'>εἶδος</span> <span class='ocrx_word' id='word_1_126' title='bbox 1484 1630 1747 1705; x_wconf 85' lang='grc' dir='ltr'>γινόμεθα</span> <span class='ocrx_word' id='word_1_127' title='bbox 1798 1635 1894 1684; x_wconf 78' lang='grc' dir='ltr'>τοῦ</span> <span class='ocrx_word' id='word_1_128' title='bbox 1944 1655 1947 1658; x_wconf 57' lang='grc' dir='ltr'><strong>ί</strong></span> 
     </span>
    </p>
   </div>
   <div class='ocr_carea' id='block_1_19' title="bbox 244 1713 1894 1791">
    <p class='ocr_par' dir='ltr' id='par_1_19' title="bbox 244 1713 1894 1791">
     <span class='ocr_line' id='line_1_19' title="bbox 244 1713 1894 1791; baseline 0.001 -22"><span class='ocrx_word' id='word_1_129' title='bbox 244 1717 349 1791; x_wconf 79' lang='grc' dir='ltr'><strong>πρὸ</strong></span> <span class='ocrx_word' id='word_1_130' title='bbox 377 1717 601 1770; x_wconf 86' lang='grc' dir='ltr'>πάντων</span> <span class='ocrx_word' id='word_1_131' title='bbox 655 1713 830 1780; x_wconf 78' lang='grc' dir='ltr'>ὄντος·</span> <span class='ocrx_word' id='word_1_132' title='bbox 880 1714 1127 1779; x_wconf 70' lang='grc' dir='ltr'>ἐάσαντες</span> <span class='ocrx_word' id='word_1_133' title='bbox 1181 1717 1276 1790; x_wconf 75' lang='grc' dir='ltr'>μὲν</span> <span class='ocrx_word' id='word_1_134' title='bbox 1321 1719 1495 1772; x_wconf 82' lang='grc' dir='ltr'>πάντα</span> <span class='ocrx_word' id='word_1_135' title='bbox 1537 1719 1606 1773; x_wconf 82' lang='grc' dir='ltr'><strong>τά</strong></span> <span class='ocrx_word' id='word_1_136' title='bbox 1655 1716 1772 1788; x_wconf 68' lang='grc' dir='ltr'>εἴδη</span> <span class='ocrx_word' id='word_1_137' title='bbox 1805 1717 1894 1772; x_wconf 81' lang='grc' dir='ltr'>καί</span> 
     </span>
    </p>
   </div>
   <div class='ocr_carea' id='block_1_20' title="bbox 243 1803 1896 1885">
    <p class='ocr_par' dir='ltr' id='par_1_20' title="bbox 243 1803 1896 1885">
     <span class='ocr_line' id='line_1_20' title="bbox 243 1803 1896 1885; baseline 0.001 -25"><span class='ocrx_word' id='word_1_138' title='bbox 243 1805 337 1866; x_wconf 67' lang='grc' dir='ltr'><strong>τάς</strong></span> <span class='ocrx_word' id='word_1_139' title='bbox 365 1807 612 1876; x_wconf 76' lang='grc' dir='ltr'>νοήσεις,</span> <span class='ocrx_word' id='word_1_140' title='bbox 644 1805 695 1860; x_wconf 83' lang='grc' dir='ltr'>ἐν</span> <span class='ocrx_word' id='word_1_141' title='bbox 747 1806 949 1880; x_wconf 82' lang='grc' dir='ltr'>ἀφασίᾳ</span> <span class='ocrx_word' id='word_1_142' title='bbox 999 1803 1056 1860; x_wconf 80' lang='grc' dir='ltr'><strong>δὶ</strong></span> <span class='ocrx_word' id='word_1_143' title='bbox 1096 1805 1364 1880; x_wconf 81' lang='grc' dir='ltr'>κρείττονι</span> <span class='ocrx_word' id='word_1_144' title='bbox 1407 1808 1584 1878; x_wconf 82' lang='grc' dir='ltr'>πάσης</span> <span class='ocrx_word' id='word_1_145' title='bbox 1631 1806 1896 1885; x_wconf 81' lang='grc' dir='ltr'>φθέγξεως</span> 
     </span>
    </p>
   </div>
   <div class='ocr_carea' id='block_1_21' title="bbox 249 1891 1896 1973">
    <p class='ocr_par' dir='ltr' id='par_1_21' title="bbox 249 1891 1896 1973">
     <span class='ocr_line' id='line_1_21' title="bbox 249 1891 1896 1973; baseline 0.001 -25"><span class='ocrx_word' id='word_1_146' title='bbox 249 1892 555 1968; x_wconf 70' lang='grc' dir='ltr'>ίδρυμένοι,</span> <span class='ocrx_word' id='word_1_147' title='bbox 587 1898 666 1966; x_wconf 79' lang='grc' dir='ltr'><strong>τῷ</strong></span> <span class='ocrx_word' id='word_1_148' title='bbox 717 1891 858 1967; x_wconf 63' lang='grc' dir='ltr'>μηδὲ</span> <span class='ocrx_word' id='word_1_149' title='bbox 907 1891 1066 1949; x_wconf 76' lang='grc' dir='ltr'><strong>τοῦτο</strong></span> <span class='ocrx_word' id='word_1_150' title='bbox 1115 1895 1420 1969; x_wconf 86' lang='grc' dir='ltr'>γινώσκειν,</span> <span class='ocrx_word' id='word_1_151' title='bbox 1449 1894 1532 1950; x_wconf 76' lang='grc' dir='ltr'><strong>ὅτι</strong></span> <span class='ocrx_word' id='word_1_152' title='bbox 1575 1896 1896 1973; x_wconf 74' lang='grc' dir='ltr'>ἀγνοοῦμενο</span> 
     </span>
    </p>
   </div>
   <div class='ocr_carea' id='block_1_22' title="bbox 252 1980 1897 2058">
    <p class='ocr_par' dir='ltr' id='par_1_22' title="bbox 252 1980 1897 2058">
     <span class='ocr_line' id='line_1_22' title="bbox 252 1980 1897 2058; baseline 0.001 -21"><span class='ocrx_word' id='word_1_153' title='bbox 252 1984 368 2038; x_wconf 77' lang='grc' dir='ltr'>εἶτα</span> <span class='ocrx_word' id='word_1_154' title='bbox 396 1980 562 2036; x_wconf 81' lang='grc' dir='ltr'>πάλιν</span> <span class='ocrx_word' id='word_1_155' title='bbox 617 1983 1046 2058; x_wconf 75' lang='grc' dir='ltr'>ὑποστρέψαντες</span> <span class='ocrx_word' id='word_1_156' title='bbox 1094 1982 1153 2038; x_wconf 84' lang='grc' dir='ltr'>ἐκ</span> <span class='ocrx_word' id='word_1_157' title='bbox 1198 1987 1295 2053; x_wconf 74' lang='grc' dir='ltr'><strong>τῆς</strong></span> <span class='ocrx_word' id='word_1_158' title='bbox 1344 1985 1396 2038; x_wconf 79' lang='grc' dir='ltr'>ἐν</span> <span class='ocrx_word' id='word_1_159' title='bbox 1445 1984 1642 2056; x_wconf 80' lang='grc' dir='ltr'>ἀφασίᾳ</span> <span class='ocrx_word' id='word_1_160' title='bbox 1672 1988 1738 2023; x_wconf 86' lang='grc'><strong>¹⁰⁰</strong></span> <span class='ocrx_word' id='word_1_161' title='bbox 1768 2006 1897 2040; x_wconf 83' lang='grc' dir='ltr'>σιω-</span> 
     </span>
    </p>
   </div>
   <div class='ocr_carea' id='block_1_23' title="bbox 249 2069 1895 2151">
    <p class='ocr_par' dir='ltr' id='par_1_23' title="bbox 249 2069 1895 2151">
     <span class='ocr_line' id='line_1_23' title="bbox 249 2069 1895 2151; baseline 0.001 -25"><span class='ocrx_word' id='word_1_162' title='bbox 249 2077 382 2141; x_wconf 79' lang='grc' dir='ltr'>πῆς,</span> <span class='ocrx_word' id='word_1_163' title='bbox 433 2071 522 2126; x_wconf 75' lang='grc' dir='ltr'><strong>καὶ</strong></span> <span class='ocrx_word' id='word_1_164' title='bbox 576 2072 682 2126; x_wconf 83' lang='grc' dir='ltr'>ἀπὸ</span> <span class='ocrx_word' id='word_1_165' title='bbox 727 2078 828 2140; x_wconf 76' lang='grc' dir='ltr'>τῆς</span> <span class='ocrx_word' id='word_1_166' title='bbox 873 2079 1030 2148; x_wconf 84' lang='grc' dir='ltr'>σιγῆς</span> <span class='ocrx_word' id='word_1_167' title='bbox 1077 2072 1152 2134; x_wconf 83' lang='grc' dir='ltr'><strong>εἰς</strong></span> <span class='ocrx_word' id='word_1_168' title='bbox 1199 2074 1413 2151; x_wconf 78' lang='grc' dir='ltr'>φθέγξιν</span> <span class='ocrx_word' id='word_1_169' title='bbox 1462 2069 1895 2143; x_wconf 88' lang='grc' dir='ltr'>καταϐαίνοντες,</span> 
     </span>
    </p>
   </div>
   <div class='ocr_carea' id='block_1_24' title="bbox 250 2156 1897 2239">
    <p class='ocr_par' dir='ltr' id='par_1_24' title="bbox 250 2156 1897 2239">
     <span class='ocr_line' id='line_1_24' title="bbox 250 2156 1897 2239; baseline 0.002 -26"><span class='ocrx_word' id='word_1_170' title='bbox 250 2159 517 2221; x_wconf 75' lang='grc' dir='ltr'>συνιέντες</span> <span class='ocrx_word' id='word_1_171' title='bbox 551 2156 633 2214; x_wconf 79' lang='grc' dir='ltr'><strong>ὅτι</strong></span> <span class='ocrx_word' id='word_1_172' title='bbox 664 2161 990 2236; x_wconf 77' lang='grc' dir='ltr'>ἠγνοοῦμεν,</span> <span class='ocrx_word' id='word_1_173' title='bbox 1021 2162 1359 2239; x_wconf 74' lang='grc' dir='ltr'>ἀφιστάμεθα</span> <span class='ocrx_word' id='word_1_174' title='bbox 1407 2160 1600 2217; x_wconf 88' lang='grc' dir='ltr'>λοιπὸν</span> <span class='ocrx_word' id='word_1_175' title='bbox 1630 2167 1726 2217; x_wconf 80' lang='grc' dir='ltr'><strong>τοῦ</strong></span> <span class='ocrx_word' id='word_1_176' title='bbox 1774 2163 1897 2238; x_wconf 89' lang='grc' dir='ltr'>περὶ</span> 
     </span>
    </p>
   </div>
   <div class='ocr_carea' id='block_1_25' title="bbox 246 2249 1900 2324">
    <p class='ocr_par' dir='ltr' id='par_1_25' title="bbox 246 2249 1900 2324">
     <span class='ocr_line' id='line_1_25' title="bbox 246 2249 1900 2324; baseline 0.004 -22"><span class='ocrx_word' id='word_1_177' title='bbox 246 2249 534 2323; x_wconf 77' lang='grc' dir='ltr'>ἀγνώστου</span> <span class='ocrx_word' id='word_1_178' title='bbox 587 2254 790 2318; x_wconf 88' lang='grc' dir='ltr'>ζητεῖν.</span> <span class='ocrx_word' id='word_1_179' title='bbox 853 2249 1161 2321; x_wconf 84' lang='grc' dir='ltr'>Παννόητος</span> <span class='ocrx_word' id='word_1_180' title='bbox 1213 2249 1270 2306; x_wconf 74' lang='grc' dir='ltr'><strong>δὲ</strong></span> <span class='ocrx_word' id='word_1_181' title='bbox 1330 2250 1494 2307; x_wconf 89' lang='grc' dir='ltr'>πάλιν</span> <span class='ocrx_word' id='word_1_182' title='bbox 1549 2252 1576 2306; x_wconf 91' lang='grc' dir='ltr'><strong>ὁ</strong></span> <span class='ocrx_word' id='word_1_183' title='bbox 1634 2253 1784 2324; x_wconf 87' lang='grc' dir='ltr'>Θεὸς,</span> <span class='ocrx_word' id='word_1_184' title='bbox 1841 2253 1900 2309; x_wconf 83' lang='grc' dir='ltr'>ἐκ</span> 
     </span>
    </p>
   </div>
   <div class='ocr_carea' id='block_1_26' title="bbox 245 2335 1897 2414">
    <p class='ocr_par' dir='ltr' id='par_1_26' title="bbox 245 2335 1897 2414">
     <span class='ocr_line' id='line_1_26' title="bbox 245 2335 1897 2414; baseline 0.002 -21"><span class='ocrx_word' id='word_1_185' title='bbox 245 2342 350 2393; x_wconf 85' lang='grc' dir='ltr'><strong>τῶν</strong></span> <span class='ocrx_word' id='word_1_186' title='bbox 397 2335 732 2414; x_wconf 82' lang='grc' dir='ltr'>φιλοδώρων</span> <span class='ocrx_word' id='word_1_187' title='bbox 787 2343 1056 2410; x_wconf 82' lang='grc' dir='ltr'>προνοιῶν</span> <span class='ocrx_word' id='word_1_188' title='bbox 1103 2340 1415 2414; x_wconf 73' lang='grc' dir='ltr'>νοούμενος,</span> <span class='ocrx_word' id='word_1_189' title='bbox 1466 2341 1496 2396; x_wconf 79' lang='grc' dir='ltr'>ὅ</span> <span class='ocrx_word' id='word_1_190' title='bbox 1541 2363 1593 2397; x_wconf 87' lang='grc' dir='ltr'><strong>τι</strong></span> <span class='ocrx_word' id='word_1_191' title='bbox 1643 2341 1778 2410; x_wconf 81' lang='grc' dir='ltr'>ἐστὶ,</span> <span class='ocrx_word' id='word_1_192' title='bbox 1809 2344 1897 2398; x_wconf 86' lang='grc' dir='ltr'><strong>καὶ</strong></span> 
     </span>
    </p>
   </div>
   <div class='ocr_carea' id='block_1_27' title="bbox 244 2423 1897 2508">
    <p class='ocr_par' dir='ltr' id='par_1_27' title="bbox 244 2423 1897 2508">
     <span class='ocr_line' id='line_1_27' title="bbox 244 2423 1897 2508; baseline 0.004 -28"><span class='ocrx_word' id='word_1_193' title='bbox 244 2424 303 2480; x_wconf 81' lang='grc' dir='ltr'>ἐκ</span> <span class='ocrx_word' id='word_1_194' title='bbox 355 2431 469 2482; x_wconf 82' lang='grc' dir='ltr'><strong>τῶν</strong></span> <span class='ocrx_word' id='word_1_195' title='bbox 517 2423 1021 2502; x_wconf 82' lang='grc' dir='ltr'>ὃημιουργημάτων</span> <span class='ocrx_word' id='word_1_196' title='bbox 1058 2450 1070 2462; x_wconf 87' lang='grc'><strong>·</strong></span> <span class='ocrx_word' id='word_1_197' title='bbox 1123 2427 1181 2483; x_wconf 75' lang='grc' dir='ltr'>ἐκ</span> <span class='ocrx_word' id='word_1_198' title='bbox 1225 2434 1333 2484; x_wconf 86' lang='grc' dir='ltr'><strong>τῶν</strong></span> <span class='ocrx_word' id='word_1_199' title='bbox 1396 2431 1516 2502; x_wconf 74' lang='grc' dir='ltr'>μὲν,</span> <span class='ocrx_word' id='word_1_200' title='bbox 1573 2431 1656 2486; x_wconf 80' lang='grc' dir='ltr'><strong>ὅτι</strong></span> <span class='ocrx_word' id='word_1_201' title='bbox 1715 2433 1897 2508; x_wconf 78' lang='grc' dir='ltr'>σωτήρ</span> 
     </span>
    </p>
   </div>
   <div class='ocr_carea' id='block_1_28' title="bbox 245 2513 1897 2592">
    <p class='ocr_par' dir='ltr' id='par_1_28' title="bbox 245 2513 1897 2592">
     <span class='ocr_line' id='line_1_28' title="bbox 245 2513 1897 2592; baseline 0.004 -22"><span class='ocrx_word' id='word_1_202' title='bbox 245 2513 408 2570; x_wconf 80' lang='grc' dir='ltr'>έστιν·</span> <span class='ocrx_word' id='word_1_203' title='bbox 464 2513 526 2570; x_wconf 73' lang='grc' dir='ltr'>ἐκ</span> <span class='ocrx_word' id='word_1_204' title='bbox 567 2519 674 2570; x_wconf 89' lang='grc' dir='ltr'><strong>τῶν</strong></span> <span class='ocrx_word' id='word_1_205' title='bbox 716 2514 794 2584; x_wconf 70' lang='grc' dir='ltr'>δὶ,</span> <span class='ocrx_word' id='word_1_206' title='bbox 828 2516 910 2572; x_wconf 76' lang='grc' dir='ltr'><strong>ὅτι</strong></span> <span class='ocrx_word' id='word_1_207' title='bbox 960 2514 1318 2592; x_wconf 81' lang='grc' dir='ltr'>δημιουργός.</span> <span class='ocrx_word' id='word_1_208' title='bbox 1353 2520 1451 2573; x_wconf 81' lang='grc' dir='ltr'><strong>Καὶ</strong></span> <span class='ocrx_word' id='word_1_209' title='bbox 1493 2519 1639 2575; x_wconf 83' lang='grc' dir='ltr'>θέσιν</span> <span class='ocrx_word' id='word_1_210' title='bbox 1674 2519 1767 2592; x_wconf 75' lang='grc' dir='ltr'>μὶν</span> <span class='ocrx_word' id='word_1_211' title='bbox 1796 2522 1897 2590; x_wconf 83' lang='grc' dir='ltr'>τὴν</span> 
     </span>
    </p>
   </div>
   <div class='ocr_carea' id='block_1_29' title="bbox 243 2603 1897 2683">
    <p class='ocr_par' dir='ltr' id='par_1_29' title="bbox 243 2603 1897 2683">
     <span class='ocr_line' id='line_1_29' title="bbox 243 2603 1897 2683; baseline 0.004 -26"><span class='ocrx_word' id='word_1_212' title='bbox 243 2603 472 2679; x_wconf 79' lang='grc' dir='ltr'>ὕπαρξίν</span> <span class='ocrx_word' id='word_1_213' title='bbox 507 2626 696 2678; x_wconf 89' lang='grc' dir='ltr'>φησιν,</span> <span class='ocrx_word' id='word_1_214' title='bbox 727 2605 803 2669; x_wconf 85' lang='grc' dir='ltr'>ὡς</span> <span class='ocrx_word' id='word_1_215' title='bbox 833 2605 884 2676; x_wconf 79' lang='grc' dir='ltr'>ἐξ</span> <span class='ocrx_word' id='word_1_216' title='bbox 932 2606 1098 2676; x_wconf 78' lang='grc' dir='ltr'>αὐτῆς</span> <span class='ocrx_word' id='word_1_217' title='bbox 1125 2614 1226 2677; x_wconf 83' lang='grc' dir='ltr'><strong>τῆς</strong></span> <span class='ocrx_word' id='word_1_218' title='bbox 1273 2609 1488 2663; x_wconf 85' lang='grc' dir='ltr'>πάντων</span> <span class='ocrx_word' id='word_1_219' title='bbox 1531 2605 1698 2679; x_wconf 72' lang='grc' dir='ltr'>οὔσης</span> <span class='ocrx_word' id='word_1_220' title='bbox 1729 2609 1897 2683; x_wconf 83' lang='grc' dir='ltr'>ὑπάρ·</span> 
     </span>
    </p>
   </div>
   <div class='ocr_carea' id='block_1_30' title="bbox 245 2692 1901 2775">
    <p class='ocr_par' dir='ltr' id='par_1_30' title="bbox 245 2692 1901 2775">
     <span class='ocr_line' id='line_1_30' title="bbox 245 2692 1901 2775; baseline 0.003 -27"><span class='ocrx_word' id='word_1_221' title='bbox 245 2693 400 2764; x_wconf 82' lang='grc' dir='ltr'>ξεως.</span> <span class='ocrx_word' id='word_1_222' title='bbox 435 2693 666 2768; x_wconf 83' lang='grc' dir='ltr'>Λέγουσι</span> <span class='ocrx_word' id='word_1_223' title='bbox 697 2692 755 2748; x_wconf 78' lang='grc' dir='ltr'><strong>δὲ</strong></span> <span class='ocrx_word' id='word_1_224' title='bbox 803 2695 892 2748; x_wconf 82' lang='grc' dir='ltr'>καὶ</span> <span class='ocrx_word' id='word_1_225' title='bbox 941 2696 993 2750; x_wconf 77' lang='grc' dir='ltr'>οἱ</span> <span class='ocrx_word' id='word_1_226' title='bbox 1043 2694 1333 2775; x_wconf 84' lang='grc' dir='ltr'>φιλόσοφοι</span> <span class='ocrx_word' id='word_1_227' title='bbox 1385 2699 1527 2761; x_wconf 91' lang='grc' dir='ltr'>θέσιν</span> <span class='ocrx_word' id='word_1_228' title='bbox 1575 2697 1641 2752; x_wconf 80' lang='grc' dir='ltr'><strong>τὰ</strong></span> <span class='ocrx_word' id='word_1_229' title='bbox 1671 2696 1901 2762; x_wconf 86' lang='grc' dir='ltr'>ἐπιτιθέ-</span> 
     </span>
    </p>
   </div>
   <div class='ocr_carea' id='block_1_31' title="bbox 248 2780 1900 2862">
    <p class='ocr_par' dir='ltr' id='par_1_31' title="bbox 248 2780 1900 2862">
     <span class='ocr_line' id='line_1_31' title="bbox 248 2780 1900 2862; baseline 0.004 -26"><span class='ocrx_word' id='word_1_230' title='bbox 248 2804 383 2855; x_wconf 86' lang='grc' dir='ltr'>μενα</span> <span class='ocrx_word' id='word_1_231' title='bbox 438 2780 558 2853; x_wconf 61' lang='grc' dir='ltr'>εἴδη</span> <span class='ocrx_word' id='word_1_232' title='bbox 609 2786 679 2857; x_wconf 72' lang='grc' dir='ltr'><strong>τῇ</strong></span> <span class='ocrx_word' id='word_1_233' title='bbox 733 2781 858 2858; x_wconf 79' lang='grc' dir='ltr'>ὕλῃ·</span> <span class='ocrx_word' id='word_1_234' title='bbox 907 2783 1180 2862; x_wconf 75' lang='grc' dir='ltr'>ἀφαίρεσιν</span> <span class='ocrx_word' id='word_1_235' title='bbox 1226 2783 1306 2854; x_wconf 78' lang='grc' dir='ltr'>δὶ,</span> <span class='ocrx_word' id='word_1_236' title='bbox 1354 2786 1477 2842; x_wconf 79' lang='grc' dir='ltr'>ὅταν</span> <span class='ocrx_word' id='word_1_237' title='bbox 1525 2788 1578 2842; x_wconf 77' lang='grc' dir='ltr'>αἱ</span> <span class='ocrx_word' id='word_1_238' title='bbox 1610 2789 1900 2858; x_wconf 86' lang='grc' dir='ltr'>ποιότητες</span> 
     </span>
    </p>
   </div>
   <div class='ocr_carea' id='block_1_32' title="bbox 246 2870 1900 2953">
    <p class='ocr_par' dir='ltr' id='par_1_32' title="bbox 246 2870 1900 2953">
     <span class='ocr_line' id='line_1_32' title="bbox 246 2870 1900 2953; baseline 0.005 -28"><span class='ocrx_word' id='word_1_239' title='bbox 246 2871 585 2947; x_wconf 72' lang='grc' dir='ltr'>ἀφαιρεθῶσι</span> <span class='ocrx_word' id='word_1_240' title='bbox 633 2875 742 2927; x_wconf 88' lang='grc' dir='ltr'><strong>τῶν</strong></span> <span class='ocrx_word' id='word_1_241' title='bbox 792 2870 969 2928; x_wconf 74' lang='grc' dir='ltr'>εἰδῶνο</span> <span class='ocrx_word' id='word_1_242' title='bbox 1021 2875 1134 2929; x_wconf 81' lang='grc' dir='ltr'>οἷον</span> <span class='ocrx_word' id='word_1_243' title='bbox 1167 2881 1270 2950; x_wconf 81' lang='grc' dir='ltr'><strong>γῆς</strong></span> <span class='ocrx_word' id='word_1_244' title='bbox 1321 2877 1381 2930; x_wconf 84' lang='grc' dir='ltr'>τὸ</span> <span class='ocrx_word' id='word_1_245' title='bbox 1427 2875 1583 2953; x_wconf 73' lang='grc' dir='ltr'>βαρὺ,</span> <span class='ocrx_word' id='word_1_246' title='bbox 1616 2875 1808 2940; x_wconf 79' lang='grc' dir='ltr'>ὕδατος</span> <span class='ocrx_word' id='word_1_247' title='bbox 1839 2880 1900 2933; x_wconf 77' lang='grc' dir='ltr'><strong>τὸ</strong></span> 
     </span>
    </p>
   </div>
   <div class='ocr_carea' id='block_1_33' title="bbox 253 2960 1899 3042">
    <p class='ocr_par' dir='ltr' id='par_1_33' title="bbox 253 2960 1899 3042">
     <span class='ocr_line' id='line_1_33' title="bbox 253 2960 1899 3042; baseline 0.004 -27"><span class='ocrx_word' id='word_1_248' title='bbox 253 2960 444 3036; x_wconf 80' lang='grc' dir='ltr'>ὑγρόν.</span> <span class='ocrx_word' id='word_1_249' title='bbox 478 2962 543 3018; x_wconf 89' lang='grc' dir='ltr'>Ὁ</span> <span class='ocrx_word' id='word_1_250' title='bbox 594 2961 685 3016; x_wconf 75' lang='grc' dir='ltr'><strong>οὖν</strong></span> <span class='ocrx_word' id='word_1_251' title='bbox 738 2963 890 3032; x_wconf 85' lang='grc' dir='ltr'>Θεὸς,</span> <span class='ocrx_word' id='word_1_252' title='bbox 943 2964 970 3018; x_wconf 84' lang='grc' dir='ltr'>ὁ</span> <span class='ocrx_word' id='word_1_253' title='bbox 1017 2963 1107 3018; x_wconf 86' lang='grc' dir='ltr'><strong>καὶ</strong></span> <span class='ocrx_word' id='word_1_254' title='bbox 1152 2968 1321 3019; x_wconf 79' lang='grc' dir='ltr'>ταῦτα</span> <span class='ocrx_word' id='word_1_255' title='bbox 1381 2967 1899 3042; x_wconf 86' lang='grc' dir='ltr'>μετασχηματίζων,</span> 
     </span>
    </p>
   </div>
   <div class='ocr_carea' id='block_1_34' title="bbox 249 3050 1898 3130">
    <p class='ocr_par' dir='ltr' id='par_1_34' title="bbox 249 3050 1898 3130">
     <span class='ocr_line' id='line_1_34' title="bbox 249 3050 1898 3130; baseline 0.005 -27"><span class='ocrx_word' id='word_1_256' title='bbox 249 3052 283 3118; x_wconf 81' lang='grc' dir='ltr'><strong>ἡ</strong></span> <span class='ocrx_word' id='word_1_257' title='bbox 333 3051 558 3106; x_wconf 87' lang='grc' dir='ltr'>πάντων</span> <span class='ocrx_word' id='word_1_258' title='bbox 612 3051 754 3114; x_wconf 83' lang='grc' dir='ltr'>θέσις</span> <span class='ocrx_word' id='word_1_259' title='bbox 803 3050 893 3106; x_wconf 78' lang='grc' dir='ltr'>καὶ</span> <span class='ocrx_word' id='word_1_260' title='bbox 940 3052 1219 3130; x_wconf 88' lang='grc' dir='ltr'>ἀφαίρεσίς</span> <span class='ocrx_word' id='word_1_261' title='bbox 1266 3053 1397 3109; x_wconf 70' lang='grc' dir='ltr'>ἐστι’</span> <span class='ocrx_word' id='word_1_262' title='bbox 1445 3056 1590 3119; x_wconf 82' lang='grc' dir='ltr'>θέσις</span> <span class='ocrx_word' id='word_1_263' title='bbox 1640 3056 1734 3128; x_wconf 76' lang='grc' dir='ltr'>μὲν</span> <span class='ocrx_word' id='word_1_264' title='bbox 1766 3055 1898 3112; x_wconf 85' lang='grc' dir='ltr'>πάν-</span> 
     </span>
    </p>
   </div>
   <div class='ocr_carea' id='block_1_35' title="bbox 247 3139 1898 3216">
    <p class='ocr_par' dir='ltr' id='par_1_35' title="bbox 247 3139 1898 3216">
     <span class='ocr_line' id='line_1_35' title="bbox 247 3139 1898 3216; baseline 0.004 -23"><span class='ocrx_word' id='word_1_265' title='bbox 247 3159 376 3212; x_wconf 73' lang='grc' dir='ltr'><strong>των⁹</strong></span> <span class='ocrx_word' id='word_1_266' title='bbox 410 3139 486 3201; x_wconf 86' lang='grc' dir='ltr'><strong>ὡς</strong></span> <span class='ocrx_word' id='word_1_267' title='bbox 542 3140 612 3194; x_wconf 85' lang='grc' dir='ltr'><strong>τά</strong></span> <span class='ocrx_word' id='word_1_268' title='bbox 665 3141 838 3194; x_wconf 87' lang='grc' dir='ltr'>πάντα</span> <span class='ocrx_word' id='word_1_269' title='bbox 890 3141 998 3203; x_wconf 76' lang='grc' dir='ltr'>θείς</span> <span class='ocrx_word' id='word_1_270' title='bbox 1052 3141 1143 3196; x_wconf 84' lang='grc' dir='ltr'><strong>καὶ</strong></span> <span class='ocrx_word' id='word_1_271' title='bbox 1199 3144 1459 3213; x_wconf 80' lang='grc' dir='ltr'>ποιήσας,</span> <span class='ocrx_word' id='word_1_272' title='bbox 1512 3145 1600 3199; x_wconf 87' lang='grc' dir='ltr'><strong>καὶ</strong></span> <span class='ocrx_word' id='word_1_273' title='bbox 1653 3141 1898 3216; x_wconf 76' lang='grc' dir='ltr'>ἱδρῦσθαι</span> 
     </span>
    </p>
   </div>
   <div class='ocr_carea' id='block_1_36' title="bbox 1999 559 3642 634">
    <p class='ocr_par' dir='ltr' id='par_1_36' title="bbox 1999 559 3642 634">
     <span class='ocr_line' id='line_1_36' title="bbox 1999 559 3642 634; baseline 0.001 -18"><span class='ocrx_word' id='word_1_274' title='bbox 1999 559 2156 616; x_wconf 90' lang='lat' dir='ltr'><strong>enim</strong></span> <span class='ocrx_word' id='word_1_275' title='bbox 2183 561 2368 634; x_wconf 87' lang='lat' dir='ltr'><strong>caligo</strong></span> <span class='ocrx_word' id='word_1_276' title='bbox 2401 566 2491 618; x_wconf 89' lang='lat' dir='ltr'><strong>est</strong></span> <span class='ocrx_word' id='word_1_277' title='bbox 2523 561 2761 628; x_wconf 89' lang='lat' dir='ltr'><strong>mentis,</strong></span> <span class='ocrx_word' id='word_1_278' title='bbox 2794 575 2984 632; x_wconf 88' lang='lat' dir='ltr'><strong>neque</strong></span> <span class='ocrx_word' id='word_1_279' title='bbox 3029 570 3475 632; x_wconf 78' lang='lat' dir='ltr'><strong>cognoscentem</strong></span> <span class='ocrx_word' id='word_1_280' title='bbox 3506 578 3642 618; x_wconf 91' lang='lat' dir='ltr'><strong>eum</strong></span> 
     </span>
    </p>
   </div>
   <div class='ocr_carea' id='block_1_37' title="bbox 2000 648 3643 722">
    <p class='ocr_par' dir='ltr' id='par_1_37' title="bbox 2000 648 3643 722">
     <span class='ocr_line' id='line_1_37' title="bbox 2000 648 3643 722; baseline 0.002 -20"><span class='ocrx_word' id='word_1_281' title='bbox 2000 649 2256 721; x_wconf 85' lang='lat' dir='ltr'><strong>ignorari</strong></span> <span class='ocrx_word' id='word_1_282' title='bbox 2290 650 2390 722; x_wconf 89' lang='lat' dir='ltr'><strong>qui</strong></span> <span class='ocrx_word' id='word_1_283' title='bbox 2423 651 2665 706; x_wconf 89' lang='lat' dir='ltr'><strong>minime</strong></span> <span class='ocrx_word' id='word_1_284' title='bbox 2721 648 2994 721; x_wconf 81' lang='lat' dir='ltr'><strong>cognosci</strong></span> <span class='ocrx_word' id='word_1_285' title='bbox 3050 654 3241 721; x_wconf 85' lang='lat' dir='ltr'><strong>potest</strong></span> <span class='ocrx_word' id='word_1_286' title='bbox 3273 669 3287 716; x_wconf 88' lang='lat'><strong>;</strong></span> <span class='ocrx_word' id='word_1_287' title='bbox 3329 650 3456 720; x_wconf 88' lang='lat' dir='ltr'><strong>ipsa</strong></span> <span class='ocrx_word' id='word_1_288' title='bbox 3487 649 3643 706; x_wconf 88' lang='lat' dir='ltr'><strong>enim</strong></span> 
     </span>
    </p>
   </div>
   <div class='ocr_carea' id='block_1_38' title="bbox 2001 737 3644 812">
    <p class='ocr_par' dir='ltr' id='par_1_38' title="bbox 2001 737 3644 812">
     <span class='ocr_line' id='line_1_38' title="bbox 2001 737 3644 812; baseline 0.001 -18"><span class='ocrx_word' id='word_1_289' title='bbox 2001 748 2088 794; x_wconf 86' lang='lat' dir='ltr'><strong>est</strong></span> <span class='ocrx_word' id='word_1_290' title='bbox 2121 737 2346 810; x_wconf 90' lang='lat' dir='ltr'><strong>species</strong></span> <span class='ocrx_word' id='word_1_291' title='bbox 2378 739 2769 812; x_wconf 82' lang='lat' dir='ltr'><strong>cognitionis:</strong></span> <span class='ocrx_word' id='word_1_292' title='bbox 2804 755 3005 794; x_wconf 89' lang='lat' dir='ltr'><strong>verum</strong></span> <span class='ocrx_word' id='word_1_293' title='bbox 3053 738 3156 794; x_wconf 89' lang='lat' dir='ltr'><strong>illa</strong></span> <span class='ocrx_word' id='word_1_294' title='bbox 3200 737 3563 810; x_wconf 88' lang='lat' dir='ltr'><strong>ignoratione</strong></span> <span class='ocrx_word' id='word_1_295' title='bbox 3595 739 3644 795; x_wconf 92' lang='lat' dir='ltr'><strong>is</strong></span> 
     </span>
    </p>
   </div>
   <div class='ocr_carea' id='block_1_39' title="bbox 2003 827 3648 901">
    <p class='ocr_par' dir='ltr' id='par_1_39' title="bbox 2003 827 3648 901">
     <span class='ocr_line' id='line_1_39' title="bbox 2003 827 3648 901; baseline 0.001 -18"><span class='ocrx_word' id='word_1_296' title='bbox 2003 828 2100 898; x_wconf 89' lang='lat' dir='ltr'><strong>qui</strong></span> <span class='ocrx_word' id='word_1_297' title='bbox 2127 829 2401 901; x_wconf 83' lang='lat' dir='ltr'><strong>cognosci</strong></span> <span class='ocrx_word' id='word_1_298' title='bbox 2434 832 2644 900; x_wconf 83' lang='lat' dir='ltr'><strong>potest,</strong></span> <span class='ocrx_word' id='word_1_299' title='bbox 2679 827 3080 900; x_wconf 90' lang='lat' dir='ltr'><strong>cognoscitur,</strong></span> <span class='ocrx_word' id='word_1_300' title='bbox 3114 843 3214 899; x_wconf 92' lang='lat' dir='ltr'><strong>per</strong></span> <span class='ocrx_word' id='word_1_301' title='bbox 3258 843 3432 899; x_wconf 89' lang='lat' dir='ltr'><strong>quam</strong></span> <span class='ocrx_word' id='word_1_302' title='bbox 3466 844 3648 900; x_wconf 86' lang='lat' dir='ltr'><strong>supra</strong></span> 
     </span>
    </p>
   </div>
   <div class='ocr_carea' id='block_1_40' title="bbox 2003 916 3645 990">
    <p class='ocr_par' dir='ltr' id='par_1_40' title="bbox 2003 916 3645 990">
     <span class='ocr_line' id='line_1_40' title="bbox 2003 916 3645 990; baseline -0.002 -17"><span class='ocrx_word' id='word_1_303' title='bbox 2003 917 2366 989; x_wconf 85' lang='lat' dir='ltr'><strong>cognitiones</strong></span> <span class='ocrx_word' id='word_1_304' title='bbox 2399 917 2700 990; x_wconf 80' lang='lat' dir='ltr'><strong>simplices</strong></span> <span class='ocrx_word' id='word_1_305' title='bbox 2749 916 3060 982; x_wconf 86' lang='lat' dir='ltr'><strong>efficimur,</strong></span> <span class='ocrx_word' id='word_1_306' title='bbox 3095 933 3222 988; x_wconf 71' lang='lat' dir='ltr'><strong>qua:</strong></span> <span class='ocrx_word' id='word_1_307' title='bbox 3271 917 3412 972; x_wconf 89' lang='lat' dir='ltr'><strong>dum</strong></span> <span class='ocrx_word' id='word_1_308' title='bbox 3448 916 3645 972; x_wconf 86' lang='lat' dir='ltr'><strong>multi-</strong></span> 
     </span>
    </p>
   </div>
   <div class='ocr_carea' id='block_1_41' title="bbox 2004 1006 3646 1080">
    <p class='ocr_par' dir='ltr' id='par_1_41' title="bbox 2004 1006 3646 1080">
     <span class='ocr_line' id='line_1_41' title="bbox 2004 1006 3646 1080; baseline -0.001 -18"><span class='ocrx_word' id='word_1_309' title='bbox 2004 1007 2314 1080; x_wconf 89' lang='lat' dir='ltr'><strong>plicantur,</strong></span> <span class='ocrx_word' id='word_1_310' title='bbox 2348 1006 3030 1078; x_wconf 87' lang='lat' dir='ltr'><strong>dividunturiterumque</strong></span> <span class='ocrx_word' id='word_1_311' title='bbox 3051 1007 3494 1078; x_wconf 87' lang='lat' dir='ltr'><strong>conjunguntur</strong></span> <span class='ocrx_word' id='word_1_312' title='bbox 3514 1022 3646 1062; x_wconf 88' lang='lat' dir='ltr'><strong>cum</strong></span> 
     </span>
    </p>
   </div>
   <div class='ocr_carea' id='block_1_42' title="bbox 2003 1095 3709 1167">
    <p class='ocr_par' dir='ltr' id='par_1_42' title="bbox 2003 1095 3709 1167">
     <span class='ocr_line' id='line_1_42' title="bbox 2003 1095 3709 1167; baseline -0.001 -15"><span class='ocrx_word' id='word_1_313' title='bbox 2003 1114 2119 1152; x_wconf 90' lang='lat' dir='ltr'><strong>non</strong></span> <span class='ocrx_word' id='word_1_314' title='bbox 2150 1097 2269 1152; x_wconf 92' lang='lat' dir='ltr'><strong>sint</strong></span> <span class='ocrx_word' id='word_1_315' title='bbox 2301 1096 2518 1152; x_wconf 87' lang='lat' dir='ltr'><strong>unitas.</strong></span> <span class='ocrx_word' id='word_1_316' title='bbox 2550 1096 2774 1151; x_wconf 86' lang='lat' dir='ltr'><strong>Idcirco</strong></span> <span class='ocrx_word' id='word_1_317' title='bbox 2805 1095 2987 1167; x_wconf 78' lang='lat' dir='ltr'><strong>igitur</strong></span> <span class='ocrx_word' id='word_1_318' title='bbox 3033 1112 3270 1151; x_wconf 89' lang='lat' dir='ltr'><strong>omnem</strong></span> <span class='ocrx_word' id='word_1_319' title='bbox 3301 1097 3372 1151; x_wconf 91' lang='lat' dir='ltr'><strong>de</strong></span> <span class='ocrx_word' id='word_1_320' title='bbox 3408 1097 3519 1152; x_wconf 90' lang='lat' dir='ltr'><strong>Deo</strong></span> <span class='ocrx_word' id='word_1_321' title='bbox 3551 1113 3645 1152; x_wconf 91' lang='lat' dir='ltr'><strong>co-</strong></span> <span class='ocrx_word' id='word_1_322' title='bbox 3708 1131 3709 1134; x_wconf 60' lang='grc' dir='ltr'><strong>η</strong></span> 
     </span>
    </p>
   </div>
   <div class='ocr_carea' id='block_1_43' title="bbox 2003 1184 3646 1258">
    <p class='ocr_par' dir='ltr' id='par_1_43' title="bbox 2003 1184 3646 1258">
     <span class='ocr_line' id='line_1_43' title="bbox 2003 1184 3646 1258; baseline 0 -17"><span class='ocrx_word' id='word_1_323' title='bbox 2003 1186 2346 1258; x_wconf 87' lang='lat' dir='ltr'><strong>gitationem</strong></span> <span class='ocrx_word' id='word_1_324' title='bbox 2407 1186 2886 1241; x_wconf 85' lang='lat' dir='ltr'><strong>transcendentes</strong></span> <span class='ocrx_word' id='word_1_325' title='bbox 2964 1184 3263 1256; x_wconf 88' lang='lat' dir='ltr'><strong>simplices</strong></span> <span class='ocrx_word' id='word_1_326' title='bbox 3335 1185 3646 1256; x_wconf 86' lang='lat' dir='ltr'><strong>efﬁcimur,</strong></span> 
     </span>
    </p>
   </div>
   <div class='ocr_carea' id='block_1_44' title="bbox 2005 1273 3648 1346">
    <p class='ocr_par' dir='ltr' id='par_1_44' title="bbox 2005 1273 3648 1346">
     <span class='ocr_line' id='line_1_44' title="bbox 2005 1273 3648 1346; baseline -0.001 -17"><span class='ocrx_word' id='word_1_327' title='bbox 2005 1276 2340 1346; x_wconf 86' lang='lat' dir='ltr'><strong>ignorantes</strong></span> <span class='ocrx_word' id='word_1_328' title='bbox 2372 1274 2582 1330; x_wconf 89' lang='lat' dir='ltr'><strong>deinde</strong></span> <span class='ocrx_word' id='word_1_329' title='bbox 2613 1279 2670 1329; x_wconf 89' lang='lat' dir='ltr'><strong>et</strong></span> <span class='ocrx_word' id='word_1_330' title='bbox 2692 1291 2808 1329; x_wconf 90' lang='lat' dir='ltr'><strong>non</strong></span> <span class='ocrx_word' id='word_1_331' title='bbox 2829 1273 3230 1330; x_wconf 87' lang='lat' dir='ltr'><strong>discernentes</strong></span> <span class='ocrx_word' id='word_1_332' title='bbox 3252 1278 3488 1345; x_wconf 86' lang='lat' dir='ltr'><strong>propter</strong></span> <span class='ocrx_word' id='word_1_333' title='bbox 3517 1274 3648 1329; x_wconf 88' lang='lat' dir='ltr'><strong>uni-</strong></span> 
     </span>
    </p>
   </div>
   <div class='ocr_carea' id='block_1_45' title="bbox 2006 1361 3648 1434">
    <p class='ocr_par' dir='ltr' id='par_1_45' title="bbox 2006 1361 3648 1434">
     <span class='ocr_line' id='line_1_45' title="bbox 2006 1361 3648 1434; baseline 0.001 -16"><span class='ocrx_word' id='word_1_334' title='bbox 2006 1364 2146 1418; x_wconf 81' lang='lat' dir='ltr'><strong>tatis</strong></span> <span class='ocrx_word' id='word_1_335' title='bbox 2177 1368 2395 1418; x_wconf 87' lang='lat' dir='ltr'><strong>statum</strong></span> <span class='ocrx_word' id='word_1_336' title='bbox 2431 1367 2866 1434; x_wconf 85' lang='lat' dir='ltr'><strong>permanentes,</strong></span> <span class='ocrx_word' id='word_1_337' title='bbox 2899 1366 2956 1418; x_wconf 89' lang='lat' dir='ltr'><strong>et</strong></span> <span class='ocrx_word' id='word_1_338' title='bbox 3013 1361 3259 1417; x_wconf 84' lang='lat' dir='ltr'><strong>ﬁrmiter</strong></span> <span class='ocrx_word' id='word_1_339' title='bbox 3315 1362 3375 1417; x_wconf 91' lang='lat' dir='ltr'><strong>in</strong></span> <span class='ocrx_word' id='word_1_340' title='bbox 3426 1363 3648 1419; x_wconf 88' lang='lat' dir='ltr'><strong>unitate</strong></span> 
     </span>
    </p>
   </div>
   <div class='ocr_carea' id='block_1_46' title="bbox 2004 1450 3648 1524">
    <p class='ocr_par' dir='ltr' id='par_1_46' title="bbox 2004 1450 3648 1524">
     <span class='ocr_line' id='line_1_46' title="bbox 2004 1450 3648 1524; baseline -0.001 -17"><span class='ocrx_word' id='word_1_341' title='bbox 2004 1453 2417 1520; x_wconf 86' lang='lat' dir='ltr'><strong>consistentes,</strong></span> <span class='ocrx_word' id='word_1_342' title='bbox 2451 1453 2793 1524; x_wconf 84' lang='lat' dir='ltr'><strong>ignoramus</strong></span> <span class='ocrx_word' id='word_1_343' title='bbox 2837 1469 2943 1507; x_wconf 89' lang='lat' dir='ltr'><strong>nos</strong></span> <span class='ocrx_word' id='word_1_344' title='bbox 2975 1450 3265 1523; x_wconf 90' lang='lat' dir='ltr'><strong>ignorare,</strong></span> <span class='ocrx_word' id='word_1_345' title='bbox 3299 1452 3355 1505; x_wconf 90' lang='lat' dir='ltr'><strong>id</strong></span> <span class='ocrx_word' id='word_1_346' title='bbox 3387 1455 3476 1508; x_wconf 90' lang='lat' dir='ltr'><strong>est</strong></span> <span class='ocrx_word' id='word_1_347' title='bbox 3500 1451 3648 1506; x_wconf 84' lang='lat' dir='ltr'><strong>nihil</strong></span> 
     </span>
    </p>
   </div>
   <div class='ocr_carea' id='block_1_47' title="bbox 2005 1539 3648 1612">
    <p class='ocr_par' dir='ltr' id='par_1_47' title="bbox 2005 1539 3648 1612">
     <span class='ocr_line' id='line_1_47' title="bbox 2005 1539 3648 1612; baseline 0 -16"><span class='ocrx_word' id='word_1_348' title='bbox 2005 1541 2164 1596; x_wconf 84' lang='lat' dir='ltr'><strong>aliud</strong></span> <span class='ocrx_word' id='word_1_349' title='bbox 2197 1541 2474 1610; x_wconf 85' lang='lat' dir='ltr'><strong>scientes,</strong></span> <span class='ocrx_word' id='word_1_350' title='bbox 2510 1558 2616 1596; x_wconf 90' lang='lat' dir='ltr'><strong>nos</strong></span> <span class='ocrx_word' id='word_1_351' title='bbox 2649 1546 2714 1597; x_wconf 92' lang='lat' dir='ltr'><strong>ut</strong></span> <span class='ocrx_word' id='word_1_352' title='bbox 2771 1542 2946 1596; x_wconf 86' lang='lat' dir='ltr'><strong>rudes</strong></span> <span class='ocrx_word' id='word_1_353' title='bbox 2996 1540 3361 1612; x_wconf 83' lang='lat' dir='ltr'><strong>ignoramus,</strong></span> <span class='ocrx_word' id='word_1_354' title='bbox 3389 1539 3648 1596; x_wconf 86' lang='lat' dir='ltr'><strong>valentes</strong></span> 
     </span>
    </p>
   </div>
   <div class='ocr_carea' id='block_1_48' title="bbox 2005 1629 3648 1702">
    <p class='ocr_par' dir='ltr' id='par_1_48' title="bbox 2005 1629 3648 1702">
     <span class='ocr_line' id='line_1_48' title="bbox 2005 1629 3648 1702; baseline -0.002 -16"><span class='ocrx_word' id='word_1_355' title='bbox 2005 1647 2073 1687; x_wconf 87' lang='lat' dir='ltr'><strong>ea</strong></span> <span class='ocrx_word' id='word_1_356' title='bbox 2093 1630 2318 1686; x_wconf 87' lang='lat' dir='ltr'><strong>discere</strong></span> <span class='ocrx_word' id='word_1_357' title='bbox 2339 1647 2468 1702; x_wconf 70' lang='lat' dir='ltr'><strong>quae</strong></span> <span class='ocrx_word' id='word_1_358' title='bbox 2508 1630 2812 1700; x_wconf 88' lang='lat' dir='ltr'><strong>hucusque</strong></span> <span class='ocrx_word' id='word_1_359' title='bbox 2867 1630 3232 1702; x_wconf 84' lang='lat' dir='ltr'><strong>ignoramus,</strong></span> <span class='ocrx_word' id='word_1_360' title='bbox 3265 1629 3365 1684; x_wconf 88' lang='lat' dir='ltr'><strong>sed</strong></span> <span class='ocrx_word' id='word_1_361' title='bbox 3423 1645 3492 1684; x_wconf 89' lang='lat' dir='ltr'><strong>ea</strong></span> <span class='ocrx_word' id='word_1_362' title='bbox 3523 1646 3648 1699; x_wconf 71' lang='lat' dir='ltr'><strong>quae</strong></span> 
     </span>
    </p>
   </div>
   <div class='ocr_carea' id='block_1_49' title="bbox 2005 1716 3651 1792">
    <p class='ocr_par' dir='ltr' id='par_1_49' title="bbox 2005 1716 3651 1792">
     <span class='ocr_line' id='line_1_49' title="bbox 2005 1716 3651 1792; baseline -0.001 -16"><span class='ocrx_word' id='word_1_363' title='bbox 2005 1721 2078 1776; x_wconf 88' lang='lat' dir='ltr'><strong>ab</strong></span> <span class='ocrx_word' id='word_1_364' title='bbox 2140 1720 2410 1776; x_wconf 88' lang='lat' dir='ltr'><strong>universa</strong></span> <span class='ocrx_word' id='word_1_365' title='bbox 2477 1722 2700 1776; x_wconf 85' lang='lat' dir='ltr'><strong>ratione</strong></span> <span class='ocrx_word' id='word_1_366' title='bbox 2758 1718 3002 1792; x_wconf 58' lang='lat' dir='ltr'><strong>praedita</strong></span> <span class='ocrx_word' id='word_1_367' title='bbox 3064 1721 3331 1774; x_wconf 86' lang='lat' dir='ltr'><strong>creatura</strong></span> <span class='ocrx_word' id='word_1_368' title='bbox 3381 1716 3651 1790; x_wconf 89' lang='lat' dir='ltr'><strong>religiose</strong></span> 
     </span>
    </p>
   </div>
   <div class='ocr_carea' id='block_1_50' title="bbox 2005 1806 3648 1882">
    <p class='ocr_par' dir='ltr' id='par_1_50' title="bbox 2005 1806 3648 1882">
     <span class='ocr_line' id='line_1_50' title="bbox 2005 1806 3648 1882; baseline 0.001 -20"><span class='ocrx_word' id='word_1_369' title='bbox 2005 1808 2374 1882; x_wconf 88' lang='lat' dir='ltr'><strong>ignorantur,</strong></span> <span class='ocrx_word' id='word_1_370' title='bbox 2434 1809 2771 1880; x_wconf 85' lang='lat' dir='ltr'><strong>ignorantes</strong></span> <span class='ocrx_word' id='word_1_371' title='bbox 2823 1826 2838 1877; x_wconf 89' lang='lat'><strong>;</strong></span> <span class='ocrx_word' id='word_1_372' title='bbox 2888 1807 2948 1862; x_wconf 91' lang='lat' dir='ltr'><strong>in</strong></span> <span class='ocrx_word' id='word_1_373' title='bbox 3004 1809 3115 1863; x_wconf 87' lang='lat' dir='ltr'><strong>hac</strong></span> <span class='ocrx_word' id='word_1_374' title='bbox 3165 1806 3463 1878; x_wconf 88' lang='lat' dir='ltr'><strong>siquidem</strong></span> <span class='ocrx_word' id='word_1_375' title='bbox 3503 1822 3648 1877; x_wconf 84' lang='lat' dir='ltr'><strong>per-</strong></span> 
     </span>
    </p>
   </div>
   <div class='ocr_carea' id='block_1_51' title="bbox 2007 1895 3649 1970">
    <p class='ocr_par' dir='ltr' id='par_1_51' title="bbox 2007 1895 3649 1970">
     <span class='ocr_line' id='line_1_51' title="bbox 2007 1895 3649 1970; baseline -0.002 -16"><span class='ocrx_word' id='word_1_376' title='bbox 2007 1899 2289 1954; x_wconf 87' lang='lat' dir='ltr'><strong>sistentes</strong></span> <span class='ocrx_word' id='word_1_377' title='bbox 2319 1897 2705 1970; x_wconf 87' lang='lat' dir='ltr'><strong>ignoratione,</strong></span> <span class='ocrx_word' id='word_1_378' title='bbox 2757 1896 3048 1952; x_wconf 83' lang='lat' dir='ltr'><strong>efficimur</strong></span> <span class='ocrx_word' id='word_1_379' title='bbox 3095 1895 3280 1952; x_wconf 86' lang='lat' dir='ltr'><strong>forma</strong></span> <span class='ocrx_word' id='word_1_380' title='bbox 3334 1897 3462 1967; x_wconf 88' lang='lat' dir='ltr'><strong>ejus</strong></span> <span class='ocrx_word' id='word_1_381' title='bbox 3497 1895 3649 1966; x_wconf 88' lang='lat' dir='ltr'><strong>quod</strong></span> 
     </span>
    </p>
   </div>
   <div class='ocr_carea' id='block_1_52' title="bbox 2008 1984 3652 2057">
    <p class='ocr_par' dir='ltr' id='par_1_52' title="bbox 2008 1984 3652 2057">
     <span class='ocr_line' id='line_1_52' title="bbox 2008 1984 3652 2057; baseline 0 -16"><span class='ocrx_word' id='word_1_382' title='bbox 2008 1990 2144 2042; x_wconf 87' lang='lat' dir='ltr'><strong>ante</strong></span> <span class='ocrx_word' id='word_1_383' title='bbox 2173 1986 2375 2041; x_wconf 89' lang='lat' dir='ltr'><strong>omnia</strong></span> <span class='ocrx_word' id='word_1_384' title='bbox 2405 1987 2654 2054; x_wconf 81' lang='lat' dir='ltr'><strong>exsistit,</strong></span> <span class='ocrx_word' id='word_1_385' title='bbox 2718 1984 3080 2057; x_wconf 86' lang='lat' dir='ltr'><strong>negligentes</strong></span> <span class='ocrx_word' id='word_1_386' title='bbox 3134 1985 3374 2056; x_wconf 89' lang='lat' dir='ltr'><strong>quidem</strong></span> <span class='ocrx_word' id='word_1_387' title='bbox 3432 1984 3652 2041; x_wconf 85' lang='lat' dir='ltr'><strong>formas</strong></span> 
     </span>
    </p>
   </div>
   <div class='ocr_carea' id='block_1_53' title="bbox 2007 2076 3653 2147">
    <p class='ocr_par' dir='ltr' id='par_1_53' title="bbox 2007 2076 3653 2147">
     <span class='ocr_line' id='line_1_53' title="bbox 2007 2076 3653 2147; baseline -0.002 -14"><span class='ocrx_word' id='word_1_388' title='bbox 2007 2094 2237 2147; x_wconf 87' lang='lat' dir='ltr'><strong>omnes,</strong></span> <span class='ocrx_word' id='word_1_389' title='bbox 2268 2077 2327 2132; x_wconf 89' lang='lat' dir='ltr'><strong>in</strong></span> <span class='ocrx_word' id='word_1_390' title='bbox 2358 2076 2592 2134; x_wconf 84' lang='lat' dir='ltr'><strong>silentio</strong></span> <span class='ocrx_word' id='word_1_391' title='bbox 2623 2080 2820 2132; x_wconf 90' lang='lat' dir='ltr'><strong>autem</strong></span> <span class='ocrx_word' id='word_1_392' title='bbox 2854 2091 3123 2132; x_wconf 88' lang='lat' dir='ltr'><strong>sermone</strong></span> <span class='ocrx_word' id='word_1_393' title='bbox 3169 2076 3331 2132; x_wconf 91' lang='lat' dir='ltr'><strong>omni</strong></span> <span class='ocrx_word' id='word_1_394' title='bbox 3367 2078 3653 2146; x_wconf 65' lang='lat' dir='ltr'><strong>prastan-</strong></span> 
     </span>
    </p>
   </div>
   <div class='ocr_carea' id='block_1_54' title="bbox 2007 2164 3650 2235">
    <p class='ocr_par' dir='ltr' id='par_1_54' title="bbox 2007 2164 3650 2235">
     <span class='ocr_line' id='line_1_54' title="bbox 2007 2164 3650 2235; baseline 0.001 -15"><span class='ocrx_word' id='word_1_395' title='bbox 2007 2166 2141 2222; x_wconf 89' lang='lat' dir='ltr'><strong>tiori</strong></span> <span class='ocrx_word' id='word_1_396' title='bbox 2174 2165 2612 2231; x_wconf 87' lang='lat' dir='ltr'><strong>constituimur,</strong></span> <span class='ocrx_word' id='word_1_397' title='bbox 2663 2164 2966 2232; x_wconf 90' lang='lat' dir='ltr'><strong>nimirum,</strong></span> <span class='ocrx_word' id='word_1_398' title='bbox 3027 2180 3217 2235; x_wconf 89' lang='lat' dir='ltr'><strong>neque</strong></span> <span class='ocrx_word' id='word_1_399' title='bbox 3272 2164 3382 2220; x_wconf 93' lang='lat' dir='ltr'><strong>hoc</strong></span> <span class='ocrx_word' id='word_1_400' title='bbox 3438 2181 3650 2235; x_wconf 88' lang='lat' dir='ltr'><strong>cogno-</strong></span> 
     </span>
    </p>
   </div>
   <div class='ocr_carea' id='block_1_55' title="bbox 2008 2255 3650 2326">
    <p class='ocr_par' dir='ltr' id='par_1_55' title="bbox 2008 2255 3650 2326">
     <span class='ocr_line' id='line_1_55' title="bbox 2008 2255 3650 2326; baseline 0 -16"><span class='ocrx_word' id='word_1_401' title='bbox 2008 2271 2188 2324; x_wconf 88' lang='lat' dir='ltr'><strong>scere,</strong></span> <span class='ocrx_word' id='word_1_402' title='bbox 2224 2255 2378 2326; x_wconf 91' lang='lat' dir='ltr'><strong>quod</strong></span> <span class='ocrx_word' id='word_1_403' title='bbox 2429 2255 2796 2325; x_wconf 89' lang='lat' dir='ltr'><strong>ignoramus,</strong></span> <span class='ocrx_word' id='word_1_404' title='bbox 2854 2258 3056 2324; x_wconf 89' lang='lat' dir='ltr'><strong>postea</strong></span> <span class='ocrx_word' id='word_1_405' title='bbox 3099 2270 3306 2309; x_wconf 88' lang='lat' dir='ltr'><strong>rursus</strong></span> <span class='ocrx_word' id='word_1_406' title='bbox 3363 2271 3397 2308; x_wconf 88' lang='lat' dir='ltr'><strong>a</strong></span> <span class='ocrx_word' id='word_1_407' title='bbox 3444 2259 3650 2311; x_wconf 88' lang='lat' dir='ltr'><strong>mutuo</strong></span> 
     </span>
    </p>
   </div>
   <div class='ocr_carea' id='block_1_56' title="bbox 2008 2341 3650 2412">
    <p class='ocr_par' dir='ltr' id='par_1_56' title="bbox 2008 2341 3650 2412">
     <span class='ocr_line' id='line_1_56' title="bbox 2008 2341 3650 2412; baseline -0.001 -12"><span class='ocrx_word' id='word_1_408' title='bbox 2008 2344 2241 2400; x_wconf 89' lang='lat' dir='ltr'><strong>silentio</strong></span> <span class='ocrx_word' id='word_1_409' title='bbox 2271 2343 2558 2412; x_wconf 89' lang='lat' dir='ltr'><strong>conversi,</strong></span> <span class='ocrx_word' id='word_1_410' title='bbox 2591 2347 2648 2397; x_wconf 88' lang='lat' dir='ltr'><strong>et</strong></span> <span class='ocrx_word' id='word_1_411' title='bbox 2685 2359 2719 2397; x_wconf 90' lang='lat' dir='ltr'><strong>a</strong></span> <span class='ocrx_word' id='word_1_412' title='bbox 2748 2341 3145 2398; x_wconf 82' lang='lat' dir='ltr'><strong>taciturnitate</strong></span> <span class='ocrx_word' id='word_1_413' title='bbox 3197 2341 3269 2397; x_wconf 88' lang='lat' dir='ltr'><strong>ad</strong></span> <span class='ocrx_word' id='word_1_414' title='bbox 3318 2357 3650 2398; x_wconf 88' lang='lat' dir='ltr'><strong>sermonem</strong></span> 
     </span>
    </p>
   </div>
   <div class='ocr_carea' id='block_1_57' title="bbox 2011 2429 3653 2502">
    <p class='ocr_par' dir='ltr' id='par_1_57' title="bbox 2011 2429 3653 2502">
     <span class='ocr_line' id='line_1_57' title="bbox 2011 2429 3653 2502; baseline -0.001 -15"><span class='ocrx_word' id='word_1_415' title='bbox 2011 2431 2457 2498; x_wconf 89' lang='lat' dir='ltr'><strong>descendentes,</strong></span> <span class='ocrx_word' id='word_1_416' title='bbox 2489 2432 2631 2485; x_wconf 91' lang='lat' dir='ltr'><strong>dum</strong></span> <span class='ocrx_word' id='word_1_417' title='bbox 2662 2429 3044 2502; x_wconf 89' lang='lat' dir='ltr'><strong>intelligimus</strong></span> <span class='ocrx_word' id='word_1_418' title='bbox 3074 2447 3182 2486; x_wconf 89' lang='lat' dir='ltr'><strong>nos</strong></span> <span class='ocrx_word' id='word_1_419' title='bbox 3204 2429 3494 2502; x_wconf 85' lang='lat' dir='ltr'><strong>ignorare,</strong></span> <span class='ocrx_word' id='word_1_420' title='bbox 3517 2430 3653 2485; x_wconf 88' lang='lat' dir='ltr'><strong>abs-</strong></span> 
     </span>
    </p>
   </div>
   <div class='ocr_carea' id='block_1_58' title="bbox 2007 2517 3652 2591">
    <p class='ocr_par' dir='ltr' id='par_1_58' title="bbox 2007 2517 3652 2591">
     <span class='ocr_line' id='line_1_58' title="bbox 2007 2517 3652 2591; baseline -0.002 -15"><span class='ocrx_word' id='word_1_421' title='bbox 2007 2522 2266 2576; x_wconf 87' lang='lat' dir='ltr'><strong>tinemus</strong></span> <span class='ocrx_word' id='word_1_422' title='bbox 2297 2524 2501 2591; x_wconf 88' lang='lat' dir='ltr'><strong>postea</strong></span> <span class='ocrx_word' id='word_1_423' title='bbox 2529 2519 2601 2575; x_wconf 89' lang='lat' dir='ltr'><strong>ab</strong></span> <span class='ocrx_word' id='word_1_424' title='bbox 2633 2520 2761 2590; x_wconf 91' lang='lat' dir='ltr'><strong>ejus</strong></span> <span class='ocrx_word' id='word_1_425' title='bbox 2793 2519 2948 2590; x_wconf 90' lang='lat' dir='ltr'><strong>quod</strong></span> <span class='ocrx_word' id='word_1_426' title='bbox 3006 2518 3277 2589; x_wconf 86' lang='lat' dir='ltr'><strong>cognosci</strong></span> <span class='ocrx_word' id='word_1_427' title='bbox 3325 2517 3528 2589; x_wconf 88' lang='lat' dir='ltr'><strong>nequit</strong></span> <span class='ocrx_word' id='word_1_428' title='bbox 3558 2518 3652 2573; x_wconf 89' lang='lat' dir='ltr'><strong>in-</strong></span> 
     </span>
    </p>
   </div>
   <div class='ocr_carea' id='block_1_59' title="bbox 2010 2606 3654 2679">
    <p class='ocr_par' dir='ltr' id='par_1_59' title="bbox 2010 2606 3654 2679">
     <span class='ocr_line' id='line_1_59' title="bbox 2010 2606 3654 2679; baseline -0.001 -15"><span class='ocrx_word' id='word_1_429' title='bbox 2010 2608 2346 2679; x_wconf 85' lang='lat' dir='ltr'><strong>quisitione.</strong></span> <span class='ocrx_word' id='word_1_430' title='bbox 2383 2608 2614 2664; x_wconf 84' lang='lat' dir='ltr'><strong>Rursus</strong></span> <span class='ocrx_word' id='word_1_431' title='bbox 2647 2623 2781 2663; x_wconf 88' lang='lat' dir='ltr'><strong>vero</strong></span> <span class='ocrx_word' id='word_1_432' title='bbox 2814 2611 2964 2663; x_wconf 92' lang='lat' dir='ltr'><strong>Deus</strong></span> <span class='ocrx_word' id='word_1_433' title='bbox 2993 2607 3219 2663; x_wconf 78' lang='lat' dir='ltr'><strong>omnino</strong></span> <span class='ocrx_word' id='word_1_434' title='bbox 3270 2606 3654 2676; x_wconf 76' lang='lat' dir='ltr'><strong>intelligibitis</strong></span> 
     </span>
    </p>
   </div>
   <div class='ocr_carea' id='block_1_60' title="bbox 2009 2695 3654 2770">
    <p class='ocr_par' dir='ltr' id='par_1_60' title="bbox 2009 2695 3654 2770">
     <span class='ocr_line' id='line_1_60' title="bbox 2009 2695 3654 2770; baseline -0.001 -17"><span class='ocrx_word' id='word_1_435' title='bbox 2009 2698 2390 2770; x_wconf 87' lang='lat' dir='ltr'><strong>dicitur,quia</strong></span> <span class='ocrx_word' id='word_1_436' title='bbox 2417 2714 2486 2752; x_wconf 87' lang='lat' dir='ltr'><strong>ex</strong></span> <span class='ocrx_word' id='word_1_437' title='bbox 2515 2695 2741 2752; x_wconf 84' lang='lat' dir='ltr'><strong>liberali</strong></span> <span class='ocrx_word' id='word_1_438' title='bbox 2765 2696 3128 2768; x_wconf 76' lang='lat' dir='ltr'><strong>providentia</strong></span> <span class='ocrx_word' id='word_1_439' title='bbox 3146 2695 3654 2768; x_wconf 88' lang='lat' dir='ltr'><strong>etoperationibus</strong></span> 
     </span>
    </p>
   </div>
   <div class='ocr_carea' id='block_1_61' title="bbox 2010 2785 3656 2859">
    <p class='ocr_par' dir='ltr' id='par_1_61' title="bbox 2010 2785 3656 2859">
     <span class='ocr_line' id='line_1_61' title="bbox 2010 2785 3656 2859; baseline -0.001 -17"><span class='ocrx_word' id='word_1_440' title='bbox 2010 2785 2376 2859; x_wconf 88' lang='lat' dir='ltr'><strong>agnoscitur,</strong></span> <span class='ocrx_word' id='word_1_441' title='bbox 2400 2786 2542 2857; x_wconf 90' lang='lat' dir='ltr'><strong>quid</strong></span> <span class='ocrx_word' id='word_1_442' title='bbox 2575 2785 2686 2853; x_wconf 85' lang='lat' dir='ltr'><strong>sit;</strong></span> <span class='ocrx_word' id='word_1_443' title='bbox 2737 2801 2806 2840; x_wconf 83' lang='lat' dir='ltr'><strong>ex</strong></span> <span class='ocrx_word' id='word_1_444' title='bbox 2834 2785 2935 2841; x_wconf 88' lang='lat' dir='ltr'><strong>illa</strong></span> <span class='ocrx_word' id='word_1_445' title='bbox 2963 2785 3222 2857; x_wconf 91' lang='lat' dir='ltr'><strong>quidem,</strong></span> <span class='ocrx_word' id='word_1_446' title='bbox 3245 2801 3373 2842; x_wconf 89' lang='lat' dir='ltr'><strong>esse</strong></span> <span class='ocrx_word' id='word_1_447' title='bbox 3396 2787 3624 2840; x_wconf 89' lang='lat' dir='ltr'><strong>servato</strong></span> <span class='ocrx_word' id='word_1_448' title='bbox 3643 2819 3656 2830; x_wconf 85' lang='lat'><strong>-</strong></span> 
     </span>
    </p>
   </div>
   <div class='ocr_carea' id='block_1_62' title="bbox 2010 2873 3654 2946">
    <p class='ocr_par' dir='ltr' id='par_1_62' title="bbox 2010 2873 3654 2946">
     <span class='ocr_line' id='line_1_62' title="bbox 2010 2873 3654 2946; baseline -0.002 -15"><span class='ocrx_word' id='word_1_449' title='bbox 2010 2892 2156 2945; x_wconf 91' lang='lat' dir='ltr'><strong>rem,</strong></span> <span class='ocrx_word' id='word_1_450' title='bbox 2180 2892 2248 2931; x_wconf 81' lang='lat' dir='ltr'><strong>ex</strong></span> <span class='ocrx_word' id='word_1_451' title='bbox 2278 2875 2372 2930; x_wconf 90' lang='lat' dir='ltr'><strong>his</strong></span> <span class='ocrx_word' id='word_1_452' title='bbox 2404 2881 2624 2944; x_wconf 90' lang='lat' dir='ltr'><strong>autem,</strong></span> <span class='ocrx_word' id='word_1_453' title='bbox 2659 2891 2788 2931; x_wconf 90' lang='lat' dir='ltr'><strong>esse</strong></span> <span class='ocrx_word' id='word_1_454' title='bbox 2819 2878 3162 2930; x_wconf 85' lang='lat' dir='ltr'><strong>creatorem.</strong></span> <span class='ocrx_word' id='word_1_455' title='bbox 3206 2878 3272 2929; x_wconf 85' lang='lat' dir='ltr'><strong>Et</strong></span> <span class='ocrx_word' id='word_1_456' title='bbox 3303 2873 3654 2946; x_wconf 88' lang='lat' dir='ltr'><strong>positionem</strong></span> 
     </span>
    </p>
   </div>
   <div class='ocr_carea' id='block_1_63' title="bbox 2012 2961 3655 3034">
    <p class='ocr_par' dir='ltr' id='par_1_63' title="bbox 2012 2961 3655 3034">
     <span class='ocr_line' id='line_1_63' title="bbox 2012 2961 3655 3034; baseline -0.002 -13"><span class='ocrx_word' id='word_1_457' title='bbox 2012 2982 2114 3022; x_wconf 92' lang='lat' dir='ltr'><strong>seu</strong></span> <span class='ocrx_word' id='word_1_458' title='bbox 2148 2964 3035 3032; x_wconf 84' lang='lat' dir='ltr'><strong>afﬁrmationem,exsistentiam</strong></span> <span class='ocrx_word' id='word_1_459' title='bbox 3065 2967 3253 3033; x_wconf 84' lang='lat' dir='ltr'><strong>vocat,</strong></span> <span class='ocrx_word' id='word_1_460' title='bbox 3272 2963 3411 3034; x_wconf 87' lang='lat' dir='ltr'><strong>quia</strong></span> <span class='ocrx_word' id='word_1_461' title='bbox 3449 2963 3519 3017; x_wconf 90' lang='lat' dir='ltr'><strong>ab</strong></span> <span class='ocrx_word' id='word_1_462' title='bbox 3551 2961 3655 3018; x_wconf 86' lang='lat' dir='ltr'><strong>illa</strong></span> 
     </span>
    </p>
   </div>
   <div class='ocr_carea' id='block_1_64' title="bbox 2010 3050 3653 3126">
    <p class='ocr_par' dir='ltr' id='par_1_64' title="bbox 2010 3050 3653 3126">
     <span class='ocr_line' id='line_1_64' title="bbox 2010 3050 3653 3126; baseline -0.004 -14"><span class='ocrx_word' id='word_1_463' title='bbox 2010 3054 2274 3112; x_wconf 90' lang='lat' dir='ltr'><strong>omnium</strong></span> <span class='ocrx_word' id='word_1_464' title='bbox 2312 3054 2589 3126; x_wconf 88' lang='lat' dir='ltr'><strong>procedat</strong></span> <span class='ocrx_word' id='word_1_465' title='bbox 2618 3052 2998 3121; x_wconf 82' lang='lat' dir='ltr'><strong>exsistentia;</strong></span> <span class='ocrx_word' id='word_1_466' title='bbox 3031 3052 3238 3108; x_wconf 91' lang='lat' dir='ltr'><strong>dicunt</strong></span> <span class='ocrx_word' id='word_1_467' title='bbox 3269 3068 3441 3124; x_wconf 90' lang='lat' dir='ltr'><strong>porro</strong></span> <span class='ocrx_word' id='word_1_468' title='bbox 3464 3050 3653 3124; x_wconf 91' lang='lat' dir='ltr'><strong>philo-</strong></span> 
     </span>
    </p>
   </div>
   <div class='ocr_carea' id='block_1_65' title="bbox 2009 3141 3652 3216">
    <p class='ocr_par' dir='ltr' id='par_1_65' title="bbox 2009 3141 3652 3216">
     <span class='ocr_line' id='line_1_65' title="bbox 2009 3141 3652 3216; baseline -0.003 -16"><span class='ocrx_word' id='word_1_469' title='bbox 2009 3143 2177 3216; x_wconf 87' lang='lat' dir='ltr'><strong>sophi</strong></span> <span class='ocrx_word' id='word_1_470' title='bbox 2201 3142 2549 3215; x_wconf 88' lang='lat' dir='ltr'><strong>positionem</strong></span> <span class='ocrx_word' id='word_1_471' title='bbox 2567 3143 2787 3198; x_wconf 86' lang='lat' dir='ltr'><strong>formas</strong></span> <span class='ocrx_word' id='word_1_472' title='bbox 2811 3158 2936 3214; x_wconf 81' lang='lat' dir='ltr'><strong>quae</strong></span> <span class='ocrx_word' id='word_1_473' title='bbox 2961 3141 3218 3198; x_wconf 69' lang='lat' dir='ltr'><strong>materiai</strong></span> <span class='ocrx_word' id='word_1_474' title='bbox 3245 3141 3652 3213; x_wconf 87' lang='lat' dir='ltr'><strong>imponuntur;</strong></span> 
     </span>
    </p>
   </div>
   <div class='ocr_carea' id='block_1_66' title="bbox 247 3211 1895 3306">
    <p class='ocr_par' dir='ltr' id='par_1_66' title="bbox 247 3211 1895 3306">
     <span class='ocr_line' id='line_1_66' title="bbox 247 3211 1895 3306; baseline 0.004 -24"><span class='ocrx_word' id='word_1_475' title='bbox 247 3211 696 3305; x_wconf 79' lang='grc' dir='ltr'>παρασκευάζων·</span> <span class='ocrx_word' id='word_1_476' title='bbox 750 3227 802 3284; x_wconf 82' lang='grc' dir='ltr'>ἐν</span> <span class='ocrx_word' id='word_1_477' title='bbox 853 3229 998 3302; x_wconf 79' lang='grc' dir='ltr'><strong>αὑτῷ</strong></span> <span class='ocrx_word' id='word_1_478' title='bbox 1043 3231 1143 3306; x_wconf 78' lang='grc' dir='ltr'><strong>γὰρ</strong></span> <span class='ocrx_word' id='word_1_479' title='bbox 1195 3232 1264 3286; x_wconf 81' lang='grc' dir='ltr'><strong>τὰ</strong></span> <span class='ocrx_word' id='word_1_480' title='bbox 1310 3211 1515 3288; x_wconf 74' lang='grc' dir='ltr'>ἀπαντα</span> <span class='ocrx_word' id='word_1_481' title='bbox 1561 3211 1895 3306; x_wconf 75' lang='grc' dir='ltr'>συνέστηκεν·</span> 
     </span>
    </p>
   </div>
   <div class='ocr_carea' id='block_1_67' title="bbox 2007 3211 3655 3306">
    <p class='ocr_par' dir='ltr' id='par_1_67' title="bbox 2013 3211 3655 3304">
     <span class='ocr_line' id='line_1_67' title="bbox 2013 3211 3655 3304; baseline -0.003 -15"><span class='ocrx_word' id='word_1_482' title='bbox 2013 3211 2366 3290; x_wconf 80' lang='lat' dir='ltr'><strong>ablationem</strong></span> <span class='ocrx_word' id='word_1_483' title='bbox 2401 3236 2598 3288; x_wconf 89' lang='lat' dir='ltr'><strong>autem</strong></span> <span class='ocrx_word' id='word_1_484' title='bbox 2639 3248 2738 3288; x_wconf 90' lang='lat' dir='ltr'><strong>seu</strong></span> <span class='ocrx_word' id='word_1_485' title='bbox 2775 3211 3168 3304; x_wconf 76' lang='lat' dir='ltr'><strong>negationem,</strong></span> <span class='ocrx_word' id='word_1_486' title='bbox 3201 3211 3434 3302; x_wconf 80' lang='lat' dir='ltr'><strong>quando</strong></span> <span class='ocrx_word' id='word_1_487' title='bbox 3465 3228 3655 3302; x_wconf 76' lang='lat' dir='ltr'><strong>quali-</strong></span> 
     </span>
    </p>
   </div>
   <div class='ocr_carea' id='block_1_68' title="bbox 247 3314 1901 3393">
    <p class='ocr_par' dir='ltr' id='par_1_68' title="bbox 247 3314 1901 3393">
     <span class='ocr_line' id='line_1_68' title="bbox 247 3314 1901 3393; baseline 0.004 -21"><span class='ocrx_word' id='word_1_488' title='bbox 247 3317 531 3393; x_wconf 77' lang='grc' dir='ltr'>ἀφαίρεσις</span> <span class='ocrx_word' id='word_1_489' title='bbox 580 3314 638 3371; x_wconf 75' lang='grc' dir='ltr'><strong>δὲ</strong></span> <span class='ocrx_word' id='word_1_490' title='bbox 685 3319 900 3374; x_wconf 88' lang='grc' dir='ltr'>πάντων</span> <span class='ocrx_word' id='word_1_491' title='bbox 952 3318 1116 3391; x_wconf 77' lang='grc' dir='ltr'>ἐστὶν,</span> <span class='ocrx_word' id='word_1_492' title='bbox 1149 3319 1224 3383; x_wconf 81' lang='grc' dir='ltr'>ὡς</span> <span class='ocrx_word' id='word_1_493' title='bbox 1263 3322 1349 3376; x_wconf 82' lang='grc' dir='ltr'><strong>καὶ</strong></span> <span class='ocrx_word' id='word_1_494' title='bbox 1401 3321 1499 3390; x_wconf 75' lang='grc' dir='ltr'>τὴν</span> <span class='ocrx_word' id='word_1_495' title='bbox 1549 3322 1692 3377; x_wconf 82' lang='grc' dir='ltr'>θέσιν</span> <span class='ocrx_word' id='word_1_496' title='bbox 1735 3323 1901 3393; x_wconf 81' lang='grc' dir='ltr'>αὐτὴν</span> 
     </span>
    </p>
   </div>
   <div class='ocr_carea' id='block_1_69' title="bbox 247 3402 1900 3486">
    <p class='ocr_par' dir='ltr' id='par_1_69' title="bbox 247 3402 1900 3486">
     <span class='ocr_line' id='line_1_69' title="bbox 247 3402 1900 3486; baseline 0.004 -26"><span class='ocrx_word' id='word_1_497' title='bbox 247 3407 377 3481; x_wconf 86' lang='grc' dir='ltr'>[τῶν</span> <span class='ocrx_word' id='word_1_498' title='bbox 414 3402 606 3479; x_wconf 73' lang='grc' dir='ltr'>ὄντων]</span> <span class='ocrx_word' id='word_1_499' title='bbox 651 3405 742 3460; x_wconf 80' lang='grc' dir='ltr'><strong>καὶ</strong></span> <span class='ocrx_word' id='word_1_500' title='bbox 791 3407 891 3476; x_wconf 82' lang='grc' dir='ltr'><strong>τήν</strong></span> <span class='ocrx_word' id='word_1_501' title='bbox 936 3406 1156 3479; x_wconf 83' lang='grc' dir='ltr'>ποίησιν</span> <span class='ocrx_word' id='word_1_502' title='bbox 1200 3408 1647 3486; x_wconf 79' lang='grc' dir='ltr'>μεταρῥυθμίζων</span> <span class='ocrx_word' id='word_1_503' title='bbox 1682 3413 1772 3467; x_wconf 76' lang='grc' dir='ltr'><strong>καὶ</strong></span> <span class='ocrx_word' id='word_1_504' title='bbox 1805 3434 1900 3486; x_wconf 82' lang='grc' dir='ltr'>με·</span> 
     </span>
    </p>
   </div>
   <div class='ocr_carea' id='block_1_70' title="bbox 243 3492 1903 3574">
    <p class='ocr_par' dir='ltr' id='par_1_70' title="bbox 243 3492 1903 3574">
     <span class='ocr_line' id='line_1_70' title="bbox 243 3492 1903 3574; baseline 0.005 -25"><span class='ocrx_word' id='word_1_505' title='bbox 243 3492 589 3563; x_wconf 80' lang='grc' dir='ltr'>τασκευάζων</span> <span class='ocrx_word' id='word_1_506' title='bbox 623 3537 639 3561; x_wconf 92' lang='grc'><strong>,</strong></span> <span class='ocrx_word' id='word_1_507' title='bbox 697 3494 787 3550; x_wconf 84' lang='grc' dir='ltr'><strong>καὶ</strong></span> <span class='ocrx_word' id='word_1_508' title='bbox 862 3495 1107 3574; x_wconf 76' lang='grc' dir='ltr'>ἀφαιρῶν</span> <span class='ocrx_word' id='word_1_509' title='bbox 1165 3496 1223 3554; x_wconf 81' lang='grc' dir='ltr'>ἐκ</span> <span class='ocrx_word' id='word_1_510' title='bbox 1294 3503 1402 3554; x_wconf 90' lang='grc' dir='ltr'><strong>τῶν</strong></span> <span class='ocrx_word' id='word_1_511' title='bbox 1460 3500 1782 3574; x_wconf 74' lang='grc' dir='ltr'>τεθειμένων</span> <span class='ocrx_word' id='word_1_512' title='bbox 1835 3504 1903 3558; x_wconf 76' lang='grc' dir='ltr'>τὰ</span> 
     </span>
    </p>
   </div>
   <div class='ocr_carea' id='block_1_71' title="bbox 243 3582 1902 3664">
    <p class='ocr_par' dir='ltr' id='par_1_71' title="bbox 243 3582 1902 3664">
     <span class='ocr_line' id='line_1_71' title="bbox 243 3582 1902 3664; baseline 0.004 -26"><span class='ocrx_word' id='word_1_513' title='bbox 243 3584 383 3638; x_wconf 82' lang='grc' dir='ltr'>κατᾶ</span> <span class='ocrx_word' id='word_1_514' title='bbox 412 3582 592 3660; x_wconf 72' lang='grc' dir='ltr'>φύσιν·</span> <span class='ocrx_word' id='word_1_515' title='bbox 641 3583 687 3638; x_wconf 74' lang='grc' dir='ltr'><strong>εί</strong></span> <span class='ocrx_word' id='word_1_516' title='bbox 735 3583 836 3659; x_wconf 78' lang='grc' dir='ltr'><strong>γὰρ</strong></span> <span class='ocrx_word' id='word_1_517' title='bbox 887 3583 1238 3662; x_wconf 78' lang='grc' dir='ltr'>ὁμολογεῖται</span> <span class='ocrx_word' id='word_1_518' title='bbox 1273 3590 1288 3624; x_wconf 88' lang='grc'>¹</span> <span class='ocrx_word' id='word_1_519' title='bbox 1319 3588 1386 3642; x_wconf 83' lang='grc' dir='ltr'><strong>τά</strong></span> <span class='ocrx_word' id='word_1_520' title='bbox 1435 3588 1485 3642; x_wconf 84' lang='grc' dir='ltr'><strong>έν</strong></span> <span class='ocrx_word' id='word_1_521' title='bbox 1536 3591 1736 3664; x_wconf 87' lang='grc' dir='ltr'>γενέσει</span> <span class='ocrx_word' id='word_1_522' title='bbox 1767 3590 1902 3645; x_wconf 67' lang='grc' dir='ltr'>πάνυ</span> 
     </span>
    </p>
   </div>
   <div class='ocr_carea' id='block_1_72' title="bbox 241 3671 1899 3753">
    <p class='ocr_par' dir='ltr' id='par_1_72' title="bbox 241 3671 1899 3753">
     <span class='ocr_line' id='line_1_72' title="bbox 241 3671 1899 3753; baseline 0.005 -27"><span class='ocrx_word' id='word_1_523' title='bbox 241 3693 354 3732; x_wconf 89' lang='grc' dir='ltr'><strong>τως</strong></span> <span class='ocrx_word' id='word_1_524' title='bbox 403 3671 492 3726; x_wconf 83' lang='grc' dir='ltr'><strong>καὶ</strong></span> <span class='ocrx_word' id='word_1_525' title='bbox 547 3671 854 3747; x_wconf 73' lang='grc' dir='ltr'>φθείρεσθαι</span> <span class='ocrx_word' id='word_1_526' title='bbox 885 3675 925 3709; x_wconf 76' lang='grc'><strong>³·</strong></span> <span class='ocrx_word' id='word_1_527' title='bbox 973 3673 1134 3737; x_wconf 80' lang='grc' dir='ltr'>αὐτὸς</span> <span class='ocrx_word' id='word_1_528' title='bbox 1183 3673 1240 3731; x_wconf 75' lang='grc' dir='ltr'><strong>δὲ</strong></span> <span class='ocrx_word' id='word_1_529' title='bbox 1287 3674 1514 3750; x_wconf 76' lang='grc' dir='ltr'>πλούτῳ</span> <span class='ocrx_word' id='word_1_530' title='bbox 1561 3678 1899 3753; x_wconf 86' lang='grc' dir='ltr'>ἀγαθότητος</span> 
     </span>
    </p>
   </div>
   <div class='ocr_carea' id='block_1_73' title="bbox 241 3759 1902 3843">
    <p class='ocr_par' dir='ltr' id='par_1_73' title="bbox 241 3759 1902 3843">
     <span class='ocr_line' id='line_1_73' title="bbox 241 3759 1902 3843; baseline 0.004 -27"><span class='ocrx_word' id='word_1_531' title='bbox 241 3766 354 3816; x_wconf 86' lang='grc' dir='ltr'><strong>τῶν</strong></span> <span class='ocrx_word' id='word_1_532' title='bbox 390 3762 488 3833; x_wconf 80' lang='grc' dir='ltr'>μὲν</span> <span class='ocrx_word' id='word_1_533' title='bbox 524 3759 704 3816; x_wconf 86' lang='grc' dir='ltr'>ἀνεῖλε</span> <span class='ocrx_word' id='word_1_534' title='bbox 733 3762 824 3816; x_wconf 82' lang='grc' dir='ltr'><strong>καὶ</strong></span> <span class='ocrx_word' id='word_1_535' title='bbox 875 3762 936 3816; x_wconf 86' lang='grc' dir='ltr'>τὸ</span> <span class='ocrx_word' id='word_1_536' title='bbox 984 3765 1240 3840; x_wconf 84' lang='grc' dir='ltr'>φθαρτὸν,</span> <span class='ocrx_word' id='word_1_537' title='bbox 1272 3766 1345 3828; x_wconf 87' lang='grc' dir='ltr'><strong>ὡς</strong></span> <span class='ocrx_word' id='word_1_538' title='bbox 1395 3765 1645 3842; x_wconf 76' lang='grc' dir='ltr'>ἀγγέλων</span> <span class='ocrx_word' id='word_1_539' title='bbox 1689 3768 1778 3823; x_wconf 84' lang='grc' dir='ltr'><strong>καὶ</strong></span> <span class='ocrx_word' id='word_1_540' title='bbox 1805 3771 1902 3843; x_wconf 80' lang='grc' dir='ltr'>ψυ-</span> 
     </span>
    </p>
   </div>
   <div class='ocr_carea' id='block_1_74' title="bbox 242 3847 1898 3931">
    <p class='ocr_par' dir='ltr' id='par_1_74' title="bbox 242 3847 1898 3931">
     <span class='ocr_line' id='line_1_74' title="bbox 242 3847 1898 3931; baseline 0.006 -28"><span class='ocrx_word' id='word_1_541' title='bbox 242 3854 389 3924; x_wconf 76' lang='grc' dir='ltr'>χῶνο</span> <span class='ocrx_word' id='word_1_542' title='bbox 425 3853 534 3903; x_wconf 88' lang='grc' dir='ltr'><strong>τῶν</strong></span> <span class='ocrx_word' id='word_1_543' title='bbox 586 3847 644 3904; x_wconf 70' lang='grc' dir='ltr'><strong>δὲ</strong></span> <span class='ocrx_word' id='word_1_544' title='bbox 687 3850 751 3904; x_wconf 89' lang='grc' dir='ltr'>τὸ</span> <span class='ocrx_word' id='word_1_545' title='bbox 801 3853 1032 3927; x_wconf 84' lang='grc' dir='ltr'>φθαρτὸν</span> <span class='ocrx_word' id='word_1_546' title='bbox 1083 3852 1158 3915; x_wconf 74' lang='grc' dir='ltr'>εἷς</span> <span class='ocrx_word' id='word_1_547' title='bbox 1186 3853 1504 3931; x_wconf 76' lang='grc' dir='ltr'>ἀφθαρσίαν,</span> <span class='ocrx_word' id='word_1_548' title='bbox 1535 3857 1624 3910; x_wconf 84' lang='grc' dir='ltr'><strong>καὶ</strong></span> <span class='ocrx_word' id='word_1_549' title='bbox 1671 3857 1734 3912; x_wconf 81' lang='grc' dir='ltr'>τὸ</span> <span class='ocrx_word' id='word_1_550' title='bbox 1766 3859 1898 3929; x_wconf 81' lang='grc' dir='ltr'>θνη-</span> 
     </span>
    </p>
   </div>
   <div class='ocr_carea' id='block_1_75' title="bbox 240 3937 1896 4019">
    <p class='ocr_par' dir='ltr' id='par_1_75' title="bbox 240 3937 1896 4019">
     <span class='ocr_line' id='line_1_75' title="bbox 240 3937 1896 4019; baseline 0.005 -26"><span class='ocrx_word' id='word_1_551' title='bbox 240 3940 334 3994; x_wconf 82' lang='grc' dir='ltr'>τὸν</span> <span class='ocrx_word' id='word_1_552' title='bbox 390 3937 471 4000; x_wconf 72' lang='grc' dir='ltr'>εἷς</span> <span class='ocrx_word' id='word_1_553' title='bbox 522 3937 814 4003; x_wconf 82' lang='grc' dir='ltr'>ἀθανασίαν</span> <span class='ocrx_word' id='word_1_554' title='bbox 870 3942 1110 4016; x_wconf 80' lang='grc' dir='ltr'>μετάγει,</span> <span class='ocrx_word' id='word_1_555' title='bbox 1145 3943 1219 4005; x_wconf 83' lang='grc' dir='ltr'>ὡς</span> <span class='ocrx_word' id='word_1_556' title='bbox 1261 3943 1328 3998; x_wconf 84' lang='grc' dir='ltr'><strong>τά</strong></span> <span class='ocrx_word' id='word_1_557' title='bbox 1373 3946 1599 4018; x_wconf 88' lang='grc' dir='ltr'>σώματα</span> <span class='ocrx_word' id='word_1_558' title='bbox 1645 3945 1802 4019; x_wconf 80' lang='grc' dir='ltr'>ἡμῶν</span> <span class='ocrx_word' id='word_1_559' title='bbox 1843 3946 1896 4002; x_wconf 86' lang='grc' dir='ltr'><strong>έν</strong></span> 
     </span>
    </p>
   </div>
   <div class='ocr_carea' id='block_1_76' title="bbox 238 4025 1896 4111">
    <p class='ocr_par' dir='ltr' id='par_1_76' title="bbox 238 4025 1896 4111">
     <span class='ocr_line' id='line_1_76' title="bbox 238 4025 1896 4111; baseline 0.007 -33"><span class='ocrx_word' id='word_1_560' title='bbox 238 4032 309 4100; x_wconf 79' lang='grc' dir='ltr'><strong>τῇ</strong></span> <span class='ocrx_word' id='word_1_561' title='bbox 341 4029 654 4083; x_wconf 79' lang='grc' dir='ltr'>ἀναστάσει’</span> <span class='ocrx_word' id='word_1_562' title='bbox 697 4025 868 4098; x_wconf 71' lang='grc' dir='ltr'>δῆλον</span> <span class='ocrx_word' id='word_1_563' title='bbox 900 4033 975 4092; x_wconf 84' lang='grc' dir='ltr'>ὡς</span> <span class='ocrx_word' id='word_1_564' title='bbox 1009 4029 1168 4092; x_wconf 73' lang='grc' dir='ltr'>αὐτός</span> <span class='ocrx_word' id='word_1_565' title='bbox 1195 4037 1363 4087; x_wconf 82' lang='grc' dir='ltr'>ταῦτα</span> <span class='ocrx_word' id='word_1_566' title='bbox 1394 4036 1529 4106; x_wconf 86' lang='grc' dir='ltr'>ἡμῖν</span> <span class='ocrx_word' id='word_1_567' title='bbox 1557 4036 1578 4070; x_wconf 81' lang='grc'>³</span> <span class='ocrx_word' id='word_1_568' title='bbox 1609 4035 1896 4111; x_wconf 78' lang='grc' dir='ltr'>ὑπάρχων,</span> 
     </span>
    </p>
   </div>
   <div class='ocr_carea' id='block_1_77' title="bbox 241 4115 1896 4199">
    <p class='ocr_par' dir='ltr' id='par_1_77' title="bbox 241 4115 1896 4199">
     <span class='ocr_line' id='line_1_77' title="bbox 241 4115 1896 4199; baseline 0.006 -29"><span class='ocrx_word' id='word_1_569' title='bbox 241 4115 409 4178; x_wconf 75' lang='grc' dir='ltr'>αὐτὸς</span> <span class='ocrx_word' id='word_1_570' title='bbox 458 4116 550 4170; x_wconf 78' lang='grc' dir='ltr'><strong>καὶ</strong></span> <span class='ocrx_word' id='word_1_571' title='bbox 603 4117 733 4190; x_wconf 78' lang='grc' dir='ltr'>ὑπὲρ</span> <span class='ocrx_word' id='word_1_572' title='bbox 783 4117 925 4182; x_wconf 89' lang='grc' dir='ltr'>θέσιν</span> <span class='ocrx_word' id='word_1_573' title='bbox 975 4118 1084 4174; x_wconf 77' lang='grc' dir='ltr'>ἐστὶ</span> <span class='ocrx_word' id='word_1_574' title='bbox 1137 4121 1226 4174; x_wconf 84' lang='grc' dir='ltr'>καὶ</span> <span class='ocrx_word' id='word_1_575' title='bbox 1272 4121 1570 4199; x_wconf 81' lang='grc' dir='ltr'>ἀφαίρεσιν,</span> <span class='ocrx_word' id='word_1_576' title='bbox 1600 4123 1689 4178; x_wconf 86' lang='grc' dir='ltr'><strong>καὶ</strong></span> <span class='ocrx_word' id='word_1_577' title='bbox 1739 4123 1896 4198; x_wconf 88' lang='grc' dir='ltr'>θεμέ-</span> 
     </span>
    </p>
   </div>
   <div class='ocr_carea' id='block_1_78' title="bbox 241 4203 1897 4280">
    <p class='ocr_par' dir='ltr' id='par_1_78' title="bbox 241 4203 1897 4280">
     <span class='ocr_line' id='line_1_78' title="bbox 241 4203 1897 4280; baseline 0.006 -22"><span class='ocrx_word' id='word_1_578' title='bbox 241 4203 366 4266; x_wconf 87' lang='grc' dir='ltr'>λιος</span> <span class='ocrx_word' id='word_1_579' title='bbox 396 4205 490 4258; x_wconf 79' lang='grc' dir='ltr'><strong>καὶ</strong></span> <span class='ocrx_word' id='word_1_580' title='bbox 523 4204 647 4280; x_wconf 78' lang='grc' dir='ltr'>ῥίζα</span> <span class='ocrx_word' id='word_1_581' title='bbox 676 4207 890 4261; x_wconf 84' lang='grc' dir='ltr'>πάντων</span> <span class='ocrx_word' id='word_1_582' title='bbox 937 4206 1030 4280; x_wconf 85' lang='grc' dir='ltr'>ὣν,</span> <span class='ocrx_word' id='word_1_583' title='bbox 1065 4209 1126 4263; x_wconf 80' lang='grc' dir='ltr'>οὐ</span> <span class='ocrx_word' id='word_1_584' title='bbox 1172 4214 1437 4278; x_wconf 87' lang='grc' dir='ltr'>τοπικῶς,</span> <span class='ocrx_word' id='word_1_585' title='bbox 1484 4211 1629 4268; x_wconf 78' lang='grc' dir='ltr'>ἀλλὰ</span> <span class='ocrx_word' id='word_1_586' title='bbox 1674 4214 1809 4268; x_wconf 83' lang='grc' dir='ltr'><strong>κατά</strong></span> <span class='ocrx_word' id='word_1_587' title='bbox 1838 4214 1897 4268; x_wconf 89' lang='grc' dir='ltr'>τὸ</span> 
     </span>
    </p>
   </div>
   <div class='ocr_carea' id='block_1_79' title="bbox 240 4291 1894 4378">
    <p class='ocr_par' dir='ltr' id='par_1_79' title="bbox 240 4291 1894 4378">
     <span class='ocr_line' id='line_1_79' title="bbox 240 4291 1894 4378; baseline 0.007 -31"><span class='ocrx_word' id='word_1_588' title='bbox 240 4292 445 4348; x_wconf 62' lang='grc' dir='ltr'>αἶ’τιοτν</span> <span class='ocrx_word' id='word_1_589' title='bbox 503 4291 629 4349; x_wconf 71' lang='grc' dir='ltr'>οὔτε</span> <span class='ocrx_word' id='word_1_590' title='bbox 685 4295 961 4372; x_wconf 82' lang='grc' dir='ltr'>ἀφαίρεσις</span> <span class='ocrx_word' id='word_1_591' title='bbox 1024 4296 1181 4360; x_wconf 78' lang='grc' dir='ltr'>αὐτὸς</span> <span class='ocrx_word' id='word_1_592' title='bbox 1235 4297 1330 4366; x_wconf 81' lang='grc' dir='ltr'>ὢν,</span> <span class='ocrx_word' id='word_1_593' title='bbox 1385 4301 1458 4354; x_wconf 85' lang='grc' dir='ltr'>ὧν</span> <span class='ocrx_word' id='word_1_594' title='bbox 1516 4299 1675 4365; x_wconf 82' lang='grc' dir='ltr'>αὐτὸς</span> <span class='ocrx_word' id='word_1_595' title='bbox 1730 4301 1894 4378; x_wconf 79' lang='grc' dir='ltr'>ἔχει’</span> 
     </span>
    </p>
   </div>
   <div class='ocr_carea' id='block_1_80' title="bbox 241 4381 1897 4464">
    <p class='ocr_par' dir='ltr' id='par_1_80' title="bbox 241 4381 1897 4464">
     <span class='ocr_line' id='line_1_80' title="bbox 241 4381 1897 4464; baseline 0.007 -29"><span class='ocrx_word' id='word_1_596' title='bbox 241 4381 374 4437; x_wconf 77' lang='grc' dir='ltr'>αὐτὸ</span> <span class='ocrx_word' id='word_1_597' title='bbox 407 4383 514 4458; x_wconf 82' lang='grc' dir='ltr'><strong>γὰρ</strong></span> <span class='ocrx_word' id='word_1_598' title='bbox 543 4381 804 4446; x_wconf 87' lang='grc' dir='ltr'>ἀθάνατον</span> <span class='ocrx_word' id='word_1_599' title='bbox 835 4384 993 4448; x_wconf 77' lang='grc' dir='ltr'>αὐτὸς</span> <span class='ocrx_word' id='word_1_600' title='bbox 1044 4383 1181 4462; x_wconf 76' lang='grc' dir='ltr'>ἔχει.</span> <span class='ocrx_word' id='word_1_601' title='bbox 1214 4387 1293 4445; x_wconf 83' lang='grc' dir='ltr'><strong>Τὸ</strong></span> <span class='ocrx_word' id='word_1_602' title='bbox 1341 4387 1444 4464; x_wconf 83' lang='grc' dir='ltr'><strong>γὰρ</strong></span> <span class='ocrx_word' id='word_1_603' title='bbox 1493 4389 1776 4459; x_wconf 82' lang='grc' dir='ltr'>ἀθάνατον,</span> <span class='ocrx_word' id='word_1_604' title='bbox 1808 4391 1897 4447; x_wconf 85' lang='grc' dir='ltr'><strong>καὶ</strong></span> 
     </span>
    </p>
   </div>
   <div class='ocr_carea' id='block_1_81' title="bbox 238 4469 1896 4556">
    <p class='ocr_par' dir='ltr' id='par_1_81' title="bbox 238 4469 1896 4556">
     <span class='ocr_line' id='line_1_81' title="bbox 238 4469 1896 4556; baseline 0.005 -31"><span class='ocrx_word' id='word_1_605' title='bbox 238 4469 660 4543; x_wconf 69' lang='grc' dir='ltr'>ἀκατάληπτον,</span> <span class='ocrx_word' id='word_1_606' title='bbox 711 4472 800 4527; x_wconf 84' lang='grc' dir='ltr'><strong>καὶ</strong></span> <span class='ocrx_word' id='word_1_607' title='bbox 851 4474 1151 4548; x_wconf 83' lang='grc' dir='ltr'>ἄγνωστον,</span> <span class='ocrx_word' id='word_1_608' title='bbox 1200 4476 1288 4530; x_wconf 81' lang='grc' dir='ltr'><strong>καὶ</strong></span> <span class='ocrx_word' id='word_1_609' title='bbox 1340 4477 1438 4531; x_wconf 81' lang='grc' dir='ltr'><strong>ὅσα</strong></span> <span class='ocrx_word' id='word_1_610' title='bbox 1477 4483 1718 4551; x_wconf 79' lang='grc' dir='ltr'>τοιαῦτα,</span> <span class='ocrx_word' id='word_1_611' title='bbox 1759 4478 1896 4556; x_wconf 80' lang='grc' dir='ltr'>ἔχει,</span> 
     </span>
    </p>
   </div>
   <div class='ocr_carea' id='block_1_82' title="bbox 2008 3318 3654 3391">
    <p class='ocr_par' dir='ltr' id='par_1_82' title="bbox 2008 3318 3654 3391">
     <span class='ocr_line' id='line_1_82' title="bbox 2008 3318 3654 3391; baseline -0.002 -14"><span class='ocrx_word' id='word_1_612' title='bbox 2008 3326 2158 3379; x_wconf 89' lang='lat' dir='ltr'><strong>tates</strong></span> <span class='ocrx_word' id='word_1_613' title='bbox 2189 3338 2221 3376; x_wconf 92' lang='lat' dir='ltr'><strong>a</strong></span> <span class='ocrx_word' id='word_1_614' title='bbox 2254 3321 2457 3377; x_wconf 82' lang='lat' dir='ltr'><strong>formis</strong></span> <span class='ocrx_word' id='word_1_615' title='bbox 2499 3321 2868 3390; x_wconf 81' lang='lat' dir='ltr'><strong>auferuntur,</strong></span> <span class='ocrx_word' id='word_1_616' title='bbox 2904 3321 3082 3378; x_wconf 86' lang='lat' dir='ltr'><strong>veluti</strong></span> <span class='ocrx_word' id='word_1_617' title='bbox 3138 3338 3171 3376; x_wconf 93' lang='lat' dir='ltr'><strong>a</strong></span> <span class='ocrx_word' id='word_1_618' title='bbox 3220 3324 3377 3376; x_wconf 89' lang='lat' dir='ltr'><strong>terra</strong></span> <span class='ocrx_word' id='word_1_619' title='bbox 3405 3318 3654 3391; x_wconf 87' lang='lat' dir='ltr'><strong>gravita-</strong></span> 
     </span>
    </p>
   </div>
   <div class='ocr_carea' id='block_1_83' title="bbox 2007 3406 3656 3482">
    <p class='ocr_par' dir='ltr' id='par_1_83' title="bbox 2007 3406 3656 3482">
     <span class='ocr_line' id='line_1_83' title="bbox 2007 3406 3656 3482; baseline -0.002 -16"><span class='ocrx_word' id='word_1_620' title='bbox 2007 3414 2149 3482; x_wconf 89' lang='lat' dir='ltr'><strong>tem,</strong></span> <span class='ocrx_word' id='word_1_621' title='bbox 2183 3411 2255 3466; x_wconf 91' lang='lat' dir='ltr'><strong>ab</strong></span> <span class='ocrx_word' id='word_1_622' title='bbox 2300 3426 2454 3482; x_wconf 88' lang='lat' dir='ltr'><strong>aqua</strong></span> <span class='ocrx_word' id='word_1_623' title='bbox 2505 3409 2939 3466; x_wconf 85' lang='lat' dir='ltr'><strong>humiditatem.</strong></span> <span class='ocrx_word' id='word_1_624' title='bbox 2991 3409 3146 3466; x_wconf 87' lang='lat' dir='ltr'><strong>Deus</strong></span> <span class='ocrx_word' id='word_1_625' title='bbox 3178 3408 3359 3481; x_wconf 88' lang='lat' dir='ltr'><strong>igitur</strong></span> <span class='ocrx_word' id='word_1_626' title='bbox 3386 3409 3485 3480; x_wconf 93' lang='lat' dir='ltr'><strong>qui</strong></span> <span class='ocrx_word' id='word_1_627' title='bbox 3535 3406 3656 3463; x_wconf 62' lang='lat' dir='ltr'><strong>hac</strong></span> 
     </span>
    </p>
   </div>
   <div class='ocr_carea' id='block_1_84' title="bbox 2008 3496 3652 3570">
    <p class='ocr_par' dir='ltr' id='par_1_84' title="bbox 2008 3496 3652 3570">
     <span class='ocr_line' id='line_1_84' title="bbox 2008 3496 3652 3570; baseline -0.003 -13"><span class='ocrx_word' id='word_1_628' title='bbox 2008 3501 2207 3557; x_wconf 88' lang='lat' dir='ltr'><strong>omnia</strong></span> <span class='ocrx_word' id='word_1_629' title='bbox 2236 3500 2639 3565; x_wconf 87' lang='lat' dir='ltr'><strong>transformat,</strong></span> <span class='ocrx_word' id='word_1_630' title='bbox 2654 3500 2918 3555; x_wconf 91' lang='lat' dir='ltr'><strong>omnium</strong></span> <span class='ocrx_word' id='word_1_631' title='bbox 2949 3501 3039 3554; x_wconf 84' lang='lat' dir='ltr'><strong>est</strong></span> <span class='ocrx_word' id='word_1_632' title='bbox 3068 3498 3280 3570; x_wconf 90' lang='lat' dir='ltr'><strong>positio</strong></span> <span class='ocrx_word' id='word_1_633' title='bbox 3311 3501 3370 3554; x_wconf 90' lang='lat' dir='ltr'><strong>et</strong></span> <span class='ocrx_word' id='word_1_634' title='bbox 3396 3496 3652 3554; x_wconf 89' lang='lat' dir='ltr'><strong>ablatio:</strong></span> 
     </span>
    </p>
   </div>
   <div class='ocr_carea' id='block_1_85' title="bbox 2008 3587 3654 3662">
    <p class='ocr_par' dir='ltr' id='par_1_85' title="bbox 2008 3587 3654 3662">
     <span class='ocr_line' id='line_1_85' title="bbox 2008 3587 3654 3662; baseline -0.002 -16"><span class='ocrx_word' id='word_1_635' title='bbox 2008 3590 2273 3646; x_wconf 90' lang='lat' dir='ltr'><strong>omnium</strong></span> <span class='ocrx_word' id='word_1_636' title='bbox 2306 3589 2546 3662; x_wconf 90' lang='lat' dir='ltr'><strong>quidem</strong></span> <span class='ocrx_word' id='word_1_637' title='bbox 2579 3589 2813 3660; x_wconf 90' lang='lat' dir='ltr'><strong>positio,</strong></span> <span class='ocrx_word' id='word_1_638' title='bbox 2875 3592 2939 3642; x_wconf 91' lang='lat' dir='ltr'><strong>ut</strong></span> <span class='ocrx_word' id='word_1_639' title='bbox 2995 3587 3094 3658; x_wconf 92' lang='lat' dir='ltr'><strong>qui</strong></span> <span class='ocrx_word' id='word_1_640' title='bbox 3146 3587 3347 3642; x_wconf 88' lang='lat' dir='ltr'><strong>omnia</strong></span> <span class='ocrx_word' id='word_1_641' title='bbox 3403 3587 3569 3658; x_wconf 89' lang='lat' dir='ltr'><strong>ponit</strong></span> <span class='ocrx_word' id='word_1_642' title='bbox 3596 3590 3654 3642; x_wconf 90' lang='lat' dir='ltr'><strong>et</strong></span> 
     </span>
    </p>
   </div>
   <div class='ocr_carea' id='block_1_86' title="bbox 2008 3675 3651 3750">
    <p class='ocr_par' dir='ltr' id='par_1_86' title="bbox 2008 3675 3651 3750">
     <span class='ocr_line' id='line_1_86' title="bbox 2008 3675 3651 3750; baseline -0.003 -15"><span class='ocrx_word' id='word_1_643' title='bbox 2008 3679 2166 3750; x_wconf 86' lang='lat' dir='ltr'><strong>facit,</strong></span> <span class='ocrx_word' id='word_1_644' title='bbox 2197 3683 2373 3749; x_wconf 89' lang='lat' dir='ltr'><strong>atque</strong></span> <span class='ocrx_word' id='word_1_645' title='bbox 2407 3677 2820 3733; x_wconf 80' lang='lat' dir='ltr'><strong>utconsistant</strong></span> <span class='ocrx_word' id='word_1_646' title='bbox 2875 3675 3170 3746; x_wconf 88' lang='lat' dir='ltr'><strong>disponit;</strong></span> <span class='ocrx_word' id='word_1_647' title='bbox 3217 3675 3275 3730; x_wconf 90' lang='lat' dir='ltr'><strong>in</strong></span> <span class='ocrx_word' id='word_1_648' title='bbox 3335 3675 3462 3745; x_wconf 76' lang='lat' dir='ltr'><strong>ipso</strong></span> <span class='ocrx_word' id='word_1_649' title='bbox 3493 3675 3651 3730; x_wconf 88' lang='lat' dir='ltr'><strong>enim</strong></span> 
     </span>
    </p>
   </div>
   <div class='ocr_carea' id='block_1_87' title="bbox 2007 3762 3653 3829">
    <p class='ocr_par' dir='ltr' id='par_1_87' title="bbox 2007 3762 3653 3829">
     <span class='ocr_line' id='line_1_87' title="bbox 2007 3762 3653 3829; baseline -0.005 -5"><span class='ocrx_word' id='word_1_650' title='bbox 2007 3769 2208 3824; x_wconf 85' lang='lat' dir='ltr'><strong>omnia</strong></span> <span class='ocrx_word' id='word_1_651' title='bbox 2236 3765 2587 3822; x_wconf 88' lang='lat' dir='ltr'><strong>consistunt.</strong></span> <span class='ocrx_word' id='word_1_652' title='bbox 2621 3766 2718 3821; x_wconf 82' lang='lat' dir='ltr'><strong>Est</strong></span> <span class='ocrx_word' id='word_1_653' title='bbox 2769 3769 2965 3821; x_wconf 85' lang='lat' dir='ltr'><strong>autem</strong></span> <span class='ocrx_word' id='word_1_654' title='bbox 2998 3763 3265 3820; x_wconf 91' lang='lat' dir='ltr'><strong>omnium</strong></span> <span class='ocrx_word' id='word_1_655' title='bbox 3317 3762 3551 3829; x_wconf 87' lang='lat' dir='ltr'><strong>ablatio,</strong></span> <span class='ocrx_word' id='word_1_656' title='bbox 3587 3766 3653 3816; x_wconf 89' lang='lat' dir='ltr'><strong>ut</strong></span> 
     </span>
    </p>
   </div>
   <div class='ocr_carea' id='block_1_88' title="bbox 2007 3851 3650 3929">
    <p class='ocr_par' dir='ltr' id='par_1_88' title="bbox 2007 3851 3650 3929">
     <span class='ocr_line' id='line_1_88' title="bbox 2007 3851 3650 3929; baseline -0.004 -18"><span class='ocrx_word' id='word_1_657' title='bbox 2007 3856 2106 3929; x_wconf 92' lang='lat' dir='ltr'><strong>qui</strong></span> <span class='ocrx_word' id='word_1_658' title='bbox 2142 3854 2489 3927; x_wconf 90' lang='lat' dir='ltr'><strong>positionem</strong></span> <span class='ocrx_word' id='word_1_659' title='bbox 2523 3854 2715 3925; x_wconf 90' lang='lat' dir='ltr'><strong>ipsam</strong></span> <span class='ocrx_word' id='word_1_660' title='bbox 2747 3853 2991 3925; x_wconf 91' lang='lat' dir='ltr'><strong>[rerum]</strong></span> <span class='ocrx_word' id='word_1_661' title='bbox 3021 3857 3078 3908; x_wconf 88' lang='lat' dir='ltr'><strong>et</strong></span> <span class='ocrx_word' id='word_1_662' title='bbox 3106 3851 3460 3907; x_wconf 90' lang='lat' dir='ltr'><strong>creationem</strong></span> <span class='ocrx_word' id='word_1_663' title='bbox 3491 3866 3650 3905; x_wconf 91' lang='lat' dir='ltr'><strong>com-</strong></span> 
     </span>
    </p>
   </div>
   <div class='ocr_carea' id='block_1_89' title="bbox 2007 3940 3652 4017">
    <p class='ocr_par' dir='ltr' id='par_1_89' title="bbox 2007 3940 3652 4017">
     <span class='ocr_line' id='line_1_89' title="bbox 2007 3940 3652 4017; baseline -0.004 -17"><span class='ocrx_word' id='word_1_664' title='bbox 2007 3943 2170 4017; x_wconf 88' lang='lat' dir='ltr'><strong>ponit</strong></span> <span class='ocrx_word' id='word_1_665' title='bbox 2199 3947 2256 3998; x_wconf 88' lang='lat' dir='ltr'><strong>et</strong></span> <span class='ocrx_word' id='word_1_666' title='bbox 2284 3943 2802 4015; x_wconf 90' lang='lat' dir='ltr'><strong>concinnat,atque</strong></span> <span class='ocrx_word' id='word_1_667' title='bbox 2830 3957 2900 3997; x_wconf 83' lang='lat' dir='ltr'><strong>ex</strong></span> <span class='ocrx_word' id='word_1_668' title='bbox 2931 3940 3142 4013; x_wconf 90' lang='lat' dir='ltr'><strong>positis</strong></span> <span class='ocrx_word' id='word_1_669' title='bbox 3173 3957 3242 3996; x_wconf 87' lang='lat' dir='ltr'><strong>ea</strong></span> <span class='ocrx_word' id='word_1_670' title='bbox 3265 3955 3393 4010; x_wconf 65' lang='lat' dir='ltr'><strong>qua</strong></span> <span class='ocrx_word' id='word_1_671' title='bbox 3425 3942 3652 3994; x_wconf 72' lang='lat' dir='ltr'><strong>naturae</strong></span> 
     </span>
    </p>
   </div>
   <div class='ocr_carea' id='block_1_90' title="bbox 2005 4027 3649 4103">
    <p class='ocr_par' dir='ltr' id='par_1_90' title="bbox 2005 4027 3649 4103">
     <span class='ocr_line' id='line_1_90' title="bbox 2005 4027 3649 4103; baseline -0.005 -13"><span class='ocrx_word' id='word_1_672' title='bbox 2005 4038 2145 4090; x_wconf 90' lang='lat' dir='ltr'><strong>sunt</strong></span> <span class='ocrx_word' id='word_1_673' title='bbox 2177 4032 2410 4103; x_wconf 88' lang='lat' dir='ltr'><strong>propria</strong></span> <span class='ocrx_word' id='word_1_674' title='bbox 2441 4031 2667 4099; x_wconf 89' lang='lat' dir='ltr'><strong>aufert;</strong></span> <span class='ocrx_word' id='word_1_675' title='bbox 2702 4031 2919 4086; x_wconf 90' lang='lat' dir='ltr'><strong>sienim</strong></span> <span class='ocrx_word' id='word_1_676' title='bbox 2954 4047 3058 4102; x_wconf 93' lang='lat' dir='ltr'><strong>pro</strong></span> <span class='ocrx_word' id='word_1_677' title='bbox 3079 4029 3346 4085; x_wconf 84' lang='lat' dir='ltr'><strong>confesso</strong></span> <span class='ocrx_word' id='word_1_678' title='bbox 3378 4027 3649 4097; x_wconf 90' lang='lat' dir='ltr'><strong>habetur,</strong></span> 
     </span>
    </p>
   </div>
   <div class='ocr_carea' id='block_1_91' title="bbox 2004 4116 3654 4194">
    <p class='ocr_par' dir='ltr' id='par_1_91' title="bbox 2004 4116 3654 4194">
     <span class='ocr_line' id='line_1_91' title="bbox 2004 4116 3654 4194; baseline -0.004 -15"><span class='ocrx_word' id='word_1_679' title='bbox 2004 4141 2072 4179; x_wconf 90' lang='lat' dir='ltr'><strong>ea</strong></span> <span class='ocrx_word' id='word_1_680' title='bbox 2101 4139 2232 4194; x_wconf 78' lang='lat' dir='ltr'><strong>quae</strong></span> <span class='ocrx_word' id='word_1_681' title='bbox 2260 4124 2616 4192; x_wconf 85' lang='lat' dir='ltr'><strong>generantur</strong></span> <span class='ocrx_word' id='word_1_682' title='bbox 2647 4137 2889 4192; x_wconf 89' lang='lat' dir='ltr'><strong>prorsus</strong></span> <span class='ocrx_word' id='word_1_683' title='bbox 2936 4119 3112 4175; x_wconf 89' lang='lat' dir='ltr'><strong>etiam</strong></span> <span class='ocrx_word' id='word_1_684' title='bbox 3155 4117 3454 4189; x_wconf 87' lang='lat' dir='ltr'><strong>corrumpi</strong></span> <span class='ocrx_word' id='word_1_685' title='bbox 3486 4116 3654 4188; x_wconf 80' lang='lat' dir='ltr'><strong>&#39;,ipse</strong></span> 
     </span>
    </p>
   </div>
   <div class='ocr_carea' id='block_1_92' title="bbox 2004 4209 3648 4280">
    <p class='ocr_par' dir='ltr' id='par_1_92' title="bbox 2004 4209 3648 4280">
     <span class='ocr_line' id='line_1_92' title="bbox 2004 4209 3648 4280; baseline -0.004 -9"><span class='ocrx_word' id='word_1_686' title='bbox 2004 4218 2203 4271; x_wconf 88' lang='lat' dir='ltr'><strong>autem</strong></span> <span class='ocrx_word' id='word_1_687' title='bbox 2234 4213 2602 4270; x_wconf 81' lang='lat' dir='ltr'><strong>abundantia</strong></span> <span class='ocrx_word' id='word_1_688' title='bbox 2622 4211 2904 4268; x_wconf 88' lang='lat' dir='ltr'><strong>bonitatis</strong></span> <span class='ocrx_word' id='word_1_689' title='bbox 2926 4210 3161 4266; x_wconf 89' lang='lat' dir='ltr'><strong>illorum</strong></span> <span class='ocrx_word' id='word_1_690' title='bbox 3185 4209 3422 4280; x_wconf 91' lang='lat' dir='ltr'><strong>quidem</strong></span> <span class='ocrx_word' id='word_1_691' title='bbox 3448 4225 3648 4264; x_wconf 89' lang='lat' dir='ltr'><strong>corru-</strong></span> 
     </span>
    </p>
   </div>
   <div class='ocr_carea' id='block_1_93' title="bbox 2005 4297 3653 4376">
    <p class='ocr_par' dir='ltr' id='par_1_93' title="bbox 2005 4297 3653 4376">
     <span class='ocr_line' id='line_1_93' title="bbox 2005 4297 3653 4376; baseline -0.004 -17"><span class='ocrx_word' id='word_1_692' title='bbox 2005 4304 2264 4376; x_wconf 90' lang='lat' dir='ltr'><strong>ptionem</strong></span> <span class='ocrx_word' id='word_1_693' title='bbox 2327 4303 2478 4359; x_wconf 71' lang='lat'><strong>“2</strong></span> <span class='ocrx_word' id='word_1_694' title='bbox 2536 4301 2872 4371; x_wconf 83' lang='lat' dir='ltr'><strong>abstulerit,</strong></span> <span class='ocrx_word' id='word_1_695' title='bbox 2931 4298 3113 4355; x_wconf 87' lang='lat' dir='ltr'><strong>veluti</strong></span> <span class='ocrx_word' id='word_1_696' title='bbox 3171 4299 3243 4354; x_wconf 91' lang='lat' dir='ltr'><strong>ab</strong></span> <span class='ocrx_word' id='word_1_697' title='bbox 3312 4297 3538 4369; x_wconf 89' lang='lat' dir='ltr'><strong>angelis</strong></span> <span class='ocrx_word' id='word_1_698' title='bbox 3595 4300 3653 4352; x_wconf 90' lang='lat' dir='ltr'><strong>et</strong></span> 
     </span>
    </p>
   </div>
   <div class='ocr_carea' id='block_1_94' title="bbox 2007 4386 3652 4461">
    <p class='ocr_par' dir='ltr' id='par_1_94' title="bbox 2007 4386 3652 4461">
     <span class='ocr_line' id='line_1_94' title="bbox 2007 4386 3652 4461; baseline -0.005 -13"><span class='ocrx_word' id='word_1_699' title='bbox 2007 4393 2319 4448; x_wconf 89' lang='lat' dir='ltr'><strong>animabus</strong></span> <span class='ocrx_word' id='word_1_700' title='bbox 2347 4410 2362 4460; x_wconf 88' lang='lat'><strong>;</strong></span> <span class='ocrx_word' id='word_1_701' title='bbox 2394 4391 2605 4448; x_wconf 91' lang='lat' dir='ltr'><strong>horum</strong></span> <span class='ocrx_word' id='word_1_702' title='bbox 2636 4407 2769 4447; x_wconf 87' lang='lat' dir='ltr'><strong>vero</strong></span> <span class='ocrx_word' id='word_1_703' title='bbox 2799 4388 3235 4461; x_wconf 88' lang='lat' dir='ltr'><strong>corruptionem</strong></span> <span class='ocrx_word' id='word_1_704' title='bbox 3274 4386 3332 4442; x_wconf 90' lang='lat' dir='ltr'><strong>in</strong></span> <span class='ocrx_word' id='word_1_705' title='bbox 3383 4387 3652 4441; x_wconf 89' lang='lat' dir='ltr'><strong>incorru-</strong></span> 
     </span>
    </p>
   </div>
   <div class='ocr_carea' id='block_1_95' title="bbox 2008 4475 3651 4552">
    <p class='ocr_par' dir='ltr' id='par_1_95' title="bbox 2008 4475 3651 4552">
     <span class='ocr_line' id='line_1_95' title="bbox 2008 4475 3651 4552; baseline -0.006 -14"><span class='ocrx_word' id='word_1_706' title='bbox 2008 4483 2266 4552; x_wconf 85' lang='lat' dir='ltr'><strong>ptionem</strong></span> <span class='ocrx_word' id='word_1_707' title='bbox 2302 4482 2594 4552; x_wconf 89' lang='lat' dir='ltr'><strong>traducat,</strong></span> <span class='ocrx_word' id='word_1_708' title='bbox 2627 4481 2780 4536; x_wconf 91' lang='lat' dir='ltr'><strong>sicut</strong></span> <span class='ocrx_word' id='word_1_709' title='bbox 2841 4495 3084 4551; x_wconf 89' lang='lat' dir='ltr'><strong>corpora</strong></span> <span class='ocrx_word' id='word_1_710' title='bbox 3132 4480 3336 4533; x_wconf 91' lang='lat' dir='ltr'><strong>nostra</strong></span> <span class='ocrx_word' id='word_1_711' title='bbox 3365 4475 3424 4530; x_wconf 90' lang='lat' dir='ltr'><strong>in</strong></span> <span class='ocrx_word' id='word_1_712' title='bbox 3457 4490 3651 4530; x_wconf 89' lang='lat' dir='ltr'><strong>resur-</strong></span> 
     </span>
    </p>
   </div>
   <div class='ocr_carea' id='block_1_96' title="bbox 240 4557 1895 4644">
    <p class='ocr_par' dir='ltr' id='par_1_96' title="bbox 240 4557 1895 4638">
     <span class='ocr_line' id='line_1_96' title="bbox 240 4557 1895 4638; baseline 0.008 -27"><span class='ocrx_word' id='word_1_713' title='bbox 240 4559 352 4634; x_wconf 76' lang='grc' dir='ltr'><strong>οὑχ</strong></span> <span class='ocrx_word' id='word_1_714' title='bbox 378 4559 458 4621; x_wconf 84' lang='grc' dir='ltr'>ὡς</span> <span class='ocrx_word' id='word_1_715' title='bbox 490 4560 568 4630; x_wconf 74' lang='grc' dir='ltr'>μή</span> <span class='ocrx_word' id='word_1_716' title='bbox 601 4557 674 4613; x_wconf 83' lang='grc' dir='ltr'>ὥν</span> <span class='ocrx_word' id='word_1_717' title='bbox 722 4561 785 4615; x_wconf 79' lang='grc' dir='ltr'><strong>τὸ</strong></span> <span class='ocrx_word' id='word_1_718' title='bbox 833 4559 1097 4617; x_wconf 74' lang='grc' dir='ltr'>ἐναντίονο</span> <span class='ocrx_word' id='word_1_719' title='bbox 1147 4562 1292 4619; x_wconf 84' lang='grc' dir='ltr'><strong>ἀλλά</strong></span> <span class='ocrx_word' id='word_1_720' title='bbox 1320 4567 1456 4620; x_wconf 88' lang='grc' dir='ltr'><strong>κατά</strong></span> <span class='ocrx_word' id='word_1_721' title='bbox 1501 4564 1749 4638; x_wconf 84' lang='grc' dir='ltr'>ἰδιότητά</span> <span class='ocrx_word' id='word_1_722' title='bbox 1777 4591 1895 4624; x_wconf 89' lang='grc' dir='ltr'>τινα</span> 
     </span>
    </p>
   </div>
   <div class='ocr_carea' id='block_1_97' title="bbox 2007 4557 3653 4644">
    <p class='ocr_par' dir='ltr' id='par_1_97' title="bbox 2007 4560 3653 4640">
     <span class='ocr_line' id='line_1_97' title="bbox 2007 4560 3653 4640; baseline -0.004 -16"><span class='ocrx_word' id='word_1_723' title='bbox 2007 4570 2298 4638; x_wconf 80' lang='lat' dir='ltr'><strong>rectione;</strong></span> <span class='ocrx_word' id='word_1_724' title='bbox 2334 4570 2710 4626; x_wconf 87' lang='lat' dir='ltr'><strong>manifestum</strong></span> <span class='ocrx_word' id='word_1_725' title='bbox 2742 4573 2832 4624; x_wconf 87' lang='lat' dir='ltr'><strong>est</strong></span> <span class='ocrx_word' id='word_1_726' title='bbox 2857 4568 3010 4640; x_wconf 90' lang='lat' dir='ltr'><strong>quod</strong></span> <span class='ocrx_word' id='word_1_727' title='bbox 3043 4567 3167 4639; x_wconf 90' lang='lat' dir='ltr'><strong>ipse</strong></span> <span class='ocrx_word' id='word_1_728' title='bbox 3215 4565 3413 4620; x_wconf 86' lang='lat' dir='ltr'><strong>eadem</strong></span> <span class='ocrx_word' id='word_1_729' title='bbox 3457 4560 3653 4618; x_wconf 90' lang='lat' dir='ltr'><strong>nobis-</strong></span> 
     </span>
    </p>
   </div>
   <div class='ocr_carea' id='block_1_98' title="bbox 237 4645 1894 4731">
    <p class='ocr_par' dir='ltr' id='par_1_98' title="bbox 237 4645 1894 4731">
     <span class='ocr_line' id='line_1_98' title="bbox 237 4645 1894 4731; baseline 0.005 -29"><span class='ocrx_word' id='word_1_730' title='bbox 237 4653 406 4702; x_wconf 72' lang='grc' dir='ltr'>πᾶσιν</span> <span class='ocrx_word' id='word_1_731' title='bbox 454 4645 692 4723; x_wconf 73' lang='grc' dir='ltr'>ἇρῥητον</span> <span class='ocrx_word' id='word_1_732' title='bbox 737 4648 828 4704; x_wconf 81' lang='grc' dir='ltr'><strong>καὶ</strong></span> <span class='ocrx_word' id='word_1_733' title='bbox 880 4649 1257 4722; x_wconf 83' lang='grc' dir='ltr'>ἀνεπινόητον’</span> <span class='ocrx_word' id='word_1_734' title='bbox 1311 4652 1568 4728; x_wconf 78' lang='grc' dir='ltr'>ἐξῄρηται</span> <span class='ocrx_word' id='word_1_735' title='bbox 1626 4657 1730 4731; x_wconf 80' lang='grc' dir='ltr'><strong>γὰρ</strong></span> <span class='ocrx_word' id='word_1_736' title='bbox 1790 4661 1894 4711; x_wconf 91' lang='grc' dir='ltr'><strong>τῶν</strong></span> 
     </span>
    </p>
   </div>
   <div class='ocr_carea' id='block_1_99' title="bbox 235 4737 1902 4814">
    <p class='ocr_par' dir='ltr' id='par_1_99' title="bbox 235 4737 1902 4814">
     <span class='ocr_line' id='line_1_99' title="bbox 235 4737 1902 4814; baseline 0.006 -23"><span class='ocrx_word' id='word_1_737' title='bbox 235 4737 529 4806; x_wconf 79' lang='grc' dir='ltr'>ἁπάντων,</span> <span class='ocrx_word' id='word_1_738' title='bbox 559 4738 632 4799; x_wconf 85' lang='grc' dir='ltr'>ὡς</span> <span class='ocrx_word' id='word_1_739' title='bbox 678 4737 1033 4814; x_wconf 83' lang='grc' dir='ltr'>ἀφῃρημένος</span> <span class='ocrx_word' id='word_1_740' title='bbox 1079 4745 1186 4796; x_wconf 90' lang='grc' dir='ltr'><strong>τῶν</strong></span> <span class='ocrx_word' id='word_1_741' title='bbox 1215 4737 1408 4812; x_wconf 81' lang='grc' dir='ltr'>ὅντων,</span> <span class='ocrx_word' id='word_1_742' title='bbox 1439 4745 1531 4798; x_wconf 87' lang='grc' dir='ltr'><strong>καὶ</strong></span> <span class='ocrx_word' id='word_1_743' title='bbox 1565 4744 1653 4799; x_wconf 85' lang='grc' dir='ltr'>ὑπ’</span> <span class='ocrx_word' id='word_1_744' title='bbox 1683 4743 1902 4809; x_wconf 81' lang='grc' dir='ltr'>οὐδενὸς</span> 
     </span>
    </p>
   </div>
   <div class='ocr_carea' id='block_1_100' title="bbox 233 4825 1901 4907">
    <p class='ocr_par' dir='ltr' id='par_1_100' title="bbox 233 4825 1901 4907">
     <span class='ocr_line' id='line_1_100' title="bbox 233 4825 1901 4907; baseline 0.005 -27"><span class='ocrx_word' id='word_1_745' title='bbox 233 4825 550 4898; x_wconf 67' lang='grc' dir='ltr'>νοούμενος</span> <span class='ocrx_word' id='word_1_746' title='bbox 600 4830 707 4881; x_wconf 88' lang='grc' dir='ltr'><strong>τῶν</strong></span> <span class='ocrx_word' id='word_1_747' title='bbox 756 4825 808 4882; x_wconf 71' lang='grc' dir='ltr'>ἐν</span> <span class='ocrx_word' id='word_1_748' title='bbox 861 4825 1196 4906; x_wconf 81' lang='grc' dir='ltr'>δημιουργίᾳ</span> <span class='ocrx_word' id='word_1_749' title='bbox 1243 4833 1277 4902; x_wconf 74' lang='grc' dir='ltr'>ἢ</span> <span class='ocrx_word' id='word_1_750' title='bbox 1323 4829 1901 4907; x_wconf 88' lang='grc' dir='ltr'>καταλαμϐανόμενος,</span> 
     </span>
    </p>
   </div>
   <div class='ocr_carea' id='block_1_101' title="bbox 234 4914 1902 4998">
    <p class='ocr_par' dir='ltr' id='par_1_101' title="bbox 234 4914 1902 4998">
     <span class='ocr_line' id='line_1_101' title="bbox 234 4914 1902 4998; baseline 0.007 -31"><span class='ocrx_word' id='word_1_751' title='bbox 234 4916 315 4979; x_wconf 85' lang='grc' dir='ltr'>ὡς</span> <span class='ocrx_word' id='word_1_752' title='bbox 345 4914 511 4976; x_wconf 78' lang='grc' dir='ltr'>αὐτὸς</span> <span class='ocrx_word' id='word_1_753' title='bbox 560 4916 749 4970; x_wconf 74' lang='grc' dir='ltr'>ἑαυτὸν</span> <span class='ocrx_word' id='word_1_754' title='bbox 800 4919 1044 4993; x_wconf 85' lang='grc' dir='ltr'>ἀρπάσας</span> <span class='ocrx_word' id='word_1_755' title='bbox 1091 4916 1180 4974; x_wconf 79' lang='grc' dir='ltr'>διὰ</span> <span class='ocrx_word' id='word_1_756' title='bbox 1223 4927 1324 4991; x_wconf 80' lang='grc' dir='ltr'><strong>τῆς</strong></span> <span class='ocrx_word' id='word_1_757' title='bbox 1384 4920 1652 4996; x_wconf 74' lang='grc' dir='ltr'>ἀπειρίαςο</span> <span class='ocrx_word' id='word_1_758' title='bbox 1685 4923 1746 4978; x_wconf 79' lang='grc' dir='ltr'><strong>οὑ</strong></span> <span class='ocrx_word' id='word_1_759' title='bbox 1798 4925 1902 4998; x_wconf 86' lang='grc' dir='ltr'><strong>γάρ</strong></span> 
     </span>
    </p>
   </div>
   <div class='ocr_carea' id='block_1_102' title="bbox 232 5002 1901 5082">
    <p class='ocr_par' dir='ltr' id='par_1_102' title="bbox 232 5002 1901 5082">
     <span class='ocr_line' id='line_1_102' title="bbox 232 5002 1901 5082; baseline 0.006 -25"><span class='ocrx_word' id='word_1_760' title='bbox 232 5002 385 5058; x_wconf 72' lang='grc' dir='ltr'>ἐστιν</span> <span class='ocrx_word' id='word_1_761' title='bbox 417 5003 585 5058; x_wconf 77' lang='grc' dir='ltr'>αὐτοῦ</span> <span class='ocrx_word' id='word_1_762' title='bbox 616 5005 803 5077; x_wconf 87' lang='grc' dir='ltr'>πέρας.</span> <span class='ocrx_word' id='word_1_763' title='bbox 834 5012 910 5078; x_wconf 86' lang='grc' dir='ltr'>Ση</span> <span class='ocrx_word' id='word_1_764' title='bbox 924 5007 1155 5080; x_wconf 86' lang='grc' dir='ltr'>μείωσαι</span> <span class='ocrx_word' id='word_1_765' title='bbox 1179 5006 1236 5064; x_wconf 77' lang='grc' dir='ltr'><strong>δὶ</strong></span> <span class='ocrx_word' id='word_1_766' title='bbox 1264 5010 1326 5065; x_wconf 88' lang='grc' dir='ltr'>τὸ</span> <span class='ocrx_word' id='word_1_767' title='bbox 1357 5011 1408 5065; x_wconf 79' lang='grc' dir='ltr'><strong>έν</strong></span> <span class='ocrx_word' id='word_1_768' title='bbox 1440 5009 1715 5082; x_wconf 78' lang='grc' dir='ltr'>ἀλλήλαις</span> <span class='ocrx_word' id='word_1_769' title='bbox 1747 5013 1901 5082; x_wconf 75' lang='grc' dir='ltr'>εἶναι,</span> 
     </span>
    </p>
   </div>
   <div class='ocr_carea' id='block_1_103' title="bbox 228 5093 1898 5171">
    <p class='ocr_par' dir='ltr' id='par_1_103' title="bbox 228 5093 1898 5171">
     <span class='ocr_line' id='line_1_103' title="bbox 228 5093 1898 5171; baseline 0.005 -23"><span class='ocrx_word' id='word_1_770' title='bbox 228 5093 377 5148; x_wconf 80' lang='grc' dir='ltr'>κατά</span> <span class='ocrx_word' id='word_1_771' title='bbox 425 5112 544 5147; x_wconf 88' lang='grc' dir='ltr'>τινα</span> <span class='ocrx_word' id='word_1_772' title='bbox 593 5095 768 5167; x_wconf 77' lang='grc' dir='ltr'>μονὴν</span> <span class='ocrx_word' id='word_1_773' title='bbox 812 5096 903 5151; x_wconf 84' lang='grc' dir='ltr'><strong>καὶ</strong></span> <span class='ocrx_word' id='word_1_774' title='bbox 949 5093 1164 5171; x_wconf 70' lang='grc' dir='ltr'>’ίὸρυσιν</span> <span class='ocrx_word' id='word_1_775' title='bbox 1210 5099 1306 5161; x_wconf 81' lang='grc' dir='ltr'><strong>τὰς</strong></span> <span class='ocrx_word' id='word_1_776' title='bbox 1365 5099 1506 5163; x_wconf 91' lang='grc' dir='ltr'>θείας</span> <span class='ocrx_word' id='word_1_777' title='bbox 1563 5095 1898 5171; x_wconf 86' lang='grc' dir='ltr'>ὑποστάσεις,</span> 
     </span>
    </p>
   </div>
   <div class='ocr_carea' id='block_1_104' title="bbox 228 5181 1900 5263">
    <p class='ocr_par' dir='ltr' id='par_1_104' title="bbox 228 5181 1900 5263">
     <span class='ocr_line' id='line_1_104' title="bbox 228 5181 1900 5263; baseline 0.006 -28"><span class='ocrx_word' id='word_1_778' title='bbox 228 5181 308 5242; x_wconf 80' lang='grc' dir='ltr'><strong>ὡς</strong></span> <span class='ocrx_word' id='word_1_779' title='bbox 364 5181 452 5236; x_wconf 72' lang='grc' dir='ltr'><strong>τό*</strong></span> <span class='ocrx_word' id='word_1_780' title='bbox 504 5183 648 5257; x_wconf 84' lang='grc' dir='ltr'><strong>Ἐγὼ</strong></span> <span class='ocrx_word' id='word_1_781' title='bbox 707 5182 758 5238; x_wconf 87' lang='grc' dir='ltr'><strong>έν</strong></span> <span class='ocrx_word' id='word_1_782' title='bbox 811 5189 890 5257; x_wconf 81' lang='grc' dir='ltr'>τῷ</span> <span class='ocrx_word' id='word_1_783' title='bbox 949 5187 1146 5260; x_wconf 84' lang='grc' dir='ltr'>ΙΙατρὶ,</span> <span class='ocrx_word' id='word_1_784' title='bbox 1203 5189 1291 5241; x_wconf 80' lang='grc' dir='ltr'><strong>καὶ</strong></span> <span class='ocrx_word' id='word_1_785' title='bbox 1337 5189 1366 5242; x_wconf 84' lang='grc' dir='ltr'>ὁ</span> <span class='ocrx_word' id='word_1_786' title='bbox 1423 5190 1614 5262; x_wconf 74' lang='grc' dir='ltr'>Πατὴρ</span> <span class='ocrx_word' id='word_1_787' title='bbox 1658 5188 1710 5244; x_wconf 81' lang='grc' dir='ltr'>ἐν</span> <span class='ocrx_word' id='word_1_788' title='bbox 1756 5190 1900 5263; x_wconf 83' lang='grc' dir='ltr'>ἐμοί’</span> 
     </span>
    </p>
   </div>
   <div class='ocr_carea' id='block_1_105' title="bbox 2010 4649 3654 4730">
    <p class='ocr_par' dir='ltr' id='par_1_105' title="bbox 2010 4649 3654 4730">
     <span class='ocr_line' id='line_1_105' title="bbox 2010 4649 3654 4730; baseline -0.005 -16"><span class='ocrx_word' id='word_1_789' title='bbox 2010 4675 2144 4716; x_wconf 86' lang='lat' dir='ltr'><strong>cum</strong></span> <span class='ocrx_word' id='word_1_790' title='bbox 2175 4659 2488 4727; x_wconf 82' lang='lat' dir='ltr'><strong>exsistens,</strong></span> <span class='ocrx_word' id='word_1_791' title='bbox 2520 4658 2598 4714; x_wconf 90' lang='lat' dir='ltr'><strong>sit</strong></span> <span class='ocrx_word' id='word_1_792' title='bbox 2618 4662 2676 4714; x_wconf 89' lang='lat' dir='ltr'><strong>et</strong></span> <span class='ocrx_word' id='word_1_793' title='bbox 2704 4674 2884 4730; x_wconf 89' lang='lat' dir='ltr'><strong>supra</strong></span> <span class='ocrx_word' id='word_1_794' title='bbox 2913 4655 3261 4728; x_wconf 89' lang='lat' dir='ltr'><strong>positionem</strong></span> <span class='ocrx_word' id='word_1_795' title='bbox 3319 4657 3376 4708; x_wconf 92' lang='lat' dir='ltr'><strong>et</strong></span> <span class='ocrx_word' id='word_1_796' title='bbox 3416 4649 3654 4708; x_wconf 86' lang='lat' dir='ltr'><strong>ablatio-</strong></span> 
     </span>
    </p>
   </div>
   <div class='ocr_carea' id='block_1_106' title="bbox 2011 4739 3649 4816">
    <p class='ocr_par' dir='ltr' id='par_1_106' title="bbox 2011 4739 3649 4816">
     <span class='ocr_line' id='line_1_106' title="bbox 2011 4739 3649 4816; baseline -0.007 -12"><span class='ocrx_word' id='word_1_797' title='bbox 2011 4764 2171 4816; x_wconf 87' lang='lat' dir='ltr'><strong>nem,</strong></span> <span class='ocrx_word' id='word_1_798' title='bbox 2205 4765 2336 4804; x_wconf 91' lang='lat' dir='ltr'><strong>cum</strong></span> <span class='ocrx_word' id='word_1_799' title='bbox 2374 4749 2824 4804; x_wconf 90' lang='lat' dir='ltr'><strong>fundamentum</strong></span> <span class='ocrx_word' id='word_1_800' title='bbox 2858 4746 2954 4816; x_wconf 89' lang='lat' dir='ltr'><strong>sit,</strong></span> <span class='ocrx_word' id='word_1_801' title='bbox 3016 4743 3402 4815; x_wconf 90' lang='lat' dir='ltr'><strong>omniumque</strong></span> <span class='ocrx_word' id='word_1_802' title='bbox 3442 4739 3606 4796; x_wconf 81' lang='lat' dir='ltr'><strong>radix</strong></span> <span class='ocrx_word' id='word_1_803' title='bbox 3637 4753 3649 4792; x_wconf 92' lang='lat'>:</span> 
     </span>
    </p>
   </div>
   <div class='ocr_carea' id='block_1_107' title="bbox 2011 4827 3655 4907">
    <p class='ocr_par' dir='ltr' id='par_1_107' title="bbox 2011 4827 3655 4907">
     <span class='ocr_line' id='line_1_107' title="bbox 2011 4827 3655 4907; baseline -0.007 -15"><span class='ocrx_word' id='word_1_804' title='bbox 2011 4854 2128 4892; x_wconf 89' lang='lat' dir='ltr'><strong>non</strong></span> <span class='ocrx_word' id='word_1_805' title='bbox 2153 4842 2438 4907; x_wconf 89' lang='lat' dir='ltr'><strong>quantum</strong></span> <span class='ocrx_word' id='word_1_806' title='bbox 2472 4837 2544 4892; x_wconf 89' lang='lat' dir='ltr'><strong>ad</strong></span> <span class='ocrx_word' id='word_1_807' title='bbox 2574 4836 2791 4905; x_wconf 91' lang='lat' dir='ltr'><strong>locum,</strong></span> <span class='ocrx_word' id='word_1_808' title='bbox 2819 4836 2920 4891; x_wconf 83' lang='lat' dir='ltr'><strong>sed</strong></span> <span class='ocrx_word' id='word_1_809' title='bbox 2957 4839 3017 4889; x_wconf 90' lang='lat' dir='ltr'><strong>ut</strong></span> <span class='ocrx_word' id='word_1_810' title='bbox 3049 4849 3230 4889; x_wconf 89' lang='lat' dir='ltr'><strong>causa</strong></span> <span class='ocrx_word' id='word_1_811' title='bbox 3261 4851 3275 4900; x_wconf 87' lang='lat'><strong>;</strong></span> <span class='ocrx_word' id='word_1_812' title='bbox 3310 4844 3500 4902; x_wconf 87' lang='lat' dir='ltr'><strong>neque</strong></span> <span class='ocrx_word' id='word_1_813' title='bbox 3529 4827 3655 4899; x_wconf 91' lang='lat' dir='ltr'><strong>ipse</strong></span> 
     </span>
    </p>
   </div>
   <div class='ocr_carea' id='block_1_108' title="bbox 2010 4918 3654 4998">
    <p class='ocr_par' dir='ltr' id='par_1_108' title="bbox 2010 4918 3654 4998">
     <span class='ocr_line' id='line_1_108' title="bbox 2010 4918 3654 4998; baseline -0.007 -17"><span class='ocrx_word' id='word_1_814' title='bbox 2010 4930 2100 4981; x_wconf 89' lang='lat' dir='ltr'><strong>est</strong></span> <span class='ocrx_word' id='word_1_815' title='bbox 2129 4925 2345 4983; x_wconf 85' lang='lat' dir='ltr'><strong>ablatio</strong></span> <span class='ocrx_word' id='word_1_816' title='bbox 2373 4943 2575 4982; x_wconf 91' lang='lat' dir='ltr'><strong>eorum</strong></span> <span class='ocrx_word' id='word_1_817' title='bbox 2598 4942 2729 4998; x_wconf 79' lang='lat' dir='ltr'><strong>quas</strong></span> <span class='ocrx_word' id='word_1_818' title='bbox 2758 4924 2952 4991; x_wconf 84' lang='lat' dir='ltr'><strong>habet,</strong></span> <span class='ocrx_word' id='word_1_819' title='bbox 2989 4923 3177 4994; x_wconf 89' lang='lat' dir='ltr'><strong>ipsam</strong></span> <span class='ocrx_word' id='word_1_820' title='bbox 3211 4919 3368 4975; x_wconf 89' lang='lat' dir='ltr'><strong>enim</strong></span> <span class='ocrx_word' id='word_1_821' title='bbox 3412 4918 3654 4973; x_wconf 91' lang='lat' dir='ltr'><strong>immor-</strong></span> 
     </span>
    </p>
   </div>
   <div class='ocr_carea' id='block_1_109' title="bbox 2010 5005 3655 5089">
    <p class='ocr_par' dir='ltr' id='par_1_109' title="bbox 2010 5005 3655 5089">
     <span class='ocr_line' id='line_1_109' title="bbox 2010 5005 3655 5089; baseline -0.007 -17"><span class='ocrx_word' id='word_1_822' title='bbox 2010 5015 2297 5072; x_wconf 74' lang='lat' dir='ltr'><strong>talitatem</strong></span> <span class='ocrx_word' id='word_1_823' title='bbox 2329 5017 2455 5089; x_wconf 91' lang='lat' dir='ltr'><strong>ipse</strong></span> <span class='ocrx_word' id='word_1_824' title='bbox 2487 5016 2680 5072; x_wconf 82' lang='lat' dir='ltr'><strong>habet.</strong></span> <span class='ocrx_word' id='word_1_825' title='bbox 2700 5013 2851 5071; x_wconf 92' lang='lat' dir='ltr'><strong>Illud</strong></span> <span class='ocrx_word' id='word_1_826' title='bbox 2884 5011 3039 5068; x_wconf 90' lang='lat' dir='ltr'><strong>enim</strong></span> <span class='ocrx_word' id='word_1_827' title='bbox 3071 5010 3226 5082; x_wconf 91' lang='lat' dir='ltr'><strong>quod</strong></span> <span class='ocrx_word' id='word_1_828' title='bbox 3253 5007 3398 5064; x_wconf 89' lang='lat' dir='ltr'><strong>mori</strong></span> <span class='ocrx_word' id='word_1_829' title='bbox 3430 5005 3655 5077; x_wconf 88' lang='lat' dir='ltr'><strong>nequit,</strong></span> 
     </span>
    </p>
   </div>
   <div class='ocr_carea' id='block_1_110' title="bbox 2012 5093 3660 5178">
    <p class='ocr_par' dir='ltr' id='par_1_110' title="bbox 2012 5093 3660 5178">
     <span class='ocr_line' id='line_1_110' title="bbox 2012 5093 3660 5178; baseline -0.007 -18"><span class='ocrx_word' id='word_1_830' title='bbox 2012 5122 2203 5177; x_wconf 90' lang='lat' dir='ltr'><strong>neque</strong></span> <span class='ocrx_word' id='word_1_831' title='bbox 2231 5104 2867 5178; x_wconf 80' lang='lat' dir='ltr'><strong>comprehendi,neque</strong></span> <span class='ocrx_word' id='word_1_832' title='bbox 2889 5096 3423 5172; x_wconf 88' lang='lat' dir='ltr'><strong>cognosci,aliaque</strong></span> <span class='ocrx_word' id='word_1_833' title='bbox 3440 5093 3660 5153; x_wconf 86' lang='lat' dir='ltr'><strong>similia</strong></span> 
     </span>
    </p>
   </div>
   <div class='ocr_carea' id='block_1_111' title="bbox 2017 5186 3659 5266">
    <p class='ocr_par' dir='ltr' id='par_1_111' title="bbox 2017 5186 3659 5266">
     <span class='ocr_line' id='line_1_111' title="bbox 2017 5186 3659 5266; baseline -0.005 -17"><span class='ocrx_word' id='word_1_834' title='bbox 2017 5193 2214 5262; x_wconf 84' lang='lat' dir='ltr'><strong>habet,</strong></span> <span class='ocrx_word' id='word_1_835' title='bbox 2247 5212 2362 5251; x_wconf 92' lang='lat' dir='ltr'><strong>non</strong></span> <span class='ocrx_word' id='word_1_836' title='bbox 2397 5195 2554 5266; x_wconf 90' lang='lat' dir='ltr'><strong>quod</strong></span> <span class='ocrx_word' id='word_1_837' title='bbox 2613 5208 2730 5248; x_wconf 89' lang='lat' dir='ltr'><strong>non</strong></span> <span class='ocrx_word' id='word_1_838' title='bbox 2785 5191 2863 5248; x_wconf 86' lang='lat' dir='ltr'><strong>sit</strong></span> <span class='ocrx_word' id='word_1_839' title='bbox 2917 5186 3299 5256; x_wconf 87' lang='lat' dir='ltr'><strong>contrarium,</strong></span> <span class='ocrx_word' id='word_1_840' title='bbox 3331 5186 3433 5244; x_wconf 89' lang='lat' dir='ltr'><strong>sed</strong></span> <span class='ocrx_word' id='word_1_841' title='bbox 3489 5186 3659 5259; x_wconf 81' lang='lat' dir='ltr'><strong>juxta</strong></span> 
     </span>
    </p>
   </div>
   <div class='ocr_carea' id='block_1_112' title="bbox 1266 5415 2645 5477">
    <p class='ocr_par' dir='ltr' id='par_1_112' title="bbox 1266 5415 2645 5477">
     <span class='ocr_line' id='line_1_112' title="bbox 1266 5415 2645 5477; baseline 0.003 -7"><span class='ocrx_word' id='word_1_842' title='bbox 1266 5415 1503 5473; x_wconf 77' lang='lat' dir='ltr'><strong>VARl/E</strong></span> <span class='ocrx_word' id='word_1_843' title='bbox 1543 5418 1930 5475; x_wconf 86' lang='lat' dir='ltr'><strong>LECTIONES</strong></span> <span class='ocrx_word' id='word_1_844' title='bbox 1968 5419 2058 5475; x_wconf 93' lang='lat' dir='ltr'><strong>ET</strong></span> <span class='ocrx_word' id='word_1_845' title='bbox 2096 5419 2645 5477; x_wconf 84' lang='lat' dir='ltr'><strong>CORRECTIONES.</strong></span> 
     </span>
    </p>
   </div>
   <div class='ocr_carea' id='block_1_113' title="bbox 306 5586 1895 5671">
    <p class='ocr_par' dir='ltr' id='par_1_113' title="bbox 306 5587 1895 5671">
     <span class='ocr_line' id='line_1_113' title="bbox 306 5587 1895 5671; baseline 0.013 -41"><span class='ocrx_word' id='word_1_846' title='bbox 306 5594 357 5630; x_wconf 74' lang='grc' dir='ltr'><strong>ετ</strong></span> <span class='ocrx_word' id='word_1_847' title='bbox 387 5590 834 5671; x_wconf 34' lang='grc' dir='ltr'>γρᾌνομίςοντες</span> <span class='ocrx_word' id='word_1_848' title='bbox 863 5587 1270 5671; x_wconf 71' lang='grc' dir='ltr'>κατειληφέναι,</span> <span class='ocrx_word' id='word_1_849' title='bbox 1301 5593 1391 5671; x_wconf 57' lang='grc' dir='ltr'><strong>καί</strong></span> <span class='ocrx_word' id='word_1_850' title='bbox 1424 5590 1536 5666; x_wconf 84' lang='grc' dir='ltr'>ἀδι,</span> <span class='ocrx_word' id='word_1_851' title='bbox 1564 5600 1831 5671; x_wconf 68' lang='lat' dir='ltr'><strong>putantes</strong></span> <span class='ocrx_word' id='word_1_852' title='bbox 1858 5613 1895 5653; x_wconf 76' lang='grc' dir='ltr'><strong>υ.</strong></span> 
     </span>
    </p>
   </div>
   <div class='ocr_carea' id='block_1_114' title="bbox 2007 5586 3652 5671">
    <p class='ocr_par' dir='ltr' id='par_1_114' title="bbox 2007 5586 3652 5671">
     <span class='ocr_line' id='line_1_114' title="bbox 2007 5586 3652 5671; baseline -0.005 -19"><span class='ocrx_word' id='word_1_853' title='bbox 2007 5613 2106 5653; x_wconf 73' lang='lat' dir='ltr'><strong>nos</strong></span> <span class='ocrx_word' id='word_1_854' title='bbox 2132 5597 2444 5671; x_wconf 75' lang='lat' dir='ltr'><strong>intelligere</strong></span> <span class='ocrx_word' id='word_1_855' title='bbox 2470 5606 2673 5654; x_wconf 81' lang='lat' dir='ltr'><strong>etnon.</strong></span> <span class='ocrx_word' id='word_1_856' title='bbox 2754 5597 2800 5633; x_wconf 77' lang='lat'>“</span> <span class='ocrx_word' id='word_1_857' title='bbox 2829 5615 2918 5671; x_wconf 89' lang='grc' dir='ltr'>γρ.</span> <span class='ocrx_word' id='word_1_858' title='bbox 2949 5588 3236 5650; x_wconf 78' lang='grc' dir='ltr'>κατέλαϐε.</span> <span class='ocrx_word' id='word_1_859' title='bbox 3312 5595 3358 5631; x_wconf 73' lang='grc'><strong><em>’³</em></strong></span> <span class='ocrx_word' id='word_1_860' title='bbox 3383 5612 3471 5669; x_wconf 89' lang='grc' dir='ltr'>γρ.</span> <span class='ocrx_word' id='word_1_861' title='bbox 3512 5586 3652 5645; x_wconf 77' lang='grc' dir='ltr'>εἲὸό-</span> 
     </span>
    </p>
   </div>
   <div class='ocr_carea' id='block_1_115' title="bbox 227 5685 353 5727">
    <p class='ocr_par' dir='ltr' id='par_1_115' title="bbox 227 5685 353 5727">
     <span class='ocr_line' id='line_1_115' title="bbox 227 5685 353 5727; baseline 0.016 -7"><span class='ocrx_word' id='word_1_862' title='bbox 227 5685 353 5727; x_wconf 83' lang='grc' dir='ltr'>τος.</span> 
     </span>
    </p>
   </div>
   <div class='ocr_carea' id='block_1_116' title="bbox 437 5660 2546 5746">
    <p class='ocr_par' dir='ltr' id='par_1_116' title="bbox 437 5660 2546 5746">
     <span class='ocr_line' id='line_1_116' title="bbox 437 5660 2546 5746; baseline 0.003 -28"><span class='ocrx_word' id='word_1_863' title='bbox 437 5665 506 5702; x_wconf 78' lang='grc' dir='ltr'><strong>¹⁰ο</strong></span> <span class='ocrx_word' id='word_1_864' title='bbox 532 5660 620 5738; x_wconf 79' lang='grc' dir='ltr'>γρ.</span> <span class='ocrx_word' id='word_1_865' title='bbox 655 5660 942 5740; x_wconf 84' lang='grc' dir='ltr'>ἀφθαρσίᾳ.</span> <span class='ocrx_word' id='word_1_866' title='bbox 1022 5667 1036 5700; x_wconf 89' lang='grc'>¹</span> <span class='ocrx_word' id='word_1_867' title='bbox 1187 5660 1578 5741; x_wconf 63' lang='grc' dir='ltr'><strong>ιιῗηλιολόγητιπιί.⁸</strong></span> <span class='ocrx_word' id='word_1_868' title='bbox 1644 5670 1665 5703; x_wconf 81' lang='grc'>²</span> <span class='ocrx_word' id='word_1_869' title='bbox 1697 5687 1791 5745; x_wconf 90' lang='grc' dir='ltr'>γρ.</span> <span class='ocrx_word' id='word_1_870' title='bbox 1831 5668 2123 5744; x_wconf 82' lang='grc' dir='ltr'>φθείρεται.</span> <span class='ocrx_word' id='word_1_871' title='bbox 2199 5672 2220 5706; x_wconf 76' lang='grc'>³</span> <span class='ocrx_word' id='word_1_872' title='bbox 2246 5660 2339 5746; x_wconf 63' lang='grc' dir='ltr'><strong>γρΪ</strong></span> <span class='ocrx_word' id='word_1_873' title='bbox 2365 5670 2546 5742; x_wconf 83' lang='grc' dir='ltr'>ἡμῶν.</span> 
     </span>
    </p>
   </div>
  </div>
