4000 6200
380 332 488 388 219

1191 334 1557 387 APPENDIX
1596 334 1695 385 AD
1733 332 1973 386 OPERA
2011 333 2071 384 S.
2112 331 2430 386 DIONYBII
2473 331 2976 386 AREOPAGITE.

3674 331 3778 388 220

382 461 798 534 proprietatem
826 460 1142 532 quamdam
1164 459 1443 514 omnibus
1472 456 1850 528 ineffabilem,
1871 473 2031 530 pror-

2151 455 2284 510 οίίτω
2331 457 2422 512 καὶ
2469 456 2592 532 περὶ
2641 460 2739 511 τοῦ
2785 457 2945 531 ἁγίου
2997 455 3311 529 Πνεύματος
3368 457 3397 512 ὁ
3455 451 3780 520 Ἀπόστολος

382 567 606 622 susque
663 549 1174 620 inconceptibilem
1208 567 1222 615 ;
1257 551 1565 619 exemptus
1617 547 1770 603 enim
1823 551 1910 602 est
1958 546 2031 601 ab

2142 543 2284 621 λέγει
2308 548 2347 600 ⁸.

383 639 680 706 omnibus,
715 641 1000 710 tanquam
1033 654 1066 692 a
1093 637 1267 692 rebus
1299 636 1749 707 ablatus,ncque
1781 637 1852 692 ab
1880 635 2001 690 ulla
2029 640 2296 691 creatura
2325 637 2660 694 intellectus
2676 640 2779 693 aut
2811 636 3369 708 comprehensus,ut
3399 637 3496 708 qui
3528 637 3779 709 seipsum

383 744 485 800 per
514 728 864 784 infinitatem
898 726 1310 798 capiat,neque
1341 727 1498 780 enim
1531 727 1660 796 ejus
1689 729 1780 780 est
1811 725 2118 780 terminus.
2140 730 2288 780 Nota
2319 731 2512 782 autem
2546 727 2606 782 in
2639 743 2701 783 se
2732 727 2981 781 invicem
3014 741 3160 791 esse,
3194 741 3298 796 per
3327 727 3569 781 modum
3603 727 3781 782 alicu-

378 817 480 888 jus
506 816 656 872 situs
687 821 744 871 et
777 815 1184 885 habitationis,
1217 816 1450 872 divinas
1483 832 1785 887 personas,
1819 819 1884 869 ut
1914 813 2082 883 illud,
2112 816 2220 886 Ego
2251 815 2309 870 in
2342 817 2534 884 Pdtre,
2565 822 2618 872 et
2644 820 2812 872 Pater
2842 815 2900 870 in
2929 831 3020 870 me
3051 816 3123 887 (v)
3156 832 3169 882 ;
3204 816 3280 869 ita
3310 815 3486 871 etiam
3520 816 3590 870 de
3618 814 3782 888 Spiri-

383 910 447 962 tu
483 910 681 962 sancto
715 905 1024 978 Apostolus
1053 905 1214 960 dicit.

457 995 630 1068 [Sicut
663 995 884 1050 lumina
944 995 1282 1066 lampadum.
1343 995 1575 1066 Integra
1631 1010 1798 1049 mens
1845 993 2031 1048 sancti

385 1084 573 1140 Patris
604 1085 673 1140 ad
708 1084 866 1139 hunc
899 1085 1136 1139 modum
1173 1099 1236 1138 se
1267 1083 1466 1138 habet.
1490 1084 1835 1155 Exemplum
1870 1082 2034 1153 ponit

385 1175 458 1229 de
487 1176 691 1229 sancta
720 1171 1026 1228 Trinitate.
1049 1173 1573 1248 Quemadmodum,
1605 1171 1812 1242 inquit,
1837 1171 1887 1226 si
1916 1177 2033 1227 tres

387 1262 656 1328 lucernis,
698 1265 800 1316 aut
859 1259 1112 1315 candelis
1163 1277 1278 1316 una
1310 1261 1428 1315 sint
1474 1261 1532 1314 in
1579 1260 1818 1331 templo,
1852 1259 1940 1316 vel
1973 1263 2030 1314 in

387 1349 583 1416 domo,
627 1347 752 1404 suis
785 1349 1020 1418 quidem
1057 1349 1472 1421 hypostasibus
1504 1353 1892 1405 secernuntur
1928 1364 2030 1404 seu

388 1436 842 1509 distinguuntur
871 1438 941 1491 ab
976 1437 1264 1504 invicem;
1299 1454 1664 1509 unaquaeque
1720 1437 1875 1493 enim
1919 1436 2035 1493 alia

385 1525 627 1582 lucerna
659 1531 747 1581 est
778 1543 791 1581 :
826 1530 1085 1581 attamen
1117 1531 1408 1598 quantum
1450 1529 1520 1582 ad
1551 1527 1773 1595 lumen,
1809 1526 2032 1582 unitam

386 1619 563 1687 atque
591 1614 905 1670 indivisam
938 1615 1392 1670 habentnaturm
1414 1621 1472 1672 et
1501 1616 1859 1687 operationis
1880 1632 2033 1671 com-

2215 993 2458 1067 Καθάπερ
2528 998 2681 1069 φῶτα
2738 992 3078 1069 λαμπτήρων
3113 1036 3125 1049 .
3186 992 3354 1057 Ὅλος
3411 993 3439 1047 ὁ
3508 997 3637 1055 νοῦς
3691 996 3781 1048 τοῦ

2143 1083 2351 1155 Πατρὸς
2403 1087 2593 1137 τοῦτον
2643 1077 2758 1158 ἔχει
2817 1083 2909 1138 τὸν
2969 1081 3193 1155 τρόπον.
3249 1079 3598 1157 Παράδειγμα
3646 1085 3780 1137 εἶπεν

2143 1171 2230 1226 ἐπὶ
2260 1177 2359 1240 τῆς
2406 1171 2560 1245 ἁγίας
2602 1167 2859 1245 Τριάδος,
2893 1171 3074 1248 ὥσπερ
3124 1175 3290 1245 τριῶν
3334 1191 3496 1225 τινων
3543 1169 3782 1246 λύχνων,

2142 1259 2327 1337 φησὶν,
2359 1259 2394 1329 ἢ
2425 1265 2609 1336 κηρῶν
2661 1261 2926 1333 ἡμμένων
2979 1258 3030 1314 ἔν
3076 1280 3181 1313 τινι
3227 1263 3341 1331 ναῷ
3391 1258 3428 1328 ἢ
3482 1257 3644 1331 οἷ’κῳ,
3672 1264 3782 1322 ταῖς

2147 1351 2240 1422 μὲν
2275 1348 2594 1404 ὑποστάσεσι
2649 1347 3096 1425 διακεκριμένων,
3141 1346 3309 1425 ἤγουν
3361 1349 3782 1424 κεχωρισμένων

2143 1437 2428 1509 ἀλλήλωνο
2459 1437 2632 1500 ἄλλος
2661 1439 2762 1514 γὰρ
2793 1438 2880 1492 καὶ
2912 1435 3084 1500 ἄλλος
3115 1436 3320 1512 λύχνος
3368 1435 3510 1492 ἐστὶν
3541 1434 3727 1498 ἰδικῶς
3755 1438 3780 1492 ὁ

2140 1527 2343 1592 καθείς·
2371 1532 2449 1599 τῷ
2497 1524 2553 1582 δὲ
2599 1529 2739 1606 φωτὶ
2781 1527 3074 1600 ἡνωμένην
3117 1524 3307 1601 ἔχουσι
3337 1527 3425 1581 καὶ
3477 1524 3780 1602 ἀχώριστον

2139 1619 2238 1686 τήν
2287 1617 2576 1671 κοινωνίαν
2631 1623 2731 1686 τῆς
2791 1615 3001 1694 φύσεως
3056 1615 3146 1670 καί
3204 1623 3303 1684 τῆς
3360 1614 3647 1691 ἐνεργείας·
3697 1615 3780 1669 καὶ

387 1703 848 1759 municationem
874 1721 889 1773 ;
923 1704 1066 1759 adeo
1098 1709 1162 1758 ut
1191 1719 1362 1759 nemo
1393 1703 1722 1760 discernere
1750 1703 2034 1773 valeat,ao

2151 1703 2320 1768 οὐδεὶς
2366 1702 2585 1760 δύναται
2632 1704 2687 1760 ἐν
2733 1709 2812 1777 τῷ
2845 1702 2980 1777 οἴκῳ
3025 1704 3076 1759 έν
3108 1709 3188 1777 τῷ
3219 1705 3334 1778 ἀέρι
3384 1703 3548 1759 αὐτοῦ
3580 1701 3785 1778 διακρῖ-

389 1794 600 1860 dicere,
631 1793 930 1865 quodnam
982 1792 1185 1864 hujus,
1236 1794 1464 1864 quodve
1513 1793 1756 1849 alterius
1784 1793 2031 1848 lucerna

2151 1815 2224 1848 mi
2256 1792 2344 1850 καί
2375 1793 2568 1865 εἰπεῖν,
2596 1799 2752 1848 ποῖον
2786 1792 2878 1866 μέν
2910 1791 3022 1847 ἐστι
3069 1797 3186 1870 φῶς
3232 1789 3392 1848 τοῦδε
3420 1797 3517 1848 τοῦ
3555 1791 3782 1867 λύχνου,

389 1881 468 1938 sit
491 1881 820 1936 lumen.His
846 1881 1090 1951 dictis,a
1119 1881 1403 1936 Trinitate
1433 1884 1502 1937 ad
1536 1881 2030 1954 dispensationem

389 1986 718 2030 sermonem
751 1969 1052 2037 transfert,
1114 1974 1171 2025 et
1224 1985 1528 2041 egressum
1584 1971 1764 2026 divini
1796 1971 1968 2026 Verbi
1999 1987 2034 2026 a

387 2061 578 2128 Patre,
605 2060 775 2130 juxta
805 2059 934 2130 ejus
959 2074 1181 2124 vocem,
1214 2075 1341 2130 quae
1399 2059 1542 2115 dixit
1576 2076 1590 2116 :
1622 2062 1660 2116 A
1705 2062 1880 2116 Patre
1913 2076 2032 2117 meo

387 2147 560 2216 exivi,
593 2154 644 2204 et
674 2147 748 2202 ad
777 2149 998 2203 Patrem
1025 2163 1209 2203 meum
1241 2149 1381 2203 vado
1429 2148 1531 2219 (ω),
1583 2148 1858 2218 declarat,
1891 2150 2030 2205 sub-

387 2239 534 2294 dens
571 2253 582 2291 :
617 2236 720 2292 Sed
737 2243 791 2293 et
811 2236 864 2292 si
890 2237 1015 2308 quis
1043 2253 1217 2292 unam
1249 2236 1560 2308 lampadem
1579 2239 1773 2293 educat
1797 2255 1825 2294 e
1847 2240 2031 2306 domo,

387 2326 558 2382 simul
585 2325 765 2381 exibit
818 2335 870 2381 et
919 2333 1087 2381 totum
1139 2326 1428 2398 proprium
1485 2329 1602 2396 eius
1633 2327 1840 2397 lumen,
1880 2327 2046 2383 nihil

387 2423 712 2473 caelerorum
747 2414 1026 2470 luminum
1051 2415 1113 2470 in
1141 2432 1198 2470 se
1228 2432 1353 2486 ipsa
1385 2415 1558 2471 simul
1588 2417 1829 2482 trahens,
1859 2433 2033 2488 neque

386 2503 605 2575 aliquid
655 2503 746 2558 sui
803 2503 922 2559 illis
976 2505 1311 2575 relinquens.
1364 2504 1617 2560 Veniens
1661 2506 1816 2561 enim
1852 2506 2033 2562 Filius

389 2609 458 2649 ex
488 2593 657 2649 Patre
685 2593 743 2647 in
773 2594 1084 2658 mundum,
1137 2610 1324 2664 neque
1356 2598 1605 2666 Patrem,
1667 2611 1855 2666 neque
1909 2596 2032 2668 Spi-

388 2683 566 2738 ritum
597 2681 656 2737 in
691 2698 754 2738 se
786 2683 912 2752 ipso
935 2681 1112 2737 simul
1144 2683 1330 2748 duxit,
1363 2698 1552 2754 neque
1592 2684 1896 2755 quidpiam
1920 2685 2032 2740 sibi

390 2770 697 2843 proprium
726 2768 1036 2841 egrediens
1086 2769 1204 2825 illis
1256 2769 1533 2842 reliquit:
1587 2772 1689 2827 sed
1720 2771 2032 2830 indivisam

388 2876 506 2916 sua:
538 2857 725 2929 ipsius
750 2858 1078 2915 mansionis
1108 2859 1502 2931 egressionem
1535 2860 1714 2931 fecit.]

2138 1889 2294 1938 ποῖον
2329 1880 2386 1938 δὲ
2413 1887 2510 1937 τοῦ
2541 1881 2744 1958 ἑτέρου.
2773 1885 2953 1939 Ταῦτα
3001 1881 3189 1948 εἰπὼν,
3225 1883 3546 1957 μετέρχεται
3593 1880 3779 1936 λοιπὸν

2139 1970 2197 2026 ἐκ
2225 1975 2321 2025 τοῦ
2349 1967 2628 2043 τριαδικοῦ
2679 1970 2755 2031 εἰς
2803 1971 2894 2024 τὸν
2937 1977 3039 2039 τῆς
3086 1969 3407 2042 οἰκονομίας
3453 1969 3646 2044 λόγον,
3694 1969 3778 2024 καὶ

2136 2059 2234 2127 τὴν
2279 2056 2490 2129 ἔνδοξον
2545 2055 2726 2128 ἔξοδον
2773 2062 2870 2113 τοῦ
2916 2062 3050 2113 Θεοῦ
3097 2059 3276 2134 Λόγου
3323 2059 3421 2126 τὴν
3471 2056 3531 2113 ἐκ
3574 2059 3778 2134 Πατρὸς

2137 2147 2274 2202 κατὰ
2301 2149 2399 2218 τήν
2446 2145 2611 2202 αὐτοῦ
2661 2148 2846 2224 φωνήν
2896 2148 2998 2215 τήν
3049 2148 3376 2224 φάσκουσαν,
3429 2146 3534 2215 ὅτι,
3567 2149 3665 2204 Ἐκ
3690 2151 3780 2201 τοῦ

2140 2237 2351 2311 Πατρός
2414 2257 2517 2309 μου
2574 2234 2682 2310 ἐγὼ
2740 2234 2969 2305 ἐξῆλθον
3003 2277 3017 2303 ,
3075 2235 3165 2290 καὶ
3219 2235 3356 2311 πρὸς
3429 2237 3520 2290 τὸν
3576 2235 3783 2309 Πατέρα

2144 2347 2248 2398 μου
2308 2325 2517 2401 ὑπάγω,
2569 2324 2844 2402 σαφηνίζει
2917 2325 3056 2388 καθά
3126 2342 3312 2398 φησιν’
3376 2322 3535 2379 Ἀλλ’
3596 2323 3642 2378 εἰ
3698 2322 3782 2377 καὶ

2137 2416 2229 2470 τὸν
2286 2411 2375 2468 ἕνα
2428 2435 2512 2468 τις
2569 2418 2676 2468 τῶν
2732 2417 2953 2487 πυρσῶν
3018 2412 3277 2488 ὑπεξάγοι
3331 2417 3429 2467 τοῦ
3479 2410 3781 2485 δωματίου,

2141 2501 2566 2573 συνεξελεύσεται
2637 2500 2728 2556 καὶ
2804 2501 2865 2555 τὸ
2941 2501 3140 2556 οἰκεῖον
3219 2501 3355 2555 ἅπαν
3416 2505 3551 2579 φῶς,
3637 2497 3784 2555 οὐδὲν

2139 2599 2237 2661 τῆν
2299 2596 2405 2646 τῶν
2466 2589 2659 2665 ἑτέρων
2733 2589 2926 2667 φώτων
3003 2590 3053 2644 ἐν
3132 2591 3307 2663 ἑαυτῷ
3374 2591 3783 2662 συνεπισπώμε-

2139 2701 2230 2735 νον
2305 2677 2687 2752 λαμπηδόνος,
2737 2678 2772 2747 ἢ
2829 2679 2892 2734 τὸ
2966 2679 3157 2734 ἑαυτοῦ
3226 2683 3344 2742 τοῖς
3415 2678 3623 2754 ἑτέροις
3693 2699 3785 2732 κα-

2140 2769 2398 2826 ναλεῖπον
2430 2814 2444 2826 .
2505 2767 2710 2824 Ἐλθὼν
2787 2769 2890 2842 γὰρ
2969 2767 2996 2822 ὁ
3073 2768 3198 2830 Υἱὸς
3274 2766 3332 2822 ἐκ
3404 2771 3503 2822 τοῦ
3575 2767 3785 2841 Πατρὸς

2141 2861 2229 2914 καὶ
2262 2854 2608 2930 ἐπιδημήσας
2662 2856 2714 2911 έν
2757 2861 2839 2929 τῷ
2884 2852 3078 2930 κόσμῳ
3130 2853 3257 2912 οὐδὲ
3301 2855 3394 2911 τὸν
3445 2857 3660 2930 Πατέρα
3700 2856 3782 2909 καὶ

385 2945 449 3001 τὸ
480 2950 698 3018 Πνεῦμα
727 2947 1019 3022 συνήγαγεν
1052 2945 1104 3001 ἐν
1137 2947 1334 3018 ἑαυτῷ,
1366 2944 1491 3002 οὐδὲ
1524 2949 1631 3019 μὴν
1661 2953 1768 3003 τῶν
1800 2947 2013 3004 οἰκείων
2039 2971 2091 3005 τι
2123 2947 2351 3020 ἐξελθών
2393 2946 2615 3010 ἐκείνοις
2641 2943 2950 3017 κατέλιπεν,
2983 2943 3110 3001 ἀλλ’
3139 2943 3442 3020 ἀδιαίρετον
3470 2951 3568 3014 τῆς
3599 2945 3786 2999 ἑαυτοῦ

392 3040 566 3108 μονῆς
599 3033 893 3104 ἐποιήσατο
923 3034 1022 3102 τὴν
1055 3031 1284 3108 {Eodem}

463 3123 642 3193 Quare
665 3139 828 3194 super
854 3123 1276 3180 subslantialem
1300 3125 1476 3181 illam.
1495 3125 1797 3183 Unitiones
1828 3144 2034 3200 corpo-
2067 3129 2110 3196 ί]

390 3229 524 3269 rum
552 3228 753 3269 eorum
778 3217 1001 3284 quae,ut
1029 3213 1337 3271 elementis
1360 3216 1713 3285 constantia,
1728 3221 1784 3272 et
1800 3216 1914 3272 alia
1944 3234 2036 3273 ra-

389 3301 551 3358 tione
582 3301 864 3374 permista
878 3302 1424 3368 considerantur,ex
1441 3303 1656 3358 virtute
1676 3308 1734 3359 et
1755 3305 2038 3376 qualitate

393 3390 778 3447 mutationem
811 3389 1114 3462 habent,et
1127 3389 1347 3462 aliquid
1364 3390 1524 3446 aliud
1555 3391 1914 3463 simplicium
1931 3410 2036 3449 na-

391 3485 540 3536 tura:
565 3479 925 3535 contrarium
952 3479 1164 3535 horum
1217 3479 1402 3535 unitio
1450 3480 1714 3553 perﬁcit;
1765 3482 2040 3538 similiter

391 3567 701 3626 facultates
734 3569 942 3624 animae
970 3568 1209 3624 diversae
1240 3568 1515 3624 videntur
1544 3585 1645 3640 pro
1705 3575 1897 3626 motus
1946 3571 2038 3626 sui

393 3657 1051 3729 discrimine.Equidem
1082 3657 1426 3729 angelorum
1459 3674 1589 3714 cum
1624 3658 1839 3716 divinis
1868 3659 2037 3716 illus-

391 3746 747 3804 trationibus
780 3745 1366 3815 unitiones,vicissim
1399 3751 1455 3803 et
1485 3748 1895 3805 convenienter
1917 3765 2042 3820 pro-

393 3837 539 3908 priis
569 3835 876 3892 ordinibus
927 3836 1183 3893 habent:
1235 3835 1512 3893 divinitas
1566 3842 1762 3894 autem
1822 3843 2041 3894 sanctae

395 3925 725 3991 Trinitatis,
756 3925 908 3979 “3
932 3929 989 3980 et
1010 3924 1300 3997 quidquid
1329 3926 1458 3995 ejus
1488 3930 1598 3992 est,
1649 3925 1809 3982 nullo
1856 3927 2040 3982 dicto-

396 4029 529 4068 rum
561 4013 816 4068 dissecta
839 4017 940 4068 aut
971 4031 1003 4068 a
1025 4030 1087 4069 se
1103 4015 1353 4082 diversa,
1390 4015 1597 4071 merito
1623 4021 1896 4073 censetur
1915 4032 2042 4072 esse

397 4117 576 4172 supra
599 4100 845 4155 uniones
873 4100 1040 4158 istas.

467 4191 533 4244 Et
562 4187 972 4261 supercwlestia
1020 4190 1356 4246 luminaria.
1416 4192 1563 4248 Nota
1619 4209 1754 4248 eum
1812 4193 2041 4250 animas

397 4277 822 4349 universasque
855 4283 1104 4348 mentes,
1140 4279 1444 4350 superiora
1497 4279 1659 4336 cmlis
1689 4281 1916 4337 lumina
1944 4299 2041 4338 vo-

397 4383 550 4435 care,
583 4371 760 4439 atque
791 4366 1002 4432 dicere,
1055 4367 1163 4424 has
1211 4385 1416 4424 omnes
1463 4369 1719 4427 viventes
1753 4372 2042 4428 essentias

398 4456 579 4525 uniri,
609 4456 1111 4528 quemadmodum
1135 4457 1358 4512 dictum
1391 4461 1479 4513 est
1499 4457 1558 4513 in
1590 4460 1855 4532 exemplo
1886 4460 2041 4515 mul-

395 4548 592 4603 torum
622 4545 684 4602 in
716 4547 890 4601 domo
919 4546 1121 4602 eadem
1152 4545 1448 4602 luminum
1510 4548 1622 4604 sibi
1671 4553 1876 4604 mutuo
1915 4549 2042 4606 sine

397 4635 675 4691 mistione
705 4639 760 4690 et
791 4633 1133 4690 confusione
1159 4635 1480 4708 unitorum,
1503 4653 1636 4692 cum
1678 4636 1797 4693 sint
1825 4638 1926 4694 Dei
1959 4638 2041 4694 si-

399 4723 665 4792 miles,et
694 4739 797 4795 pro
821 4726 990 4794 captu
1023 4739 1130 4778 suo
1165 4723 1566 4780 unitissimam
1588 4725 1690 4782 Dei
1716 4726 2040 4784 unitionem

395 4812 752 4884 participant
770 4828 783 4867 :
800 4827 970 4883 quas,
1003 4810 1227 4868 scilicet
1248 4814 1564 4884 unitiones,
1579 4815 1920 4888 incorporea
1939 4817 2042 4872 ha-

396 4901 558 4968 bent,
588 4917 718 4974 qua:
749 4901 928 4958 etiam
961 4917 1024 4958 se
1056 4905 1262 4957 mutuo
1308 4901 1437 4957 sine
1479 4903 1822 4961 confusione
1869 4922 2042 4977 pene-

396 4996 577 5047 trant.

468 5079 952 5153 Superessenlialis
1005 5079 1162 5136 illius
1211 5079 1688 5151 Dei/ecunditatis.
1730 5085 1877 5138 Nota
1906 5097 2043 5139 eum

392 5184 598 5225 vocare
627 5173 878 5240 Patrem,
912 5169 1468 5241 superessentialem
1521 5170 2042 5229 Deifecunditatem

396 5260 454 5312 et
485 5257 726 5328 fontem,
760 5275 947 5330 neque
967 5260 1089 5315 hac
1122 5257 1361 5315 nomina
1391 5275 1520 5316 esse
1552 5260 1864 5332 reciproca.

470 5401 542 5473 (υ)
563 5401 731 5458 Joan.
759 5419 817 5473 ξ,
849 5404 938 5459 38.
962 5405 1040 5477 (ac)
1076 5405 1245 5460 Joan.
1272 5423 1386 5476 xvr,
1407 5405 1494 5461 28.

2212 3126 2390 3182 Ὅπου
2444 3144 2506 3198 γε
2551 3124 2636 3179 καὶ
2695 3124 2796 3193 τὴν
2851 3122 3189 3198 ὑπερούσιον.
3241 3123 3308 3181 Αἰ
3366 3127 3472 3178 τῶν
3519 3123 3785 3196 σωμάτων

2143 3215 2384 3285 ἒνώσεις,
2425 3217 2531 3268 τῶν
2577 3233 2636 3267 τε
2685 3209 3060 3287 στοιχειωδῶς
3109 3211 3516 3288 θεωρουμένων,
3545 3211 3640 3266 καὶ
3683 3213 3786 3265 τῶν

2144 3300 2332 3364 ἄλλως
2377 3323 2494 3363 πως
2549 3299 2921 3376 μιγνυμένων,
2974 3297 3228 3374 δυνάμεσι
3277 3299 3366 3355 καὶ
3423 3300 3683 3370 ποιότησι
3727 3298 3788 3352 τὸ

2142 3389 2608 3467 παρηλλαγμένον
2657 3385 2869 3465 ἔχουσι,
2903 3389 2992 3444 καὶ
3042 3386 3226 3463 ἕτερόν
3269 3410 3321 3444 τι
3370 3388 3514 3464 παρὰ
3541 3389 3647 3458 τὴν
3689 3392 3790 3442 τῶν

2143 3481 2334 3536 ἁπλῶν
2390 3479 2545 3558 φύσιν
2605 3481 2640 3548 ἡ
2698 3478 2907 3534 τούτων
2957 3475 3151 3541 ἓνωσις
3200 3475 3477 3533 ἆποτελεῖ’
3529 3475 3787 3538 ὡσαύτως

2142 3571 2233 3624 καὶ
2262 3568 2493 3643 ψυχικαὶ
2526 3565 2779 3641 δυνάμεις
2807 3568 2868 3622 τὸ
2901 3564 3195 3643 ἑτεροειδὲς
3245 3566 3380 3622 κατὰ
3423 3567 3524 3635 τὴν
3571 3564 3786 3636 κίνησιν

2146 3654 2647 3734 διάφορονέχουσι·
2681 3657 2770 3711 καὶ
2823 3658 2930 3728 μὴν
2979 3656 3068 3711 καὶ
3110 3656 3166 3710 αἰ
3210 3659 3317 3710 τῶν
3369 3653 3617 3730 ἀγγέλων
3659 3655 3789 3729 πρὸς

2142 3749 2241 3808 τὰς
2273 3747 2416 3808 θείας
2464 3744 2767 3819 ἐλλάμψεις
2811 3745 3061 3815 ὲνότητες
3103 3744 3165 3798 τὸ
3213 3743 3312 3798 ἀνὰ
3355 3741 3516 3818 μέρος
3544 3743 3641 3796 καὶ
3674 3740 3791 3796 ἀνά-

2147 3835 2310 3911 λογον
2357 3840 2477 3896 ταῖς
2527 3833 2751 3896 οἰκείαις
2800 3832 3007 3906 τάξεσιν
3055 3830 3293 3908 ἔχουσιν·
3328 3834 3362 3900 ἡ
3397 3829 3454 3886 δὲ
3483 3829 3537 3886 ἐν
3564 3835 3639 3902 τῇ
3672 3828 3792 3904 ἁγίᾳ

2147 3922 2341 3997 Τριάδι
2391 3924 2604 3993 θεότης,
2649 3922 2737 3978 καὶ
2790 3923 2889 3978 ὅσα
2934 3921 3160 3993 ταύτης,
3192 3919 3369 3976 οὐδενί
3406 3925 3514 3976 τῶν
3567 3919 3790 3995 εἰρημέ-

2146 4034 2252 4068 νων
2287 4010 2686 4086 διακοπτομένη
2718 4011 2754 4082 ἢ
2779 4011 2973 4082 ὶαυτῆς
3003 4008 3350 4089 διαφέρουσα,
3383 4009 3609 4072 εἰκότως
3666 4009 3792 4084 ὑπὲρ

2145 4103 2340 4165 ταύτας
2372 4104 2466 4164 τὰς
2497 4103 2714 4164 ὲνώσεις
2745 4104 2880 4157 εἴναι
2913 4098 3188 4172 δοξάζεται
3219 4101 3259 4155 ⁸.

2221 4191 2326 4248 Καὶ
2385 4189 2744 4268 ὑπερουράνια
2800 4195 2973 4268 φῶτα.
3035 4189 3352 4262 Σημείωσαι
3409 4188 3493 4242 ὅτι
3549 4187 3646 4243 καὶ
3703 4187 3796 4248 τὰς

2151 4282 2333 4356 ψυχὰς
2386 4280 2477 4335 καὶ
2527 4279 2655 4341 τοὺς
2695 4278 2821 4343 νόας
2851 4280 3085 4340 ἅπαντας
3135 4276 3490 4353 ὑπερουράνια
3519 4282 3677 4353 φῶτα
3704 4297 3796 4330 κα-

2152 4368 2257 4425 λεῖ’
2308 4368 2397 4424 καί
2446 4390 2610 4446 φησιν
2661 4369 2907 4431 ἑνοῦσθαι
2956 4368 3051 4428 τὰς
3107 4366 3346 4436 ζωούσας
3378 4369 3400 4403 ⁸
3440 4365 3627 4430 οὐσίας
3670 4364 3796 4420 ταύ-

2151 4479 2245 4520 τας
2301 4456 2526 4527 ἀπάσας,
2586 4458 2660 4520 ὡς
2721 4455 2930 4533 εἴρηται
2990 4456 3041 4510 ἐν
3100 4460 3179 4526 τῷ
3234 4453 3635 4531 παραδείγματι
3693 4458 3796 4510 τῶν

2151 4546 2202 4603 έν
2232 4545 2367 4620 οἷ’κῳ
2389 4547 2496 4602 τινὶ
2526 4543 2752 4601 πολλῶν
2785 4547 3128 4619 λαμπτήρων
3176 4543 3451 4615 ἀλλήλοις
3495 4545 3718 4618 ἆμιγῶς
3747 4563 3800 4597 τε

2148 4637 2240 4692 καὶ
2297 4636 2618 4712 ἀσυγχύτως
2674 4633 2995 4708 ένουμένων,
3051 4632 3307 4696 θεοειδεῖς
3373 4653 3431 4688 τε
3487 4631 3654 4695 οὔσας
3714 4631 3800 4687 καὶ

2155 4724 2486 4800 μετεχούσας
2535 4721 2818 4798 ἀναλόγως
2871 4724 3082 4786 ἑαυταῖς
3123 4730 3227 4792 τῆς
3272 4726 3369 4777 τοῦ
3416 4725 3549 4777 Θεοῦ
3590 4721 3802 4796 ὑπερη-

2150 4815 2402 4886 νωμένης
2452 4813 2714 4875 ένώσεωςο
2748 4813 2985 4881 ἅστινας,
3018 4810 3236 4872 ὲνώσεις
3287 4809 3570 4880 δηλονότι,
3602 4809 3696 4866 ἐπὶ
3739 4809 3803 4865 τὰ

2151 4901 2435 4976 ἀσώματα,
2467 4900 2501 4956 ’ὰ
2527 4902 2616 4956 καὶ
2649 4899 2718 4956 δι’
2747 4898 3016 4972 ἀλλήλων
3045 4899 3370 4975 ἀσυγχύτως
3401 4905 3598 4975 χωρεῖ.

2222 5083 2576 5156 Ὑπερουσίου
2649 5079 2949 5156 Θεογονίας.
3023 5079 3346 5152 Σημείωσαι
3419 5077 3502 5134 ὅτι
3567 5077 3806 5152 ὑπερθύ-

2155 5191 2269 5226 σιον
2317 5169 2596 5245 Θεογονίαν
2644 5170 2732 5224 καὶ
2785 5169 2967 5245 πηγὴν
3017 5169 3108 5223 τὸν
3145 5168 3356 5244 Πατέρα
3385 5166 3564 5223 καλεῖ”
3596 5168 3690 5222 καί
3726 5169 3806 5222 δτι

2156 5259 2254 5315 οὐκ
2284 5260 2620 5335 ἀντιστρέφει
2648 5261 2715 5313 τὰ
2746 5257 3008 5330 ὀνόματα.

1423 5547 1663 5605 VARUE
1691 5548 2074 5606 LEGTIONES
2103 5548 2191 5606 ET
2220 5546 2766 5606 CORRECTIONES.

470 5646 495 5681 ι
515 5662 602 5719 γρ.
631 5644 815 5722 φησίν.
892 5646 913 5681 ⁸
941 5663 1031 5720 γρ.
1064 5643 1362 5718 νομίζεται.
1438 5647 1460 5681 ⁸
1489 5663 1579 5718 γρ.
1614 5645 1811 5714 ζώσας.
