4000 6200
193 331 291 385 221
958 337 1016 390 S.
1058 337 1326 390 ΜΑΧΙΜΙ
1368 337 1675 392 SCHOLlA
1713 337 1787 391 IN
1826 335 1852 389 Ι

2000 337 2096 388 DE
2133 336 2406 390 DIVINIS
2442 335 2859 390 NOMINIBUS.

3507 333 3616 387 222

259 452 515 514 Ἑνώσεις
573 473 631 506 τε
683 453 773 507 καὶ
833 451 1148 530 διακρίσεις.
1202 456 1286 512 Τὰ
1355 457 1475 530 περὶ
1532 462 1630 526 τῆς
1682 453 1850 534 ἀφρά-

2038 456 2318 512 Unitiones
2348 460 2404 511 et
2432 455 2837 511 distinctiones.
2871 449 3162 526 Doquitur
3186 454 3358 510 modo
3389 455 3458 510 de
3478 471 3612 527 pro-

190 561 319 596 στου
373 538 606 615 Τριάδος
654 542 824 618 μέχρι
869 548 1036 618 τριῶν
1091 543 1432 600 ὑποστάσεων
1478 542 1718 619 προόδου
1765 548 1854 598 νῦν
1911 607 1917 611 .

196 629 470 705 θεολογεῖ,
505 629 696 706 ὅτιπερ
730 633 758 686 6
792 632 924 696 Θεὸς
951 633 1040 688 καί
1076 635 1287 711 Πατὴρ,
1319 636 1562 704 κινηθεὶς
1604 634 1857 709 ἀχρόνως

192 721 281 774 καὶ
315 721 694 792 ἀγαπητικιῖκ,
719 720 995 794 προῆλθεν
1028 723 1105 785 είς
1165 721 1430 793 διάκρισιν
1492 724 1858 794 ὑποστάσεων,

191 810 407 883 ἆμερῶς
440 829 499 863 τε
520 810 609 863 καὶ
647 810 934 882 ἀμειώτως
968 811 1150 883 μείνας
1186 810 1239 866 έν
1289 816 1358 886 τῇ
1411 812 1585 884 οἰκείᾳ
1632 809 1858 881 ὁλότητι

195 896 629 969 ὑπερηνωμένος
659 897 750 952 καὶ
781 897 1276 972 ὑπερηπλωμένος,
1305 904 1405 956 τοῦ
1437 900 1642 955 οἷ’κείου
1687 899 1856 954 ἀπαυ-

191 984 475 1060 γὰσματος
504 985 582 1048 εἷς
617 985 844 1060 ὕπαρξιν
875 988 1270 1061 προελθόντος,
1300 989 1374 1051 ὡς
1401 987 1610 1051 εῗκόνος
1655 987 1856 1058 ζώσης,

188 1073 278 1127 καὶ
299 1074 399 1129 τοῦ
434 1074 702 1149 παναγίου
734 1075 1053 1149 Πνεύματος
1087 1083 1480 1151 προσκυνητᾶκ
1507 1078 1595 1132 καὶ
1613 1077 1860 1152 ὑπεραεν-

186 1164 328 1225 νὰως
365 1161 815 1239 ἐκπορευομένου
852 1164 911 1220 ἐκ
939 1169 1037 1220 τοῦ
1068 1167 1302 1241 Ματρὸς,
1336 1167 1414 1228 ὡς
1448 1171 1797 1241 μυσταγωγεῖ
1829 1167 1856 1220 6

191 1251 394 1326 Κύριος
429 1270 445 1284 ⁶
483 1251 775 1327 ἆγαθότητι
826 1251 882 1308 δὶ
926 1253 1239 1325 ἐπληθύνθη
1301 1255 1388 1310 ἐπὶ
1431 1255 1854 1331 τρισυπόστατον

189 1341 459 1416 θεαρχίαν
516 1343 554 1410 ἡ
610 1341 758 1396 αἰτία
809 1344 1026 1398 πάντων
1072 1344 1162 1399 καὶ
1215 1346 1397 1419 πηγή.
1460 1347 1646 1402 Ταῦτα
1694 1343 1782 1399 καὶ
1827 1346 1855 1400 6

190 1427 455 1506 θεολόγος
516 1433 825 1506 Γρηγόροος
879 1433 931 1486 έν
984 1439 1102 1497 τοῖς
1136 1433 1282 1490 Κατά
1332 1432 1610 1506 Εὖνομίου
1664 1431 1857 1509 λόγοις

192 1518 378 1596 φησίν.
414 1519 572 1576 Ἔστι
603 1516 660 1574 δὲ
687 1521 775 1575 καὶ
809 1522 946 1576 κατὰ
975 1518 1146 1576 ἄλλον
1179 1522 1342 1598 Λόγον
1392 1522 1508 1587 θεία
1566 1519 1854 1598 διάκρισις,

192 1610 225 1676 ἦ
260 1605 348 1662 διὰ
379 1605 604 1678 πλῆθος
631 1607 970 1683 ἆγαθότητος
1020 1608 1259 1686 πρόοδος
1302 1616 1398 1666 τοῦ
1445 1609 1577 1667 Θεοῦ
1636 1611 1712 1674 είς
1753 1612 1852 1679 τὴν

191 1694 538 1751 πολυείδείαν
565 1703 668 1766 τῆς
703 1695 1067 1775 δημιουργίας
1094 1703 1114 1736 “¹
1145 1707 1244 1770 τῆς
1295 1700 1530 1777 ἀοράτου
1587 1700 1676 1756 καὶ
1727 1702 1853 1776 ὁρα-

188 1791 310 1854 τῆς.
345 1785 536 1840 Κοιναὶ
571 1783 628 1840 δέ
659 1786 764 1842 εἰσι
816 1795 916 1857 τῆς
960 1791 1391 1864 τρισυποστάτου
1437 1790 1527 1844 καὶ
1581 1787 1851 1863 διακεκριο
1884 1829 1930 1895 Β

239 1875 250 1895 Ι
407 1875 426 1895 ί
483 1874 532 1895 ’θ
656 1875 676 1895 Ω
740 1872 764 1895 δ
1110 1879 1122 1895 \
1249 1878 1261 1895 Ι
1396 1877 1408 1895 Ι
1652 1876 1666 1895 \
1731 1879 1750 1895 ν’

191 1875 360 1947 μένης
407 1874 597 1936 ἕνάδος
626 1875 683 1929 αῚ
736 1872 1125 1954 δημιουργικαὶ
1157 1877 1408 1951 πρόνοια(
1465 1899 1523 1934 τε
1577 1876 1666 1933 καὶ
1725 1879 1853 1952 ἄγα-

193 1962 425 2034 θότητες
459 1982 474 1996 ⁸
522 1967 558 2034 ἡ
613 1964 717 2039 γὰρ
767 1962 1112 2038 παμϐασιλίς
1162 1967 1328 2043 Τριᾶς
1375 1967 1426 2022 ἐν
1490 1967 1695 2041 μεθέξει
1743 1968 1850 2021 τῶν

187 2049 550 2126 δυναμένων⁸
607 2052 858 2128 μετέχειν
917 2053 1122 2129 γίνεται
1180 2055 1428 2131 ἀσχέτως
1475 2077 1534 2110 τε
1567 2055 1655 2110 καῗ
1690 2056 1851 2128 ἀμεθ-

191 2141 362 2203 έκτως
397 2159 412 2173 ⁶
447 2140 642 2197 ταύτὸν
693 2142 795 2218 γὰρ
848 2140 1015 2214 δηλοῖ
1063 2143 1313 2218 έκάτερον
1350 2164 1362 2176 ⁸
1419 2145 1702 2219 μετέχεται
1747 2144 1850 2219 γὰρ

189 2229 215 2282 6
245 2229 379 2291 Θεὸς
421 2228 671 2304 ἀσχέτως
732 2230 794 2284 οὐ
839 2232 1209 2306 κατεχόμενος
1262 2231 1314 2287 έν
1373 2231 1528 2304 τόπῳ
1564 2237 1642 2303 τῷ
1693 2233 1850 2304 μετέ-

191 2337 374 2392 χοντι,
410 2316 542 2373 οὐδὲ
570 2317 847 2386 αἷσθητῶς
882 2321 1266 2395 μετεχόμενος,
1297 2318 1424 2376 ἀλλ’
1459 2318 1590 2382 ὅλος
1623 2320 1674 2375 ἐν
1725 2340 1849 2393 μετ-

190 2411 302 2482 οχῇ
336 2408 568 2462 ἑκάστου
604 2405 676 2461 ὢν
709 2407 800 2462 καὶ
841 2407 1178 2484 ἐξῃρημένος
1217 2413 1324 2464 τῶν
1353 2411 1598 2465 ἁπάντων
1626 2429 1638 2442 ο
1669 2408 1850 2484 ὥσπερ

186 2503 373 2570 φωνῆς
441 2496 686 2571 μεγάλης
763 2498 1061 2572 γενομένης
1129 2499 1355 2560 ἅπαντες
1425 2497 1746 2574 μετέχουσιν
1799 2498 1850 2553 οἱ

183 2586 453 2660 παρόντες
513 2587 651 2641 κατᾶ
705 2587 808 2654 τήν
867 2585 1072 2642 οῗκείαν
1131 2585 1374 2661 δύναμιν,
1424 2588 1515 2642 καὶ
1574 2587 1728 2662 ἀνὴρ,
1760 2587 1850 2642 καὶ

183 2678 414 2745 νήπιον,
467 2672 561 2729 καί
611 2671 789 2750 ἄλογα
818 2693 831 2706 ·
884 2673 1009 2731 ἀλλ’
1040 2676 1092 2730 οἱ
1137 2677 1232 2749 μὲν
1280 2675 1766 2753 ἐρρωμενέστερον,
1799 2675 1850 2728 οἱ

187 2762 244 2819 δέ
273 2761 681 2840 ἀμυδρότερον,
713 2764 851 2838 πρὸς
891 2764 990 2833 τήν
1023 2770 1123 2834 τῆς
1184 2765 1508 2831 ἀκουστικῆς
1555 2763 1848 2838 ἐνέργειαν,

185 2855 272 2909 καῖ
327 2849 442 2908 ἔστι
477 2853 716 2926 μεθεκτὴ
749 2855 783 2922 ἡ
817 2853 994 2930 φωνή,
1027 2853 1116 2908 καὶ
1175 2851 1256 2932 ἐφ’
1305 2854 1501 2920 ἑαυτῆς
1557 2852 1851 2927 ἁμὲθεκτος

191 2962 444 3015 μεινασα.

1968 545 2234 600 cessione
2251 544 2566 601 ineffabilia
2580 542 2888 600 Trinitatis
2902 544 2974 598 ad
2990 550 3107 599 tres
3131 558 3432 615 personas,
3456 544 3610 614 quod

1967 634 2076 690 etsi
2113 635 2260 688 Deus
2292 637 2348 688 et
2379 637 2549 688 Pater
2580 633 2706 688 sine
2749 638 3011 704 tempore
3044 636 3261 700 motus,
3293 635 3348 686 et
3380 635 3616 702 propter

1966 722 2083 778 vim
2117 722 2334 778 amoris
2355 722 2414 777 in
2438 722 2878 778 distinctionem
2905 737 3288 793 personarum
3308 719 3614 792 processit,

1968 810 2094 868 sine
2117 811 2402 867 divisione
2427 815 2483 867 et
2505 811 2900 866 diminutione
2924 824 3273 883 permanens
3299 809 3358 864 in
3382 807 3619 880 propria

1965 901 2250 956 totalitate
2279 918 2456 972 supra
2490 901 2730 957 modum
2765 900 2988 966 unitus,
3039 903 3096 954 et
3144 915 3324 971 supra
3371 898 3614 953 modum

1967 988 2237 1060 simplex,
2290 990 2524 1061 proprio
2577 989 2888 1062 splendore
2935 990 2993 1044 in
3043 987 3447 1044 exsistentiam
3482 1002 3613 1057 pro-

1965 1077 2205 1145 deunte,
2236 1083 2299 1134 ut
2329 1079 2430 1150 qui
2455 1079 2531 1134 sit
2570 1079 2697 1134 viva
2728 1079 2943 1150 imago,
2975 1082 3032 1132 et
3079 1075 3452 1132 sanctissimo
3480 1073 3616 1147 Spi-
3671 1094 3677 1099 υ

1967 1166 2083 1222 ritu
2114 1183 2250 1222 cum
2283 1167 2645 1234 adorationo,
2678 1171 2737 1222 et
2760 1167 2832 1222 ab
2893 1173 3106 1222 aeterno
3139 1183 3172 1220 a
3202 1165 3368 1221 Patre
3407 1178 3613 1236 proce-

1965 1255 2159 1324 dente,
2194 1254 2346 1310 sicut
2375 1256 2544 1310 docet
2577 1255 2891 1321 Dominus;
2929 1255 3187 1309 bonitate
3227 1258 3423 1308 autem
3460 1249 3614 1307 mul-

1962 1342 2262 1414 tiplicatus
2293 1343 2404 1398 fuit
2437 1344 2494 1397 in
2547 1342 2873 1398 divinitatis
2924 1342 3278 1414 principium
3330 1341 3387 1396 in
3421 1341 3612 1396 tribus

1965 1432 2294 1488 consistens
2327 1433 2614 1504 personis,
2647 1432 2744 1503 qui
2775 1448 2951 1487 causa
2989 1436 3101 1497 est,
3129 1435 3186 1486 et
3217 1431 3345 1485 fons
3376 1430 3610 1484 univer-

1965 1537 2185 1578 eorum.
2233 1521 2362 1577 Hec
2407 1522 2586 1578 etiam
2633 1520 2946 1592 Gregorius
3003 1519 3308 1590 theologus
3352 1519 3410 1573 in
3440 1517 3612 1573 libris

1965 1609 2172 1665 Contra
2201 1612 2526 1667 Eunomdum
2557 1610 2717 1666 dicit.
2751 1610 2840 1665 Fit
2877 1613 3074 1666 autem
3107 1609 3220 1664 alia
3251 1623 3484 1680 quoque
3515 1624 3610 1662 ra-

1963 1699 2120 1756 tione
2164 1699 2362 1755 divina
2408 1699 2730 1764 distinctio,
2781 1715 3131 1771 progressus
3188 1698 3283 1754 Dei
3316 1713 3416 1768 per
3445 1695 3610 1752 boni-

1963 1789 2101 1844 tatis
2131 1788 2560 1844 abundantiam
2594 1789 2653 1844 in
2687 1788 2878 1844 varias
2909 1787 3136 1860 species
3165 1783 3480 1842 invisibilis
3523 1787 3610 1840 οι-

1963 1893 2076 1948 que
2115 1876 2364 1932 visibilis
2415 1880 2734 1945 creaturae;
2769 1893 2962 1932 comm
2982 1893 3115 1932 mes
3140 1876 3352 1946 Zautem
3381 1878 3522 1931 sunt
3549 1873 3610 1929 in

1958 1966 2150 2021 tribus
2181 1965 2586 2022 subsistentiis
2606 1971 2664 2021 et
2693 1966 3068 2022 consistentis
3089 1969 3146 2020 et
3167 1965 3455 2021 distinctas
3479 1963 3610 2019 uni-

1960 2053 2122 2121 tatis,
2157 2053 2268 2109 illaa
2301 2071 2428 2126 qua:
2452 2055 2522 2110 ad
2558 2054 2911 2111 creationem
2933 2059 3198 2128 spectant
3229 2053 3610 2127 providentia:

1960 2147 2017 2198 et
2046 2142 2358 2199 bonitates.
2392 2143 2672 2198 Omnium
2715 2144 2871 2198 enim
2925 2145 3127 2216 regina
3176 2141 3431 2198 Trinitas
3479 2141 3606 2199 sine

1961 2231 2291 2287 detentione
2321 2235 2379 2287 et
2409 2232 2941 2288 communicatione
2972 2233 3045 2288 ab
3079 2233 3150 2288 iis
3181 2232 3276 2302 qui
3310 2247 3438 2286 eam
3473 2247 3604 2303 par-

1961 2319 2206 2391 ticipare
2228 2319 2458 2386 valent;
2485 2320 2636 2376 idem
2661 2321 2816 2376 enim
2837 2319 3094 2376 declarat
3116 2319 3604 2392 utrumque.Nam

1963 2407 2346 2480 participatur
2374 2408 2529 2464 Deus
2563 2407 2688 2464 sine
2711 2409 3044 2464 detentione
3071 2407 3314 2463 minime
3343 2423 3603 2478 compre-

1961 2497 2182 2554 hensus
2210 2496 2270 2552 in
2302 2497 2428 2553 loco
2461 2497 3067 2570 participanto,neque
3095 2496 3454 2552 sensibiliter
3476 2512 3605 2568 par-

1959 2585 2278 2658 ticipatus;
2331 2587 2433 2642 sed
2482 2590 2663 2655 totus,
2711 2585 2769 2642 in
2819 2588 3108 2659 cujusque
3157 2585 3604 2657 participatione

1959 2676 2271 2742 exsistens,
2319 2679 2375 2730 et
2404 2676 2476 2732 ab
2517 2675 2797 2731 omnibus
2844 2680 3150 2748 exemptus
3193 2674 3387 2731 :sicut
3417 2673 3606 2730 valida

1959 2781 2096 2820 voce
2125 2764 2374 2820 excitata
2405 2780 2609 2821 omnes
2641 2770 2958 2836 praesentes
2981 2765 3137 2836 iuxta
3161 2763 3454 2837 propriam
3487 2763 3604 2818 vir-

1958 2859 2145 2911 tutem
2170 2855 2298 2926 ejus
2321 2855 2634 2928 participes
2657 2860 2878 2924 sunt,et
2907 2856 3079 2925 vir,et
3108 2855 3302 2910 infans
3332 2859 3388 2910 et
3411 2853 3603 2921 bruta;

1959 2944 2063 3000 sed
2095 2943 2180 2998 illi
2213 2944 2451 3016 quidem
2479 2945 2812 3016 fortius,isti
2838 2961 2972 3002 vero
2999 2943 3606 3012 debilius,secundum

188 3038 494 3096 facultatis
525 3038 802 3095 audiendi
836 3039 1175 3110 efﬁcaciam,
1211 3044 1387 3112 atque
1415 3043 1571 3097 114
1598 3039 2111 3096 communicabilis
2155 3044 2244 3097 est
2271 3057 2399 3109 vox,
2432 3045 2490 3098 et
2519 3041 2580 3097 in
2611 3057 2675 3098 se
2704 3041 2833 3114 ipsa
2871 3039 3448 3098 incommunicabilis
3479 3055 3607 3097 ma-

263 3218 359 3273 Ἐκ
417 3219 530 3270 τῶν
597 3221 850 3292 μετοχῶν
911 3217 1001 3271 καὶ
1045 3220 1154 3272 τῶν
1198 3217 1565 3291 μετεχόντων.
1605 3217 1681 3273 Τὸ
1735 3217 1851 3271 κατ’

2037 3219 2118 3274 Ex
2179 3219 2710 3291 participationibus
2758 3227 2810 3275 et
2851 3219 3245 3292 participibus.
3323 3217 3610 3274 Divinitas

192 3303 376 3360 οὐσίαν
402 3305 503 3377 μὲν
538 3306 574 3372 ὴ
605 3303 810 3376 Θεότης
839 3304 900 3360 οὗ
939 3304 1248 3380 μετέχεται,
1272 3303 1396 3361 οὕτε
1445 3311 1643 3360 νοεῖται
1672 3323 1686 3337 ⁶
1724 3317 1854 3379 μεθ-

198 3395 327 3462 εκτὴ
375 3391 435 3448 δέ
487 3393 630 3448 ἐστιν
679 3392 732 3448 ἐν
783 3395 862 3467 τῷ
895 3393 946 3464 ἐξ
972 3393 1142 3460 αὐτῆς
1171 3395 1303 3450 εἶναι
1332 3395 1400 3452 τὰ
1428 3394 1619 3467 πάντα,
1642 3396 1730 3450 καὶ
1768 3395 1857 3451 ὑπ’

201 3481 369 3551 αὐτῆς
399 3483 716 3557 συνέχεσθαι
741 3481 822 3544 εἷς
848 3483 911 3537 τὸ
942 3483 1096 3540 εἶναι.

265 3662 354 3716 Ἐν
419 3658 630 3732 ἑκάστῳ
683 3664 790 3714 τῶν
852 3659 1280 3734 ἐκτυπωμάτων.
1329 3657 1852 3736 Παραδειγματικῶς

189 3771 323 3828 φησι
357 3754 480 3810 πῶς
504 3749 818 3821 ἆμεθέκτως
845 3749 1132 3824 μετέχεται
1166 3751 1193 3805 6
1225 3748 1378 3812 Θεός.

259 3843 292 3910 5
321 3841 414 3897 Vl.
450 3837 568 3894 Οὐκ
589 3833 730 3891 ἔστιν
758 3839 792 3906 ἡ
816 3838 1069 3914 σφραγίς.
1102 3837 1402 3900 Ἀντίθεσις
1450 3836 1541 3892 καὶ
1591 3836 1747 3902 λύσις
1795 3837 1856 3893 έκ

194 3931 293 3982 τοῦ
321 3923 773 4000 παραδείγματος
801 3931 903 3995 τῆς
931 3923 1248 4004 σφραγῖδος.

259 4020 396 4073 Ἀπο
405 4014 696 4090 μόργματα
705 4047 716 4057 -
726 4016 865 4071 ’Λπο
872 4013 1015 4090 μόργ
1024 4035 1166 4087 ματα
1177 4013 1404 4070 ἐνταῦθα
1413 4015 1480 4070 τὰ
1493 4013 1706 4070 έκτυπώ
1713 4034 1856 4088 ματα

197 4102 372 4160 λέγει.

301 4127 372 4160 ει.

264 4127 372 4249 irini
407 4193 550 4264 μήτε
605 4191 889 4247 ἀντίτυπα.
923 4192 1011 4252 Ὠς
1069 4187 1217 4255 λίθοι
1271 4191 1362 4247 καὶ
1411 4189 1628 4264 ξόλα,ἢ
1686 4191 1852 4248 πάλιν

187 4280 255 4335 τᾶ
299 4287 406 4349 τῆς
455 4280 623 4354 ὑγρᾶς
672 4280 882 4349 οὐσίας,
931 4280 1004 4334 ὧν
1067 4276 1220 4335 οὐδὲν
1288 4277 1596 4356 ἐπιδέχεται
1652 4281 1750 4350 τήν
1797 4279 1857 4336 ἐκ

194 4368 498 4426 δακτυλίου
535 4365 821 4446 σφραγῖδα.

263 4459 612 4530 Διακέκριται
693 4453 770 4514 δέ.
832 4455 1145 4530 Σημείωσαι
1220 4459 1304 4512 ὅτι
1365 4454 1700 4531 διακέκριται
1752 4465 1851 4528 τῆς

1965 3306 2200 3379 quidem
2233 3308 2557 3364 secundum
2588 3309 2904 3365 essentiam
2927 3324 3114 3380 neque
3143 3307 3610 3364 communicatur

1964 3412 2154 3468 neque
2187 3395 2574 3468 intelligitur;
2607 3396 3122 3454 communicabilis
3153 3412 3286 3453 vero
3319 3400 3428 3466 est,
3462 3411 3608 3468 qua-

1961 3489 2136 3542 tenus
2165 3485 2366 3542 omnia
2394 3501 2464 3542 ex
2495 3485 2622 3558 ipsa
2665 3489 2826 3554 sunt,
2878 3491 2935 3542 et
2965 3486 3036 3542 ab
3069 3485 3199 3558 ipsa
3231 3484 3290 3541 in
3341 3501 3446 3542 suo
3479 3500 3608 3542 esse

1963 3575 2360 3630 continentur.

2033 3667 2100 3719 In
2130 3678 2459 3735 unaquaque
2487 3661 2855 3733 expressione.
2877 3661 3151 3733 Exemplo
3182 3660 3607 3732 declarat,quo-

1963 3752 2135 3808 modo
2168 3751 2320 3807 Deus
2349 3751 2476 3806 sine
2508 3749 2955 3823 participatione
2985 3751 3382 3822 participetur.

2039 3839 2192 3908 §Vl.
2228 3840 2346 3894 Non
2392 3847 2474 3894 est
2518 3838 2792 3910 sigillum.
2840 3838 3139 3911 Oppositio
3189 3843 3247 3894 et
3293 3835 3508 3894 solutio
3538 3852 3608 3893 ex

1962 3926 2226 3999 exemplo
2257 3926 2456 3998 sigilli.

2031 4017 2279 4088 Efﬁgies,
2313 4015 2409 4071 Gr.
2441 4011 2862 4089 ἀπομόργματα.
2887 4013 3316 4091 Ἀπομόργματα
3344 4013 3452 4071 hoc
3485 4013 3608 4072 loco

1959 4108 2127 4162 vocat
2160 4103 2586 4176 expressiones.

2031 4194 2137 4250 Nec
2165 4191 2524 4249 reluctantia.
2558 4191 2751 4249 Veluti
2783 4191 3008 4265 lapides
3029 4196 3086 4248 et
3105 4191 3399 4265 ligna,aut
3426 4208 3456 4248 e
3479 4208 3611 4249 con-

1960 4282 2140 4338 trario
2171 4298 2302 4354 quae
2332 4286 2472 4337 sunt
2503 4281 2670 4336 ﬂuxae
2701 4281 3072 4350 substantiae,
3094 4298 3345 4354 quorum
3379 4280 3609 4337 nullum

1962 4371 2250 4428 admitttit
2275 4370 2502 4427 annulli
2533 4370 2817 4443 sigillum.

2037 4461 2371 4517 Distinctum
2432 4464 2512 4517 est
2561 4469 2764 4518 autem.
2815 4462 2964 4518 Nota
3011 4461 3349 4518 distinctam
3398 4476 3528 4517 esse
3576 4477 3610 4517 a

187 4546 351 4623 ἁγίας
385 4543 626 4623 Τριάδος
669 4547 703 4615 ἡ
739 4545 1150 4622 ἐνανθρώπησις
1177 4550 1272 4602 τοῦ
1301 4546 1484 4623 Λόγου
1514 4545 1719 4611 ὸλικῶς
1764 4548 1849 4602 καὶ

1971 4555 2170 4606 sancta
2198 4551 2484 4607 Trinitate
2509 4551 2752 4607 omnino
2785 4555 2842 4606 et
2869 4567 3004 4607 vere
3032 4549 3202 4606 Verbi
3247 4548 3608 4606 incarnatio-

191 4635 445 4693 ἀληθῶς.

310 4657 394 4692 σω
433 4681 445 4693 .

264 4659 336 4782 ’ἒὸ
397 4657 718 4797 ξιασὴμᾶς.
753 4725 1009 4779 Ἐνταῦθα
1060 4724 1182 4800 περί
1231 4730 1330 4794 τῆς
1375 4723 1693 4798 οἰκονομίας
1749 4727 1853 4779 1rd-

185 4813 283 4871 λιν
343 4807 651 4882 διαλαϐὼν,
708 4817 788 4884 τῷ
840 4816 960 4884 Θεῷ
1035 4807 1196 4887 Λόγῳ
1263 4811 1463 4883 ταύτην
1531 4811 1852 4888 προσάπτει,

187 4905 338 4977 μήτε
370 4901 585 4975 Ματρὸς
620 4902 761 4974 μήτε
790 4903 890 4955 τοῦ
919 4899 1080 4976 ἁγίου
1130 4899 1444 4974 Πνεύματος
1499 4899 1856 4972 ἰπικοινωνη-

184 4990 424 5056 σάντων,
454 4987 603 5058 πλὴν
634 4987 770 5042 κατὰ
804 4987 1011 5064 βουλὴν
1048 4987 1240 5062 μόνην.
1276 4987 1593 5062 Σημείωσαι
1653 4987 1710 5044 δὲ
1751 4991 1850 5059 τὴν

183 5074 400 5155 ἀκριΕῇ
452 5080 552 5142 τῆς
613 5075 934 5150 οἷκονομίας
995 5073 1273 5153 διήγησιν,
1333 5075 1463 5151 [ὅτι]
1523 5077 1762 5148 οὐσιώθη
1823 5079 1851 5134 6

184 5165 521 5244 ὖπεροῦσιος
551 5165 680 5227 Θεὸς
725 5163 903 5240 Λόγος
962 5163 1376 5237 ἀναλλοιώτως,
1408 5165 1520 5222 ἐπεὶ
1579 5169 1852 5240 μεμένηκε

177 5258 341 5324 Θεὸς,
375 5254 466 5309 καὶ
499 5253 736 5324 οὖσιώθη
769 5254 889 5308 καθ’
920 5255 1068 5326 ἡμᾶς
1127 5253 1178 5328 ἐξ
1238 5256 1398 5327 ἡμῶν
1434 5256 1660 5324 ὸλικῶς,
1693 5277 1850 5311 τουτ-

177 5350 322 5416 ἑστι,
359 5348 521 5418 σῶμα
548 5343 640 5398 καὶ
671 5341 858 5419 ψυχὴν
897 5342 1134 5420 λογικήν
1177 5343 1315 5400 κατά
1359 5343 1620 5416 ἀλήθειαν
1678 5344 1849 5421 ἐσχη-

174 5437 293 5498 κώς
331 5454 347 5469 ο
398 5434 488 5490 καὶ
547 5431 633 5488 ὅτι
679 5432 708 5487 6
760 5432 888 5494 Θεὸς
942 5431 1115 5508 Λόγος
1156 5432 1296 5489 ἐστὶν
1337 5435 1474 5507 [κατ’
1506 5432 1789 5508 ἀλήθειαν]
1820 5437 1848 5491 6

1963 4655 2119 4694 nem.

2031 4727 2233 4784 Nostri.
2268 4731 2386 4783 Hoc
2439 4726 2564 4784 loco
2612 4726 2828 4783 iterum
2879 4727 2949 4782 de
2998 4725 3439 4800 dispensatione
3486 4729 3606 4782 tra~

1962 4821 2151 4883 ctans,
2186 4817 2295 4872 soli
2327 4820 2439 4872 Deo
2470 4816 2660 4872 Verbo
2697 4816 2985 4884 attribuit,
3021 4818 3148 4872 sine
3180 4815 3299 4871 ulla
3331 4814 3521 4871 Patris
3551 4817 3610 4871 et

1958 4906 2213 4977 Spiritus
2241 4905 2426 4961 sancti
2451 4904 3006 4976 communicatione,
3031 4905 3144 4961 nisi
3166 4920 3268 4976 per
3297 4903 3486 4959 solam
3512 4920 3606 4961 vo-

1959 4994 2268 5050 luntatem.
2285 4994 2433 5050 Nota
2454 5010 2588 5051 vero
2619 4998 2950 5050 accuratam
2987 4992 3446 5066 dispensationis
3468 5010 3608 5050 nar-

1962 5085 2270 5151 rationem,
2321 5088 2503 5140 Deum
2554 5082 2836 5150 Verbum,
2886 5083 3040 5153 quod
3085 5097 3318 5137 omnem
3367 5085 3610 5154 superat

1957 5171 2303 5237 essentiam,
2335 5171 2464 5227 sine
2505 5169 2626 5226 ulla
2653 5171 2980 5227 mutatione
3011 5169 3406 5226 substantiam
3438 5187 3606 5228 acce-

1958 5261 2155 5333 pisse;
2185 5260 2464 5330 quoniam
2516 5258 2839 5331 permansit
2881 5259 3056 5325 Deus,
3101 5263 3158 5315 et
3195 5259 3371 5316 sicuti
3400 5277 3508 5316 nos
3538 5277 3609 5317 ex

1960 5347 2128 5405 nobis
2157 5348 2554 5404 substantiam
2585 5347 2827 5403 omnino
2859 5348 3169 5420 accepit,id
3201 5353 3285 5406 est
3317 5365 3530 5422 corpus
3550 5353 3609 5407 et

1958 5437 2210 5493 animam
2240 5436 2584 5492 rationalem
2609 5451 2742 5492 vere
2773 5435 3001 5509 habuit,
3033 5441 3090 5494 et
3134 5442 3316 5496 Deum
3348 5438 3604 5496 Verbum

1207 5553 1451 5609 ἾΑΒΙΛΕ
1489 5553 1881 5612 LECTIONES
1919 5557 2010 5613 ET
2048 5553 2600 5613 CORRECTIONES.

254 5656 278 5690 τ
310 5670 406 5728 γρ.
437 5644 764 5705 πολυειδίαν
793 5650 902 5704 τῶν
937 5645 1471 5727 δημιουργημάτων.
1547 5653 1568 5688 ⁸
1596 5670 1683 5726 γρ.
1719 5648 2018 5728 δυνάμεων.
