4000 6200
361 338 466 392 223

1180 343 1546 395 APPENDIX
1582 341 1682 393 AD
1718 339 1957 393 OPERA
1996 339 2056 389 S.
2097 334 2410 388 DIONYSII
2449 334 2948 390 AREOPAGITE.

3666 337 3787 391 22!:

367 464 543 538 [vere]
571 480 698 522 esse
729 481 863 522 eum
896 466 997 538 qui
1030 483 1240 540 passus
1272 471 1382 534 est,
1415 465 1641 522 scilicet
1667 478 1861 531 carne,
1895 461 1994 516 hu-

2171 457 2336 523 αθὼν,
2387 453 2646 528 δηλονότι
2711 458 2868 534 σαρκί
2901 477 2916 493 ·
2966 457 3057 514 xui
3102 460 3184 514 ὅτι
3244 458 3563 534 ἀνθρωπικὴ
3623 462 3800 516 αὐτοῦ

365 570 723 626 manamque
754 555 944 626 ipsius
987 556 1246 611 divinam
1301 555 1698 626 operationem
1729 551 1920 608 vocari
1951 568 2017 607 ea

364 643 565 700 omnia
593 661 718 715 quae
751 643 811 698 in
854 644 1293 716 dispensatione
1331 661 1430 699 seu
1455 643 1852 699 incarnatione
1874 641 2019 696 acci-

369 733 610 801 derunt,
645 748 833 803 neque
866 732 1090 787 Patrem
1135 747 1320 802 neque
1351 731 1636 802 Spiritum
1671 727 2015 785 sanctumin

365 819 462 875 bis
491 819 712 891 aliquid
746 819 1150 893 participasse,
1186 820 1296 875 nisi
1329 817 1692 889 beneplacito
1723 823 1778 872 et
1810 817 2017 871 volun-

368 913 488 964 tate
517 908 963 980 incarnationis,
1003 913 1176 980 atque
1203 925 1319 963 una
1349 923 1484 964 cum
1505 907 1620 964 Deo
1651 906 1792 962 Filio
1823 905 2020 961 divina

372 997 544 1070 signa
591 998 906 1069 cperando.
972 997 1121 1052 Nota
1159 1013 1293 1052 vero
1343 996 1466 1052 haec
1519 995 1772 1052 maxime
1819 999 2019 1050 contra

372 1085 777 1142 Nestorianos.
808 1091 860 1140 et
892 1086 1239 1157 Acepbalos,
1274 1090 1449 1156 atque
1479 1084 1936 1139 Phantasiastas.

447 1174 774 1230 Distinctum
813 1183 910 1230 est.
946 1175 1063 1230 Hoc
1110 1179 1200 1230 est
1254 1179 1542 1230 secretum
1577 1191 1608 1228 a
1635 1173 1940 1228 Trinitatis
1964 1175 2020 1226 et

370 1263 616 1320 Deitatis
649 1263 870 1319 ratione
904 1264 1070 1331 illud,
1105 1265 1258 1335 quod
1308 1268 1543 1336 propter
1593 1278 1698 1317 nos
1729 1266 1785 1316 et
1815 1278 1883 1316 ex
1913 1278 2018 1315 no—

371 1352 461 1408 bis
492 1368 723 1408 carnem
753 1353 1164 1424 assumpserit,
1189 1369 1291 1408 seu
1326 1351 1716 1422 susceptionis
1746 1349 2018 1405 humani-

369 1442 510 1498 tatis
533 1445 947 1514 nostrte,atque
972 1440 1625 1498 Incaruationistristi
1653 1441 1799 1495 ratio
1824 1459 1838 1510 ς
1868 1440 2022 1495 sicut

373 1535 432 1586 et
462 1531 617 1601 quod
651 1529 849 1585 fecerit
869 1535 924 1584 et
953 1547 1166 1602 passus
1191 1530 1360 1585 fuerit
1393 1528 1811 1601 quarhumanaa
1833 1527 2021 1600 ipsius

375 1618 867 1674 considerationis
900 1619 1152 1675 maxime
1185 1620 1421 1692 pr0pria
1453 1617 1857 1690 sunt.Propria
1888 1633 2020 1671 vero

378 1709 436 1760 et
465 1704 784 1776 singularia
817 1705 978 1776 dicit,
1013 1706 1122 1762 hoc
1155 1712 1241 1762 est
1271 1723 1420 1778 pura
1449 1711 1505 1760 et
1536 1705 1772 1761 innoxia
1801 1709 2022 1760 natura:

378 1793 859 1865 bumanasipsius
893 1809 905 1847 ε
941 1794 1745 1866 cujusmodisuntnativitas,
1776 1794 2023 1848 infantia

380 1882 832 1951 incrementum,
867 1881 1022 1951 sitis,
1073 1881 1255 1951 labor,
1305 1882 1566 1948 tristitia,
1611 1881 1898 1954 lacrymaa,
1933 1898 2026 1936 sa-

379 1969 515 2038 liva,
539 1969 799 2041 sanguis,
833 1971 1035 2037 sudor,
1069 1971 1389 2043 corruptio,
1441 1970 1654 2036 ﬂuxus,
1702 1970 2029 2026 voluntaria

382 2059 776 2128 mortiﬁcatio,
809 2059 966 2116 vocis
997 2061 1264 2133 privatio,
1291 2060 1637 2134 impotentia
1665 2077 1728 2116 se
1759 2059 2029 2116 movendi

384 2152 441 2204 et
471 2147 708 2204 similia.
741 2148 872 2204 Haec
899 2148 1055 2205 enim
1090 2149 1252 2205 nulla
1280 2150 1506 2205 ratione
1558 2150 1726 2205 Pater
1755 2153 1812 2205 et
1841 2147 2030 2221 Spiri-

385 2242 485 2293 tus
533 2242 774 2294 sanctus
818 2238 1190 2310 participant,
1239 2238 1354 2295 nisi
1421 2239 1556 2310 quis
1603 2239 1756 2294 dicat
1809 2238 2029 2294 ratione

387 2324 828 2398 approbationis
857 2331 914 2381 et
942 2342 1290 2383 consensus.

457 2414 609 2470 115
643 2415 749 2483 Qui
777 2415 1150 2471 immutabilis
1179 2419 1316 2473 erat.
1351 2417 1652 2482 Quomodo
1702 2417 1858 2472 dicat
1884 2416 2029 2472 Ver-

385 2503 528 2558 bum
557 2519 817 2574 passum,
855 2509 918 2558 ut
952 2504 1096 2560 illud
1130 2520 1144 2559 :
1179 2507 1368 2560 Manus
1420 2509 1622 2561 nostrae
1664 2508 2029 2561 contrectare-

385 2601 517 2647 runt
543 2593 610 2648 de
646 2594 806 2649 Verbo
837 2593 960 2648 vitae
992 2594 1092 2665 (y),
1125 2595 1528 2665 exposuimus.

466 2681 496 2753 §
523 2681 645 2738 νη.
705 2682 799 2737 His
819 2692 1005 2738 autem
1040 2683 1215 2738 veluti
1246 2683 1513 2755 mysticis.
1539 2683 1712 2739 Juxta
1754 2683 2026 2738 virtutem

383 2770 824 2826 inexsistentem
852 2771 986 2842 pani
1014 2776 1071 2826 et
1101 2771 1285 2827 calici.

455 2860 636 2930 Supra
661 2859 968 2915 intellectus
997 2861 1381 2932 operationem.
1418 2860 1783 2917 Intellectum
1829 2879 2031 2918 eorum

386 2965 515 3019 ques
549 2949 619 3002 de
649 2947 765 3003 Deo
797 2948 1096 3018 dicuntur,
1122 2965 1287 3005 sacra
1318 2949 1555 3020 quidem
1590 2966 1755 3006 mens
1789 2951 2035 3022 explicat

387 3053 486 3092 seu
522 3037 939 3108 interpretatur
958 3036 1060 3092 illa
1092 3054 1257 3095 mens
1281 3055 1408 3108 quas
1441 3040 1682 3095 omnino
1707 3040 1922 3096 divinis
1942 3057 2035 3096 va-

385 3129 499 3194 cat,
527 3129 581 3182 et
611 3141 850 3195 nequea
871 3127 1245 3182 terrestribus
1276 3132 1331 3181 et
1361 3127 1737 3198 passionibus
1770 3128 2035 3184 obnoxiis

2126 545 2237 600 ἑστι
2295 547 2545 621 θεουργία
2600 548 2774 602 πάντα
2829 547 2896 602 τὰ
2951 545 3002 602 ἐν
3061 551 3130 622 τῇ
3182 547 3474 621 οἰκονομίᾳ
3509 568 3520 582 ’
3553 551 3643 604 καὶ
3704 548 3797 604 ὅτι

2127 633 2226 689 οὐκ
2280 634 2635 704 ἐκοινώνησεν
2697 636 2774 700 εἷς
2825 629 3256 714 ταῦτα’Πατὴρ,
3291 633 3415 692 οὔτε
3463 638 3527 692 τὸ
3565 643 3799 712 Πνεῦμα

2125 725 2186 778 τὸ
2218 724 2394 799 ἅγιον,
2429 724 2478 779 εἶ’
2511 726 2585 798 μὴ
2630 727 2700 797 τῇ
2753 723 2969 796 εὐδοκία
3021 726 3110 780 καὶ
3165 725 3426 802 βουλήσει
3461 730 3481 764 θ
3509 734 3608 788 τῖς
3664 748 3799 801 σαρ-

2125 813 2369 882 κώσεως,
2401 813 2491 868 xui
2541 813 2616 876 εἷς
2657 815 2717 869 τὸ
2768 815 3178 890 συνεργάζεσθαι
3237 820 3316 886 τῷ
3378 817 3489 887 Υἱῷ
3529 815 3647 888 Θεῷ
3691 817 3795 878 τὰς

2129 901 2477 975 θεοσημείας.
2515 902 2832 975 Σημείωσαι
2894 900 2950 958 δὶ
3005 908 3171 958 ταῦτα
3223 903 3462 976 μάλιστα
3511 904 3651 959 κατᾶ
3683 906 3795 962 Νε-

2129 997 2424 1066 στοριανῶν
2457 993 2546 1046 καὶ
2578 994 2632 1047 ’Λ
2646 991 2897 1070 κεφάλων
2928 992 3017 1047 καὶ
3051 998 3490 1050 Φαντασιαστῶν.

2202 1169 2562 1243 Διακὲκριται.
2619 1171 2782 1227 Τοῦτ’
2839 1165 2950 1225 ἔστι
3010 1174 3366 1246 κεχωρῆσθαι
3422 1175 3520 1224 τοῦ
3573 1169 3800 1246 τριαδιη

2127 1265 2225 1315 κοῦ
2255 1260 2342 1314 καὶ
2377 1257 2695 1335 θεολογικοῦ
2729 1259 2900 1335 λόγου
2924 1261 2987 1315 τὸ
3017 1262 3133 1314 καθ’
3165 1263 3314 1334 ἡμᾶς
3353 1260 3401 1334 ἐξ
3450 1263 3612 1335 ἡμῶν
3667 1261 3800 1316 ὁλε-

2128 1353 2238 1410 κῶς
2267 1350 2355 1403 καὶ
2417 1347 2640 1418 ἀληθῶς
2688 1351 3053 1423 σαρκωθῆναι,
3087 1350 3232 1404 τοῦτ’
3264 1346 3404 1404 ἔστιν
3434 1351 3461 1405 6
3489 1356 3587 1419 τῆς
3640 1350 3800 1404 ἐναν-

2131 1439 2467 1514 θρωπήσεως
2497 1439 2583 1491 xui
2626 1439 2946 1513 σαρκώσεως
3005 1442 3101 1492 τοῦ
3162 1440 3393 1513 Χριστοῦ
3452 1435 3649 1514 λόγος,
3698 1441 3797 1493 xui

2131 1523 2321 1601 δρᾶσαι
2360 1525 2449 1581 xui
2499 1528 2686 1581 παθεῖν
2745 1528 2842 1581 ὅσα
2893 1535 2994 1597 τῆς
3050 1527 3397 1602 ἀνθρωπικῆς
3429 1529 3599 1583 αὐτοῦ
3661 1530 3802 1582 θεων

2133 1614 2252 1692 ρίας
2309 1615 2449 1669 ἐστὶν
2505 1613 2741 1691 ἕκκριτα.
2774 1614 3144 1691 Ἀδιατήρητά
3186 1621 3316 1695 φησι
3373 1616 3464 1670 καὶ
3522 1615 3800 1689 ἐξαίρετα,

2129 1706 2276 1759 τοῦτ’
2332 1701 2440 1759 ἔστι
2498 1705 2704 1779 καθαρᾶ
2776 1706 2866 1759 καὶ
2925 1700 3232 1777 ἀδιάϐλητοι
3285 1713 3385 1774 τῆς
3444 1705 3800 1780 ἀνθρωπίνης

2057 1829 2104 1892 Β
2133 1794 2298 1848 αύτοῦ
2347 1793 2556 1871 φύσεως
2592 1813 2604 1826 ο
2642 1791 2794 1847 ἅτινά
2852 1793 2962 1848 ἐστι
3009 1795 3191 1861 τόκος,
3221 1793 3512 1863 νηπιότης,
3541 1794 3797 1864 αὔξησις,

2138 1879 2287 1956 δίψα,
2345 1883 2535 1954 κόπος,
2587 1880 2761 1953 λύπη,
2810 1879 3060 1958 δάκρυον,
3089 1882 3346 1953 πτύελος,
3378 1886 3536 1955 αἷμα,
3567 1890 3797 1957 τρῆσις,

2137 1971 2329 2049 φθορὰ,
2365 1971 2536 2047 ῥύσις,
2585 1972 2835 2036 ἑκούσιος
2893 1973 3174 2046 ςέκρωσις,
3208 1972 3478 2046 ἀφθεγξία,
3511 1971 3797 2044 ἀκινησία,

2135 2059 2227 2114 καὶ
2284 2059 2350 2114 τὰ
2401 2059 2843 2132 ὅμοια.’Τούτοις
2891 2059 2992 2136 γὰρ
3043 2060 3070 2114 6
3121 2061 3309 2136 Πατὴρ
3358 2060 3536 2115 καὶτὸ
3567 2058 3801 2132 Πνεῦμα

2135 2150 2252 2204 κατ’
2285 2145 2475 2202 οὐδένα
2501 2147 2703 2223 τρόπον
2805 2147 2973 2223 λόγον
3005 2147 3398 2220 κεκοινώνηκεν
3434 2167 3446 2181 ⁸
3482 2147 3531 2204 si
3581 2150 3662 2222 μή
3712 2170 3802 2210 τις

2138 2236 2268 2314 φαίη
2301 2237 2418 2291 κατ’
2451 2234 2697 2291 εὐδοκίαν
2724 2258 2784 2291 τε
2811 2236 2900 2291 καὶ
2937 2235 3229 2312 βούλησιν.

2210 2414 2456 2490 Γεγονὼς
2486 2413 2513 2468 6
2543 2413 2932 2479 ἀναλλοίωτος.
2969 2419 3092 2480 Πῶς
3121 2413 3270 2491 λέγει
3315 2415 3406 2470 τὸν
3461 2416 3634 2490 Λόγον
3690 2437 3798 2469 πα-

2137 2506 2270 2573 θεῖν,
2303 2504 2377 2565 ὡς
2407 2503 2495 2558 xui
2527 2505 2614 2574 τὸ,
2644 2505 2712 2561 Αἱ
2743 2511 2926 2579 χεῖρες
2950 2507 3109 2578 ἡμῶν
3143 2503 3500 2582 ἐψηλάφησαν
3529 2504 3658 2580 περὶ
3695 2509 3800 2560 τοῦ

2138 2593 2315 2668 Λόγου
2353 2599 2454 2662 τῆς
2486 2598 2651 2662 ζωῆς,
2687 2592 2992 2666 ἐξεθὲμεθα.

2209 2686 2236 2752 §
2265 2683 2387 2738 VII.
2416 2687 2543 2743 Τοῖς
2575 2679 2631 2736 δὲ
2661 2683 2735 2746 ὡς
2768 2687 3072 2756 μυστικοῖς.
3105 2683 3251 2736 Κατὰ
3287 2685 3389 2752 τήν
3436 2681 3670 2756 δύναμιν
3694 2684 3797 2752 τὴν

2141 2771 2548 2846 ἐνυπάρχουσαν
2583 2770 2634 2824 ἐν
2665 2776 2742 2842 τῷ
2769 2771 2916 2847 ἄρτῳ
2945 2771 3034 2826 xui
3063 2775 3142 2842 τῷ
3172 2771 3438 2848 ποτηρίῳ.

2210 2861 2365 2936 Ὑπὲρ
2423 2861 2605 2934 νοερὰν
2663 2859 2928 2935 ἐνέργειαν
2961 2863 3083 2916 Τῶν
3137 2859 3261 2936 περὶ
3311 2865 3446 2915 Θεοῦ
3478 2858 3802 2936 λεγομὲνων

2140 2951 2239 3018 τήν
2302 2946 2536 3003 διάνοιαν
2599 2949 2693 3021 μὲν
2747 2948 3069 3004 ἀναπτύσσει
3131 2950 3159 3003 6
3217 2949 3360 3024 ἱερὸς
3417 2953 3539 3011 νοῦς
3619 2947 3804 3024 ἤγουν

2143 3036 2431 3114 ἑρμηνεύει
2476 3039 2504 3093 6
2551 3043 2666 3099 τοῖς
2716 3037 2879 3102 θείοις
2938 3036 3127 3093 διόλου
3175 3035 3676 3113 ἔναυ-χολούμενος,
3709 3038 3805 3093 καὶ

2143 3132 2258 3188 τοῖς
2313 3125 2532 3201 γηΐνοις
2587 3126 2678 3181 καὶ
2739 3125 3030 3200 ἐμπαθὲσιν
3090 3125 3516 3189 ἀνεπιθολώτως
3567 3127 3748 3200 μὲνων
3787 3145 3802 3159 ·

386 3214 796 3287 perturbatur;
831 3214 977 3286 ipsis
1006 3231 1141 3271 vero
1193 3215 1405 3271 divinis
1453 3232 1568 3271 non
1602 3216 1771 3271 aliter
1800 3217 2028 3272 incum-

2171 3191 2338 3279 εύτοῖς
2378 3213 2436 3270 δὶ
2476 3220 2592 3278 τοῖς
2634 3191 2799 3278 θείοις
2856 3216 2956 3271 ούκ
2994 3214 3180 3278 ἄλλως
3232 3210 3517 3270 ἐπιϐάλλει
3661 3217 3806 3270 κατὰ

386 3305 494 3372 bit,
527 3321 704 3376 quam
751 3321 854 3377 per
897 3305 1284 3363 cessationem
1332 3307 1525 3363 omnis
1579 3314 1793 3378 motus,
1827 3309 1927 3380 qui
1960 3309 2031 3363 ad

385 3393 836 3465 intelligendum
877 3411 968 3450 res
1018 3393 1189 3466 facit;
1225 3395 1333 3451 hoc
1385 3397 1540 3452 enim
1593 3396 1848 3452 declarat
1878 3397 2032 3469 quod

388 3481 536 3536 dixit
560 3498 729 3553 supra
775 3482 1184 3554 intelligentem
1234 3484 1558 3556 efﬁcaciam,
1591 3485 1648 3540 id
1680 3489 1770 3541 est
1799 3487 2034 3558 quando

391 3570 652 3642 undique
665 3571 765 3626 Dei
781 3572 1483 3645 incomprehensibilitate
1496 3573 2032 3644 comprehenditur,

387 3665 515 3716 tum
543 3660 880 3733 assequitur
908 3662 1059 3734 quod
1085 3663 1397 3733 quaerebat.

460 3750 601 3805 Solis
626 3749 1160 3823 participationibus.
1197 3750 1791 3808 Prmsubaudiendum
1824 3756 2033 3808 estno-

387 3839 564 3895 mina.
620 3839 1101 3912 Participationes
1147 3844 1340 3896 autem
1405 3845 1571 3897 vocat
1636 3840 2032 3912 przsbitionem

390 3944 593 3984 eorum
625 3945 755 3999 quae
785 3929 1211 4000 participamus
1233 3931 1305 3985 ab
1340 3931 1466 4003 ipso
1501 3935 1610 3986 Deo
1642 3931 1878 3986 factam.

465 4017 758 4070 Arcanum.
797 4017 941 4073 Illud
978 4035 1187 4074 nomen
1238 4023 1384 4074 Deus
1436 4035 1550 4074 non
1583 4018 1914 4091 signiﬁcare
1945 4034 2038 4074 es-

395 4105 868 4176 sentiam,neque
890 4107 1030 4178 quid
1051 4107 1127 4161 sit
1149 4107 1439 4174 Deus;sed
1460 4107 1694 4180 aliquod
1730 4109 1788 4162 in
1812 4125 1920 4164 nos
1947 4108 2041 4164 be-

395 4191 668 4248 neficium
690 4197 1012 4264 ;atquenos
1034 4210 1102 4249 ex
1125 4196 1656 4251 communicatione
1684 4213 1881 4251 eorum
1911 4213 2042 4267 quae

397 4280 568 4337 nobis
598 4297 632 4336 a
679 4282 788 4337 Deo
833 4283 1148 4354 donantur,
1199 4282 1621 4354 appellationes
1675 4284 1770 4339 Dei
1803 4284 2038 4357 ﬁngere.

396 4370 546 4437 Quid
580 4387 753 4443 porro
785 4370 860 4426 sit
883 4372 1058 4440 Deus,
1080 4372 1332 4444 cogitare
1359 4376 1531 4443 queat
1562 4371 1800 4442 nullus;
1827 4373 2039 4428 etenim

393 4460 592 4516 divina
622 4460 932 4517 existentia
963 4461 1043 4516 ita
1074 4461 1248 4533 digne
1281 4459 1717 4532 aliquantulum
1769 4460 2041 4517 laudabi-

2144 3303 2446 3359 ἀπόπαυσιν
2500 3303 2682 3374 πάσης
2728 3307 2993 3376 κινήσεως
3067 3312 3325 3374 νοητικῆς
3394 3308 3501 3359 τῶν
3569 3299 3746 3358 ὅντων
3785 3323 3798 3334 °

2140 3398 2301 3448 τοῦτο
2360 3393 2462 3469 γὰρ
2522 3391 2689 3465 δηλοῖ
2741 3393 2804 3450 τὸ
2865 3395 2997 3470 ὑπὲρ
3044 3395 3230 3468 νοερὰν
3282 3392 3546 3469 ἐνέργειαν
3597 3392 3804 3464 εἰπεῖν,

2142 3481 2416 3537 τουτέστιν
2470 3481 2594 3536 ὅταν
2653 3487 2732 3554 τῷ
2791 3481 3161 3556 ἀκαταλήπτῳ
3215 3487 3312 3537 τοῦ
3369 3486 3501 3537 Θεοῦ
3531 3483 3802 3537 πάντοθεν

2144 3574 2467 3646 περισχεθῇ,
2497 3572 2622 3625 τότε
2649 3566 3052 3645 καταλαμϐάνει
3078 3571 3141 3626 τὸ
3170 3570 3524 3645 ζητούμενον.

2219 3750 2351 3812 Ταῖς
2406 3753 2667 3823 μετοχαῖς
2720 3747 2931 3822 μόναις.
2965 3749 3479 3824 Προσυπακουστὲον
3529 3747 3806 3821 ὀνόματα.

2149 3837 2403 3912 Μετοχὰς
2435 3834 2491 3891 δὲ
2540 3859 2722 3915 φησιν,
2757 3839 2831 3893 ὧν
2883 3838 3185 3912 μετέχομεν
3227 3839 3326 3907 τὴν
3376 3836 3427 3909 ἐξ
3483 3838 3652 3892 αὐτοῦ
3704 3841 3808 3893 τοῦ

2147 3930 2281 3981 Θεοῦ
2313 3928 2595 4001 παροχήν.

2222 4015 2584 4092 Κρυφιότητα.
2615 4017 2739 4072 ’Ὁτι
2769 4015 2857 4070 xui
2887 4015 2948 4070 τὸ
2984 4017 3115 4080 Θεὸς
3160 4011 3336 4088 ὄνομα
3384 4012 3446 4071 ού
3496 4012 3668 4084 δηλοῖ
3717 4014 3814 4069 ού-

2151 4103 2290 4173 σίαν,
2325 4102 2451 4158 οὐδὲ
2506 4103 2557 4157 τί
2615 4103 2754 4159 ἰστιν
2789 4106 2816 4159 6
2851 4104 3003 4174 Θεὸς,
3031 4103 3158 4160 ἀλλ’
3191 4104 3488 4181 εὐεργεσίαν
3543 4125 3668 4157 τινα
3728 4102 3811 4166 είς

2149 4196 2335 4267 ἡμᾶς·
2369 4193 2458 4248 καὶ
2517 4192 2599 4247 ὅτι
2654 4193 2713 4248 ἐκ
2766 4197 2875 4248 τῶν
2910 4199 3160 4270 μετοχῶν
3204 4197 3312 4248 τῶν
3366 4194 3470 4248 ὑπὸ
3510 4189 3606 4247 τοῦ
3668 4196 3811 4247 Θεοῦ

2152 4279 2512 4357 δωρουμένων
2565 4284 2724 4355 ἡμῖν,
2779 4281 2868 4336 καὶ
2925 4281 3019 4345 τὰς
3092 4282 3216 4357 περὶ
3293 4285 3426 4336 Θεοῦ
3503 4279 3812 4353 ὀνομασίας

2149 4369 2456 4444 ποιούμεθα
2489 4389 2502 4402 ·
2533 4370 2596 4424 τὸ
2655 4368 2713 4425 δὲ
2765 4370 2816 4425 τί
2848 4369 2987 4424 ἐστιν
3021 4371 3049 4425 6
3080 4372 3233 4440 Θεὸς,
3274 4369 3430 4425 πᾶσίν
3486 4369 3625 4424 ἐστιν
3685 4369 3811 4423 ἆνε-

2152 4459 2412 4530 πινόητον
2449 4479 2461 4491 ⁸
2496 4458 2586 4514 xui
2615 4461 2715 4537 γὰρ
2747 4463 2780 4530 ἡ
2816 4458 2930 4524 θεία
2976 4458 3221 4535 ὕπαρξις,
3255 4458 3428 4522 οὕτως
3483 4457 3643 4529 ἀξίως
3703 4479 3810 4512 πο-

392 4553 508 4618 tur,
543 4551 779 4623 quando
813 4551 885 4606 ab
917 4550 1178 4606 efﬁcacia
1208 4551 1366 4606 omni
1398 4549 1764 4607 validissima
1794 4555 1851 4607 et
1877 4551 2028 4607 intel

2171 4552 2258 4610 πῶς
2320 4548 2716 4620 ὑμνηθήσεται,
2775 4546 2865 4602 ὅτε
2939 4546 3115 4618 πάσης
3195 4546 3479 4624 ἐνεργείας,
3535 4547 3626 4600 xui
3703 4553 3808 4616 τῆς

392 4639 608 4711 ligente
641 4656 882 4711 prorsus
912 4657 945 4695 a
975 4640 1146 4696 nobis
1185 4639 1474 4710 absoluta,
1527 4641 1812 4713 suscipiet
1845 4657 1951 4696 nos
1982 4641 2041 4696 in

394 4732 597 4784 sancto
627 4727 885 4796 silentio,
918 4733 1174 4784 mentem
1208 4729 1280 4784 iis
1313 4746 1439 4802 quae
1473 4729 1632 4784 illinc
1664 4730 2045 4802 egrediuntur

395 4817 566 4873 donis
591 4817 934 4888 adjicientes
959 4834 972 4872 :
995 4817 1292 4874 voluntate
1313 4819 1605 4891 siquidem
1632 4837 1723 4874 ros
1753 4819 2042 4890 producit,

396 4907 566 4963 nobis
597 4907 845 4964 ﬁrmiter
863 4907 923 4962 in
946 4907 1157 4963 mentis
1182 4911 1389 4963 nostra;
1411 4908 1753 4963 confusione
1776 4913 2042 4980 perstan-

394 4995 576 5065 tibus,
629 5011 805 5068 quam
869 4996 1041 5069 paulo
1091 5000 1228 5053 ante
1283 4996 1529 5068 vocavit,
1571 4995 1940 5068 cognitionem
1981 4997 2046 5052 in

396 5081 746 5155 ignorantia.

468 5174 703 5229 Rursum
745 5173 969 5247 quidem
1018 5189 1132 5232 esse
1175 5175 1454 5248 originem
1497 5191 1588 5232 seu
1635 5176 1864 5246 fontem.
1895 5177 2046 5231 Nota

474 5353 970 5425 (y)IJoan.1,1.

2155 4635 2616 4713 δραστικωτάτης,
2657 4643 2846 4713 νοερᾶς
2899 4634 2976 4707 δὲ,
3009 4638 3224 4698 πάντως
3275 4637 3360 4713 ὑφ’
3387 4638 3550 4708 ἡμῶν
3595 4633 3811 4690 ἀπολυο

2155 4731 2325 4795 θεῖσα,
2359 4724 2559 4795 δέξεται
2617 4728 2765 4799 ἡμᾶς
2823 4723 2912 4779 διὰ
2969 4732 3123 4801 σιγῆς
3180 4724 3352 4801 ἁγίας,
3404 4718 3814 4785 ἐπιϐάλλοντας

2151 4821 2269 4876 ταῖς
2303 4814 2500 4878 ἐκεῖθεν
2536 4814 2891 4893 ἐκφοιτῶσαις
2934 4811 3161 4888 δωρεαῖς
3190 4831 3203 4845 ·
3248 4811 3518 4886 θελήματι
3576 4813 3681 4887 γὰρ
3741 4814 3815 4866 τὰ

2156 4901 2282 4960 ὄντα
2311 4903 2561 4980 παράγει,
2596 4905 2830 4960 στάντων
2865 4907 3026 4976 ἡμῶν
3063 4898 3294 4980 βεϐαίως
3323 4901 3374 4956 ἐν
3405 4906 3474 4976 τῇ
3518 4906 3617 4957 τοῦ
3659 4904 3814 4974 ἠμε-

2153 4993 2313 5070 τέρου
2343 4998 2437 5048 νοῦ
2467 4991 2796 5069 ἆδιακρισίᾳ,
2828 4995 2889 5064 ἢν
2931 4990 3154 5048 ἐκάλεσε
3199 4993 3305 5067 πρὸ
3358 4995 3556 5068 μικροῦ
3604 4994 3810 5067 γνῶσιν

2154 5083 2206 5138 ἐν
2237 5083 2496 5160 ἀγνωσία.

2227 5171 2421 5242 Πάλιν,
2469 5171 2551 5227 ὅτι
2613 5169 2706 5245 μὲν
2766 5169 2876 5226 ἐστι
2934 5170 3165 5247 πηγαία.
3222 5169 3539 5243 Σημείωσαι
3586 5168 3656 5224 τὰ
3725 5188 3818 5224 σε-

1391 5481 1633 5537 VARI/E
1673 5478 2071 5536 LECTIONES
2111 5478 2200 5534 ET
2238 5476 2797 5537 CORRECTIONES.

475 5643 497 5678 ο
523 5661 610 5718 γρ.
641 5640 716 5705 είς
747 5644 845 5713 τὴν
880 5641 1122 5700 εὐδοκίαν
1153 5646 1241 5699 καὶ
1278 5644 1562 5719 βούλησιν.
