4000 6200
172 350 263 403 225

906 343 965 395 8.
1009 341 1276 394 MAXIM]
1317 337 1618 394 SCHOLIA
1658 327 1731 390 IN
1771 337 1904 389 LIB.
1946 340 2038 392 DE
2077 342 2350 396 DIVINIS
2388 343 2803 397 NOMINIBUS.

3452 292 3565 397 .226

171 470 358 545 ϐάσμια
415 467 508 523 καὶ
560 462 762 541 φρικτᾶ
813 461 900 518 ἐπὶ
953 469 1054 532 τῆς
1105 460 1379 538 ἀχράντου
1427 457 1653 536 Τριάδος
1687 458 1808 513 ὀνό-

1947 466 2258 522 νοιιθιειιιάα
2303 470 2362 522 et
2403 467 2698 523 horrenda
2748 466 3077 538 purissimae
3126 468 3430 525 Trinitatis
3459 486 3568 527 no-

177 580 319 636 ματα,
351 557 436 613 ὅτι
489 553 699 629 πηγαία
732 553 923 622 θεότης
956 553 984 605 6
1032 553 1236 626 Πατήρ·
1273 551 1301 604 6
1333 547 1389 636 δέ
1418 549 1543 611 Υἱὸς
1599 548 1688 603 καὶ
1743 548 1806 602 τὸ

174 634 374 721 Πνεῦμα
402 646 467 700 τὸ
489 645 641 719 ἅγιον
699 642 925 718 βλαστοί
961 641 1062 696 εἱσι
1092 647 1192 710 τῆς
1221 634 1477 714 θεογόνου
1517 637 1807 708 Θεότητος,

171 740 396 796 τουτέστι
431 738 528 789 τοῦ
576 730 809 805 Πατρὸς,
863 729 1138 804 θεὸφυτοι,
1200 729 1287 783 καὶ
1347 726 1506 798 ἄνθη,
1537 726 1622 781 καὶ
1655 731 1811 805 φῶτα

173 825 471 902 ὑπεροῦσια.
516 818 748 880 Μᾶλλον
804 817 859 874 δὲ
911 816 1182 894 βλαστοὺς
1229 817 1391 894 φησὶν
1453 815 1697 890 εῗρῆσθαι
1758 815 1808 869 ἐν

169 916 441 990 τῇΓραφῇ
498 910 608 965 ἀπὸ
660 915 761 977 τῆς
810 911 916 962 τῶν
967 906 1163 962 ἐλαιῶν
1218 903 1479 965 ὀπτασίας
1538 903 1810 979 Ζαχαρίου

169 1008 252 1061 10'3
280 989 568 1058 ἑνδεκάτου
617 1001 730 1052 τῶν
766 999 1084 1073 προφητῶνο
1123 992 1220 1049 δύο
1266 993 1370 1069 γὰρ
1419 989 1655 1054 κλάδους
1712 998 1812 1073 τῆς

174 1093 342 1154 ὶλαιας
374 1089 538 1169 φασὶν
574 1089 626 1143 0i
654 1071 1055 1160 Ἑδομήκοντα·
1088 1086 1139 1140 οἱ
1189 1081 1246 1139 δὲ
1294 1083 1459 1138 ἄλλοι
1487 1071 1814 1158 ἑρμηνευταῖ

173 1182 395 1256 στάχυας
439 1178 530 1233 καὶ
581 1175 894 1253 βλαστούς·
959 1177 1113 1251 φῶτα
1162 1169 1238 1240 δὶ,
1295 1171 1344 1225 ἐν
1425 1173 1509 1234 οἷς
1579 1170 1814 1256 εἴρηται,

172 1255 361 1343 Πατρὸν
397 1271 509 1322 τῶν
565 1265 761 1344 φώτων
821 1263 910 1318 καὶ
942 1266 1070 1325 Φῶς
1121 1262 1172 1316 ἐν
1207 1259 1408 1339 φωτός.
1465 1259 1698 1333 Πατριᾶν
1758 1255 1817 1312 δὲ

173 1361 295 1434 λέγει
349 1359 459 1426 τὴν
492 1353 656 1410 οἱονεὶ
707 1351 1038 1426 πατρότητα.
1075 1348 1356 1428 Ἐπιφέρει
1415 1353 1544 1423 γοῦν
1606 1347 1812 1416 υὶότηςο

176 1449 406 1524 καῖγοῧν
469 1465 632 1522 φησιν
683 1445 712 1498 6
753 1436 1107 1503 Ἀπόστολος·
1170 1440 1256 1509 Ἐξ
1307 1439 1367 1493 οὗ
1419 1441 1565 1491 πᾶσα
1620 1435 1820 1510 πατριὰ

181 1538 224 1592 ἐν
273 1523 490 1612 οὐρανῷ
549 1532 644 1586 xui
700 1530 788 1585 ἐπὶ
847 1537 951 1605 γῆς
1009 1529 1352 1601 ὀνομάζεταιο
1412 1526 1472 1580 τὸ
1526 1524 1625 1600 γὰρ
1686 1523 1819 1579 εἷναί

178 1648 227 1682 τε
250 1612 487 1700 πατέρας
537 1622 628 1676 καὶ
673 1618 823 1681 υἱοὺς
880 1617 1232 1692 ὀνομάζεσθαι
1293 1614 1493 1680 ἄνωθεν
1553 1612 1820 1690 έρῥευσεν,

180 1715 230 1770 ἐκ
263 1718 351 1769 τοῦ
388 1699 618 1787 Πατρὸς
673 1711 768 1783 μὲν
803 1707 955 1785 φύσει
985 1711 1081 1761 τοῦ
1113 1707 1240 1760 Υἱοῦ
1272 1701 1442 1766 ὄντος·
1506 1703 1713 1774 Πατρὸς
1765 1699 1823 1757 δὶ

178 1813 375 1859 παντων
447 1798 867 1874 δημιουργικῶς
925 1797 1015 1852 καὶ
1071 1792 1471 1855 διδασκαλικῶς
1555 1791 1673 1847 ὅθεν
1731 1790 1821 1846 καὶ

179 1895 452 1965 ἀσώματοι
500 1889 591 1943 καὶ
624 1886 814 1957 νοητοὶ
846 1889 978 1941 θεῶν
1010 1883 1236 1960 πατέρες
1263 1882 1352 1938 καὶ
1414 1883 1520 1936 υἱοί
1573 1877 1824 1936 διδασκα-

179 1980 336 2042 λικῶς
398 1979 491 2034 καὶ
554 1977 952 2051 ὑπερκειμένως
995 1973 1047 2030 ἂν
1107 1970 1366 2048 ἀγγέλοις
1424 1971 1513 2025 καὶ
1573 1966 1824 2038 δικαίοις,

180 2072 245 2131 ὡς
271 2070 354 2124 καὶ
391 2069 422 2122 6
471 2063 814 2126 Ἀπὸστολος
846 2061 1034 2134 δηλοῖ,
1060 2062 1273 2117 πάντων
1305 2065 1415 2116 τῶν
1446 2060 1692 2134 πατέρων
1729 2056 1827 2135 ἅρ-

187 2178 364 2234 χοντος
415 2160 515 2211 τοῦ
572 2155 776 2228 κυρίως
845 2153 1076 2229 Πατρὸς,
1135 2153 1226 2206 ἅτε
1281 2151 1370 2205 καὶ
1420 2150 1518 2218 τὴν
1569 2147 1824 2216 τοιαύτην

191 2249 382 2320 μέθεξιν
420 2243 638 2314 δόντος,
687 2243 776 2297 καὶ
835 2242 1047 2296 πάντων
1106 2244 1212 2295 τῶν
1268 2239 1398 2293 υἱῶν
1438 2235 1706 2314 ἄρχοντος
1733 2240 1829 2292 τοῦ

188 2339 319 2404 Υίοῦ,
382 2336 482 2390 ἅτε
535 2334 626 2388 καὶ
671 2331 836 2386 αὐτοῦ
871 2333 1133 2404 μεθεκτοῦ
1164 2327 1218 2383 ἐν
1249 2329 1427 2400 τούτῳ
1458 2327 1748 2402 γινομένου
1764 2329 1828 2394 ¹⁰,
1871 2364 1874 2366 -

183 2427 248 2486 ὡς
276 2424 440 2486 αὒτός
473 2441 657 2500 φησιν·
691 2419 1036 2498 Ἐφανέρωσά
1067 2440 1162 2472 σου
1192 2418 1252 2472 τὸ
1284 2413 1459 2490 ὄνομα
1487 2421 1601 2476 τοῖς
1630 2415 1833 2489 ἀνθρώ-

183 2534 316 2574 ποις·
348 2514 439 2568 ὅτι
471 2511 730 2567 καλεῖται
764 2511 950 2584 Πατὴρ
986 2509 1013 2563 6
1037 2507 1193 2562 αὐτὸν
1225 2504 1368 2582 ἔχων
1395 2506 1514 2560 Υἱὸν
1545 2505 1637 2560 τὸν
1665 2508 1832 2559 ταῦτα

182 2603 418 2659 εἰπόντα..

249 2872 381 2931 Τοῖς
436 2866 726 2927 αἰτιατοῖς.
782 2864 1010 2919 Αἱτιατά
1058 2862 1167 2918 ἐστι
1198 2863 1368 2917 πάντα
1391 2860 1457 2917 τὰ
1487 2862 1835 2937 παραχθέντα

183 2959 254 3020 εἷς
281 2959 483 3028 κτίσιν,
520 2953 629 3011 εἴτε
658 2954 710 3010 ἐν
741 2953 974 3029 οὐρανῷ,
1006 2950 1112 3008 εἶίτε
1143 2951 1230 3006 ἐπὶ
1278 2958 1401 3028 γῆς’
1464 2948 1610 3005 αἶ’τια
1659 2947 1716 3005 δὲ
1768 2952 1836 3005 τὰ

187 3046 471 3121 ὑπερόγτα,
532 3044 811 3099 τουτέστιν
869 3042 922 3095 αἱ
969 3046 1114 3116 τρεῖς
1165 3039 1481 3103 ὑποστάσεις
1533 3042 1630 3108 τῆς
1686 3039 1837 3115 ἁγίας

186 3134 439 3212 Τριάὂος.
473 3131 767 3208 Πρόδηλον
801 3128 894 3185 οὖν
925 3129 1006 3184 ὅτι
1065 3127 1293 3202 οὐδεμία
1322 3128 1580 3205 ἐμφέρεια
1631 3127 1836 3183 τούτων

1921 553 2100 610 mina.
2140 555 2367 611 Patrem
2401 573 2531 613 esse
2561 556 2864 612 fontanam
2916 557 3326 627 divinitatem;
3358 558 3566 614 Filium

1917 657 2048 697 vero
2081 647 2137 698 et
2184 643 2469 716 Spiritum
2521 650 2793 700 sanctum
2843 644 3103 702 fecundas
3154 646 3394 702 Deitatis
3440 664 3570 704 esse

1919 733 2206 802 germina.
2241 733 2296 788 id
2329 738 2418 790 est
2449 735 2655 803 Patris,
2708 752 2740 790 a
2773 735 2880 790 Deo
2922 735 3210 806 producta,
3241 740 3291 791 et
3318 737 3476 805 ﬂores
3504 751 3570 791 ac

1920 820 2138 876 lumina
2169 838 2296 894 quae
2324 824 2561 879 essentia
2589 824 2883 896 superiora
2927 828 3076 880 sunt.
3110 824 3207 878 Ait
3236 828 3434 880 autem
3466 840 3567 896 po-

1920 909 2038 964 tius
2073 906 2364 982 βλαστούς,
2394 913 2898 984 germina,dictum
2920 929 3049 968 esse
3073 910 3130 967 in
3154 912 3477 984 Scriptura,
3500 928 3571 968 ex

1922 997 2142 1054 visione
2166 999 2450 1056 olivarum
2468 1001 2759 1056 Zacharias
2790 1001 3208 1073 praphetarum
3233 1001 3574 1072 undecimi;

1922 1090 2302 1161 Septuaginta
2335 1090 2489 1146 enim
2540 1091 2746 1146 dicunt
2795 1086 2890 1143 δύο
2936 1086 3198 1162 κλάδους,
3229 1091 3364 1147 duos
3395 1106 3580 1147 ramos

1923 1177 2080 1233 olivae
2111 1196 2130 1233 :
2163 1177 2262 1234 alii
2291 1196 2425 1236 vero
2458 1179 2810 1252 interpretes
2853 1177 3090 1253 στάχυας
3137 1178 3226 1233 καὶ
3282 1177 3575 1253 βλαστούς,

1923 1267 2106 1338 spicas
2135 1277 2188 1324 et
2223 1268 2480 1339 germina
2511 1287 2529 1323 :
2559 1268 2778 1324 lumina
2808 1285 2944 1324 vero
2976 1268 3035 1323 in
3083 1269 3299 1337 quibus
3347 1269 3574 1326 dictum

1926 1360 2036 1422 est,
2066 1357 2254 1412 Patris
2285 1357 2582 1423 luminum,
2629 1362 2687 1413 et
2709 1359 2900 1413 lumen
2950 1375 3024 1414 ea:
3073 1356 3306 1414 lumine.
3341 1357 3576 1432 Πατριάν

1927 1461 2061 1500 vero
2093 1445 2235 1500 dicit
2260 1445 2359 1513 τήν
2394 1446 2728 1518 πατρότητα,
2775 1447 3004 1503 scilicet
3031 1446 3444 1518 paternitatem.
3476 1447 3578 1502 Af-

1930 1533 2036 1588 fert
2070 1534 2246 1605 igitur
2267 1533 2590 1606 citima/iiii
2613 1538 2920 1599 rationem;
2952 1536 3217 1606 equidem
3242 1536 3325 1591 ait
3342 1541 3578 1608 Aposto-

1929 1621 2023 1678 lus
2057 1625 2176 1678 τετε
2222 1641 2325 1695 quo
2357 1625 2535 1681 omnis
2575 1625 2885 1695 paternitas
2935 1625 2996 1679 in
3043 1624 3176 1680 cwlo
3223 1629 3276 1681 et
3324 1627 3383 1680 in
3431 1629 3582 1681 terra

1929 1713 2256 1767 nominatur
2286 1713 2358 1785 (χ.)
2391 1731 2409 1768 .·
2439 1715 2593 1768 118
2627 1717 2821 1785 patres
2852 1715 3009 1770 enim
3041 1730 3195 1781 esse,
3223 1718 3280 1769 et
3310 1713 3462 1770 ﬁlios
3483 1731 3582 1770 no-

1932 1799 2168 1871 minari,
2200 1819 2453 1874 superne
2486 1802 2729 1860 deﬂuxit
2757 1828 2771 1870 ;
2807 1802 2944 1874 quia
2972 1820 3104 1860 vere
3156 1802 3338 1858 Filius
3377 1806 3467 1859 est
3513 1819 3583 1860 ex

1938 1889 2128 1959 Patre,
2171 1889 2273 1960 qui
2320 1893 2587 1946 omnium
2647 1897 2734 1946 est
2786 1891 2951 1946 Pater
2999 1892 3070 1947 ob
3128 1893 3485 1948 creationem
3528 1895 3585 1948 et

1936 1976 2261 2034 doctrinam
2286 1998 2300 2047 ;
2327 1980 2482 2035 unde
2504 1979 2828 2051 incorporei
2849 1985 2908 2034 et
2927 1979 3326 2052 intelligibiles
3341 1980 3585 2037 deorum

1939 2070 2132 2137 patres
2161 2071 2339 2140 atque
2369 2067 2476 2122 ﬁlii
2507 2073 2924 2140 praeceptorum
2960 2086 3121 2126 more
3151 2075 3208 2126 et
3237 2069 3589 2126 excellenter

1938 2154 1996 2208 in
2020 2154 2242 2227 angelis
2273 2161 2330 2212 et
2349 2157 2718 2228 justis,sicut
2747 2158 2922 2212 etiam
2955 2159 3274 2229 Apostolus
3304 2158 3586 2228 declarat,

1938 2241 2038 2299 illo
2061 2245 2328 2315 patribus
2351 2245 2629 2301 omnibus
2650 2245 3007 2318 principium
3033 2247 3207 2302 dante
3232 2247 3333 2318 qui
3355 2247 3589 2319 proprie

1939 2337 2028 2388 est
2057 2333 2406 2400 Pater,sicut
2436 2334 2486 2388 is
2519 2333 2616 2404 qui
2648 2333 2822 2389 talem
2857 2335 3450 2391 communicationem
3474 2335 3589 2390 lar-

1940 2419 2118 2492 gitur,
2177 2437 2241 2475 ac
2290 2420 2569 2476 omnibus
2618 2421 2757 2476 ﬁliis
2803 2421 2946 2477 Filio
2998 2421 3352 2495 principium
3386 2423 3588 2487 dante,

1941 2508 2095 2564 sicut
2117 2509 2239 2580 ipso
2262 2509 2436 2564 etiam
2457 2511 2513 2564 in
2536 2508 2644 2566 hoc
2661 2509 3587 2582 participante,quemadmodum

1939 2595 2066 2668 ipse
2099 2597 2182 2652 ait
2213 2615 2226 2653 :
2261 2598 2607 2669 Mani/“estan
2664 2614 2861 2654 nomen
2909 2603 3067 2654 tuum
3111 2599 3427 2655 hominibus
3460 2599 3536 2671 (α)
3568 2616 3590 2656 :

1941 2687 2097 2757 quod
2143 2693 2380 2743 vocetur
2437 2687 2602 2744 Pater
2651 2688 2701 2744 is
2749 2687 2851 2759 qui
2903 2688 3112 2744 Filium
3164 2688 3287 2745 haec
3318 2688 3584 2745 locutum

1941 2773 2139 2831 habet.

2012 2865 2319 2937 Effectibus.
2355 2865 2599 2939 Effectus
2632 2869 2771 2922 sunt
2800 2867 2998 2922 omnia
3027 2865 3086 2921 in
3130 2867 3421 2922 creatione
3453 2881 3588 2939 pro-

1945 2953 2141 3020 ducta,
2174 2971 2278 3010 seu
2311 2954 2368 3009 in
2401 2953 2564 3025 coelo,
2599 2971 2703 3011 seu
2734 2955 2792 3010 in
2826 2960 3000 3010 terra.
3035 2955 3234 3011 Causea
3285 2971 3420 3011 vero
3449 2957 3592 3010 sunt

1943 3041 2044 3098 illa
2074 3058 2201 3114 quae
2233 3042 2558 3100 eminenter
2588 3044 2911 3112 exsistunt;
2947 3044 3004 3100 id
3036 3051 3126 3100 est
3155 3049 3273 3101 tres
3323 3045 3589 3100 Persona

1945 3135 2160 3188 sanctae
2173 3131 2886 3205 Trinitatis.Perspicuum
2905 3132 3086 3205 igitur
3098 3132 3320 3189 nullam
3340 3149 3467 3190 esse
3490 3132 3593 3188 ho-

188 3205 320 3300 πρὸς
366 3205 620 3294 ἄλληλα,
671 3220 856 3275 αἶτίων
910 3217 1042 3294 φησὶ
1091 3219 1177 3273 καὶ
1211 3219 1487 3274 αἲτιατῶν.
1519 3213 1719 3280 Καλῶς
1780 3214 1827 3272 δὲ

1948 3237 2078 3275 rum
2093 3220 2243 3276 inter
2260 3237 2322 3276 se
2345 3220 3438 3295 similitudinem,causarum,inquit,et
3459 3221 3593 3278 eii'e-

188 3315 494 3384 προσέθηκε
521 3312 586 3365 τὸ
615 3307 992 3384 ἐνδεχομένας·
1028 3306 1089 3361 οὗ
1120 3307 1224 3382 γὰρ
1256 3305 1480 3370 ἁπάσας.

257 3404 365 3458 Καὶ
400 3401 500 3475 ζῇν
537 3399 590 3454 εἷ¹
611 3421 696 3461 τις
728 3398 882 3476 ιραίη.
917 3399 1038 3453 ’Ότι
1096 3399 1365 3471 περισσῶς
1419 3396 1506 3450 καὶ
1559 3393 1840 3450 οὐσιωδῶς

191 3492 502 3565 προσ-ἔνεστι
557 3491 623 3542 τὰ
663 3493 769 3542 τῶν
820 3485 1073 3542 αἷτιατῶν
1127 3489 1246 3547 τοῖς
1306 3483 1520 3546 αἰτίοις.
1569 3487 1727 3540 ’Ὠο-τε
1779 3484 1841 3539 οὐ

188 3580 368 3642 καλῶς
403 3577 647 3652 λὲγομεν
675 3580 768 3650 ζῇν
791 3575 882 3629 καὶ
915 3573 1235 3650 φωτίζεσθαι
1259 3574 1320 3628 τὸ
1354 3577 1518 3635 θεῖονο
1547 3577 1713 3628 τοῦτο
1741 3573 1842 3649 γὰρ

187 3674 279 3723 τοῦ
314 3674 412 3742 ζῇν
439 3671 588 3740 ἡμᾶς
612 3666 700 3720 καὶ
728 3664 1050 3742 φωτίζεσθαι
1076 3661 1268 3717 αἴτιον
1290 3659 1569 3724 οὗσιωδῶς
1593 3660 1683 3716 οὖν
1708 3683 1843 3736 προ-

188 3760 390 3812 σένεστι
444 3761 524 3828 τῷ
585 3755 735 3826 θείῳ,
787 3753 922 3828 ἅπερ
967 3755 1100 3821 ἡμῖν
1142 3751 1278 3806 κατᾶ
1309 3751 1485 3826 χάριν·
1522 3755 1682 3806 τοῦτο
1741 3752 1843 3826 γὰρ

191 3849 451 3918 σημαίνει
504 3842 569 3898 τό
627 3843 762 3896 κατᾶ
795 3841 1024 3914 μέθεξιν·
1080 3839 1225 3915 λέγεί
1272 3841 1374 3914 γὰρ
1406 3841 1434 3894 6
1488 3837 1844 3903 Ἀπόστολος-

189 3937 384 4010 Χάριτι
458 3932 579 3987 ἐστὶ
634 3929 982 4002 σεσωσμένοι,
1036 3929 1124 3983 καὶ
1167 3930 1330 4000 ἡμεῖς
1390 3925 1484 4000 μὲν
1518 3927 1848 4000 σεσωσμένοι

190 4022 490 4097 λεγόμεθαο
557 4020 717 4080 αὐτὸς
770 4016 826 4073 δὲ
876 4021 1034 4092 ἡμῶν
1073 4018 1268 4092 Σωτήρ
1314 4015 1445 4072 ἐστι.
1505 4016 1604 4072 Καὶ
1659 4015 1844 4070 πάλιν·

191 4115 328 4168 Ἀπὸ
408 4111 516 4186 γὰρ
590 4113 688 4163 τοῦ
750 4106 1128 4182 πληρώματος
1208 4105 1377 4160 αὐτοῦ
1434 4107 1598 4179 ἡμεῖς
1656 4103 1847 4167 πάντες

190 4197 364 4256 Elige
373 4221 496 4273 μιν.

261 4379 424 4450 §IX.
480 4373 666 4431 Ἀλλὰ
715 4375 804 4429 καὶ
863 4373 926 4429 τὸ
977 4372 1151 4443 πάσης
1209 4371 1513 4447 θεολογίας.
1571 4374 1694 4429 Ὅτι
1729 4384 1852 4437 θεο-

191 4467 390 4542 λογίαν
442 4464 606 4520 καλεῖ
649 4463 716 4519 τὰ
745 4463 914 4536 [περὶ]
968 4468 1069 4532 τῆς
1109 4461 1588 4536 ένανθρωπήσεως·
1648 4461 1736 4516 καὶ
1768 4460 1852 4516 ὅτι

1949 3313 2172 3366 ctuum.
2207 3309 2380 3366 Recte
2410 3314 2603 3367 autem
2633 3312 2910 3383 apposuit
2939 3307 3456 3385 év8exopéuc,quas
3472 3325 3594 3383 pos-

1949 3403 2118 3460 sunt;
2151 3413 2340 3470 neque
2369 3398 2526 3454 enim
2559 3415 2755 3456 omnes
2787 3416 2851 3455 se
2877 3399 3137 3456 referunt
3166 3399 3475 3472 imagines.

2021 3489 2084 3542 Et
2112 3488 2292 3544 vivere
2312 3490 2362 3543 si
2382 3489 2504 3558 quis
2524 3488 2924 3556 dixerit.Quod
2956 3490 3324 3546 abundanter
3342 3494 3392 3546 et
3413 3505 3600 3545 essen-

1953 3577 2162 3633 tialiler
2189 3593 2252 3632 ea
2281 3592 2407 3648 quae
2426 3586 2554 3633 sunt
2573 3578 2865 3649 eﬁ‘ectuum
2884 3582 3016 3633 ante
3045 3579 3375 3634 inexsistant
3394 3580 3599 3634 causis:

1953 3667 2082 3721 ideo
2114 3683 2228 3720 non
2259 3667 2404 3721 bene
2439 3667 2694 3721 dicimus
2727 3666 3090 3722 divinitatem
3123 3668 3311 3722 vivere
3343 3672 3398 3722 et
3429 3666 3601 3721 illus-

1957 3755 2094 3810 trari
2128 3771 2140 3810 :
2175 3754 2295 3809 haec
2327 3754 2480 3809 enim
2523 3755 2691 3810 nobis
2723 3772 2902 3810 causa
2949 3760 3038 3810 est
3087 3755 3313 3810 vivendi
3346 3759 3402 3809 et
3435 3753 3600 3808 illus-

1955 3843 2146 3899 trandi
2173 3842 2612 3911 ;-essentia1iter
2643 3844 2824 3915 igitur
2853 3848 2987 3899 ante
3036 3844 3240 3899 insunt
3283 3841 3600 3912 divinitati,

1956 3950 2080 4001 qua:
2107 3932 2271 3988 nobis
2297 3949 2396 4004 per
2412 3933 2659 4003 gratiam
2683 3950 2696 3987 :
2723 3931 2832 3988 hoc
2856 3932 3011 3988 enim
3045 3933 3340 4005 signiﬁcat
3355 3949 3455 4004 per
3473 3948 3602 4004 par-

1956 4023 2350 4094 ticipationem,
2413 4021 2552 4076 dicit
2584 4021 2740 4077 enim
2772 4021 3091 4094 Apostolus
3125 4039 3138 4076 :
3174 4020 3368 4078 Gratia
3397 4019 3615 4078 saluati

1956 4111 2085 4166 estis
2115 4110 2212 4180 (b),
2234 4114 2290 4165 et
2314 4127 2419 4165 nos
2443 4110 2680 4182 quidem
2701 4110 2912 4166 salvati
2936 4111 3225 4179 dicimur;
3259 4111 3383 4183 ipse
3404 4116 3612 4187 autem

1958 4198 2226 4253 Servatur
2256 4203 2455 4254 noster
2483 4203 2592 4254 est.
2629 4199 2984 4271 Iterumque,
3009 4217 3139 4256 nam
3169 4215 3239 4256 ex
3265 4200 3614 4272 plenitudine

1956 4287 2073 4359 ejus
2102 4303 2198 4343 nos
2231 4303 2416 4344 omnes
2447 4290 2757 4358 accepimus
2786 4289 2878 4360 (c).

2032 4377 2061 4448 §
2090 4375 2188 4432 1X.
2223 4378 2369 4446 Quin
2397 4379 2568 4433 etiam
2615 4377 2673 4433 id
2701 4377 2842 4450 quod
2893 4381 2973 4434 est
3016 4379 3283 4434 universe
3310 4378 3610 4448 theologia.

1959 4465 2331 4537 Theologiam
2363 4471 2534 4523 vocat
2567 4483 2695 4538 quas
2737 4467 3288 4524 inhumanationem
3325 4469 3610 4536 tangunt;

188 4559 308 4611 καθ’
357 4558 518 4627 ἡμᾶς
554 4553 914 4617 θεοπλαστίαν
948 4552 1078 4625 φησὶ
1134 4551 1232 4620 τὴν
1263 4555 1359 4605 τοῦ
1410 4548 1612 4624 Κυρίου
1670 4553 1827 4622 ἰησοῑ

1962 4561 2101 4612 nota
2132 4557 2537 4629 insuper,eum
2568 4574 2775 4613 vocare
2805 4575 2875 4613 ex
2907 4564 3120 4614 natura
3151 4561 3352 4613 nostra
3379 4554 3616 4611 Deiﬂca-

189 4647 500 4722 σὰρκωσιν,
550 4645 726 4696 Ταὖτα
772 4640 907 4695 κατᾶ
937 4643 1305 4713 Νεστοριανῶν
1342 4637 1598 4712 μάλιστα,
1657 4640 1718 4694 τὸ
1767 4640 1853 4693 ἆν-

188 4733 404 4811 ἓρικῶς
443 4732 603 4786 αὐτὸν
649 4730 980 4798 οὖσιωθῆναι
1031 4726 1228 4803 λέγειν·
1263 4726 1364 4804 ὅρα
1420 4723 1476 4782 δὲ
1535 4729 1618 4782 δτι
1668 4728 1726 4782 ἐκ
1753 4732 1860 4783 τῶν

187 4819 549 4901 παρθενικῶν
585 4820 830 4892 αἱμάτων
865 4817 996 4896 φησί
1025 4816 1088 4871 τὸ
1120 4821 1279 4889 σῶμα
1304 4820 1401 4870 τοῦ
1423 4816 1628 4891 Κυρίου
1678 4818 1858 4887 Ἰησοῦ

187 4899 634 4979 διαπλασθῆναι·
692 4906 1008 4978 Σημείωσαι
1062 4903 1139 4975 δὲ,
1183 4909 1299 4968 πῶς
1355 4926 1507 4982 φησι,
1556 4899 1861 4981 πρεσϐυτᾶ-

185 5021 318 5063 τους
372 4997 648 5074 ἀγγέλους
699 4994 831 5050 εἶναί
860 5015 1032 5067 τινας,
1080 4995 1166 5048 καὶ
1218 4998 1436 5068 πρῶτον
1494 4991 1681 5048 ωὗτῶν
1741 5015 1862 5050 τινα

205 5091 234 5113 τ
449 5088 466 5117 ι
589 5084 630 5104 M
919 5078 940 5100 ι’
1047 5105 1067 5116 ρ
1106 5083 1119 5104 ν
1203 5083 1222 5113 ι
1419 5083 1431 5100 ο
1541 5088 1564 5098 η-
1679 5085 1692 5104 ,
1786 5083 1796 5102 ρ

185 5112 352 5146 ειναι.
391 5096 553 5163 Λιγει
586 5103 643 5141 οε
672 5079 1066 5160 πρεσϐυτερου,
1097 5081 1361 5157 αγγελους
1413 5103 1439 5136 o
1481 5093 1623 5146 θειος
1697 5088 1859 5141 Ιωαν-

185 5202 290 5250 νης
317 5181 379 5234 ἐν
537 5172 934 5247 Ἀποκαλῦψειο
969 5172 1057 5227 καὶ
1106 5172 1240 5227 ἑπτὰ
1271 5174 1406 5228 εἶναι
1437 5171 1564 5235 τοὺς
1609 5174 1861 5247 πρώτους

258 5355 345 5426 (τῙ
381 5351 605 5423 Ephes.
639 5366 727 5421 ιιι,
759 5349 846 5404 15.
950 5345 1028 5420 (a)
1058 5347 1230 5404 Joan.
1262 5363 1401 5418 xvu,
1430 5347 1485 5402 6.

1563 5347 1638 5419 (b)
1670 5348 1880 5421 Ephes.
1911 5361 1975 5419 ιι,
2004 5351 2059 5406 8.

1963 4645 2183 4701 tionem
2225 4645 2453 4702 Domini
2500 4645 2642 4702 Jesu
2693 4646 3182 4703 incarnationem.
3215 4648 3343 4700 Haec
3363 4644 3618 4700 maxime

1970 4737 2172 4789 contra
2218 4734 2599 4790 Nestorianos
2622 4734 3038 4806 dicere,ipsum
3063 4738 3128 4790 ut
3148 4731 3446 4790 hominem
3473 4731 3620 4788 sub—

1971 4823 2248 4879 stantiam
2299 4823 2638 4895 accepisse:
2674 4824 2938 4894 observa,
2990 4839 3124 4879 eum
3166 4822 3356 4878 dicere
3404 4835 3617 4892 corpus

1975 4911 2199 4968 Domini
2247 4912 2410 4981 Jesu,
2466 4929 2535 4968 ex
2580 4913 2839 4984 virgineo
2887 4913 3254 4968 efl‘ormatum
3307 4909 3617 4982 sanguine.

1970 5000 2118 5056 Nota
2151 5002 2643 5072 porro,quomodo
2675 5001 2833 5056 dicat
2865 5018 2876 5055 :
2912 4999 3197 5071 quosdam
3228 5015 3353 5055 esse
3379 4997 3620 5070 angelos

1970 5090 2376 5160 dignissimos,
2408 5090 2786 5162 primumque
2814 5087 3048 5143 illorum
3101 5088 3419 5160 quemdam
3470 5101 3620 5143 esse.

1972 5182 2255 5236 Recenset
2286 5183 2481 5234 autem
2513 5177 2749 5234 divinus
2777 5177 3036 5233 Joannes
3063 5177 3120 5232 in
3152 5176 3500 5250 Apocalypsi
3531 5175 3626 5233 di-

2134 5350 2208 5422 (ο)
2237 5350 2406 5406 Joan.
2439 5367 2480 5418 ι,
2512 5349 2602 5407 46.

1233 5515 1473 5574 VARI/E
1514 5517 1904 5578 LECTIONES
1943 5520 2030 5577 ET
2067 5518 2622 5576 CORRECTIONES.
2699 5473 2708 5481 ’

258 5640 312 5690 ιίο
343 5669 450 5726 γρ.
480 5645 636 5704 αΰτοῖ
670 5644 923 5720 μεθικτοὶ
954 5643 1013 5700 ἐκ
1038 5642 1236 5700 τούτου
1264 5643 1571 5722 γενόμενοι.
