4000 6200
431 341 536 394 227
1251 336 1616 391 APPENDIX
1652 337 1749 389 AD
1785 334 2026 390 OPERA
2062 335 2121 386 Β.
2163 331 2476 389 DIONYSII
2517 335 3016 392 ABEOPAGITE.
3739 334 3835 389 228

425 463 743 537 gnissimos
773 461 1031 534 angelos,
1065 463 1122 515 et
1152 462 1379 531 septem
1411 473 1542 516 esse
1573 456 1795 530 primos
1823 455 1996 529 legim

2276 458 2352 526 τῷ
2381 449 2564 528 Τωϐία
2597 455 2928 531 ἀνέγνωμεν,
2974 453 3064 510 καὶ
3123 453 3271 531 παρᾶ
3317 455 3606 529 Κλήμεντι
3640 451 3838 533 βιϐλίῳ

425 554 486 608 in
516 552 716 619 Tobia,
749 558 926 623 atque
955 549 1110 621 apud
1142 548 1501 604 Clementem
1548 547 1699 602 libro
1725 545 1930 617 quinto
1963 545 2005 600 Η

2276 548 2382 598 τῶν
2461 545 2889 600 Ὑποτυπώσεων
2922 589 2936 603 .
2999 539 3410 619 Πρεσϐυτάτους
3466 541 3524 600 δὲ
3579 544 3839 622 ἀγγέλους

422 640 937 716 potyposcon.Solet
961 642 1158 694 autem
1181 636 1566 709 dignissimos
1587 636 1829 708 angelos
1851 649 2002 690 vooai

2258 633 2340 687 υθε
2394 633 2604 702 καλεῖν,
2661 636 2757 697 τὰς
2813 632 3073 689 ἀνωτάτω
3129 639 3276 707 τρεῖς
3333 633 3529 706 τάξεις,
3591 635 3838 710 θρόνους,

427 747 739 805 supremos
767 734 886 785 tres
918 727 1174 798 ordines,
1215 726 1481 792 thronos,
1515 723 1836 796 seraphim,
1869 723 2006 778 cher

2258 721 2443 796 παφὶμ,
2477 717 2773 798 χερουϐἰμ,
2807 724 2881 784 ὡς
2912 719 3081 794 δηλοῖ
3107 721 3160 777 ἐν
3184 727 3264 794 τῷ
3294 721 3428 798 Περέ
3455 729 3556 794 τῆς
3585 723 3838 801 οὐρανίας

429 820 571 888 him,
605 819 757 876 sicut
803 817 1063 874 declarat
1107 817 1440 888 frequenter
1469 813 1531 869 in
1580 812 1731 870 libro
1762 813 1838 868 De
1865 809 2009 866 certe.

2254 810 2470 885 ›αρχίας
2501 809 2656 886 λόγῳ
2686 809 2986 874 πολλάκιςο
3021 811 3156 889 φησὶ
3187 809 3245 866 δὲ
3275 810 3524 880 ἐνταῦθα,
3589 815 3734 885 μήτε
3761 818 3834 886 τῷ

428 905 744 964 hierarchia
775 923 796 962 :
826 905 965 960 dicit
995 907 1192 959 autem
1245 902 1353 958 hoc
1398 901 1548 971 loco,
1597 917 1788 973 neque
1817 899 2008 972 primu

2263 898 2474 972 ωτίοτῳ
2501 903 2609 954 τῶν
2635 897 2880 975 ἀγγέλων
2911 898 3125 978 ἐφικτὸν
3178 901 3313 956 εἶναι
3341 902 3433 957 τὸν
3481 902 3687 976 τρόπον
3746 909 3838 972 τῆς

427 995 770 1068 angelorum
811 994 960 1049 117
996 991 1234 1063 assequi
1283 1006 1456 1064 posse
1507 989 1748 1046 modum
1799 988 2005 1044 inhum

1079 991 1234 1063 sequi
1283 1006 1456 1064 posse
1507 989 1748 1046 modum
1799 988 2073 1044 inhuma-
2183 983 2659 1062 ὶνανθρωπήσεως.

428 1084 704 1141 nationis.

497 1175 561 1229 Et
583 1173 650 1228 ab
679 1171 909 1242 inclyta,
944 1170 1040 1226 Gr.
1074 1167 1164 1222 καὶ
1192 1171 1274 1238 τῷ
1301 1163 1522 1237 κλεινῷ.
1558 1165 1843 1222 Glorioso.

1419 1168 1522 1237 νῷ.
1558 1165 1843 1222 Glorioso.
2253 1164 2358 1220 Καὶ
2385 1169 2465 1237 τῷ
2492 1163 2713 1238 κλεινῷ.
2739 1161 2999 1238 Ἐνὸόξῳ.

495 1264 854 1333 Praeceptoris.
923 1259 1344 1330 Praeceptorem
1414 1255 1741 1327 proprium,
1803 1257 2074 1310 sanctum

2258 1252 2620 1331 Καθηγεμόνι.
2679 1255 3044 1329 Καθηγεμόνα
3069 1254 3291 1322 οἰκεῖον,
3347 1255 3440 1310 τὸν
3489 1256 3639 1332 ἅγιον
3661 1261 3704 1296 ﬂ
3754 1259 3838 1317 Ἱε.

424 1350 798 1408 Hierotheum
824 1347 1430 1417 insinuat,sicut,mox
1454 1344 1711 1400 declarat
1743 1360 1757 1398 :
1785 1343 2004 1414 siquide

2258 1345 2372 1398 θεον
2426 1341 2738 1411 αἰνίττεται,
2801 1343 2874 1406 ὡς
2933 1342 3092 1408 εὐθὺς
3145 1340 3346 1414 δηλοῖ”
3407 1345 3542 1417 μετὰ
3591 1346 3700 1423 γὰρ
3749 1346 3838 1402 τὸν

424 1443 558 1512 post
586 1442 859 1494 sanctum
891 1435 1137 1492 Paulum
1167 1435 1240 1490 ab
1271 1435 1382 1489 hoc
1406 1433 1648 1504 adjutus
1668 1436 1758 1488 est
1781 1452 1795 1501 ;
1821 1431 2004 1487 dicite

2256 1431 2396 1488 ιῦλον
2445 1431 2504 1487 ἐκ
2531 1432 2726 1487 τούτου
2760 1431 3046 1510 ὠφελήθη⁸
3079 1431 3230 1508 λέγει
3279 1429 3336 1488 δὲ
3392 1431 3476 1488 ὅτι
3535 1431 3672 1497 ἴσως
3734 1458 3836 1491 πα-

424 1535 539 1585 tem
574 1528 731 1600 quod
764 1525 1033 1581 fortassis
1063 1528 1338 1596 expertus
1369 1522 1466 1578 ille
1498 1520 1801 1589 divina,ita
1821 1521 2004 1592 inspir

2256 1543 2290 1576 »ν
2317 1522 2383 1577 τὰ
2413 1526 2529 1586 θεῖα
2558 1521 2780 1590 ἐκεῖνος,
2824 1521 2996 1584 οὕτως
3054 1519 3400 1592 ἐνεπνεύσθηο
3468 1522 3522 1578 τί
3581 1520 3640 1579 δέ
3698 1525 3836 1581 ἐστιν

421 1622 518 1673 tus
550 1617 664 1685 sit;
697 1615 838 1686 quid
862 1630 1033 1686 porro
1057 1613 1134 1669 sit
1162 1629 1271 1668 non
1297 1616 1513 1667 tantum
1543 1609 1878 1677 edoctus,sed
1907 1611 2001 1666 etin

2283 1609 2447 1684 μόνον
2493 1610 2702 1683 μαθὼν,
2761 1608 3025 1666 ἀλλὰκαὶ
3054 1610 3265 1681 παθὼν,
3325 1607 3536 1684 ε’ίρηται
3591 1613 3688 1686 μὲν
3742 1612 3838 1670 οὖν

422 1704 923 1778 cxpertus,dicitur
946 1702 1183 1775 quidem
1204 1702 1263 1755 in
1295 1701 1557 1770 Epistola
1579 1701 1651 1755 ad
1681 1699 1953 1754 Hebraeos
1971 1698 2002 1769 (ι

2256 1700 2270 1753 ἰ
2298 1699 2348 1754 ἐν
2370 1703 2438 1773 τῇ
2468 1699 2602 1773 πρὸς
2626 1694 2933 1774 Ἑϐραίους·
2967 1699 3172 1772 Ἐμαθε
3191 1698 3293 1775 γὰρ
3321 1700 3410 1777 ἀφ’
3441 1701 3515 1755 ὧν
3543 1696 3709 1756 ἔπαθε
3738 1703 3836 1771 τήν

424 1793 641 1850 Didicit
658 1808 728 1848 ea.
749 1793 830 1848 eis
849 1805 974 1862 quae
992 1804 1183 1862 passus
1206 1796 1284 1843 est
1309 1786 1771 1842 obedientiam.ls
1793 1785 1950 1840 enim
1974 1801 2004 1856 q

2260 1791 2450 1859 ακοήν.
2509 1789 2568 1842 Ὀ
2615 1788 2717 1864 γὰρ
2750 1787 2933 1852 παθὼν
2961 1788 3123 1863 πείρᾳ
3151 1783 3420 1890 λαμϐάνει
3465 1790 3530 1844 τὸ
3586 1787 3840 1846 διδασκό-

424 1881 667 1954 patitur,
701 1878 1058 1954 experientia
1087 1876 1242 1949 capit
1273 1877 1428 1947 quod
1469 1876 1730 1945 docetur,
1759 1873 1941 1930 veluti
1971 1890 2004 1944 q

2258 1899 2344 1935 vov
2365 1881 2432 1946 ¹²,
2465 1880 2578 1933 οἷον
2614 1879 2642 1932 6
2674 1877 3010 1951 τυπτόμενος
3044 1874 3259 1950 μᾶλλον
3289 1882 3387 1933 τοῦ
3446 1879 3610 1952 μόνον
3668 1878 3838 1934 ἁκού-

421 1968 1006 2036 verberatur,melius
1034 1983 1100 2023 eo
1131 1965 1232 2038 qui
1248 1969 1480 2020 tantum
1512 1963 1740 2022 audivit
1770 1979 1783 2019 :
1819 1979 1934 2019 non
1959 1978 2001 2017 α

2259 1988 2391 2030 ντος·
2425 1963 2486 2021 οὓ
2522 1969 2630 2040 μὴν
2661 1965 2749 2021 καὶ
2780 1967 3209 2037 τυπτηθὲνιιτος1³
3237 1967 3391 2035 ποτὲ,
3421 1967 3507 2028 τίς
3563 1968 3592 2022 6
3651 1973 3839 2024 τοιοῦ-

423 2059 539 2116 lius
570 2057 767 2130 eo,qui
799 2056 1117 2128 aliquando
1143 2055 1484 2111 verberatus
1515 2053 1646 2120 fuit,
1679 2053 1814 2124 quis
1833 2051 2003 2107 talis]

2256 2077 2270 2118 :
2327 2056 2494 2120 πόνος
2540 2056 2831 2131 γινώσκει,
2876 2057 2966 2110 καὶ
3026 2053 3243 2128 μᾶλλον
3299 2052 3360 2110 ἂν
3414 2059 3836 2131 παραστήσειεν,

423 2150 530 2205 bor
559 2149 656 2218 sit,
687 2146 1008 2218 cognoscit,
1041 2143 1346 2214 multoque
1387 2143 1576 2214 magis
1609 2145 2003 2214 repraesentare

2259 2145 2368 2200 οῖόν
2419 2143 2529 2200 ιστι
2578 2147 2640 2199 τὸ
2689 2141 2878 2221 ἄλγος·
2929 2142 3073 2199 οὕτω
3120 2145 3210 2199 καὶ
3243 2145 3271 2198 6
3304 2141 3374 2198 δι’
3433 2145 3839 2220 ἀποκαλύψεως

423 2237 615 2310 qualis
647 2237 724 2292 sit
750 2235 952 2303 dolor;
988 2235 1069 2289 ita
1125 2249 1360 2304 quoque
1393 2231 1494 2304 qui
1526 2247 1629 2303 per
1658 2230 2003 2286 revelatione

2261 2234 2508 2308 ούμενος,
2567 2235 2834 2310 θειότερον
2895 2231 3213 2306 ἑρμηνεύσει
3243 2233 3311 2287 τὰ
3353 2234 3490 2292 θεῖα.
3525 2234 3598 2289 Τὸ
3646 2231 3707 2288 δὲ
3736 2255 3841 2290 πα-

426 2329 692 2394 docetur,
726 2327 924 2381 divina
955 2321 1759 2392 diviniusinterpretabitur;
1793 2318 1912 2392 pati
1937 2335 2003 2373 ve

2254 2328 2289 2377 ἰν
2335 2324 2403 2378 τὰ
2430 2325 2544 2377 θεῖα
2581 2321 2828 2377 τοιοῦτόν
2889 2319 3053 2376 ἐστιν·
3115 2318 3432 2397 ε’ίρηταιτῷ
3484 2321 3834 2395 Ἀποστόλῳ”

422 2415 759 2483 divina,tale
788 2417 916 2482 est;
951 2412 1097 2467 dixit
1121 2411 1439 2481 Apostolus
1475 2427 1488 2466 :
1523 2407 1993 2480 Consepultisim

2259 2417 2543 2488 νταφῶμεν
2573 2416 2652 2483 τῷ
2684 2415 2923 2487 Χριστῷ,
2951 2408 3044 2466 ’ίνα
3072 2409 3162 2465 καὶ
3213 2416 3625 2484 συναναστῶμεν
3679 2412 3836 2485 αὐτῷ

421 2505 743 2575 Christo,ut
763 2519 895 2560 cum
912 2501 1012 2557 illo
1035 2515 1416 2572 resurgamus
1435 2503 1492 2554 et
1512 2513 1940 2569 conregnemus
1961 2497 2001 2568 (ε

2255 2496 2837 2574 ἰσυμϐασιλεύσωμεν”
2893 2500 2921 2556 6
2953 2497 3011 2554 δὶ
3069 2503 3313 2576 σταυρῶν
3347 2500 3532 2554 ἑαυτὸν
3582 2499 3676 2555 καὶ
3736 2503 3835 2571 τὴν

421 2595 522 2668 qui
556 2599 752 2650 autem
785 2592 1044 2663 seipsum
1079 2605 1436 2659 carnemque
1475 2604 1645 2643 suam
1679 2585 1987 2657 crucifigit,

2256 2593 2367 2644 ιτοῦ
2399 2587 2590 2665 σάρκα,
2647 2587 2807 2650 αὐτὸς
2838 2588 2905 2643 τὰ
2953 2589 3224 2662 στίγματα
3250 2593 3348 2643 τοῦ
3381 2593 3613 2663 Χριστοῦ
3669 2589 3725 2644 ἔν
3757 2595 3836 2662 τῷ

422 2684 704 2756 stigmata
724 2679 938 2738 Christi
961 2679 1018 2734 in
1045 2677 1276 2751 proprio
1295 2693 1535 2748 corpore
1564 2675 1918 2731 circumfert.
1952 2673 2002 2728 M

2249 2678 2364 2750 ιείῳ
2393 2677 2604 2751 σώματι
2630 2675 3164 2755 περιφέρειέἲκότως
3191 2677 3282 2731 οὗν
3313 2678 3401 2731 καὶ
3435 2671 3829 2750 συμϐασιλεύει

422 2773 535 2828 rito
551 2771 734 2844 igitur
750 2769 925 2824 etiam
949 2775 1265 2839 conregnal
1284 2765 1535 2832 Christo,
1559 2765 1850 2834 audetque
1875 2761 2002 2817 divi1

2253 2796 2256 2814 ι
2303 2769 2542 2841 Χριστῷ,
2591 2765 2681 2820 καὶ
2725 2767 2794 2820 τὰ
2838 2767 2957 2820 θεῖα
2993 2765 3160 2820 αὐτοῦ
3208 2764 3482 2842 θαρῥεῖται
3533 2767 3833 2842 μυστήρια,

421 2862 551 2932 ejus
583 2859 857 2929 mysteria
885 2855 1286 2926 contemplari,
1321 2854 1557 2926 quando
1583 2857 1640 2908 et
1661 2856 1905 2907 sanctus
1934 2851 2001 2904 Hi

2252 2877 2301 2910 κν
2330 2855 2420 2911 καὶ
2455 2857 2482 2910 6
2513 2851 2663 2931 ἅγιος
2694 2854 2954 2929 Ἱερόθεος
3001 2851 3211 2930 λέγεται
3259 2855 3336 2927 μὴ
3391 2853 3559 2927 μόνον
3615 2857 3832 2928 μαθεῖν,

421 2950 662 3006 rotheus
687 2947 904 3004 dicitur
924 2963 1037 3001 non
1056 2944 1246 3000 solum
1264 2942 1565 3011 didicisse,
1594 2942 1694 2996 sed
1726 2941 1901 2995 etiam
1935 2957 2001 3011 pa

2258 2943 2324 2999 λὰ
2351 2941 2440 2999 καί
2470 2948 2660 3007 παθεῖν
2690 2943 2755 2998 τὰ
2772 2949 2906 3008 θεῖαο
2935 2942 3026 2998 καὶ
3053 2943 3082 2998 6
3113 2940 3184 2998 δι’
3203 2942 3601 3018 ἀποκαλύψεως
3626 2943 3698 2998 τὰ
3720 2950 3838 3008 θεῖα

421 3057 525 3096 sus
556 3054 684 3095 esse
716 3032 1203 3105 divina:atqueis
1219 3029 1858 3104 quiperrevelationem
1876 3029 2001 3083 divi:

2258 3033 2508 3106 ούμενος,
2533 3031 2797 3102 ἐξίσταται
2829 3033 3040 3102 ἑαυτοῦ,
3067 3032 3157 3086 καὶ
3184 3030 3369 3093 καλῶς
3400 3030 3616 3106 λέγεται
3641 3038 3836 3097 παθεῖν

423 3129 854 3198 docetur,extra
883 3123 1144 3194 seipsum
1179 3119 1650 3187 constituitur,ac
1681 3123 1834 3172 recte
1855 3117 2003 3172 dicit:

2267 3120 2543 3199 ἐπωφελὶς
2589 3126 2748 3176 τοῦτο
2792 3120 2982 3191 πάθος,
3025 3117 3118 3175 ἵνα
3159 3124 3290 3175 Θεοῦ
3321 3119 3543 3194 γένηται
3584 3123 3837 3195 καταγώ-

423 3217 541 3290 pati
558 3190 760 3271 utilem
785 3215 931 3269 hanc
953 3190 1426 3283 passionnemmt
1442 3208 1544 3262 ﬁat
1562 3207 1663 3262 Dei
1678 3205 2003 3262 domiciliur

2260 3233 2314 3266 ιν.
2348 3190 2596 3272 ⁹’Ᾰλλως.
2632 3215 2825 3274 Μαθεῖν
2854 3208 3013 3264 αὐτὸν
3041 3204 3141 3287 ἔφη
3169 3210 3238 3264 τὰ
3267 3190 3406 3277 θεῖα,
3440 3208 3514 3271 ὡς
3567 3210 3632 3264 ού
3679 3190 3840 3264 διδα-

417 3305 619 3362 Aliter.
654 3302 809 3359 Dixit
839 3302 1032 3372 ipsum
1067 3314 1308 3371 passum
1334 3295 1724 3367 divina,quasi
1757 3295 1912 3350 dicat
1933 3311 1997 3350 eu

2258 3305 2316 3361 ὗς
2360 3297 2450 3355 διὰ
2504 3298 2672 3374 λόγου
2726 3299 2825 3368 τὴν
2879 3300 3004 3374 περὶ
3056 3297 3275 3353 τούτων
3329 3295 3573 3369 δέξασθαι
3632 3299 3838 3371 μύησιν

420 3412 535 3451 non
561 3391 877 3464 disciplina
894 3406 998 3462 per
1018 3402 1348 3445 sermonem
1371 3385 1580 3440 horum
1611 3389 1948 3440 assecutum
1973 3385 2000 3440 d

2252 3410 2379 3464 γων,
2400 3386 2546 3443 ἀλλὰ
2568 3391 2636 3461 τῇ
2667 3386 2780 3459 θείᾳ
2809 3386 3078 3462 ἐκλάμψει
3141 3386 3535 3454 ἐντυπωθῆναι,
3584 3387 3679 3441 καὶ
3711 3390 3832 3443 οἷον

425 3483 672 3540 ctrinam
700 3499 714 3550 ;
749 3480 848 3537 sed
873 3478 1070 3535 divina
1111 3475 1506 3532 illustratione
1526 3475 1878 3546 impressam
1901 3478 2005 3529 etv

2252 3484 2577 3550 πημανθῆναι
2633 3480 2701 3550 τῇ
2736 3474 2948 3548 διανοίᾳ
2974 3477 3074 3545 τήν
3105 3480 3306 3551 γνῶσιν
3337 3480 3446 3531 τῶν
3477 3475 3609 3551 ὑπὲρ
3643 3476 3832 3552 φύσιν,

421 3573 528 3628 luti
558 3569 902 3642 insignitam
935 3568 993 3622 in
1026 3569 1218 3622 mente
1251 3562 1755 3636 supernaturalem
1788 3562 1998 3618 habuis

2252 3567 2261 3620 ἰ
2291 3568 2390 3635 τὴν
2410 3569 2454 3601 ¹⁶
2477 3564 2733 3634 τοιαύτην
2755 3569 2862 3619 τῶν
2897 3565 3183 3642 θειοτέρων
3235 3564 3432 3638 μύησιν
3486 3563 3832 3638 συμπάθειαν

419 3661 836 3735 cognitionem,
880 3657 1174 3728 talemque
1223 3652 1579 3709 diviniorum
1629 3652 1999 3709 institutione

1447 3669 1579 3708 rum
1629 3652 2063 3709 institutionem
2174 3652 2445 3727 ἐκάλεσεν,
2471 3651 2637 3730 ἤγουν
2671 3651 3027 3711 συνδιάθεσιν.

416 3753 845 3825 compassionem
879 3747 1123 3813 vocavit,
1159 3761 1259 3801 seu
1291 3743 1758 3800 consensionem.

487 3849 782 3918 §X.Causa
798 3844 1282 3902 omnium.Divina
1301 3843 1418 3898 haec
1432 3843 1607 3897 verba
1621 3846 2059 3913 repraesentant,

2249 3852 2270 3917 ξ
2300 3852 2364 3903 Χ.
2396 3846 2458 3899 Ἡ
2516 3843 2730 3899 πάντων
2763 3842 2928 3902 αἰτία.
2955 3844 3028 3898 Τὰ
3059 3847 3176 3908 θεῖα
3201 3847 3370 3899 ταῦτα
3397 3841 3696 3918 παρίστησι
3727 3841 3829 3918 ῥή-

417 3956 528 4010 quo
575 3938 747 3993 modo
781 3941 838 3991 et
883 3934 1062 3990 Filius
1111 3933 1171 3988 in
1224 3931 1423 3988 omnia
1467 3931 1764 4001 omnibus,
1797 3936 1854 3986 et
1886 3947 1990 4004 cap

2251 3955 2334 4006 τα,
2361 3937 2480 3997 πῶς
2507 3932 2596 3987 καὶ
2628 3934 2656 3987 6
2688 3933 2810 3994 Υἱὸς
2859 3933 2926 3986 τὰ
2974 3933 3148 3988 πάντα
3179 3932 3230 3987 ἐν
3264 3937 3417 4002 πᾶσι,
3467 3931 3557 3987 καὶ
3606 3930 3827 4010 κεφαλῆ

415 4027 679 4083 omnium
712 4024 1036 4080 secundum
1058 4020 1399 4093 Apostolum
1432 4023 1591 4090 (Ι),αο
1609 4019 1750 4075 dicit
1777 4036 1905 4075 esse
1936 4037 1995 4074 or

2248 4044 2380 4077 ντων
2423 4022 2559 4077 κατὰ
2586 4020 2677 4076 τὸν
2727 4019 3082 4078 Ἀπόστολον·
3137 4021 3226 4076 καὶ
3270 4043 3455 4099 φησιν,
3489 4021 3571 4076 ὅτι
3605 4020 3828 4076 πάντων

414 4115 577 4171 nium
613 4112 1039 4185 plenitudinem
1071 4115 1128 4165 et
1157 4125 1523 4181 compagem,
1554 4113 1954 4165 creaturarum
1975 4127 1994 4164 ε

2248 4113 2277 4165 τὶ
2308 4111 2591 4186 πλήρωμα
2636 4109 2725 4164 καὶ
2783 4109 3071 4186 συνοχεὺς.
3127 4111 3228 4178 τήν
3289 4107 3678 4185 ἀλληλουχίαν
3712 4113 3828 4164 τῶν

415 4203 560 4259 riem
593 4197 1182 4271 constringentem,id
1214 4206 1296 4253 est
1329 4202 1524 4269 partes
1555 4214 1688 4252 cum
1723 4201 1989 4268 toto,utq

2252 4199 2672 4274 αιουργημάτων
2733 4198 3060 4275 συσφίγγων,
3135 4199 3375 4254 τουτέστι
3435 4200 3500 4253 τὰ
3552 4199 3693 4271 μέρη
3745 4201 3832 4268 τῷ

414 4298 500 4348 est
518 4290 716 4348 omnia
734 4307 748 4358 ;
763 4304 899 4360 ergo
920 4286 1081 4343 velut
1103 4285 1359 4342 universi
1381 4289 1901 4358 coagmentator,et
1920 4303 1994 4357 pa

2250 4291 2343 4358 ντὶ,
2376 4289 2450 4351 ὡς
2475 4289 2537 4343 τὸ
2563 4294 2664 4342 πᾶν
2699 4287 2795 4343 ὤν’
2827 4288 2902 4350 ὡς
2948 4293 3044 4343 τοῦ
3089 4289 3285 4350 παντὸς
3319 4287 3411 4342 οὗν
3462 4284 3830 4362 συναγωγεὺς,

412 4380 643 4445 merito,
675 4377 954 4451 quoniam
987 4394 1122 4450 pars
1153 4376 1345 4433 omnis
1368 4380 1457 4432 est
1485 4374 1669 4430 totius
1702 4390 1931 4445 pars,ac
1954 4393 1989 4429 n

2244 4380 2252 4432 ἱ
2287 4380 2448 4452 μέρος
2481 4376 2728 4446 εἰκότως,
2761 4375 2948 4446 ἐπειδὴ
2981 4376 3070 4431 καὶ
3121 4381 3224 4431 πᾶν
3263 4374 3426 4452 μέρος
3458 4379 3553 4430 τοῦ
3620 4373 3824 4437 παντός

413 4487 527 4544 que
559 4473 770 4540 totum,
803 4483 991 4538 neque
1021 4483 1177 4537 pars,
1210 4468 1275 4520 ut
1312 4464 1411 4536 qui
1463 4463 1608 4518 nihil
1668 4463 1916 4528 horum;
1951 4481 1993 4520 St

2245 4489 2274 4521 τι
2310 4467 2492 4542 μέρος,
2543 4465 2634 4521 καὶ
2668 4463 2791 4521 οὔτε
2813 4471 2943 4538 πᾶν,
3007 4462 3134 4521 οὔτε
3195 4464 3380 4542 μέρος,
3415 4465 3490 4526 ὡς
3541 4460 3712 4537 μηδὲν
3745 4461 3825 4517 ὢν

412 4576 592 4631 supra
621 4572 858 4614 omnem
911 4554 1500 4625 essentiam;partes
1551 4555 1747 4606 autem
1797 4551 1992 4608 univer

2273 4555 2469 4627 αὐτῶν,
2527 4554 2673 4610 ἀλλὰ
2728 4553 2819 4610 καὶ
2882 4555 3015 4631 ὑπὲρ
3061 4560 3234 4609 πᾶσαν
3291 4553 3497 4608 ούσίαψ
3561 4552 3702 4629 μέρη
3765 4547 3830 4606 δὲ

412 4649 618 4704 mundi
647 4651 786 4703 sunt
807 4661 934 4716 quae
965 4644 1291 4700 secundum
1315 4641 1467 4695 “8
1495 4639 1750 4710 speciem
1782 4640 1992 4698 videnti

2244 4667 2300 4700 ου
2327 4649 2423 4700 τοῦ
2449 4644 2661 4717 κόσμου
2708 4643 2811 4698 είσὶ
2841 4645 2908 4699 τὰ
2930 4645 3050 4698 κατ’
3083 4641 3223 4705 εἶδος
3256 4642 3533 4715 ὁρώμενα,
3566 4641 3696 4716 ἀὴρ,
3747 4647 3824 4714 γῆ

412 4755 530 4806 aer,
561 4734 954 4806 terra,plautaa
986 4736 1043 4788 et
1072 4731 1317 4802 reliqua,
1365 4733 1572 4801 estque
1600 4729 1776 4784 veluti
1806 4733 1992 4801 perfec

2242 4733 2322 4803 τὰ,
2355 4731 2443 4787 καὶ
2473 4733 2540 4787 τὰ
2570 4730 2756 4788 λοιπά·
2807 4731 2897 4786 καὶ
2929 4726 3042 4786 ἔστι
3077 4731 3173 4804 μὲν
3214 4731 3303 4785 οἷά
3348 4751 3430 4791 τις
3480 4728 3665 4784 τελεία
3725 4728 3822 4784 λε-

410 4828 631 4898 aliqua,
665 4841 790 4896 quae
821 4823 952 4892 ejus
985 4820 1204 4874 dicitur
1235 4818 1516 4873 divinitas
1548 4822 1811 4889 respectu
1847 4826 1990 4876 nosti

2246 4825 2366 4892 ,ιένη
2399 4825 2433 4892 ἠ
2467 4822 2631 4877 αὐτοῦ
2663 4821 2877 4892 θειότης,
2911 4822 2984 4883 ὡς
3028 4819 3166 4898 πρὸς
3197 4822 3350 4890 ἡμᾶς
3395 4817 3523 4881 τοὺς
3583 4815 3826 4880 ἀτελεῖς*

410 4915 510 4986 qui
541 4911 868 4985 imperfecti
921 4925 1147 4965 sumus.
1187 4906 1349 4962 Sicut
1379 4906 1532 4978 apud
1565 4906 1905 4964 Matthaeum
1937 4911 1990 4982 (g

2301 4911 2445 4983 παρὰ
2517 4911 2814 4983 Ματθαίῳο
2873 4909 3089 4965 Τὲλειοι
3142 4910 3376 4986 γίνεσθε,
3435 4907 3518 4963 ὅτι
3570 4905 3678 4984 ἐγὼ
3733 4907 3826 4962 τὲ-

407 5005 649 5077 Per/acti
673 5005 860 5072 estote,
895 5001 1025 5071 quia
1053 5013 1149 5067 ego
1181 4998 1452 5069 perfectus
1479 5012 1622 5066 sum,
1646 5003 1916 5069 respectu
1949 5018 1981 5056 a

2251 5000 2310 5065 ός
2365 5000 2500 5073 εἶμι·
2525 5000 2659 5074 πρὸς
2684 4995 2741 5053 δὲ
2770 4997 3038 5075 ἀγγέλους
3062 4997 3195 5060 τοὺς
3226 4995 3470 5058 τελείους
3519 4995 3584 5050 οὗ
3607 4994 3825 5056 τέλειος

478 5159 556 5231 (d)
587 5157 723 5227 Cap,
755 5174 810 5225 ν,
839 5173 895 5212 v.
927 5157 980 5210 8.
1060 5154 1132 5226 (ε)
1163 5153 1244 5209 Ex
1269 5151 1448 5208 variis
1478 5149 1870 5222 Epistolarum
1902 5159 1958 5211 S.
1994 5159 2058 5214 Pa

2008 5158 2154 5214 Pauli
2183 5157 2348 5214 locis.
2426 5158 2492 5229 (Γ)
2522 5154 2744 5212 Coloss.
2780 5171 2842 5224 ιι,
2879 5155 2965 5210 10.
3043 5153 3120 5226 (g)
3151 5155 3289 5226 Cap.
3321 5169 3374 5225 v,
3405 5169 3461 5209 ν.
3497 5152 3588 5208 48.

1433 5302 1673 5358 VARle
1711 5304 2102 5368 LECTIONES
2142 5310 2226 5365 ET
2266 5305 2815 5366 CORRECTIONES.

483 5438 528 5473 ¹¹
557 5453 644 5508 γρ.
677 5433 837 5508 θεῖον,
862 5500 883 5508 _
915 5427 1040 5508 ξῖτί
1071 5426 1128 5484 δὲ
1153 5427 1270 5508 ἐστι
1297 5433 1486 5508 παθεῖν
1518 5427 1583 5508 τά
1610 5428 1746 5508 θεῖα,
1781 5429 2032 5508 εἰσόμεθα
2065 5431 2124 5487 ἐκ
2177 5437 2286 5508 τοῦ,
2322 5431 2634 5508 εἰρημένου·
2695 5426 2860 5508 ἔμαθε
2915 5431 3016 5506 γὰρ
3071 5430 3158 5507 ἀφ’
3222 5429 3297 5484 ὧν
3355 5422 3573 5508 ἔπαθενο
3634 5429 3663 5482 6
3719 5426 3826 5503 γὰρ

409 5494 611 5589 negti)?"
651 5499 1163 5589 ?teiquSLBc'wxemt
1220 5501 1283 5555 τὸ
1335 5494 1814 5589 προϐαλλόμενονἶ
1873 5494 1989 5574 Qui.

2245 5494 3077 5589 sitputi'_divipa,_hovimu§'ex
3120 5494 3189 5559 ἐο
3221 5503 3366 5589 quod
3419 5502 3630 5589 dictum
3689 5494 3825 5556 eét':

415 5605 436 5631 ει
481 5578 685 5636 Didicit
714 5573 878 5634 eisiis
927 5588 1051 5647 quae
1105 5589 1300 5646 passu:
1351 5573 1469 5629 est:
1505 5595 1532 5623 ››
1583 5573 1678 5645 qui
1719 5575 1871 5630 enim
1894 5573 1988 5647 pa;

408 5649 614 5713 θέντος.
694 5649 739 5687 ιδ
767 5667 857 5725 γρ.
883 5644 1104 5715 ταύτην.

2247 5573 2519 5651 perientia
2545 5577 2795 5635 edocetur
2821 5577 2967 5650 quod
2991 5573 3347 5649 praponitur.
3425 5573 3467 5609 ¹⁸
3495 5591 3587 5648 γρ.
3645 5591 3827 5642 ruun-
