4000 6200
215 374 326 430 229

219 496 349 553 ἀλλ’
393 492 736 571 ὕπερτὲλειός
796 493 905 549 ἐστι
945 511 957 524 ·

142 621 153 630 -
221 585 414 663 ἄρχων
470 584 650 655 πάσης
707 578 1082 652 τελειότητος,
1130 578 1318 651 ἔπειδή
1374 583 1463 636 καὶ
1519 577 1878 656 προτελειος.

223 675 366 730 οὕτω
416 675 508 728 καὶ
562 669 704 734 εἶδος
757 671 973 747 λέγεται
1024 668 1078 724 ἐν
1120 674 1239 732 τοῖς
1271 667 1558 741 ἀνειδέοις,
1589 668 1679 724 καὶ
1737 668 1883 722 ἀσω-

225 764 438 836 μάτοις,
487 762 562 824 ὡς
608 762 821 831 ἁπάσης
868 767 968 828 τῆς
1030 756 1329 822 εἷ’δοποιίας
1394 756 1749 834 δημιουργὸς,
1795 754 1882 810 καὶ

223 852 370 927 ἄρχή
397 851 601 907 παντὸς
635 846 811 912 εἴδους
846 867 859 881 ⁸
893 849 1030 924 πρὸς
1064 845 1122 902 δὲ
1146 853 1316 902 ταῦτα
1370 848 1437 903 τὰ
1491 844 1609 917 εἶ’δη
1643 842 1882 906 ἀνείδεος

219 942 310 994 καὶ
346 941 481 1013 ὑπὲρ
517 937 684 1007 εἶδος,
715 934 904 1006 ἐπειδή
941 933 1162 1010 δεύτερα
1194 935 1358 992 αὐτοῦ
1389 935 1477 991 καὶ
1521 937 1590 990 τὰ
1629 933 1746 1004 εἷ’δη
1793 931 1884 988 καὶ

219 1029 276 1083 αἱ
305 1025 472 1086 ἰδέαι.

293 1293 684 1372 ’Δφορίζουσα.
735 1293 883 1348 Ἀντὶ
939 1295 1038 1347 τοῦ
1087 1289 1452 1367 διακρίνουσα,
1492 1291 1579 1345 καὶ
1644 1290 1781 1362 πρὸς
1822 1289 1887 1345 τὸ

221 1384 539 1460 ἆσύγχυτον
573 1380 602 1437 δ
613 1383 938 1452 ιασώζουσα.

296 1475 400 1532 Καὶ
457 1473 658 1546 μέτρον
706 1471 838 1526 ἐστί.
883 1472 1096 1546 Μέτρον
1149 1467 1258 1524 ἐστὶ
1303 1473 1410 1524 τῶν
1460 1464 1648 1539 ὄντων,
1697 1465 1884 1537 ἐπειδή

226 1563 276 1618 ἐν
311 1562 461 1634 αὐτῷ
490 1562 559 1616 τὰ
589 1563 761 1616 πάντα
805 1559 1162 1635 πεπὲρασκαὶ,
1194 1559 1284 1613 καὶ
1337 1558 1470 1612 αἰὼν
1520 1555 1759 1631 μάλιστα
1807 1553 1887 1611 δι-

225 1651 396 1713 καίως
459 1650 520 1706 ἂν
583 1648 800 1727 λὲγοιτο
835 1667 846 1680 ·
905 1648 952 1704 εἲ
1005 1648 1105 1724 γὰρ
1139 1648 1270 1702 αἰὼν
1327 1645 1567 1722 λέγεται,
1591 1646 1754 1701 οἱονεὶ
1807 1645 1885 1700 ἀεὶ

227 1737 330 1809 ὢν,
362 1739 530 1802 αὐτός
561 1738 705 1794 ἐστιν
737 1740 764 1794 6
796 1739 878 1793 ἀεὶ
909 1731 986 1792 ὧν
1019 1756 1033 1770 ο
1077 1735 1288 1812 εἴρηται
1332 1737 1456 1811 γὰρ,
1491 1734 1566 1790 Σὺ
1617 1732 1674 1790 δὲ
1720 1735 1749 1790 6
1798 1733 1890 1788 αὐ-

984 375 1041 426 S.
1081 371 1359 427 MAXIMI
1395 329 1698 427 SCHOle
1737 371 1808 424 ΙΝ
1848 367 1982 422 LIB.
2025 370 2120 421 DE
2156 370 2425 424 DIVINIS
2465 369 2884 425 NOMINIBUS.

1019 492 1108 547 καὶ
1159 490 1499 567 τελετάρχης
1546 491 1574 546 6
1623 489 1769 562 Υἱὸς,
1803 489 1877 552 ὡς

2011 506 2102 545 om
2154 490 2498 563 angelorum
2550 490 2960 563 perfectorum,
3021 509 3136 548 non
3185 495 3495 565 perfectus,
3529 497 3632 554 sed

3527 373 3636 429 230

1992 596 2171 651 supra
2219 579 2656 650 perfectionem,
2680 584 2737 636 et
2757 579 2940 637 Filius
2961 585 3050 637 est
3067 576 3429 656 τελετάρχης,
3461 601 3634 642 caere-

1994 668 2323 724 moniarum
2349 670 2634 738 conditor,
2657 669 2834 725 veluti
2857 670 3051 726 omnis
3083 671 3451 743 perfectionis
3484 675 3640 746 prin-

1993 756 2241 828 cipium;
2267 758 2546 829 quoniam
2571 765 2626 815 et
2647 757 2990 833 προτέλειος,
3022 760 3438 832 perfectionem
3470 767 3641 819 ante-

1991 847 2146 902 cedit
2165 865 2179 915 ;
2197 847 2278 902 ita
2308 847 2485 904 etiam
2520 849 2736 904 dicitur
2758 850 2984 920 species
3005 848 3064 906 in
3087 849 3160 904 iis
3183 866 3309 922 quis
3333 851 3524 922 specie
3544 868 3641 908 ca-

1994 941 2207 1003 rent,et
2228 936 2610 1010 incorporeis,
2631 938 2813 994 veluti
2830 939 3118 995 universae
3149 939 3367 1011 speciei
3389 941 3643 998 fictionis

1995 1031 2240 1094 creator,
2264 1030 2321 1081 et
2349 1026 2703 1098 principium
2735 1027 2931 1084 omnis
2952 1027 3202 1100 speciei;
3237 1034 3506 1102 respectu
3538 1047 3641 1086 au-

1994 1117 2115 1169 tem
2145 1113 2472 1186 specierum
2505 1115 2944 1189 harum,specie
2975 1120 3236 1184 caret,ac
3283 1134 3467 1190 supra
3515 1135 3645 1193 spe-

1994 1202 2140 1258 ciem
2174 1208 2289 1260 est:
2317 1204 2596 1275 quoniam
2618 1206 2844 1277 species
2865 1211 2924 1261 et
2945 1205 3088 1262 idem
3107 1209 3249 1261 sunt
3270 1205 3397 1278 ipso
3419 1207 3645 1264 viliora.

2064 1292 2358 1363 Deﬁniens.
2393 1293 2522 1360 Pro,
2553 1293 2918 1365 discernens,
2942 1299 3114 1365 atque
3144 1293 3271 1350 sine
3301 1295 3646 1353 confusione

1995 1397 2374 1440 CODBGI‘VRDB.

2065 1472 2128 1524 Et
2158 1487 2411 1526 mensura
2439 1479 2536 1526 est.
2570 1470 2842 1526 Mensura
2889 1475 2980 1526 est
3023 1488 3239 1543 rerum,
3269 1472 3547 1542 quoniam
3580 1472 3642 1528 in

1993 1559 2122 1631 ipso
2154 1560 2427 1616 universa
2451 1559 2866 1627 terminantur,
2906 1566 2965 1615 et
2992 1561 3282 1618 aztmitas
3313 1561 3646 1629 justissima

1997 1647 2110 1702 dici
2131 1653 2342 1718 potest;
2363 1647 2412 1704 si
2433 1647 2590 1704 enim
2609 1646 2741 1700 αἰών
2767 1647 2980 1703 dicitur
3004 1648 3183 1704 veluti
3206 1648 3284 1702 eiei
3307 1642 3404 1719 ὤν,
3429 1664 3646 1721 semper

1996 1736 2285 1807 exsistens,
2309 1737 2436 1809 ipse
2456 1742 2546 1793 est
2565 1737 2665 1808 qui
2691 1753 2924 1808 semper
2943 1743 3061 1793 est:
3103 1738 3320 1794 dicitur
3348 1739 3541 1795 enim:
3575 1739 3649 1795 Tu

223 1829 318 1890 τὸς
373 1827 445 1897 εἶ,
475 1827 568 1882 καὶ
621 1827 688 1882 τὰ
739 1822 834 1898 ἔτη
876 1823 972 1880 σοῦ
1007 1825 1108 1880 οὐκ
1138 1823 1446 1898 ἐκλείψουσι
1482 1843 1493 1856 ·
1527 1823 1616 1878 καὶ
1673 1821 1837 1878 πάλιν
1873 1839 1886 1852 ·

2009 1830 2181 1881 zutem
2195 1825 2342 1882 idem
2354 1826 2641 1894 βεβιαηηί
2655 1828 2740 1881 tui
2749 1842 2858 1882 non
2870 1826 3121 1896 deﬁcient
3151 1827 3231 1898 (li)
3251 1844 3272 1888 ,'
3305 1842 3646 1899 rursusque:

225 1922 285 1974 '0
333 1917 583 1992 ἀριθμῶν
636 1913 824 1987 πλήθη
881 1913 1110 1990 ἄστρων,
1139 1915 1227 1968 καὶ
1277 1915 1370 1968 τὸν
1421 1912 1646 1988 οὐρανὸν
1683 1915 1894 1987 μετρῶν

232 2007 482 2079 σπιθαμῇ
515 2006 610 2060 καὶ
638 2006 738 2074 τὴν
769 2010 869 2078 γῆν
921 2000 1102 2080 δρακί.
1131 2004 1375 2073 Ποιητής
1431 1999 1488 2057 δὲ
1536 2002 1770 2070 αἰώνων,
1805 2001 1895 2070 ἅτε

228 2099 338 2150 τῶν
387 2093 642 2169 ἀγγέλων
693 2093 932 2162 ποιητὴς
987 2089 1061 2144 ὣν
1121 2090 1395 2164 [ἀθάνατοι
1443 2089 1544 2166 γὰρ
1595 2090 1772 2156 οὗτοι,
1803 2087 1893 2143 καὶ

237 2186 297 2257 ἡ]
377 2181 662 2250 ἀθανασία,
737 2181 1056 2256 παράτασις,
1115 2177 1360 2248 ἀειζωΐα,
1419 2177 1576 2249 αἰὼν,
1636 2177 1760 2233 ἀλλ’
1827 2176 1894 2230 οὐ

238 2273 470 2347 χρόνος,
531 2268 892 2341 ἀτελεύτητος
928 2271 970 2306 ¹⁵
1025 2269 1114 2322 καὶ
1160 2268 1241 2322 ἀεὶ
1297 2266 1576 2340 ἐσόμενος,
1629 2265 1842 2341 λέγεται
1877 2283 1890 2296 ⁶

242 2362 308 2416 οὐ
337 2362 479 2416 κατὰ
509 2364 673 2415 τοῦτο
706 2357 797 2414 οὖν
831 2357 1050 2432 λέγεται
1082 2357 1238 2426 αἰὼν,
1271 2357 1407 2412 κατᾶ
1438 2357 1526 2410 τὸν
1563 2355 1761 2431 χρόνον
1801 2356 1891 2410 τὸν

237 2449 399 2511 τέλος
433 2446 658 2525 ἔχοντα,
688 2445 836 2504 ἀλλὰ
863 2447 996 2502 κατὸ
1025 2447 1088 2501 τὸ
1108 2445 1189 2501 ἀεὶ
1221 2443 1318 2515 ὢν,
1350 2445 1426 2509 εἷς
1481 2444 1679 2508 αἰῶνας
1734 2442 1894 2506 τέλος

238 2537 338 2593 οὐκ
361 2534 615 2614 ἔχοντας.

313 2716 551 2788 Πλήρης
609 2711 662 2768 ἐν
718 2717 836 2774 τοῖς
895 2709 1142 2768 ἐνδεέσιν.
1173 2714 1344 2786 Ὅπερ
1405 2711 1546 2766 εἶπεν
1598 2709 1731 2780 ἄνω,
1771 2709 1891 2765 ἀτε-

237 2803 343 2872 λὴς
404 2801 462 2857 δὲ
513 2801 565 2857 ἐν
623 2807 741 2864 τοῖς
795 2799 1049 2870 τελείοις,
1082 2797 1189 2855 ὦδὲ
1241 2821 1403 2878 φησιν
1443 2800 1800 2876 ὑπερπλήρης
1842 2799 1893 2856 ἐν

235 2898 355 2954 τοῖς
380 2889 623 2966 πλήρεσι
659 2911 671 2923 °
700 2889 786 2944 κτὶ
815 2891 877 2945 τὸ
906 2889 1104 2959 ἀτελὴς
1135 2888 1227 2944 οὖν
1253 2889 1424 2952 οὕτως
1457 2888 1695 2968 ὀφείλεις
1725 2894 1891 2960 νοεῖν,

243 2980 566 3057 ὑπερτελεια
597 2978 649 3034 ἐν
680 2985 797 3043 τοῖς
826 2978 1081 3041 τελείοις.

310 3070 410 3124 Καὶ
466 3066 573 3131 ἕως
630 3067 860 3144 φύσεως.
919 3068 1077 3140 Ὁρᾷς
1131 3071 1250 3131 πῶς
1323 3088 1507 3144 φησιν,
1557 3063 1744 3137 ἐπειδή
1801 3067 1889 3123 καὶ

240 3157 342 3222 ἕως
398 3157 613 3233 φύσεως
685 3154 924 3227 ἐλήλυθε
957 3175 969 3186 ·
1021 3154 1228 3233 φύσεως
1296 3158 1388 3229 μὲν
1458 3162 1556 3224 τῆς
1625 3155 1891 3231 ἡμετέρας

241 3246 435 3317 νόησον
472 3270 485 3282 ·
517 3247 608 3302 καὶ
661 3245 846 3301 ὅτιτὸ
887 3244 1093 3322 φύσεως
1153 3244 1214 3299 οὐ
1272 3243 1456 3308 καλῶς
1511 3243 1743 3321 λέγομεν
1803 3244 1890 3299 ἐπὶ

243 3342 376 3393 Θεοῦ
407 3356 420 3368 ⁸
465 3333 587 3390 ίδοῦ
644 3337 746 3409 γὰρ
804 3338 922 3396 πῶς
975 3354 1157 3411 φησιν,
1211 3329 1314 3396 ἕως
1372 3334 1580 3410 φύσεως
1630 3333 1889 3403 κατῆλθε,

243 3427 540 3492 τουτέστιν,
596 3421 701 3486 ἓως
755 3423 959 3477 ἐκείνου
1011 3416 1204 3498 ἔφθασε
1254 3425 1351 3476 τοῦ
1402 3423 1747 3498 ἀτιμοτέρου,
1800 3421 1892 3476 καὶ

245 3516 406 3590 οὗπερ
438 3514 602 3575 αὐτὸς
657 3513 762 3567 οὐκ
790 3511 1067 3584 ἐκέκτητο.
1106 3511 1424 3584 Σημείωσαι
1479 3513 1574 3575 τὰς
1634 3511 1890 3590 ἐμφάσεις

241 3608 349 3658 τῶν
381 3603 579 3674 λέξεων
594 3645 609 3662 .

314 3691 757 3752 Ἀναλλοιώτως.
814 3687 1131 3762 Σημείωσαι
1197 3688 1282 3746 6'1:
1357 3688 1746 3752 ἀναλλοιώτως
1803 3689 1891 3745 καὶ

241 3782 572 3859 ἀσυγχύτως
600 3779 956 3850 ἐκοινώνησεν
986 3781 1124 3852 ἡμῖν
1151 3779 1241 3834 καὶ
1272 3780 1490 3843 ἀπαθῶς
1517 3798 1528 3810 ·
1562 3779 1650 3834 καὶ
1699 3778 1782 3834 ὅτι
1839 3779 1889 3834 ἐν

241 3877 356 3934 τοῖς
412 3876 664 3949 φυσικοῖς
719 3871 879 3942 ἡμῶν
932 3865 1137 3941 ἔμεινεν
1194 3868 1490 3946 ὑπερφυὴς,
1541 3869 1630 3923 καὶ
1687 3867 1738 3922 ἐν
1775 3874 1891 3931 τοῖς

242 3961 357 4016 κατ’
388 3959 578 4014 οὐσίαν
611 3957 954 4031 ὑπερούσιος,
983 3958 1073 4012 καὶ
1105 3958 1219 4032 εἶχε
1246 3957 1314 4011 τὰ
1342 3959 1502 4031 ἡμῶν
1544 3957 1674 4034 ὑπὲρ
1723 3960 1892 4031 ἡμᾶς,

245 4052 360 4104 οἷον
390 4048 456 4103 τὸ
485 4046 548 4117 ἐκ
595 4047 880 4119 παρθένου,
911 4046 973 4099 τὸ
1018 4045 1424 4121 ἀναμάρτητον,
1458 4047 1520 4101 τὸ
1571 4046 1624 4102 ἓν
1681 4045 1894 4118 ἐξουσίᾳ

249 4142 382 4195 Θεοῦ
440 4134 634 4192 λαλεῖν
671 4138 713 4173 ¹⁶
759 4136 850 4189 καὶ
907 4137 1077 4189 πάντα
1129 4136 1406 4210 πράττειν,
1461 4135 1524 4190 τὸ
1583 4140 1895 4210 περιπατεῖν

250 4227 428 4282 ὶπάνω
478 4228 579 4279 τοῦ
631 4221 844 4295 ὕδατος,
877 4223 965 4278 καὶ
1018 4222 1116 4277 ὅσα
1144 4228 1387 4281 τοιαῦτα.
1423 4222 1740 4298 Σημείωσαι
1800 4222 1890 4279 οὖν

244 4316 325 4371 ὅτι
356 4312 540 4376 οὐδεὶς
570 4312 712 4368 οὕτω
743 4310 996 4387 θεολογεῖ
1049 4311 1173 4388 περὶ
1230 4319 1332 4382 τῆς
1388 4313 1704 4387 οἰκονομίας
1759 4315 1894 4369 κατὰ

245 4406 622 4480 Νεστοριανῶν
653 4401 741 4456 καὶ
775 4399 1088 4478 Ἀκεφάλων
1117 4401 1207 4455 καὶ
1239 4406 1678 4461 Φαντασιαστῶν.

2003 1914 2111 1983 Qui
2129 1919 2386 1972 numerat
2406 1914 2819 1971 multitudinem
2838 1916 3137 1971 stellarum
3159 1915 3302 1987 (i),et
3323 1917 3517 1972 aetum
3539 1932 3652 1974 me-

2002 2006 2145 2061 tiens
2172 2007 2363 2077 palmo
2392 2009 2442 2060 et
2468 2015 2688 2061 terram
2740 2005 2951 2076 pugillo
2998 2004 3093 2077 (lc).
3127 2005 3403 2062 Conditor
3451 2010 3649 2062 autem

2003 2092 2363 2160 aeternitatis,
2387 2109 2521 2148 cum
2546 2092 2981 2165 sitangelorum
3009 2098 3237 2150 creator
3263 2093 3652 2166 [immortales

2004 2181 2162 2237 enim
2187 2187 2326 2237 sunt
2348 2181 2482 2252 ipsi,
2506 2181 2582 2252 ot]
2611 2181 3045 2249 immortalitas,
3075 2183 3358 2250 extensio,
3382 2183 3500 2238 vita
3519 2199 3654 2240 con-

2004 2271 2190 2340 tinua,
2213 2269 2530 2338 aeternitas,
2554 2286 2668 2324 non
2690 2286 2823 2326 vero
2847 2276 3102 2342 tempus,
3125 2271 3574 2327 interminatum
3597 2276 3656 2328 et

2003 2375 2233 2429 semper
2255 2359 2517 2414 futurum
2539 2358 2773 2413 dicitur:
2792 2374 2905 2413 non
2922 2359 3434 2428 igitursecundum
3452 2360 3558 2416 hoc
3571 2359 3655 2415 di-

2002 2447 2816 2515 citurzeternitas,secundum
2831 2451 3066 2518 tempus
3088 2449 3241 2518 quod
3257 2449 3434 2503 ﬁnem
3452 2448 3651 2516 habet,

2003 2537 2106 2592 sed
2137 2541 2433 2608 quatenus
2453 2551 2668 2608 semper
2692 2539 2794 2606 est,
2820 2537 2879 2591 in
2911 2534 3147 2607 saecula,
3171 2552 3299 2608 qua:
3332 2537 3504 2593 finem
3533 2553 3650 2593 non

2003 2625 2244 2682 habent.

2077 2715 2253 2772 Plena
2282 2719 2360 2771 est
2389 2715 2452 2770 in
2478 2714 2552 2769 iis
2580 2728 2706 2786 quae
2733 2717 2916 2784 egent.
2951 2714 3116 2778 Quod
3149 2730 3326 2786 supra
3355 2714 3521 2784 dixit,
3543 2716 3654 2770 im-

1996 2806 2244 2877 perfecta
2275 2819 2396 2860 vero
2426 2805 2484 2858 in
2513 2803 2794 2876 perfectis,
2829 2803 2923 2860 hic
2963 2803 3107 2859 dicit
3135 2804 3310 2876 effusa
3335 2803 3397 2858 in
3427 2804 3500 2859 iis
3528 2818 3655 2876 quae

1998 2895 2163 2966 plena
2191 2899 2362 2949 sunt:
2393 2908 2530 2964 ergo
2560 2893 2738 2948 etiam
2771 2892 3094 2964 imperfecta
3115 2891 3539 2965 itaintelligere
3557 2895 3656 2951 de-

2001 2985 2127 3051 bes,
2155 2983 2482 3038 eminenter
2511 2981 2762 3054 perfecta
2791 2981 2847 3036 in
2883 2983 3176 3052 perfectis.

2072 3077 2146 3129 Et
2173 3089 2345 3143 usque
2369 3070 2440 3127 ad
2467 3069 2934 3126 naturam.Vides
2964 3072 3258 3142 quomodo
3288 3072 3452 3142 dicit,
3471 3089 3653 3145 quan-

1999 3161 2073 3216 do
2103 3159 2277 3215 etiam
2310 3159 2380 3214 ad
2411 3163 2676 3214 naturam
2730 3158 2890 3213 venit
2922 3173 2935 3214 :
2969 3162 3240 3214 naturam
3272 3159 3513 3230 quidem
3546 3178 3652 3218 no-

1919 3219 1963 3287 C
2001 3255 2182 3306 stram
2216 3247 2503 3318 intellige,
2536 3261 2726 3317 neque
2770 3263 2878 3302 nos
2927 3250 3080 3302 recte
3127 3219 3399 3304 naturam
3433 3251 3504 3305 de
3536 3254 3649 3308 Deo

2000 3339 2222 3394 dicere:
2247 3353 2380 3393 ecce
2399 3336 2556 3392 enim
2578 3335 2873 3407 quomodo
2899 3335 3001 3403 ait,
3025 3336 3105 3391 ad
3123 3344 3382 3393 naturam
3422 3337 3644 3396 descen-

1999 3428 2104 3498 dit,
2130 3427 2184 3482 id
2218 3430 2308 3482 est
2349 3442 2414 3481 eo
2466 3440 2655 3496 usque
2684 3423 2948 3493 vilitatis,
2983 3429 3158 3496 atque
3179 3425 3309 3496 ejus
3340 3427 3498 3498 quod
3522 3427 3650 3499 ipse

2000 3533 2117 3572 non
2141 3516 2413 3583 habebat,
2436 3513 2720 3586 pervenit.
2742 3512 2891 3569 Nota
2910 3514 3028 3568 vim
3049 3514 3423 3586 signiﬁcandi
3446 3515 3652 3573 dictio-

1999 3622 2166 3663 num.

2073 3695 2205 3750 Sine
2231 3690 2554 3748 mutatione.
2580 3691 2730 3747 Nota
2751 3691 2879 3746 sine
2910 3689 3235 3746 mutatione
3266 3694 3323 3747 et
3351 3692 3478 3748 sine
3509 3709 3650 3749 con-

2002 3783 2248 3848 fusione,
2273 3787 2331 3836 et
2361 3779 2487 3836 sine
2518 3780 2812 3852 passione,
2837 3778 3017 3834 nostri
3047 3778 3268 3834 factum
3306 3795 3435 3836 esse
3462 3781 3651 3853 parti-

2002 3873 2212 3945 cipem,
2242 3877 2418 3941 atque
2450 3869 2508 3923 in
2535 3868 2752 3923 nostris
2783 3866 3153 3922 naturalibus
3210 3871 3422 3924 natura
3468 3886 3649 3942 supe-

2002 3961 2120 4016 rior
2153 3958 2423 4031 perstitit,
2447 3960 2623 4027 atque
2651 3955 2712 4010 in
2744 3954 3159 4012 essentialibus
3189 3958 3442 4014 essentia
3471 3973 3649 4030 supe-

2001 4049 2140 4117 rior,
2165 4053 2476 4116 nostraque
2498 4060 2676 4115 supra
2698 4060 2806 4100 nos
2836 4044 3060 4116 habuit,
3091 4043 3290 4118 veluti,
3321 4063 3392 4103 ex
3424 4047 3653 4120 virgine

2002 4137 2187 4207 nasci,
2229 4133 2800 4206 impeccabilitatem,
2833 4134 2891 4188 in
2919 4139 3201 4205 potestate
3229 4137 3324 4193 Dei
3349 4136 3532 4209 loqui,
3563 4141 3654 4194 at-

2003 4241 2114 4298 que
2163 4226 2350 4281 facere
2381 4225 2535 4279 ιιθ
2566 4223 2857 4291 υῠὶνθιδβί,
2890 4223 3194 4281 ambulare
3242 4241 3420 4298 super
3467 4243 3654 4298 aquas

2002 4321 2060 4371 et
2087 4314 2205 4371 alia
2230 4313 2468 4370 similia.
2502 4313 2652 4369 Nota
2680 4313 2861 4385 igitur
2909 4312 3142 4369 nullum
3172 4314 3251 4370 ita
3281 4315 3351 4370 de
3383 4315 3654 4372 incarna-

2001 4405 2161 4461 tione
2189 4404 2383 4460 divine
2404 4403 2587 4476 loqui,
2611 4407 2816 4460 contra
2830 4402 3209 4459 Nestorianos
3239 4407 3297 4459 et
3325 4403 3651 4476 Aeephalos

2003 4498 2060 4550 et
2089 4493 2549 4550 Phantasiastas.

314 4583 574 4658 §Xl.Ta‘:
622 4581 782 4636 κοινὰ
835 4577 946 4637 καί.
1000 4579 1166 4634 Κοινᾶ
1218 4579 1307 4636 καὶ
1363 4579 1621 4654 ἡνωμένα
1674 4583 1740 4637 τὰ
1795 4588 1890 4652 τῆς

2074 4583 2205 4655 §Xl
2229 4581 2548 4639 Communia
2570 4580 2997 4637 et.Communia
3019 4585 3076 4636 et
3097 4580 3263 4636 unita
3282 4585 3500 4637 sanctis
3519 4581 3652 4637 Tri-

246 4671 396 4745 ἁγίας
448 4667 682 4743 Τριάδος
745 4668 1008 4742 ὀνόματα,
1038 4669 1136 4725 ὅσα
1187 4668 1247 4725 ἐκ
1290 4675 1398 4725 τῶν
1449 4670 1615 4741 αὐτῆς
1672 4668 1891 4748 δωρεῶν

243 4765 350 4814 τῶν
411 4759 485 4821 εἰς
518 4760 585 4813 τὰ
615 4759 732 4831 μετ’
761 4757 928 4828 αὐτὴν
979 4759 1299 4832 ὀνομάζεται
1335 4779 1348 4792 ο
1382 4762 1442 4822 ἅς
1485 4781 1631 4822 τινας
1689 4758 1896 4833 δωρεὰς

247 4846 547 4925 διακρίσεις
579 4847 736 4926 φησὶ,
765 4847 854 4902 καὶ
887 4847 1053 4902 οἱονεὶ
1083 4847 1466 4921 πληθυσμούς.

317 4936 626 5007 Πληθύεται
685 4933 741 4990 δί
798 4936 1012 4998 ἑνικῶς.
1060 4941 1228 4992 Τοῦτο
1280 4937 1415 4992 κατὰ
1454 4943 1896 5008 Φαντασιαστῶν,

244 5023 824 5094 πολλαπλασιάζεσθαι
884 5023 1093 5098 λέγεται
1146 5028 1208 5080 τὸ
1263 5022 1409 5081 ivi“
1442 5023 1631 5097 ἐπειδὴ
1692 5029 1796 5103 γὰρ
1845 5026 1895 5101 ἐξ

244 5115 412 5170 αὐτοῦ
441 5117 668 5184 ἅπαντα,
697 5114 789 5169 καὶ
823 5111 892 5168 δι’
922 5114 1109 5186 αὐτοῦ,
1140 5115 1230 5170 καὶ
1290 5116 1364 5178 εἷς
1413 5118 1577 5172 αὐτὸν
1634 5112 1894 5188 ἔκτισται,

239 5206 330 5260 καί
366 5201 527 5267 αὐτός
559 5203 670 5259 ἐστι
727 5200 941 5281 κεφαλή
995 5203 1207 5261 πάντων
1264 5209 1374 5261 τῶν
1428 5200 1618 5278 ὄντων,
1648 5208 1736 5262 καὶ
1798 5205 1896 5262 αὖ·

310 5370 398 5439 (Ιι)
431 5368 580 5425 Psal.
613 5384 686 5439 cx,
717 5366 809 5422 28.
887 5365 954 5436 (i)
985 5367 1138 5424 Psal.
1170 5383 1353 5436 cxnvx,
1385 5369 1437 5426 li.

1515 5369 1592 5443 (k)
1627 5374 1740 5429 Isa.
1772 5391 1865 5446 XL,
1900 5376 1985 5433 12.

2004 4673 2206 4728 uitatis
2235 4689 2366 4728 esse
2405 4670 2664 4739 nomina,
2699 4670 2916 4741 quibus
2965 4684 3032 4723 ex
3079 4669 3208 4739 ejus
3257 4668 3426 4724 donis
3473 4669 3651 4726 rebus

2006 4767 2138 4835 post
2167 4762 2354 4832 ipsam
2388 4758 2615 4815 collatis
2647 4757 3010 4830 appellatur;
3061 4773 3189 4828 quae
3238 4758 3392 4814 dona
3436 4757 3651 4814 distin-

2005 4851 2212 4909 ctiones
2240 4853 2429 4916 vocnt,
2461 4855 2518 4904 et
2545 4847 2723 4904 veluti
2747 4845 3263 4919 multiplicationes.

2077 4939 2476 5012 Multiplicatur
2504 4943 2697 4995 autem
2730 4937 2907 4993 unice.
2935 4937 3051 4992 Hoc
3080 4940 3283 4991 contra
3313 4935 3654 4992 Phantasia-

2007 5036 2151 5099 stas,
2176 5028 2554 5101 multiplicari
2587 5026 2800 5082 dicitur
2830 5026 2986 5097 quod
3018 5041 3202 5081 unum
3235 5030 3361 5081 est:
3397 5025 3654 5096 quando-

2007 5121 2245 5194 quidem
2325 5119 2478 5175 enim
2553 5132 2622 5172 ex
2693 5116 2822 5187 ipso
2897 5114 3116 5178 omnia,
3168 5117 3226 5170 et
3295 5130 3399 5186 per
3452 5113 3652 5186 ipsum

2005 5218 2062 5268 et
2107 5211 2168 5266 in
2216 5210 2345 5282 ipso
2395 5209 2590 5263 creata
2635 5203 2774 5276 sint,
2807 5203 3050 5276 ipseque
3107 5201 3185 5259 sit
3234 5207 3414 5277 caput
3455 5219 3654 5262 rerum

1240 5547 1483 5607 VARI/E
1533 5551 1927 5612 LECTIONES
1962 5553 2057 5610 ET
2095 5545 2657 5608 CORRECTIONES.

315 5688 365 5726 η
393 5705 480 5762 γρ.
514 5679 608 5740 ὁδὶ
635 5681 773 5738 αἰὼν
805 5680 1008 5759 χρόνος
1037 5680 1418 5754 ἀτελεύτητος.
1497 5688 1543 5724 ¹⁶
1569 5705 1657 5761 γρ.
1691 5685 1765 5750 ὡς
1797 5686 1930 5752 Θεὸς
1961 5683 2173 5743 λαλεῖν.
2252 5685 2294 5725 ιτ
2322 5700 2410 5759 γρ.
2439 5675 2517 5736 ξίν.
