4000 6200
373 326 474 381 231

1198 325 1561 379 APPENDIX
1598 328 1693 380 AD
1730 325 1969 380 OPERA
2008 327 2066 378 S.
2108 324 2423 382 DIONYSII
2465 326 2961 384 AREOPAGITE.

3674 333 3774 390 232

374 451 662 522 omnium,
719 449 1139 520 universasque
1203 446 1565 503 substantias
1635 445 2017 520 produxerit:

2133 447 2225 508 τὸς
2256 448 2351 509 τὰς
2392 441 2524 510 ὅλας
2575 447 2757 512 οὐσίας
2798 452 3136 527 παρήγαγεν,
3177 449 3404 516 εἰκότως
3459 453 3776 511 πολλαπ)α-

374 541 583 598 merito
636 538 1013 610 multiplicari
1065 537 1278 592 dicitur
1307 551 1410 609 per
1439 553 1505 592 ea
1537 553 1666 608 quae
1697 553 1798 609 per
1826 536 2021 608 ipsum

375 634 670 691 exsistunt
715 649 728 686 :
797 629 1273 703 quandoquidem
1332 629 1560 685 cunctis
1614 628 1768 683 Patri
1824 627 2022 697 subje-

375 721 486 780 ctis
519 722 642 794 ipse
673 721 901 776 dicatur
926 720 985 774 in
1018 717 1090 774 iis
1123 735 1249 791 quae
1282 733 1385 789 per
1413 718 1608 788 ipsum
1656 717 1807 773 facta
1859 719 2022 785 sunt,

379 812 531 868 Patri
589 810 824 881 subjici,
857 809 1008 864 sicut
1039 808 1180 863 dicit
1207 807 1521 879 Apostolus
1555 823 1568 860 :
1622 808 1766 862 Tunc
1811 810 1862 861 et
1911 806 2026 876 ipse

377 901 553 958 Filius
583 899 914 972 subjiciatur
943 899 1039 969 (t);
1075 901 1251 968 atque
1282 912 1414 952 cum
1447 895 1582 952 talis
1613 899 1787 966 esset,
1807 893 2028 950 mansit

376 1007 533 1046 unus
556 989 612 1044 in
635 986 1121 1058 multiplicatione
1153 985 1555 1057 productionis
1587 986 2023 1053 universorum,

367 1084 423 1135 et
444 1079 600 1134 idem
627 1077 685 1132 in
712 1075 953 1132 minime
982 1074 1288 1130 deficiente
1317 1091 1559 1130 suorum
1591 1074 1875 1130 donorum
1897 1088 2027 1144 pro-

371 1167 623 1232 fusione,
656 1182 790 1221 cum
827 1167 886 1220 in
919 1163 1194 1219 universo
1236 1179 1373 1235 pars
1423 1166 1599 1232 esset,
1630 1167 1688 1218 et
1717 1161 1865 1217 nihil
1893 1161 2025 1216 uni-

367 1257 517 1313 versi
540 1258 729 1322 esset;
765 1257 1003 1326 superat
1025 1251 1178 1308 enim
1212 1251 1626 1321 essentiam,et
1647 1267 1837 1324 neque
1856 1249 2025 1306 illum

367 1345 599 1418 assequi
632 1343 931 1412 valemus;
983 1342 1144 1398 istud
1177 1345 1373 1398 autem
1407 1341 1650 1398 inferius
1677 1341 2026 1412 interpreta-

370 1443 483 1492 tur.

437 1528 499 1580 Et
525 1523 858 1595 singularia.
892 1521 1135 1577 Unicam
1167 1519 1309 1576 dicit
1343 1520 1752 1576 universorum
1802 1521 2024 1591 produ-

368 1613 647 1677 ctionem,
681 1612 988 1667 declarans
1019 1609 1197 1666 simul
1229 1625 1293 1664 ac
1320 1609 1474 1665 Deus
1511 1608 1714 1676 voluit,
1744 1625 1859 1665 non
1891 1612 2026 1664 ante

367 1702 651 1775 paulatim
679 1705 736 1758 et
763 1700 976 1773 partim
1012 1703 1207 1756 creata
1238 1699 1443 1765 fuisse,
1476 1715 1577 1754 seu
1613 1715 1704 1754 res
1737 1698 1795 1754 in
1829 1697 2022 1755 lucem

2131 535 2402 604 σιάζεσθαι
2456 535 2664 614 λέγεται
2723 536 2812 594 διὰ
2861 546 2971 595 τῶν
3047 542 3175 618 παρ’
3233 543 3400 597 αὑτοῦ
3455 545 3774 620 γενομένων,

2132 622 2257 678 ὅταν
2288 626 2378 679 καὶ
2410 627 2628 681 πάντων
2660 627 3113 701 ὑποταττομένων
3141 635 3220 703 τῷ
3260 630 3453 707 Πατρῖ,
3482 631 3641 694 αὐτὸς
3688 632 3776 689 λέ-

2130 734 2279 788 γεται
2313 713 2403 769 διὰ
2430 720 2537 770 τῶν
2570 717 2699 789 παρ’
2737 716 2902 772 αὐτοῦ
2940 719 3262 794 γενομένων,
3289 721 3369 792 τῷ
3421 724 3586 797 Πατρὶ
3654 724 3778 778 ὑποο

2130 803 2434 872 τάττεσθαι,
2489 805 2564 867 ὡς
2621 805 2783 878 φησὶν
2843 808 2871 861 6
2903 807 3260 876 Ἀπόστολος,
3292 809 3423 863 Τότε
3478 811 3570 865 καὶ
3627 811 3780 875 αὐτὸς

2133 892 2161 946 6
2193 892 2316 956 Υἱὸς
2349 894 2747 969 ὑποταγήσεται
2783 913 2794 927 ⁸
2828 895 2919 949 καὶ
2950 897 2978 950 6
3007 901 3254 960 τοιοῦτος
3279 897 3330 952 ἐν
3361 903 3440 971 τῷ
3471 899 3780 973 πληθυσμῷ

2131 987 2232 1050 τῆς
2262 983 2478 1037 πάντων
2507 987 2836 1060 παραγωγῆς
2869 983 3075 1057 ἔμεινεν
3109 989 3186 1049 εἷς
3215 988 3307 1042 καὶ
3339 989 3366 1042 ὁ
3398 987 3560 1051 αὐτὸς
3609 987 3668 1043 ἐν
3717 993 3780 1064 τῇ

2134 1069 2489 1144 ἀνελαττώτῳ
2547 1071 2704 1148 χύσει
2759 1093 2865 1128 των
2933 1072 3101 1129 αὑτοῦ
3176 1073 3540 1148 μεταδόσεων,
3600 1076 3656 1132 ἐν
3709 1081 3783 1150 τῷ

2131 1159 2290 1215 παντὶ
2343 1159 2504 1234 μέρος
2553 1159 2646 1230 ὣν,
2674 1161 2762 1216 καὶ
2801 1159 2968 1235 μηδὶν
3002 1159 3076 1217 ὣν
3102 1168 3198 1219 τοῦ
3230 1167 3430 1229 παντός
3463 1184 3475 1198 ⁸
3509 1165 3622 1222 ἔστι
3685 1167 3782 1242 γὰρ

2133 1249 2451 1324 ὑπερούσιος
2484 1269 2496 1281 ⁶
2528 1251 2618 1305 καὶ
2659 1253 2793 1324 ἡμῖν
2843 1251 3127 1330 ἀνέφικτος
3161 1273 3176 1290 ο
3223 1251 3509 1330 ἐρμηνεύει
3557 1253 3615 1310 δὶ
3662 1254 3785 1312 αὐτὸ

2135 1341 2338 1395 ὑποκατ
2349 1341 2439 1394 ιών
2453 1383 2466 1396 .

2203 1516 2301 1572 Καὶ
2359 1521 2426 1592 τῇ
2484 1519 2676 1592 ἐνιαίᾳ.
2718 1520 2951 1578 Ἑνιαίαν
3007 1519 3108 1600 ἔφη
3169 1526 3277 1578 τῶν
3332 1522 3482 1579 ὅλων
3532 1542 3785 1600 παραγω-

2130 1608 2254 1682 γὴν,
2287 1604 2472 1678 δηλῶν
2530 1610 2641 1683 ἅμα
2694 1613 2774 1682 τῷ
2829 1609 3141 1687 βούλεσθαι,
3173 1613 3266 1667 καὶ
3299 1611 3360 1667 ού
3391 1611 3526 1668 κατὰ
3589 1613 3782 1689 μικρόν

2130 1716 2181 1750 τι
2227 1694 2314 1750 καὶ
2351 1702 2588 1773 μερικῶς
2622 1701 2925 1767 κτισθῆναι,
2959 1697 3084 1768 ἤτοι
3113 1701 3251 1776 πρὸς
3307 1701 3371 1755 τὸ
3421 1702 3555 1756 εἶναι
3606 1699 3783 1756 ἐλθεῖν

367 1791 676 1864 prodiisse.
705 1789 828 1847 Non
862 1787 1235 1844 imminutam
1264 1804 1394 1844 vero
1426 1786 2017 1844 communicationem

2131 1785 2196 1839 τὰ
2237 1785 2517 1861 γεγονότα.
2555 1784 2952 1843 Ἀνελάττωτον
3002 1785 3058 1843 δὲ
3113 1785 3422 1862 μετάδοσιν,
3453 1788 3580 1860 ἤτοι
3624 1789 3713 1846 ὅτι
3747 1792 3788 1829 ¹¹

369 1881 529 1949 dicit,
562 1896 680 1952 qua
709 1877 933 1935 scilicet
978 1877 1130 1934 Deus
1179 1881 1390 1932 cuncta
1435 1877 1833 1949 producendo,
1865 1875 2011 1931 nihil

368 1969 736 2041 prepriorum
771 1968 1057 2023 bonorum
1091 1965 1323 2023 minuit.

436 2057 751 2130 Intelligens
779 2055 1085 2113 communis
1125 2063 1320 2111 noster.
1353 2055 1700 2111 Communis
1734 2055 2015 2126 magister

365 2151 422 2203 et
448 2146 753 2203 institutor
783 2145 1062 2200 nimirum
1086 2142 1382 2212 apostolus
1404 2142 1648 2198 Paulus:
1677 2142 1834 2198 illius
1856 2141 2012 2198 enim

364 2251 472 2307 ope
528 2233 795 2301 credidit,
839 2233 992 2290 sicut
1046 2231 1299 2304 legimus
1356 2231 1412 2286 in
1469 2232 1645 2286 Actis.
1679 2231 2012 2288 Notandum

363 2324 562 2395 etiam,
595 2328 866 2379 sanctum
925 2321 1305 2377 Hierotheum
1337 2337 1371 2376 a
1401 2324 1602 2377 sancto
1645 2319 1825 2377 Paulo
1873 2320 2013 2377 edo-

364 2417 546 2469 ctum.

433 2504 574 2558 Nam
601 2502 708 2557 etsi
730 2499 845 2556 sint
876 2499 973 2571 qui
1001 2498 1284 2556 dicantur.
1329 2498 1502 2569 Illud,
1535 2500 1637 2554 etsi
1663 2498 1747 2554 dii
1774 2498 1936 2554 multi
1965 2503 2017 2554 et

363 2589 577 2648 domini
617 2590 748 2662 sint,
781 2593 979 2645 tamen
1037 2605 1221 2644 unum
1252 2605 1377 2644 esse
1409 2605 1539 2644 vere
1571 2588 1752 2644 Deum
1804 2593 1859 2643 et
1910 2588 2016 2644 Pa-

363 2686 538 2747 trem,
565 2696 866 2750 unumque
888 2695 1017 2734 vere
1039 2676 1352 2733 Dominum
1375 2677 1604 2742 Jesum,
1629 2677 1736 2732 hoc
1760 2677 2018 2732 declarat

364 2786 602 2826 causam
617 2769 879 2824 omnium
894 2772 950 2822 et
966 2766 1301 2822 creatricem
1318 2767 1348 2821 d
1361 2765 1497 2821 ivini
1509 2771 1833 2832 tatem,secu
1845 2767 1917 2821 nd
1928 2781 2018 2821 um

364 2858 677 2914 indivisam
697 2856 1180 2913 etindistinctam
1211 2855 1805 2910 communicationem
1833 2854 2018 2909 nomi-

368 2946 460 3004 nis
493 2948 738 3019 proprize
766 2944 1094 3000 divinitatis
1115 2950 1171 3000 et
1195 2944 1636 3014 dominationis,
1671 2961 1768 2999 cos
1801 2943 1900 3015 qui
1933 2943 2016 2998 dii

366 3041 424 3094 et
454 3036 675 3093 domini
709 3035 1003 3101 dicuntur,
1030 3033 1409 3105 produxisse:
1459 3033 1699 3089 minime
1730 3037 1924 3088 tamen
1956 3032 2016 3089 in

368 3131 563 3197 partes
595 3125 876 3179 deitatum
928 3122 1141 3178 deitate
1189 3121 1456 3192 discissa,
1489 3121 1644 3177 sicut
1695 3138 1901 3176 aurum
1956 3121 2015 3177 in

2127 1873 2322 1942 κτίζων
2353 1876 2419 1929 τὰ
2448 1872 2576 1930 ὄντα
2607 1876 2634 1931 6
2668 1876 2816 1950 Θεὸς,
2849 1873 3002 1932 οὐδὲν
3031 1881 3138 1934 τῶν
3181 1876 3396 1934 οἰκείων
3452 1885 3602 1952 μειοῖ
3654 1880 3786 1955 ἆγαο

2121 1964 2227 2017 θῶν
2245 2005 2256 2020 .

2193 2052 2486 2123 Ἐννοήσας
2535 2055 2564 2108 6
2613 2055 2793 2116 κοινὸς
2843 2057 3026 2127 ἡμῶν.
3078 2055 3271 2120 Κοινὸς
3307 2055 3640 2131 καθηγεμὼν
3690 2077 3757 2112 κα

2122 2144 2468 2218 χειραγωγὸς
2497 2145 2524 2198 6
2557 2142 2860 2207 ἀπόστολος
2890 2142 3109 2207 Παῦλος
3151 2143 3412 2216 δηλονότι
3447 2162 3462 2178 ⁸
3505 2143 3576 2201 δι’
3606 2146 3777 2202 αὑτοῦ

2122 2232 2225 2307 γὰρ
2283 2230 2605 2306 ἐπίστευσεν,
2664 2233 2738 2297 ὡς
2788 2228 3025 2308 ἔγνωμεν
3086 2233 3138 2289 ἐν
3191 2240 3309 2298 ταῖς
3367 2234 3614 2312 Πράξεσι.
3674 2237 3776 2293 Καὶ

2123 2319 2480 2392 σημειωτέον,
2515 2321 2596 2376 ὅτι
2627 2321 2715 2376 καὶ
2748 2323 2776 2376 6
2810 2324 2966 2397 ἅγιος
2993 2322 3253 2398 Ἰερόθεος
3299 2328 3380 2396 τῷ
3405 2323 3538 2399 ἁγίῳ
3563 2323 3775 2396 Παύλῳ

2124 2408 2488 2481 ἐμαθητεύθη.

2197 2497 2300 2554 Καὶ
2331 2500 2434 2572 γὰρ
2467 2497 2616 2570 εἷ’περ
2675 2498 2776 2553 εἷ’σί
2831 2498 3142 2574 λεγόμενοι.
3173 2500 3273 2569 Τὸ,
3308 2500 3399 2555 κᾶν
3460 2502 3572 2556 θεοὶ
3632 2499 3779 2556 πολ-

2126 2584 2214 2641 λοὶ
2246 2587 2332 2640 καὶ
2367 2586 2544 2661 κύριοι
2577 2588 2698 2658 ὦσι,
2733 2587 2878 2658 πλην
2907 2587 2999 2644 ἕνα
3027 2589 3156 2645 εἶναι
3200 2590 3293 2644 τὸν
3339 2587 3564 2660 ἀληθῶς
3621 2592 3782 2662 Θεὸν,

2124 2675 2209 2729 καὶ
2276 2675 2484 2750 Πατέρα
2535 2679 2600 2743 η,
2629 2677 2716 2732 καὶ
2760 2674 2854 2732 ἕνα
2898 2679 2990 2732 τὸν
3041 2676 3264 2748 ἀληθῶς
3315 2677 3510 2753 Κύριον
3539 2683 3783 2749 Ἰησοῦν,

2123 2768 2285 2818 τοῦτο
2319 2762 2487 2835 δηλοῖ
2511 2764 2592 2820 ὅτι
2624 2769 2658 2835 ἡ
2691 2768 2900 2821 πάντων
2935 2766 3104 2838 αῗτία,
3137 2766 3226 2822 καὶ
3254 2764 3596 2842 δημιουργὸς
3656 2767 3782 2832 θεό-

2125 2873 2224 2922 της
2281 2853 2416 2907 κατά
2465 2852 2753 2926 μετάδοσιν
2796 2855 3084 2930 ἀμέριστον
3144 2856 3234 2910 καὶ
3295 2853 3622 2911 ἀσκὲδαστον
3685 2855 3783 2922 τῆς

2128 2940 2437 3014 ἐπωνυμίας
2466 2950 2567 3013 τῆς
2598 2943 2798 3006 οἰκείας
2835 2943 3090 3015 θεότητος
3137 2944 3226 2999 καὶ
3272 2944 3597 3020 κυριότητος
3651 2945 3784 3008 τοὺς

2129 3026 2458 3104 λεγομένους
2492 3030 2644 3095 θεοὺς
2675 3032 2766 3086 καὶ
2795 3032 3012 3106 κυρίους
3039 3035 3368 3110 προήγαγεν,
3403 3035 3466 3088 οὗ
3515 3054 3782 3111 κατακερ-

2133 3118 2480 3190 ματισθείσης
2507 3127 2608 3190 τῆς
2637 3120 2892 3192 θεότητος
2926 3120 3000 3184 εἰς
3035 3121 3171 3198 μέρη
3209 3125 3503 3194 θεοτήτων,
3537 3124 3613 3185 ὡς
3644 3143 3784 3200 χρυ·

365 3189 562 3287 plures
594 3229 891 3280 nummos;
920 3226 1107 3282 neque
1140 3209 1340 3266 multis
1361 3189 1472 3265 diis
1491 3211 1619 3281 ejus
1651 3210 2016 3266 divinitatem

2132 3207 2222 3269 σὸς
2257 3208 2331 3270 εἰς
2381 3209 2692 3282 νομίσματα
2747 3209 2932 3267 πολλά
2965 3230 2978 3244 ⁸
3013 3209 3137 3267 οὔτε
3185 3216 3293 3267 τῶν
3349 3209 3576 3268 πολλῶν
3637 3217 3777 3276 θεῶν

365 3303 816 3376 complentibus,
834 3299 1332 3373 quemadmodum
1361 3297 1556 3354 multa:
1581 3299 1807 3370 species
1832 3315 2013 3354 unum

365 3391 685 3458 mundum;
709 3390 810 3446 sed
830 3387 1213 3460 multiplicari
1234 3387 1448 3443 dicitur
1468 3392 1640 3458 Deus,
1661 3405 2016 3460 unaquaque

361 3478 762 3551 productionis
797 3494 994 3534 rerum
1025 3477 1346 3547 voluntate,
1380 3478 1535 3534 I20
1588 3477 1827 3550 provido
1875 3493 2014 3548 pro-

359 3585 590 3642 gressu,
610 3567 1042 3639 multiplicatus
1067 3565 1327 3638 quidem,
1347 3581 1588 3621 manens
1613 3570 1805 3621 tamen
1833 3582 2014 3621 unum

360 3657 912 3726 individuum,sicut
932 3655 1018 3712 sol
1043 3656 1181 3710 dum
1209 3655 1406 3727 plures
1428 3654 1645 3711 emittit
1678 3656 1893 3722 radios,
1927 3660 2014 3710 at-

361 3765 473 3819 que
496 3749 554 3803 in
581 3748 806 3803 unitate
828 3748 1160 3817 permanet;
1187 3743 1402 3800 dicitur
1424 3744 1578 3800 enim
1602 3744 1777 3799 etiam
1801 3745 1871 3801 de
1892 3743 2012 3800 sole

351 3837 617 3908 justitiaa,
645 3835 902 3908 quotidie
925 3835 1170 3905 divisus,
1195 3839 1249 3889 et
1271 3851 1386 3890 non
1414 3838 1834 3906 consumptus;
1861 3839 2012 3890 recte

359 3931 554 3980 autem
588 3926 804 3981 dicitur
833 3924 890 3978 in
923 3924 1068 3995 ipsis
1099 3939 1336 3996 quoque
1359 3923 1570 3979 divinis
1594 3923 1861 3978 fortiores
1887 3939 2013 3978 esse

358 4013 842 4068 distinctionibus
855 4011 1169 4080 unitiones;
1195 4016 1252 4066 et
1265 4011 1490 4067 etenim
1512 4029 1624 4067 non
1641 4016 1868 4083 oportet
1882 4028 2012 4068 eum

357 4101 458 4173 qui
472 4117 604 4155 cum
621 4099 844 4170 judicio
859 4099 1148 4154 audiendo
1167 4098 1478 4154 discitesse
1498 4100 1553 4153 in
1572 4104 1684 4154 Deo
1703 4099 2009 4168 unitatem,

357 4190 499 4244 dum
523 4188 646 4242 haec
669 4186 853 4256 audit,
880 4185 1147 4240 arbitrari
1181 4201 1310 4240 esse
1342 4185 1400 4240 in
1429 4187 1557 4257 ipso
1583 4186 2010 4255 infirmitatem,

360 4293 549 4349 neque
579 4274 905 4348 simplicem
938 4277 1222 4345 tanquam
1253 4273 1572 4328 invalidum
1600 4291 1615 4343 ;
1662 4273 1807 4327 nihil
1852 4275 2010 4329 enim

361 4367 593 4440 proprie
623 4366 693 4421 de
725 4364 842 4420 Dco
890 4381 922 4417 a
970 4362 1141 4418 nobis
1191 4361 1627 4434 pronuntiatur,
1662 4363 1817 4433 quod
1851 4362 2011 4420 illius

341 4455 773 4528 .proprietatem
799 4453 1069 4524 attingat,
1096 4467 1284 4522 neque
1308 4465 1410 4522 per
1431 4450 1838 4521 privationem,
1860 4451 2014 4509 sicut

2128 3295 2600 3372 συμπληρούντων
2657 3301 2756 3369 τὴν
2819 3299 2981 3355 αὑτοῦ
3041 3301 3294 3372 θεότητα,
3342 3302 3402 3356 ’ὸν
3455 3301 3658 3376 τρόπον
3716 3302 3782 3358 τὰ

2124 3385 2308 3442 πολλὰ
2339 3385 2481 3459 εἷ’δη,
2510 3388 2599 3442 τὸν
2632 3385 2720 3442 ἕνα
2748 3389 2952 3462 κόσμον
2985 3409 2997 3422 °
3033 3387 3180 3445 ἀλλὰ
3217 3389 3586 3460 πληθύνεσθαι
3618 3387 3780 3467 λέγε-

2121 3496 2207 3530 ται
2243 3478 2270 3531 ὁ
2302 3478 2451 3546 Θεὸς,
2483 3481 2561 3548 τῷ
2592 3478 2713 3540 καθ’
2739 3475 2962 3533 ἕκαστον
3017 3478 3094 3541 εἰς
3147 3481 3476 3555 παραγωγήν
3533 3483 3640 3533 τῶν
3689 3476 3781 3534 ‘o'v-

2121 3587 2228 3620 των
2264 3562 2602 3639 βουλήματι,
2634 3572 3028 3640 προνοητικαῖς
3058 3565 3340 3643 προόδοις,
3360 3565 3784 3623 πολλαπλασια-

2124 3653 2350 3727 ζόμενος
2385 3653 2502 3725 μὲν,
2539 3655 2708 3727 μένων
2743 3653 2800 3709 δὲ
2829 3655 3029 3731 ἀμερὲς
3058 3653 3113 3711 ἓν
3141 3659 3186 3693 ²⁰
3215 3655 3400 3732 ὥσπερ
3435 3655 3596 3725 ἥλιος
3623 3657 3783 3712 ἆγτῖ-

2121 3763 2212 3804 νας
2261 3741 2475 3804 πολλὰς
2529 3741 2843 3816 ἐκπέμπων,
2870 3745 2960 3799 καὶ
3015 3746 3190 3818 μένων
3220 3744 3272 3799 ἐν
3303 3749 3372 3810 τῆ
3407 3745 3618 3813 ένότητι
3651 3765 3666 3779 ’
3704 3744 3782 3800 εἴ·

2122 3853 2281 3906 ρηται
2311 3832 2411 3909 γὰρ
2443 3833 2532 3886 καὶ
2580 3833 2704 3908 περὶ
2735 3837 2832 3888 τοῦ
2864 3831 3030 3904 ἡλίου
3060 3841 3163 3904 τῆς
3194 3832 3564 3905 δικαιοσύνης,
3599 3836 3626 3889 ὁ
3658 3841 3782 3900 καθ’

2119 3921 2326 3996 ἡμέραν
2363 3920 2739 3996 μεριζόμενος,
2765 3921 2853 3977 καὶ
2900 3924 2977 3996 μή
3009 3920 3400 3997 δαπανώμενος
3439 3941 3450 3957 ο
3485 3923 3671 3985 καλῶς
3721 3921 3780 3979 δί

2118 4012 2205 4064 καὶ
2267 4009 2354 4064 ἐπὶ
2413 4015 2520 4064 τῶν
2581 4010 2736 4074 θείων
2791 4010 3022 4087 εἷ’ρηται,
3052 4013 3146 4068 τὰς
3173 4013 3392 4076 ἑνώσεις
3417 4017 3526 4068 τῶν
3559 4009 3778 4087 διακρίο

2120 4119 2255 4153 σεων
2285 4097 2728 4175 ἐπικρατεστέρας
2756 4099 2888 4154 εἶναι
2927 4119 2940 4132 ·
2971 4101 3062 4155 καὶ
3091 4101 3191 4177 γὰρ
3224 4102 3288 4156 ού
3322 4098 3406 4156 δεῖ
3452 4103 3542 4156 τὸν
3593 4121 3781 4156 νουνε-

2120 4193 2240 4262 χῶς
2297 4188 2648 4262 ἀκροώμενον
2699 4189 2822 4261 περὶ
2881 4193 3038 4261 Θεοῦ,
3071 4187 3226 4245 ὶνάδα
3256 4191 3380 4264 περὶ
3412 4189 3578 4245 αὐτοῦ
3607 4191 3774 4245 ἀκού-

2120 4296 2269 4347 οντα,
2301 4276 2548 4331 ὑπονοεῖν
2581 4276 2879 4349 ἀσθένειαν,
2914 4275 3039 4334 οὕτε
3069 4277 3278 4334 ἁπλοῦν
3333 4279 3408 4342 ὡς
3460 4276 3720 4334 ἀδύνατον
3754 4297 3771 4312 ⁹

2121 4361 2275 4418 οὐδὲν
2323 4365 2426 4440 γὰρ
2486 4363 2574 4420 ἐπὶ
2628 4371 2763 4421 Θεοῦ
2796 4366 3012 4430 οἰκείως
3041 4369 3168 4442 παρ’
3196 4369 3358 4441 ἡμῶν
3403 4365 3621 4442 λέγεται
3671 4373 3774 4437 τῆς

2121 4450 2393 4524 ἰδιότητος
2427 4452 2636 4526 ἐκείνης
2685 4455 3100 4533 ἐφικνούμενον,
3133 4454 3256 4511 οὔτε
3306 4455 3442 4511 κατὰ
3499 4455 3776 4528 στέρησιν,

361 4543 712 4615 immortalis,
745 4547 801 4598 et
831 4540 1084 4610 similia;
1139 4556 1328 4612 neque
1377 4555 1478 4611 per
1526 4539 1872 4611 positionem
1907 4556 2006 4596 seu

2131 4541 2192 4604 bc:
2225 4542 2500 4613 ἀθάνατος,
2535 4543 2624 4598 καὶ
2663 4545 2730 4600 τὰ
2759 4546 2927 4618 ὃμοια
2961 4565 2974 4578 ⁸
3013 4542 3138 4600 οὔτε
3164 4545 3300 4600 κατὰ
3329 4539 3494 4613 θέσιν,
3528 4545 3603 4607 ὡς
3658 4546 3772 4615 ζωὴ

360 4633 837 4699 afﬁrmationem,
870 4635 934 4686 ut
953 4630 1067 4685 vita
1092 4631 1338 4686 fortasse
1362 4633 1420 4684 et
1439 4633 1654 4691 unum;
1679 4629 1781 4685 sed
1815 4646 2010 4701 unum,

2131 4631 2286 4706 τυχὸν
2315 4631 2403 4686 καὶ
2435 4632 2498 4686 τὸ
2528 4631 2602 4701 ἓν,
2635 4631 2781 4688 ἀλλὰ
2807 4635 2869 4688 τὸ
2897 4633 2977 4705 ἓν,
3007 4635 3082 4696 ὡς
3113 4637 3269 4689 πᾶσιν
3303 4628 3661 4706 ἀσύμϐλητον
3687 4633 3780 4710 ῥη-

362 4729 648 4795 tanquam
679 4722 834 4794 quod
867 4737 1000 4775 cum
1041 4719 1197 4775 nullo
1233 4717 1558 4790 comparari
1593 4719 1776 4789 possit
1824 4719 2014 4775 dicen-

363 4814 527 4884 dum,
551 4812 708 4883 quod
740 4811 943 4866 eodem
980 4809 1150 4863 modo
1174 4825 1236 4863 se
1259 4807 1434 4862 habet
1458 4806 1516 4860 in
1546 4807 1619 4862 iis
1640 4811 1812 4863 etiam
1848 4813 2014 4864 caete-

363 4918 563 4958 rorum
597 4897 994 4956 subsistentiis
1021 4914 1144 4969 quas
1167 4913 1235 4951 ex
1255 4897 1383 4966 ejus
1413 4896 1638 4950 unitate
1659 4896 1903 4951 minime
1919 4913 2014 4952 ex-

365 4989 705 5060 eunt;idem
729 4986 903 5043 etiam
939 4990 1164 5042 manet:
1219 4983 1326 5040 etsi
1361 4983 1632 5039 voluntas
1662 4984 1718 5038 in
1758 4985 2015 5057 reliquo-

365 5095 496 5135 rum
530 5078 914 5152 productione
964 5075 1142 5132 dividi
1185 5075 1472 5130 videatur.
1508 5071 1678 5127 Omni
1713 5073 1894 5145 igitur
1924 5075 2017 5130 di-

363 5169 698 5238 stinctione,
729 5168 788 5222 id
841 5170 932 5222 est
974 5169 1038 5222 ut
1082 5169 1297 5220 cuncta
1345 5162 1634 5219 exsistant
1683 5179 2016 5236 progressu.

429 5359 496 5432 (ι)
523 5359 548 5416 I
579 5358 707 5416 Cor.
737 5373 829 5427 xv,
858 5358 950 5413 28.

2119 4718 2261 4787 τέον,
2287 4719 2418 4793 ὅπερ
2451 4719 2708 4782 ὡσαύτως
2738 4716 2852 4797 ἔχει
2879 4721 2969 4777 καὶ
3000 4721 3053 4777 ἐν
3087 4727 3206 4783 ταῖς
3237 4722 3654 4799 ἀνεκφοιτήτοις
3679 4723 3780 4790 τῆς

2123 4806 2325 4870 οἰκείας
2357 4805 2542 4871 ἐνάδος
2561 4813 2670 4863 τῶν
2703 4807 2914 4865 λοιπῶν
2947 4812 3299 4866 ὑποστάσεσι’
3335 4812 3481 4884 μένει
3504 4811 3609 4886 γὰρ
3633 4813 3662 4865 6
3684 4811 3776 4867 αύ-

2121 4893 2346 4964 τὸς,κᾶν
2376 4898 2437 4950 τὸ
2466 4897 2727 4970 βούλημα
2745 4896 2885 4971 δοκῇ
2915 4897 3271 4975 διακρίνεσθαι
3304 4899 3381 4961 εἷς
3406 4901 3507 4968 τὴν
3528 4905 3640 4954 τῶν
3666 4909 3778 4954 λοι-

2123 4989 2239 5038 πῶν
2271 4987 2627 5061 παραγωγήν.
2662 4987 2841 5052 Πάσης
2873 4985 2964 5042 οῦν
3009 4985 3351 5065 διακρίσεως,
3386 4987 3665 5043 τουτέστιν
3699 4987 3773 5049 εἰς

2123 5073 2186 5127 τὸ
2218 5073 2350 5127 εἶναι
2381 5076 2448 5128 τά
2472 5075 2645 5128 πάντα
2674 5073 2938 5150 παρόδου.
2982 5078 3243 5153 Προάιτία
3276 5074 3332 5131 δὲ
3362 5077 3452 5131 καὶ
3488 5077 3771 5154 ἐπικρατεο

2127 5164 2288 5240 στέρα
2319 5167 2353 5234 ἡ
2384 5169 2480 5220 τοῦ
2511 5169 2645 5220 Θεοῦ
2677 5165 2965 5243 ἀμέριστος
2996 5167 3138 5229 ένάς.
3172 5168 3296 5226 Ἐπὶ
3346 5163 3404 5221 δὲ
3449 5172 3561 5223 τῶν
3590 5168 3776 5238 αἰσθη-

1359 5446 1611 5544 vitam
1653 5471 2038 5530 LECTIONES
2076 5473 2168 5528 ET
2205 5473 2762 5532 CORRECTIONES.

436 5640 478 5676 1⁸
507 5657 594 5715 γρ.
623 5634 723 5714 ἔφη
757 5634 862 5692 ὅτι.
944 5636 989 5672 ¹⁹
1014 5652 1102 5710 γρ.
1137 5631 1318 5702 ἀληθῆ
1352 5633 1508 5704 Θεὸν,
1540 5635 1748 5708 Πατέρα
1776 5635 1865 5690 καὶ
1897 5636 2020 5692 me»
2051 5633 2142 5693 καὶ
2173 5637 2329 5714 ἅγιον
2365 5639 2608 5712 Πνεῦμα.
2684 5640 2732 5676 ²⁰
2756 5657 2846 5714 γρ.
2883 5638 3059 5713 μένειν
3092 5633 3151 5693 δὶ
3179 5637 3489 5712 ἁμερίστως
3526 5634 3601 5698 ῑν.
