4000 6200
280 334 394 388 233

1059 341 1115 392 S.
1158 341 1422 393 ΜΔΧΙΜΙ
1459 341 1762 396 SCHOLIA
1799 345 1873 395 IN
1913 343 2042 395 LIB.
2085 346 2178 396 DE
2217 347 2486 401 DIVINIB
2524 347 2936 404 NOMINIBUS.

3595 359 3698 412 234

276 463 386 512 τῶν
432 459 495 512 τὸ
539 458 800 514 ἐναντίον
837 457 963 515 οὐδὲ
1007 460 1106 534 γὰρ
1139 460 1312 518 αὐτῶν
1351 461 1489 516 ἐστιν
1542 462 1687 532 ένάς,
1725 461 1849 517 ἀλλ’
1881 465 1919 516 α⁴

2048 466 2243 523 Prima
2275 484 2404 524 vero
2435 486 2611 526 causa
2642 476 2731 526 cst
2752 478 2808 526 et
2830 475 3243 544 potentissima
3265 479 3568 536 individua
3597 480 3699 537 Dei

275 543 578 622 διακρίσεις
621 553 728 602 τῶν
779 549 1090 624 στοιχείων,
1122 551 1488 624 προϋποῦσαι,
1520 549 1813 623 σόνδρομοι
1847 574 1936 626 γι-

274 635 504 708 νόμεναι
552 636 642 691 καὶ
691 635 999 708 ένούμεναι,
1049 635 1296 712 δευτέρας
1352 641 1445 701 τάς
1498 639 1556 694 έκ
1602 647 1700 710 τῆς
1749 639 1936 703 συνθέ-

276 746 413 786 σεως
448 725 670 788 ένώσεις
703 725 1042 800 έργάζονται”
1064 726 1150 781 έπὶ
1181 725 1238 782 δὲ
1265 732 1372 782 τῶν
1408 728 1563 792 θείων
1599 730 1709 804 οὐχ
1739 729 1932 791 οὕτως·

275 813 363 868 ἰπὶ
419 813 598 868 αὐτῶν
647 815 746 891 γάρ
799 820 1120 886 προϋποῦσα
1167 819 1202 885 ἡ
1250 813 1438 879 ἕνωσις
1489 817 1585 879 τάς
1642 815 1936 892 διακρίσεις

278 900 606 992 βουλήμιατι
640 900 890 978 δευτέρας
921 910 1092 960 ποιεῖ.

347 1171 449 1228 Καὶ
513 1170 651 1243 μετά
686 1172 787 1241 τήν
843 1175 941 1225 τοῦ
996 1171 1154 1234 ἑνός.
1215 1173 1470 1234 Ἐνώσεις
1527 1173 1623 1245 μὲν
1677 1171 1764 1228 ἐπὶ
1822 1178 1928 1228 τῶν

269 1260 433 1314 θείων
468 1263 511 1296 ²¹
549 1261 736 1337 φησὶν,
768 1258 892 1330 ἤτοι
941 1260 1006 1314 τά
1049 1261 1264 1323 ἕνιαίως
1295 1282 1353 1316 τε
1382 1261 1470 1316 καὶ
1505 1259 1808 1334 μοναδικῶς
1842 1262 1928 1318 ἐπὶ

265 1356 367 1418 τῆς
398 1349 666 1419 Θεότητος
692 1349 1064 1424 Θεωρουμενα,
1097 1346 1218 1404 ἄνευ
1251 1370 1313 1425 γε
1362 1347 1578 1421 δηλαδὴ
1611 1352 1681 1405 ὧν
1719 1363 1930 1427 προϋπ-

268 1438 555 1492 εστείλατο
598 1434 914 1508 ἱδιοτήτων,
945 1441 1192 1493 τουτέστι
1242 1439 1603 1512 πατρότητος,
1653 1439 1926 1511 υἱότητος,

266 1526 354 1580 καὶ
390 1533 491 1594 τῆς
527 1525 588 1580 ἐκ
613 1531 712 1579 τοῦ
763 1527 972 1601 Πατρὸς
1023 1526 1338 1598 ΙῙνεῦματος
1384 1527 1774 1602 έκπορεῦσεωςο
1809 1526 1928 1583 δια-

266 1615 473 1688 κρίσεις
509 1611 592 1682 δὶ,
622 1615 684 1669 τὸ
734 1613 920 1669 πολλά
967 1616 1097 1669 εἶναι
1150 1615 1217 1670 τά
1258 1620 1366 1670 τῶν
1420 1617 1580 1679 θείων
1629 1619 1928 1692 μετέχοντα

269 1701 509 1778 δωρεῶν
575 1703 1023 1779 προκατάρχουσι
1081 1705 1262 1759 τοίνυν
1311 1705 1398 1758 καὶ
1461 1703 1807 1780 ἐπικρατοῦσι
1862 1706 1928 1761 τά

2046 555 2259 613 unitas.
2297 561 2356 612 In
2405 559 2724 615 sensilibus
2780 568 2976 616 autem
3033 565 3391 621 contrarium
3444 571 3694 639 accidit;

2045 646 2208 702 nulla
2230 649 2386 703 enim
2409 649 2469 703 in
2497 650 2642 720 ipsis
2666 651 2886 716 unitas,
2912 655 3011 708 sed
3045 655 3557 725 praesubsistentes
3581 661 3696 717 ele-

2043 742 2377 792 mentorum
2403 739 2833 807 distinctiones,
2856 742 2999 797 dum
3027 750 3386 801 concurrunt
3406 751 3461 802 et
3483 749 3696 805 uniun-

2043 824 2408 892 tur,alteram
2439 844 2506 882 ex
2539 830 2962 900 compositione
3009 831 3334 890 unitionem
3381 843 3698 907 operantur

2043 913 2103 967 in
2136 913 2347 970 divinis
2377 932 2508 971 vero
2537 917 2706 972 aliter
2733 935 2795 974 se
2826 937 2918 976 res
2951 920 3156 989 habet;
3212 940 3347 978 nam
3380 927 3696 996 prmsubsi-

2041 1007 2202 1057 stens
2250 1003 2306 1057 in
2357 1003 2508 1076 ipsis
2557 1007 2744 1062 unitio
2771 1009 3123 1080 posteriores
3155 1011 3563 1071 distinctiones
3591 1033 3693 1072 vo-

2041 1088 2265 1146 luntate
2295 1097 2588 1164 operatur.

2113 1179 2293 1234 Etiam
2321 1186 2446 1250 post
2474 1185 2662 1238 unius.
2698 1184 2996 1243 Unitiones
3020 1189 3259 1259 quidem
3288 1191 3347 1246 in
3372 1191 3584 1250 divinis
3606 1194 3694 1248 di-

2040 1267 2138 1331 cit,
2158 1285 2260 1324 seu
2295 1287 2424 1342 quae
2456 1272 2624 1328 unice
2654 1278 2710 1328 et
2735 1273 2994 1331 solitarie
3026 1277 3084 1331 in
3117 1277 3424 1335 divinitate
3455 1283 3694 1353 conspi-

2039 1355 2296 1423 ciuntur,
2327 1375 2395 1414 ea
2425 1361 2648 1416 scilicet
2702 1363 2828 1418 sine
2872 1365 3086 1434 quibus
3139 1365 3302 1437 prius
3341 1371 3696 1426 contractior

2038 1443 2227 1500 fuerat
2269 1449 2743 1518 proprietatibus,
2779 1451 2835 1504 id
2871 1459 2957 1508 est
2988 1454 3358 1524 paternitate,
3394 1456 3694 1526 liliatione,

2038 1537 2097 1586 et
2132 1533 2386 1604 Spiritus
2429 1535 2712 1607 sancti,éx
2739 1542 2835 1590 τοῦ
2867 1540 3187 1614 Πατρός,οχ
3234 1543 3420 1611 Patre,
3462 1563 3695 1616 proces-

2037 1621 2222 1689 sione;
2246 1623 2653 1681 distinctiones
2678 1630 3054 1700 autem,quia
3084 1631 3268 1687 multa
3295 1639 3433 1688 sunt
3461 1651 3588 1704 quae
3611 1635 3695 1690 di-

2037 1710 2172 1764 vina
2205 1713 2556 1784 participant
2587 1732 2861 1784 munera;
2902 1718 3196 1774 unitiones
3220 1737 3357 1793 ergo
3383 1724 3692 1793 praedomi-

266 1801 369 1851 τῶν
403 1797 674 1851 ἒνώσεων·
709 1796 771 1851 οὐ
803 1799 906 1873 γὰρ
937 1795 995 1851 ἐκ
1042 1801 1148 1852 τῶν
1195 1797 1422 1853 πολλῶν
1452 1800 1700 1874 συνήχθη
1733 1799 1798 1853 τά
1825 1806 1919 1869 τῆς

338 1891 364 1900 -
456 1896 474 1903 ,
525 1885 537 1902 ρ
833 1886 845 1901 ι
1042 1887 1054 1903 ,
1308 1885 1353 1903 η
1379 1888 1392 1903 ι
1420 1886 1431 1902 ς
1496 1885 1509 1903 .
1661 1892 1688 1901 ..
1806 1887 1818 1903 ι

2042 1801 2255 1852 nantur
2284 1804 2341 1853 et
2371 1800 2650 1868 vincunt;
2687 1819 2789 1857 nec
2818 1804 2972 1859 enim
3010 1823 3122 1860 una
3151 1808 3339 1863 dcitas
3361 1815 3691 1881 etpotestas

273 1891 402 1956 μιᾶς
455 1885 712 1955 θεότητος
759 1886 848 1939 καὶ
901 1887 1245 1960 κυριότητος,
1297 1885 1442 1941 ἀλλά
1492 1885 1549 1940 ἐκ
1595 1892 1692 1942 τοῦ
1725 1887 1925 1958 ταύτης

274 1970 587 2046 μοηδικοῦ,
621 1974 652 2028 ὃ
683 1973 735 2028 ἐν
771 1973 995 2036 ἐκείνοις
1026 1973 1352 2048 πληθυσμὸς
1385 1980 1688 2049 θεωρεῖται.

766 2093 879 2147 ΕΙΣ
921 2093 1014 2148 ΤΟ
1055 2093 1312 2148 ΚΕΦΑΛ.
1358 2097 1427 2148 Γ’.

335 2189 437 2260 ﬁl.
484 2189 596 2256 Τῆν
644 2188 1043 2264 ἀγαθαρχικήν.
1095 2191 1208 2257 Τὴν
1267 2189 1517 2263 ἀρχηγὸν
1564 2191 1741 2260 πάσης
1793 2190 1926 2263 ἀγα-

272 2279 402 2346 θότη
409 2297 505 2337 τος
514 2321 527 2333 .

331 2364 409 2421 Οὐ
471 2365 651 2420 πάντα
701 2365 779 2422 δέ.
844 2370 966 2428 Ιιῶς
1030 2365 1092 2420 οὗ
1148 2365 1317 2420 πάντα
1372 2368 1594 2439 πάρεστι
1652 2371 1731 2438 τῷ
1785 2372 1923 2439 Θεῷ,

267 2455 396 2527 φησί
461 2455 560 2526 μὶν
617 2454 709 2507 καὶ
767 2453 948 2523 αὐτὸς,
975 2457 1190 2524 νοήσεις
1251 2451 1309 2509 δὲ
1358 2454 1487 2509 αὐτὸ
1535 2455 1625 2509 καὶ
1673 2453 1732 2509 ἐκ
1781 2455 1924 2519 θείου

265 2543 550 2617 χρησμοῦ·
600 2542 887 2617 Ἐγγίσατε
951 2545 1080 2619 πρὸς
1142 2543 1230 2616 μὶ,
1284 2543 1373 2598 καὶ
1423 2543 1528 2618 ἐγὼ
1576 2542 1748 2617 ἐγγιῶ
1786 2546 1922 2620 πρὸς

268 2631 427 2702 ὑμᾶς,
463 2631 609 2705 λέγει
645 2632 861 2706 Κύριος.

332 2720 512 2792 Ἠμᾶς
572 2718 666 2774 οῦν
720 2719 936 2783 αὐτούς.
1003 2722 1321 2794 Σημείωσαι
1381 2721 1528 2790 ὅτιὴ
1580 2721 1720 2796 εὐχή
1775 2723 1923 2794 ἡμᾶς

266 2805 443 2880 ἀνάγει
495 2809 638 2882 πρὸς
683 2809 776 2863 τὸν
826 2809 979 2878 Θεὸν,
1010 2809 1109 2864 οὐκ
1161 2811 1319 2865 αὐτὸν
1368 2810 1505 2884 πρὸς
1558 2812 1707 2881 ἡμᾶς
1757 2812 1922 2864 κατά-

267 2916 368 2969 γει·
443 2897 758 2967 σημείωσαι
833 2895 889 2952 δὲ
963 2897 1054 2953 καὶ
1123 2898 1193 2953 τά
1263 2896 1676 2974 παραδείγματα
1745 2899 1922 2974 ὡραῖα

273 3007 411 3042 οντα.

336 3073 684 3152 ιΙολυφώτου
761 3081 938 3148 σειρᾶς
983 3117 995 3131 .
1057 3073 1252 3137 Καλῶς
1326 3074 1608 3130 ἀπείκασεν
1696 3075 1920 3150 οὐρανίᾳ

2037 1900 2104 1939 ex
2135 1885 2337 1943 multis
2369 1889 2623 1944 conflata
2647 1896 2766 1959 est;
2793 1893 2892 1946 sed
2936 1909 3005 1946 ex
3045 1893 3222 1964 hujus
3254 1897 3684 1972 singularitate,

2037 1986 2163 2041 qua:
2196 1973 2253 2026 in
2286 1972 2403 2028 illis
2435 1975 2722 2046 reperitur
2750 1977 3067 2035 multitudo
3099 1982 3520 2041 consideratur.

2656 2092 2729 2149 IN
2771 2093 2926 2149 CAP.
2969 2095 3064 2150 IlI.

2111 2188 2139 2252 §
2169 2185 2211 2240 Ι.
2233 2187 2362 2254 Quae
2385 2187 2512 2242 boni
2532 2189 2879 2261 principium
2903 2202 2999 2248 est.
3020 2194 3171 2251 Fons
3194 2195 3476 2254 nimirum
3504 2201 3685 2258 totius

2037 2273 2318 2330 bonitatis
2348 2280 2520 2347 atque
2550 2279 2924 2350 principium.

2105 2365 2224 2416 Non
2256 2371 2442 2418 tamen
2474 2367 2682 2420 omnia.
2716 2368 2840 2430 Qua
2870 2369 3092 2424 ratione
3144 2388 3257 2426 non
3308 2375 3507 2430 omnia
3540 2394 3684 2444 pra:-

2035 2449 2228 2504 sentia
2256 2451 2375 2505 sint
2409 2451 2544 2518 Deo,
2581 2459 2637 2508 et
2666 2453 2792 2525 ipse
2823 2456 2984 2524 dicit,
3024 2464 3080 2512 et
3111 2460 3254 2514 illud
3287 2461 3484 2532 ipsum
3519 2466 3686 2522 facile

2035 2552 2218 2606 queas
2239 2553 2307 2592 ex
2337 2539 2571 2594 oraculo
2622 2542 2818 2598 divino
2864 2546 3181 2616 percipere.
3205 2549 3451 2608 Accedite
3477 2553 3549 2608 ad
3578 2571 3686 2628 me,

2032 2633 2088 2680 ει
2117 2641 2211 2696 ego
2240 2627 2494 2682 accedam
2519 2628 2590 2683 ad
2619 2645 2731 2696 vos,
2767 2631 2910 2688 dicit
2937 2633 3242 2693 Dominus.

2105 2715 2251 2770 121
2287 2717 2391 2771 Nos
2421 2717 2600 2790 igitur
2647 2719 2814 2790 ipsos.
2865 2721 3276 2781 Animadverte
3308 2730 3462 2798 quod
3496 2733 3682 2788 oratio

2032 2817 2138 2857 nos
2169 2804 2241 2858 ad
2271 2810 2445 2860 Deum
2505 2807 2716 2876 evehit,
2762 2825 2879 2864 non
2933 2810 3131 2881 ipsum
3190 2820 3387 2871 autem
3440 2819 3510 2872 ad
3573 2837 3682 2877 nos

2031 2891 2304 2948 deducit:
2339 2894 2516 2949 simul
2549 2900 2605 2950 et
2634 2896 3034 2968 pulcherrima
3061 2905 3326 2974 exempla
3357 2905 3452 2961 hic
3484 2914 3641 2965 nota.

2100 3071 2526 3129 Lucidissimam
2580 3083 2852 3131 catenam.
2897 3079 3136 3150 Egregie
3193 3080 3517 3140 orationem
3573 3103 3676 3143 no-

273 3168 416 3234 σειρᾷ
467 3166 570 3232 τήν
619 3164 742 3218 καθ’
783 3165 930 3235 ἡμᾶς
978 3165 1314 3238 προσευχήν.
1363 3167 1566 3239 Ὥσπερ
1627 3164 1732 3240 γάρ
1763 3167 1791 3219 ὁ
1839 3165 1916 3229 εἷς

2042 3163 2211 3215 ιιισαω
2236 3176 2368 3215 cum
2394 3161 2613 3217 caelesti
2636 3169 2842 3220 catena
2871 3181 2975 3220 seu
2998 3168 3056 3221 fu
3068 3184 3135 3223 ne
3157 3173 3536 3240 comparavit.
3561 3174 3679 3231 Hoc

271 3250 396 3324 ὂψος
425 3252 660 3326 οὐρανοῦ
704 3251 904 3306 ἀνιέναι
949 3251 1123 3307 θέλων
1156 3249 1526 3328 ἐπιδράττεται
1557 3259 1677 3316 ταῖς
1723 3255 1910 3328 χερσὶν

272 3339 505 3416 ἰσχυρῶς
535 3347 636 3410 τῆς
669 3339 898 3415 σχοίνου
924 3340 1148 3411 ταύτης.

338 3520 676 3590 Πεισμάτων.
713 3517 1012 3592 Σχοινίων.

335 3611 440 3676 Τὴν
476 3608 780 3682 ἀπανταχῆ.
829 3611 952 3668 Πῶς
1001 3610 1285 3680 πανταχοῦ
1333 3609 1581 3676 πάρεστι,
1626 3610 1716 3662 καὶ
1754 3605 1918 3663 οὖδα-

272 3700 380 3769 μοῦ
417 3699 445 3750 ὁ
498 3698 648 3763 Θεὸς,
691 3694 904 3769 εἴρηται
953 3697 1088 3767 ἡμῖν
1141 3695 1396 3768 ἀνωτέρω
1447 3695 1498 3749 ἐν
1549 3700 1616 3769 τῇ
1668 3696 1918 3770 ἐξηγήσει

262 3787 391 3853 ἧςή
426 3786 598 3859 ἀρχὴ,
633 3783 784 3838 Θέσιν
837 3783 995 3851 φασὶν
1042 3785 1094 3838 οἱ
1147 3781 1464 3858 φιλόσοφοι.
1510 3787 1712 3857 “Ωσπερ
1765 3785 1856 3838 οὖν
1889 3786 1917 3840 ὁ

264 3874 399 3928 κατά
432 3874 628 3948 μικρὸν
663 3873 848 3927 ἑαυτὸν
875 3879 979 3941 τῆς
1006 3878 1108 3947 γῆς
1155 3872 1424 3949 κουφίζων
1472 3878 1593 3934 ταῖς
1644 3874 1799 3948 χερσὶ
1831 3871 1918 3927 δοε-

265 3968 347 4016 κεὶ
387 3964 484 4034 μὲν
532 3960 816 4024 καθέλκειν
866 3962 963 4030 τὴν
1014 3961 1215 4036 σειρὰν,
1264 3961 1423 4023 αὐτὸς
1476 3959 1532 4016 δὲ
1583 3961 1914 4039 [κουφίζεται

263 4051 373 4124 καὶ]
427 4051 570 4125 πρὸς
624 4051 755 4122 ὕψος
812 4047 1018 4124 αἴρεται
1070 4053 1136 4122 τῇ
1193 4049 1328 4104 κατά
1390 4050 1588 4125 μικρὸν
1635 4045 1913 4122 ἀναϐάσει,

267 4139 403 4194 οὕτω
435 4139 529 4194 καὶ
563 4140 592 4193 ὁ
624 4137 852 4200 ἐκτενῶς
882 4138 1328 4213 προσευχόμενος
1379 4135 1468 4192 διά
1495 4143 1604 4192 τῶν
1646 4138 1915 4212 πράξεων,

267 4227 327 4288 ἀς
356 4231 383 4284 ὁ
409 4227 582 4302 λόγος
614 4233 808 4303 χεῖρας
854 4226 1031 4298 καλεῖ,
1061 4230 1130 4300 τῇ
1178 4227 1314 4281 κατά
1350 4228 1542 4302 μικρὸν
1575 4225 1799 4302 ἐργασίᾳ
1827 4228 1916 4282 καὶ

261 4321 548 4392 προσευχῇ
577 4317 670 4372 τὸν
702 4321 826 4370 νοῦν
879 4317 1044 4371 αὑτοῦ
1074 4317 1208 4388 πρὸς
1248 4316 1376 4370 Θεὸν
1410 4317 1628 4388 ἀνυψοῖο
1663 4315 1748 4370 έάν
1783 4320 1829 4353 ²²
1861 4315 1918 4372 δέ

256 4408 348 4467 τὰς
377 4413 571 4482 χεῖρας
631 4404 992 4478 ἀπολύσωμεν
1044 4411 1143 4474 τῆς
1194 4405 1521 4477 σειρᾶς,καὶ
1576 4406 1650 4478 μή
1694 4405 1919 4482 φροντί-

260 4516 435 4568 σωμεν
480 4501 583 4562 τῆς
638 4494 726 4549 έπὶ
773 4495 842 4548 τά
888 4493 999 4548 ἄνω
1050 4498 1242 4571 φορᾶς,
1294 4493 1568 4566 πίπτομεν
1623 4493 1671 4565 ἐξ
1728 4494 1914 4567 ὕψους.

2029 3249 2198 3304 modo
2219 3249 2374 3304 enim
2400 3251 2496 3323 qui
2523 3252 2593 3306 ad
2617 3268 2919 3309 summum
2943 3255 3162 3312 caelesti
3183 3258 3484 3330 fastigium
3515 3263 3678 3320 adire

2023 3336 2168 3405 vult,
2201 3339 2612 3395 firmissimum
2662 3341 2820 3397 hunc
2869 3343 3068 3399 funem
3120 3347 3398 3404 manibus
3429 3353 3586 3406 tenet
3619 3356 3677 3407 et

2027 3426 2454 3498 complectitur.

2102 3515 2388 3586 Rudentes,
2421 3517 2517 3572 Gr.
2550 3518 2886 3588 πεισμάτων.
2914 3524 3105 3578 Funes
3137 3521 3432 3596 intelligit.

2100 3605 2326 3675 Ubique.
2351 3607 2613 3670 Quonam
2646 3609 2819 3662 modo
2852 3610 3073 3680 ubique
3099 3611 3357 3677 adest,et
3380 3631 3681 3687 nusquam

2025 3698 2112 3748 est
2142 3709 2397 3762 praesens
2442 3699 2616 3759 Deus,
2648 3696 2922 3766 superius
2954 3715 2986 3752 a
3020 3699 3187 3753 nobis
3247 3701 3469 3757 dictum
3502 3708 3592 3759 est
3622 3705 3682 3760 in

2025 3783 2382 3854 expositione
2395 3785 2565 3852 cujus
2578 3783 2813 3839 initium
2832 3791 2940 3852 est,
2955 3788 3290 3843 Positimiem
3305 3806 3405 3845 seu
3425 3792 3683 3848 affirma-

2026 3871 2244 3925 tionem
2277 3873 2558 3942 appellant
2580 3872 2915 3944 phiwwphi.
2951 3877 3460 3940 Quemadmodum
3500 3883 3682 3952 igitur

2023 3957 2121 4028 qui
2154 3959 2392 4030 paulum
2423 3975 2552 4014 sese
2574 3976 2608 4014 a
2637 3966 2792 4016 terra
2825 3963 3101 4018 manibus
3132 3965 3424 4034 sublevat,
3449 3968 3680 4026 videtur

2026 4046 2262 4117 quidem
2287 4047 2483 4101 funem
2506 4047 2928 4117 attrahere,sed
2952 4050 3074 4121 ipse
3098 4052 3292 4121 potius
3315 4055 3681 4122 [sublevatur

2025 4137 2104 4206 et]
2121 4151 2367 4190 ascensu
2381 4135 2437 4190 in
2456 4134 2634 4190 altum
2653 4137 2874 4191 sensim
2890 4137 3204 4196 attollitur:
3241 4142 3325 4196 sic
3343 4144 3440 4214 qui
3456 4142 3679 4200 intente

2023 4223 2508 4294 vehementerque
2528 4229 2655 4279 orat
2675 4241 2778 4296 per
2798 4225 3068 4282 laudatas
3091 4229 3369 4296 actiones,
3394 4249 3541 4302 quas
3559 4234 3678 4288 haec

2025 4311 2343 4382 disputatio
2385 4328 2597 4367 manus
2646 4317 2828 4379 vocat,
2867 4315 3150 4384 paulatim
3185 4317 3313 4390 ipsa
3343 4321 3680 4391 operatione

2024 4405 2078 4454 et
2105 4402 2367 4455 oratione
2403 4406 2656 4456 mentem
2690 4403 2757 4456 ad
2797 4403 2976 4458 Deum
3008 4421 3178 4459 suam
3213 4405 3471 4461 elevatin
3497 4409 3680 4464 subli-

2027 4504 2135 4543 me.
2161 4488 2257 4542 Sin
2290 4506 2420 4544 vero
2454 4505 2663 4544 manus
2687 4491 2874 4546 alune
2897 4493 3276 4560 remittimus,
3304 4511 3492 4566 neque
3519 4495 3678 4552 illius

255 4567 502 4638 Τὸαῦτὸ
549 4583 641 4638 καὶ
689 4584 814 4652 περὶ
863 4590 965 4651 τῆς
1008 4584 1164 4652 νηὸς,
1207 4581 1301 4636 ’ίνα
1331 4585 1624 4654 νοήσωμεν
1657 4587 1783 4636 ναῦν
1812 4585 1910 4651 τήν

2042 4594 2151 4648 luce
2195 4595 2428 4632 sursum
2463 4580 2526 4632 lit
2557 4579 2835 4634 motionis
2867 4596 3068 4635 curam
3103 4581 3411 4652 habemus,
3443 4600 3512 4638 ex
3561 4585 3676 4640 alto

254 4675 392 4743 ἡμῖν
451 4670 693 4726 διάνοιαν
745 4670 1102 4747 ῥιπιζομένην
1152 4677 1269 4732 τοῖς
1325 4676 1420 4725 τοῦ
1491 4670 1617 4745 βίου
1673 4670 1912 4744 ἀνέμοις·

255 4763 529 4825 θάλασσαν
580 4759 639 4816 δὶ
683 4761 773 4815 τὸν
831 4760 946 4835 βίον
999 4761 1092 4815 τὸν
1141 4759 1381 4835 γέμοντα
1429 4757 1659 4814 πολλῶν
1701 4761 1914 4834 χειμώ-

254 4869 392 4904 νων’
451 4849 648 4924 πέτραν
711 4847 767 4903 δὲ
814 4851 904 4903 τὸν
960 4849 1216 4925 Χριστὸν,
1278 4849 1336 4902 ’ὸν
1395 4853 1721 4924 κρατοῦντες
1780 4849 1913 4902 ἀσά-

253 4937 441 4993 λευτοι
500 4935 829 5011 διαμένομεν
878 4938 1014 5013 πρὸς
1067 4936 1251 5009 αὐτὸν,
1307 4937 1397 4990 τὸν
1463 4935 1585 5011 βίον
1625 4938 1788 5008 ἡμῶν
1818 4934 1911 4990 ἓλ-

251 5047 444 5088 κοντες
454 5071 466 5085 .

314 5302 437 5358 Τοῦ
464 5297 711 5356 κλεινοῦ.
743 5292 1018 5370 Ἐνδὸξου.

2025 4666 2350 4737 praecipites
2383 4669 2629 4722 ruimus.
2654 4667 2858 4722 Simile
2887 4667 3030 4722 illud
3066 4675 3153 4724 est
3182 4671 3253 4725 de
3286 4688 3451 4738 nave,
3486 4678 3550 4726 ut
3579 4673 3674 4727 in-

2024 4754 2359 4825 telligamus
2390 4771 2593 4810 navem
2621 4772 2745 4811 esse
2776 4762 3041 4810 nostram
3085 4763 3338 4813 mentem
3371 4765 3428 4814 et
3455 4761 3674 4830 cogita-

2025 4843 2240 4898 tionem
2275 4844 2474 4898 flabris
2507 4844 2688 4914 hujus
2720 4845 2847 4899 vitae
2867 4845 3190 4916 jactatam;
3238 4863 3397 4903 mare
3448 4855 3670 4914 autem,

2021 4934 2198 4988 vitam
2243 4931 2448 4988 multis
2499 4933 2944 5004 tempestatibus
2974 4934 3413 5004 abundantem;
3465 4955 3670 5010 rupem

2020 5039 2149 5078 esse
2205 5022 2523 5091 Christum,
2573 5039 2746 5092 quem
2797 5026 3086 5090 tenentes,
3119 5023 3345 5079 immoti
3405 5032 3464 5082 et
3521 5032 3675 5083 tran-

2019 5111 2187 5183 quilli
2219 5112 2289 5166 ad
2325 5111 2521 5184 ipsum
2569 5109 3050 5180 adhaerescimus,
3099 5111 3280 5168 vitam
3328 5113 3388 5170 in
3440 5121 3673 5188 portum

2017 5203 2350 5270 trahentes.

2087 5289 2313 5362 Inclyti.
2350 5291 2526 5346 Fama
2557 5287 2839 5344 nimirum
2871 5288 3178 5362 gloriaque
3208 5290 3484 5354 illustris.

1260 5497 1500 5554 VARI/13
1542 5493 1928 5555 LECTIONES
1970 5494 2054 5553 ΕΤ
2095 5488 2666 5550 CORRECTIONES.

314 5652 363 5693 ²¹
395 5660 499 5724 τῆς
528 5648 816 5724 θεότητος.
889 5653 935 5688 ³³
965 5649 1275 5726 ἀναλέγεται
1305 5651 1440 5727 πρὸς
1471 5648 1623 5705 Θεόν’
1662 5649 1778 5706 liv.

579 5785 841 5843 Panes.
889 5780 1000 5841 Gn.
1045 5779 1149 5841 1V.
