4000 6200
335 325 442 380 235

1150 322 1514 374 APPENDIX
1551 322 1649 374 AD
1687 318 1928 374 OPERA
1970 321 2024 372 S.
2070 318 2385 373 DlONYSll
2426 323 2926 379 AREOPAGITE.

405 450 691 504 Incassum
749 447 918 518 loqui.
953 445 1049 502 Gr.
1088 442 1544 517 ματαιολογῆσαι.
1596 442 1854 500 Inaniter
1897 442 1972 498 10-

2167 439 2618 517 Είκαιολογῆσαι.
2652 445 3118 522 Ματαιολογῆσαι.

338 538 439 610 qui
471 542 528 593 et
557 536 788 609 nugari.

410 629 612 683 Imbuti
641 641 853 693 sumus,
888 621 1351 698 Στοιχειωθέντας
1379 621 1520 676 dicit
1567 638 1671 693 pro
1714 637 1779 675 eo
1829 619 1984 691 quod

339 720 448 786 est,
473 716 726 770 fructum
763 712 1194 784 utilitatemque
1219 711 1502 782 cepimus.
1523 711 1624 765 Est
1639 725 1772 764 vero
1801 709 1988 763 scicn-

341 807 483 861 dum
516 809 649 875 post
671 809 738 858 D.
765 801 1008 858 Paulum
1034 818 1067 855 a
1091 805 1290 857 sancto
1322 797 1983 854 Hierotheoinstitutum

340 911 474 949 eum
509 893 710 949 fuisse.
746 888 1181 968 Ὑφαρπάυοντας
1213 888 1369 957 dicit,
1413 904 1514 958 pro
1543 887 1693 944 clam
1725 891 1782 942 et
1829 886 1984 941 frau-

339 985 410 1039 de
441 982 552 1038 sibi
582 981 948 1037 vindicantes
981 984 1037 1034 et
1070 977 1405 1050 plagiarios.

410 1071 682 1127 Graviter.
708 1062 1084 1142 ιιρεσϐυτικῶς
1116 1068 1262 1122 forte
1295 1065 1548 1138 sumpsit
1581 1082 1684 1137 pro
1720 1063 1900 1135 perite
1931 1067 1987 1117 et

334 1155 1140 1232 intelligenter;wvon‘ux06;
1191 1161 1382 1211 autem
1435 1156 1595 1227 ὅρους
1645 1153 1842 1209 brevia
1887 1153 1985 1208 de-

335 1253 494 1306 creta
525 1252 711 1312 vocat,
744 1265 867 1318 qua:
900 1246 1377 1318 compendiosam
1421 1245 1641 1300 habent
1688 1242 1984 1299 tractatio-

334 1352 498 1391 nem:
533 1335 644 1390 boc
687 1338 743 1389 et
791 1335 1142 1405 signiﬁcavit
1188 1351 1322 1388 cum
1354 1333 1500 1388 dixit
1527 1329 1748 1397 ένιαίας,
1783 1331 2002 1402 εἰηευ-’

332 1423 508 1492 laria;
541 1421 827 1492 συνελίξεις
855 1429 1022 1478 vocat
1073 1422 1465 1494 expositiones
1496 1439 1622 1494 quae
1655 1420 1901 1477 breviter
1931 1423 1988 1475 et

335 1512 540 1584 paucis
571 1513 742 1567 ﬁunt.

407 1602 490 1656 Ad
511 1605 736 1671 captum
764 1606 1035 1655 nostrum.
1069 1599 1188 1655 Hoc
1217 1603 1306 1655 est
1335 1603 1622 1670 quantum
1664 1599 1724 1653 in
1774 1613 1868 1653 me
1903 1599 1988 1653 si-

338 1695 465 1745 tum
496 1695 602 1760 est,
636 1693 694 1744 et
725 1695 898 1761 prout
927 1705 1215 1760 exponere
1244 1689 1583 1744 cohortatus
1613 1705 1695 1758 es,
1728 1691 1784 1743 et
1815 1691 1986 1758 quot-

338 1781 480 1848 quot
510 1783 893 1848 praeceptores
928 1777 1111 1832 nostri
1142 1777 1226 1831 sic
1256 1775 1620 1847 interpretati
1653 1778 1823 1836 sunt;
1855 1773 1981 1845 ipsa

333 1865 680 1936 compositio
713 1867 781 1919 ad
812 1865 1199 1937 byperbatum
1233 1869 1479 1935 spectat.

405 1956 560 2011 I22
607 1953 834 2009 Alteras
883 1954 1207 2025 scripturas.
1255 1952 1402 2009 Nota
1451 1952 1634 2008 sancti
1686 1949 1981 2006 Hierothei

330 2043 796 2098 Commentarios
826 2044 981 2097 velut
1011 2043 1329 2097 secundam
1365 2043 1680 2114 quamdam
1729 2039 1983 2111 Scriptu-

333 2145 459 2184 ram
491 2145 718 2184 sacram
753 2145 881 2184 esse
913 2131 1225 2200 putandos.

404 2217 782 2272 lntuitionem.
817 2218 1058 2272 Minime
1095 2222 1330 2282 tectam,
1355 2215 1572 2272 claram
1607 2216 1800 2289 potius
1827 2221 1884 2273 et
1912 2215 1981 2271 il-

329 2305 576 2361 lustrem
609 2306 1000 2377 cognitionem
1035 2305 1330 2376 intelligit.

399 2394 600 2449 Senili.
644 2395 796 2459 Quia
827 2393 1032 2450 senilis
1062 2393 1320 2464 dignitas
1353 2393 1661 2463 perfectior
1689 2398 1745 2448 et
1774 2394 1843 2449 ad
1877 2394 1978 2448 do-

329 2484 580 2539 cendum
614 2483 1127 2549 accommodatior,
1160 2483 1426 2538 omnium
1467 2484 1834 2538 sacerdotum
1868 2487 1976 2539 est.

327 2570 475 2633 Quid
506 2589 639 2627 vero
673 2572 749 2626 sit
777 2564 1133 2643 πρεσϐυτική,
1165 2570 1381 2634 senilis,
1412 2587 1480 2626 ex
1502 2587 1566 2626 eo
1591 2571 1750 2626 Isaiae
1785 2571 1879 2640 (τη)
1902 2573 1981 2627 ef-

327 2659 446 2715 fato
476 2659 798 2730 intelliges:
851 2659 976 2714 Non
1027 2660 1241 2725 senior,
1276 2675 1390 2712 non
1430 2659 1698 2730 angelus,
1732 2660 1831 2714 sed
1865 2660 1981 2732 ipse

327 2748 594 2803 Dominus
621 2749 799 2802 veniet
848 2756 901 2802 et
946 2747 1183 2802 salvabit
1226 2763 1327 2802 nos
1345 2763 1366 2807 ;
1419 2751 1474 2802 et
1520 2762 1589 2802 ex
1636 2749 1976 2821 Apocalypsi

325 2835 479 2890 beati
495 2836 740 2892 Joannis
757 2835 975 2907 (n),qui
1003 2835 1158 2890 circa
1180 2835 1593 2906 inexplicabile
1615 2835 1828 2891 solium
1851 2837 1976 2909 Dei,

324 2924 529 2995 viginti
561 2928 812 2994 quatuor
843 2924 1106 2979 seniores
1138 2939 1200 2980 se
1227 2923 1446 2979 vidisse
1474 2925 1574 2980 ait.

392 3101 741 3172 Principium
769 3101 918 3157 vitae.
951 3103 1173 3173 Corpus
1203 3103 1330 3158 vitae
1373 3103 1591 3159 fontem
1625 3108 1680 3158 et
1710 3105 1976 3162 numinis

324 3189 789 3260 tabernaculum,
816 3191 1202 3246 sanctissima:
1227 3191 1482 3264 Deiparze
1507 3191 1652 3248 forte
1683 3193 1970 3265 intelligit,
2005 3175 2046 3242 C

327 3295 454 3351 quas
475 3283 602 3335 tum
627 3280 871 3335 obierat.
897 3279 1043 3334 Nota
1057 3296 1193 3336 vero
1211 3280 1378 3346 illud,
1400 3283 1575 3352 frater
1628 3283 1852 3338 Domini
1879 3286 1973 3339 Ja-

327 3367 490 3422 cobus
512 3384 531 3421 :
564 3366 844 3421 nimirum
893 3368 1072 3422 simul
1123 3385 1256 3424 cum
1309 3369 1470 3424 Petro
1502 3373 1560 3424 et
1588 3369 1804 3426 Jacobo
1835 3389 1974 3444 apo-

331 3454 500 3510 stolis
530 3454 624 3510 hic
655 3453 740 3509 vir
769 3456 1003 3510 divinus
1034 3456 1256 3512 aderat.

404 3545 805 3614 Theologorum.
843 3546 916 3600 De
945 3545 1166 3600 sanctis
1196 3547 1477 3617 apostolis
1507 3546 1785 3620 loquitur.

402 3633 619 3690 Divina:
650 3633 1064 3690 imbecillitatis.
1098 3635 1356 3691 Divinam
1387 3637 1849 3694 imbecillitatem
1881 3639 1974 3696 hic

330 3722 473 3778 dicit
499 3723 889 3779 voluntariam
920 3726 1479 3781 condescensionem
1501 3726 1629 3780 Filii
1654 3727 1754 3782 Dei
1789 3745 1974 3801 usque

327 3813 398 3866 ad
424 3829 634 3884 corpus
659 3813 880 3884 absque
905 3818 1160 3885 peccato.
1185 3817 1469 3886 Ignorans
1501 3815 1657 3871 enim
1685 3818 1843 3872 omni
1879 3835 1970 3873 ra-

327 3901 484 3956 tione
544 3906 868 3971 peccatum,
909 3903 1188 3974 dignatus
1234 3909 1321 3959 est
1368 3921 1470 3974 pro
1521 3905 1711 3975 nobis,
1746 3907 1975 3978 propria

326 4003 442 4041 non
473 3988 774 4055 deserens,
801 3990 927 4044 sine
958 3997 1192 4061 peccato
1225 3993 1343 4046 ﬁeri
1381 4000 1706 4064 peccatum.
1732 3999 1795 4050 ut
1841 4012 1969 4064 nos,

323 4079 560 4145 peccato
592 4079 980 4148 mancipatos,
1016 4095 1116 4149 per
1142 4081 1515 4151 adoptionem
1549 4099 1676 4152 quae
1708 4101 1810 4154 per
1837 4100 1969 4140 eum

322 4162 472 4216 facta
503 4167 591 4217 est
621 4168 888 4218 nostrum
923 4167 1274 4234 omnium,in
1299 4170 1602 4240 antiquam
1635 4171 1965 4229 libertatem

322 4250 676 4306 restitueret.
711 4251 855 4306 Nam
905 4270 1038 4308 cum
1090 4255 1238 4309 foret
1286 4255 1583 4312 divinitate
1631 4259 1966 4331 opulentus,

318 4337 714 4411 locupletante
743 4357 948 4396 omnes
1007 4343 1201 4413 inopia
1260 4344 1325 4399 iit
1379 4362 1621 4418 pauper,
1664 4348 1966 4405 excellenti

317 4428 569 4496 quodam
604 4429 776 4484 modo
809 4435 1068 4485 nostram
1101 4448 1336 4488 carnem
1372 4451 1703 4503 assumens,
1739 4443 1801 4493 ut
1838 4440 1965 4509 eius

315 4515 616 4573 divinitate
648 4535 753 4574 nos
780 4518 1055 4587 ditemur,
1091 4525 1147 4575 et
1177 4521 1234 4576 in
1269 4523 1455 4578 forma
1504 4524 1605 4578 Dei
1653 4530 1710 4580 et
1757 4544 1965 4582 secun-

314 4607 455 4661 dum
507 4607 824 4663 essentiam
873 4607 1028 4663 Deus
1074 4610 1387 4681 exsistens,
1433 4617 1672 4685 propter
1718 4616 1965 4673 effusam

312 4696 682 4767 cbaritatem,
710 4695 976 4752 servilem
1007 4698 1250 4753 formam
1303 4701 1513 4770 induit,
1553 4703 1780 4759 Verbum
1829 4721 1962 4762 cum

313 4791 468 4841 esset
489 4785 1018 4856 simplicissimum,
1045 4789 1489 4846 subsistentiam
1515 4791 1757 4862 habens,
1782 4800 1839 4850 et
1862 4796 1967 4852 im-

311 4874 674 4930 mutabiliter
699 4891 824 4930 caro
849 4875 1033 4947 factus
1052 4881 1129 4931 est
1152 4879 1238 4947 (0).
1269 4879 1426 4934 Adde
1458 4880 1548 4935 bis
1579 4899 1810 4937 omnem
1834 4887 1963 4954 ejus

307 4963 597 5019 incarnati
627 4965 757 5018 vita;
791 4981 1029 5020 cursum
1065 4967 1963 5042 summainopianotatum,pras-

307 5054 676 5124 sepe,fugam
711 5051 770 5107 in
802 5057 1136 5125 ZEgyptum,
1164 5071 1298 5110 cum
1331 5057 1741 5114 meretricibus
1767 5066 1822 5115 et
1850 5078 1960 5132 pu-

306 5139 553 5196 blicanis
611 5146 942 5213 promptam
981 5143 1462 5215 familiaritatem,
1491 5145 1781 5203 delectum
1814 5167 1957 5221 pau-

376 5323 477 5398 (m)
506 5324 644 5398 Cap.
672 5343 840 5398 xxxv,
872 5345 925 5384 v.
957 5329 1010 5383 4.
1089 5330 1170 5402 (η)
1197 5333 1331 5403 Cap.
1370 5348 1446 5402 1v,
1478 5349 1530 5388 v.
1565 5333 1615 5388 4.

2164 621 2626 695 Στοιχειωθέντας
2661 665 2674 680 .
2734 624 3191 700 Στοιχειωθέντας
3249 625 3394 703 λέγει
3455 631 3571 687 ἀντὶ
3645 639 3744 689 τοῦ

2093 706 2490 784 ὠφεληθέντας.
2551 711 2747 766 Ἰστέον
2807 709 2884 783 δὶ,
2941 714 3024 768 ὅτι
3088 715 3222 788 μετᾶ
3272 717 3486 774 Παῦλον
3532 719 3742 792 ἐμαθη-

2089 795 2252 866 τεύθη
2310 801 2388 869 τῷ
2448 798 2582 874 ἁγίῳ
2639 800 2885 875 Ἱεροθέῳ
2919 821 2931 835 ⁸
2994 803 3404 877 ὑφαρπάζοντας
3461 805 3519 862 δὲ
3591 809 3742 884 λέγει

2091 884 2208 940 ἀντὶ
2255 891 2350 940 τοῦ
2400 888 2645 965 κρυφίως
2695 888 3169 966 ἷίδιοποιουμένους
3215 895 3304 950 καὶ
3356 899 3742 974 σφετεριζομέο

2092 995 2218 1036 νους
2244 978 2314 1034 ³³.

2163 1059 2562 1136 Πρεσϐυτικῶς.
2633 1067 2711 1124 Τὸ
2768 1065 3142 1142 πρεσϐυτικῶς
3203 1074 3297 1146 μὶν
3361 1073 3490 1136 ἴσως
3551 1072 3748 1133 ἔλαϐεν

2092 1151 2205 1207 ἀντὶ
2263 1157 2356 1206 τοῦ
2401 1153 2674 1231 ἐμπείρως
2718 1158 2804 1212 καὶ
2859 1158 3320 1233 έπισττιμονικῶς⁸
3377 1166 3745 1229 συνοπτικοὺς

2093 1238 2150 1295 δὲ
2179 1240 2340 1316 ὅρους
2390 1243 2521 1320 φησὶ
2563 1245 2695 1307 τοὺς
2748 1247 3012 1320 σύντομον
3064 1245 3292 1325 ἔχοντας
3334 1254 3434 1323 τὴν
3484 1257 3742 1330 θεωρίαν·

2091 1334 2250 1385 τοῦτο
2301 1331 2403 1406 γὰρ
2453 1330 2700 1404 ἐδήλωσε
2741 1337 2830 1390 καὶ
2877 1337 3080 1401 ἑνιαίας
3123 1340 3312 1397 εἰπών⁸
3367 1341 3660 1416 ωνελῖξεις
3688 1341 3746 1401 δέ

2093 1441 2224 1497 φησι
2252 1420 2349 1483 τὰς
2382 1418 2451 1476 δι’
2481 1420 2685 1498 ὀλίγων
2719 1423 3022 1504 ἰκφρᾶσεις.

2161 1603 2246 1659 Ὠς
2299 1599 2417 1653 οἷον
2475 1601 2612 1671 ἡμῖν
2647 1642 2659 1657 .
2715 1603 3002 1659 Τουτέστιν
3063 1607 3136 1668 ὡς
3192 1604 3415 1664 δυνατὸν
3467 1610 3590 1684 ἐμοὶ
3649 1612 3746 1668 καὶ

2092 1686 2252 1748 αὐτὸς
2296 1687 2630 1762 προέτρεψας
2689 1689 3036 1764 ἑρμηνεῦσαι,
3090 1694 3180 1750 καὶ
3239 1697 3357 1752 ὅσοι
3418 1701 3534 1754 καθ’
3588 1702 3744 1772 ἡμᾶς

2093 1772 2413 1830 διδάσκαλοι
2461 1775 2640 1841 οὕτως
2689 1780 3058 1854 ἠρμήνευσαν·
3111 1783 3245 1856 αὕτη
3278 1786 3312 1856 ἠ
3365 1786 3608 1851 σύνθεσις
3640 1795 3744 1845 τοῦ

2091 1859 2396 1939 ὑπερϐατοῦ
2409 1909 2420 1922 .

2163 1953 2392 2029 Δεύτερα
2466 1951 2650 2031 λόγια.
2734 1959 3052 2032 Σημείωσαι
3130 1963 3213 2016 ὅτι
3280 1965 3346 2018 τὰ
3412 1969 3509 2020 τοῦ
3580 1966 3745 2043 ἁγίου

2088 2039 2353 2133 Ἱεροθέου
2412 2043 2823 2120 Συγγράμματα
2878 2049 2953 2110 ὡς
3010 2045 3256 2125 δευτέραν
3314 2053 3465 2127 ἁγίαν
3514 2039 3742 2133 Γραιρὴν

2094 2131 2396 2202 νομιστέον.

2161 2217 2526 2291 Αὐτοπτικήν.
2558 2222 2663 2290 Τὴν
2719 2223 3152 2282 ἀνεπικάλυπτον
3197 2229 3287 2283 καὶ
3343 2229 3747 2309 ἐμφανεστέραν

2087 2306 2409 2378 κατανόησιν
2440 2307 2606 2385 λέγει.

2160 2392 2553 2470 Πρεσϐυτικῆς.
2613 2402 2731 2455 ’Ότι
2801 2403 2834 2471 ἠ
2892 2400 3224 2480 πρεσϐυτικὴ
3279 2406 3398 2480 ἀξία
3466 2409 3745 2468 τελειοτέ-

2088 2503 2154 2555 ρα
2204 2484 2293 2539 καὶ
2344 2483 2864 2570 διδασκαλικωτέρα,
2907 2494 3121 2548 πάντων
3169 2497 3354 2570 ἱερέων
3410 2496 3540 2554 ἐστί.
3572 2499 3638 2556 Τί
3685 2499 3746 2557 δέ

2089 2572 2199 2627 έστι
2235 2569 2610 2662 Δπρεσϐυιτικιῆ,
2663 2579 2876 2648 νοήσεις
2933 2579 2983 2651 ἒξ
3036 2569 3258 2639 Ἡσαΐου
3319 2585 3602 2662 λέγοντος.
3665 2591 3742 2646 Οὐ

2086 2656 2340 2734 πρέσϐυς,
2392 2665 2492 2718 οὐκ
2539 2662 2800 2740 ἄγγελος,
2855 2667 2982 2724 ἀλλ’
3042 2671 3202 2736 αὐτὸς
3258 2675 3286 2729 ὁ
3343 2656 3545 2752 Κὺριος
3618 2678 3743 2750 ἥξει

2085 2751 2174 2804 καὶ
2237 2752 2399 2806 σώσει
2454 2755 2601 2826 ἡμᾶς
2633 2774 2646 2786 '
2702 2755 2791 2811 καὶ
2850 2756 2910 2812 ἐκ
2958 2760 3058 2828 τῆς
3115 2765 3211 2817 τοῦ
3271 2751 3433 2838 ἁγίου
3485 2768 3740 2823 Ἰωάννου

2087 2840 2530 2915 Ἀποκαλόψεως,
2580 2843 2638 2906 ὃς
2690 2842 2860 2900 εἷ’κοσι
2904 2846 3165 2924 τέσσαρας
3221 2847 3620 2928 πρεσϐυτέρους
3653 2859 3735 2912 εῖ-

2084 2947 2178 2982 πεν
2211 2928 2504 3003 ἑωρακέναι
2535 2930 2586 2985 έν
2619 2933 2870 3007 οὐρανοῖς
2917 2936 3042 3011 περὶ
3075 2939 3166 2992 τὸν
3197 2944 3294 2994 τοῦ
3345 2946 3478 2997 Θεοῦ
3507 2941 3742 3000 ἀνεκλά-

2085 3013 2254 3087 λητον
2292 3019 2505 3092 θρόνον.
3204 3046 3206 3048 ’

2157 3108 2271 3162 Τοῦ
2301 3112 2635 3183 ζωαρχικοῦ,
2670 3112 2986 3186 Ζωαρχικὸν
3016 3114 3107 3168 καὶ
3157 3114 3418 3193 θεοδόχον
3449 3124 3611 3194 σῶμα
3638 3124 3736 3177 τά·

2085 3212 2161 3267 χα
2190 3194 2252 3247 τὸ
2301 3201 2398 3263 τῆς
2439 3195 2594 3268 ἁγίας
2644 3198 2910 3254 Θεοτόκου
2958 3199 3128 3276 λέγει,
3176 3205 3299 3260 τότε
3345 3209 3735 3281 κοιμηθείσης.

2087 3283 2402 3354 Σημείωσαι
2435 3281 2492 3338 δὲ
2520 3284 2608 3338 καὶ
2637 3287 2720 3354 τὸ,
2751 3288 2779 3342 ὁ
2828 3285 3156 3367 ἀδελφόθεος
3209 3291 3487 3358 Ἰάκωϐος·
3525 3299 3614 3353 καὶ
3647 3300 3737 3356 ὅτι

2085 3379 2372 3447 συμπαρῆν
2404 3373 2588 3449 Πέτρῳ
2617 3375 2705 3429 καὶ
2738 3373 2981 3451 Ἰακώϐῳ
3011 3385 3130 3442 τοῖς
3158 3380 3490 3447 ἀποστόλοις
3526 3389 3556 3441 ὁ
3587 3393 3736 3452 θεῖος

2085 3461 2238 3522 οὗτος
2271 3460 2371 3530 ἀνή
2379 3482 2427 3536 ρ.

2155 3552 2276 3606 Τῶν
2311 3548 2608 3624 θεολόγων.
2647 3554 2776 3628 Περὶ
2824 3559 2933 3610 τῶν
2965 3555 3134 3633 ἁγίων
3167 3560 3488 3618 ἀποστόλων
3519 3562 3690 3640 λέγει.

2151 3641 2256 3706 Τῆς
2323 3644 2619 3714 θεαρχικῆς
2691 3641 2963 3708 ἀσθενείας
2995 3689 3008 3702 .
3069 3651 3375 3725 Θεαρχικήν
3452 3654 3732 3718 ἀσθένειαν

2081 3725 2301 3782 ἐνταῦθά
2344 3749 2498 3806 φησι,
2528 3731 2628 3799 τήν
2671 3731 2916 3789 ἑκούσιον
2970 3739 3068 3790 τοῦ
3128 3738 3255 3794 Υἱοῦ
3313 3741 3446 3816 ἄχρι
3502 3745 3729 3818 σαρκὸς,

2080 3814 2346 3890 ἁμαρτίας
2388 3814 2541 3893 δίχα,
2601 3818 3016 3895 συγκατάϐασιν·
3071 3814 3495 3905 ἀμαρτίαννήγὰρ
3533 3814 3728 3905 Δπάντ·ιῇ

2080 3905 2370 3980 ἀγνοήσας,
2430 3909 2757 3982 κατηξίωσεν
2820 3914 2950 3989 ὑπὲρ
3007 3917 3192 3992 ἡμῶν,
3254 3922 3329 3992 μὴ
3380 3921 3571 3987 ἐκστὰς
3615 3931 3729 3981 τῶν

2080 3993 2321 4087 οἷ’κείων,
2366 3997 2777 4087 λάναμαρτήτως
2835 4005 3070 4079 ἁμαρτία
3116 4009 3381 4083 γενέσθαι,
3435 4009 3509 4066 είν’
3575 4015 3730 4087 ἡμᾶς

2077 4083 2204 4145 τοὺς
2265 4083 2637 4151 δουλωθέντας
2681 4094 2750 4164 τῇ
2811 4093 3052 4169 ἁμαρτίᾳ
3107 4092 3198 4150 διὰ
3253 4105 3356 4168 τῆς
3417 4097 3486 4155 δι’
3536 4083 3730 4160 ἑαυτοῦ

2078 4173 2237 4265 ἡμῶν
2287 4175 2552 4265 υἱοθεσίας
2603 4178 2680 4242 εἷς
2723 4182 2821 4250 τήν
2881 4181 3110 4258 ἀρχαίαν
3162 4185 3470 4265 έπαναγάγῃ
3517 4189 3731 4258 έλευθεο

2079 4260 2216 4334 ρίαν·
2249 4261 2515 4328 πλούσιος
2541 4267 2642 4342 γὰρ
2691 4265 2763 4322 ὢν
2811 4270 3050 4343 θεότητι,
3084 4260 3360 4351 πτωχεύει
3552 4280 3728 4338 πλου-

2075 4352 2295 4405 τοποιὸν
2357 4355 2658 4428 πτωχείαν,
2719 4353 3004 4414 ἀναλαϐὼν
3066 4362 3351 4442 ὑπερφυῶς
3407 4368 3508 4436 τὴν
3565 4370 3728 4442 ἡμῶν

2077 4436 2266 4512 σάρκα,
2293 4438 2384 4495 ’ἶνα
2429 4443 2595 4515 ἡμεῖς
2645 4445 2744 4514 τὴν
2796 4445 3002 4504 ἐκείνου
3041 4449 3442 4528 πλουτήσωμιν
3475 4457 3726 4531 meum,

1997 4549 2042 4615 Β
2072 4528 2160 4624 καὶ
2193 4529 2244 4584 έν
2299 4537 2481 4624 αρριρῇ
2531 4540 2663 4624 Θεοῦ
2716 4538 2804 4591 καὶ
2851 4540 2980 4603 Θεὸς
3028 4545 3146 4597 κατ’
3196 4543 3383 4601 οὐσίαν
3433 4528 3724 4624 ὑπάρχων,

2075 4619 2172 4687 τήν
2205 4624 2299 4673 τοῦ
2331 4618 2533 4677 δούλου
2583 4621 2653 4677 δι’
2703 4626 3056 4704 ὑπερέκχυσιν
3109 4632 3443 4706 ἀγαθότητος
3481 4618 3724 4694 ηὑπέδυ

2077 4709 2312 4802 μορφὴν,
2350 4712 2525 4802 Λόγος
2556 4712 2765 4802 ἁπλοῦς
2799 4713 2891 4786 ὢν,
2944 4717 3322 4792 ένυπόστστος,
3353 4724 3443 4778 καὶ
3490 4727 3724 4802 γεγονὼς

2070 4794 2346 4870 ἀτρέπτως
2405 4799 2556 4874 σιιὶρξ⁹
2632 4797 2709 4858 ἔτι
2785 4805 2920 4881 πρὸς
2977 4809 3191 4872 τούτοις
3245 4812 3335 4866 καὶ
3386 4819 3560 4869 πᾶσαν
3618 4818 3718 4886 τήν

2071 4881 2324 4960 ἕνσαρκον
2355 4889 2522 4943 αὐτοῦ
2553 4893 2816 4969 πενιχρὰν
2867 4892 3172 4966 πολιτείαν,
3203 4900 3306 4969 τήν
3353 4903 3584 4979 φάτνην,
3626 4905 3722 4974 τὴν

2069 4972 2144 5035 εἷς
2201 4973 2467 5050 Αἴγυπτον
2511 4981 2708 5055 φυγὴν,
2752 4983 2851 5051 τὴν
2888 4985 3022 5056 μετά
3071 4992 3286 5063 πορνῶν
3339 4991 3429 5046 καὶ
3460 4991 3714 5049 τελωνῶν

2068 5059 2361 5158 ἀδιάφορον
2408 5063 2805 5158 συνδιαγωγήν,
2839 5072 2938 5140 τὴν
2989 5059 3230 5151 ἐκλογὴν
3279 5083 3388 5135 τῶν
3426 5081 3717 5158 πτωχοτᾶ-

2064 5173 2173 5207 των
2208 5150 2429 5224 ἀλιέων,
2486 5157 2548 5211 τὸ
2607 5158 2791 5215 ἄοικον
2838 5161 3026 5236 αὐτοῦ,
3081 5150 3147 5220 τὸν
3199 5150 3597 5246 ιιιύτοσχέδιον,⁷
3628 5173 3714 5229 καὶ

1696 5334 1769 5407 (ο)
1800 5335 1970 5394 Joan.
2002 5355 2046 5408 ι,
2080 5341 2166 5397 14.

1319 5499 1558 5557 VARI/E
1597 5502 1985 5564 LECTIONES
2025 5506 2113 5564 ET
2151 5507 2699 5573 CORRECTIONES.

379 5612 424 5649 ⁸³
453 5609 944 5690 μετιγγρᾶφοντας.
1021 5612 1069 5648 ²⁴
1098 5607 1166 5666 δι’
1199 5610 1332 5688 ὑπέρ
1363 5613 1519 5691 φύσιν
1551 5615 1886 5692 ἀγαθότητα.
