4000 6200
249 368 355 423 237

1014 373 1072 424 S.
1114 372 1379 425 MAXIMI
1421 372 1726 426 SCHOLIA
1768 375 1840 426 IN
1879 375 2012 427 LIB.
2054 377 2150 429 DE
2189 378 2457 434 DIVINIS
2497 382 2908 438 NOMINIBUS.

3557 393 3664 449 238

248 487 736 565 ἆπροπαράσκευον
815 491 990 556 πάντη
1068 497 1166 558 τῆς
1231 489 1368 560 ὅλης
1422 491 1588 546 αὑτοῦ
1646 490 1879 563 ἰνσάρκοι

2020 498 2411 567 perriinorum
2464 502 2847 572 piscatorum,
2882 509 3037 577 quod
3098 508 3226 565 sine
3285 515 3434 568 tecto
3464 513 3658 584 fuerit,

249 586 418 649 ζωῆς,
472 581 564 634 τὸν
595 581 792 652 ἄτιμον
826 578 915 634 ἐπὶ
965 586 1197 657 σταυροῦ
1249 591 1474 644 θάνατον
1524 583 1907 655 (Ἐπικατάρα-

2017 589 2170 656 quod
2205 589 2333 658 ejus
2363 589 2421 644 in
2456 607 2628 646 carne
2659 592 2775 648 vita
2806 597 3139 651 communis
3162 602 3220 652 et
3273 599 3498 670 plebeia
3536 605 3661 660 nul-

242 689 334 729 τος
381 670 488 744 γὰρ
550 675 654 731 πᾶς
706 670 734 723 ὁ
794 668 1142 746 κρεμάμενος
1194 670 1281 724 ἐπὶ
1343 669 1557 741 ξύλου),
1611 672 1712 739 τήν
1773 691 1879 744 μετέ

2015 673 2206 745 lisque
2237 677 2516 735 subsidiis
2547 679 2858 747 instructa,
2914 685 3070 754 quod
3125 668 3329 742 infami
3380 696 3566 746 morte
3595 693 3654 748 in

241 761 348 812 τῶν
395 758 719 834 κακούργων
778 756 996 833 λῃστῶν
1054 759 1466 833 συναρίθμησιν,
1523 759 1616 820 τὰς
1648 757 1904 832 διαπερο-

2013 778 2182 819 cruce
2212 767 2547 822 occubuerit
2570 769 2914 839 (Maledicta:
2943 775 3094 828 enim
3124 775 3303 830 omnis
3333 779 3428 848 qui
3455 780 3657 850 pendet

241 849 426 916 νήσεις
478 851 591 902 τῶν
640 846 821 916 ἥλων,
875 850 976 917 τήν
1023 845 1112 902 διὰ
1164 855 1264 917 τῆς
1325 847 1542 924 λόγχης
1603 848 1746 918 νύξιν
1801 855 1866 918 τῆ

2012 851 2072 906 in
2089 852 2504 928 ligno(q),quod
2529 873 2662 912 cum
2679 858 2962 930 improbis
2983 861 3314 920 latronibus
3336 845 3412 922 sit
3429 845 3654 924 connu-

240 933 504 1010 πλευρᾶς,
553 937 619 991 τὰ
669 935 1020 1012 ῥαπίσματα,
1079 939 1144 991 τὰ
1203 936 1582 1010 ἰμπτύσματα,
1633 937 1696 992 τὸ
1754 934 1896 1009 ὅξος,

2011 949 2267 998 moratus
2302 964 2314 1012 ;
2350 946 2496 1000 adde
2527 945 2744 1002 ﬁxuras
2776 947 3328 1018 clavorum,lancea=
3358 955 3574 1012 vulnus
3594 958 3654 1014 in

235 1027 331 1094 τὴν
364 1023 574 1101 χολήν,
607 1026 698 1080 τὸν
734 1025 1010 1080 ἀκάνθινον
1073 1027 1350 1104 στέφανον,
1380 1027 1506 1090 τοὺς
1537 1024 1879 1101 διαπαιγμοὺι

2010 1028 2207 1096 latere,
2233 1032 2530 1104 colaphos,
2562 1041 2756 1106 sputa.
2788 1045 3043 1107 acetum,
3082 1041 3178 1110 fel,
3227 1059 3502 1101 coronam
3535 1047 3655 1118 spi-

234 1114 316 1169 καί
352 1111 782 1190 διαγελασμοὺς,
840 1115 936 1177 τὰς
967 1117 1376 1189 γονυπετήσεις,
1429 1117 1527 1185 τήν
1583 1114 1893 1170 εὐτελεστά-

231 1225 326 1270 την
376 1200 606 1272 κηδείαν
658 1224 716 1257 τε
767 1204 856 1257 καί
896 1205 1095 1281 ταφήν.
1147 1205 1320 1261 Τοῦτο
1366 1204 1428 1259 τὸ
1461 1205 1652 1258 ὡσανεὶ
1709 1205 1891 1278 μωρὸν

231 1291 316 1346 καὶ
349 1293 571 1353 ἀσθενὶς
600 1296 696 1347 τοῦ
727 1296 882 1360 Θεοῦ,
912 1297 993 1364 τῷ
1027 1292 1178 1369 λόγῳ
1215 1300 1316 1362 τῆς
1358 1293 1678 1365 οἰκονομίας
1711 1294 1890 1370 σοφώ-

233 1401 384 1456 τερον
438 1382 530 1436 καὶ
587 1381 938 1456 ἰσχυρότερον
1014 1381 1353 1457 ἀσυγκρίτως
1408 1387 1516 1436 τῶν
1566 1381 1889 1455 ἀνθρώπων,

234 1474 299 1543 τῇ
333 1467 710 1545 ὑπερδυνάμῳ
740 1470 830 1524 καὶ
864 1469 1150 1548 ὑπερσόφῳ
1182 1471 1445 1541 ἐκνικήςει
1502 1475 1598 1525 τοῦ
1645 1471 1887 1544 κρείττο-

232 1579 316 1620 νος
349 1559 698 1632 διαπρυσίως
730 1555 1056 1633 ἀπεδείχθη,
1086 1559 1372 1636 ἀφθέγκτῳ
1431 1563 1554 1632 σιγῇ
1586 1557 1655 1613 δι’
1711 1554 1885 1634 ἔργων

233 1641 581 1719 ἐπιϐοώμενον
637 1646 782 1721 πάσῃ
835 1651 902 1720 τῇ
954 1648 1122 1701 κτίσει
1181 1646 1616 1717 ἀκαταλήπτως’
1679 1648 1724 1702 εί
1781 1649 1884 1722 γὰρ

230 1734 309 1789 καί
371 1735 694 1809 ἐσταυρώθη
756 1734 809 1805 ἕξ
865 1734 1162 1805 ἀσθενείας,
1223 1735 1368 1792 ἀλλὰ
1418 1740 1482 1810 ζῇ
1516 1735 1575 1791 ἐκ
1603 1733 1883 1809 δυνάμεως

227 1827 357 1880 κατὰ
387 1823 611 1882 Παῦλον
643 1824 734 1879 τὸν
785 1825 1088 1882 θεσπέσιον.
1149 1824 1243 1886 Εἰς
1300 1825 1362 1880 τὸ
1420 1826 1552 1880 αὐτὸ
1583 1824 1766 1887 καλῶς
1820 1825 1883 1880 τὸ

228 1921 327 1982 τῆς
385 1914 659 1976 ἀσθενείας
712 1915 810 1982 τῆς
865 1920 1163 1988 θεαρχικῆς
1223 1913 1424 1990 εἴρηκε·
1487 1912 1576 1968 διὰ
1639 1913 1740 1990 γὰρ
1789 1916 1886 1982 τήν

230 2005 366 2075 πρὸς
410 2005 556 2074 ἡμᾶς
586 2001 830 2057 ἑκούσιον
879 1997 1302 2076 συγκαταϐασιν,
1357 2004 1531 2057 πάντα
1589 2003 1886 2076 ὑπομείνας

231 2093 357 2166 ἄχρι
393 2091 650 2162 Θανάτου,
684 2092 913 2154 θανάτου
943 2088 1000 2146 δὶ
1058 2096 1288 2166 σταυροῦ
1334 2091 1424 2146 καὶ
1470 2092 1565 2153 τὰς
1615 2092 1886 2154 ἀσθενείας

232 2184 387 2252 ἡμῶν
419 2180 582 2242 αὐτὸς
615 2179 776 2256 α’ίρει,
809 2181 898 2234 καὶ
946 2181 1071 2256 περὶ
1128 2183 1287 2252 ἡμῶν
1337 2179 1609 2252 ὁδυνᾶται,
1659 2182 1748 2235 καὶ
1806 2185 1885 2252 τῷ

233 2270 473 2342 μώλωπι
507 2269 673 2324 αὐτοῦ
723 2272 887 2341 ἡμεῖς
918 2271 1111 2330 πάντες
1157 2268 1407 2342 ἶάθημεν,
1457 2271 1547 2324 καὶ
1602 2271 1665 2325 τὸ
1714 2271 1884 2332 πάθος

230 2360 393 2414 αὐτοῦ
420 2357 572 2414 ’ἰδιον
602 2357 814 2434 λέγεται
845 2359 980 2414 κατὰ
1025 2360 1122 2427 τήν
1149 2363 1247 2412 τοῦ
1284 2360 1487 2431 Πέτρου
1541 2361 1728 2436 φωνὴν
1787 2360 1885 2428 τήν

231 2447 521 2522 λέγουσαν,
583 2450 820 2519 Χριστοῦ
876 2449 966 2503 οὖν
1015 2449 1281 2512 παθόντος
1338 2448 1470 2523 ὑπὲρ
1512 2451 1670 2519 ἡμῶν
1705 2449 1880 2523 σαρκί·

227 2537 336 2606 καὶ,
369 2537 437 2591 Εἰ
464 2536 732 2611 ἔγνωσαν,
762 2536 860 2591 οῦκ
889 2536 949 2590 ἃν
979 2535 1069 2591 τὸν
1105 2537 1301 2612 Κύριον
1335 2543 1434 2605 τῆς
1483 2534 1644 2606 δόξης
1693 2537 1884 2592 ἐσταύ-

227 2646 428 2698 ρωσαν·
464 2627 585 2681 ὅθεν
611 2625 702 2680 καὶ
731 2626 1078 2700 κυριοκτόνοι
1111 2626 1163 2679 οἱ
1195 2623 1453 2682 Ἰουδαῖοι
1487 2624 1756 2701 λέγονται.

293 2803 634 2877 Ὑμνολόγος
689 2804 1030 2878 κρινόμενος.
1083 2806 1204 2860 ’Ότι
1269 2803 1356 2858 καὶ
1407 2801 1661 2878 ψαλμοὺς
1695 2800 1880 2878 ἔλεγον

229 2896 347 2948 τότε
375 2891 647 2964 ἐμμελεῖς
676 2894 726 2946 οἱ
757 2891 880 2967 περὶ
909 2893 1000 2947 τὸν
1033 2891 1187 2968 ἃγιον
1219 2892 1476 2966 Ἱερόθεον
1509 2893 1598 2947 καὶ
1630 2891 1882 2965 ᾠδὰς,ὡς

233 2980 393 3049 δηλοὶ
425 2985 516 3037 καί
547 2983 610 3037 τὸ
645 2981 971 3057 ὑμνολογεῖν
1003 2983 1093 3037 καὶ
1118 2983 1180 3038 τὺ
1215 2980 1502 3055 ὑμνῳδεῖν·
1549 2983 1639 3038 καὶ
1689 2983 1770 3038 ὅτι
1821 2983 1884 3038 τὰ

236 3072 326 3143 μὲν
360 3069 555 3144 ὑψηλὰ
582 3071 673 3126 καὶ
723 3070 955 3144 μυστικὰ
1001 3069 1209 3147 ἄρρητα
1254 3077 1371 3135 τοῖς
1398 3070 1634 3134 πολλοῖς
1678 3069 1758 3126 δεῖ
1784 3093 1884 3148 φυ-

232 3158 462 3214 λάττειν’
497 3159 716 3232 ὁμιλεῖν
749 3156 809 3213 δὲ
838 3159 926 3214 καὶ
961 3156 1232 3215 διδάσκειν
1264 3157 1346 3215 δεῖ
1372 3159 1497 3221 τοὺς
1527 3157 1776 3224 πολλοὺς
1818 3160 1884 3216 τὰ

232 3245 427 3303 δυνατά
456 3249 547 3302 καὶ
582 3245 960 3306 εὐαπόδεικτα.

300 3431 422 3483 Τῶν
454 3425 633 3490 θείων.
665 3431 704 3480 Γ
709 3429 891 3504 ραφῶν
921 3422 1178 3494 δηλονότι
1206 3427 1295 3482 καὶ
1326 3427 1718 3502 θεωρημάτων.

304 3605 404 3660 Διὶ
431 3606 691 3679 περισσὴν
722 3600 1025 3662 εὐλάϐειαν.
1084 3609 1206 3664 ’Ὁτι
1238 3601 1463 3670 εὐλαϐὲς
1489 3607 1552 3662 τὸ
1587 3608 1662 3678 μή
1698 3612 1877 3678 ζητεῖν

229 3696 298 3750 τὰ
328 3695 591 3769 θειότερα.

299 3784 647 3861 Εἰλήφαμεν.
682 3783 999 3857 Σημείωσαι
1029 3783 1112 3840 ὅτι
1169 3783 1233 3839 οὐ
1293 3782 1376 3838 δεῖ
1428 3791 1526 3854 τῆς
1584 3783 1878 3860 ἐνδεχομᾶ-

228 3895 321 3945 νης
378 3878 492 3929 τῶν
548 3873 702 3927 θείων
757 3875 1008 3947 γνώσεως
1035 3871 1284 3946 ἀμελεῖν,
1325 3871 1469 3929 ἀλλὰ
1526 3874 1614 3928 καὶ
1673 3875 1878 3948 ἑτέροις

233 3960 621 4034 μεταδιδόναι·
690 3961 780 4015 καὶ
851 3960 931 4015 ὅτι
1009 3963 1144 4016 κατά
1215 3962 1370 4039 φύσιν
1425 3963 1477 4016 οἱ
1529 3962 1648 4026 νόες
1700 3961 1876 4039 ἔφεσιν

230 4050 417 4126 ἔχουσι
477 4051 618 4125 πρὸς
670 4051 770 4119 τήν
829 4049 1178 4126 ἰγχωροῦσαν
1237 4055 1345 4106 τῶν
1407 4052 1688 4129 ὑπερφυῶν
1751 4063 1880 4114 θεω-

229 4141 369 4214 ρίαν.

292 4233 366 4284 Τὰ
404 4231 499 4301 μὶν
537 4228 667 4302 ὑπὲρ
698 4230 864 4300 ἡμᾶς.
896 4230 1017 4285 ’Ότι
1050 4227 1110 4282 οὐ
1143 4225 1226 4282 δεῖ
1251 4229 1318 4282 τὰ
1349 4228 1482 4302 ὑπὲρ
1512 4230 1658 4300 ἡμᾶς
1711 4227 1879 4283 πολυ-

224 4322 580 4394 πραγμονεῖν,
616 4313 742 4370 οὐδὲ
767 4317 989 4388 ἀμελεῖν
1019 4324 1121 4385 τῆς
1141 4317 1285 4380 θείας
1313 4317 1586 4392 γνώσεως,
1615 4317 1760 4372 ἀλλὰ
1788 4318 1878 4372 καὶ

225 4407 426 4479 ἑτέροις
501 4402 847 4478 μεταδιδόναι
903 4410 1012 4460 τῶν
1070 4403 1468 4479 ἐνδεχομένων
1515 4404 1878 4480 ε’ίρηταιγᾶρ,

222 4495 566 4568 Ὑψηλότερά
632 4515 728 4548 σου
775 4496 878 4566 [μή
933 4496 1104 4564 ζήτει,
1162 4494 1252 4549 καὶ
1311 4495 1577 4570 βαθύτερα
1634 4499 1751 4566 σου]
1800 4497 1874 4566 μὴ

221 4584 424 4656 ἐρεύνασ
459 4582 492 4638 ἃ
523 4583 832 4659 προσετάγη
866 4604 976 4656 σοι,
1004 4588 1172 4638 ταῦτα
1202 4581 1444 4640 διανοοῦ.

290 4759 766 4836 Ἐγκελευομένη.
829 4761 972 4816 Κατὰ
1025 4762 1115 4816 τὸν
1179 4760 1510 4817 Ἀπόστολον
1567 4761 1870 4836 [εἰ’πόντα].

217 4854 394 4904 Ταῦτα
419 4849 666 4917 παράθου
694 4854 911 4911 πιστοῖς
942 4849 1273 4923 ἀνθρώποις.

283 4938 520 5000 Τούτοις
555 4938 646 4992 οῦν
700 4938 790 4992 καὶ
838 4940 1022 5010 ἡμεῖς.
1083 4939 1424 5011 Σημείωσαι,
1475 4940 1637 4994 πόθεν
1695 4939 1782 4994 ἐπὶ
1810 4940 1873 4994 τὸ

215 5026 552 5104 συγγράφειν
584 5025 771 5094 ἦλθεν.

279 5116 559 5192 Ἰεροθὲῳ.
608 5119 729 5171 ’Ότι
778 5115 830 5171 ἑν
861 5121 977 5178 τοῖς
1038 5115 1472 5192 λεχθησομένοις
1510 5117 1578 5172 τὰ
1610 5118 1874 5193 Ἰεροθέου

210 5203 533 5279 ιρμητεῦει.

719 5313 834 5368 ΕΙΣ
886 5313 980 5370 ΤΟ
1019 5313 1273 5370 ΚΕΦΑΛ.
1317 5321 1374 5368 Δ.

281 5423 311 5488 §
347 5424 393 5474 Ι.
429 5419 545 5475 Εἶεν
582 5415 642 5472 δὶ
674 5417 787 5475 οῦν.
819 5419 956 5494 Ἀγε
987 5415 1053 5487 δή
1087 5419 1201 5473 οῦν·

283 5507 665 5584 Ἀφορίζουσι.
716 5506 787 5560 Τὸ
853 5508 946 5580 μὲν
997 5506 1311 5585 ἀφορίζουσι
1371 5507 1485 5564 ἀντὶ
1540 5513 1636 5564 τοῦ
1691 5510 1872 5566 ἀνατι-

2007 1135 2196 1189 neam,
2219 1121 3006 1195 ludiﬁcationes,irrisiones,
3029 1132 3488 1201 genuflexiones,
3511 1136 3657 1191 sim-

2006 1208 2395 1278 plicissimum
2439 1213 2614 1268 funus
2647 1221 2705 1270 et
2736 1217 3023 1272 modicam
3059 1220 3211 1276 I23
3257 1222 3654 1294 sepulturam.

2003 1297 2133 1355 Haec
2162 1305 2356 1356 autem
2376 1301 2550 1358 veluti
2566 1303 2821 1360 stultitia
2844 1305 3334 1380 imbecillitasque
3352 1311 3652 1382 Numinis,

2001 1389 2226 1444 ratione
2282 1390 2702 1448 incarnationis
2759 1395 3081 1466 sapientior
3121 1402 3176 1452 et
3234 1397 3404 1471 longe
3445 1401 3654 1458 fortior

1999 1476 2128 1532 sine
2156 1480 2593 1549 comparatione
2616 1479 2980 1548 hominibus,
3025 1487 3436 1555 potentissima
3465 1495 3525 1545 et
3557 1507 3648 1546 exo

1997 1564 2228 1621 callenti
2260 1568 2550 1639 sapientia
2593 1576 2887 1641 reportata
2933 1574 3005 1628 de
3037 1576 3204 1630 hoste
3235 1577 3478 1633 victoria
3526 1579 3648 1635 cla-

1997 1667 2058 1704 re
2088 1657 2324 1708 ostensa
2357 1655 2484 1722 fuit,
2522 1655 2706 1711 multo
2766 1658 3001 1714 silentio
3061 1676 3165 1730 per
3222 1677 3398 1732 opera
3429 1663 3490 1718 in
3525 1669 3647 1721 tota

1997 1739 2375 1796 universitate
2407 1743 2804 1800 indesinenter
2833 1746 3162 1816 celebrata;
3194 1751 3301 1804 etsi
3333 1751 3488 1807 enim
3520 1769 3646 1808 eru-

1995 1829 2194 1899 ciﬁxus
2219 1833 2336 1898 fuit
2399 1847 2468 1886 ea:
2514 1833 2922 1901 imbecillitate,
2965 1838 3065 1892 sed
3101 1837 3242 1893 vivit
3279 1855 3349 1894 ex
3406 1841 3644 1911 virtute,

1996 1920 2325 1976 secundum
2361 1921 2624 1977 divinum
2663 1923 2934 1979 Paulum.
2970 1926 3033 1980 In
3065 1926 3271 1982 eadem
3304 1929 3480 1986 verba
3509 1947 3650 2002 prie-

1996 2007 2149 2063 clare
2195 2011 2348 2079 quod
2409 2016 2500 2065 est
2549 2011 2759 2069 divinae
2815 2015 3220 2071 imbecillitatis
3271 2018 3455 2084 dixit;
3509 2037 3645 2076 nam

1997 2102 2237 2169 propter
2269 2105 2654 2170 spontaneum
2689 2103 2760 2156 ad
2797 2120 2903 2159 nos
2935 2105 3646 2178 condescensionem,om-

1998 2186 2095 2240 nia
2126 2188 2423 2256 perferens
2449 2204 2617 2258 usque
2648 2189 2722 2244 ad
2769 2195 3022 2259 mortem,
3056 2199 3290 2250 mortem
3318 2201 3501 2252 autem
3530 2214 3651 2253 eru-

1993 2272 2620 2344 eis(q),etintirmitates
2643 2280 3018 2350 nostrasipse
3042 2280 3276 2348 tollit,et
3292 2291 3647 2355 propternos

1995 2363 2192 2418 dolore
2213 2365 2530 2429 cruciatur,
2565 2371 2622 2420 et
2651 2367 2940 2422 vibicibus
2987 2368 3146 2424 illius
3188 2374 3378 2426 sanati
3411 2389 3642 2441 sumus,

1993 2458 2051 2506 et
2079 2451 2273 2522 passio
2307 2451 2463 2507 illius
2497 2454 2732 2523 propria
2781 2455 3002 2510 dicitur
3046 2474 3186 2513 voce
3237 2459 3388 2514 Petri
3412 2461 3496 2515 sic
3527 2478 3650 2516 me-

1995 2541 2308 2595 morantis:
2332 2540 2546 2596 Christo
2567 2541 2740 2609 igitur
2753 2559 2926 2615 passo
2949 2547 3006 2599 in
3023 2547 3283 2618 carne(r);
3307 2553 3364 2603 et
3387 2549 3477 2604 :Si
3491 2550 3643 2606 enim

1991 2631 2388 2700 cognovissent,
2420 2646 2705 2701 nunquam
2745 2633 3041 2688 Dominum
3092 2636 3290 2705 gloriae
3332 2639 3645 2708 cruci/imis-

1993 2727 2112 2774 senl
2133 2720 2201 2790 (s)
2226 2737 2240 2786 ;
2265 2719 2420 2774 unde
2449 2723 2506 2774 et
2526 2720 2758 2775 Domini
2791 2723 3093 2792 parricidae
3125 2724 3405 2780 dicuntur
3429 2725 3641 2785 Judaei.

2063 2808 2292 2863 Divinas
2324 2809 2599 2866 laudator.
2635 2808 2780 2875 Quia
2813 2811 3073 2881 psalmos
3119 2818 3246 2868 tum
3307 2816 3644 2872 modulatos

1993 2897 2252 2968 odasque
2309 2898 2598 2954 canebant
2649 2899 2748 2968 qui
2781 2905 2985 2954 sancto
3033 2900 3344 2958 Hierotheo
3378 2905 3642 2971 aderant,

1995 2986 2149 3057 quod
2181 2986 2518 3056 signiﬁcant
2539 2987 2715 3042 etiam
2763 3004 2932 3044 voces
2983 2984 3307 3063 ὕμνολογιῖν
3351 2997 3411 3048 et
3462 2991 3646 3064 ὕμνῳ-

1995 3067 2124 3129 δεῖν.
2157 3074 2226 3128 Et
2259 3074 2398 3144 quia
2428 3090 2557 3144 quae
2591 3074 2870 3131 sublimia
2927 3081 3069 3132 sunt
3098 3082 3155 3133 et
3191 3079 3457 3151 mystica,
3486 3086 3644 3137 tecta

1995 3162 2053 3216 in
2087 3161 2261 3233 vulgo
2293 3168 2349 3218 et
2390 3162 2742 3234 inexplicata
2786 3181 3016 3220 servare
3047 3173 3277 3239 oportet
3307 3189 3321 3236 ;
3355 3169 3643 3240 explicare

1914 3227 1958 3294 Ε
1994 3227 2387 3306 ευιθω-ἀθοει
2415 3268 2483 3306 ea
2514 3227 3345 3324 multitudinemque.docere,
3405 3227 3537 3328 quas
3583 3261 3642 3314 et

1990 3340 2113 3395 fieri
2147 3345 2205 3394 et
2236 3339 2401 3396 facile
2435 3341 2827 3396 demonstrari
2852 3349 3122 3413 possunt.

2059 3434 2266 3486 Rerum
2296 3428 2638 3486 divinarum.
2673 3430 3040 3502 Scriptorum
3071 3433 3342 3490 videlicet
3379 3439 3438 3490 et
3467 3450 3634 3491 com-

1990 3519 2442 3575 mentationum.

2057 3610 2186 3665 Prz
2216 3607 2558 3662 abundantia
2577 3607 2890 3675 religionis.
2923 3614 3156 3679 Spectat
3185 3611 3340 3666 enim
3385 3613 3456 3667 ad
3487 3613 3629 3668 reli-

1986 3697 2212 3769 giosam
2241 3697 2586 3751 modestiam
2615 3697 2905 3752 diviniora
2939 3714 3052 3752 non
3076 3699 3423 3769 disquirere.

2057 3785 2547 3843 Intellexissemus.
2581 3785 2993 3841 Animadverte
3050 3787 3206 3856 quod
3256 3804 3370 3842 non
3403 3793 3634 3860 oportet

1989 3878 2324 3944 susceptam
2339 3889 2532 3928 rerum
2546 3872 2876 3928 divinarum
2899 3874 3293 3945 cognitionem
3317 3876 3631 3948 negligere,

1988 3964 2090 4018 sed
2121 3962 2252 4018 aliis
2283 3978 2411 4018 eam
2465 3962 2737 4028 tradere;
2774 3966 2833 4017 et
2874 3963 3030 4032 quod
3091 3968 3320 4020 mentes
3378 3965 3634 4022 naturali

1989 4050 2309 4123 cupiditate
2339 4049 2649 4120 rapiuntur
2678 4050 2750 4106 ad
2792 4065 3134 4108 concessam
3191 4053 3632 4110 admirabilium

1989 4155 2186 4196 rerum
2218 4141 2448 4194 contem
2455 4137 2792 4208 plalionem.

2061 4230 2194 4296 Quae
2221 4243 2395 4297 supra
2423 4227 2672 4282 nos.Non
2696 4231 2926 4299 oportet
2957 4245 3088 4299 qua:
3138 4245 3319 4300 supra
3357 4247 3464 4286 nos
3496 4236 3637 4287 sunt

1989 4317 2281 4373 curiosius
2311 4314 2624 4387 inquirere,
2661 4331 2851 4387 neque
2881 4333 2984 4388 pro
3008 4318 3192 4372 nihilo
3241 4319 3454 4374 habere
3485 4321 3633 4374 divi-

1992 4423 2126 4462 nam
2149 4405 2565 4477 cognitionem,
2593 4404 2693 4458 sed
2753 4405 3194 4461 communicare
3247 4423 3379 4460 cum
3412 4408 3633 4462 ceteris

1990 4513 2116 4567 quis
2147 4492 2743 4565 excepimus.Dictum
2761 4493 3021 4563 est‘enim
3049 4509 3062 4548 :
3087 4494 3304 4548 Alliam
3325 4496 3475 4564 te[ne
3493 4511 3635 4566 quae-

1907 4590 1952 4653 D
1981 4583 2164 4650 sieris,
2196 4591 2246 4637 et
2301 4581 2682 4651 profundiora
2712 4584 2787 4651 te]
2818 4597 2927 4636 non
2957 4583 3321 4653 scrutaberis,
3370 4583 3462 4639 sed
3506 4599 3633 4654 quae

1983 4674 2243 4730 mandata
2271 4681 2398 4726 sunt
2430 4670 2554 4741 tibi,
2588 4671 2701 4725 haec
2733 4671 2922 4741 cogita
2951 4672 3038 4742 (ι).

2050 4762 2226 4817 lubet.
2260 4759 2598 4815 Secundum
2629 4759 2978 4831 Apostolum
3005 4759 3380 4830 [dicentem]:
3413 4763 3631 4831 Hatﬁ-

1981 4850 2196 4906 delibus
2228 4848 2544 4904 hominibus
2574 4849 2890 4904 commenda
2923 4849 3025 4919 (ιι).

2053 4940 2147 4994 llis
2176 4939 2361 5009 itaque
2388 4937 2556 4993 etiam
2586 4953 2702 4993 nos.
2737 4937 2886 4992 Nota
2924 4937 3080 4991 unde
3122 4938 3189 4991 ad
3229 4942 3634 4996 commentan-

1983 5031 2123 5085 dum
2149 5027 2525 5100 processerit.

2053 5117 2357 5174 Hierotheo.
2392 5116 2456 5171 In
2481 5116 2553 5170 iis
2584 5131 2710 5186 quae
2744 5117 2878 5186 post
2928 5114 3216 5186 dicentur,
3245 5131 3374 5188 quas
3432 5114 3633 5172 Hiero-

1983 5207 2103 5264 thei
2135 5211 2295 5277 sunt,
2320 5204 2591 5277 explicat.

2514 5309 2668 5366 124
2699 5307 2770 5364 ΙΝ
2805 5308 2962 5364 CAP.
2997 5307 3095 5362 IV.

2055 5416 2170 5474 Εἶεν
2203 5413 2270 5484 δὴ
2303 5412 2413 5472 οῦν.
2443 5418 2557 5485 Age
2590 5430 2751 5486 ergo.

2053 5507 2392 5575 Attribuunt,
2425 5504 2522 5560 Gr.
2557 5501 2896 5580 ἀφορίζουσι.
2948 5503 3133 5560 Dictio
3184 5502 3498 5580 ἀφορίζουσι
3531 5523 3627 5563 ac-

286 5686 376 5761 (p)
398 5687 520 5745 Gal.
553 5703 643 5758 ιιι,
681 5687 766 5744 13.
799 5687 878 5762 (q)
906 5687 1162 5762 Philipp.
1203 5705 1270 5761 ιι,
1299 5689 1355 5744 8.
1380 5689 1453 5762 (r)
1485 5688 1508 5746 Ι
1537 5691 1715 5759 Petr.,
1744 5704 1822 5760 iv,
1856 5706 1874 5745 1

2019 5691 2044 5743 Ι
2094 5690 2219 5743 Cor.
2254 5700 2316 5753 ιι,
2365 5684 2419 5740 8.
2453 5683 2514 5754 (ι)
2539 5681 2714 5739 Eccli.
2750 5699 2839 5754 ιιι,
2863 5683 2955 5740 22.
2991 5683 3069 5756 (u)
3101 5683 3152 5739 II
3181 5683 3331 5740 Tim.
3368 5701 3434 5755 ιι,
3465 5687 3522 5743 2.
