4000 6200
369 365 474 421 239

1188 363 1556 416 APPENDIX
1598 361 1691 411 AD
1729 357 1968 411 OPERA
2004 358 2062 408 S.
2104 354 2418 410 DIONYSII
2461 358 2954 414 AREOPOGITE.

3677 358 3786 414 240

366 490 638 562 cipienda
669 493 758 545 est
779 491 845 543 ut
867 487 944 543 sit
971 487 1127 543 idem
1159 485 1313 558 quod
1351 483 1684 539 attribuunt
1708 499 1723 551 ;
1746 480 1888 534 illud
1916 495 2006 533 au-

2137 477 2314 539 θὲασιν
2345 475 2671 548 ἑκληπτὲονο
2704 481 2765 534 τὸ
2797 477 2854 534 δὲ
2884 478 2990 535 ἀπὸ
3044 482 3260 536 πάντων
3323 479 3624 553 δηλοῦσθαι
3679 482 3782 549 τήν

365 586 512 649 tem,
545 581 615 635 ab
649 578 927 635 omnibus
959 574 1320 632 manifestari
1354 573 1700 638 bonitatem,
1727 569 2020 641 signiﬁcat

368 670 567 728 omnia
597 685 666 724 ex
696 668 845 740 ipsa,
879 669 944 722 ut
963 669 1183 734 essent,
1215 663 1498 735 producta
1530 661 1731 716 fuisse.

443 761 721 830 Tanquam
747 755 1130 812 substantiale.
1194 752 1562 808 Divinitatem
1611 765 1740 805 esse
1798 748 2016 802 bonum

371 847 704 917 essentiale,
738 861 946 917 resque
977 859 1176 901 omnes
1208 858 1341 898 cum
1376 842 1528 896 bono
1561 836 2018 901 communicare,

372 937 526 992 sicut
555 940 750 992 creata
781 950 913 991 cum
950 932 1090 990 sole.

445 1024 912 1094 Quemadmodum
941 1025 1023 1079 sol
1081 1021 1179 1076 ille
1233 1028 1440 1076 noster.
1474 1019 1655 1073 Nemo
1687 1015 2021 1087 suspicetur

373 1131 652 1186 magnum
678 1112 1019 1184 Dionysium
1047 1128 1113 1166 ex
1139 1110 1280 1165 solis
1303 1106 1566 1179 exemplo
1592 1105 1927 1162 omnimode
1949 1105 2019 1158 de

371 1202 587 1258 divinis
616 1203 791 1257 rebus
825 1202 1095 1271 judicare
1126 1218 1139 1268 ;
1183 1214 1385 1254 verum
1435 1197 1518 1252 ita
1574 1195 1786 1268 cogitet
1818 1211 1832 1248 :
1866 1193 2020 1248 sicut

371 1291 477 1360 sol,
513 1307 644 1344 cum
679 1289 824 1345 nihil
854 1291 933 1344 sit
967 1293 1173 1362 praeter
1205 1287 1426 1353 lumen,
1455 1302 1570 1340 non
1602 1284 1776 1338 habet
1817 1282 2016 1336 lumen

363 1383 435 1434 ut
459 1380 730 1434 accidens
758 1384 816 1434 et
863 1379 1088 1449 aliquid
1137 1379 1429 1432 diversum
1461 1375 1768 1438 exsistens,
1801 1377 1901 1426 aut
1927 1371 2015 1424 in-

369 1471 495 1524 star
526 1469 767 1524 animali
792 1467 1090 1523 voluntate
1129 1465 1528 1522 benefaciendi
1562 1463 1632 1518 ab
1664 1461 1891 1516 interno
1914 1475 2014 1514 seu

371 1574 403 1612 a
425 1557 621 1629 seipso
654 1557 852 1610 lumen
887 1555 1099 1627 accipit
1129 1561 1298 1624 atque
1345 1553 1404 1608 in
1436 1551 1635 1608 omnia
1664 1549 1967 1606 distribuit
1998 1565 2012 1604 :

373 1645 734 1700 contrarium
762 1646 942 1712 enim,
965 1661 1099 1700 cum
1134 1659 1322 1716 neque
1374 1641 1667 1697 animatus
1698 1641 1796 1710 sit,
1828 1654 2016 1710 neque

365 1732 666 1788 voluntate
696 1732 1273 1800 benefaciat,ratione
1304 1731 1599 1801 siquidem
1632 1734 1810 1797 caret,
1830 1745 2018 1798 neque

2129 566 2275 628 θείαν
2305 565 2632 640 ἀγαθότητα,
2667 569 2729 623 τὸ
2759 569 2934 625 πᾶντα
2963 568 3014 640 ἐξ
3045 570 3216 637 αὐτῆς
3235 572 3280 608 ³³
3322 573 3609 646 παρῆχθαι
3639 571 3784 644 πρὸς

2128 651 2351 728 ὕπαρξιν
2383 651 2568 723 δηλοῖ.

2198 741 2285 802 Ὧς
2318 740 2595 807 οὐσιῶδες.
2629 746 2750 802 ’Ότι
2783 744 3042 808 οὐσιῶδες
3092 747 3287 822 ἀγαθὸν
3321 749 3453 803 αὐτὸ
3502 747 3568 803 τὸ
3616 749 3785 802 θεῖον·

2126 829 2216 884 καὶ
2247 829 2328 885 ὅτι
2358 835 2455 886 τοῦ
2487 832 2692 908 ἀγαθοῦ
2739 836 2911 890 πάντα
2950 837 3018 891 τά
3073 837 3200 890 ὅντα
3260 837 3500 911 μετέχει,
3555 837 3633 899 ὡς
3685 841 3788 890 τοῦ

2127 917 2294 987 ἡλίου
2323 921 2390 973 τὰ
2411 921 2634 992 ποιητά.

2197 1011 2401 1084 Ὥσπερ
2461 1011 2489 1064 6
2559 1013 2676 1066 καθ’
2742 1015 2892 1086 ἡμᾶς
2940 1012 3128 1083 ἥλιος.
3189 1013 3397 1086 Μηδεὶς
3455 1010 3789 1070 ὑπολαϐἑτω

2127 1098 2260 1171 πρὸς
2303 1098 2367 1152 τὸ
2395 1102 2492 1152 τοῦ
2548 1099 2714 1168 ἡλίου
2757 1100 3100 1177 παράδειγμα
3151 1103 3481 1180 ὁλοκλήρως
3529 1105 3600 1159 τά
3655 1103 3788 1179 περὶ

2128 1190 2260 1239 Θεοῦ
2315 1186 2512 1257 κρίνειν
2559 1189 2650 1242 τὸν
2714 1191 2876 1266 μεγαν
2929 1191 3231 1246 Διονύσιον·
3294 1191 3422 1246 ἄλλ’
3461 1192 3608 1246 οὕτω
3636 1193 3789 1246 νοεί-

2129 1285 2261 1339 σθω,
2295 1275 2474 1348 ὥσπερ
2509 1277 2537 1330 6
2567 1275 2755 1346 ἥλιος,
2791 1280 2892 1334 οὐκ
2924 1278 3065 1336 ἄλλο
3091 1301 3143 1335 τι
3175 1279 3248 1336 ὢν
3277 1283 3424 1357 παρὰ
3449 1281 3514 1336 τὸ
3543 1286 3686 1358 φῶς,
3717 1281 3788 1336 οὐ

2128 1359 2402 1436 συμϐατὸν
2449 1363 2564 1440 ἔχει
2609 1367 2672 1421 τὸ
2723 1373 2837 1442 φῶς
2868 1369 2956 1423 καὶ
2988 1370 3065 1432 ὡς
3095 1367 3239 1426 ἄλλο
3271 1392 3323 1425 τι
3353 1369 3428 1425 ὢν
3459 1372 3494 1441 ἢ
3525 1374 3790 1446 ψυχικῶς

2125 1452 2435 1527 προαιρέσει
2459 1458 2556 1509 τοῦ
2586 1455 2885 1532 εὐεργετεῖν
2947 1452 3145 1514 ἔσωθεν
3205 1454 3474 1533 λαμϐάνει
3521 1462 3585 1515 τὸ
3644 1464 3790 1538 φῶς,

2125 1540 2213 1594 καὶ
2269 1538 2580 1597 διαδίδωσιν
2630 1544 2704 1606 εἰς
2750 1550 2943 1600 πάντα’
2977 1548 3290 1603 τούναντίον
3323 1550 3448 1624 γάρ’
3510 1546 3634 1603 οὔτε
3686 1552 3792 1622 ψυο

2127 1631 2286 1704 χικὸς
2328 1629 2420 1701 ὣν,
2481 1630 2603 1688 οὐτε
2658 1634 2972 1710 προαίρεσιν
3020 1631 3166 1711 ἔχων
3216 1636 3522 1711 εὐεργετεῖ,
3571 1634 3789 1712 ἄλογος

2123 1719 2246 1793 γάρ·
2279 1721 2366 1774 καὶ
2402 1718 2526 1775 οὐδὲ
2557 1722 2811 1797 ἑτέρωθεν
2842 1724 2904 1778 τὸ
2935 1728 3050 1790 φῶς
3114 1720 3428 1798 λαμϐάνων·
3487 1725 3618 1780 αὐτὸ
3674 1727 3786 1801 γὰρ

368 1822 440 1877 ab
473 1821 584 1876 alio
620 1822 815 1878 lumen
843 1821 1093 1894 accipit;
1129 1826 1217 1876 est
1249 1819 1405 1875 enim
1429 1819 1538 1873 hoc
1565 1817 1757 1889 ipsum
1795 1816 2006 1884 lumen,

2124 1809 2284 1860 τοῦτο
2315 1811 2429 1884 φῶς
2458 1806 2567 1862 ἐστι
2613 1809 2702 1864 καὶ
2735 1811 2978 1884 φωτίζειο
3039 1811 3182 1868 οὕτω
3241 1814 3352 1888 χρὴ
3385 1817 3546 1868 τοῦτο
3607 1813 3782 1886 μόνον

2201 1893 3532 1913 εθκη--...-...-..
3691 1897 3721 1913 ι.

366 1915 423 1964 et
449 1909 784 1979 illuminat;
821 1911 901 1965 ita
925 1914 1155 1982 oportet
1198 1909 1307 1964 hoc
1357 1907 1530 1964 etiam
1573 1905 1761 1961 solum
1793 1906 1864 1960 de
1901 1906 2015 1960 Deo

370 1999 651 2069 cogitare,
685 1999 968 2054 nimirum
1031 1998 1213 2054 Deum
1267 2014 1382 2052 non
1415 1995 1630 2050 habere
1669 1995 1885 2048 bonum
1919 2011 2020 2064 per

373 2087 645 2142 accidens
675 2099 736 2141 ut
753 2087 1091 2158 qualitatem
1127 2086 1569 2158 aliquam,sicut
1597 2099 1704 2138 nos
1733 2082 2014 2150 virtutes;

371 2176 470 2230 sed
506 2176 659 2246 quod
693 2191 825 2229 cum
863 2175 984 2245 ipse
1037 2180 1188 2230 Deus
1219 2175 1298 2229 sit
1328 2172 1583 2228 essentia
1622 2171 1780 2236 boni,
1814 2185 2014 2241 quem-

372 2264 688 2318 admodum
723 2264 920 2319 lumen
951 2269 1039 2318 est
1069 2263 1327 2319 essentia
1357 2261 1520 2327 solis,
1549 2266 1721 2336 atque
1739 2264 1804 2314 ut
1832 2259 1881 2314 is
1915 2259 2016 2330 qui

368 2353 566 2424 ipsum
590 2353 806 2407 bonum
832 2358 921 2407 est
954 2357 1124 2420 Deus,
1162 2351 1443 2406 bonitatis
1474 2349 1842 2420 splendorem
1861 2349 2016 2404 circa

366 2456 572 2496 omnes
603 2441 1310 2509 extendit,benefaciendo
1334 2439 1407 2494 iis
1430 2440 1528 2509 qui
1561 2437 2009 2492 illuminantur:

361 2530 564 2600 itaque
603 2530 746 2584 dicit
778 2530 920 2584 solis
951 2528 1311 2600 exemplum,
1344 2529 1442 2599 qui
1477 2528 1786 2583 obscuram
1835 2532 1891 2582 et
1920 2526 2011 2581 vix

359 2623 740 2690 apparentem
802 2618 971 2690 primi
1027 2618 1398 2689 exemplaris,
1451 2618 1604 2688 quod
1640 2616 1798 2671 nullo
1836 2616 2008 2671 modo

358 2707 1174 2778 communicatur,imaginem
1210 2707 1384 2761 habet
1415 2725 1429 2774 ;
1466 2705 1514 2760 si
1539 2705 1694 2760 enim
1718 2705 2005 2777 imagines

355 2797 658 2852 veritatem
711 2797 1015 2866 haberent,
1049 2813 1161 2851 non
1195 2795 1452 2867 amplius
1481 2799 1679 2850 essent
1709 2795 2001 2866 exempla-

280 2954 284 2958 λ
355 2885 465 2950 ria,
495 2886 595 2940 sed
635 2886 969 2957 archetypa.

427 2974 779 3029 lntellectiles
835 2983 890 3029 et
927 2973 1326 3045 intelligentes.
1389 2972 1621 3044 Proprie
1706 2971 1999 3044 loquendo

357 3061 516 3118 aliud
547 3067 635 3118 est
662 3063 854 3131 νοητόν
891 3072 944 3118 et
975 3063 1132 3118 aliud
1177 3059 1385 3136 νοερόν.
1419 3063 1560 3117 Nam
1596 3063 1750 3133 quod
1783 3062 1997 3118 intelli~

356 3152 515 3222 gitur
545 3157 634 3207 est
664 3151 822 3206 velut
877 3151 1222 3206 alimentum
1285 3152 1412 3222 ejus
1471 3151 1624 3222 quod
1678 3150 1993 3223 intelligit:

358 3240 838 3312 quandoquidem
875 3241 1028 3310 quod
1063 3240 1414 3310 intelligitur
1445 3256 1547 3294 seu
1579 3237 1795 3308 νοητόν,
1831 3241 2000 3296 nobi-

355 3329 471 3384 lius
493 3329 593 3400 sit,
624 3334 680 3384 et
702 3337 871 3384 antea
904 3329 1264 3400 intelligatur
1291 3329 1387 3384 illo
1419 3329 1572 3399 quod
1604 3327 1878 3400 intelligit
1901 3347 2001 3384 seu

356 3418 506 3488 quod
531 3423 620 3471 est
658 3411 860 3491 νοερὸν.
926 3419 1268 3489 Superiores
1319 3417 1501 3489 igitur
1543 3421 1601 3471 et
1657 3417 1830 3471 vicini
1888 3418 2004 3472 Deo

354 3506 589 3561 ordines
622 3507 852 3578 proprie
876 3507 1106 3561 dicendi
1129 3511 1269 3561 sunt
1289 3505 1460 3574 νοητά
1484 3524 1497 3574 ;
1519 3505 1825 3562 inferiores
1845 3523 2002 3573 vero,

351 3591 511 3668 νοερά
541 3599 605 3650 ut
635 3595 736 3666 qui
762 3594 1092 3666 intelligant
1123 3594 1486 3666 superiores:
1515 3612 1629 3650 non
1653 3594 1781 3650 ideo
1803 3600 2001 3650 tamen

351 3684 506 3754 quod
539 3683 709 3754 νοητά
740 3685 1012 3740 dicantur
1045 3702 1112 3740 ea
1147 3702 1273 3757 qua:
1297 3683 1727 3756 intelliguntur,
1760 3701 2003 3740 censen-

351 3773 493 3829 dum
523 3779 611 3830 est
642 3775 928 3846 ipsosnon
955 3774 1280 3846 intelligere
1308 3792 1320 3841 ;
1344 3773 1444 3828 illa
1461 3775 1616 3828 enim
1651 3773 2003 3844 intelligunt,

353 3863 633 3934 quoniam
677 3870 906 3919 mentes
938 3869 1078 3919 sunt
1100 3869 1156 3918 et
1186 3863 1530 3920 substantia:
1558 3864 1684 3919 vitae
1707 3868 1764 3918 et
1787 3864 2004 3919 mentis

355 3968 645 4021 supremae
677 3957 882 4006 creatae
919 3971 930 4020 ;
961 3954 1227 4024 quinimo
1259 3952 1377 4006 illic
1425 3953 1599 4008 etiam
1631 3958 1772 4007 sunt
1800 3970 2002 4023 opera-

355 4038 545 4092 tiones
575 4040 840 4094 efﬁcaces
872 4041 1263 4096 subsistentes
1297 4046 1353 4094 et
1380 4043 1677 4096 essentize:
1709 4043 1900 4097 omnis
1923 4042 2000 4097 si-

356 4125 596 4196 quidem
632 4131 824 4181 motus
857 4134 911 4182 et
942 4129 1108 4198 quies
1143 4129 1260 4183 illic
1318 4136 1456 4183 sunt
1503 4131 1915 4197 subsistentes,
1947 4136 2003 4186 et

353 4214 602 4270 virtutes
634 4214 792 4284 vivae,
821 4218 970 4273 125
1006 4221 1178 4288 atque
1210 4216 1382 4270 ﬂuxis
1416 4219 1826 4289 corporeisque
1871 4236 1999 4274 mu-

352 4303 677 4358 tationibus
709 4306 1043 4375 superiores
1071 4321 1082 4358 :
1117 4304 1246 4360 ideo
1294 4304 1706 4376 intelliguntur
1737 4307 1998 4377 quidem,

2126 1895 2216 1978 καὶ
2248 1893 2334 1949 ἐπὶ
2365 1902 2498 1950 Θεοῦ
2526 1903 2693 1968 νοεῖν,
2760 1899 2842 1954 ὅτι
2887 1901 2914 1954 6
2969 1902 3098 1964 Θεὸς
3145 1902 3208 1956 τὸ
3249 1901 3445 1978 ἀγαθὸν
3477 1901 3539 1956 οὐ
3572 1897 3783 1975 συμϐε-

2128 1977 2381 2052 δηκότως
2429 1983 2565 2060 ἔχει,
2615 1990 2856 2065 καθάπερ
2884 1991 3005 2044 τινὰ
3034 1977 3324 2063 ποιότητα,
3355 1991 3430 2053 ὡς
3460 1993 3630 2060 ἡμεῖς
3683 1993 3786 2054 τὰς

2126 2071 2338 2146 ἀρετάς·
2371 2071 2498 2128 ἀλλ’
2531 2075 2684 2130 οὐσία
2713 2081 2810 2131 τοῦ
2841 2077 3042 2153 ἀγαθοῦ
3074 2080 3238 2142 αὐτὸς
3271 2081 3300 2134 6
3329 2081 3458 2141 Θεὸς
3488 2080 3781 2155 ὑπάρχων,

2127 2159 2306 2234 ὥσπερ
2337 2164 2424 2216 καὶ
2457 2165 2520 2217 τὸ
2550 2169 2684 2242 φῶς,
2719 2165 2872 2222 οὐσία
2902 2168 3088 2242 ἡλίου,
3119 2171 3209 2224 καὶ
3241 2171 3317 2233 ὡς
3343 2169 3474 2224 αὐτὸ
3489 2171 3552 2224 τὸ
3573 2169 3782 2244 ἀγαθὸν

2126 2246 2198 2303 ὢν
2231 2251 2258 2304 6
2289 2250 2416 2312 Θεὸς
2443 2251 2661 2309 ἐκτείνει
2704 2256 2826 2332 περὶ
2883 2258 3085 2319 πάντας
3130 2260 3228 2328 τήν
3275 2265 3376 2328 τῆς
3435 2258 3780 2333 ἁγαθότητος

2125 2336 2326 2412 α’ίγλην
2373 2337 2463 2394 διὰ
2485 2345 2580 2394 τοῦ
2611 2341 2958 2418 εὐεργετῆσαι
3018 2347 3144 2408 τοὺς
3178 2345 3611 2424 φωτιζομίνους·
3651 2348 3779 2402 ὅθεν

2123 2429 2252 2503 φησὶ
2283 2429 2344 2483 τὸ
2367 2434 2462 2482 τοῦ
2483 2429 2647 2499 ἡλίου
2678 2431 3122 2509 παράδειγμα,ὡς
3152 2439 3430 2506 σκοτεινὴν
3462 2436 3550 2492 καὶ
3581 2433 3786 2510 σχεδὸν

2121 2515 2295 2591 ἀφανῆ
2330 2517 2509 2572 εἰκόνα
2563 2525 2660 2575 τοῦ
2714 2522 2995 2584 παντελῶς
3045 2523 3415 2595 άκοίνωνήτου
3459 2524 3782 2600 ἀρχετύπου

2119 2602 2258 2679 ἔχει’
2292 2607 2441 2683 εἷγὰρ
2472 2609 2526 2662 αἱ
2558 2608 2761 2672 εἰκὸνες
2791 2609 3052 2681 ἀλήθειαν
3095 2615 3264 2689 εἶχον,
3296 2611 3473 2670 οὐκέτι
3491 2616 3626 2684 ἦσαν
3661 2636 3777 2670 πα-

2117 2692 2300 2771 ραδείγ
2311 2718 2471 2770 ματα,
2499 2696 2623 2753 ἀλλ’
2679 2698 2982 2775 ἀρχέτυπα.

2185 2967 2252 3020 Αἱ
2307 2966 2494 3036 νοηταὶ
2569 2967 2658 3021 καὶ
2725 2968 2926 3044 νοεραί.
2996 2971 3145 3026 Κατὰ
3215 2972 3514 3047 κυριότητα
3577 2970 3772 3048 ἕτερόν

2110 3053 2220 3109 ἐστι
2249 3055 2467 3126 νοητὸν,
2515 3056 2606 3110 καὶ
2639 3057 2819 3132 ἓτερον
2849 3059 3054 3134 νοερόν.
3106 3061 3184 3118 Τὸ
3214 3061 3317 3136 γὰρ
3347 3062 3541 3132 νοητὸν
3570 3063 3757 3138 τροφή

2111 3143 2199 3198 οἷά
2222 3165 2304 3208 τις
2331 3149 2426 3200 τοῦ
2455 3150 2649 3221 νοεροῦ
2682 3146 2845 3216 ἐστιν,
2903 3146 3053 3225 ε’ίπερ
3108 3151 3172 3204 τὸ
3229 3149 3543 3224 νοούμενον,
3572 3151 3600 3205 '6
3654 3150 3772 3209 ἐστ.

2111 3234 2330 3302 νοητὸν,
2369 3234 2550 3307 μεῖζόν
2604 3234 2712 3290 ἐστι
2743 3238 2834 3290 καὶ
2882 3238 3379 3312 προεπινοούμενον
3435 3243 3532 3294 τοῦ
3573 3243 3778 3294 νοοῦν-

2113 3345 2206 3385 τος
2240 3371 2254 3395 ,
2305 3324 2333 3377 ’ὀ
2389 3324 2498 3378 ἐστι
2556 3325 2775 3401 νοερόν.
2835 3329 2914 3383 Τὰ
2967 3329 3062 3400 μὲν
3121 3328 3211 3383 οὖν
3264 3330 3622 3406 ὑπερκείμενα
3678 3331 3773 3385 καὶ

2114 3419 2362 3487 προσεχῆ
2420 3419 2499 3486 τῷ
2542 3419 2658 3486 Θεῷ
2687 3413 2939 3491 τάγματα
2968 3419 3135 3488 νοητὰ
3164 3418 3368 3494 κυρίως
3397 3418 3636 3474 λεκτέον·
3704 3421 3776 3473 τὰ

2115 3498 2172 3554 δὲ
2215 3496 2594 3572 ὑποϐεϐηκότα
2622 3505 2801 3579 νοερὰ,
2861 3506 2952 3560 ἅτε
3003 3511 3225 3562 νοοῦντα
3251 3510 3318 3562 τὰ
3380 3507 3766 3582 ὑπερκείμεναο

2113 3589 2224 3665 οὐχ
2253 3589 2335 3644 ὅτι
2377 3587 2433 3645 δὶ
2462 3596 2630 3661 νοητά
2662 3591 2770 3647 ἐστι
2827 3593 2893 3648 τὰ
2933 3595 3218 3669 νοούμενα,
3279 3599 3564 3671 νομιστέον
3623 3596 3767 3652 αὐτὰ

2116 3680 2190 3750 μή
2223 3684 2386 3733 νοεῖν⁶
2443 3686 2559 3734 νοεῖ
2603 3681 2704 3756 γὰρ
2753 3682 2841 3736 καὶ
2902 3683 3058 3755 αὐτὰ,
3118 3683 3306 3755 ἐπειδὴ
3352 3687 3474 3748 νόες
3504 3686 3609 3740 εἶσὶ
3672 3687 3770 3741 καὶ

2113 3768 2287 3822 οὐσίαι
2323 3773 2466 3837 ζωῆς
2492 3769 2580 3823 καὶ
2611 3773 2705 3824 νοῦ
2739 3770 3016 3826 ἀνωτάτου
3041 3770 3554 3850 δημιουργηοεῖσαι·
3618 3774 3770 3830 ἀλλᾶ

2111 3856 2346 3910 καὶένιν
2542 3857 2858 3914 ἐ”ἐ”
3035 3862 3144 3916 ii
3326 3862 3691 3896 “”⁶”

2294 3879 2490 3932 ,ργειαι
2569 3879 2652 3914 κει
2725 3881 3027 3917 νδποστατο
3101 3884 3201 3918 εσι
3252 3884 3342 3918 και
3392 3885 3566 3918 ουσιαι
3617 3885 3770 3918 πασα

2111 3945 2215 4020 γὰρ
2288 3947 2502 4016 κίνησις
2571 3948 2662 4002 καὶ
2729 3949 2935 4022 ἠρεμία
3012 3949 3123 4006 ἐκεῖ
3175 3950 3358 4025 μὲντοι
3409 3952 3768 4008 ἐνυπόστατοί

2112 4035 2234 4106 εἰσι,
2267 4037 2352 4090 καὶ
2401 4036 2650 4110 δυνάμεις
2701 4043 2888 4110 ζῶσαι,
2937 4040 3027 4095 καὶ
3073 4046 3181 4096 τῶν
3235 4042 3470 4118 ῥευστῶν
3502 4043 3592 4097 καὶ
3650 4064 3766 4097 σωο

2115 4129 2353 4196 ματικῶν
2399 4123 2752 4181 ἀλλοιώσεων
2811 4127 3139 4204 ὑπὲρτεραι·
3197 4127 3282 4184 διὸ
3331 4134 3578 4185 νοοῦνται
3639 4131 3764 4203 μὲν,

2110 4213 2185 4276 ὠς
2213 4211 2391 4268 ἄϋλοι·
2425 4219 2608 4268 νοοῦσι
2642 4213 2699 4270 δὲ
2727 4218 2794 4270 τὰ
2842 4213 2990 4286 ὄντα,
3046 4219 3122 4280 ὡς
3152 4219 3271 4281 νόες
3329 4219 3610 4292 ἀσώματοι
3669 4221 3762 4274 καὶ

2111 4301 2468 4376 ὑπερκόσμιοι
2500 4301 2698 4368 ἄνωθεν
2733 4305 3146 4381 ἐλλαμπόμενοι
3191 4307 3319 4371 τοὺς
3366 4308 3623 4383 περὶτῶν
3675 4304 3763 4362 ὅν-

351 4397 416 4447 ut
459 4393 713 4447 materia:
764 4399 1030 4466 expertes
1077 4393 1460 4465 ;intelligunt
1516 4399 1710 4449 autem
1762 4411 1874 4466 res,
1936 4402 2000 4452 ut

2124 4412 2212 4445 των
2245 4390 2462 4465 λόγους,
2515 4394 2605 4448 καὶ
2639 4389 3043 4464 διαϐιϐάζοντες
3103 4396 3297 4461 αὐτοὺς
3343 4401 3619 4470 μυστικῶς
3681 4396 3762 4459 εἷς

348 4485 573 4537 mentes
605 4481 959 4552 incorporea:
993 4483 1330 4552 mundoque
1348 4481 1657 4537 altioresin
1673 4483 1998 4540 rationibus

2124 4480 2230 4542 τοὺς
2290 4477 2698 4552 ὑποϐεϐηκότας
2745 4484 3008 4559 ἀγγέλους
3065 4491 3277 4557 νοητῶς
3333 4486 3422 4541 καὶ
3479 4483 3764 4541 ἀποκαλυο

346 4587 542 4626 rerum
577 4587 829 4642 superne
863 4570 1167 4638 illustrati,
1200 4572 1476 4643 ipsasque
1521 4573 1762 4644 mystice
1793 4574 1862 4628 ad
1905 4573 1991 4629 in-

2124 4574 2326 4631 ιτικῶς.
2362 4570 2498 4645 Δύνῃ
2528 4569 2584 4626 δὲ
2635 4573 2722 4627 καὶ
2779 4570 2966 4638 ἄλλως
3008 4582 3197 4644 νοῆσαι
3257 4577 3320 4631 τὸ
3352 4573 3610 4648 δυνάμεις
3671 4575 3763 4631 καὶ

347 4659 588 4715 feriores
621 4660 862 4732 angelos
893 4677 1025 4715 cum
1061 4660 1359 4716 intellectu
1411 4665 1468 4716 et
1497 4661 1848 4717 revelatione
1877 4666 1992 4718 tra-

341 4749 629 4820 jicientes.
665 4753 836 4805 Potes
885 4761 1081 4804 autem
1117 4750 1230 4804 alio
1265 4750 1436 4804 etiam
1473 4751 1641 4805 modo
1673 4751 1916 4807 virtutes
1942 4758 1998 4808 et

349 4838 608 4892 actiones
623 4839 892 4894 efﬁcaces
910 4838 1237 4909 intelligere
1255 4856 1266 4893 :
1283 4838 1526 4893 virtutes
1550 4840 1993 4911 quidem,quod,

349 4942 479 4981 cum
516 4928 765 4982 necdum
799 4933 1078 4982 creaturis
1127 4933 1495 4998 apparerent,
1530 4929 1728 4983 omnia
1783 4929 1996 4985 virtute

349 5015 406 5067 in
443 5017 552 5070 Ι)εο
586 5020 756 5070 antea
817 5015 1213 5078 substiterint,
1272 5016 1344 5070 ab
1399 5032 1464 5070 eo
1526 5022 1590 5070 ut
1647 5022 1840 5071 essent
1869 5035 1996 5088 pro-

349 5105 650 5159 ducenda:
686 5121 857 5175 porro
891 5106 1149 5160 actiones
1205 5105 1492 5170 efﬁcaces,
1543 5106 1695 5177 quod
1728 5111 1996 5161 creatura

347 5191 524 5246 etiam
559 5192 627 5246 ad
662 5195 1061 5263 operationem
1098 5194 1382 5265 perducta
1414 5195 1610 5249 fuerit.
1662 5196 1866 5250 Averto
1895 5213 1994 5250 au-

345 5280 462 5334 tem
495 5281 788 5349 quomodo
819 5279 964 5336 illud
1015 5285 1190 5351 ﬂuxae
1235 5281 1571 5338 mutationes
1602 5283 1992 5353 exposuerim,

346 5366 626 5438 quoniam
657 5372 715 5423 et
747 5369 938 5441 angeli
965 5370 1278 5426 mutabiles
1309 5376 1468 5440 sunt,
1504 5371 1785 5427 nimirum
1812 5371 1869 5426 in
1894 5389 1990 5428 co-

2106 4659 2385 4734 ἐνέργειαι·
2419 4657 2674 4732 δυνάμεις
2706 4662 2798 4735 μὶν
2829 4663 2954 4739 γὰρ,
3013 4664 3095 4718 ὅτι
3155 4664 3265 4732 καὶ,
3320 4666 3488 4737 μήπω
3536 4669 3647 4719 τῶν
3708 4665 3760 4720 ἐν

2101 4752 2169 4821 τῇ
2199 4747 2368 4803 κτίσει
2423 4747 2711 4820 φανέντων,
2764 4749 2987 4825 δυνάμει
3039 4753 3210 4808 πάντα
3244 4752 3294 4807 ἐν
3327 4758 3405 4825 τῷ
3433 4758 3549 4825 Θεῷ
3586 4765 3765 4829 προϋο

2104 4840 2379 4912 φεστνςκει,
2417 4837 2690 4910 μέλλοντα
2716 4839 3048 4916 παράγεσθαι
3079 4840 3148 4897 δι’
3178 4842 3343 4897 αὐτοῦ
3374 4842 3449 4904 εἰς
3501 4843 3564 4898 τὸ
3599 4845 3759 4898 εῖναιο

2102 4925 2358 5002 ἐνέργειαι
2409 4924 2484 4995 δὲ,
2537 4928 2619 4982 ὅτι
2669 4928 2758 4982 καὶ
2805 4930 2939 5005 πρὸς
2971 4927 3124 5007 ἔργον
3169 4934 3202 5002 ἠ
3231 4929 3564 5007 δημιουργία
3622 4953 3762 5006 παρ-

2102 5017 2254 5089 ήχθη
2284 5059 2295 5070 .
2345 5016 2662 5088 Σημείωσαι
2715 5015 2772 5072 δὶ
2820 5019 2908 5072 καὶ
2967 5021 3029 5074 τὸ
3084 5027 3185 5090 τῆς
3240 5020 3467 5096 ῥευστῆς
3518 5019 3763 5078 ἀλλοιώ-

2103 5125 2236 5166 σεως
2269 5105 2345 5166 ὡς
2370 5107 2713 5178 ἡρμήνευσα,
2745 5105 2932 5177 ἐπειδὴ
2979 5109 3202 5183 τρεπτοὶ
3260 5109 3349 5164 καὶ
3403 5110 3456 5164 οἱ
3505 5107 3762 5187 ἄγγελοι,

2099 5194 2236 5248 κατὰ
2263 5195 2488 5267 γνώμην
2540 5191 2822 5269 δηλονότι⁹
2852 5197 2940 5252 καὶ
2972 5199 3073 5252 οὐκ
3106 5197 3316 5266 οὐσίαν,
3375 5199 3450 5260 ὡς
3497 5204 3766 5276 μαρτυρεῖ

2103 5285 2130 5338 6
2161 5278 2443 5354 διάϐολος,
2475 5283 2565 5337 καὶ
2589 5285 2652 5338 τὸ
2681 5283 2863 5362 τάγμα
2890 5287 3083 5358 αὐτοῦ,
3115 5287 3292 5345 πεσὼν
3328 5286 3388 5343 ἐκ
3440 5292 3541 5343 τοῦ
3602 5289 3764 5367 οὐραο

2099 5376 2213 5444 νοῦ,
2246 5372 2322 5434 ὡς
2343 5371 2432 5426 καὶ
2463 5370 2514 5426 ἐν
2545 5377 2626 5446 τῷ
2659 5369 2782 5430 Ἰὼϐ
2814 5370 3040 5450 ἔχομεν.

1345 5547 1584 5605 νΑΙῖῙίἘ
1616 5549 2006 5608 LECTIONES
2035 5550 2128 5606 ET
2158 5549 2724 5613 CORREGTIONES.

416 5662 462 5698 ²³
488 5661 658 5717 πάντα
688 5661 760 5718 δι’
787 5663 977 5737 αὐτῆς.
1027 5699 1030 5702 ~
