4000 6200
238 393 340 449 241

994 397 1052 448 S.
1092 395 1366 448 MAXIM!
1404 395 1710 449 SCHOLIA
1747 395 1820 447 IN
1861 394 1992 446 LIB.
2033 396 2129 446 DE
2167 395 2439 448 DlVINlS
2479 393 2886 452 NOMINIBUB.

3544 401 3651 457 242

237 519 523 592 gnitione,
557 534 674 574 non
703 533 844 575 vero
875 518 935 573 in
965 515 1242 585 essentia,
1276 516 1430 573 sicut
1459 517 1770 572 confirmat
1802 513 2094 584 diabolus,
2117 517 2365 588 ejusque
2395 518 2704 587 exercitus,
2739 535 2769 574 e
2791 519 2932 576 caelo
2970 513 3269 592 delapsus,
3301 523 3454 580 sicut
3479 525 3651 583 habe-

239 625 370 666 mus
403 612 466 664 in
495 609 630 665 Job.

305 699 522 772 Φθορᾶς
565 695 655 752 καὶ
715 698 966 753 θανάτου.
1026 701 1201 751 Ταῦτα
1259 696 1364 772 γὰρ
1422 695 1688 768 σωμάτων
1749 689 1870 748 ἴδιαι

2069 697 2110 752 Α
2157 699 2502 770 corruptione
2547 703 2601 756 et
2656 704 2852 756 morte.
2917 701 3044 756 Haec
3091 701 3248 756 enim
3302 703 3643 774 corporibus

303 875 541 937 Οίκείως
628 873 1030 948 ἆλλάμπονται.
1117 875 1240 932 Ὀτι
1325 874 1390 929 τὰ
1471 873 1734 946 ἂσώματα
1800 873 1888 927 καὶ

235 965 458 1038 οὐράνια
478 969 731 1020 νοοῦνται
761 965 852 1019 καὶ
882 969 1089 1020 νοοῦσι.

295 1054 400 1110 Καὶ
437 1054 653 1132 φρουρὰ
685 1054 774 1109 καὶ
806 1053 974 1111 ἑστία.
1032 1056 1188 1123 Μονή
1240 1054 1326 1108 καῖ
1380 1051 1525 1106 ἑστία
1583 1051 1640 1106 ἐκ
1671 1052 1888 1126 παραλ-

232 1143 411 1213 λήλου
436 1143 636 1198 ταύτὸν
688 1143 1038 1216 σημαίνουσι.
1100 1142 1288 1197 Φίλων
1331 1142 1359 1195 ὁ
1413 1138 1675 1202 Ἰουδαῖος
1726 1139 1780 1194 έν
1813 1144 1889 1211 τῷ

227 1233 350 1306 Περὶ
411 1235 518 1301 τῆς
593 1230 860 1307 φλογίνης
932 1231 1204 1309 ῥομφαίας
1289 1231 1381 1285 καὶ
1433 1233 1536 1284 τῶν
1613 1224 1888 1304 χερουϐὶμ

227 1321 376 1396 λόγῳ
411 1321 584 1398 φησὶν
609 1320 788 1382 οὕτως
813 1340 826 1351 ·
851 1322 915 1376 Ἡ
941 1318 997 1375 δὲ
1023 1322 1186 1393 μονή,
1209 1323 1317 1373 τῶν
1339 1323 1435 1373 τοῦ
1459 1318 1668 1392 κόσμου
1705 1322 1882 1391 μερῶν

225 1412 432 1466 ἑστῶσα
453 1410 694 1485 παγίως,
745 1409 892 1465 ἑστία
939 1411 1076 1484 πρὸς
1135 1413 1241 1463 τῶν
1287 1407 1538 1464 παλαιῶν
1573 1402 1885 1472 εὐθυϐόλως

227 1500 571 1571 ὠνόμασται.
610 1503 779 1554 Τοῦτο
816 1496 874 1553 δὲ
913 1498 1002 1552 καὶ
1057 1499 1168 1552 ἂνω
1216 1497 1371 1574 φησὶ,
1429 1495 1553 1572 περὶ
1604 1497 1668 1551 τὸ
1721 1495 1880 1558 τέλος

220 1593 309 1644 τοῦ
329 1589 566 1660 πρώτου
597 1586 920 1664 κεφαλαίου,
952 1585 1004 1640 έν
1037 1589 1106 1660 τῇ
1136 1583 1266 1659 ’έκτη
1292 1587 1646 1661 παραγραφῇ.

288 1679 316 1752 ξ
344 1677 670 1733 ΙΙ.Ἐκεῖθεν
699 1675 907 1736 αὐταῖς.
959 1673 1278 1747 Σημείωσαι
1324 1674 1391 1727 τὰ
1431 1673 1555 1746 περὶ
1586 1676 1693 1726 τῶν
1723 1673 1876 1747 ἀγγέ-

226 1764 352 1831 λων,
386 1765 483 1819 καὶ
515 1764 600 1818 δτι
631 1763 698 1818 τὰ
727 1761 886 1828 ἅὺλα,
917 1763 1006 1817 καὶ
1034 1762 1084 1817 έν
1117 1760 1393 1832 ἀλλήλοις
1426 1766 1602 1837 χωρεῖ
1631 1760 1875 1836 ἂσυγχύ-

221 1876 327 1916 τως
358 1852 456 1908 καὶ
486 1853 801 1929 ἀποχωρεῖ,
832 1853 923 1907 καὶ
972 1852 1137 1907 οἱονεὶ
1183 1851 1388 1926 βαθμὸς
1419 1851 1507 1904 καὶ
1536 1852 1710 1920 τάξεις
1741 1849 1870 1903 εἰσὶν

228 1948 445 2016 πρῶσαι
492 1942 627 2015 [καὶ]
684 1939 972 2015 δεύτεραι·
1027 1941 1116 1996 καὶ
1164 1940 1245 1995 δτι
1304 1940 1355 1994 οἱ
1404 1941 1539 1994 θεῖοι
1594 1938 1714 2001 νόες
1763 1938 1875 1993 ἐκεῖ

219 2031 340 2105 περὶ
369 2030 594 2092 ἑαυτοὺς
622 2028 947 2101 ὶλίσσονται,
990 2030 1099 2104 οὐχ
1143 2026 1313 2101 ’έλιξίν
1362 2049 1483 2083 τινα
1531 2028 1870 2100 σωματικὴν,

219 2121 342 2177 ἀλλ’
375 2120 750 2191 ὗπερκόσμιον
795 2119 885 2174 καὶ
933 2119 1142 2193 νοερᾶν,
1192 2119 1279 2173 καὶ
1324 2116 1440 2173 θ’ίαν
1491 2116 1692 2192 πέφυκε
1737 2120 1864 2178 νοῦς

217 2210 546 2281 ὶλίττεσθαι,
597 2208 648 2280 ιε
699 2209 890 2262 ἑαυτοῦ
936 2208 1147 2283 προϊὼν
1181 2207 1256 2268 είς
1302 2205 1633 2278 ἐπινοήσεις,
1669 2205 1759 2260 καὶ
1791 2203 1866 2269 εἷς

213 2299 394 2354 ἑαυτὸν
447 2299 794 2372 ἀναστρέφων
828 2300 894 2368 ³⁸,
949 2296 1009 2351 οὐ
1064 2297 1170 2369 μήν
1221 2290 1320 2368 ἔξω
1366 2297 1556 2350 ἑαυτοῦ
1600 2299 1798 2370 χωρῶν
1821 2296 1864 2330 ²⁷

209 2385 514 2448 σκεδαστῶς
572 2387 663 2440 καὶ
713 2391 982 2461 μεριστῶς
1018 2405 1029 2416 ’
1080 2389 1240 2440 τοῦτο
1287 2384 1617 2440 αἴνίττονται
1663 2382 1751 2437 καὶ
1813 2383 1866 2437 οἱ

207 2477 346 2550 παρὰ
389 2477 492 2530 τοῦ
534 2474 821 2538 θεσπεσίου
872 2472 1132 2544 Ἰεζεκιῆλ
1186 2474 1380 2548 τροχοὶ
1426 2471 1814 2544 πολυόμματοι
1851 2490 1863 2503 ·

202 2564 287 2620 καί
318 2563 408 2619 ὅτι
460 2565 585 2639 περὶ
635 2564 727 2618 τὸν
779 2568 920 2627 θεῖον
972 2558 1148 2636 ἔρωτα
1193 2561 1247 2617 ἄν
1290 2560 1581 2631 ταύτότητί
1629 2559 1730 2614 εἰσι
1777 2559 1868 2614 καὶ

208 2653 472 2726 ἆκρότητι
508 2672 521 2684 ο
554 2653 864 2724 ταύτότητα
907 2649 964 2707 δὲ
1010 2652 1232 2722 νοητέον
1283 2652 1382 2720 τὴν
1416 2648 1784 2705 ἀναπόστατον
1821 2651 1865 2684 ²⁸

205 2742 340 2815 πρὸς
373 2740 509 2795 Θεὸν
536 2741 828 2816 προσοχήν
858 2759 871 2773 ·
931 2740 1206 2815 ἀκρότητα
1255 2737 1333 2807 Si,
1378 2740 1476 2806 τήν
1498 2745 1596 2807 τῆς
1627 2739 1869 2808 νοήσεως

210 2828 387 2884 αὐτῶν
414 2829 507 2884 καὶ
531 2828 718 2891 οὐσίας
762 2826 871 2899 ἤδη
923 2850 1042 2891 πως
1096 2827 1174 2890 εἷς
1219 2830 1409 2882 θέωσιν
1453 2824 1689 2900 πρόοδον
1737 2825 1866 2896 νόη-

217 2937 323 2972 σον’
358 2917 456 2972 καὶ
485 2918 583 2979 τὰς
615 2918 837 2981 ἑνώσεις
865 2914 944 2987 δε,
991 2917 1090 2980 τὰς
1132 2918 1269 2991 πρὸς
1322 2914 1573 2986 ἀλλήλας
1603 2920 1710 2969 τῶν
1738 2935 1868 2983 νοη-

216 3011 346 3074 τῶν,
379 3009 474 3060 τὸν
516 3006 653 3080 πρὸς
685 3004 970 3076 ἀλλήλους
1021 3008 1296 3080 θεοπρεπῆ
1338 3005 1528 3070 νόησον
1559 3002 1752 3078 ἔρωτα,
1787 3005 1870 3074 ὅς,

217 3097 359 3157 θεῖος
391 3093 468 3150 ὢν
496 3097 590 3149 καὶ
631 3095 900 3166 ένοποιὸς,
951 3103 1204 3150 συνάπτει
1249 3093 1463 3163 αὐτοὺς,
1508 3093 1570 3148 οὐ
1621 3089 1870 3164 σωρηδὸν

218 3183 585 3260 συγκομίζων,
628 3181 755 3239 ἀλλ’
803 3185 1090 3259 ἀγαπηνῶς
1143 3180 1477 3255 συνδεσμῶν.
1526 3186 1642 3236 Τῶν
1696 3178 1754 3235 δὲ
1783 3177 1870 3234 ὅν-

216 3295 321 3328 των
353 3274 594 3328 καὶτῶν
655 3278 891 3342 νοητῶν,
938 3273 1012 3334 ὡς
1069 3273 1160 3327 καὶ
1215 3276 1322 3326 τῶν
1379 3275 1614 3341 νοητῶν,
1665 3271 1740 3333 ὡς
1781 3269 1870 3324 καὶ

214 3366 323 3416 τῶν
365 3362 638 3432 αἷσθητῶν
693 3361 1008 3434 ὁμωνύμως
1058 3360 1399 3437 λεγομένων,
1457 3361 1525 3414 τὰ
1584 3361 1677 3432 μὲν
1729 3357 1868 3413 ἔστιν

1999 803 2256 858 propria.

2070 877 2323 947 Pmpriis
2381 877 2700 934 rationibus
2759 878 3141 934 illustrantur.
3197 882 3541 952 Incorporea
3589 887 3647 939 et

1999 965 2260 1022 coelestia
2290 967 2538 1038 intelligi
2567 973 2744 1038 atque
2775 967 3124 1039 intelligere.

2066 1057 2131 1109 El
2165 1055 2407 1111 custodia
2439 1061 2491 1112 et
2520 1057 2755 1111 mansio.
2799 1057 2951 1124 Μονή
2987 1063 3042 1111 et
3071 1056 3220 1110 ἑστία
3252 1058 3363 1113 sibi
3395 1060 3640 1117 invicem

1996 1143 2206 1200 collata
2235 1146 2388 1202 idem
2422 1146 2778 1218 significant.
2818 1145 2978 1201 Philo
3009 1147 3264 1217 ludens,
3298 1147 3359 1202 in
3391 1147 3538 1204 libro
3568 1152 3642 1207 De

1991 1235 2250 1302 ﬂammea
2280 1235 2558 1305 romphaea
2585 1241 2638 1289 el
2669 1234 3008 1301 cherubinir,
3032 1238 3107 1290 ita
3137 1234 3398 1307 loquitur
3431 1254 3443 1291 :
3486 1238 3547 1293 ἹΙ
3581 1234 3639 1292 δὲ

1997 1323 2132 1392 μονή
2190 1340 2292 1378 seu
2344 1323 2569 1379 mansio
2627 1323 2882 1394 partium
2942 1325 3149 1379 mundi
3180 1329 3340 1379 stans
3365 1326 3632 1398 ﬁrmiter,

1991 1409 2166 1463 ἑστίαν
2196 1413 2268 1466 ab
2301 1413 2562 1483 antiquis
2590 1417 2745 1467 recta
2771 1413 3108 1480 conjectura
3166 1414 3466 1468 nominata
3521 1423 3630 1470 est.

1989 1500 2108 1555 Hoc
2139 1506 2331 1555 autem
2362 1501 2536 1555 etiam
2571 1501 2841 1572 superius
2873 1501 3037 1569 dicit,
3070 1501 3224 1556 circa
3252 1503 3427 1558 linem
3455 1503 3630 1574 primi

1988 1589 2195 1659 capitis
2227 1590 2284 1644 in
2319 1589 2684 1661 paragrapho
2709 1594 2890 1644 sexto.

2060 1678 2086 1750 §
2123 1680 2188 1732 II.
2223 1679 2350 1733 Inde
2380 1678 2517 1732 illis.
2554 1679 2804 1733 Adverte
2835 1695 2960 1749 quae
3003 1679 3072 1733 de
3104 1679 3328 1750 angelis
3360 1679 3538 1746 dicat,
3571 1685 3629 1736 et

1984 1766 2357 1837 incorporeos
2388 1782 2517 1822 esse
2547 1773 2719 1837 atque
2750 1784 2814 1823 se
2843 1767 3089 1822 invicem
3133 1768 3257 1823 sine
3288 1769 3626 1825 confusione

1983 1860 2285 1926 penetrare
2307 1860 2365 1910 et
2390 1855 2813 1926 relinquere,ac
2829 1856 3006 1910 veluti
3028 1858 3248 1927 gradus
3272 1857 3625 1929 ordinesque

1981 1943 2098 1998 sint
2130 1944 2303 2014 primi
2333 1949 2390 1999 et
2415 1945 2656 2000 secundi
2689 1963 2701 2010 ;
2736 1960 2958 2000 necnon
2991 1945 3221 2001 divinas
3255 1950 3481 2002 mentes
3504 1947 3622 2003 illic

1979 2033 2198 2087 circum
2233 2034 2458 2104 seipsas
2491 2033 2783 2099 volvi,non
2817 2033 3112 2089 volutione
3138 2036 3390 2105 quadam
3413 2052 3616 2107 corpoo

1975 2137 2092 2188 rea,
2117 2121 2218 2176 sed
2250 2138 2382 2192 quae
2412 2121 2697 2176 mundum
2730 2121 2908 2176 vincit
2937 2127 2992 2177 et
3040 2121 3374 2194 intelligens
3423 2129 3534 2190 est,
3567 2129 3624 2180 et

1971 2209 2075 2264 tali
2109 2226 2236 2280 quae
2267 2218 2520 2265 mentem
2554 2209 2782 2266 volvere
2814 2215 3029 2281 potest,
3055 2228 3121 2266 ex
3156 2213 3347 2283 seipsa
3377 2214 3447 2267 ad
3481 2231 3618 2268 con-

1974 2298 2360 2354 siderationes
2412 2299 2814 2370 progrediens,
2877 2305 3047 2369 atque
3097 2300 3153 2354 in
3214 2302 3470 2371 seipsam
3534 2319 3627 2357 re-

1975 2387 2163 2455 diens,
2198 2403 2313 2441 non
2346 2403 2480 2442 vero
2535 2393 2696 2442 extra
2752 2387 3008 2457 seipsam
3068 2405 3200 2443 cum
3260 2391 3626 2459 separatione

1975 2479 2034 2529 et
2090 2475 2374 2530 divisione
2443 2475 2686 2542 abiens;
2747 2475 2857 2529 hoc
2915 2476 3085 2530 etiam
3138 2476 3443 2533 insinuant
3493 2483 3627 2532 rotae

1976 2579 2103 2634 quae
2141 2562 2342 2618 multis
2386 2564 2540 2634 apud
2574 2562 3004 2635 diviniloquun:
3074 2563 3431 2619 Ezechielcm
3491 2583 3629 2620 con-

1977 2655 2136 2708 stant
2164 2651 2348 2707 oculis
2384 2676 2397 2719 ;
2429 2669 2492 2706 ac
2550 2668 2680 2707 esse
2741 2652 2898 2707 circa
2946 2652 3206 2707 divinum
3259 2670 3517 2708 amorem
3566 2654 3626 2709 in

1975 2740 2276 2796 identitate
2331 2744 2388 2795 et
2446 2740 2813 2795 extremitate
2867 2758 2880 2795 :
2943 2758 3045 2812 per
3102 2741 3445 2797 idenlilalem
3493 2760 3624 2799 vero

1977 2827 2446 2900 intelligendum,
2481 2828 2724 2883 minime
2756 2828 3138 2884 desistentem
3169 2846 3302 2884 cum
3345 2830 3460 2885 Deo
3493 2848 3625 2887 con-

1972 2917 2340 2988 junctionem
2368 2934 2381 2972 :
2408 2933 2508 2988 per
2536 2917 2944 2972 extremitatem
2975 2935 3109 2973 vero
3139 2918 3398 2990 intellige
3420 2920 3624 2990 cogni-
3723 2988 3733 2996 θ

1978 3006 2154 3061 tionis
2185 3006 2446 3079 ipsarum
2479 3011 2534 3061 et
2564 3007 2832 3062 essentia:
2857 3023 3230 3079 progressum
3253 3025 3364 3077 quo
3397 3008 3516 3064 fere
3543 3009 3624 3062 dii

1979 3101 2323 3150 evaserunt:
2382 3111 2484 3166 per
2536 3105 2758 3150 mutuas
2788 3101 2982 3151 autem
3016 3096 3471 3168 inlelligibilium
3496 3097 3622 3152 uni-

1977 3183 2177 3253 tiones,
2203 3183 2462 3256 intellige
2495 3189 2605 3241 Deo
2639 3185 2884 3257 dignum
2910 3202 3025 3257 quo
3057 3203 3118 3240 se
3149 3185 3396 3241 invicem
3432 3204 3625 3258 prose-

1981 3279 2246 3344 quuntur
2276 3291 2558 3342 amorem,
2593 3275 2715 3345 qui,
2749 3275 2982 3330 divinus
3013 3292 3147 3330 cum
3195 3276 3291 3343 sit,
3325 3291 3629 3348 unumque

1982 3362 2174 3426 faciat,
2205 3363 2363 3433 ipsos
2394 3364 2720 3435 conjungit,
2747 3381 2859 3418 non
2886 3366 3196 3418 acervatim
3230 3369 3626 3434 comportans,

219 3453 474 3524 ἡνωμένα
501 3453 592 3506 καὶ
636 3449 1149 3526 ἁλληλουχούμενα
1181 3468 1195 3482 ⁸
1246 3450 1315 3504 τὰ
1354 3446 1411 3503 δὲ
1441 3446 1750 3523 διῃρημένα
1778 3447 1868 3501 καὶ

1989 3452 2136 3507 I26
2160 3452 2260 3506 sed
2281 3451 2613 3508 amabiliter
2635 3453 3068 3523 constringens.
3104 3451 3312 3507 Ὄντων
3343 3448 3419 3519 δέ,
3453 3453 3628 3508 rebus

215 3538 264 3593 έν
311 3543 628 3616 παραθέσει,
675 3541 789 3594 οἶον
845 3537 1094 3615 σωρηδόν
1126 3558 1141 3571 ο
1192 3537 1282 3593 καὶ
1333 3542 1540 3607 νοητῶν
1594 3538 1687 3610 μὲν
1730 3539 1867 3606 ἡνω-

217 3628 378 3701 μένα,
418 3629 528 3684 οἷον
584 3633 749 3698 ζῶον,
780 3630 872 3683 καὶ
924 3633 1060 3703 φῶς,
1117 3627 1209 3683 καὶ
1265 3627 1458 3696 νοητὸς
1500 3626 1726 3699 κόσμος.
1776 3625 1866 3680 καὶ

221 3716 324 3772 ὅσα
378 3722 603 3772 τοιαῦτα
635 3737 648 3750 ⁸
703 3715 1012 3792 διῃρημένα
1068 3714 1125 3772 δὲ
1160 3716 1249 3771 καὶ
1302 3715 1352 3770 έν
1396 3715 1707 3789 παραθέσει,
1753 3715 1864 3768 οἷον

215 3807 465 3882 στρατιὰ,
493 3807 668 3877 τάξις,
699 3806 920 3880 πατριὰ,
969 3807 1140 3881 χορός
1173 3827 1186 3840 ’
1232 3804 1320 3860 ἐπὶ
1353 3803 1410 3860 δι
1439 3805 1706 3874 αἰσθητῶν
1733 3801 1868 3858 ἕνω-

216 3916 318 3963 σις,
353 3900 520 3966 ζῶον,
575 3892 820 3968 δένδρον,
863 3895 1072 3968 κόσμος
1105 3913 1116 3926 ’
1172 3893 1432 3969 διαίρεσις
1475 3891 1552 3961 δὲ,
1595 3892 1730 3947 κατᾶ
1760 3913 1865 3945 σω-

214 3983 380 4057 ρείαν,
414 3983 653 4057 ποίμνη,
688 3981 889 4056 δῆμος,
921 3983 1120 4058 σωρὸς,
1155 3983 1345 4059 χορός.

1978 3544 2174 3595 autem
2208 3546 2264 3596 et
2292 3543 2504 3609 νοητῶν
2539 3541 3033 3612 intelligibilibus,
3057 3558 3122 3596 ac
3153 3541 3331 3596 etiam
3354 3539 3628 3610 αἰσθητῶν

1977 3628 2297 3684 sensilibus
2344 3630 2454 3683 sub
2512 3630 2715 3684 eodem
2765 3629 3001 3684 nomine
3025 3630 3486 3700 comprehensis,
3512 3631 3627 3685 alia

1945 3742 1950 3748 ·
1978 3721 2116 3772 sunt
2149 3717 2313 3771 unita
2343 3722 2398 3772 et
2428 3735 2460 3772 a
2492 3734 2554 3772 se
2587 3724 2794 3772 mutuo
2825 3717 3356 3788 dependentia,alia
3377 3734 3508 3772 vero
3532 3719 3624 3771 di-

1975 3805 2102 3861 visa
2133 3812 2190 3860 et
2220 3807 2488 3878 apposita
2504 3806 2680 3861 veluti
2699 3806 3008 3860 acervatim
3035 3822 3048 3860 :
3074 3823 3140 3860 ac
3161 3805 3620 3876 intelligibilium

1977 3898 2190 3963 νοητῶν
2221 3895 2456 3964 quidem
2495 3894 2681 3961 unita,
2717 3899 2780 3949 ut
2811 3893 3045 3961 animal,
3080 3898 3137 3949 et
3193 3893 3414 3964 lumen,
3445 3900 3622 3966 atque

1979 3983 2369 4055 intelligibilis
2399 3984 2681 4052 mundus,
2710 3989 2768 4038 et
2824 3999 2949 4054 quae
2981 3982 3200 4039 similia
3231 4004 3245 4052 ;
3279 3983 3465 4039 divisa
3487 4001 3621 4040 vero

212 4078 268 4128 et
298 4074 594 4146 apposita,
625 4074 785 4129 velut
815 4074 1124 4143 exercitus,
1157 4075 1322 4144 ordo,
1356 4072 1594 4142 familia,
1628 4071 1878 4126 chorus:
1913 4070 1972 4127 in
2005 4072 2323 4128 sensilibus
2354 4077 2547 4128 autem
2585 4072 2790 4137 unitio,
2841 4071 3082 4139 animal,
3114 4073 3308 4138 arbor,
3341 4073 3623 4140 mundus,

213 4163 428 4219 divisio
462 4179 620 4229 vero,
648 4179 751 4235 per
780 4163 1299 4226 coacervationem,
1331 4179 1490 4234 grex,
1525 4160 1800 4233 populus,
1828 4176 2089 4233 acervus,
2113 4162 2345 4218 chorus.

281 4251 370 4307 Ἐν
400 4255 482 4322 τῷ
525 4249 658 4326 Περῖ
717 4250 826 4304 νῶν
873 4249 1200 4325 ἀγγελικῶν.
1254 4247 1394 4305 Ἰδοὺ
1454 4247 1597 4304 ἄλλο
1649 4248 1870 4320 πόνημα

215 4340 499 4393 Διονυσίου
562 4343 824 4408 ζητεῖται,
875 4337 1006 4414 Περὶ
1062 4342 1170 4392 τῶν
1223 4335 1530 4413 ἆγγελικῶν
1579 4334 1866 4407 ἷδιοτήτων

215 4427 302 4480 καὶ
331 4427 562 4498 τάξεων.

286 4516 355 4572 Ai
461 4513 916 4590 ἀγγελοπρεπεῖς.
1028 4513 1482 4590 Ἀγγελοπρεπεῖς
1589 4512 1871 4590 καθάρσεις

2049 4252 2110 4306 In
2144 4251 2286 4306 libro
2318 4253 2398 4306 De
2426 4251 2740 4323 Angelicis.
2775 4249 2916 4306 Ecce
2972 4249 3130 4305 aliud
3165 4267 3311 4321 opus
3348 4251 3630 4323 Dionysii,

1979 4342 2053 4397 De
2085 4340 2354 4412 angelicis
2389 4340 2815 4412 proprietatibus
2861 4347 2911 4394 et
2959 4339 3268 4409 ordinibus,
3329 4340 3626 4395 desidera-

1982 4435 2098 4485 tur.

2051 4517 2346 4588 Angelicw,

2433 4517 2531 4573 Gr.
2617 4515 3066 4592 ἀγγελοπρεπεῖς.
3149 4512 3622 4590 Ἀγγελοπρεττεῖς,

216 4604 397 4680 φησὶν,
444 4606 564 4659 οἷον
613 4605 713 4672 τὴν
765 4601 989 4661 Ἠσαίου
1041 4604 1130 4659 καὶ
1179 4605 1277 4672 τήν
1309 4602 1572 4673 Ἰεζεκιήλ
1606 4624 1870 4679 φαγοντος

1989 4607 2193 4676 angelis
2223 4605 2621 4673 convenientes,
2655 4606 3014 4677 expiationes
3045 4605 3206 4669 dicit,
3253 4605 3406 4659 sicut
3461 4603 3620 4658 illam

213 4691 264 4747 ἐν
291 4693 536 4748 ὲκστάσει
569 4694 666 4762 τὴν
689 4690 955 4768 κεφαλίδα
978 4697 1075 4748 τοῦ
1099 4687 1338 4768 βιϐλίου.
1363 4691 1779 4768 Τελεσιουργίαν
1813 4691 1869 4746 δὲ

212 4781 460 4856 ἀγγέλων
493 4781 663 4857 λέγει,
696 4782 772 4844 ὡς
826 4781 915 4836 έπὶ
957 4786 1053 4836 τοῦ
1107 4782 1336 4852 Δανιὴλ,
1378 4781 1467 4836 καὶ
1507 4785 1604 4836 τοῖ’)
1635 4779 1866 4858 ἀγγέλου

209 4875 308 4924 τοῦ
361 4871 798 4946 ἑρμηνεύσαντας
839 4870 991 4940 αὐτὸ,
1039 4872 1126 4925 καὶ
1179 4871 1303 4945 περὶ
1349 4875 1444 4926 τοῦ
1482 4872 1742 4942 ποιμένος
1772 4870 1863 4924 τὸν

206 4956 412 5031 Ἑρμᾶν
443 4959 862 5028 τελειώσαντος,
911 4962 986 5022 ὼς
1033 4958 1144 5014 ἐκεῖ
1191 4959 1501 5034 ἀνέγνωμεν
1534 4959 1584 5014 ἰν
1624 4965 1703 5031 τῷ
1736 4966 1865 5014 Ποι-

211 5050 333 5119 μὲνι
366 5067 380 5080 °
432 5049 583 5103 ἀλλὰ
630 5050 720 5103 καὶ
771 5048 925 5104 αὐτοὶ
975 5050 1026 5103 οἱ
1076 5047 1299 5124 ἄγγελοι
1350 5054 1467 5112 πῶς
1515 5048 1862 5124 καθαίρονται

199 5136 295 5190 καὶ
349 5137 863 5213 τελεσιουργοῦνταί
920 5158 1083 5215 φησιν
1156 5136 1210 5192 ἐν
1279 5142 1360 5210 τῷ
1422 5138 1550 5212 Ηερὶ
1615 5137 1866 5210 οὐρανίας

199 5223 488 5300 ἱεραρχίας
527 5224 704 5302 λόγῳ.

283 5315 380 5368 Καὶ
437 5315 572 5370 εἷται
636 5313 917 5390 ἀγγέλους.
1001 5314 1098 5370 Διά
1168 5314 1220 5370 τί
1277 5313 1502 5392 ἄγγελοι
1564 5314 1860 5392 λέγονται·

202 5402 298 5455 καὶ
328 5401 410 5457 ὅτι
441 5403 531 5458 καί
563 5403 723 5458 αὐτοὶ
755 5407 929 5480 φῶτα.

1981 4695 2140 4752 Isaia:
2172 4701 2230 4751 et
2258 4693 2574 4751 Ezechielis
2607 4694 2942 4750 devorantis
2993 4693 3052 4748 in
3112 4708 3352 4748 excessu
3406 4692 3620 4748 mentis

1979 4789 2154 4856 caput
2185 4784 2339 4840 libri.
2374 4787 2554 4838 Porro
2586 4781 2956 4854 perfectionis
2983 4781 3351 4837 efﬁcientiam
3385 4780 3618 4852 angelo-

1977 4891 2108 4930 rum
2139 4878 2324 4941 vocat,
2359 4873 2512 4928 sicut
2545 4872 2603 4926 in
2637 4870 2954 4940 Daniele,et
2983 4869 3188 4940 angelo
3211 4869 3408 4940 ipsum
3434 4869 3610 4924 inter.

1976 4967 2264 5034 pretante,
2298 4966 2474 5033 atque
2526 4961 2587 5016 in
2647 4964 2879 5032 pastore
2935 4959 3209 5013 Hermum
3261 4956 3619 5029 perﬁciente,

1975 5052 2132 5107 sicut
2163 5051 2242 5105 ibi
2278 5050 2529 5122 legimus
2579 5049 2638 5103 in
2670 5048 2819 5103 libro
2850 5047 2949 5118 qui
2978 5049 3224 5099 vocatur
3255 5047 3449 5101 Pastor
3471 5065 3489 5100 :
3519 5062 3621 5101 ve-

1977 5157 2107 5195 rum
2139 5144 2194 5195 et
2222 5139 2515 5210 quomodo
2541 5137 2652 5206 ipsi
2684 5135 2874 5205 angeli
2898 5135 3199 5204 expientur
3233 5138 3290 5189 et
3319 5133 3622 5205 perﬁcian-

1973 5234 2091 5298 tur,
2127 5227 2268 5284 dicit
2301 5227 2359 5282 in
2386 5225 2534 5281 libro
2567 5225 2638 5279 De
2671 5223 2878 5278 ccelesti
2908 5221 3246 5277 hierarchia.

2044 5317 2276 5389 Sintque
2296 5315 2501 5386 angeli.
2535 5314 2649 5370 Cur
2678 5310 2868 5383 angeli
2915 5310 3205 5381 dicantur,
3247 5327 3464 5384 eosque
3495 5328 3624 5370 esse

1975 5407 2220 5463 lumina.

1220 5576 1461 5633 VARIIE
1491 5577 1886 5635 LECTIONES
1927 5579 2018 5635 ET
2047 5573 2604 5635 CORRECTIONEB.

292 5701 335 5736 ³⁸
360 5697 796 5778 έπαναστρέφων.
873 5701 916 5739 ³⁷
947 5698 1280 5777 ὑποχωρῶν.
1356 5703 1400 5740 ³³
1426 5703 1527 5773 τήν
1561 5704 1662 5759 οὐκ
1691 5702 2009 5760 ἀπόπατον.
