4000 6200
265 353 370 409 245

1027 358 1083 410 S.
1124 359 1393 420 MAXIM!
1429 360 1733 416 SCHOLIA
1774 363 1847 415 IN
1886 363 2020 415 LIB.
2061 365 2156 415 DE
2195 363 2466 416 DlVlNIS
2503 360 2914 417 NOMINIBUS.

3564 365 3676 418 246

268 473 702 548 ὑποπερατώσεις
749 473 796 510 ⁸³
840 472 1062 544 νοητὲον
1112 476 1212 546 τήν
1258 477 1332 539 ὡς
1382 477 1440 532 ἐκ
1502 479 1734 552 σημείου
1787 479 1909 548 ἦτοι

2038 486 2308 554 tanquam
2343 499 2410 538 ex
2455 484 2670 553 puncto
2703 498 2804 537 seu
2854 486 3053 537 centro
3084 481 3400 539 voluntatis
3431 483 3553 553 Dei,
3586 502 3672 540 ro-

264 564 484 638 γάντρου
513 566 609 616 τοῦ
656 561 972 636 θελήματος
1018 568 1113 619 τοῦ
1162 570 1317 635 Θεοῦ,
1373 566 1646 630 κυκλικῶς
1687 569 1916 623 ὑποστᾶ-

269 674 354 707 σαν
389 655 435 688 ³⁴
456 656 566 706 τῶν
616 651 861 727 οὐρανῶν
909 651 1224 731 σφαιροειδῆ
1283 653 1638 730 δημιουργίαν
1700 659 1762 712 τὸ
1813 660 1913 733 γὰρ

263 739 522 796 κυκλικὸν
555 749 751 816 σχῆμα
797 741 1103 817 ἀρχόμενον
1136 742 1187 814 ἐξ
1218 744 1431 814 ἑαυτοῦ,
1463 745 1538 809 εἷς
1569 747 1725 802 ἑαυτὸ
1756 767 1917 819 περα-

263 835 466 886 τοῦταιο
514 830 614 898 τὴν
663 827 720 884 δὲ
765 830 1015 906 οὐρανίαν
1067 831 1251 887 οὐσίαν
1286 834 1482 904 ἀναυξῆ
1523 835 1612 889 καὶ
1645 835 1911 908 ἆμείωτόν

264 941 446 997 suam,
481 919 558 981 ὡς
583 917 811 984 τελείως
840 918 1068 995 ἔχουσαν
1101 923 1188 976 καὶ
1223 922 1500 998 αὐτάρκως
1521 926 1568 960 ⁸⁸
1596 925 1731 1000 πρὸς
1761 926 1790 980 ’ὀ
1820 926 1910 1000 γὲ-

261 1026 401 1082 γονε·
447 1006 536 1063 διὸ
566 1007 657 1063 καὶ
685 1008 1058 1064 ἀναλλοίωτον
1091 1010 1259 1080 αὐτὴν
1292 1010 1456 1087 λέγει,
1568 1012 1629 1067 οὗ
1672 1015 1910 1089 γέγονεν,

261 1097 321 1152 οὗ
374 1103 842 1171 παρατραπεῖσαν·
895 1096 1104 1154 τέλειον
1157 1097 1214 1154 δέ
1259 1099 1424 1170 ἐστιν,
1475 1099 1502 1155 ὃ
1556 1105 1694 1175 μήτε
1745 1100 1908 1175 αὔξει,

263 1188 401 1258 μήτε
437 1191 710 1258 μειοῦται.
759 1188 1223 1260 Ὑποπερατώσεις
1263 1187 1320 1244 δὲ
1372 1189 1505 1244 αὐτὰ
1533 1191 1790 1260 κέκληκε,
1822 1192 1911 1247 καὶ

261 1275 356 1330 οὐκ
404 1275 876 1349 ἆποπερατώσεις,
916 1274 1004 1331 διὰ
1040 1277 1102 1332 τὸ
1146 1279 1435 1354 σφαιρικὴν
1494 1281 1587 1351 μὲν
1633 1281 1766 1335 εἶναι
1811 1282 1908 1350 τὴν

258 1364 498 1436 κίνησιν
537 1363 598 1419 οὐ
647 1365 850 1440 κυρίως
899 1363 956 1420 δὲ
1001 1368 1171 1442 πέρας
1213 1362 1381 1441 ἔχειν,
1425 1366 1551 1423 ἀλλ’
1599 1368 1765 1424 οἷονεὶ
1813 1371 1912 1425 πε-

261 1476 350 1528 ρας
379 1455 484 1523 τήν
521 1451 608 1508 ἐπὶ
660 1455 722 1509 τὸ
770 1455 900 1510 αὐτὸ
950 1455 1131 1530 ὥσπερ
1178 1455 1284 1510 ἀπό
1313 1477 1460 1519 τινος
1509 1457 1687 1534 ἀρχῆς
1719 1457 1806 1514 ἐπί
1835 1481 1908 1526 τι,

261 1544 372 1599 οἷον
425 1544 602 1617 πέρας
650 1542 902 1618 φέρεσθαι
939 1544 1108 1618 τυχὸν
1159 1543 1453 1616 ἀνατολήν.
1507 1546 1822 1620 Σημείωσαι
1856 1547 1913 1603 δὲ

261 1633 340 1688 ὅτι
365 1632 455 1687 καὶ
489 1633 757 1687 κινεῖσθαι
790 1631 1014 1710 ἀψόφως
1055 1635 1187 1711 φησὶ
1236 1633 1326 1689 καὶ
1357 1634 1767 1706 ἀνεπαισθήτως
1818 1638 1909 1692 τὸν

265 1720 510 1795 οὐρανόν·
569 1721 635 1775 τὸ
684 1718 731 1776 δ’
788 1719 942 1776 ἐνίων
1000 1722 1239 1798 ἀστερων
1298 1719 1663 1795 μεταϐατικῆς
1709 1723 1854 1781 πολυ
1886 1759 1908 1768 -

260 1809 508 1916 κινησίας
565 1810 694 1885 περὶ
747 1813 853 1916 των
888 1807 1204 1916 ὶπλανήτων
1264 1811 1417 1885 φησί.
1477 1815 1796 1885 Σημείωσαι
1854 1812 1989 1916 δὲΒ

261 1899 566 1965 καὶτοῦτο,
618 1899 702 1953 ὅτι
753 1897 946 1960 αὐτοὺς
997 1897 1197 1972 μόνους
1247 1896 1457 1973 ἐδέξατο
1487 1903 1765 1959 κινεῖσθαι.
1801 1909 1910 1974 Ση-

268 1986 492 2060 μείωσαι
529 1984 587 2042 δὶ
617 1988 708 2041 καὶ
740 1988 902 2052 πόθεν
929 1988 986 2042 αἱ
1011 1987 1268 2062 χρονικαὶ
1301 1988 1647 2064 άριθμήσεις.

326 2163 451 2242 [Καὶ
503 2169 607 2234 τῆς
651 2168 761 2220 τῶν
811 2162 906 2220 δύο
962 2167 1290 2242 φωστήρων,
1347 2165 1438 2230 οὓς
1486 2168 1555 2222 τά
1601 2171 1770 2243 Λόγια
1817 2191 1912 2225 κα-

261 2255 344 2312 λεῖ
402 2252 706 2330 μεγάλους.
762 2255 867 2308 Δύο
937 2261 1227 2332 φωστῆρας
1297 2257 1388 2311 τὸν
1447 2255 1606 2325 ἥλιον
1667 2260 1757 2313 καὶ
1811 2260 1912 2328 τὴν

260 2344 500 2414 σελήνην
547 2344 702 2421 φησί’
761 2342 1034 2419 μεγάλους
1086 2341 1144 2399 δὲ
1195 2344 1338 2400 εἶπεν
1385 2346 1650 2419 ἱπόμενος
1701 2353 1782 2421 τῷ
1809 2356 1912 2403 Δα-

263 2431 364 2488 υίδ⁶
402 2432 584 2507 Λόγια
616 2429 674 2487 δὲ
719 2431 848 2496 τοὺς
877 2431 1082 2488 ἐκείνου
1115 2431 1387 2506 Ψαλμοὺς
1418 2436 1694 2509 ὀνομάζει.
1727 2439 1916 2512 ΙΙεριο-

262 2521 417 2592 δικήν
471 2519 533 2576 δὶ
588 2521 1017 2577 ἀποκατάστασιν
1075 2524 1175 2592 τὴν
1223 2524 1328 2578 ἀπὸ
1371 2529 1468 2579 τοῦ
1516 2525 1680 2580 αὑτοῦ
1730 2525 1808 2589 εἷς
1852 2527 1916 2582 τὸ

265 2612 393 2667 αὑτὸ
427 2610 602 2687 φορὰν
634 2609 803 2684 λέγει,
831 2612 892 2679 ἣν
924 2612 952 2664 ὁ
981 2609 1144 2680 ἥλιος
1177 2613 1268 2684 μὲν
1301 2614 1418 2668 κατ’
1448 2612 1688 2669 ἆνιαυτὸν
1736 2621 1916 2670 ποιεῖ-

263 2720 348 2755 ται
392 2701 488 2754 τὸν
544 2695 808 2768 ζωδιακὸν
851 2695 1054 2754 κύκλον
1099 2701 1348 2776 περιϊών·
1395 2703 1429 2771 ἡ
1481 2699 1538 2757 δὲ
1585 2702 1786 2774 σελήνη
1848 2702 1917 2759 δι’

263 2791 489 2865 ἡμερῶν
538 2809 703 2842 τινων
734 2787 828 2842 τὸν
859 2789 964 2843 ὐπὸ
995 2786 1222 2844 συνόδου
1275 2789 1441 2866 μεχρι
1473 2791 1573 2858 τῆς
1618 2793 1916 2856 παντελοῦς

262 2879 466 2948 ταύτης
500 2877 804 2949 μειώσεως.
850 2877 1165 2950 Σημείωσαι
1214 2875 1292 2948 δὲ,
1325 2880 1398 2942 ὡς
1445 2882 1534 2935 καὶ
1579 2882 1634 2935 αἱ
1665 2883 1916 2957 χρονικαὶ

267 2967 596 3040 ἀριθμήσεις
628 2963 688 3020 ὲκ
715 2966 923 3021 τούτων
955 2966 1078 3035 εἰσὶ,
1109 2967 1200 3021 καὶ
1230 2964 1307 3022 ἔτι
1338 2968 1396 3022 ἐκ
1422 2973 1528 3025 τῶν
1567 2974 1800 3044 μηνῶν.]

338 3054 715 3133 Ἀφορίζουσι.
746 3053 960 3118 Τελὲως
993 3056 1289 3130 ὁρίζουσιν.

338 3146 622 3202 Ἐπέκεινα
680 3145 962 3215 θεότητος.
1014 3147 1192 3202 Τοῦτο
1239 3147 1328 3201 καὶ
1379 3146 1431 3202 ἐν
1481 3153 1596 3211 τοῖς
1649 3150 1758 3205 ἅνω
1787 3171 1922 3226 παρ-

2025 571 2272 628 tundam
2309 570 2586 626 caelorum
2630 570 3068 626 fabricationem
3105 571 3160 625 in
3197 572 3447 628 circuitu
3477 574 3674 630 subsi-

2026 665 2311 725 stentem;
2353 659 2656 715 circularis
2703 661 2858 715 enim
2923 659 3110 731 ﬁgura
3165 677 3233 715 ex
3286 661 3480 732 seipse
3527 663 3670 718 inci-

2025 749 2189 820 piens
2221 749 2276 804 in
2311 749 2504 820 seipsa
2555 747 2932 816 terminatur;
2967 748 3260 805 cmlestem
3294 766 3425 806 vero
3475 767 3669 806 essen-

2024 839 2164 894 tiam
2201 855 2385 909 neque
2421 840 2715 910 :crescere,
2749 854 2937 909 neque
2977 838 3163 893 minui
3197 838 3300 905 ait,
3330 843 3393 894 ut
3425 839 3673 909 perfecte

2023 932 2080 984 et
2138 927 2499 982 sufﬁcienter
2555 927 2728 981 ﬁnem
2779 943 2954 982 suum
3004 932 3332 983 assecutam
3370 946 3382 983 :
3426 929 3671 1001 ideoque

2022 1015 2453 1071 immutabilem
2510 1015 2692 1086 ipsam
2746 1015 2906 1081 dixit,
2937 1032 3006 1070 ex
3048 1033 3162 1087 quo
3213 1017 3366 1072 facta
3413 1021 3522 1087 est,
3555 1035 3670 1073 non

2023 1121 2356 1178 perversam
2394 1121 2406 1158 :
2435 1106 2742 1176 perfectum
2772 1109 2964 1158 autem
2999 1111 3107 1173 est,
3133 1106 3283 1177 quod
3328 1122 3518 1177 neque
3550 1123 3672 1161 cre-

2021 1195 2153 1265 scit,
2179 1209 2366 1264 neque
2390 1193 2694 1248 minuitur.
2720 1193 2850 1248 Hzec
2883 1210 3052 1264 porro
3087 1193 3522 1268 ὑποπερατώσεις
3556 1212 3669 1251 non

2021 1288 2214 1340 autem
2267 1279 2706 1356 ἀποπερατώσεις
2732 1282 2978 1352 vocavit,
3008 1282 3148 1354 quia
3179 1288 3372 1338 motus
3420 1289 3511 1339 est
3557 1285 3671 1339 cir-

2021 1372 2267 1436 cularis;
2301 1371 2618 1443 improprie
2641 1388 2770 1426 vero
2797 1370 3113 1426 terminum
3146 1371 3344 1440 habet,
3368 1373 3468 1428 sed
3491 1373 3669 1428 voluti

2020 1461 2364 1529 terminum,
2400 1465 2592 1514 motus
2625 1460 2724 1532 qui
2757 1461 2828 1514 ad
2863 1461 3016 1515 idem
3055 1463 3382 1532 (punctum)
3413 1462 3566 1518 sicut
3595 1463 3669 1518 ab

2021 1549 2219 1621 aliquo
2253 1549 2541 1620 principio
2588 1550 2658 1604 ad
2707 1548 2927 1620 aliquid
2963 1549 3139 1605 veluti
3174 1551 3491 1606 terminum
3521 1569 3575 1606 v.
3610 1568 3667 1623 g.

2021 1639 2302 1695 orientem
2340 1639 2542 1694 fertur.
2570 1639 2736 1704 Nota,
2771 1653 2903 1692 eum
2938 1638 3130 1693 dicere
3163 1638 3339 1694 ccelos
3369 1639 3496 1694 sine
3525 1657 3669 1696 sono

2020 1734 2078 1784 et
2108 1729 2331 1799 absque
2366 1744 2542 1784 sensu
2579 1726 2793 1781 moveri
2830 1745 2843 1782 :
2879 1727 3030 1783 I28
3064 1725 3210 1782 illud
3243 1733 3440 1783 autem
3476 1746 3488 1784 :
3525 1730 3669 1798 Qua-

2019 1820 2259 1873 rundam
2279 1817 2569 1872 stellarum
2597 1815 2892 1886 multiplex
2910 1821 3088 1871 motus
3108 1832 3211 1887 quo
3235 1822 3672 1889 transferuntur,

2021 1908 2095 1963 de
2145 1906 2393 1978 planetis
2443 1905 2604 1960 dicit.
2640 1909 2778 1960 Nola
2828 1905 3071 1976 insuper
3121 1905 3301 1972 istud,
3334 1923 3468 1962 eum
3518 1905 3673 1962 solos

2021 1996 2289 2068 planetas
2329 1993 2547 2050 moveri
2600 1994 2928 2050 admittere.
2957 1995 3207 2050 Adverte
3238 2011 3470 2067 quoque
3519 1997 3676 2050 unde

2021 2084 2306 2156 temporis
2337 2083 2798 2138 numerationes.

2097 2175 2360 2244 [Duorum
2396 2171 2788 2238 luminarium,
2821 2188 2940 2243 quae
2973 2172 3202 2244 Eloquia
3233 2180 3424 2227 vocant
3452 2189 3675 2243 magna.

2023 2267 2147 2317 Duo
2179 2259 2496 2316 luminaria
2533 2261 2737 2327 solem,
2771 2263 2828 2314 et
2861 2259 3058 2314 lunam
3091 2260 3233 2314 dicit
3266 2277 3278 2312 :
3314 2265 3516 2331 Magna
3543 2277 3675 2315 vero

2022 2355 2189 2407 vocat
2246 2349 2521 2405 Davidem
2578 2351 2838 2403 secutus.
2886 2348 3121 2419 Eloquia
3173 2347 3430 2403 Psalmos
3487 2349 3676 2419 ipsius

2025 2438 2300 2512 appellat.
2333 2437 2687 2492 Periodicam
2717 2436 3116 2492 restitutionem
3157 2439 3212 2490 in
3253 2438 3578 2508 pristinum,
3604 2437 3676 2490 ab

2024 2531 2227 2587 eodem
2259 2528 2316 2582 in
2350 2527 2503 2582 idem
2541 2525 3002 2598 progressionem
3029 2525 3189 2587 dicit,
3215 2541 3392 2596 quam
3419 2524 3504 2580 sol
3537 2541 3676 2596 quo-

2025 2618 2223 2674 tannis
2268 2616 2512 2686 perficit,
2545 2614 2766 2670 zodiaci
2797 2614 3084 2669 circulum
3117 2630 3498 2686 percurrens;
3538 2613 3677 2668 luna

2025 2724 2160 2762 vero
2194 2709 2348 2761 intra
2392 2704 2615 2775 aliquot
2661 2704 2789 2759 dies
2819 2720 2852 2756 a
2883 2703 3296 2774 conjunctione
3337 2719 3442 2757 sua
3490 2719 3678 2774 usque

2028 2797 2098 2852 ad
2131 2793 2369 2851 totalem
2417 2793 2607 2864 ipsius
2649 2792 3149 2847 imminutionem.
3185 2792 3333 2846 Nota
3361 2808 3495 2846 vero
3530 2797 3678 2846 tem-

2029 2884 2188 2956 poris
2219 2881 2657 2937 numerationes
2687 2897 2752 2934 ex
2793 2879 2907 2945 his,
2937 2896 3002 2935 ac
3045 2884 3326 2951 praeterea
3357 2897 3425 2934 ex
3460 2879 3682 2934 mensi-

2029 2973 2142 3026 bus
2171 2969 2375 3040 sumi.j

2100 3060 2480 3130 Distinguunt,
2513 3057 2610 3114 Gr.
2644 3055 2978 3133 ἀφορίζουσι.
3014 3057 3271 3112 Perfecte
3303 3055 3616 3112 definiunt.

2109 3148 2433 3204 Divinitalis
2479 3149 2666 3202 omnia
2716 3149 3050 3217 superantis.
3105 3147 3223 3203 Hoc
3277 3146 3453 3201 etiam
3505 3161 3684 3217 supra

271 3235 475 3309 ἀγραψα
508 3237 576 3302 ³⁸,
637 3232 720 3289 ὅτι
777 3212 866 3289 καὶ
918 3233 971 3289 ἐν
1023 3240 1143 3297 τοῖς
1190 3241 1350 3290 πᾶσιν
1396 3237 1424 3291 ὁ
1464 3238 1613 3306 Θεὸς,
1645 3239 1734 3293 καὶ
1765 3212 1916 3295 οὐδὲν

2038 3237 2347 3308 adscripsi,
2382 3236 2660 3290 nimirum
2716 3238 2893 3288 Deum
2931 3234 2986 3289 in
3022 3235 3300 3289 omnibus
3352 3249 3503 3301 esse,
3538 3231 3684 3287 nihil

273 3329 372 3378 τῶν
406 3323 684 3382 ἁπάντων.
736 3325 996 3378 Ἐνταῦοα
1044 3321 1102 3379 δὲ
1140 3325 1204 3380 τὸ
1252 3324 1421 3381 πλέον
1466 3327 1651 3404 φησὶν,
1696 3326 1778 3383 ὅτι
1834 3331 1924 3384 καὶ

276 3411 351 3468 ἔτι
386 3415 524 3486 ὑπὲρ
568 3411 744 3474 πάσας
798 3414 895 3476 τὰς
936 3411 1118 3477 οὑσίας
1159 3412 1322 3483 ἐστὶν,
1374 3415 1504 3488 ὅπερ
1555 3413 1697 3491 λέγει
1747 3439 1926 3473 κατω-

277 3501 437 3577 τέρω,
497 3499 584 3555 ὅτι
646 3501 737 3556 καὶ
804 3505 914 3556 τῶν
992 3503 1068 3574 μὴ
1127 3498 1296 3557 ὄντων
1368 3501 1478 3558 ἐστί
1547 3502 1924 3582 πληρωτικός.

274 3593 417 3664 Ὅρα
444 3589 506 3646 δί
549 3594 666 3652 πῶς
711 3587 856 3664 λέγει
902 3593 1039 3663 μήτε
1084 3595 1193 3648 τῶν
1241 3589 1352 3647 ἄνω
1399 3599 1714 3670 φθανουσῶν
1764 3597 1930 3665 αὐτῆς

276 3681 376 3748 την
437 3680 745 3752 ὑπεροχὴν,
821 3681 960 3749 μήτε
1031 3684 1140 3735 τῶν
1207 3680 1375 3748 κάτω,
1447 3682 1648 3753 ταύτην
1717 3680 1927 3739 διαϐαι-

269 3773 502 3824 νουσῶν·
558 3768 858 3836 τουτέστιν,
911 3765 1034 3823 οὔτε
1082 3769 1279 3844 ἀρχὴν,
1331 3765 1454 3825 οὔτε
1500 3772 1664 3846 περας
1715 3768 1829 3848 ἔχει
1867 3775 1927 3828 τὸ

272 3864 440 3928 θεῖον,
501 3861 617 3911 τῶν
672 3856 940 3929 οὐρανίων
997 3857 1087 3913 καὶ
1135 3857 1438 3934 ὑπερτέρων
1490 3857 1768 3933 δυνάμεων
1799 3862 1927 3916 ταύ-

270 3969 367 4016 την
423 3947 510 4019 μὴ
558 3939 1144 4021 καταλαϐουσῶν,οὑχ
1188 3947 1271 4002 ὅτι
1326 3947 1438 4002 ἐστὶ
1491 3950 1609 4021 μὲν,
1661 3950 1724 4004 o6
1775 3971 1929 4005 κατε-

273 4034 465 4109 λήφθη
506 4031 586 4088 δι·
620 4036 696 4106 μὴ
729 4033 873 4090 οὕτω
902 4037 1140 4105 νοήσεις⁸
1169 4034 1294 4091 ἀλλ’
1344 4034 1426 4092 ὅτι
1466 4039 1596 4092 αὑτὸ
1645 4036 1766 4093 οὕτε
1795 4038 1926 4094 ἐστί·

269 4122 432 4180 τοῦτο
495 4123 600 4198 γάρ
657 4121 798 4177 ἐστιν
849 4125 883 4192 ἠ
935 4123 986 4178 ἐν
1042 4125 1283 4198 ἁγνωσίᾳ
1337 4129 1567 4199 γνῶσις.
1621 4126 1928 4203 ’Υπὲρτεροι

270 4213 366 4286 γὰρ
399 4211 717 4288 γενόμενοι,
749 4211 838 4265 καὶ
872 4209 963 4267 διὰ
1008 4209 1289 4290 φιλοθεῒας
1338 4213 1617 4278 ἰνωθέντες
1663 4223 1782 4280 ταῖς
1821 4217 1930 4272 ἄνω

273 4299 567 4374 δυνάμεσι,
627 4301 960 4375 γινώσκομεν
1023 4301 1105 4355 ὅτι
1167 4303 1302 4374 μετὰ
1365 4303 1575 4359 πάντων
1628 4306 1728 4374 τήν
1787 4306 1928 4361 θείαν

271 4391 582 4464 ἀγνοοῦμεν
618 4387 798 4467 φύσιν.

344 4480 455 4538 Καὶ
518 4478 766 4556 φωτίζει.
798 4480 1065 4536 Τουτὲστῖ
1109 4479 1176 4536 τὰ
1214 4485 1501 4556 χωροῦντα
1546 4483 1646 4551 τήν
1695 4481 1935 4554 ὁλότητα

2033 3341 2164 3382 esse
2193 3325 2480 3381 omnium.
2511 3324 2615 3378 Hic
2643 3327 2838 3378 autem
2863 3322 3118 3394 amplius
3140 3323 3299 3386 dicit,
3326 3337 3536 3391 nempe
3559 3318 3685 3373 uni-

2033 3431 2231 3470 versas
2263 3414 2438 3470 etiam
2467 3413 2749 3468 essentias
2787 3427 3089 3483 superare,
3121 3413 3277 3482 quod
3314 3410 3560 3466 inferius
3592 3409 3682 3462 di-

2037 3504 2116 3560 cit
2147 3523 2159 3559 :
2191 3519 2349 3574 posse
2376 3502 2545 3558 etiam
2575 3518 2644 3557 ea
2674 3518 2795 3572 qum
2825 3517 2935 3556 non
2968 3505 3097 3556 sunt
3128 3500 3374 3570 implere.
3410 3500 3548 3554 Vide
3579 3514 3682 3551 au-

2035 3599 2152 3649 tem
2187 3592 2476 3663 quomodo
2527 3590 2680 3645 dicat
2711 3605 2724 3643 :
2758 3591 2839 3645 ita
2871 3598 2929 3644 ut
2957 3605 3056 3644 nec
3083 3591 3394 3658 superiores
3447 3587 3516 3641 ad
3565 3588 3683 3656 ejus

2032 3683 2410 3755 prmtantiam
2455 3679 2798 3751 perveniant,
2840 3694 2936 3733 nec
2985 3677 3277 3747 inferiores
3329 3676 3482 3730 hanc
3525 3683 3680 3729 tran-

2036 3774 2220 3831 seant;
2252 3771 2311 3824 id
2343 3774 2450 3835 est,
2477 3767 2839 3823 divinitatem
2872 3782 3062 3837 neque
3085 3764 3458 3836 principium,
3495 3777 3683 3832 neque

2037 3861 2212 3916 ﬁnem
2245 3858 2459 3912 habere
2489 3873 2622 3911 cum
2661 3854 2922 3910 caelestes
2969 3859 3026 3909 et
3075 3852 3408 3924 superiores
3437 3851 3683 3904 virtutes

2039 3949 2190 4004 hanc
2211 3947 2453 4002 minime
2471 3943 3122 4016 comprehendant,non
3145 3941 3298 4012 quod
3324 3939 3403 3996 sit
3421 3938 3682 4010 quidem,

2039 4039 2139 4093 sed
2172 4039 2423 4107 nequeat
2456 4032 2899 4105 comprehendi;
2935 4047 3050 4086 non
3093 4031 3175 4084 ita
3225 4027 3548 4098 intelliges;
3582 4025 3684 4082 sed

2041 4127 2196 4197 quod
2237 4125 2365 4196 ipsa
2413 4139 2528 4177 non
2573 4123 2679 4188 sit;
2731 4120 2840 4176 hoe
2889 4120 3045 4174 enim
3093 4123 3184 4174 est
3231 4117 3292 4172 in
3338 4115 3688 4189 ignoratione

2039 4213 2304 4287 cognitio.
2339 4209 2679 4282 Superiores
2710 4208 2867 4264 enim
2907 4208 3119 4271 effecti,
3152 4212 3326 4279 atque
3355 4207 3458 4262 Dei
3491 4221 3688 4260 amore

2042 4303 2270 4375 superis
2301 4299 2616 4355 virtutibus
2646 4297 2817 4368 uniti,
2843 4297 3252 4369 cognoscimus
3275 4311 3381 4352 nos
3403 4311 3535 4350 cum
3569 4310 3688 4348 om-

2043 4393 2219 4449 nibus
2248 4391 2505 4446 divinam
2539 4389 2809 4459 ignorare
2841 4390 3133 4442 naturam.

2115 4484 2180 4536 Et
2210 4481 2475 4534 illustrat.
2513 4475 2573 4530 ld
2623 4479 2712 4530 est
2760 4491 2830 4530 ea
2878 4491 3009 4546 qua:
3057 4473 3450 4545 integritatem
3502 4469 3688 4541 ipsius

276 4569 442 4624 αὑτοῦ
510 4569 650 4644 πρὸς
702 4569 764 4622 τὸ
826 4569 1021 4644 μέτρον
1067 4569 1096 4624 ὂ
1144 4574 1411 4646 χωροῦσι·
1473 4569 1558 4625 διὸ
1601 4571 1689 4626 καὶ
1746 4571 1916 4648 μέτρο·

2045 4571 2306 4643 capiunt,
2329 4565 2652 4622 secundum
2681 4579 3013 4619 mensuram
3046 4578 3278 4628 eorum;
3302 4560 3547 4630 ideoque
3569 4574 3687 4614 orn-

277 4658 411 4713 είναι
446 4657 670 4733 λέγεται
700 4661 808 4712 τῶν
859 4652 1052 4713 ὄντων’
1087 4658 1121 4727 ἢ
1154 4658 1235 4714 ὅτι
1283 4660 1381 4728 τήν
1423 4661 1601 4735 ἀρχὴν
1633 4661 1720 4716 καὶ
1750 4662 1812 4716 τὸ
1842 4661 1934 4716 πὲ-

275 4765 371 4819 ρας
402 4747 665 4801 ἁπάντων
699 4744 1003 4818 ἐπίσταται,
1039 4747 1114 4809 ὡς
1152 4747 1317 4820 μόνος
1364 4745 1718 4824 δημιουργὸςο
1751 4750 1936 4806 ἑαυτὸν

270 4837 370 4911 γὰρ
399 4835 766 4911 παρακατιὼν
804 4834 1112 4910 ὲρμηνεύει.

348 4925 453 4981 Καὶ
534 4923 704 4994 τάξις,
761 4922 925 4994 Τάξις
989 4922 1079 4979 διὰ
1135 4929 1298 4982 τοῦτο
1346 4923 1561 5000 λιγεται
1621 4929 1649 4982 6
1705 4929 1856 4997 Θεὸς,
1905 4930 1940 4999 ἢ

273 5011 473 5082 ἐπειδὴ
533 5013 650 5084 μετ’
702 5012 941 5083 εὐταξίας
971 5016 1014 5050 ³⁷
1064 5015 1131 5069 τὰ
1175 5013 1346 5070 πάντα
1392 5012 1824 5092 ἐδημιούργησεν
1851 5037 1862 5050 η
1907 5019 1940 5086 ἢ

275 5102 363 5156 δτι
425 5102 616 5156 πίστει
673 5101 822 5177 παρὰ
873 5105 982 5156 τῶν
1034 5101 1112 5164 εἷς
1170 5101 1328 5157 αὑτὸν
1380 5105 1689 5181 φοιτώντων
1743 5111 1945 5181 χωρεῖ-

273 5212 364 5247 ται
392 5193 466 5259 ³⁸,
508 5191 649 5262 μήτε
676 5193 756 5261 τῷ
802 5188 1118 5263 πληθυσμῷ
1156 5191 1282 5254 τοὺς
1326 5191 1734 5268 ἀσθενεστέρους
1783 5215 1946 5248 κατα-

2045 4660 2209 4716 nium
2243 4673 2368 4729 quae
2398 4654 2688 4710 exsistunt
2719 4669 2995 4708 mensura
3017 4667 3144 4706 esse
3175 4649 3417 4714 dicitur;
3451 4651 3508 4703 et
3538 4646 3695 4718 prin-

2047 4749 2263 4820 cipium
2294 4746 2588 4814 ﬁnemque
2630 4740 2896 4798 omnium
2948 4740 3117 4802 scire,
3151 4743 3214 4793 ut
3243 4736 3404 4792 solus
3433 4739 3692 4803 creator;

2049 4837 2309 4907 seipsum
2341 4831 2496 4887 enim
2529 4831 2775 4885 inferius
2807 4827 3062 4900 exponit.

2122 4926 2185 4980 Et
2215 4923 2364 4978 ordo.
2419 4921 2572 4976 Deus
2623 4922 2926 4990 propterea
2973 4915 3101 4970 ordo
3149 4912 3385 4978 dicitur,
3419 4915 3520 4966 aut
3557 4909 3699 4981 quia

2053 5012 2251 5072 omnia
2292 5025 2423 5066 eum
2460 5009 2610 5063 bono
2650 5007 2852 5061 ordine
2899 5001 3134 5071 creavit,
3168 5005 3269 5055 aut
3298 5016 3364 5054 eo
3394 4999 3549 5070 quod
3585 4999 3698 5053 ﬁde

2055 5105 2127 5160 ab
2148 5103 2222 5160 iis
2242 5101 2342 5173 qui
2367 5101 2438 5155 ad
2470 5098 2666 5170 ipsum
2697 5094 3297 5164 accedunt,capiatur,
3323 5107 3512 5163 neque
3535 5090 3697 5144 inﬁr-

2057 5195 2271 5250 miores
2316 5193 2680 5260 demergens,
2712 5201 2898 5256 neque
2940 5183 3432 5240 condescensione
3461 5181 3534 5237 ad
3565 5180 3701 5235 ino-

274 5275 594 5350 ϐαπτίζων,
655 5281 798 5353 μήτε
843 5282 912 5353 τῇ
959 5275 1349 5356 συγκαταϐάσει
1401 5281 1484 5337 ἄπ’
1532 5266 1758 5339 ἔλαττον
1805 5303 1913 5360 παρ

2059 5283 2218 5356 piam
2249 5298 2283 5337 a
2312 5278 2533 5336 sanctis
2578 5272 3073 5347 comprehensus;
3107 5273 3208 5329 sed
3256 5288 3361 5344 pro
3389 5271 3543 5328 vasis
3583 5266 3703 5325 mei

1300 5455 1541 5512 VARIIE
1582 5456 1982 5513 LECTlONES
2022 5455 2115 5511 ET
2149 5447 2707 5508 CORBECTIONES.

360 5593 940 5672 δ’ἀποπερατῴσειςη
986 5595 1032 5630 ³⁴
1065 5590 1436 5672 ὑποστάντων.
1510 5597 1555 5632 ³⁵
1585 5598 1620 5666 ἢ
1653 5595 1950 5672 αὐτάρκως.

289 5667 445 5739 παρὰ
478 5669 590 5721 τῶν
621 5669 751 5744 παρ’
782 5667 946 5723 αὑτοῦ
976 5667 1358 5744 φωτιζομενων
1390 5673 1675 5742 χωρεῖται.

2024 5595 2069 5630 ⁸⁸
2099 5591 2149 5648 ἐν
2200 5596 2313 5652 τοῖς
2361 5588 2609 5662 ἀνωτέρω
2657 5587 2994 5663 προίγραψα.
3069 5589 3113 5622 ³⁷
3157 5582 3418 5656 ἐξουσίας.
3493 5583 3539 5619 ⁸⁸
3565 5578 3712 5653 τάξει
