4000 6200
312 373 417 429 247
490 360 492 362 ⁷

1143 379 1510 432 ΔΡΡΕΝΒΙΧ
1548 379 1646 430 AD
1681 378 1922 431 OPERA
1959 378 2018 430 S.
2058 377 2371 431 DlONYSII
2410 373 2909 430 AREOPAGITE.

3621 373 3732 427 248

314 497 654 570 capacitate,
688 497 772 554 sic
802 499 861 553 in
895 513 988 554 me
1037 497 1358 553 bonitatem
1411 498 1786 553 scaturiendo
1834 514 1967 570 pro-

2085 499 2185 549 τῶν
2219 495 2530 570 ἁγιωτέρων
2583 490 2967 567 χωρούμενος,
3015 488 3162 545 ἀλλὰ
3198 491 3333 567 πρὸς
3382 493 3444 547 τὸ
3475 491 3605 566 έμὸν
3634 492 3739 568 ἀγ-

314 585 498 642 dncit.
566 617 570 620 -

387 679 564 733 Juxta
590 677 960 732 multesimam
1006 678 1418 732 resonantiam.
1469 675 1976 741 Quemadmodum

320 763 408 819 sol
441 765 542 836 qui
570 781 744 820 sensu
779 766 1098 837 percipitur
1128 765 1325 821 omnia
1346 764 1600 820 visibilia
1627 764 1975 829 illustrat,ac

321 870 408 920 ea,
446 870 576 925 quae
608 853 797 925 ipsius
828 853 1027 908 lumen
1063 871 1174 908 non
1209 853 1828 925 participant,propter
1849 869 1975 923 pro-

322 943 510 1014 priam
527 942 927 997 infirmitatem
944 959 1059 997 non
1078 943 1464 1014 participant:
1488 943 1569 997 ita
1582 942 1758 997 etiam
1783 942 1840 995 in
1857 942 1972 996 Deo

321 1047 528 1086 omnes
552 1031 623 1085 ab
647 1030 772 1102 ipso
798 1031 1248 1086 sanctificantur
1271 1033 1305 1084 Ι
1323 1031 1420 1086 29
1447 1031 1544 1102 qui
1568 1031 1974 1085 volunt.Recte

320 1126 515 1176 autem
533 1119 765 1174 divinus
780 1119 1093 1189 Dionysius
1126 1120 1174 1174 ei
1197 1121 1351 1191 quod
1379 1121 1824 1174 dissentaneum
1847 1123 1973 1174 erat

323 1209 382 1262 in
415 1208 488 1264 iis
519 1225 643 1278 quae
678 1209 747 1263 de
773 1207 894 1262 sole
939 1208 1314 1276 dicebantur,
1364 1208 1564 1263 statim
1618 1208 1969 1263 medicinam

316 1296 450 1352 fecit
481 1315 493 1352 :
528 1297 809 1367 quoniam
846 1298 1004 1352 enim
1036 1297 1260 1352 dixerat
1309 1297 1492 1352 solem
1527 1297 1734 1352 animas
1766 1314 1972 1368 exper-

313 1389 431 1440 tem
463 1385 846 1457 conspicuam
880 1402 1011 1442 esse
1056 1387 1340 1442 bonitatis
1373 1386 1474 1442 Dei
1507 1387 1838 1458 imaginem,
1871 1403 1968 1441 vo-

317 1474 502 1529 cando
551 1478 881 1529 creaturam
934 1475 1212 1530 creatoris
1245 1474 1586 1545 imaginem,
1621 1475 1808 1546 primo
1840 1475 1968 1547 qui-

321 1563 455 1618 dem
487 1580 620 1617 mox
650 1563 938 1632 adjunxit,
969 1581 1072 1634 pro
1103 1565 1342 1618 minima
1371 1564 1760 1632 similitudine,
1793 1566 1851 1618 in
1885 1581 1969 1619 se-

324 1652 525 1722 quenti
556 1657 751 1707 autem
783 1653 988 1723 capite,
1023 1652 1164 1707 illud
1221 1653 1417 1723 ipsum
1450 1654 1764 1724 perfectius
1795 1669 1966 1724 expo-

324 1739 430 1795 nit.
465 1739 612 1807 Quid
647 1756 815 1811 porro
848 1740 928 1796 sit
955 1737 1266 1794 πολλοστὸν
1297 1739 1490 1814 διπήχη
1502 1761 1575 1812 μα
1616 1743 1846 1796 minima
1878 1758 1968 1798 re-

317 1831 581 1884 sonantia
609 1845 703 1883 seu
727 1831 1060 1893 similitudo.
1095 1831 1403 1885 dicendum
1438 1836 1527 1885 est
1562 1847 1573 1884 :
1609 1831 1763 1885 sicut
1789 1831 1970 1902 igitur
2000 1862 2046 1927 B

320 1916 371 1972 si
401 1916 535 1987 quis
558 1916 671 1972 alte
700 1918 1027 1973 vociferans
1066 1923 1124 1974 et
1169 1918 1431 1974 clamans
1480 1918 1704 1990 aliquid
1738 1919 1966 1986 dixerit,

319 2011 638 2078 praesentes
671 2007 935 2077 quidem,
965 2007 1296 2063 valentibus
1328 2007 1552 2079 praediti
1583 2007 1845 2074 auribus,
1877 2025 1970 2063 vo-

316 2111 441 2149 cem
475 2110 928 2166 sermonemque
962 2096 1247 2163 audiunt;
1284 2096 1384 2168 qui
1423 2101 1621 2151 autem
1648 2113 1852 2168 parum
1877 2096 1971 2150 di—

317 2187 720 2254 stant,quanto
743 2186 1200 2256 absunt,[tanto]
1221 2185 1470 2240 debilius
1483 2201 1675 2240 vocem
1700 2185 1968 2253 audiunt;

317 2271 414 2342 qui
444 2288 614 2342 porro
645 2272 894 2344 longiori
930 2273 1138 2328 remoti
1171 2280 1312 2329 sunt
1337 2274 1548 2345 spatio,
1586 2274 1894 2328 minimam
1917 2278 1973 2329 et

318 2359 800 2415 obscurissimam
855 2362 979 2416 soni
1050 2367 1274 2433 partem
1345 2363 1609 2434 capiunt,
1662 2367 1727 2416 ut
1771 2379 1970 2417 vocem

321 2448 558 2519 quidem
587 2447 844 2520 aliquam
879 2450 1191 2505 obscuram
1223 2451 1489 2520 audiant,
1523 2452 1620 2506 sed
1657 2452 1812 2522 quod
1847 2468 1973 2522 pro-

324 2536 665 2591 nuntiatum
701 2541 788 2592 est
820 2536 1062 2592 minime
1096 2538 1432 2608 intelligant
1464 2557 1476 2594 :
1512 2540 1666 2594 unde
1705 2538 1974 2611 colligere

324 2624 459 2679 licet
486 2628 716 2680 tantum
749 2642 878 2681 esse
911 2626 1102 2681 solare
1135 2626 1356 2693 lumen,
1401 2627 1451 2682 si
1484 2643 1616 2682 cum
1651 2644 1782 2683 vero
1814 2645 1971 2683 com-

321 2717 580 2784 paretur,
613 2719 678 2768 ut
709 2714 1082 2785 intercapedo
1115 2715 1340 2786 concipi
1373 2721 1640 2786 nequeat.

390 2801 498 2858 Sed
526 2803 695 2857 etiam
726 2803 797 2857 ad
824 2805 1256 2872 generationem.
1311 2804 1392 2858 Ne
1443 2805 1745 2860 arbitreris
1791 2805 1971 2859 solem

320 2905 446 2944 esse
477 2895 776 2946 auctorem
808 2892 1223 2963 generationis,
1259 2897 1360 2947 aut
1389 2891 1650 2959 vitae,aut
1678 2893 1972 2948 educatio-

317 2977 432 3046 nis,
463 2983 565 3032 aut
617 2980 988 3048 aceretionis,
1039 2985 1139 3034 aut
1167 2980 1540 3052 perfectionis
1570 2981 1650 3034 rei
1683 2981 1969 3051 alicujus;

319 3066 473 3123 sicut
502 3081 692 3136 neque
741 3067 978 3138 aliquod
1027 3068 1182 3123 aliud
1240 3070 1619 3135 elementum,
1670 3071 1775 3125 etsi
1809 3070 1975 3126 valde

320 3153 717 3210 necessarium
747 3161 919 3225 esset,
971 3157 1148 3211 veluti
1197 3175 1729 3229 aqua;possumus
1783 3158 1970 3230 siqui-

2085 590 2232 659 γεῖον
2260 584 2431 646 οὕτως
2464 583 2514 637 έν
2547 581 2670 655 ἐμοὶ
2703 580 2960 655 πηγάζων
2993 581 3090 649 τὴν
3125 580 3453 656 ἀγαθότητα.

2153 853 2301 910 Κατὰ
2368 853 2676 910 πολλοστὸν
2760 857 3057 929 ἀπήχημα.
3116 857 3319 928 ⁸Ὠσπερ
3385 855 3414 909 ὁ
3473 853 3740 922 αἰσθητὸς

2082 938 2244 1011 ἥλιος
2275 944 2446 998 πάντα
2475 945 2540 998 τὰ
2571 946 2737 1020 ὁρατᾶ
2787 947 3033 1020 φωτίζει,
3065 944 3154 998 καὶ
3201 944 3269 998 τὰ
3302 944 3376 1016 μὴ
3432 943 3741 1017 μετέχοντα

2080 1035 2181 1085 τοῦ
2213 1035 2392 1106 φωτὸς
2441 1032 2604 1088 αὐτοῦ
2657 1031 2728 1088 δι’
2777 1033 2978 1088 οἷ’κείαν
3037 1030 3318 1108 ἀδράνειαν
3371 1031 3433 1086 οὗ
3490 1030 3737 1104 μετέχειο

2081 1119 2229 1176 οὕτω
2259 1122 2348 1174 καὶ
2384 1120 2471 1176 ἐπὶ
2501 1127 2597 1176 τοῦ
2629 1127 2785 1192 Θεοῦ,
2818 1121 3011 1185 πάντες
3051 1123 3177 1195 παρ’
3207 1120 3369 1175 αὐτοῦ
3419 1121 3738 1194 ἀγιάζονται

2081 1205 2196 1262 ὅσοι
2233 1207 2546 1282 βούλονται.
2581 1207 2773 1271 Καλῶς
2819 1207 2876 1263 δὲ
2922 1210 2985 1262 τὸ
3031 1208 3366 1285 ἀπεμιραῖνον
3397 1211 3505 1260 τῶν
3534 1206 3622 1260 ἐπὶ
3653 1210 3739 1276 τῷ

2079 1296 2226 1370 ἡλίῳ
2254 1296 2571 1372 λεγομένων
2605 1299 2762 1361 εὐθὺς
2804 1297 3155 1372 ἐθεράπευσεν
3190 1297 3216 1350 ὁ
3248 1301 3394 1359 θεῖος
3431 1294 3735 1358 Διονύσιος⁸

2080 1383 2269 1453 ἐπειδὴ
2303 1386 2406 1461 γὰρ
2452 1384 2666 1464 ἐμφανῆ
2718 1386 2900 1440 εἰκόνα
2947 1393 3046 1455 τῆς
3093 1384 3428 1460 ἀγαθότητος
3470 1388 3567 1437 τοῦ
3597 1387 3740 1438 Θεοῦ

2075 1475 2167 1528 τὸν
2200 1471 2364 1542 ἥλιον
2402 1476 2514 1529 εἶπε
2554 1476 2646 1529 τὸν
2683 1472 2922 1550 ἄψυχον,
2963 1475 3025 1529 τὸ
3077 1471 3473 1548 δημιούργημα
3499 1477 3596 1526 τοῦ
3628 1470 3737 1542 δη-

2082 1567 2351 1637 μιουργοῦ
2399 1561 2633 1626 καλέσας
2683 1563 2894 1635 εἰκόνα,
2954 1567 3170 1638 πρῶτον
3233 1562 3327 1634 μὶν
3387 1564 3738 1636 παραχρῆμα

2078 1649 2318 1727 ἐπήγαγε
2363 1653 2502 1706 κατὰ
2544 1651 2855 1707 πολλοστὸν
2901 1652 3204 1728 ἀπήχημα,
3249 1650 3300 1706 έν
3352 1648 3411 1705 δὲ
3465 1655 3546 1716 τῷ
3605 1651 3738 1721 ἑξῆς

2075 1738 2378 1816 κεφαλαίῳ,
2437 1740 2768 1815 τελεώτερον
2831 1740 3003 1814 [αὐτὸ]
3063 1739 3366 1814 σαφηνίζει.
3400 1738 3468 1796 Τί
3516 1735 3574 1792 δέ
3616 1737 3732 1792 ἐστι

2076 1827 2386 1884 πολλοστὸν
2451 1831 2729 1905 ἀπήχημα
2765 1876 2781 1901 ,
2836 1828 3076 1884 λεκτέον⁶
3138 1827 3320 1900 ὥσπερ
3376 1827 3480 1902 γὰρ
3541 1824 3597 1881 εἷ’
3643 1848 3733 1889 τις

2083 1917 2222 1991 μέγα
2256 1919 2460 1992 βοήσας
2487 1919 2576 1972 καὶ
2628 1917 2921 1994 ἀνακράξας
2967 1916 3113 1972 εἷ’ποι
3139 1937 3212 1985 τι,
3242 1915 3332 1971 καὶ
3366 1917 3417 1970 οἱ
3461 1917 3556 1988 μὲν
3587 1936 3732 1991 παρ-

2081 2011 2328 2074 εστῶτες,
2391 2007 2523 2078 [ἐὰν]
2609 2006 2910 2082 έῤῥωμένοι
2982 2006 3078 2068 τὰς
3156 2005 3318 2067 ἀκοὰς
3397 2003 3563 2078 [ὧσι],
3635 2004 3732 2059 καὶ

2077 2101 2178 2164 τῆς
2216 2096 2349 2170 βοῆς
2377 2095 2467 2149 καί
2514 2101 2611 2150 τοῦ
2666 2095 2956 2170 Λεχθέντος
3006 2095 3315 2150 ἀκούουσιν’
3350 2095 3402 2148 οἱ
3452 2091 3510 2148 δὲ
3547 2093 3732 2169 βραχὺ

2081 2183 2406 2259 ἀφεστῶτες,
2458 2182 2587 2237 ὅσον
2637 2184 2900 2260 ἀπέχουσι
2930 2227 2943 2247 ,
2993 2186 3290 2255 [τοςοῦτον]
3349 2178 3734 2256 ἀδρανέστερον

2079 2270 2174 2327 τοῦ
2206 2271 2508 2350 φθέγματος
2541 2272 2867 2346 ἀκροῶνταν
2902 2274 2952 2326 οἱ
2990 2269 3049 2326 δὲ
3093 2268 3180 2325 ἐπὶ
3238 2276 3420 2343 μεῖζον
3458 2268 3742 2342 διάστημα

2081 2360 2481 2436 κεχωρισμένοι
2537 2359 2849 2416 πολλοστὸν
2909 2381 2960 2414 τι
3007 2359 3171 2435 μέρος
3227 2358 3315 2414 καὶ
3357 2356 3739 2432 ἆμυδρότατον

2079 2453 2175 2502 τοῦ
2232 2449 2604 2522 ἀπηχήματος
2659 2445 3058 2522 λαμϐάνουσιν,
3119 2448 3195 2511 ὡς
3237 2454 3424 2524 φωνῆς
3478 2449 3573 2519 μὲν
3602 2447 3745 2517 ἀσή-

2085 2558 2190 2610 μου
2243 2537 2389 2598 τινὸς
2448 2538 2696 2609 ἀκοῦσαι,
2755 2540 2829 2610 μή
2887 2544 3082 2607 νοῆσαι
3129 2537 3192 2590 τὸ
3223 2535 3281 2591 δὲ
3309 2539 3354 2574 ³⁸
3399 2535 3742 2610 ἐκφωνηθένο

2079 2625 2336 2680 τοσοῦτον
2368 2620 2508 2680 ἔστιν
2545 2621 2839 2681 ὑπολαϐεῖν
2861 2626 2924 2680 τὸ
2953 2623 3188 2694 ἡλιακὸν
3213 2629 3328 2703 φῶς
3354 2629 3434 2697 τῷ
3465 2623 3746 2696 ἀληθινῷ,

2082 2715 2155 2775 ὡς
2186 2715 2271 2768 καὶ
2306 2709 2660 2787 ἀσύμϐλητον
2696 2715 2826 2769 εἶναι
2857 2714 2920 2768 τὸ
2952 2714 3133 2787 μέσον.

2155 2800 2332 2860 Ἀλλὰ
2385 2802 2474 2856 καὶ
2531 2804 2666 2876 πρὸς
2739 2803 2835 2872 τὴν
2895 2803 3101 2876 γένεσιν
3137 2845 3150 2858 .
3207 2803 3300 2871 Μὴ
3359 2799 3588 2874 νομίσῃς
3639 2801 3738 2856 τὸν

2081 2888 2242 2958 ἥλιον
2275 2891 2554 2963 γενέσεως,
2667 2896 2836 2963 ζωῆς,
2881 2889 2917 2959 ἢ
2967 2889 3265 2960 αὐξήσεως,
3303 2890 3338 2958 ἢ
3385 2886 3739 2958 τελειότητος

2083 2978 2253 3034 αἶ’τιον
2306 2979 2441 3034 εἶναι
2495 2985 2602 3035 τῶν
2664 2977 2835 3034 ὄντων
2889 2979 3059 3041 τινόςο
3094 2978 3272 3054 ὥσπερ
3331 2975 3460 3031 οὐδὲ
3510 2975 3653 3032 ἄλλο
3682 2999 3740 3033 τι

2083 3073 2358 3143 στοιχεῖον
2414 3072 2477 3136 ιο,
2524 3069 2569 3122 εἰ
2619 3069 2708 3123 καὶ
2766 3066 2973 3145 σφόδρα
3020 3067 3181 3143 τύχοι
3238 3071 3344 3121 τῶν
3404 3065 3736 3139 ἀναγκαίων,

2084 3157 2195 3210 οἷον
2249 3156 2311 3210 τὸ
2368 3154 2537 3232 ὕδωρ·
2599 3153 2822 3210 δυνατὸν
2874 3158 2976 3230 γὰρ
3034 3158 3182 3228 ἡμᾶς
3237 3152 3573 3231 διαγενέσθαι
3641 3155 3734 3208 καὶ

319 3244 452 3299 dem
486 3242 808 3298 consistere
838 3250 893 3300 et
932 3251 1154 3316 absque
1205 3226 1325 3301 sole
1374 3226 1435 3302 et
1477 3263 1650 3318 aqua,
1700 3226 1967 3318 quamvis

2085 3243 2249 3313 ἡλίου
2299 3226 2497 3319 χωρὶς,
2547 3245 2636 3299 καὶ
2686 3226 2902 3313 ὕδατος,
2948 3226 3001 3299 εἰ
3057 3226 3146 3298 καὶ
3199 3245 3274 3317 μὴ
3307 3226 3554 3312 τελείως,
3605 3241 3742 3298 ἀλλ’

323 3332 523 3387 minus
575 3333 848 3403 perfecte,
897 3337 1154 3388 attamen
1204 3333 1378 3406 longo
1432 3340 1694 3406 tempore
1730 3352 1742 3389 :
1778 3353 1972 3392 verum

323 3421 480 3476 Deus
511 3420 705 3476 sciens
731 3422 947 3493 [omne]
982 3421 1167 3494 frigus
1185 3439 1313 3478 esse
1345 3425 1586 3479 omnino
1618 3424 1971 3492 sterile,mo-

326 3510 594 3565 deretum
624 3515 823 3564 autem
863 3510 1114 3566 calorem
1163 3513 1231 3566 ad
1285 3513 1716 3582 generationem
1765 3515 1972 3581 facere,

326 3603 502 3668 atque
533 3597 744 3668 stirpes
769 3602 824 3654 et
853 3600 1081 3654 semina
1099 3600 1362 3671 indigere
1389 3601 1780 3670 caloris,sicut
1803 3603 1973 3659 etiam

323 3702 567 3757 corpora
597 3687 795 3742 omnia
834 3704 960 3758 quas
1010 3688 1127 3742 vita
1160 3689 1434 3744 fruuntur
1486 3706 1587 3744 seu
1634 3690 1835 3745 sensili
1869 3709 1969 3747 seu

319 3774 679 3846 vegetativa;
716 3775 902 3831 multa
923 3793 1056 3832 vero
1089 3779 1448 3848 purgare,ita
1474 3783 1537 3833 ut
1568 3779 1626 3833 in
1657 3779 1969 3835 candorem

317 3863 598 3933 ferantur,
630 3863 784 3918 sicut
825 3869 1015 3920 vestes
1065 3870 1120 3920 et
1149 3865 1300 3932 alia;
1337 3881 1614 3922 renovare
1653 3872 1848 3922 autem
1880 3883 1969 3924 se-

316 3951 479 4005 mina
512 3968 642 4020 quae
671 3953 1043 4018 refrixerunt,
1073 3955 1203 4019 ejus
1236 3955 1314 4007 rei
1369 3955 1558 4025 gratia
1588 3955 1769 4010 solem
1805 3973 1867 4011 se
1889 3957 1971 4012 ita

319 4036 536 4092 habere
572 4039 726 4105 fecit,
757 4046 819 4094 ut
867 4042 1023 4095 dicta
1052 4042 1252 4096 omnia
1293 4043 1573 4098 creatoris
1618 4061 1795 4116 opera
1825 4063 1966 4116 prae-

316 4129 455 4191 stet,
490 4140 626 4179 cum
659 4143 774 4180 non
807 4144 874 4182 ex
904 4145 1012 4183 sua
1043 4129 1340 4184 voluntate
1362 4136 1463 4185 aut
1484 4132 1696 4188 virtute
1719 4139 1972 4204 potesta-

313 4217 436 4268 tem
489 4213 795 4283 acceperit.
849 4215 994 4269 Dicit
1055 4216 1163 4270 hoc
1214 4219 1464 4287 perfecte
1531 4219 1591 4274 S.
1636 4221 1965 4294 Dionysius,

319 4308 604 4372 tanquam
646 4301 906 4373 seipsum
943 4303 1199 4374 amplius
1253 4311 1584 4375 exponeret,
1635 4308 1876 4364 inferius
1906 4311 1964 4365 in

312 4389 426 4445 ﬁne
471 4389 684 4461 capitis
729 4390 942 4460 quinti,
994 4397 1170 4462 atque
1222 4393 1280 4446 in
1333 4395 1447 4450 fine
1491 4397 1660 4467 sexti,
1707 4397 1965 4471 intellige

311 4478 532 4550 [igitur]
569 4494 795 4535 secure.
830 4496 1019 4552 neque
1049 4482 1418 4552 pervertaris.

374 4656 466 4710 Est
497 4672 773 4713 mensura.
813 4659 923 4713 Sed
977 4659 1196 4714 dicitur
1243 4677 1520 4718 mensura
1567 4667 1626 4718 et
1674 4679 1958 4719 numerus

302 4746 750 4816 tempestatum,
785 4752 1094 4817 propterea
1124 4750 1278 4818 quod
1331 4751 1483 4805 diem
1518 4751 1800 4824 incipiat;
1835 4753 1959 4809 dies

304 4837 499 4888 autem
553 4835 815 4890 revoluta
866 4836 1044 4891 efficit
1096 4854 1352 4903 annum;
1408 4840 1537 4895 ideo
1584 4847 1824 4897 vocatus
1869 4847 1958 4898 est

304 4937 603 4992 mensura,
673 4925 852 4980 veluti
921 4929 1182 4982 nostram
1247 4929 1493 4984 metiens
1540 4930 1759 4997 vitam;
1814 4931 1952 4986 dicit

303 5011 460 5066 enim
495 5028 507 5066 :
549 5015 832 5083 Temporis
860 5017 1039 5069 nostri
1068 5018 1331 5072 universi.

375 5101 480 5154 Hoc
509 5101 654 5156 enim
684 5107 762 5157 est
794 5103 938 5158 illud
970 5104 1174 5159 lumen.
1211 5104 1359 5159 Nota
1391 5106 1592 5172 solem,
1621 5107 1793 5162 etiam
1816 5126 1946 5164 cum

297 5185 488 5257 figura
520 5197 762 5256 careret,
800 5196 918 5246 tres
951 5193 1106 5247 130
1138 5194 1264 5250 dies
1294 5195 1394 5265 qui
1428 5198 1556 5265 ejus
1592 5198 1946 5254 creationem

296 5283 724 5344 praecesserunt
756 5279 1111 5346 illustrasse,
1156 5288 1332 5352 atque
1380 5283 1568 5338 lucem
1603 5302 1725 5352 quae
1759 5288 1946 5354 prima

295 5363 584 5433 producta
615 5365 742 5436 fuit,
776 5365 866 5420 die
898 5375 1109 5438 quarta
1141 5370 1196 5423 in
1232 5370 1415 5425 solem
1464 5378 1942 5431 transt‘ormalam

2086 3331 2176 3387 οὖν
2209 3333 2385 3387 ἱκανὸν
2419 3333 2653 3408 χρόνον·
2681 3332 2807 3389 ἀλλ’
2837 3331 2996 3396 εἰδὼς
3029 3335 3057 3388 ὁ
3088 3334 3238 3400 Θεὸς,
3272 3331 3354 3387 ὅτι
3403 3333 3464 3386 τὸ
3501 3332 3594 3405 μὲν
3627 3335 3739 3405 ψυ-

2083 3423 2217 3497 χρὸν
2255 3420 2437 3495 [ἅπαν]
2485 3424 2698 3496 ἄγονοψ
2749 3422 3052 3484 παντελῶς·
3104 3422 3168 3476 τὸ
3201 3419 3258 3476 δὲ
3305 3421 3742 3496 μεμετρημένως

2083 3511 2281 3585 θερμὸν
2333 3516 2723 3586 γενεσιουργεῖ,
2772 3511 2862 3565 καὶ
2919 3510 3003 3566 ὅτι
3047 3510 3114 3565 τὰ
3162 3510 3300 3588 φυτὰ
3343 3511 3434 3564 καὶ
3464 3510 3531 3564 τὰ
3569 3511 3736 3585 σπέρ-

2086 3619 2226 3670 ματα
2257 3601 2593 3675 θερμότητος
2631 3597 2820 3667 δεῖται,
2850 3599 2924 3660 ὡς
2955 3599 3044 3653 καὶ
3091 3598 3157 3653 τὰ
3203 3599 3430 3670 σώματα
3468 3597 3639 3652 πάντα
3666 3599 3739 3652 τὰ

2085 3689 2227 3755 ζωὴν
2283 3683 2482 3762 ἔχοντα
2531 3684 2634 3742 ait:
2691 3687 3010 3757 αἰσθητικὴν
3067 3686 3175 3742 εἴτε
3233 3688 3480 3763 φυτικήν·
3536 3686 3738 3750 καθαί-

2081 3795 2262 3850 ρονται
2295 3773 2351 3830 δὲ
2376 3776 2581 3847 πολλὰ,
2613 3776 2687 3838 ὠς
2717 3777 2805 3830 καὶ
2857 3774 2931 3839 εἷς
2979 3775 3280 3845 λευκότητα
3327 3775 3601 3853 φέρεσθαι,
3654 3774 3735 3838 ὠς

2080 3864 2302 3935 ἐσθῆτες
2349 3865 2435 3920 καὶ
2485 3863 2648 3920 ἄλλω
2679 3867 2893 3920 ἀνανεοῖ
2945 3863 3003 3920 δὲ
3049 3866 3138 3920 καὶ
3180 3867 3246 3920 τὰ
3300 3867 3535 3940 ψυγέντα
3566 3866 3734 3936 σπέρ-

2084 3973 2244 4026 ματαο
2293 3953 2487 4009 τούτου
2536 3956 2698 4029 χάριν
2747 3954 2839 4008 τὸν
2888 3951 3052 4022 ἥλιον
3103 3953 3274 4016 οὕτως
3325 3952 3473 4029 ἒχειν
3512 3953 3734 4032 φύσεως

2079 4033 2472 4114 ἐποίησεν,⁹ίνά
2518 4045 2586 4098 τὰ
2633 4045 2896 4120 εἷ’ρημένα
2947 4044 3122 4100 πάντα
3177 4048 3311 4118 ποιῇ
3360 4044 3418 4099 ἐκ
3474 4048 3571 4098 τοῦ
3631 4042 3736 4114 δη-

2082 4137 2370 4206 μιουργοῦ,
2427 4134 2488 4187 τὸ
2548 4131 2804 4197 δύνασθαι
2865 4128 3050 4189 λαϐὼν
3111 4134 3212 4188 οὑκ
3255 4133 3313 4188 ἐκ
3362 4134 3734 4209 προαιρέσεως

2078 4218 2217 4284 ἰδίας
2267 4221 2300 4289 ἢ
2356 4219 2654 4294 δυνάμεως.
2711 4227 2882 4277 Τοῦτο
2937 4221 3165 4284 τελείως
3224 4223 3378 4300 φησὶν
3441 4223 3469 4276 ὁ
3501 4223 3656 4297 ἅγιος
3687 4226 3732 4260 ⁴¹

2076 4310 2378 4381 Διονύσιος,
2439 4312 2621 4365 ἑαυτὸν
2699 4311 2880 4386 ὥσπερ
2951 4310 3378 4387 ἐπεξηγούμενος
3433 4312 3731 4387 κατωτέρω

2076 4396 2126 4451 έν
2185 4402 2264 4469 τῷ
2321 4397 2466 4454 τέλει
2518 4404 2614 4454 τοῦ
2671 4399 2924 4473 πέμπτου
2981 4397 3340 4476 κεφαλαίουζ
3387 4401 3476 4453 καὶ
3534 4398 3586 4453 έν
3645 4404 3730 4470 τῷ

2071 4485 2214 4541 τέλει
2263 4491 2361 4542 τοῦ
2412 4486 2589 4545 ἕκτου.
2637 4487 2762 4544 Νόει
2816 4489 2957 4561 [οὖν]
3005 4485 3281 4564 ἀσφαλῶς,
3331 4488 3422 4542 καὶ
3478 4489 3554 4560 μὴ
3603 4485 3726 4542 δια-

1994 4587 2040 4654 D
2073 4574 2322 4653 στρέφου.

2140 4665 2346 4739 Μέτρον
2403 4666 2532 4722 έστί.
2595 4665 2805 4742 Μέτρον
2865 4663 2954 4721 διὰ
2998 4670 3159 4720 τοῦτο
3216 4665 3425 4742 λέγεται
3477 4666 3505 4720 ὁ
3553 4662 3726 4735 ἥλιος

2067 4753 2155 4806 καὶ
2205 4754 2434 4829 ἀριθμὸς
2481 4756 2660 4830 ὡρῶν,
2707 4752 2895 4823 ἐπειδὴ
2939 4758 3040 4824 τῆς
3086 4755 3297 4830 ἡμέρας
3347 4752 3524 4830 ἄρχειο
3577 4756 3612 4824 ἡ
3666 4752 3726 4810 ’δὲ

2066 4841 2248 4916 ἡμέρα
2295 4841 2741 4916 ἀνακυκλουμένη
2791 4844 2881 4898 τὸν
2947 4844 3147 4918 χρόνον
3189 4848 3358 4898 ποιεῖ·
3413 4839 3504 4896 διὰ
3554 4848 3722 4898 τοῦτο

2068 4932 2260 5002 μέτρον
2294 4931 2527 5002 ἐκλήθη,
2561 4935 2651 4987 οἷα
2687 4934 2785 5002 τήν
2816 4934 3087 5007 ἡμετέραν
3124 4936 3334 5009 μετρῶν
3366 4934 3534 5002 ζωήν
3570 4930 3722 5009 λέγει

2060 5020 2161 5094 γὰρ
2194 5022 2394 5083 παντὸς
2425 5026 2521 5076 τοῦ
2554 5023 2673 5076 καθ’
2693 5023 2841 5094 ἡμᾶς
2873 5021 3100 5097 χρόνου.

2131 5109 2272 5164 Αὐτὸ
2329 5111 2429 5184 γὰρ
2490 5110 2602 5164 ἐστι
2655 5111 2718 5165 τὸ
2767 5115 2904 5187 φῶς.
2956 5110 3271 5182 Σημείωσαι
3330 5109 3412 5164 ὅτι
3473 5110 3500 5164 ὁ
3560 5109 3728 5178 ἥλιος

2057 5199 2147 5252 καὶ
2191 5200 2285 5260 τὰς
2333 5205 2480 5274 τρεῖς
2528 5200 2738 5274 ἡμέρας
2785 5199 2879 5260 τὰς
2928 5201 3034 5273 πρὸ
3085 5206 3185 5268 τῆς
3227 5198 3392 5254 αὐτοῦ
3442 5202 3726 5268 ποιήσεως

2055 5285 2310 5361 ἐφώτιζεν
2347 5289 2762 5361 ἀσχημάτιστος
2795 5286 2892 5342 ὤν’
2927 5287 3015 5342 καὶ
3069 5286 3152 5342 ὅτι
3203 5288 3266 5343 τὸ
3309 5289 3724 5363 πρωτόκτιστον

2055 5381 2169 5439 φῶς
2223 5381 2291 5449 τῇ
2343 5379 2573 5452 τετάρτῃ
2625 5377 2807 5453 ἡμέρᾳ
2864 5377 3344 5453 μετεσχηματίσθη
3406 5375 3482 5438 είς
3524 5375 3716 5446 ἤλιον⁶

1329 5549 1571 5608 νΑΒΙίλΕ
1602 5554 1992 5612 LECTIONES
2014 5557 2103 5612 ET
2133 5556 2693 5617 CORRECTIONES.

375 5667 421 5700 39
448 5671 636 5734 νοῆσαι
671 5663 727 5720 δὲ
755 5667 838 5723 τὸ.
916 5671 959 5704 ⁸ο
987 5672 1090 5722 τῶν
1124 5671 1433 5744 στοιχείων.
1515 5678 1553 5712 ίί
1583 5678 1742 5739 Quae.
