4000 6200
205 353 306 407 249

968 355 1028 406 8.
1069 351 1341 406 MAXIM!
1381 351 1686 406 SCHOLIA
1723 349 1798 402 IN
1835 347 1967 400 LIB.
2007 348 2103 400 DE
2139 351 2412 404 DIVINIS
2447 353 2857 406 NOMINIBUS.

3509 354 3616 408 250

199 476 285 535 xui
318 475 405 532 ὅτι
433 478 660 551 ἡμερῶν
688 473 889 548 τριάδα
936 476 1122 551 φησὶν,
1181 475 1256 537 ὡς
1300 474 1391 529 καὶ
1431 475 1459 528 6
1495 472 1659 549 μέγας
1688 471 1850 528 Βασί-

1979 472 2176 542 i‘uisse;
2211 491 2463 546 eumque
2493 476 2821 532 ternionem
2843 476 3071 533 dierum
3104 478 3316 548 dicere,
3338 482 3403 534 ut
3432 479 3608 537 etiam

199 567 346 628 λειος
405 566 457 621 ἰν
498 569 566 638 τῇ
621 566 946 639 Ἐξαημέρῳ
1000 567 1182 639 σαφῶς
1225 581 1409 641 φησιν’
1444 561 1616 616 ἐκεῖνο
1662 558 1719 614 Si
1778 560 1854 632 μὴ

200 653 592 730 παραδράμῃς,
640 653 724 708 ὅτι
755 654 823 707 τὰ
859 653 1237 727 προειρημένα
1276 651 1337 705 οὐ
1367 652 1490 726 περὶ
1521 652 1616 704 τοῦ
1668 648 1855 718 ἡλίου,

200 742 348 800 ἀλλὰ
374 743 501 819 περὶ
532 748 630 798 τοῦ
660 740 1121 818 σχηματισθέντος
1151 740 1229 802 εἲς
1259 739 1420 810 ἥλιον
1451 738 1858 816 πρωτοκτίστου

203 835 383 912 eanec
419 830 652 908 ἒῤῥῆθηο

267 929 355 985 Ὧς
379 919 675 995 ἐναρχική.
703 920 996 977 Τουτέστιν
1030 919 1177 994 ἀρχὴ
1208 919 1295 973 καὶ
1329 917 1478 972 αἰτία
1505 925 1605 987 τῆς
1631 917 1768 989 πρὸς
1795 916 1857 970 τὸ

201 1007 366 1072 ὅντως
401 1010 652 1072 ἐνώσεως
682 1009 716 1078 ἢ
749 1009 1091 1081 ὁμοιώσεως.

263 1191 369 1248 Kui
405 1187 470 1243 οῦ
502 1187 711 1263 ἐφίεται
759 1189 952 1245 πάντα.
1012 1190 1152 1264 ’Όρα
1211 1193 1330 1250 πῶς
1384 1185 1582 1263 διαιρεῖ
1609 1186 1676 1240 τὰ
1730 1184 1857 1240 ὅντα

190 1282 384 1351 πάντα,
417 1278 511 1333 xui
543 1278 668 1352 περί
698 1277 790 1331 τὸν
816 1280 1027 1331 πάντων
1063 1273 1190 1331 ὄντα
1244 1273 1492 1351 βασιλέα,
1555 1275 1615 1328 οὗ
1671 1273 1759 1328 καὶ
1790 1274 1857 1326 τὰ

191 1366 315 1424 ὄντα
375 1366 586 1444 ἐφίεται
634 1367 798 1422 πάτα.
861 1365 1034 1434 Φησὶν
1095 1364 1186 1420 οῦν
1241 1369 1456 1441 πρῶτον
1505 1364 1684 1437 νοερά,
1745 1363 1858 1417 εἶτα

193 1458 417 1531 λογικά.
448 1455 628 1529 Νοερά
659 1454 750 1509 οῦν
809 1455 910 1509 εἰσι
958 1455 1026 1509 τά
1088 1457 1164 1527 μή
1220 1453 1526 1528 μεμιγμένα
1585 1453 1852 1524 σώμασιν,

198 1551 306 1602 οἷον
378 1547 434 1599 ui
493 1545 856 1619 ὑπερκόσμιοι
888 1541 1144 1617 δυνάμεις
1201 1549 1388 1597 πᾶσαι·
1440 1540 1639 1616 λογικά
1687 1538 1744 1596 δὲ
1805 1540 1856 1594 ui

199 1635 538 1710 ἀνθρώπιναι
592 1633 792 1709 ψυχαὶ,
844 1633 896 1686 αἱ
944 1634 1044 1701 τήν
1075 1633 1259 1708 σχέσιν
1323 1629 1547 1706 ἔχουσαι
1604 1629 1742 1702 πρὸς
1795 1630 1857 1683 τὸ

201 1730 379 1796 σῶμα,
426 1723 609 1786 καθώς
651 1721 791 1776 ἐστιν
825 1723 854 1776 6
902 1721 1159 1792 αἰσθητὸς
1210 1719 1512 1794 ἄνθρωπος’
1564 1718 1609 1773 εἰ
1668 1718 1768 1792 γὰρ
1828 1719 1855 1772 6

198 1811 301 1868 ἔσω
350 1810 641 1887 ἄνθρωπος
698 1810 864 1883 μόνον
917 1809 1145 1885 ἐνεργεῖ,
1191 1811 1326 1864 κατὰ
1355 1810 1444 1863 τὸν
1495 1805 1854 1874 Ἀπόστολον,
1890 1840 1934 1904 Β

195 1900 469 1956 τουτέστιν
516 1902 550 1968 ἠ
582 1899 764 1973 ψυχὴ,
793 1899 867 1972 μὴ
897 1899 999 1966 τήν
1027 1904 1199 1953 πᾶσαν
1251 1896 1454 1972 ἔχουσα
1499 1897 1684 1972 σχέσιν
1717 1896 1854 1972 πρὸς

198 1994 381 2062 σῶμα,
413 1988 532 2043 τότε
559 1989 744 2061 νοερὸς
773 1989 801 2042 6
848 1986 1152 2062 ἅνθρωπος,
1211 1987 1274 2041 οὐ
1325 1988 1435 2060 μὴν
1481 1987 1718 2060 λογικῶς
1759 2007 1854 2040 xu-

195 2078 353 2135 λοῖτο
382 2078 467 2149 ἂν,
489 2078 628 2132 κατὰ
655 2079 718 2131 τὸ
747 2081 850 2132 πᾶν
880 2082 1018 2146 ζῶον
1039 2079 1102 2132 τὸ
1135 2075 1194 2132 ἐκ
1217 2077 1468 2149 σώματος
1498 2075 1586 2130 καὶ
1621 2073 1856 2149 λογικῆς

196 2172 381 2244 ψυχῆς
442 2167 731 2228 συνεστώς.
784 2171 1106 2227 Γνωστικῶς
1146 2164 1202 2220 δέ
1252 2187 1384 2240 φησι
1441 2167 1507 2219 τὰ
1558 2165 1718 2239 νοερά
1764 2163 1852 2218 καὶ

197 2257 395 2332 λογικά
424 2255 664 2332 ἐφίεσθαι
724 2260 822 2309 τοῦ
876 2259 1030 2323 Θεοῦ,
1073 2255 1147 2317 ὡς
1181 2254 1332 2334 φύσει
1391 2253 1706 2329 προσούσης
1756 2252 1853 2306 αὖ·

193 2354 307 2408 τοῖς
338 2353 442 2414 τῆς
473 2344 699 2420 ὀρέξεως
726 2344 956 2415 ταύτης,
985 2347 1086 2398 τοῦ
1115 2349 1315 2420 γνῶναι
1347 2343 1440 2398 τὸν
1469 2347 1574 2397 τῶν
1632 2343 1849 2396 πάντων

197 2434 448 2511 βασιλέα,
480 2433 571 2488 καὶ
608 2432 856 2510 μετέχειν
914 2440 1015 2503 τῆς
1066 2432 1406 2507 ἀγαθότητος
1437 2432 1624 2500 αὐτοῦ,
1657 2429 1745 2485 διὰ
1794 2432 1852 2484 τὸ

192 2527 322 2578 εἶναι
354 2525 456 2592 τήν
512 2526 698 2599 ψυχὴν
732 2523 1038 2598 γνωστικὴν
1061 2521 1151 2576 καὶ
1205 2519 1456 2597 λογικὴν,
1483 2519 1666 2582 καλῶς
1697 2519 1852 2594 λέγε-

1967 579 2216 634 magnus
2249 564 2500 621 Basilius
2533 565 2589 619 in
2623 566 2976 622 Hexaemero
3020 571 3217 639 aperte
3259 567 3428 625 dicit:
3461 568 3607 625 illud

1967 657 2161 709 autem
2214 671 2327 710 non
2385 655 2815 727 praetermittas,
2850 656 3130 712 nimirum
3179 673 3248 713 ea
3293 674 3423 727 quae
3473 662 3608 714 ante

1967 743 2123 798 dicta
2154 748 2315 813 sunt,
2349 761 2462 800 non
2496 745 2568 800 de
2598 744 2739 812 sole,
2773 745 2872 801 sed
2905 746 2976 802 de
3009 746 3200 818 prima
3229 751 3426 803 creata
3455 746 3608 818 luce,

1967 847 2094 903 qua:
2124 831 2184 886 in
2215 831 2397 888 solem
2431 833 2853 906 transﬁgurata
2882 839 2991 903 est,
3025 835 3156 891 dici.

2039 922 2316 994 Tanquam
2342 924 2680 994 principium
2710 926 2962 991 unitatis,
2993 924 3090 981 Gr.
3124 923 3200 984 ὠς
3230 921 3517 999 ἇναρχική,
3551 925 3609 980 id

1967 1014 2055 1066 est
2085 1011 2437 1082 principium
2469 1016 2527 1067 et
2555 1029 2733 1068 causa
2756 1013 3039 1069 unitionis
3063 1012 3150 1068 vel
3181 1013 3612 1085 similitudinis,

1968 1115 2095 1169 quae
2126 1114 2323 1155 revera
2352 1100 2489 1156 talis
2519 1105 2624 1158 est.

2041 1188 2302 1260 Quodque
2369 1195 2632 1262 appetunt
2690 1193 2905 1249 omnia.
2963 1191 3110 1248 Vide
3166 1193 3461 1264 quomodo
3530 1209 3621 1248 res

1967 1294 2172 1333 omnes
2203 1279 2445 1348 dividat,
2481 1285 2538 1336 et
2568 1281 2638 1336 de
2681 1297 2814 1354 rege
2845 1281 3134 1353 omnium,
3166 1297 3340 1353 quem
3375 1299 3467 1338 res
3498 1299 3623 1338 om-

1967 1383 2068 1422 nes
2097 1371 2394 1439 expetunt.
2429 1368 2580 1424 Dicit
2611 1369 2790 1442 igitur
2841 1371 3029 1442 primo
3059 1370 3219 1444 νοερά
3257 1387 3325 1426 ea
3352 1387 3479 1443 qum
3530 1371 3620 1426 in-

1966 1453 2269 1526 telligunt,
2329 1456 2539 1513 deinde
2589 1458 2788 1530 Λογικεὶ
2846 1458 2947 1513 illa
2995 1476 3124 1530 quae
3174 1459 3616 1515 ratiocinatione

1966 1548 2233 1600 utuntur.
2278 1545 2458 1618 Νοερά
2485 1545 2668 1618 igitur
2697 1551 2856 1615 sunt,
2882 1563 3006 1618 quae
3042 1563 3156 1602 non
3189 1551 3329 1603 sunt
3357 1546 3620 1618 corpori-

1967 1633 2078 1688 bus
2127 1633 2428 1705 permista,
2474 1635 2650 1690 veluti
2708 1636 2930 1691 mundo
2987 1636 3321 1706 superiores
3369 1637 3617 1692 virtutes

1967 1739 2204 1791 omnes;
2258 1719 2636 1796 λογικάινθΐο
2686 1729 2828 1780 sunt
2872 1724 3180 1780 hominum
3233 1725 3458 1789 animas,
3493 1741 3618 1796 quae

1967 1813 2178 1867 aﬂ‘ectu
2205 1812 2264 1866 in
2298 1828 2509 1884 corpus
2541 1814 2828 1881 feruntur,
2859 1814 3014 1870 sicut
3042 1813 3315 1870 sensibus
3346 1813 3621 1870 addictus

1968 1900 2170 1956 homo:
2205 1902 2254 1956 si
2287 1901 2442 1957 enim
2489 1901 2734 1958 interior
2779 1902 2977 1974 homo,
3011 1903 3338 1960 secundum
3369 1904 3622 1975 Aposto-

1964 1989 2112 2062 lum,
2145 1995 2376 2046 tantum
2427 1996 2724 2062 operatur,
2755 1991 2813 2047 id
2847 1996 2934 2048 est
2965 1992 3160 2048 anima
3216 2009 3331 2048 non
3380 2008 3617 2048 omnem

1964 2095 2103 2152 erga
2135 2096 2348 2152 corpus
2401 2081 2670 2136 aﬂ‘ectum
2703 2081 2950 2148 habens,
2983 2087 3110 2137 tum
3142 2080 3328 2155 νοερός
3387 2098 3490 2138 seu
3522 2081 3618 2138 in-

1968 2168 2199 2224 tellectu
2238 2167 2362 2224 solo
2393 2173 2623 2226 constat
2651 2170 2855 2239 homo;
2883 2176 3281 2228 verumtamen
3312 2175 3619 2227 vocaretur

1965 2254 2226 2328 λογικῶς,
2258 2257 2413 2312 sicut
2453 2275 2626 2314 omne
2673 2259 2893 2315 animal
2941 2261 3097 2331 quod
3156 2277 3224 2316 ex
3272 2277 3513 2331 corpore
3558 2264 3619 2316 et

1964 2346 2164 2401 anima
2195 2346 2463 2402 rationali
2503 2352 2756 2404 constat.
2786 2349 2882 2402 Ait
2925 2353 3119 2404 autem
3150 2349 3310 2420 νοερά
3333 2353 3391 2404 et
3419 2345 3614 2422 λογικά

1963 2440 2230 2507 appetere
2259 2436 2592 2506 cognitione
2627 2441 2834 2506 Deum,
2857 2440 3138 2508 tanquam
3161 2454 3193 2492 a
3214 2442 3426 2493 natura
3456 2437 3614 2493 hunc

1963 2524 2288 2595 appetilum
2329 2523 2605 2592 habeant,
2638 2541 2834 2596 regem
2884 2526 3150 2580 omnium
3202 2525 3614 2597 cognoscendi,

189 2633 272 2667 ται
324 2613 419 2666 xui
448 2614 484 2680 ἡ
545 2607 722 2690 ἔφεσις
768 2615 865 2664 τοῦ
895 2610 1116 2684 ἀγαθοῦ.
1166 2609 1244 2664 Τὰ
1275 2607 1332 2664 δὶ
1362 2608 1537 2684 ἄλογα
1570 2612 1681 2677 ζῶα
1735 2608 1851 2661 κατ’

1979 2618 2140 2685 itque
2191 2613 2508 2668 bonitatem
2571 2614 2700 2684 ejus
2756 2615 3168 2686 participandi,
3218 2630 3284 2670 eo
3333 2615 3490 2686 quod
3542 2614 3619 2670 sit

191 2703 357 2770 αὐτὴν
390 2703 491 2769 τήν
526 2700 848 2771 αἰσθητικὴν
912 2696 1140 2772 δύναμιν
1186 2704 1330 2768 ζωῆς
1362 2697 1582 2775 ἐφίεται·
1619 2694 1703 2750 διὸ
1761 2694 1849 2749 καὶ

1979 2702 2154 2758 mima
2185 2703 2517 2774 cognitione
2547 2707 2606 2758 et
2650 2703 2878 2758 ratione
2921 2703 3184 2775 praedita,
3217 2708 3372 2758 recte
3401 2703 3620 2759 dicitur

191 2795 283 2846 τοῦ
313 2791 543 2865 ἀγαθοῦ⁶
601 2791 669 2844 τά
725 2786 783 2843 δὶ
830 2787 1148 2858 ἀναίσθητα,
1198 2791 1312 2842 οἷον
1357 2788 1424 2842 τὰ
1455 2787 1594 2861 φῦτά
1640 2786 1728 2840 καὶ
1785 2784 1852 2839 τὰ

1979 2798 2016 2848 ιι
2048 2792 2182 2848 boni
2213 2793 2527 2864 appetitus.
2563 2793 2738 2849 Porro
2772 2793 3052 2849 animalia
3084 2794 3308 2849 ratione
3337 2793 3617 2850 destituta

194 2881 380 2955 ἀψυχα
429 2877 520 2933 καί
552 2881 722 2948 ἅζωα,
756 2877 958 2954 ἐφίεται
1011 2876 1108 2950 μὲν
1140 2881 1380 2954 φυσικῶς
1399 2879 1443 2912 ⁴²
1491 2880 1590 2931 τοῦ
1621 2871 1844 2950 ἀγαθοῦ,

1979 2881 2163 2938 iensili
2194 2882 2308 2937 ista
2342 2882 2550 2937 virtute
2579 2882 2758 2938 vitam
2799 2887 3114 2955 appetunt;
3148 2883 3396 2953 ideoque
3434 2883 3610 2939 etiam

195 2969 255 3024 οὗ
285 2971 398 3041 μήν
423 2966 520 3023 ’ἶνα
550 2969 640 3022 xui
689 2971 804 3042 γνῷ
846 2966 1000 3039 αὐτὸ,
1053 2963 1180 3021 ἀλλ’
1207 2964 1299 3021 ἵνα
1333 2965 1512 3040 μείνῃ,
1546 2963 1677 3041 ὅπερ
1737 2962 1847 3018 icti

1979 2988 2212 3040 )onum;
2246 2987 2373 3041 quae
2401 2975 2598 3025 autem
2624 2986 2800 3027 sensu
2835 2976 3054 3042 carent,
3083 2975 3147 3026 ut
3178 2971 3414 3044 stirpes,
3440 2975 3620 3043 atque

198 3057 356 3130 μόνον
386 3062 457 3131 τῇ
482 3061 686 3133 φυσικῇ
717 3055 891 3129 ἐφέσει
923 3055 1257 3130 σννεχόμενα
1296 3057 1442 3131 παρά
1496 3056 1590 3110 τοῦ
1650 3054 1847 3130 ἀγαθοῦ

1981 3059 2058 3114 lla
2089 3075 2216 3130 quae
2250 3059 2448 3114 anima
2479 3063 2538 3115 et
2577 3060 2697 3116 vita
2741 3060 3069 3131 privantur,
3107 3059 3456 3115 naturaliter
3487 3060 3621 3132 qui-

193 3146 264 3210 εἰς
291 3148 353 3202 τὸ
388 3150 529 3202 εἶναι
560 3145 716 3201 αὐτά.

1979 3149 2093 3204 lem
2128 3149 2349 3204 bonum
2397 3151 2704 3220 appetunt,
2739 3165 2856 3204 non
2889 3148 3127 3220 quidem
3180 3152 3245 3204 ut
3293 3148 3488 3220 ipsum
3523 3166 3624 3204 co-

1879 3201 1920 3268 C
1960 3201 2504 3309 insinuas:
2524 3201 2877 3310 manu;
2896 3201 3625 3309 ἷιῖιιζᾶξειὶέιηῖυἶιίαὶὶι-

263 3417 439 3470 Πάντα
491 3412 675 3487 ἀολλῇ
722 3417 890 3469 ποιεῖ.
943 3410 1180 3481 ’Δολλῆ,
1213 3411 1671 3486 συνηθροισμένα.
1727 3413 1851 3469 Ὀτι

201 3504 228 3558 ὁ
254 3503 416 3572 ἥλιος
449 3503 668 3579 λέγεται
701 3503 848 3577 παρὰ
870 3501 933 3556 τὸ
961 3500 1142 3566 ἀολλῆ
1174 3506 1349 3554 ποιεῖν
1395 3501 1487 3554 καὶ
1523 3499 1764 3575 συνάγειν
1787 3502 1854 3555 τὰ

205 3590 661 3664 διεσκεδασμένα,
719 3591 809 3645 καὶ
865 3589 946 3644 ὅτι
1004 3589 1215 3665 ἀναιρεῖ
1270 3590 1332 3643 τὸ
1382 3592 1517 3643 εἶναι
1577 3588 1702 3644 Θεὸν
1760 3591 1851 3644 τὸν

200 3680 386 3753 ἥλιον,
414 3681 458 3735 εἰ
507 3680 598 3735 καὶ
631 3677 818 3734 πολλά
849 3676 1073 3752 εἷ’πομεν
1093 3680 1136 3713 ⁸³
1163 3684 1263 3748 τῆς
1319 3677 1558 3752 εὐχερῶς
1619 3675 1858 3754 διαστρε-

200 3770 442 3848 φομένης
475 3767 738 3824 δοκοῦντα
769 3765 980 3822 ἐναντία
1011 3769 1170 3822 εἶναι.

267 3861 418 3916 Κατὰ
473 3859 568 3912 τὸν
629 3864 729 3927 τῆς
797 3855 1191 3926 παλαιότητος.
1260 3855 1406 3909 Κατά
1449 3855 1541 3910 τὸν
1599 3859 1695 3920 τῆς
1752 3877 1851 3910 πα-

200 3946 498 4019 λαιότητος
534 3946 726 4022 λόγον,
760 3945 795 4014 ἢ
829 3947 913 3999 ὅτι
945 3943 1220 4013 Ἕλληνες
1255 3945 1525 4020 ὑπῆρχον,
1553 3947 1696 4007 θεῖος
1728 3953 1854 4000 Διο-

197 4038 377 4100 νύσιος
426 4037 520 4091 καὶ
555 4037 584 4090 ὁ
633 4040 774 4099 θεῖος
816 4033 1078 4106 Τιμόθεος
1099 4037 1164 4106 “,
1220 4035 1294 4095 ὡς
1352 4033 1403 4088 έν
1447 4039 1568 4096 ταῖς
1627 4035 1855 4109 Πράξεσι

194 4133 298 4182 τῶν
329 4126 508 4203 ἀγίων
549 4123 874 4180 ἀποστόλων
928 4121 1212 4192 δηλοῦται·
1336 4124 1426 4178 τὸν
1480 4123 1662 4197 μωρὸν
1718 4124 1853 4197 [τὸν]

195 4218 298 4268 τῶν
326 4213 625 4283 Ἑλλήνων
659 4211 821 4287 λόγον
870 4211 1022 4290 φησί’
1054 4211 1286 4267 παλαιὸν
1337 4211 1438 4286 γὰρ
1487 4212 1576 4265 καὶ
1627 4213 1856 4288 ἀρχαῖον

195 4306 237 4339 ⁵⁸
258 4304 347 4358 τὸν
384 4303 558 4373 ἥλιον
592 4298 801 4376 ἔλεγον,
827 4302 902 4363 ὡς
935 4301 986 4356 ἐν
1017 4302 1087 4373 τῇ
1113 4298 1380 4373 κωμῳδίᾳ
1409 4298 1640 4375 εἷ’ρηται.

260 4392 698 4466 Ἀνακαθαίρειν.
790 4389 1016 4464 Εἴρηται
1099 4391 1220 4465 γάρ’
1303 4388 1636 4466 Προσέλθετε
1720 4392 1858 4467 πρὸς

200 4480 370 4551 αὐτὸν,
408 4483 504 4537 xui
538 4479 868 4556 φωτίσθητε’
902 4481 989 4535 καὶ
1023 4479 1089 4534 τὰ
1135 4478 1403 4555 πρόσωπα
1455 4479 1606 4552 ὑμῶν
1659 4479 1724 4534 οὗ
1777 4482 1852 4554 μὴ

196 4574 579 4647 καταισχυνθῇ
590 4614 603 4625 .

264 4662 386 4718 Ὅτι
428 4660 720 4733 ἠγάπησαν
754 4656 919 4713 πολύ.
953 4661 1044 4729 Τῷ
1081 4658 1184 4731 γάρ
1235 4656 1514 4732 ἀγαπῶντι
1573 4655 1718 4712 πολὺ
1769 4660 1859 4713 καὶ

197 4748 382 4822 [πολὺ]
417 4747 735 4817 δοθήσεται·
767 4746 848 4801 τῶ
880 4743 937 4801 δὲ
992 4741 1214 4801 ἔλαττον
1237 4747 1301 4814 ⁸³,
1361 4747 1498 4820 πρὸς
1552 4746 1614 4800 τὸ
1664 4745 1856 4822 μέτρον

192 4844 289 4907 τῆς
319 4835 716 4913 ἀγάπηςοῶτερ
748 4833 897 4909 λέγει
931 4833 1152 4903 ἄνω,ὅτι
1180 4831 1326 4904 τάξις
1345 4834 1435 4888 xui
1471 4833 1663 4909 μέτρον
1694 4837 1855 4908 ἡμῶν

195 4925 334 4981 ἐστιν
365 4928 394 4982 6
429 4925 592 4986 Θεός.

257 5018 412 5086 §VI.
483 5014 589 5070 Καὶ
645 5011 1035 5087 ὑπερκόσμιον.
1084 5011 1161 5067 Τὸ
1209 5009 1578 5084 ὐπερκόσμιον
1612 5011 1858 5088 εἰρῆσθαι

186 5109 334 5173 νοῦν,
399 5104 482 5164 ὥς
511 5123 677 5157 τινων
743 5102 835 5174 μὲν
871 5101 1002 5174 ὑπὲρ
1032 5100 1158 5162 τοὺς
1205 5101 1408 5161 πάντας
1432 5101 1674 5173 κόσμους
1696 5098 1861 5158 ὄντων

186 5198 324 5248 νοῶν
388 5192 566 5268 ἁγίων
621 5190 905 5259 ἀνωτάτω,
955 5189 1154 5260 τάξεων
1198 5188 1531 5264 ἀγγελικῶν,
1589 5195 1743 5245 τινῶν
1805 5191 1861 5248 δέ

261 5359 339 5426 (υ)
373 5353 532 5411 Psal.
567 5369 774 5423 χχχιιι,
801 5355 857 5408 6.

1962 3325 2068 3380 rali
2093 3325 2348 3398 appetitu
2375 3343 2407 3380 a
2428 3325 2582 3382 bono
2607 3327 2665 3381 in
2689 3327 3030 3382 exsistentia
3052 3343 3158 3382 sua
3177 3330 3620 3384 conservantur.

2036 3414 2234 3469 Omnia
2273 3411 2453 3482 ἀολλῆ
2483 3416 2645 3485 facit.
2678 3410 2887 3482 Ἀολλῆ
2921 3431 3024 3470 seu
3053 3417 3399 3485 congregata.
3424 3413 3620 3469 Solem

1963 3503 2105 3559 dicit
2133 3500 2294 3570 ἥλιον
2328 3505 2522 3558 vocari
2567 3504 2702 3573 quia
2735 3503 3000 3575 dispersa
3030 3499 3209 3570 ἀολλῆ
3243 3506 3410 3570 ποιεῖ,
3444 3502 3500 3557 id
3533 3505 3624 3558 est

1964 3595 2281 3664 congregat
2311 3596 2368 3647 et
2416 3591 2666 3664 colligit;
2704 3596 2993 3664 negatque
3026 3591 3205 3647 solem
3257 3607 3386 3647 esse
3413 3591 3620 3658 Deum,

1965 3681 2071 3736 etsi
2108 3680 2297 3736 multa
2327 3679 2651 3735 dixerimus
2683 3697 2810 3751 qua;
2861 3678 2945 3733 illi
3000 3680 3293 3735 contraria
3321 3679 3629 3735 videantur

1965 3787 2091 3842 quae
2125 3768 2292 3824 facile
2319 3769 2766 3839 detorquentur.

2032 3864 2208 3916 Juxta
2237 3856 2610 3929 antiquitatis.
2642 3857 2820 3912 Juxta
2853 3855 3228 3928 antiquitatis
3263 3870 3617 3924 sermonem,

1966 3953 2068 4004 aut
2100 3947 2254 4018 quod
2287 3944 2536 4018 gentiles
2562 3946 2801 4000 fuerunt
2833 3944 3070 4000 divinus
3101 3944 3412 4017 Dionysius
3442 3949 3500 4000 et
3529 3945 3620 4000 di-

1963 4038 2134 4090 vinus
2163 4033 2525 4105 Timotheus,
2551 4034 2702 4088 sicut
2729 4033 2787 4088 in
2820 4033 2982 4089 Actis
3014 4036 3352 4089 sanctorum
3386 4037 3621 4105 aposto-

1964 4125 2154 4180 lorum
2187 4123 2543 4190 declaratur;
2572 4127 2674 4178 aut
2695 4121 2945 4178 stultum
2968 4121 3250 4194 gentilem
3284 4138 3616 4179 sermonem

1965 4214 2128 4269 dicit.
2163 4209 2402 4265 Παλαιόν
2431 4211 2585 4266 enim
2613 4215 2668 4266 et
2691 4211 2920 4284 ἀρχαῖον
2955 4211 3203 4267 stultum
3237 4211 3622 4268 nominabant

1964 4303 2113 4357 18]
2151 4301 2356 4366 solem,
2389 4301 2544 4356 sicut
2574 4301 2632 4354 in
2665 4300 2953 4356 comoedia
2981 4301 3221 4356 dicitur.

2036 4397 2374 4460 Repurgarc.
2429 4389 2658 4445 Dicitur
2704 4389 2861 4445 enim
2905 4407 2919 4445 :
2966 4389 3210 4445 Accedite
3257 4389 3327 4444 ad
3379 4404 3524 4454 eum,
3570 4387 3622 4444 et

1963 4481 2375 4536 illuminamini
2401 4495 2422 4542 ;
2487 4486 2541 4534 et
2598 4480 2767 4550 facies
2834 4483 3028 4536 vestra:
3093 4494 3204 4534 non.
3267 4479 3620 4548 con/unden-

1887 4561 1934 4625 D
1969 4574 2063 4625 tur
2087 4573 2180 4637 (v).

2037 4659 2188 4728 Quia.
2216 4642 2541 4713 amaverunt
2586 4657 2846 4712 multum.
2881 4655 3132 4711 Multum
3165 4655 3320 4710 enim
3367 4653 3616 4726 amanti,

1966 4747 2220 4802 multum
2253 4745 2428 4800 etiam
2471 4743 2704 4800 dabitur
2735 4764 2749 4812 ;
2786 4744 2918 4799 huic
2951 4750 3146 4799 autem
3199 4743 3417 4810 minus,
3443 4743 3620 4812 juxta

1968 4851 2306 4891 mensuram
2358 4833 2685 4900 cbaritatis,
2737 4835 2892 4905 quod
2947 4832 3220 4903 superius
3267 4831 3349 4886 ait
3388 4847 3401 4887 :
3445 4833 3616 4888 Deum

1967 4941 2082 4981 esse
2111 4924 2376 4979 ordinem
2405 4930 2456 4978 et
2484 4938 2806 4978 mensuram
2830 4931 3098 4976 nostram.

2038 5017 2065 5083 §
2112 5013 2202 5068 VI.
2255 5015 2316 5067 Et
2360 5011 2886 5083 supermundanam,
2939 5011 3036 5063 Gr.
3087 5007 3177 5062 xui
3231 5006 3619 5082 ὑπερκόσμιον.

1969 5105 2222 5160 Mentem
2249 5102 2358 5158 dici
2396 5097 2756 5174 ὑπερκόσμιον
2793 5099 3011 5153 mundo
3046 5098 3618 5169 superiorem,veluti

1969 5199 2168 5252 essent
2196 5209 2485 5265 supremae
2516 5191 2780 5264 quaedam
2817 5192 3031 5245 sanctis
3069 5192 3294 5245 mentes
3325 5187 3616 5262 angelico-

1200 5472 1446 5528 VARIE
1485 5473 1884 5533 LECTIONES
1923 5478 2014 5534 ET
2051 5473 2618 5533 CORRECTIONES.

262 5602 312 5675 ⁸2
333 5601 618 5675 ψυχικιῇς,
695 5585 747 5675 "ﬁ
778 5597 913 5675 εἷπε.
983 5595 1359 5675 ξδ-ἀμφότιροι
1383 5597 1422 5675 ’ὃ
1452 5617 1520 5675 τε,
1539 5599 1684 5662 θεῖος
1715 5606 1888 5675 A_v.ov.,
1919 5600 2239 5675 καὶῃὸλᾶγιρς
2270 5599 2554 5671 Τιμόθεος.
2632 5598 2674 5635 ⁸⁸
2701 5597 2794 5653 τὸν
2828 5597 3010 5674 μωρὸν
3044 5594 3255 5674 ἔλεγον,
3307 5597 3343 5667 ἢ
3395 5594 3476 5652 ὅτι
3522 5595 3615 5651 xui

200 5668 360 5728 αὐτὸν
391 5668 486 5727 τῖν
519 5669 687 5740 ἣλιον
721 5669 953 5744 ἀρχαῖον
983 5668 1237 5741 ὲκᾶλοὺν,
1271 5668 1345 5732 ὦς
1377 5669 1429 5724 έν
1456 5672 1525 5743 τῇ
1556 5669 1846 5745 κωμῳδίᾳ,
1874 5668 1883 5673 ⁷
1925 5677 1969 5711 ⁴⁸
2000 5673 2046 5747 ᾧ
2075 5668 2401 5728 δὲ’ἔλτττον,
