4000 6200
393 313 496 368 251

1214 317 1578 371 APPENDIX
1618 317 1714 370 AD
1751 315 1991 369 OPERA
2027 316 2085 368 S.
2125 314 2441 370 DIONYSII
2480 317 2982 373 AREOPAGITE.

3692 320 3790 375 252

399 455 532 495 rum
572 439 848 496 ordinum
901 457 1084 515 supra
1143 443 1398 498 mundos
1455 441 1763 497 universos
1797 457 1812 495 :
1844 439 2048 510 aliqua

2195 437 2498 512 πικοσμίων
2534 484 2547 509 ,
2607 440 2851 497 τουτέστι
2908 445 3017 497 τῶν
3069 440 3157 497 ἐπὶ
3212 446 3282 516 τῇ
3341 439 3651 519 λειτουργίᾳ
3695 450 3791 500 τῶν

402 533 599 585 autem
631 529 786 585 circa
825 532 1112 587 mundum
1144 535 1362 599 essent,
1396 531 1454 587 id
1485 536 1574 587 est
1602 531 1755 586 circa
1784 529 2048 585 ministe-

402 619 556 674 rium
588 620 944 675 mundorum
974 625 1422 692 occuparentur,
1447 620 1780 676 constitutae
1810 618 1867 673 in
1901 618 2051 689 ipso-

404 725 537 763 rum
597 709 1185 778 administrationem,
1235 727 1268 765 a
1320 709 1794 780 quibusdamque
1845 705 2050 762 mundi

403 803 662 854 rectores
694 797 1050 853 dicerentur.
1074 798 1293 870 Aliquae
1320 815 1452 853 vero
1485 802 1710 854 mentes
1741 798 1798 851 in
1831 795 2052 850 mundo

404 892 785 942 versarentur
805 886 1113 942 hominum
1139 891 1313 954 atque
1333 886 1696 958 angelorum,
1718 885 2053 941 nationibus

408 977 838 1048 praefectorum,
863 979 920 1031 et
959 975 1271 1047 presidum
1305 976 1632 1042 civitatum,
1663 979 1838 1046 atque
1869 974 1929 1029 in
1961 989 2052 1028 ec-

409 1063 605 1120 clesiis
638 1069 694 1118 et
731 1064 970 1131 sanctis,
1003 1064 1157 1120 sicut
1205 1065 1262 1119 in
1313 1064 1661 1138 Apocalypsi
1711 1065 1792 1119 ait
1825 1062 2057 1117 divinus

407 1154 684 1222 Joannes,
714 1170 780 1208 ac
809 1152 866 1207 in
902 1155 1124 1208 ceteris
1169 1155 1374 1209 mundi
1418 1152 1968 1219 constitutionibus;
2003 1154 2058 1205 et

411 1241 770 1314 psalmorum
803 1245 1008 1297 cantor
1040 1242 1180 1298 dicit
1205 1260 1218 1298 :
1241 1244 1442 1299 Castra
1474 1243 1788 1298 metabitur
1817 1240 2059 1312 angelus

411 1329 673 1398 Domini;
701 1332 921 1387 mundo
944 1331 1213 1403 superior
1233 1336 1323 1388 est
1347 1331 1693 1405 spiritualis,
1715 1331 1870 1387 circa
1890 1345 2058 1384 mun-

411 1419 554 1474 dum
585 1418 884 1486 animalis,
916 1418 976 1474 in
1013 1421 1234 1475 mundo
1283 1420 1556 1476 carnalis.
1595 1419 1809 1476 Aliter:
1842 1419 2056 1473 Mundo

401 1511 505 1565 eest
532 1507 823 1580 superior,
850 1508 950 1580 qui
973 1509 1328 1581 theologiam
1351 1510 1580 1582 dirigit;
1599 1509 1753 1565 circa
1775 1508 2059 1563 mundum

415 1600 505 1654 est
535 1595 637 1667 qui
669 1596 994 1652 naturalem
1017 1598 1601 1670 contemplationem;
1636 1597 1693 1653 in
1720 1598 1940 1653 mundo
1971 1600 2062 1652 est

417 1685 521 1758 qui
547 1685 818 1740 virtutem
848 1686 906 1740 in
938 1687 1164 1742 actione
1190 1687 1625 1743 consistentem.

2160 525 2404 600 κόσμων,
2466 529 2543 592 εἰς
2576 527 2844 602 διοίκησιν
2878 533 3055 587 αὐτῶν
3087 530 3453 607 τεταγμένων,
3510 537 3617 588 τῶν
3665 537 3795 610 παρά

2159 637 2266 671 τισι
2324 619 2413 672 καὶ
2464 625 2840 696 κοσμαγωγῶν
2894 619 3226 696 λεγομὲνων.
3283 625 3451 676 Τινῶν
3504 619 3563 677 δὲ
3617 621 3792 697 ἐγκοσ-

2165 705 2302 778 μίων
2338 713 2475 763 νοῶν
2508 704 2695 782 ὄντων,
2729 711 3029 786 ἀνθρώπων
3068 731 3128 765 τε
3154 711 3244 765 καὶ
3298 709 3568 786 ἀγγέλων,
3629 712 3798 788 ὲθναρ·

2161 800 2279 870 χῶν
2310 817 2368 850 τε
2415 799 2500 852 καὶ
2557 797 2908 874 πολιούχωψ
2961 799 3050 853 καὶ
3100 799 3189 854 ἐπὶ
3235 804 3342 854 τῶν
3369 797 3672 870 ἐκκλησιῶν
3717 803 3795 857 καὶ

2160 888 2268 939 τῶν
2321 885 2492 959 ἁγίων
2522 931 2535 955 ,
2596 888 2672 949 ὡς
2726 887 2778 942 ἐν
2841 891 2910 952 τῆ
2967 886 3334 961 Ἀποκαλύψει
3376 889 3534 964 φησὶν
3583 891 3612 943 6
3669 891 3796 952 θεῖος

2165 972 2454 1044 Ἰωάννης,
2505 977 2591 1030 καὶ
2647 975 2734 1030 ἐπὶ
2785 977 2889 1030 τῶν
2935 975 3130 1049 ἐτέρων
3171 981 3450 1050 κοσμικῶν
3501 975 3796 1050 διατάξεων

2164 1061 2253 1116 καὶ
2287 1063 2314 1116 6
2346 1061 2650 1136 ψαλμῳδὸς
2671 1062 2728 1119 δέ
2759 1085 2912 1142 φησι’
2946 1061 3299 1140 Παρεμϐαλεῖ
3327 1064 3560 1142 ἄγγελος
3593 1067 3798 1142 Κυρίου·

2171 1150 2541 1225 ὑπερκόσμιός
2600 1151 2744 1206 ἐστιν
2805 1154 2832 1207 6
2905 1153 3291 1226 πνευματικός’
3373 1153 3728 1227 περικόσμιος
3777 1154 3800 1207 ὁ

2168 1238 2450 1313 ψυχικάς·
2530 1239 2819 1316 ἐγκόσμιος
2897 1241 2925 1295 ὁ
2994 1241 3320 1316 σαρκικόςιτ.
3380 1240 3603 1306 ’Ἄλλως
3659 1243 3804 1317 ὓπερ-

2168 1327 2400 1402 κόσμιός
2429 1327 2570 1385 ὶστιν
2603 1330 2630 1383 6
2659 1329 2749 1384 καὶ
2780 1330 2876 1399 τὴν
2912 1330 3193 1406 θεολογίαν
3249 1329 3618 1405 κατορθώσας·
3668 1351 3805 1406 περι-

2168 1417 2397 1490 κόσμιος
2443 1419 2471 1473 6
2531 1420 2630 1488 τὴν
2685 1421 2915 1497 φυσικὴν
2978 1419 3230 1494 θεωρίανο
3290 1418 3590 1496 ἐγκὸσμινς
3637 1421 3667 1474 6
3718 1421 3804 1488 τὴν

2167 1508 2470 1581 πρακτικὴν
2501 1507 2696 1581 ἀρετήν
2707 1549 2719 1563 .

493 1773 692 1829 Omnia
719 1790 1078 1845 congregem.
1112 1778 1331 1832 Cuncta
1375 1775 1552 1831 simul
1605 1775 1845 1842 faciens,
1879 1779 1936 1831 et
1973 1775 2063 1830 fo-

2246 1774 2423 1831 ΙΙάντα
2469 1776 2788 1849 συνάγουσα.
2839 1776 3013 1849 Ὁμοῦ
3063 1776 3238 1830 πάντα
3285 1779 3541 1845 ποιοῦσα,
3577 1773 3664 1830 xui
3691 1771 3808 1838 θάλ-

419 1878 562 1920 vens
593 1879 659 1918 ac
689 1879 930 1936 augens,
963 1869 1134 1935 atque
1161 1869 1549 1922 commutans.

495 1951 740 2008 Dirimit.
804 1955 1142 2025 Ignorantia
1205 1955 1359 2010 enim
1424 1972 1458 2010 a
1524 1955 1640 2010 Deo
1701 1954 1926 2025 dividit,
1995 1953 2067 2009 si-

415 2045 526 2097 cut
565 2040 764 2097 lumen
813 2043 1003 2114 magis
1051 2042 1274 2116 colligit
1321 2047 1379 2100 et
1425 2043 1727 2114 convertit,
1777 2048 1846 2099 ut
1892 2059 2071 2115 supra

427 2129 594 2186 dixit.

499 2219 948 2292 Opinatiom'bus.
1007 2221 1493 2292 Simulacrornm,
1551 2226 1607 2278 et
1676 2221 2073 2278 multitudinis

431 2311 696 2379 deorum,
728 2327 877 2382 quos
908 2310 1147 2366 habent.

509 2401 650 2466 Visa,
681 2399 777 2455 Gr.
809 2398 1100 2474 φαντασίας
1135 2399 1435 2461 Φαντασίας
1482 2400 1937 2473 imaginationes
1983 2400 2075 2455 di-

431 2488 530 2554 cit,
565 2488 857 2544 fabulosas
889 2488 1040 2543 circa
1071 2489 1334 2560 sensilia,
1367 2498 1469 2546 aut
1498 2495 1782 2562 tanquam
1814 2488 2073 2558 sensilia,

430 2576 835 2649 cogitationes.

501 2665 678 2733 §VIL
711 2666 774 2720 Et
818 2669 880 2720 ut
926 2666 1242 2736 pulchrum.
1278 2666 1526 2723 Pulcher
1574 2667 1809 2738 quidem
1860 2666 2080 2721 dicitur

432 2754 588 2810 Deus
617 2754 676 2808 in
709 2753 944 2809 Cantico
975 2753 1334 2809 canticorum
1370 2771 1382 2809 :
1416 2756 1502 2810 sic
1531 2755 1710 2826 igitur
1738 2755 1915 2810 etiam
1949 2755 2078 2826 pul-

433 2841 705 2898 chritudo
735 2843 969 2897 dicitur.
1004 2843 1181 2898 David
1219 2859 1232 2897 :
1264 2845 1552 2915 Speciosus
1593 2847 1770 2910 forma
1799 2859 1916 2912 prae
1945 2843 2080 2910 ﬁliis

433 2931 719 2985 hominum
747 2930 850 3002 (ιε).
883 2931 1200 2986 Pulchrum
1245 2936 1438 2987 autem
1481 2932 1698 2986 dicitur
1726 2932 1901 2987 etiam
1932 2930 2078 2986 illud

438 3017 590 3090 quod
627 3017 1123 3089 pulchritudinem
1158 3021 1485 3092 participat.
1517 3022 1760 3076 Adverte
1791 3020 2079 3092 quomodo

435 3107 493 3161 in
540 3106 717 3162 rebus
767 3108 1064 3163 dividatur
1111 3109 1422 3180 pulchrum
1474 3115 1532 3165 et
1584 3110 1984 3182 pulchritudo,
2015 3109 2074 3163 in

435 3195 854 3268 participantes
884 3201 942 3252 et
985 3213 1085 3253 eas
1114 3214 1242 3268 quae
1292 3199 1443 3253 fiunt
1476 3198 1815 3270 participes;
1851 3198 1906 3251 in
1964 3198 2075 3253 Deo

435 3289 630 3340 autem
674 3301 790 3340 non
836 3285 917 3340 ita
945 3303 957 3342 :
994 3285 1364 3357 pulchritudo
1395 3287 1551 3343 enim
1584 3287 1818 3356 dicitur,
1841 3290 2078 3358 propter

435 3373 712 3430 omnibus
755 3375 1250 3431 communicatam
1283 3376 1354 3430 ah
1386 3377 1513 3448 ipso
1558 3376 2075 3448 pulchritudinem,

436 3467 494 3519 et
525 3464 676 3532 quod
709 3469 919 3519 cuncta
947 3465 1018 3519 ad
1051 3481 1114 3519 se
1144 3470 1332 3533 vocet;
1365 3465 1677 3537 pulchrum
1709 3470 1903 3521 autem
1937 3463 2078 3519 dici-

436 3557 555 3618 tur,
589 3555 653 3607 ut
691 3569 923 3624 semper
967 3553 1254 3610 exsistens
1291 3559 1347 3610 et
1378 3571 1680 3627 nunquam
1737 3555 2080 3612 decrescens

439 3644 542 3696 aut
568 3657 925 3697 accrescens.

511 3730 664 3786 182
696 3729 1008 3786 Secundum
1035 3747 1093 3786 se
1117 3733 1412 3803 uniforme.
1447 3731 1600 3788 Deus
1625 3736 1715 3788 est
1746 3732 2083 3789 uniusmodi

440 3817 772 3892 pulchrum,
805 3819 1085 3890 quoniam
1127 3837 1318 3893 neque
1361 3820 1642 3877 dividitur
1671 3821 1731 3876 in
1764 3821 1999 3877 habitus
2029 3825 2086 3876 et

437 3907 808 3963 diversitates
865 3909 1323 3980 pulchritudinis
1379 3909 1719 3979 etl'ectrices,
1775 3925 1964 3981 neque
2014 3910 2086 3965 ad

441 3995 588 4050 alios
611 3996 846 4067 quidem
871 3998 1180 4067 pulchrum
1206 3999 1484 4069 possidet,
1508 4000 1578 4054 ad
1603 3999 1748 4054 alios
1773 4016 1888 4054 non
1913 3999 2085 4066 item;

2175 1883 2371 1933 πουσα,
2400 1862 2489 1918 καὶ
2522 1861 2774 1935 αὔξουσα,
2804 1864 2894 1919 καὶ
2930 1869 3318 1937 μεταποιοῦσα.

2249 1955 2581 2026 Διαιρετική.
2641 1958 2851 2029 Διαιρεῖ
2903 1955 3005 2029 γὰρ
3064 1952 3170 2008 ἀπό
3223 1957 3320 2008 τοῦ
3378 1957 3511 2008 Θεοῦ
3553 1955 3591 2022 ἡ
3625 1949 3813 2028 ἄγνοια,

2179 2040 2253 2104 ὠς
2289 2039 2500 2115 μᾶλλον
2527 2041 2589 2097 τὸ
2623 2045 2735 2118 φῶς
2775 2042 3006 2117 συνάγει,
3056 2041 3146 2096 καὶ
3177 2040 3358 2111 ἀολλῆ
3390 2045 3564 2110 ποιεῖ,
3602 2039 3677 2102 ὠς
3724 2039 3810 2116 ἔφη

2179 2128 2309 2187 ἅνω.

2253 2218 2629 2292 Δοξασμάτωνο
2683 2221 2804 2277 Τῶν
2856 2216 3123 2290 εῒδώλων,
3173 2218 3263 2274 καὶ
3317 2225 3418 2289 τῆς
3445 2218 3632 2273 αὐτῶν
3662 2217 3818 2274 πολυ-

2183 2305 2351 2372 θείας.

2255 2397 2890 2459 Φαντασίας.Φαντασίας
2924 2397 3056 2474 φησὶ
3084 2397 3178 2460 τὰς
3198 2395 3819 2470 πλασματώδειςᾶννοίας

2183 2486 2308 2561 περὶ
2335 2485 2582 2556 αἰσθητὰ,
2613 2485 2648 2554 ἢ
2681 2485 2757 2547 ὠς
2787 2484 3035 2556 αἰσθητά.

2257 2669 2429 2736 §VII.
2466 2663 2565 2719 Καὶ
2624 2663 2701 2726 ὠς
2755 2661 2949 2721 καλόν.
3011 2663 3189 2728 Καλὸς
3239 2663 3334 2736 μὶν
3380 2660 3599 2737 εἴρηται
3654 2661 3820 2723 ὁΘεὸς

2186 2755 2275 2809 καὶ
2330 2753 2382 2808 ἐν
2438 2757 2518 2825 τῷ
2572 2755 2810 2827 ’ᾍσματι
2880 2757 2989 2807 τῶν
3045 2751 3326 2825 ᾀσμάτων,
3369 2755 3550 2827 ὥσπερ
3614 2749 3703 2808 οῦν
3747 2749 3823 2804 καὶ

2186 2840 2398 2904 κάλλος
2450 2841 2684 2918 λέγεταιο
2733 2842 2822 2896 καὶ
2863 2843 2891 2897 6
2942 2839 3125 2896 Δαυίδ·
3177 2841 3392 2916 ⁸Ωραῖος
3445 2838 3643 2896 κάλλει
3698 2838 3824 2915 παρᾶ

2187 2929 2314 2991 τοὺς
2371 2929 2519 2992 υἱοὺς
2578 2934 2686 2985 τῶν
2735 2930 3057 3006 ἀνθρώπων·
3118 2927 3341 3004 Λέγεται
3397 2928 3456 2984 δὲ
3517 2927 3687 2984 καλὸν
3741 2928 3818 2982 xxi

2187 3020 2250 3074 τὸ
2305 3017 2547 3080 κάλλους
2600 3021 2850 3094 μετέχον.
2892 3020 2991 3076 Καὶ
3027 3019 3353 3091 σημείωσαι,
3402 3021 3522 3080 πῶς
3548 3015 3824 3092 διαιρεῖται

2188 3108 2250 3163 τό
2281 3105 2449 3162 καλὸν
2498 3106 2585 3162 καί
2609 3107 2672 3162 τὸ
2702 3105 2907 3170 κάλλος
2939 3106 3027 3162 ἐπὶ
3056 3111 3163 3162 τῶν
3205 3102 3401 3174 ὅντων,
3435 3105 3510 3168 εἷς
3545 3103 3827 3181 μετεχοντα

2188 3197 2275 3251 ναὶ
2337 3195 2413 3259 εἰς
2459 3195 2816 3270 μετεχὸμενα,
2874 3195 2961 3251 ἰπὶ
3019 3193 3078 3251 δὲ
3131 3201 3227 3251 τοῦ
3283 3200 3438 3267 Θεοῦ,
3472 3195 3579 3271 οὐχ
3613 3194 3817 3250 οὔτω⁸³·

2183 3283 2392 3346 κᾶλλος
2426 3286 2519 3356 μὶν
2550 3285 2649 3358 γὰρ
2683 3283 2894 3360 λέγεται
2928 3281 3017 3338 διὰ
3047 3285 3143 3353 τὴν
3166 3284 3217 3355 ἐξ
3248 3283 3416 3353 αὐροῦ
3449 3280 3824 3355 διαδεδομίνην

2184 3380 2316 3430 πᾶσι
2345 3372 2649 3442 καλλονήν,
2681 3373 2769 3428 καὶ
2803 3374 2886 3428 ὅτι
2916 3370 3089 3428 πᾶντα
3117 3373 3255 3448 πρὸς
3285 3373 3477 3428 ἑαυτοῦ
3519 3371 3698 3428 καλεῖ·
3736 3391 3822 3426 κα-

2186 3462 2283 3519 λὸν
2317 3459 2397 3531 δὲ,
2451 3462 2526 3524 ὠς
2569 3461 2649 3517 ἀεὶ
2689 3462 2746 3516 ὃν
2779 3461 2868 3516 καὶ
2903 3460 3175 3535 μηδέποτε
3209 3461 3530 3535 μειούμενον
3561 3459 3600 3529 ἢ
3653 3457 3818 3530 αῦξον.

2263 3731 2398 3793 Μεθ’
2449 3730 2638 3784 ἑαυτοῦ
2699 3724 2994 3801 μονοειδές.
3055 3724 3352 3789 Μονοειδὲς
3397 3723 3564 3782 καλόν
3626 3725 3760 3782 ἑστιν
3804 3723 3826 3776 6

2194 3819 2346 3892 Θεὸς,
2407 3817 2522 3873 ἐπεὶ
2583 3818 2722 3890 μήτε
2761 3812 3110 3870 σκεδάννυται
3167 3816 3243 3879 εἰς
3288 3814 3424 3886 ’ὲξεις
3465 3814 3554 3869 καὶ
3589 3810 3826 3892 διαφορὰ,

2193 3906 2591 3974 καλλοποιοὺς,
2628 3906 2767 3978 μήτε
2811 3905 2947 3980 πρὸς
2997 3903 3168 3967 ἐνίους
3202 3904 3297 3977 μὶν
3340 3904 3404 3959 τὸ
3433 3903 3606 3959 καλὸν
3654 3905 3829 3970 κεκτη-

2194 4019 2302 4064 ται,
2336 3996 2472 4072 πρὸς
2502 3994 2677 4056 ἑνίους
2704 3992 2762 4048 δὶ
2790 3991 2872 4048 οὕο
2908 3992 3032 4049 ἀλλ’
3073 3991 3351 4068 ἀτρέπτως
3380 3992 3511 4048 αὐτὸ
3555 3993 3622 4048 τὸ
3674 3988 3827 4046 καλὸν

447 4084 548 4138 sed
584 4082 1033 4140 immutabiliter
1067 4087 1261 4156 ipsum
1297 4086 1604 4158 pulchrum
1645 4088 1770 4143 sine
1803 4088 2072 4160 principii

2199 4087 2455 4160 ἀνᾶρχως
2477 4085 2563 4138 καὶ
2598 4080 2910 4155 ἆπολύτως,
2955 4081 3387 4153 ἀνεπιτηδεύτως
3435 4082 3528 4136 καὶ
3588 4079 3831 4138 ὥσαῦτως

449 4173 508 4226 et
539 4170 944 4242 dissolutione,
971 4174 1098 4229 sine
1124 4174 1244 4229 ulla
1270 4175 1572 4230 affectione
1602 4193 1668 4230 ac
1697 4176 1897 4231 eodem
1920 4176 2072 4232 modi

2201 4175 2283 4228 ἅεί
2335 4174 2465 4228 ἐστι·
2513 4171 2603 4226 καὶ
2653 4169 2743 4225 διὰ
2780 4174 2943 4225 τοῦτο
2984 4169 3241 4246 προέχειν
3293 4168 3347 4224 ὲν
3400 4170 3576 4241 ἑαυτῷ
3636 4165 3832 4241 λέγεται

453 4274 684 4330 semper
713 4262 822 4326 est,
847 4263 906 4312 et
941 4265 1246 4331 propterea
1275 4262 1489 4316 dicitur
1517 4267 1650 4319 ante
1699 4263 1912 4319 habere
1942 4265 1998 4319 in
2031 4282 2072 4320 St

2200 4263 2297 4329 τὴν
2343 4257 2660 4328 καλλονὴν,
2729 4256 2804 4321 ὡς
2858 4256 2948 4312 καὶ
3005 4257 3111 4332 πρὸ
3167 4261 3272 4311 τῶν
3335 4253 3831 4331 δημιουργημᾶτων

451 4347 974 4418 pulchritudinem,
1004 4348 1182 4404 veluti
1223 4349 1394 4405 etiam
1431 4355 1563 4406 ante
1611 4356 1909 4408 creaturas
1939 4354 2072 4409 exsi-

2203 4351 2379 4425 πηγὴ,
2431 4349 2520 4402 καὶ
2577 4348 2747 4422 ἀρχή,
2779 4347 2869 4401 καὶ
2925 4344 3094 4400 α’ίτιον
3155 4343 3228 4400 ὢν
3258 4349 3356 4400 τοῦ
3383 4343 3576 4400 καλοῦ’
3610 4344 3728 4408 ὅθεν
3755 4337 3835 4396 καὶ

452 4440 615 4492 stens
647 4436 778 4492 fons
809 4440 866 4490 et
915 4436 1267 4510 principium
1321 4443 1379 4493 et
1429 4455 1607 4494 causa
1655 4439 1885 4512 pulchri
1919 4458 1931 4497 :
1965 4442 2096 4497 ideo

2211 4441 2556 4513 ὑπεροχικῶς
2601 4434 2717 4511 ἔχει
2773 4436 2836 4490 τὸ
2889 4433 3055 4490 καλόν
3088 4454 3102 4468 ·
3159 4433 3255 4489 κᾶν
3307 4434 3410 4510 γὰρ
3458 4430 3650 4488 πολλὰ
3689 4429 3838 4497 καλὰ,

455 4541 688 4598 quoque
720 4525 928 4581 eximie
958 4527 1135 4582 habet
1174 4529 1499 4600 pulchrum;
1544 4530 1648 4585 etsi
1701 4530 1858 4585 enim
1910 4529 2072 4586 multi

2203 4526 2330 4584 ἀλλ’
2363 4526 2411 4600 ἐξ
2443 4525 2610 4580 αὐτοῦ
2642 4525 2747 4579 εἷ’σι
2793 4521 2958 4590 καλὰ,
3033 4522 3123 4577 καὶ
3181 4519 3311 4577 οὐδὲ
3351 4522 3470 4576 κατ’
3496 4521 3662 4576 αὐτὸν
3691 4513 3838 4575 καλέ·

453 4620 594 4671 sunt
623 4613 886 4687 pulchra,
916 4621 976 4671 at
1003 4633 1072 4671 ex
1100 4616 1228 4688 ipso
1259 4623 1397 4672 sunt
1427 4616 1693 4690 pulchra,
1726 4636 1915 4692 neque
1945 4619 2069 4676 sicu

2204 4617 2364 4673 πόθεν
2423 4614 2453 4670 6'
2508 4635 2571 4690 γε
2627 4611 2884 4675 ἀναιτίως
2930 4609 3120 4683 καλὸν,
3177 4610 3312 4667 αὖτᾶ
3359 4608 3419 4666 δὶ
3462 4609 3720 4672 αἷτιατῶς
3763 4604 3842 4661 xai

452 4705 580 4777 ipse
608 4705 880 4776 pulchra:
914 4704 1054 4776 quia
1102 4705 1227 4778 ipse
1275 4706 1589 4777 pulchrum
1621 4712 1711 4764 est
1740 4708 1867 4765 sine
1896 4725 2096 4776 causa,

452 4795 569 4850 ista
599 4810 731 4849 vero
765 4793 1008 4866 pulchra
1041 4801 1177 4850 sunt
1207 4811 1310 4866 per
1339 4812 1578 4852 causam
1609 4800 1666 4852 et
1696 4797 2100 4868 participatio-

2207 4705 2343 4762 κατὰ
2375 4707 2640 4778 μετοχήν·
2673 4698 2924 4763 ἐνοειδῶς
2967 4698 3071 4776 γᾶρ
3103 4699 3213 4755 ἐστι
3243 4700 3411 4755 καλὸν
3445 4701 3473 4754 6
3529 4700 3684 4770 Θεὸς,
3739 4693 3841 4751 imi

2209 4795 2262 4866 ἔξ
2323 4794 2488 4849 αὐτοῦ
2537 4792 2604 4847 τὰ
2653 4792 2769 4864 μετ’
2815 4789 2972 4846 αὐτὸν
3021 4787 3191 4860 καλὰ,
3233 4789 3324 4845 καὶ
3369 4789 3443 4851 ὠς
3492 4787 3545 4843 ἐν
3601 4785 3842 4853 ποιότητι

454 4899 619 4953 nem;
654 4900 788 4938 nam
821 4883 977 4938 Deus
1010 4900 1125 4940 uno
1157 4885 1329 4940 modo
1361 4885 1673 4956 pulchrum
1701 4889 1791 4939 est
1819 4885 2072 4956 quonian

2210 4882 2516 4957 κεκτημένα
2543 4881 2605 4936 τὸ
2633 4878 2824 4936 καλόν.

454 4989 523 5028 ex
552 4972 680 5044 ipso
711 4989 838 5044 quas
872 4979 1004 5045 post
1048 4973 1241 5045 ipsum
1273 4973 1541 5047 pulchra,
1565 4991 1632 5030 ac
1664 4973 1975 5045 pulchrum
2005 4991 2103 5030 ve-

454 5060 562 5116 luti
594 5062 655 5116 in
687 5061 972 5134 qualitate
1007 5063 1247 5119 habent.

521 5153 609 5206 Ex
637 5151 736 5206 hoc
774 5154 893 5223 ipso
939 5153 1193 5223 pulchro.
1226 5153 1376 5210 Illud
1409 5171 1423 5210 :
1455 5157 1588 5212 Ecce
1633 5155 1825 5212 omnia
1868 5155 2105 5229 pulchra

531 5331 606 5403 (πὶ
640 5331 795 5389 Psal.
827 5349 977 5405 χειν,
1009 5335 1062 5389 3.

2293 5153 2387 5209 Ἐκ
2451 5151 2548 5204 τοῦ
2620 5147 2792 5203 καλοῦ
2857 5146 3073 5204 τούτου.
3143 5147 3238 5219 T6,
3301 5141 3440 5204 Ἰδοὺ
3502 5145 3674 5201 πᾶνια
3719 5141 3850 5199 καλὰ

1456 5477 1701 5533 VARI/ﬁ
1746 5475 2139 5533 LECTIONES
2179 5474 2268 5530 ET
2307 5468 2867 5528 CORREGTIONES.

534 5629 575 5662 ‘7
607 5626 852 5703 φύσικός.
929 5629 970 5665 ⁸⁸
1002 5627 1087 5684 ἐπὶ
1123 5627 1180 5683 δὶ
1209 5630 1341 5684 Θεοῦ
1369 5627 1623 5704 διαίρεσιν
1653 5629 1753 5684 οὐκ
1778 5624 2085 5701 ἐπιδέχεται
2115 5623 2344 5686 κᾶλλος.
