4000 6200
247 353 354 408 253

1009 355 1068 408 Β.
1110 355 1379 408 ΜΑΧΙΜΙ
1417 351 1722 407 SCEOLIA
1759 351 1833 404 IN
1873 350 1930 404 Ll

2045 353 2141 405 DE
2179 353 2453 407 DIVINIS
2490 352 2904 408 NOMINIBUS.

3558 356 3664 412 254

249 473 399 542 λίαν,
431 473 523 528 καὶ
574 473 637 528 τὸ
692 474 833 528 κατὰ
888 473 980 527 τὸν
1041 473 1333 549 Ζαχαρίαν,
1375 477 1478 528 πᾶν
1537 470 1589 527 εἷ’
1636 493 1688 526 τι
1740 467 1908 526 καλὸν

2043 473 2202 542 ιαιιίθ,
2221 477 2276 529 et
2299 473 2442 530 illud
2467 473 2779 542 Zachariae,
2804 491 2896 530 om
2909 475 3064 544 ne,si
3089 475 3327 549 aliquod
3352 478 3666 550 pulchrum

251 563 418 619 αὐτοῦ
449 562 656 625 ἐκεῖθεν
690 559 752 616 ἐκ
778 566 875 616 τοῦ
907 562 1151 616 ἀναιτίου
1181 563 1353 618 καλοῦ
1383 563 1571 638 γέγονε
1603 581 1615 593 '
1671 557 1761 614 διὰ
1813 560 1911 636 γὰρ

251 653 314 707 τὸ
372 649 545 706 καλὸν
608 652 662 704 αἱ
716 654 821 704 τῶν
875 652 1160 726 στοιχείων
1191 651 1477 726 γεγόνασιν
1509 648 1911 724 ἀλληλουχίαι,

254 741 315 802 ἃς
377 739 698 815 ἰφαρμογάς
758 760 889 816 φησι
926 759 938 771 ’
1000 740 1086 794 καὶ
1148 739 1202 793 αἱ
1253 744 1360 794 τῶν
1436 737 1605 794 ὄντων
1667 736 1913 793 εὔτακτοι

254 827 527 890 συνδέσεις
569 825 873 903 διαρκοῦσι,
908 825 1197 903 λεγόμεναι
1257 827 1437 904 φιλίαι
1493 829 1583 882 καί
1638 826 1919 882 κοινωνίαι

259 921 482 974 πάντων
517 915 781 992 ἐναρέτων
818 914 1079 991 λογικῶν,
1112 918 1165 972 αἱ
1199 917 1333 992 πρὸς
1367 918 1496 972 Θεόν
1533 937 1637 971 που
1695 914 1916 984 διανοήο

252 1029 384 1076 σεις,
418 1008 495 1070 ὡς
525 1009 560 1071 ἡ
601 1009 710 1060 τῶν
743 1004 1107 1078 πρωτοτόκων
1140 1005 1440 1076 Ἐκκλησία
1487 1005 1538 1060 έν
1589 1005 1798 1081 οὐρανῷ
1826 1005 1914 1058 καὶ

251 1095 335 1151 ἐπὶ
361 1102 469 1170 γῆς
506 1114 520 1128 ·
557 1093 649 1149 ἐπὶ
686 1091 744 1148 δὲ
773 1098 882 1148 τῶν
915 1092 1131 1170 ἀλόγων
1162 1096 1216 1149 αἱ
1245 1093 1498 1168 ἀγελαῖαι
1530 1091 1914 1168 συνδιαγωγαί”

252 1186 340 1241 ἐπὶ
411 1184 470 1240 δὲ
531 1189 638 1239 τῶν
701 1183 927 1258 ἀψύχων
991 1185 1046 1237 αἱ
1103 1186 1240 1260 πρὸς
1298 1181 1523 1254 ἄλληλα
1571 1183 1920 1239 ἑκτικαὶ⁴⁹’150

254 1275 624 1348 συμπάθειαι.
656 1274 839 1330 Πάντα
870 1270 959 1328 οὖν
992 1276 1035 1311 ⁸¹
1067 1272 1272 1342 ἥνωται
1303 1277 1382 1346 τῷ
1411 1278 1566 1346 καλῷ
1609 1277 1678 1347 τῇ
1714 1270 1916 1345 μεθέξει

252 1363 392 1440 πρὸς
424 1364 519 1418 τὸν
554 1365 606 1398 ⁵²
637 1362 811 1416 αἴτιον
842 1360 1276 1436 ἐπεστραμμένα.

326 1541 434 1599 Καὶ
494 1539 666 1617 πέρας
710 1541 950 1596 πάντων.
989 1540 1158 1615 Πέρας
1208 1542 1424 1595 πάντων
1456 1541 1672 1615 λέγεται
1706 1540 1734 1595 6
1770 1540 1918 1608 Θεὸς»

261 1632 349 1686 καὶ
411 1631 489 1693 ὡς
550 1629 795 1703 συνέχων
854 1627 1047 1701 πάντα,
1078 1629 1169 1684 καὶ
1222 1631 1296 1691 ὡς
1350 1631 1564 1684 πάντων
1625 1627 1702 1692 εἷς
1751 1626 1918 1706 ἀσφά-

263 1718 409 1775 λειαν
466 1715 993 1792 περιδεδραγμένος,
1025 1717 1114 1772 καὶ
1176 1717 1252 1782 ὡς
1300 1717 1468 1773 αὐτοῦ
1511 1739 1572 1793 γε
1598 1714 1756 1772 ἓνεκα
1783 1719 1920 1772 πάν-

2025 563 2234 636 ipsius,
2259 563 2421 619 illinc
2443 581 2509 619 ex
2533 563 2776 636 pulchro
2809 565 2962 636 quod
2996 581 3176 621 causa
3202 572 3380 637 caret;
3415 570 3666 640 prodiit;

2026 658 2264 725 propter
2282 653 2596 724 pulchrum
2629 653 2808 723 enim,
2831 653 3255 711 elementorum
3281 657 3669 715 connexiones

2025 757 2172 814 quas
2221 740 2536 817 ἐφαρμογάς
2584 743 2987 814 coaptationes
3030 749 3214 811 vocat,
3252 745 3416 814 ﬁunt,
3445 763 3668 803 rerum-

2025 847 2137 902 que
2160 831 2306 887 bene
2333 833 2612 887 ordinatae
2637 831 3035 903 colligationes
3068 833 3410 904 perdurant,
3435 851 3560 906 quae
3583 837 3672 890 di-

2025 925 2240 976 cuntur
2269 921 2537 976 amicitia:
2567 925 2624 976 et
2651 921 3096 976 communiones
3120 922 3526 980 universorum
3554 924 3669 980 vir-

2026 1013 2148 1064 tute
2180 1010 2554 1080 praeditorum
2586 1009 2984 1078 rationalium,
3019 1011 3202 1065 animi
3233 1012 3302 1068 ad
3339 1013 3520 1068 Deum
3549 1029 3672 1070 ere-

2025 1097 2268 1164 ctiones,
2297 1099 2450 1154 sicut
2481 1098 2739 1155 Ecclesia
2769 1099 3296 1171 primogenitorum
3333 1101 3390 1156 in
3444 1101 3587 1158 ccelo
3619 1107 3676 1158 et

2027 1184 2085 1240 in
2117 1189 2308 1256 terra;
2341 1189 2400 1242 in
2449 1187 2642 1243 brutis
2694 1191 2888 1244 autem
2919 1187 3184 1260 gregales
3232 1191 3579 1259 societates;
3613 1190 3672 1245 in

2026 1273 2305 1331 inanimis
2343 1293 2498 1344 vero,
2531 1281 2736 1332 mutua
2767 1276 3085 1333 habitualis
3117 1278 3385 1349 quaedam
3436 1282 3672 1336 natura—

2029 1380 2159 1418 rum
2192 1365 2448 1421 afﬁnitas
2474 1383 2486 1420 :
2521 1367 2722 1421 omnia
2743 1365 2920 1437 igitur
2941 1383 3074 1422 cum
3094 1366 3339 1438 pulchro
3361 1368 3671 1436 uniuntur,

2028 1469 2132 1525 per
2160 1453 2666 1525 participationem
2701 1456 2771 1510 ad
2806 1459 3106 1512 auctorem
3137 1472 3434 1512 conversa.

2101 1543 2160 1597 Et
2191 1543 2320 1612 ﬁnis
2345 1545 2612 1600 omnium.
2649 1544 2803 1600 Deus
2826 1543 3044 1599 dicitur
3073 1544 3210 1601 ﬁnis
3233 1545 3670 1615 universorum,

2031 1636 2088 1688 et
2108 1634 2392 1703 tanquam
2438 1633 2638 1688 omnia
2668 1633 2996 1697 continens,
3026 1637 3204 1704 atque
3252 1632 3428 1690 veluti
3460 1639 3674 1691 cuncta

2033 1719 2093 1774 in
2116 1720 2432 1776 securitate
2447 1721 2866 1793 complectens,
2888 1737 2954 1776 ac
2976 1722 3145 1793 quasi
3176 1723 3305 1792 ejus
3337 1739 3516 1778 causa
3537 1739 3672 1794 pro-

265 1831 368 1863 των
422 1807 498 1869 εἷς
541 1808 604 1862 τὸ
635 1807 768 1862 εἶναι
824 1806 1237 1882 παραχθέντων,
1269 1807 1360 1862 καὶ
1417 1806 1599 1880 ἑτέρου
1643 1808 1790 1868 τινὸς
1848 1806 1922 1868 εἴς

2043 1809 2210 1864 ducta
2239 1809 2358 1864 sint
2395 1811 2688 1877 universa,
2726 1826 2914 1881 neque
2961 1810 3075 1866 alio
3114 1810 3312 1883 aliquo
3365 1813 3436 1867 ad
3485 1812 3672 1883 perle-

262 1900 326 1952 τὸ
348 1895 660 1960 τετελέσθαι
692 1898 736 1932 ⁵³
767 1896 832 1950 οὗ
865 1893 1135 1967 δεομένων
1171 1916 1184 1930 ·
1220 1894 1336 1950 ὅθεν
1374 1897 1448 1958 ὡς
1482 1897 1630 1972 ἀρχή
1680 1895 1916 1963 πάντων,

268 1987 360 2042 ἅτε
382 1985 577 2054 αἴτιος,
611 1983 1018 2060 Λέγεται,οῧτω
1071 1984 1160 2039 καὶ
1222 1985 1406 2058 μέσον,
1439 1986 1512 2047 ὡς
1569 1985 1668 2053 τὴν
1725 1985 1800 2046 εἷς
1857 1985 1920 2040 τὸ

261 2077 584 2131 συνεστάναι
617 2073 913 2150 παράστασιν
946 2070 1148 2146 διδοὺς,
1176 2073 1266 2128 καὶ
1325 2071 1575 2143 τελευτὴ,
1604 2073 1680 2136 ὡς
1738 2073 1789 2128 ἐν
1842 2077 1921 2144 τῷ

264 2164 544 2237 θελήματι
605 2162 771 2217 αὐτοῦ
819 2163 1234 2238 περατουμένων
1276 2167 1382 2216 τῶν
1415 2158 1606 2234 ὄντων,
1635 2163 1714 2240 ἐφ’
1745 2163 1803 2218 ὃν
1831 2165 1917 2217 καὶ

270 2253 664 2326 ἐπέστραπται,
695 2252 831 2316 καθὸ
887 2251 977 2306 καὶ
1035 2249 1252 2306 τελικὸν
1315 2251 1473 2306 αὐτόν
1506 2273 1689 2329 φησιν,
1723 2254 1795 2313 ὡς
1827 2248 1920 2326 ἆρ-

265 2345 373 2417 χὴν
404 2338 541 2396 ὄντα
569 2340 662 2395 καὶ
691 2339 872 2408 τέλος,
904 2339 1039 2394 κατᾶ
1067 2338 1159 2394 τὸν
1217 2345 1358 2403 θεῖον
1391 2341 1647 2410 Ἰωάννην
1681 2339 1731 2394 ἐν
1766 2342 1925 2397 Ἀπο-

265 2429 525 2503 καλύψει,
558 2429 648 2484 καὶ
709 2425 1230 2504 παραδειγματικὸν,
1260 2428 1335 2490 ὡς
1393 2427 1602 2484 πάντων
1649 2433 1755 2482 τῶν
1806 2427 1923 2483 ἐσο-

274 2519 448 2590 μένων
498 2516 631 2579 τοὺς
681 2515 1056 2592 προορισμοὺς
1111 2515 1161 2571 ἐν
1204 2518 1376 2588 ἑαυτῷ
1407 2515 1804 2594 πριιειληφότα,
1836 2518 1923 2571 καὶ

268 2606 394 2681 πρὶν
445 2607 482 2675 ἢ
533 2611 886 2682 προαγαγεῖν,
919 2605 992 2667 ὥς
1050 2627 1212 2683 φησιν
1246 2607 1274 2660 6
1306 2604 1666 2673 Ἀπόστολος,
1702 2604 1793 2669 οὓς
1838 2604 1926 2659 καὶ

270 2696 576 2770 προώρισε,
610 2696 702 2749 καὶ
734 2695 799 2748 τὰ
830 2695 951 2767 ἑξῆς
985 2712 996 2723 ·
1030 2699 1197 2749 ταῦτα
1228 2695 1330 2769 γὰρ
1362 2695 1390 2748 ὁ
1437 2697 1588 2771 ἅγιος
1649 2694 1926 2757 Διονύσιος

272 2781 690 2858 παραδείγματα
719 2781 930 2852 ἐνόησε,
962 2783 1026 2838 τὸ
1073 2782 1411 2856 προωρίσθαι
1461 2782 1512 2836 ἰν
1565 2784 1738 2854 ἑαυτῷ
1792 2802 1930 2856 προ-

274 2877 595 2946 γνωπικῶς
635 2873 701 2926 τὰ
757 2870 1009 2943 ἐσόμενα,
1043 2870 1131 2926 καὶ
1190 2871 1314 2947 πρὶν
1374 2874 1655 2946 παραχθῇ,
1689 2871 1930 2927 τουτέστι

277 2963 398 3037 πρὶν
428 2960 708 3038 ἆφορισθῇ
740 2959 830 3014 καὶ
882 2957 1136 3036 διακριθῇ
1169 2957 1257 3014 διὰ
1311 2967 1410 3029 τῆς
1455 2960 1823 3036 περιεχούσης
1867 2962 1935 3016 τὸ.

279 3051 448 3104 πάντα
479 3047 686 3110 ένιαίας
719 3048 1080 3124 προγνώσεως
1116 3053 1212 3103 τοῦ
1262 3053 1413 3104 Θεοῦ.
1449 3054 1631 3104 Ταῦτα
1686 3050 1932 3124 εὑρήσεις

280 3139 364 3192 καὶ
389 3139 442 3192 ὲν
472 3142 554 3209 τῷ
584 3138 708 3207 ἑξῆς
754 3137 990 3209 πέμπτῳ
1040 3136 1345 3212 κεφαλαίῳ.
1381 3137 1694 3210 Σημείωσαι
1747 3136 1806 3193 δὶ
1848 3139 1931 3193 ὅτι

280 3226 472 3282 ταύτὸν
502 3224 640 3281 εἶναι
671 3245 805 3302 φησι
834 3229 912 3297 τῷ
941 3225 1124 3301 ἀγαθῷ
1152 3227 1214 3282 τὸ
1243 3226 1433 3284 καλόν.

355 3497 477 3548 ’Ὁτι
533 3493 625 3547 καὶ
681 3494 744 3548 τὸ
806 3494 882 3566 μὴ
938 3488 1018 3550 ὅν.
1051 3497 1177 3555 Πῶς
1234 3491 1453 3548 δύναται
1490 3495 1552 3549 τὸ
1587 3497 1662 3568 μή
1694 3496 1751 3550 ’ὸν
1790 3495 1940 3569 μετέ-

294 3603 411 3658 χειν
436 3587 534 3637 τοῦ
563 3583 804 3658 ἀγαθοῢς
837 3580 882 3636 εἰ
913 3584 1013 3659 γὰρ
1047 3583 1124 3655 μὴ
1155 3581 1373 3638 ὕπεστιν
1414 3583 1564 3654 αὐτὸ,
1590 3583 1712 3639 οὔτε
1759 3583 1938 3660 ἔφεσιν

295 3668 433 3746 ἔχει,
465 3668 588 3726 οὔτε
643 3671 886 3745 μετοχὴν
936 3670 1071 3746 πρός
1097 3693 1150 3726 τι
1198 3675 1306 3726 τῶν
1349 3669 1540 3728 ὄντων.
1576 3675 1799 3728 Λεκτέον
1846 3673 1936 3729 οὗν

290 3759 375 3815 ὅτι
407 3761 468 3815 τὸ
525 3763 601 3833 μὴ
653 3760 710 3814 ’ὸν
765 3757 1041 3835 διαφόρως
1069 3761 1114 3797 ⁸⁸
1141 3765 1251 3816 νοεῖ
1281 3763 1308 3816 ὁ
1341 3767 1484 3824 θεῖος
1541 3763 1698 3824 οὗτος
1752 3764 1887 3837 ἀνήρ
1922 3781 1936 3796 ο

496 3849 512 3868 \
632 3850 644 3865 \
765 3848 777 3868 ἲ
829 3849 841 3866 \
1031 3853 1053 3866 ν
1178 3849 1191 3870 θ
1471 3855 1494 3866 συ
1564 3850 1578 3871 ἳ
1752 3849 1775 3869 ἢ
1877 3852 1898 3870 ﬂ

289 3850 422 3904 ποτε
454 3869 553 3920 μεν
584 3869 686 3924 γαρ
716 3869 850 3903 αυτο
882 3849 942 3902 τὸ
973 3860 1112 3912 θειον
1143 3847 1287 3904 οότω
1334 3849 1511 3920 καλει,
1544 3872 1618 3912 ως
1664 3853 1831 3923 μηοὲν
1879 3871 1935 3906 ον

286 3945 392 3993 τῶν
429 3936 602 3993 ὄντων
640 3958 651 3969 ·
689 3938 833 3992 ὦοτὶ
864 3937 920 3993 δὲ
949 3939 1046 4006 τήν
1079 3937 1216 4009 ὕλην
1252 3959 1265 3970 ·
1297 3934 1376 3994 ἔτι
1409 3937 1465 3994 δὲ
1496 3939 1584 3996 ὅτε
1613 3941 1699 3996 καὶ
1728 3942 1790 3996 τὸ
1837 3963 1938 3997 κα-

287 4029 380 4082 κὸν
434 4027 582 4082 οὕτω
633 4031 793 4082 καλεῖ
839 4029 976 4082 κατὰ
1019 4025 1310 4105 διαφόρους
1359 4029 1587 4090 ἑννοίας.
1621 4031 1804 4086 Ἐστιν
1849 4029 1940 4085 οὗν

287 4117 456 4171 εἰπεῖν
491 4118 577 4170 ὅτι
612 4119 646 4184 ἡ
681 4113 786 4186 ὕλη
824 4117 1041 4190 μετέχει
1071 4121 1166 4171 τοῦ
1190 4117 1411 4190 ἀγαθοῦ,
1444 4119 1574 4182 καθὸ
1625 4114 1936 4190 μετεϐλήθη

289 4205 363 4269 εἷς
402 4203 574 4275 εἶδος,
601 4204 691 4259 καὶ
725 4203 1028 4278 ἀπηλλάγη
1061 4213 1161 4274 τῆς
1200 4206 1392 4279 πρώην
1425 4207 1696 4284 ἀμορφίας
1729 4227 1742 4240 ⁸
1775 4207 1808 4276 ἢ
1859 4210 1941 4262 ὅτι

286 4296 343 4347 τὸ
378 4295 550 4349 κακὸν
590 4295 812 4368 μετέχει
843 4298 938 4346 τοῦ
991 4295 1218 4367 ἀγαθοῦ,
1250 4296 1380 4349 καθὸ
1428 4296 1736 4370 προαιρέσει
1797 4296 1942 4370 καλῇ

287 4382 374 4436 καὶ
407 4383 541 4437 αὐτὸ
568 4383 634 4436 τὸ
665 4380 861 4437 δοκοῦν
896 4380 1039 4437 Θέλει
1087 4383 1250 4438 κακὸν
1301 4386 1436 4437 εἶναι
1491 4387 1553 4451 ³⁵,
1578 4385 1667 4439 καὶ
1721 4386 1802 4439 ὅτι
1863 4385 1943 4440 ἀεὶ

291 4469 550 4545 βούλεται
582 4475 722 4526 εἶναι
770 4471 832 4525 τὸ
862 4473 1022 4526 κακόν
1063 4490 1077 4508 ⁸
1105 4476 1210 4526 πᾶν
1243 4469 1300 4526 δέ
1328 4476 1424 4526 τοῦ
1456 4475 1592 4527 εἶναι
1642 4473 1942 4552 ἐφιέμενον,

2031 1898 2282 1954 ctionem
2315 1898 2704 1970 indiguerint;
2740 1899 2894 1954 unde
2925 1904 2989 1954 ut
3021 1899 3374 1972 principium
3407 1900 3674 1957 omnium

2030 1992 2184 2048 sicut
2213 1997 2415 2047 auctor
2443 1991 2677 2061 dicitur,
2703 1991 2787 2047 ita
2817 1992 2995 2048 etiam
3031 1993 3292 2048 medium
3326 1991 3541 2050 dicitur
3560 1994 3676 2049 vel-

2033 2082 2118 2137 uti
2151 2081 2626 2154 perdurationem
2661 2081 2719 2136 in
2752 2081 3126 2138 consistendo
3158 2083 3505 2148 concedens,
3529 2086 3587 2138 et
3613 2083 3674 2138 fl-

2033 2171 2145 2238 nis,
2179 2175 2460 2241 tanquam
2493 2171 2692 2226 omnia
2722 2173 2780 2226 in
2807 2171 2997 2242 ipsius
3023 2171 3323 2228 voluntate
3353 2172 3680 2228 terminen-

2031 2263 2150 2328 tur,
2181 2259 2242 2314 in
2291 2275 2464 2330 quem
2495 2259 2670 2315 etiam
2721 2264 3138 2316 convertuntur
3179 2261 3679 2332 quemadmodum

2031 2339 2230 2412 ipsum
2262 2342 2440 2396 etiam
2469 2337 2685 2394 τελικόν
2720 2339 2954 2396 finalem
2987 2346 3173 2407 vocat,
3211 2345 3275 2395 ut
3323 2341 3678 2412 principium

2034 2434 2091 2484 et
2121 2429 2320 2494 tinem,
2355 2430 2683 2484 secundum
2715 2428 2978 2484 divinum
3001 2429 3288 2484 Joannem
3317 2429 3376 2482 in
3399 2429 3680 2500 Apocaly-

2037 2518 2128 2590 psi
2167 2517 2270 2588 (y),
2303 2521 2360 2571 et
2387 2517 2802 2588 exemplarem,
2829 2517 2987 2572 velut
3029 2516 3295 2573 omnium
3347 2517 3684 2573 futurorum

2039 2606 2266 2678 pradefi
2277 2606 2458 2661 nition
2469 2623 2530 2661 es
2553 2607 2608 2660 in
2626 2605 2820 2676 seipso
2833 2605 3290 2677 praecipientem,
3305 2606 3481 2660 etiam
3499 2606 3688 2677 prius-

2040 2711 2215 2766 quam
2239 2696 2610 2766 produceret,
2644 2695 2797 2750 sicut
2825 2695 2908 2750 ait
2937 2696 3268 2766 Apostolus,
3300 2711 3438 2766 quos
3456 2703 3508 2750 et
3543 2711 3685 2767 prae-

2042 2784 2340 2840 destinavit
2384 2784 2480 2854 (ε),
2511 2787 2569 2838 et
2598 2800 2724 2855 quae
2764 2783 3072 2852 deinceps:
3098 2783 3218 2838 haec
3248 2783 3405 2838 enim
3439 2787 3681 2838 sanctus

2041 2872 2352 2944 Dionysius
2400 2874 2666 2943 exempla
2704 2872 3001 2944 cogitavit,
3048 2871 3469 2943 praedeﬁniisse
3510 2872 3568 2927 in
3622 2887 3686 2927 se

2041 2962 2170 3034 ipso
2188 2961 2852 3034 prmcognitionefutura
2873 2961 3050 3017 etiam
3069 2966 3385 3033 antequam
3407 2962 3692 3032 producta

2043 3052 2364 3118 fuerunt,id
2383 3057 2471 3106 est
2488 3052 2828 3122 priusquam
2849 3054 2888 3106 1
2903 3053 3002 3108 33
3016 3052 3401 3106 deﬁnirentur
3416 3055 3474 3106 et
3489 3051 3692 3106 distin-

2045 3145 2366 3214 guerentur
2407 3156 2508 3212 per
2540 3139 2773 3196 unicam
2832 3142 3032 3196 omnia
3073 3140 3558 3212 complectentem
3590 3139 3693 3195 Dei

2046 3231 2486 3302 praenotionem.
2517 3233 2649 3284 Haec
2679 3229 2855 3284 etiam
2891 3229 3143 3301 reperies
3184 3230 3242 3283 in
3297 3229 3564 3301 sequenti
3596 3245 3693 3284 ca-

2045 3319 2164 3392 pite
2185 3320 2413 3391 quinto.
2438 3319 2586 3374 Nota
2614 3321 2833 3387 autem,
2857 3335 2992 3375 eum
3017 3318 3206 3375 dicere
3226 3318 3541 3390 pulchrum
3563 3332 3692 3374 esse

2046 3408 2202 3463 idem
2234 3424 2365 3464 cum
2399 3409 2571 3465 bono.

2121 3498 2274 3566 Quod
2303 3500 2499 3563 etiam,
2531 3496 2588 3552 id
2629 3497 2772 3569 quod
2801 3512 2910 3552 non
2943 3501 3044 3553 est.
3075 3496 3376 3562 Quomodo
3407 3499 3601 3568 potest
3630 3495 3690 3551 id

2047 3588 2203 3659 quod
2262 3604 2373 3644 non
2427 3590 2516 3641 est
2559 3585 2779 3641 bonum
2833 3585 3187 3658 participare
3215 3583 3243 3638 ?
3273 3585 3324 3640 si
3369 3584 3525 3639 enim
3569 3600 3687 3639 non

2046 3675 2342 3745 subsistit,
2359 3690 2545 3746 neque
2568 3674 2890 3746 appetitum
2907 3674 3101 3739 habet,
3128 3689 3315 3744 neque
3336 3689 3466 3727 cum
3493 3671 3690 3742 aliquo

2047 3763 2518 3820 communionem
2548 3780 2560 3830 ;
2581 3762 2895 3818 dicendum
2918 3762 3115 3833 itaque
3138 3762 3400 3816 divinum
3426 3760 3584 3815 hunc
3607 3759 3690 3814 vi-

2047 3870 2177 3908 rum
2229 3854 2386 3908 varie
2428 3851 2760 3923 intelligere
2799 3852 2856 3906 id
2885 3851 3027 3923 quod
3052 3867 3165 3906 non
3213 3854 3331 3919 est;
3367 3849 3687 3922 aliquando

2045 3943 2199 3998 enim
2233 3940 2600 3996 divinitatem
2632 3939 2821 4012 ipsam
2855 3940 2936 3996 ita
2967 3944 3151 4008 vocat,
3171 3943 3237 3994 ut
3267 3955 3398 4011 quae
3428 3935 3592 3994 nulla
3612 3937 3692 3994 sit

2047 4048 2242 4087 rerum
2287 4050 2300 4098 ;
2336 4029 2690 4101 quandoque
2738 4046 2872 4085 vero
2917 4029 3221 4085 materiam
3267 4029 3465 4096 ;solct
3509 4027 3688 4084 etiam

2047 4119 2269 4176 malum
2303 4120 2387 4175 sic
2415 4134 2618 4174 vocare
2648 4119 2970 4174 secundum
3000 4118 3260 4175 diversas
3293 4118 3580 4174 notiones.
3606 4116 3699 4170 Li—

2049 4214 2138 4265 cet
2183 4209 2366 4281 igitur
2412 4208 2604 4262 dicere
2653 4209 2958 4263 materiam
3005 4208 3140 4262 boni
3174 4208 3514 4278 participem
3565 4221 3696 4261 esse

2052 4301 2345 4371 quatenus
2389 4301 2655 4351 mutatur
2701 4296 2761 4351 in
2817 4298 3087 4362 formam,
3121 4301 3177 4351 et
3207 4313 3239 4350 a
3271 4295 3451 4365 priori
3494 4294 3697 4348 formai

2054 4386 2378 4460 privatione
2410 4384 2733 4450 liberatur;
2768 4389 2868 4439 aut
2901 4385 3119 4439 malum
3163 4400 3294 4440 cum
3339 4385 3490 4438 bono
3536 4398 3699 4436 com-

2056 4476 2376 4540 municare,
2409 4479 2586 4546 prout
2614 4472 2911 4528 voluntate
2934 4473 3085 4528 bona
3107 4471 3250 4526 illud
3281 4472 3434 4542 quod
3465 4471 3700 4525 videtur

283 4565 376 4614 τοῦ
403 4562 612 4639 ἀγαθοῦ
664 4560 896 4638 ἐφίεται.
921 4561 1066 4615 Ἀνω
1118 4558 1175 4614 δὲ
1222 4580 1327 4635 προ
1359 4563 1402 4598 ⁸⁸
1433 4558 1528 4616 δύο
1579 4560 1827 4640 φύλλων,
1853 4565 1930 4618 τὸι

2055 4564 2180 4620 vult
2207 4581 2337 4620 esse
2363 4563 2611 4631 malum,
2635 4567 2691 4616 et
2711 4562 2851 4633 quia
2873 4561 3093 4616 malum
3126 4560 3249 4616 vult
3279 4575 3511 4630 semper
3533 4573 3694 4628 esse;

285 4649 409 4704 Θεόν
443 4671 582 4727 φησι
614 4649 704 4704 καὶ
740 4649 871 4721 ὑπὲρ
901 4648 966 4703 τὰ
993 4643 1123 4703 ὄντα
1168 4651 1302 4703 εἶναι
1341 4669 1351 4680 °
1405 4649 1600 4704 οὐκοῦν
1651 4649 1835 4714 καλῶς
1885 4652 1944 4706 ἂν

285 4735 428 4793 εἴποι
457 4759 544 4799 τις
574 4738 666 4792 τὸν
701 4739 830 4793 Θεὸν
869 4737 1000 4811 ὑπὲρ
1029 4737 1094 4792 τὰ
1126 4739 1254 4792 ὄντα
1309 4740 1470 4806 εἶναι,
1502 4738 1591 4793 καὶ
1639 4740 1701 4794 τὸ
1753 4741 1828 4812 μή
1887 4741 1945 4796 ’ὀν

289 4826 545 4902 μετέχειν
579 4831 680 4882 τοῦ
715 4823 938 4902 ἀγαθοῖς,
962 4827 1046 4887 ιὼς
1079 4826 1170 4880 καὶ
1205 4826 1336 4898 ὑπερ
1368 4829 1436 4881 τὰ
1481 4823 1608 4883 ὄντα
1653 4824 1830 4899 ὄντος,
1861 4829 1949 4884 καὶ

288 4913 460 4986 μηδὶν
523 4911 677 4977 ὄντος
735 4920 844 4970 τῶν
902 4909 1092 4971 ὄντων.
1131 4915 1452 4986 Σημείωσαι
1484 4917 1796 4990 ἀναγκαῖον,
1830 4923 1948 4981 πῶς

284 5024 443 5079 φησι,
476 5005 542 5058 τὸ
579 5007 655 5077 μὴ
689 5003 747 5058 ὃν
782 5003 1085 5077 εὑρίσκεται
1117 5002 1283 5058 καλὸν
1315 5003 1408 5057 καὶ
1439 5003 1660 5079 ἀγαθὸν,
1693 5004 1780 5060 ὅτε
1826 5011 1950 5079 περὶ

287 5097 422 5147 Θεοῦ
456 5091 677 5167 λέγεται
713 5111 728 5128 ο
762 5094 791 5147 6
822 5093 926 5167 γὰρ
958 5092 1085 5153 Θεὸς
1113 5092 1202 5146 καὶ
1236 5091 1294 5146 ὂν
1329 5091 1567 5166 λέγεται,
1599 5093 1688 5148 καὶ
1740 5096 1814 5167 μὴ
1866 5093 1947 5175 ὃν,

350 5301 436 5372 (y)
465 5301 605 5373 Cap.
639 5317 683 5371 1,
715 5316 770 5355 ν.
802 5299 856 5355 8.
934 5297 1008 5370 (κ)
1037 5299 1204 5356 Rom.
1239 5314 1363 5367 vm,
1393 5299 1482 5354 30.

2058 4669 2230 4709 omne
2275 4658 2464 4707 autem
2515 4651 2670 4722 quod
2719 4667 2849 4706 esse
2901 4650 3145 4722 appetit,
3185 4650 3406 4704 bonum
3457 4647 3696 4720 appetit,

2058 4759 2236 4813 supra
2267 4757 2399 4796 vero
2433 4750 2564 4795 ante
2604 4739 2741 4794 folia
2772 4741 2908 4801 duo.
2942 4739 3021 4795 ait
3069 4743 3245 4793 Deum
3299 4737 3472 4792 etiam
3518 4752 3699 4808 supra

2060 4846 2151 4886 res
2190 4845 2356 4884 esse:
2392 4833 2548 4884 recte
2579 4829 2759 4901 igitur
2778 4829 2934 4883 dicat
2956 4827 3193 4898 aliquis,
3226 4833 3408 4882 Deum
3441 4842 3569 4882 esse
3599 4841 3698 4881 su-

2061 4936 2167 4991 pra
2199 4935 2312 4984 res,
2346 4925 2400 4973 et
2459 4918 2516 4972 id
2551 4919 2704 4988 quod
2751 4934 2864 4972 non
2915 4920 3024 4981 est,
3059 4915 3193 4971 boni
3228 4915 3519 4986 particeps
3547 4929 3699 4982 esse,

2061 5025 2190 5064 cum
2215 5007 2294 5062 sit
2314 5023 2494 5077 supra
2515 5023 2582 5062 ea
2612 5023 2740 5078 quae
2761 5009 2918 5072 sunt,
2946 5004 3210 5074 nihilque
3240 5003 3317 5060 sit
3339 5020 3541 5060 eorum
3569 5020 3697 5073 qua:

2058 5101 2218 5152 sunt.
2275 5095 2422 5152 Nota
2479 5093 2829 5164 necessario,
2864 5093 3156 5165 quomodo
3215 5093 3392 5160 dicat,
3425 5093 3484 5149 id
3541 5091 3697 5165 quod

1303 5477 1538 5534 VARle
1571 5477 1968 5536 LECTIONES
1998 5479 2084 5535 ET
2112 5479 2673 5536 CORRECTIONES.

354 5598 766 5679 ιξοδδ-’δεκτικοιῆ
815 5603 888 5679 ⁵⁵1
918 5597 1221 5679 ταῦταῆοὗν.
1299 5600 1449 5679 δίτό.
1525 5604 1570 5638 ⁸³
1600 5601 1892 5679 τελεῖσθαι.
1969 5604 2014 5639 ⁶⁴
2040 5599 2374 5679 ἀδιαφόρως.
2451 5604 2494 5638 ⁵⁸
2523 5602 2657 5656 καθὸ
2686 5602 2997 5678 προαιρέσει
3023 5604 3120 5656 τοῦ
3149 5599 3321 5657 καλοῦ
3351 5598 3439 5657 καί
3469 5603 3600 5658 αὐτὸ
3635 5604 3698 5661 τὸ

285 5674 454 5728 κακὸν
486 5671 755 5746 δοκοῦμεν
789 5670 942 5728 εἶναι.
1019 5675 1062 5709 ⁸⁸
1089 5670 1275 5746 ὀλίγον
1307 5670 1364 5727 δὲ
1392 5670 1502 5728 ἄνω
1531 5675 1658 5746 πρό.
