4000 6200
379 325 485 380 255

1217 325 1584 377 APPENDIX
1627 326 1723 378 AD
1759 325 2002 378 OPERA
2039 326 2097 378 S.
2138 325 2450 380 DIONYSII
2490 323 2990 382 AREOPAGITE.

381 464 498 504 non
529 450 638 517 est,
666 447 960 504 invenitur
990 445 1300 519 pulchrum
1331 450 1389 502 et
1417 447 1661 514 bonum,
1688 447 1924 518 quando
1953 446 2026 502 de

2150 445 2212 507 bc
2240 442 2393 501 οὐδὲν
2428 446 2500 501 ὣν
2549 451 2658 503 τῶν
2709 443 2900 515 ὅντων,
2933 444 3060 502 ἀλλ’
3093 446 3466 523 ὁπερηρμὲνος
3495 447 3758 522 ἀγνώστως

381 538 499 594 Deo
557 538 809 594 dicitur:
844 539 998 593 Deus
1057 537 1210 593 enim
1257 536 1472 591 dicitur
1519 540 1575 590 et
1624 537 1779 608 quod
1833 540 1945 602 est,
1976 539 2035 591 et

383 628 540 700 quod
584 645 699 682 non
735 631 846 694 est,
878 643 1011 682 cum
1046 624 1191 681 nihil
1224 626 1301 682 sit
1331 642 1533 681 eorum
1567 641 1695 697 qua:
1741 629 1900 695 sunt,
1931 625 2032 680 sed

2141 539 2250 590 τῶν
2304 537 2552 592 ἁπάντων
2588 557 2600 568 ·
2637 536 2699 592 οὐ
2754 539 2853 611 γάρ
2913 535 3025 591 ἐστί
3079 558 3132 592 τι
3168 537 3231 592 τὸ
3261 540 3524 611 γινῶσκον
3554 539 3679 592 κατὰ
3712 540 3756 592 τί

2146 621 2300 679 οὐδὲν
2334 624 2473 680 ἐστιν
2508 626 2535 679 ὁ
2567 627 2716 690 Θεός.

381 734 562 789 supra
595 716 793 773 omnia
831 716 1003 771 modo
1045 715 1244 787 ignoto
1269 713 1596 783 attollitur;
1631 731 1747 770 non
1781 719 1872 770 est
1917 713 2073 769 enim
2123 714 2342 786 aliquid
2393 718 2550 788 quod
2591 721 2906 789 cognoscat
2955 717 3283 773 secundum
3315 716 3470 788 quod
3508 716 3653 772 Deus
3693 717 3759 772 sit

379 806 548 862 nihil.

454 894 858 951 Substantz'ales
879 894 1146 949 essentia.
1181 891 1428 948 Pulchre
1451 893 1840 948 substantiales
1861 910 1881 955 ;
1927 909 2026 948 ex-

384 984 668 1041 sistentiaa
703 984 857 1040 enim
886 983 1210 1037 secundum
1235 981 1576 1052 Scripturas
1603 980 2031 1037 suntessentiis

385 1074 719 1146 superiores
745 1089 755 1127 :
781 1088 937 1126 nunc
968 1076 1162 1126 autem
1198 1071 1476 1141 quoniam
1498 1071 1568 1125 de
1600 1070 1810 1126 creatis
1842 1070 2029 1141 loqui-

387 1167 506 1230 tur,
565 1159 773 1217 merito
823 1158 1062 1214 dictioni
1107 1157 1358 1231 ὑπάρξεις
1401 1159 1676 1230 apposuit
1723 1154 2028 1218 οὐσιώδεις.

385 1250 690 1306 Unitiones
721 1265 856 1304 vero
887 1248 1186 1314 dicuntur,
1225 1264 1336 1303 non
1373 1249 1526 1319 quod
1575 1247 1752 1302 simul
1805 1265 2030 1302 acerva-

380 1341 486 1394 tim
519 1338 742 1410 aliquid
775 1355 956 1392 unum
988 1337 1269 1405 efﬁciant,
1293 1338 1393 1393 sed
1420 1337 1556 1408 quia
1576 1337 1728 1392 Deus
1759 1341 1884 1392 erat
1904 1337 2032 1393 fons

379 1429 645 1501 ipsorum
679 1431 735 1483 et
766 1426 1145 1498 principium,
1172 1429 1345 1498 atque
1367 1443 1434 1480 ex
1460 1427 1586 1498 ipso
1614 1427 1894 1497 producta
1915 1427 2034 1481 fue-

385 1522 522 1573 runt
552 1517 710 1573 entia
739 1516 935 1570 omnia
967 1533 1091 1586 quze
1124 1515 1444 1586 illustrant,
1473 1521 1530 1572 et
1559 1515 1943 1572 subsistentia
1972 1515 2030 1570 in

383 1621 654 1678 persona,
685 1605 766 1659 ita
797 1606 944 1659 utin
978 1604 1465 1660 distinctionibus
1513 1604 2030 1659 subsistentiarum

2209 894 2280 947 Al
2363 890 2646 955 οὐσιώδεις
2726 891 2995 968 ὑπάρξεις.
3055 892 3250 955 Καλῶς
3317 893 3380 947 τὸ
3456 888 3758 952 οὐσιώδεις·

2141 980 2390 1055 ὑπάρξεις
2419 983 2537 1044 καθ’
2573 982 2762 1042 ἑαυτὰς
2794 981 3053 1058 ἀνώτεραι
3084 985 3193 1036 τῶν
3243 980 3438 1036 οὐσιῶν
3492 979 3591 1035 εῗσι
3624 999 3636 1012 ·
3681 985 3759 1034 νῦν

2141 1067 2198 1124 δὲ
2227 1067 2414 1138 ἐπειδὴ
2449 1072 2570 1145 περὶ
2603 1075 2711 1125 τῶν
2740 1076 2970 1126 κτιστῶν
3000 1092 3184 1148 φησιν,
3219 1069 3444 1132 εἰκότως
3486 1074 3566 1140 τῷ
3614 1069 3763 1143 ὑπάρ-

2140 1162 2245 1230 ξεις
2300 1158 2603 1231 προσέθηκε
2657 1161 2720 1214 τὸ
2777 1158 3373 1222 οὐσιώδεις.Ἑνώσεις
3431 1155 3488 1214 δὲ
3518 1156 3762 1233 λέγονται,

2143 1247 2249 1322 οὐχ
2278 1246 2360 1302 δτι
2394 1250 2694 1303 συνέκειντο
2735 1246 2987 1323 σωρηδὸν
3034 1245 3088 1303 ἓν
3139 1270 3190 1302 τι
3235 1245 3625 1315 ἀποτελοῦντα,
3658 1244 3764 1301 ἀλλ’

2143 1338 2224 1391 ὅτι
2257 1339 2410 1411 πηγὴ
2445 1337 2618 1392 αὐτῶν
2650 1338 2738 1392 καὶ
2770 1338 2918 1413 ἀρχὴ
2948 1339 3014 1407 ἦν
3047 1337 3076 1390 ὸ
3106 1337 3359 1409 Θεὸς,καὶ
3391 1337 3441 1409 ἐξ
3473 1335 3632 1390 αὐτοῦ
3653 1355 3765 1409 παρ-

2141 1427 2388 1500 ήχθησαν
2424 1424 2781 1500 ἐλλάμψαντα
2811 1427 2900 1481 καὶ
2953 1425 3256 1481 ὑποστάντα
3304 1427 3422 1488 καθ’
3454 1419 3703 1480 ὑπόϐασιν
3729 1427 3764 1460 ⁸⁷

2143 1516 2348 1569 ἅπαντα
2404 1515 2470 1569 τὰ
2526 1512 2673 1587 ὄντα,
2706 1517 2782 1579 ὡς
2839 1518 2926 1570 καὶ
2986 1514 3063 1579 εἴς
3121 1512 3413 1591 διακρίσεις
3447 1511 3762 1568 ὁποστᾶσεων

2142 1610 2389 1681 φανῆναι.
2420 1603 2752 1674 Ταύτότητες
2783 1603 2839 1658 δέ
2871 1603 3004 1658 εἲσιν
3034 1605 3090 1658 αἱ
3112 1602 3386 1679 ἀναγωγοὶ
3417 1603 3507 1658 xui
3538 1602 3763 1656 ἒνωτικαὶ

385 1696 724 1765 appareant.
761 1693 1104 1748 Identitates
1138 1698 1333 1748 autem
1363 1697 1502 1748 sunt
1530 1693 1776 1749 virtutes
1812 1693 2032 1748 intelli-

2150 1693 2275 1767 πρὸς
2306 1693 2432 1747 Θεὸν
2466 1690 2724 1764 δυνάμεις
2752 1698 2859 1748 τῶν
2893 1697 3129 1764 νοητῶν,
3159 1693 3233 1754 ὡς
3277 1693 3368 1747 καὶ
3423 1690 3763 1764 ὸμοιότητες’

385 1781 680 1855 gibilium,
707 1799 829 1852 quae
861 1799 1099 1837 sursum
1130 1783 1343 1837 ducere
1367 1786 1540 1853 atque
1562 1799 1696 1837 cum
1729 1783 1845 1837 Deo
1866 1782 2032 1838 unire

382 1869 600 1936 valent,
640 1873 702 1924 ut
748 1869 922 1926 etiam
976 1870 1434 1937 similitudines;
1475 1871 1752 1941 quoniam
1785 1887 1852 1926 ex
1904 1871 2031 1942 ipso

387 1975 619 2031 quoque
648 1965 790 2015 sunt
821 1963 878 2014 et
917 1959 1029 2031 ipsi
1064 1959 1380 2014 adhaerent.
1413 1959 1787 2014 Diversitates
1838 1968 2031 2014 autem

385 2053 676 2120 quatenus
707 2047 1018 2104 diversitas
1049 2047 1326 2103 deorsum
1350 2047 1533 2115 ducit,
1563 2052 1620 2103 et
1652 2047 1902 2103 divisiva
1920 2053 2030 2117 est,

385 2138 448 2193 in
498 2137 782 2209 subjectis
812 2141 870 2192 et
915 2136 1190 2192 extremis
1237 2136 1448 2191 divinae
1479 2136 1803 2192 voluntatis
1852 2137 1923 2191 ad
1955 2136 2033 2190 vi-

391 2225 587 2282 sibilia
617 2225 1126 2297 progressionibus
1169 2224 1613 2297 multiplicatur.
1649 2224 2034 2282 Dissimilitu-

391 2316 558 2370 dines
578 2332 710 2370 vero
735 2332 961 2382 rursus,
987 2315 1267 2385 quoniam
1291 2314 1445 2385 quod
1474 2319 1705 2370 creatur
1724 2315 1883 2370 aliud
1910 2331 2034 2369 om-

390 2404 529 2459 nino
581 2403 754 2458 l'uerit
783 2420 814 2458 a
868 2409 1127 2457 creatore
1159 2402 1217 2456 in
1266 2403 1564 2471 omnibus,
1599 2420 1786 2474 neque
1834 2403 2033 2458 simile.

389 2497 568 2548 Porro
599 2492 1040 2547 communiones
1071 2492 1225 2546 I34
1257 2496 1398 2546 sunt
1443 2492 1871 2547 contrariorum
1919 2492 2035 2548 ele-

389 2587 722 2637 mentorum
741 2581 1192 2651 temperationes
1218 2597 1230 2634 :
1259 2597 1391 2634 nam
1412 2597 1479 2635 ex
1502 2586 1758 2652 quatuor
1778 2582 2035 2637 elemen-

389 2670 465 2726 tis
509 2686 752 2742 corpora
782 2673 922 2724 sunt
964 2669 1183 2724 omnia.
1219 2669 1591 2724 Cohzerentize
1641 2674 1834 2725 autem
1893 2675 2036 2725 sunt

391 2759 750 2814 mundorum
782 2759 840 2812 in
866 2758 1067 2813 eodem
1103 2758 1306 2813 ordine
1339 2756 1754 2813 collocatorum
1785 2758 2036 2814 visibilis

391 2853 448 2903 et
479 2847 868 2918 intelligibilis
900 2847 959 2902 in
1014 2848 1299 2902 descensu
1332 2846 1770 2918 dispositiones,
1804 2863 1872 2902 ex
1922 2865 2040 2904 una

395 2935 643 2991 materia:
686 2936 1016 2991 substantia
1045 2936 1102 2990 in
1146 2935 1334 2991 ﬁrmis
1376 2936 1716 3004 corporibus
1764 2936 2040 3009 multipli-

2142 1779 2328 1851 ἐπειδη
2361 1782 2450 1836 καὶ
2485 1781 2536 1852 ἐξ
2567 1781 2732 1837 αὐτοῦ
2763 1781 2866 1836 εἷ’σι
2897 1780 2986 1836 καὶ
3030 1787 3324 1857 προσεχεῖς
3373 1779 3542 1853 αὐτῷ.
3572 1773 3765 1854 Ἑτερὸο

2138 1893 2300 1941 τητες
2349 1870 2407 1927 δὲ
2453 1872 2588 1934 καθὸ
2639 1871 2950 1948 καταγωγὸς
3001 1870 3134 1926 οὖσα
3178 1873 3213 1940 ὴ
3245 1870 3516 1944 ἑτερότης,
3549 1870 3634 1924 καὶ
3687 1889 3766 1942 με·

2144 1964 2324 2036 ριστή,
2358 1961 2408 2015 ἐν
2459 1967 2579 2023 ταῖς
2632 1955 3056 2031 ὖποϐεϐηκυίαις
3101 1959 3190 2014 καὶ
3237 1959 3493 2035 ἐσχάταις
3535 1957 3770 2033 προόδοις

2140 2056 2235 2106 τοῦ
2269 2050 2414 2115 θείου
2448 2049 2759 2124 θελήματος
2794 2049 2871 2111 εἷς
2911 2050 3078 2126 ὁρατά
3127 2046 3464 2118 ἐπληθύνθη.
3499 2048 3774 2120 Ἀνομοιό-

2140 2161 2300 2210 τητες
2329 2137 2387 2193 δὲ
2416 2137 2606 2210 πάλιν,
2640 2135 2827 2206 ἐπειδή
2858 2140 2920 2194 τὸ
2953 2137 3242 2212 γινόμενον
3273 2133 3456 2212 ἕτερον
3489 2134 3552 2190 ἃν
3583 2136 3660 2206 είη
3685 2139 3772 2190 τοῦ

2145 2226 2650 2304 δημιουργήσαντος
2690 2226 2825 2282 κατὰ
2872 2226 3065 2296 πάντα,
3099 2227 3188 2281 καὶ
3241 2226 3340 2280 οὐκ
3383 2225 3631 2301 ἐμφερές.
3657 2226 3773 2280 Κοι-

2141 2317 2330 2372 νωνίαι
2364 2315 2420 2370 δὲ
2444 2321 2550 2371 τῶν
2585 2315 2836 2370 ἐναντίων
2864 2316 2918 2370 αἱ
2943 2317 3052 2370 τῶν
3087 2314 3378 2390 στοιχείων
3417 2313 3522 2368 εἶσὶ
3558 2311 3769 2389 κράσεις

2146 2406 2205 2460 ἐκ
2231 2406 2334 2481 γὰρ
2363 2410 2470 2460 τῶν
2503 2406 2777 2480 τεσσάρων
2811 2404 3099 2479 στοιχείων
3133 2403 3234 2458 εἶσὶ
3279 2403 3345 2457 τὰ
3391 2403 3619 2474 σώματα
3656 2403 3773 2455 πάν-

2143 2514 2228 2550 τα.
2279 2491 2686 2568 Ἀλληλουχίαι
2737 2492 2794 2548 δὲ
2835 2498 2944 2548 τῶν
2994 2493 3345 2567 ὁμοστοίχων
3394 2491 3528 2546 εἰσὶν
3575 2491 3627 2545 ul
3677 2493 3771 2544 τῶν

2144 2583 2390 2656 κόσμων,
2421 2587 2517 2636 τοῦ
2548 2604 2605 2637 τε
2635 2584 2832 2657 ὁρατοῦ
2862 2583 2948 2637 καὶ
2980 2587 3076 2636 τοῦ
3126 2586 3349 2652 νοητοῦ,
3379 2581 3500 2644 καθ’
3533 2573 3772 2635 ὑπόϐασιν

2145 2673 2476 2741 κατατάξεις,
2532 2670 2590 2726 tx
2651 2677 2775 2743 μιᾶς
2835 2671 3021 2733 οὐσίας
3075 2678 3174 2740 τῆς
3226 2669 3367 2741 ὕλης
3423 2669 3499 2731 είς
3569 2670 3775 2739 σώματα

2145 2760 2535 2830 πληθυνθεῖσαι
2588 2762 3003 2834 περεωμάτων,
3051 2760 3141 2814 καὶ
3194 2760 3361 2813 οἱονεῖ
3411 2758 3586 2834 σειρὰ,
3617 2755 3776 2826 am.

2149 2846 2259 2903 λων
2294 2849 2555 2924 ἐχόμεναι
2590 2869 2603 2882 ·
2639 2849 2696 2904 tx
2723 2847 2930 2904 τούτων
2963 2851 3178 2919 νοήσεις
3208 2847 3390 2902 καὶτὰ
3419 2847 3566 2918 ἑξῆς.
3599 2847 3777 2916 ’Δσυμ-

2152 2937 2321 3011 μιξίαι
2357 2935 2412 2992 δὲ
2433 2941 2540 2991 τῶν
2565 2938 2863 3009 ἡνωμένων
2893 2936 3050 3004 είσῖν,
3081 2936 3157 2999 ὡς
3187 2934 3275 2989 ἐπὶ
3299 2941 3398 3003 τῆς
3440 2937 3543 2989 τοῦ
3585 2932 3779 3006 ἀνθρώ·

391 3028 552 3094 catae,
575 3028 752 3094 atque
784 3025 960 3078 veluti
987 3028 1190 3079 catena
1221 3041 1280 3080 se
1307 3029 1510 3080 mutuo
1531 3029 1796 3081 tenentes
1820 3045 1833 3093 ;
1861 3041 1924 3080 ex
1945 3025 2037 3082 his

2150 3048 2252 3081 που
2283 3029 2325 3063 ⁵⁸
2345 3028 2531 3101 γὲνους
2563 3028 2903 3097 κοινότητος,
2932 3027 3021 3080 καὶ
3057 3032 3158 3095 τῆς
3185 3025 3302 3079 καθ’
3330 3020 3556 3078 ἕκαστον
3593 3019 3780 3094 ἅνθρω.

393 3111 800 3184 cogitationes,
832 3117 888 3168 et
917 3129 1042 3184 quae
1072 3119 1420 3182 sequuntur.
1452 3118 1575 3169 Non
1601 3115 2038 3170 commistiones

391 3205 588 3259 autem
638 3201 962 3268 unitorum,
996 3206 1136 3257 sunt
1197 3202 1350 3258 sicut
1403 3202 1461 3258 in
1516 3203 1761 3259 humani
1808 3205 2040 3276 generis

389 3291 834 3361 communitate,
883 3295 939 3346 et
988 3293 1278 3363 cujusque
1329 3292 1591 3348 hominis
1652 3293 2040 3365 proprietate;

2149 3137 2249 3170 πον
2283 3113 2560 3185 ἰδιότητος
2588 3134 2602 3148 ’
2632 3120 2712 3188 τῷ
2745 3116 2841 3188 μὶν
2881 3115 2984 3190 γὰρ
3041 3118 3208 3186 κοινῷ
3257 3120 3358 3182 τῆς
3415 3111 3602 3174 οὐσίας
3647 3111 3780 3184 λόγῳ

2148 3206 2343 3267 πάντες
2375 3207 2653 3278 ἡνώμεθα,
2674 3209 2742 3279 τῇ
2777 3202 2972 3260 δὲκαθ’
3002 3200 3224 3259 ἕκαστον
3258 3200 3594 3273 ἲ’διότητι,τὸ
3622 3199 3778 3272 ἀσύμ-

2157 3314 2344 3367 μικτον
2373 3289 2596 3368 ἔχομεν.

388 3380 688 3436 communi
738 3380 894 3436 enim
942 3380 1208 3436 essentiae
1259 3381 1484 3437 ratione
1516 3397 1720 3437 omnes
1775 3382 1923 3438 uniti
1955 3399 2182 3450 sumus,
2231 3384 2698 3456 uniuscujusque
2740 3400 2873 3440 vero
2924 3383 3296 3456 proprietate,
3343 3379 3590 3436 minime
3634 3394 3781 3435 com-

390 3484 724 3524 miscemur.

461 3559 646 3613 Status
678 3573 881 3613 omnes.
919 3557 1066 3613 Dicit
1096 3561 1214 3614 tres
1237 3573 1365 3614 esse
1415 3556 1696 3614 stationes
1727 3562 1784 3613 et
1832 3559 2038 3615 motio-

389 3661 514 3716 nes,
548 3662 696 3718 quas
727 3647 902 3701 etiam
936 3650 1217 3714 recenset,
1253 3647 1562 3716 mentium,
1596 3651 1653 3702 et
1683 3647 2038 3716 animarum,

391 3738 446 3791 et
477 3751 784 3807 corporum
813 3760 825 3803 ;
859 3740 1086 3805 oportet
1117 3735 1319 3807 itaque
1351 3736 1658 3792 commode
1689 3735 2036 3809 intelligere.

391 3827 610 3880 Mentes
642 3825 822 3897 igitur
856 3829 1014 3881 stant
1040 3830 1097 3881 et
1126 3831 1454 3896 moventur,
1489 3826 1644 3883 sicut
1674 3826 1856 3882 Isaias
1900 3826 2042 3881 dicit

393 3919 450 3968 et
497 3913 756 3968 Ezechiel
808 3915 878 3969 de
921 3915 1218 3986 seraphim
1270 3919 1325 3970 et
1391 3915 1720 3985 cherubim,
1764 3915 2038 3986 quoniam

396 4002 724 4055 ascendunt
745 4008 802 4056 et
834 4003 1220 4073 descendunt,
1248 4009 1314 4058 ut
1344 4003 1425 4058 ait
1467 4004 1733 4075 Moyses;
1770 4022 1902 4060 nam
1953 4005 2041 4058 in-

399 4086 732 4144 desinenter
763 4091 831 4144 ad
867 4091 1050 4145 Deum
1082 4093 1360 4158 converti,
1393 4097 1450 4147 et
1479 4091 1696 4148 haerere
1727 4093 1784 4147 in
1807 4097 2055 4149 conten-'

399 4176 561 4231 tione
610 4178 680 4232 ad
728 4177 942 4248 ipsum,
967 4178 1075 4233 etsi
1111 4178 1455 4250 ablegentur
1492 4185 1551 4234 et
1579 4182 1940 4237 descendant
1971 4183 2042 4237 ad

397 4264 695 4330 inferiora,
731 4271 791 4320 ut
823 4266 1171 4335 adjuvandis
1203 4267 1568 4337 provideant,
1603 4268 1709 4323 hoc
1731 4268 1920 4340 ipsum
1957 4273 2045 4324 est

402 4355 647 4410 ﬁrmiter
678 4357 733 4409 in
768 4355 867 4410 Dei
896 4355 1107 4411 vicinia
1128 4361 1304 4423 stare,
1338 4361 1510 4427 atque
1534 4357 1605 4412 ad
1637 4356 1894 4412 liberalia
1927 4375 2046 4414 mo-

395 4443 516 4499 veri
548 4444 759 4500 ofﬁcia.
787 4445 1091 4500 Moventur
1113 4448 1305 4500 autem
1337 4445 1515 4501 etiam
1550 4447 1855 4517 superiora
1885 4447 2044 4520 cogi-

395 4534 594 4602 tando,
627 4538 683 4590 et
713 4539 872 4590 stant
902 4535 1042 4590 dum
1075 4535 1148 4590 ab
1195 4533 1570 4591 inferioribus
1612 4533 2041 4608 intelliguntur,

398 4626 464 4678 ut
491 4622 914 4695 intelligibiles,
947 4628 1252 4680 manentes
1304 4623 1360 4678 in
1407 4623 1645 4696 propria
1693 4624 2041 4692 identitate;

399 4728 536 4768 nam
567 4717 705 4768 sunt
735 4728 845 4767 sua
878 4712 1148 4784 praesidia
1179 4718 1235 4768 et
1268 4713 1626 4781 mansiones,
1661 4719 1834 4786 atque
1863 4713 1925 4769 in
1951 4730 2042 4770 se-

401 4801 548 4872 ipsis
607 4801 896 4872 habitant,
933 4818 1156 4857 necnon
1203 4802 1274 4856 ad
1327 4803 1554 4875 seipsos
1603 4808 2043 4872 convertuntur,

402 4907 590 4961 neque
650 4890 828 4946 dividi
864 4895 1115 4962 possunt
1162 4891 1221 4946 in
1255 4906 1324 4946 ea
1346 4908 1472 4962 quas
1517 4908 1550 4946 a
1582 4891 1678 4946 Dei
1711 4892 1868 4946 cultu
1904 4895 2044 4946 sunt

399 4978 608 5034 aliena.
637 4984 838 5050 Itaque
855 4979 1288 5050 imperfectiora
1306 4977 1503 5034 omnia
1533 4983 1950 5034 convertuntur
1970 4980 2042 5034 ad

398 5068 1023 5124 excellentioraMotus
1037 5072 1228 5123 autem
1247 5067 1532 5122 mentium
1556 5072 1609 5122 et
1627 5067 1955 5121 animarum
1982 5067 2042 5121 in

398 5156 596 5210 orbem
620 5156 1026 5228 circulumque
1056 5157 1345 5224 feruntur,
1371 5157 1524 5212 sicut
1553 5155 1728 5212 etiam
1777 5155 2040 5212 Ezechiel

399 5244 1003 5316 ait;quandoquidem
1020 5263 1087 5302 ex
1117 5263 1179 5302 se
1201 5246 1347 5317 ipsis
1371 5247 1844 5319 progrediuntur,
1866 5250 2040 5318 atque

398 5332 456 5386 in
491 5349 551 5388 se
603 5339 993 5402 revertuntur,
1028 5336 1133 5390 etsi
1167 5353 1201 5391 a
1230 5351 1291 5391 se
1325 5353 1440 5393 non
1492 5335 1782 5392 abierunt.
1818 5335 1886 5390 Et
1916 5335 2040 5391 haec

2219 3559 2286 3615 Αἱ
2346 3557 2555 3620 στάσεις
2614 3565 2799 3614 πᾶσαι.
2865 3559 3085 3619 Στάσεις
3163 3557 3252 3612 καὶ
3325 3557 3571 3628 κινήσεις
3644 3553 3777 3628 λέγει

2147 3651 2315 3724 τρεῖς,
2349 3646 2409 3708 ἃς
2441 3646 2531 3701 καὶ
2562 3646 2874 3722 καταλέγει,
2905 3651 3042 3700 νοῶν
3087 3645 3178 3700 καὶ
3224 3648 3442 3720 ψυχῶν,
3475 3645 3568 3699 καὶ
3622 3642 3787 3716 σωμά-

2148 3758 2255 3792 των
2293 3754 2304 3766 ·
2343 3733 2424 3790 δεῖ
2465 3736 2646 3790 τοίνυν
2703 3735 3031 3814 προσφόρως
3080 3739 3241 3789 νοεῖν.
3274 3735 3342 3790 Oi
3396 3734 3488 3807 μὲν
3544 3731 3635 3788 οὖν
3681 3732 3787 3791 νόες

2145 3823 2393 3880 ’ίστανται
2425 3825 2513 3880 καὶ
2546 3829 2842 3892 κινοῦνται,
2875 3824 2949 3886 ὠς
2979 3821 3199 3886 Ἡσαΐας
3237 3822 3390 3900 φησὶ,
3421 3821 3512 3877 καὶ
3543 3817 3787 3891 Ἰεζεκιὴλ

2151 3914 2274 3990 περὶ
2314 3919 2424 3969 τῶν
2477 3915 2715 3991 σεραφὶμ
2749 3914 2840 3968 xui
2893 3907 3170 3988 χερουϐίμ
3198 3931 3209 3943 ⁸
3246 3908 3433 3980 ἐπειδὴ
3459 3910 3620 3966 αὐτοί
3669 3909 3787 3964 εἰσιν

2152 4005 2205 4058 οἱ
2238 3999 2614 4067 ἀναϐαίνοντες
2641 4002 2731 4058 καὶ
2764 3997 3194 4073 καταϐαίνοντες,
3227 4001 3302 4062 ὥς
3342 4021 3475 4077 φησι
3525 4003 3755 4068 Μωϋσῆς
3776 4013 3786 4026 ⁸

2150 4093 2214 4146 τὸ
2247 4092 2341 4165 μὶν
2375 4093 2478 4167 γὰρ
2512 4092 2874 4168 ἐπεστράφθαι
2918 4089 3176 4160 ἀλήκτως
3199 4089 3288 4144 ἐπὶ
3318 4091 3363 4126 ⁵⁹
3388 4089 3480 4143 τὸν
3531 4089 3681 4156 Θεὸν,
3709 4087 3786 4141 καὶ

2156 4178 2401 4255 ἱδρῦσθαι
2450 4180 2502 4235 tv
2559 4185 2628 4254 τῇ
2686 4181 2824 4255 πρὸς
2881 4179 3041 4234 αὐτὸν
3089 4178 3358 4245 ἀνατάσει,
3386 4175 3482 4232 κᾶν
3535 4175 3791 4232 ἀποστέλ-

2156 4269 2341 4325 λοιντο
2371 4271 2460 4324 καὶ
2507 4264 2884 4324 καταϐαίνοιεν
2915 4271 2960 4305 ⁸ο
2990 4267 3077 4323 ἐπὶ
3121 4269 3188 4322 τὰ
3240 4261 3643 4337 ὑποϐεϐηκὸτα,
3674 4284 3792 4337 προ-

2154 4359 2307 4420 νοίας
2336 4360 2497 4434 ’χάριν
2531 4362 2635 4412 τῶν
2664 4355 3199 4434 ὠφεληθησομὲνων,
3231 4354 3392 4411 τοῦτό
3416 4354 3529 4410 ἐστι
3561 4357 3624 4410 τὸ
3653 4355 3790 4410 ἑστά-

2154 4469 2242 4502 ναι
2294 4442 2529 4523 βεϐαίως
2581 4447 2633 4501 ἐν
2679 4450 2748 4521 τῇ
2793 4447 2930 4521 πρὸς
2972 4445 3101 4501 Θεὸν
3151 4443 3376 4520 ἐγγίσει,
3409 4443 3496 4499 καὶ
3547 4443 3792 4499 κινεῖσθαι

2159 4537 2233 4591 sic
2280 4536 2374 4597 τὰς
2418 4538 2542 4610 περί
2584 4535 2710 4597 τοὺς
2739 4535 3220 4611 εὐεργετουμένους
3250 4531 3527 4595 διακονίας
3554 4554 3568 4568 ο
3602 4534 3797 4588 κινοῦν-

2156 4646 2242 4679 ται
2276 4622 2333 4680 δὶ
2367 4625 2418 4679 tv
2449 4628 2528 4696 τῷ
2577 4630 2720 4679 νοεῖν
2768 4625 2834 4678 τὰ
2883 4617 3312 4697 ὑπερϐεϐηκότα,
3341 4622 3431 4678 καὶ
3479 4623 3691 4677 ἱστᾶσιν
3744 4617 3788 4673 tv

2155 4718 2234 4784 τῷ
2263 4718 2496 4778 νοεῖσθαι
2527 4713 2672 4788 παρὰ
2718 4717 2824 4767 τῶν
2871 4709 3317 4786 καταδεεστέρων,
3349 4710 3424 4773 ὦς
3471 4710 3664 4781 νοητὰ,
3709 4706 3796 4782 μὲ-

2157 4823 2318 4857 νοντα
2349 4803 2398 4856 ἐν
2429 4805 2497 4876 τῇ
2531 4802 2703 4872 οἰκείᾳ
2722 4801 3012 4871 ταυτότητι
3049 4819 3062 4832 ·
3095 4801 3324 4878 φρουραὶ
3357 4801 3460 4875 γάρ
3503 4798 3634 4853 εἰσιν
3682 4798 3795 4853 ἑαυ-

2155 4896 2261 4946 τῶν
2308 4891 2398 4945 xui
2451 4892 2662 4963 μοναί·
2696 4892 2786 4945 καὶ
2836 4889 2911 4952 εἷς
2963 4889 3124 4945 ἑαυτὰ
3171 4889 3519 4960 οἷκειοῦνται,
3570 4888 3661 4943 καὶ
3720 4886 3793 4962 ἐφ’

2153 4981 2314 5034 ἑαυτὰ
2371 4981 2834 5055 συνεστραμμένα,
2881 4980 2967 5034 καὶ
3023 4975 3318 5033 ἆσκὲδαστα
3367 4977 3453 5034 ἐπὶ
3507 4977 3577 5032 τὰ
3631 4975 3795 5032 ἀλλό-

2151 5089 2276 5145 τρια
2305 5076 2404 5138 τῆς
2431 5064 2755 5133 θεοσεϐείας.
2794 5069 2896 5124 Καὶ
2927 5072 3058 5143 γοῦν
3089 5069 3264 5123 πάντα
3305 5068 3372 5122 τὰ
3416 5065 3794 5136 καταδεέστερα

2153 5157 2513 5232 ἐπὲστραπται
2570 5156 2654 5212 ἐπὶ
2714 5161 2781 5212 τά
2842 5151 3273 5232 ὑπερϐεϐηκότα.
3333 5156 3400 5212 Αἱ
3452 5152 3510 5209 δὶ
3561 5155 3796 5224 κινήσεις

2154 5251 2259 5300 τῶν
2293 5250 2432 5301 νοῶν
2461 5247 2550 5300 καὶ
2583 5249 2776 5322 ψυχῶν
2807 5243 3148 5322 τροχοειδεῖς
3175 5245 3274 5300 εἱσι
3305 5243 3395 5300 xui
3414 5241 3693 5313 κυκλικαί,
3725 5240 3793 5300 ὠς

2156 5335 2245 5389 καὶ
2275 5334 2545 5405 Ἰεζεκιήλ
2592 5356 2773 5412 φησιν,
2826 5334 3042 5410 ἐπείπερ
3091 5333 3142 5405 ἐξ
3183 5336 3383 5390 ἑαυτῶν
3428 5333 3674 5408 προΐασι,
3712 5329 3795 5386 καὶ

1409 5506 1650 5562 VARI/P3
1688 5506 2077 5564 LECTIONES
2115 5507 2204 5563 ΕΤ
2243 5505 2774 5563 CORRECTIONES

469 5641 511 5674 ⁵⁷
539 5637 848 5692 ὑπόστασιν.
927 5641 970 5674 ⁸⁸
1001 5638 1358 5712 ἀνθρωπείου.
1435 5642 1478 5675 ⁸³
1506 5639 1664 5714 πρός.
1739 5643 1784 5678 ⁸ο
1813 5638 2259 5696 ἀποστέλλωνται
2288 5639 2374 5694 καὶ
2407 5631 2818 5693 καταϐαίνωσιν.
