4000 6200
203 371 312 425 257

972 372 1031 422 S.
1075 368 1346 423 MAXIMI
1384 367 1687 424 SCHOLIA
1726 370 1799 422 IN
1839 369 1971 422 LIB.
2012 369 2108 420 DE
2144 368 2414 421 DIVINIS
2452 369 2861 424 NOMINIBUS.

3516 380 3624 435 258

198 494 277 555 είς
331 491 497 547 δαυτὰ
551 489 1049 564 ἱπαναστρὲφουσιν
1105 487 1418 562 ἀνεξὸδευτα
1470 490 1694 546 ἑαυτῶν.
1756 487 1853 543 Καὶ

1986 488 2209 560 quidem
2244 490 2324 544 ita
2355 507 2414 545 se
2447 489 2666 546 habent
2698 492 2754 546 in
2780 493 3171 567 incorporeis;
3205 502 3392 556 status
3422 508 3616 560 autem

193 586 365 638 ταῦτα
393 582 488 653 μὲν
524 577 756 634 ἐπὶτῶν
788 576 1112 651 ἀσωμάτωνο
1170 580 1351 640 στάσις
1398 575 1454 633 δὲ
1500 577 1588 632 καὶ
1643 577 1856 646 κίνησις

197 670 281 726 ἐπὶ
359 673 470 725 τῶν
531 669 802 740 σωμάτων
860 669 1205 741 νοηθήσεται3
1279 667 1548 739 μενούσης
1607 667 1702 739 μὶν
1762 669 1860 732 τῆς

197 758 336 830 ὕλης
391 757 443 812 ὲν
496 757 861 830 ὑποκειμένην
910 756 1236 829 κινουμένης
1267 753 1324 810 δὲ
1355 755 1544 819 εἰςτὰς
1572 760 1680 810 τῶν
1713 776 1861 831 γινο-

198 848 373 924 μένων
390 851 434 885 ⁶¹
470 847 523 918 ἐξ
561 846 732 917 αὐτῆς
790 847 995 921 τροπὰς
1045 847 1136 902 καὶ
1193 843 1541 922 μεταλλαγὰς
1593 845 1858 919 σωμάτων

198 936 472 1013 ἐμψύχων
507 957 564 991 τε
592 935 682 990 καὶ
715 935 966 1010 ἀψύχων.

267 1025 560 1088 κυκλικῶς
593 1025 709 1099 μέν.
746 1024 1063 1097 Σημείωσαι
1095 1028 1212 1086 πῶς
1241 1029 1513 1080 κινοῦνται
1543 1025 1610 1080 τὰ
1641 1024 1864 1101 οὐράνια

190 1115 496 1183 κυκλικῶς,
529 1114 618 1169 καὶ
651 1115 768 1168 κατ’
800 1112 1004 1168 εὐθεῖαν
1053 1113 1143 1168 καὶ
1201 1112 1540 1177 ἐλικοειὸῶς⁸
1602 1114 1690 1170 καὶ
1747 1118 1865 1176 πῶς

189 1211 395 1261 νοεῖται
421 1208 614 1279 ψυχῆς
647 1200 955 1271 ἐλικοειδής
983 1203 1219 1273 κίνησις.

670 1338 732 1390 Οἱ
766 1341 898 1400 θεῖοι
928 1337 1047 1399 νόες
1077 1341 1413 1392 κινοῦνται⁸¹

373 1430 410 1498 ἢ
443 1427 748 1495 κυκλικῶς,
778 1427 813 1496 ἢ
845 1427 963 1481 κατ’
994 1427 1226 1494 εὐθεῖαν,
1268 1428 1302 1496 ἢ
1343 1425 1682 1490 ἐλικοειδῶς.

264 1560 476 1628 Ψυχῆς
540 1551 597 1608 δὲ
636 1552 890 1622 κίνησις.
948 1549 1172 1621 Ἐπειδή
1230 1553 1360 1625 καὶ,
1417 1553 1490 1614 ὡς
1553 1551 1664 1608 ἄνω
1721 1573 1863 1623 προ-

199 1642 530 1718 ιγράψαμεν,
582 1642 740 1712 νοερὰ
792 1641 885 1714 μέν
937 1640 1039 1696 εἰσι
1069 1643 1136 1696 τὰ
1164 1646 1410 1696 νοοῦνταο
1472 1643 1642 1712 νοητᾶ
1698 1640 1754 1696 δὲ
1801 1643 1868 1696 τὰ

203 1731 499 1803 νοούμενα·
537 1731 716 1807 τροφή
768 1727 825 1784 δὲ
853 1734 960 1785 τῶν
1011 1735 1210 1805 νοερῶν
1267 1731 1335 1785 τὰ
1391 1730 1580 1800 νοητά’
1642 1731 1866 1792 εἰκότως

207 1819 295 1874 οὖν
329 1819 421 1874 ἐπὶ
472 1821 660 1894 ψυχῆς
711 1824 900 1894 νοερᾶς
942 1840 1075 1896 φησι
1102 1816 1358 1892 δυνάμεις
1390 1819 1578 1890 αὐτῆς,
1637 1820 1712 1880 ὡς
1773 1818 1871 1891 μό-

1970 583 2029 634 et
2059 585 2252 635 motus
2279 580 2338 634 in
2371 581 2723 653 corporibus
2754 583 3140 658 intelligetur,
3174 597 3442 648 manente
3489 595 3618 666 qui-

1970 667 2101 721 dem
2135 667 2194 722 in
2225 669 2493 739 subjecto
2528 669 2810 738 materia;
2846 677 3004 727 mota
3050 690 3182 730 vero
3230 676 3289 730 in
3331 679 3535 736 modos
3564 687 3622 737 et

1972 758 2329 812 mutationes
2387 773 2701 830 corporum
2754 759 3150 819 animatorum
3208 769 3265 820 et
3321 765 3615 826 inanimo-

1970 861 2123 900 rum.

2043 1022 2411 1081 Circulariter
2459 1026 2697 1096 quidem.
2738 1031 2884 1082 Nota
2937 1031 3230 1100 quomodo
3274 1032 3534 1090 coelestia
3560 1034 3621 1092 in

1973 1111 2173 1166 orbem
2207 1119 2633 1184 moveantur,et
2664 1121 2818 1170 recta
2847 1122 2903 1171 et
2933 1117 3168 1189 oblique
3193 1137 3207 1174 :
3241 1126 3299 1176 et
3328 1127 3622 1194 quomodo

1975 1199 2340 1274 intelligatur
2371 1208 2567 1259 motus
2587 1203 2800 1259 animae
2833 1206 3128 1277 obliquus.

2397 1336 2613 1392 Divinas
2641 1342 2870 1394 mentes
2900 1345 3212 1396 moventur

1976 1423 2084 1478 Aut
2113 1425 2175 1477 in
2201 1427 2412 1493 orbem,
2701 1433 2798 1482 aut
2833 1438 3007 1499 recta,
3253 1438 3350 1488 aut
3380 1434 3621 1508 oblique.

2049 1548 2198 1604 185
2230 1550 2420 1604 Animi
2447 1555 2638 1604 autem
2675 1555 2873 1606 motus.
2906 1554 3413 1629 Quandoquidem,
3473 1561 3627 1618 sicut

1980 1637 2155 1692 etiam
2189 1655 2370 1710 supra
2400 1639 2772 1710 scripsimus,
2806 1643 2963 1715 γοερά
2993 1648 3133 1697 sunt
3161 1660 3228 1698 ea
3267 1661 3392 1716 qua
3416 1647 3629 1704 intelli-

1978 1731 2124 1796 gunt
2141 1745 2156 1794 ;
2176 1725 2344 1794 νοητά
2373 1745 2508 1784 vero
2531 1747 2660 1801 quae
2685 1730 3097 1803 intelliguntur
3121 1732 3498 1802 ;alimentum
3521 1755 3624 1794 au-

1980 1819 2093 1870 tem
2125 1815 2579 1888 intelligentium
2639 1824 2780 1874 sunt
2835 1819 3278 1892 intelligibilia;
3329 1825 3535 1882 merito
3565 1827 3627 1883 in

207 1929 297 1962 νον
329 1907 565 1977 νοούσης
596 1906 693 1970 τὰς
725 1901 1154 1981 ὑπερϐεϐηκότα·
1191 1905 1326 1975 αὕτη
1359 1909 1464 1983 γὰρ
1516 1907 1603 1962 ὑπ’
1652 1904 1867 1969 οὐδενὸς

1986 1904 2180 1957 anima
2229 1886 2594 1976 intelligente
2642 1906 2946 1964 facultates
3004 1886 3132 1980 eius
3182 1886 3367 1980 aﬂ'ert,
3431 1919 3632 1986 utpote

219 2002 442 2050 νοεῖται’
474 1996 564 2049 καὶ
617 1994 832 2050 πάντων
875 2001 982 2050 τῶν
1034 2000 1246 2066 νοητῶν
1295 1995 1498 2071 ἐσχάτη
1536 1995 1667 2051 ἐστί.
1703 1995 1871 2050 Δυνά-

220 2106 336 2158 μεις
368 2081 426 2138 δέ
455 2084 558 2138 εἶσι
591 2086 776 2159 ψυχῆς
816 2084 870 2138 αἱ
899 2084 1036 2158 πρὸς
1085 2086 1179 2146 τὰς
1228 2085 1505 2156 αἰσθήσεις
1564 2083 1870 2155 ἐπιτηδειό-

218 2195 396 2244 τητες.

276 2347 638 2410 Ἑλικοειδῶς
675 2395 688 2407 .
748 2351 908 2426 Ὁρᾷς
955 2349 1219 2420 ἐντεῦθεν,
1276 2349 1418 2420 πόση
1475 2347 1709 2427 διαφορᾶ
1764 2353 1870 2422 ψυ-

213 2447 316 2514 χῆς
346 2441 489 2515 πρὸς
521 2439 587 2494 τὰ
616 2440 806 2508 νοητά·
834 2440 899 2494 τὰ
951 2439 1047 2511 μὲν
1092 2439 1192 2515 γὰρ
1251 2443 1455 2514 νοερῶς
1485 2439 1574 2492 καὶ
1629 2438 1868 2506 ἑνιαίως,

212 2530 454 2583 τουτέστι
500 2529 638 2582 κατὰ
695 2527 892 2602 ἀθρόαν
953 2523 1221 2595 ἐπιϐολὴν
1256 2574 1269 2599 ,
1320 2532 1434 2582 νοεῖ
1477 2527 1571 2589 τὰς
1627 2528 1873 2602 ὑπερκει-

214 2619 373 2690 μὲνας
408 2616 556 2681 θείας
615 2615 941 2690 ἐλλάμψεις,
992 2617 1125 2672 κατὰ
1180 2617 1241 2671 τὸ
1288 2617 1466 2672 αὐτῶν
1505 2616 1697 2691 μέτρον
1731 2617 1870 2670 ἀπο-

209 2706 656 2780 ιγ.ιιλυ1ἰ·τομένοις⁸
706 2708 740 2775 ἡ
799 2705 857 2760 δὲ
905 2707 1059 2781 ψυχὴ
1112 2706 1357 2779 λογικῶς
1401 2704 1492 2759 καὶ
1537 2702 1868 2776 διεξοδικῶς,

213 2798 494 2850 τουτέστιν
555 2793 633 2857 είς
699 2796 894 2871 μερικὰ
956 2793 1286 2868 μεριζομένη
1322 2839 1336 2862 ,
1384 2792 1474 2848 καὶ
1523 2791 1581 2848 ἐκ
1631 2800 1872 2868 μετοχῆς

214 2882 623 2957 διδασκομένη·
710 2885 737 2937 ὁ
795 2883 895 2959 γὰρ
947 2887 1114 2952 νοῦς,
1164 2883 1240 2946 είς
1289 2881 1589 2959 λογισμοὺς
1644 2883 1868 2952 κατιὼν,

214 2975 373 3028 οἱονεὶ
425 2973 705 3048 μερίζεται
758 2972 848 3027 καὶ
897 2969 1068 3026 δέεται
1116 2976 1213 3026 τοῦ
1262 2969 1351 3026 διὰ
1395 2971 1664 3028 πλειόνων
1696 2991 1869 3044 παρα-

214 3057 518 3138 δειγμάτων
558 3059 963 3132 διεξοδιύοντος
1009 3059 1176 3137 λόγου
1223 3061 1359 3135 πρὸς
1389 3063 1718 3138 παράστασιν
1772 3065 1870 3115 τοῦ

210 3152 534 3223 νοουμένου,
596 3151 658 3205 τὸ
726 3144 1256 3226 ὑπεράναϐεϐηκός⁶³
1289 3194 1302 3207 .
1383 3150 1716 3224 Συμμίκτως
1775 3149 1865 3204 οὖν

1983 1993 2215 2045 tantum
2231 1991 3038 2067 excellentioraintelligentis
3055 2013 3067 2063 ;
3086 1997 3209 2052 hac
3232 2000 3386 2055 enim
3410 2017 3443 2056 a
3467 2002 3628 2058 nullo

1982 2076 2350 2150 intelligitur,
2405 2081 2790 2153 omniumque
2847 2083 3308 2156 intelligibilium
3341 2093 3431 2144 est
3462 2095 3628 2162 post-

1983 2181 2162 2220 rema.
2203 2167 2525 2224 Facultates
2580 2186 2752 2241 porro
2810 2171 3019 2228 animae
3069 2178 3228 2246 sunt,
3270 2177 3628 2246 aptitudines

1979 2259 2126 2326 aptas
2159 2258 2227 2311 ad
2261 2273 2543 2314 sensuum
2566 2259 2913 2317 functiones.

2053 2346 2298 2419 Oblz'que.
2327 2347 2472 2402 Hinc
2499 2349 2664 2404 vides
2695 2359 2914 2420 quanta
2954 2351 3031 2406 sit
3060 2353 3389 2411 differentia
3419 2358 3629 2416 anima:

1982 2435 2053 2490 ab
2086 2435 2596 2508 intelligibilibus:
2632 2436 2754 2494 haec
2797 2439 2977 2507 enim,
3038 2439 3516 2502 intellectualiter
3573 2453 3631 2504 et

1981 2525 2164 2591 unite,
2197 2525 2326 2592 hoc,
2362 2531 2450 2581 est
2479 2525 2650 2582 celeri
2706 2544 2806 2582 seu
2867 2527 3122 2601 simplici
3172 2534 3387 2590 mentis
3417 2553 3626 2609 appre-

1982 2613 2282 2679 bensione,
2344 2615 2674 2687 superiores
2735 2616 2964 2673 divinas
3012 2618 3345 2692 intelligunt
3372 2623 3626 2683 illustra-

1981 2703 2192 2767 tiones,
2216 2719 2342 2775 quzs
2387 2720 2490 2773 pro
2522 2704 2786 2774 ipsorum
2818 2711 2988 2777 captu
3023 2708 3390 2768 revelantur:
3425 2715 3624 2773 anima

1980 2810 2133 2864 vero,
2186 2796 2630 2851 ratiocinatione
2662 2802 2719 2852 et
2748 2798 3044 2868 discursu,
3077 2802 3133 2857 id
3164 2809 3254 2859 est
3284 2806 3342 2860 in
3373 2809 3623 2878 particu-

1978 2883 2126 2939 laria
2145 2883 2535 2956 divisa,atque
2565 2901 2634 2941 ex
2662 2888 3194 2948 communicatione
3213 2894 3624 2953 addiscensin-

1979 2973 2209 3046 telligit.
2233 2974 2396 3029 Mens
2428 2975 2604 3044 enim,
2631 2977 2700 3030 ad
2736 2979 3214 3038 ratiocinationes
3235 2983 3622 3056 descendens,

1980 3061 2177 3134 aliquo
2202 3063 2373 3118 modo
2405 3062 2690 3118 dividitur
2713 3068 2768 3120 et
2785 3065 3052 3137 pluribus
3066 3072 3496 3144 exemplaribus
3514 3091 3616 3132 seu

1979 3151 2773 3224 speciebusindiget,ratione
2805 3154 3172 3216 discurrente
3196 3167 3258 3216 ut
3287 3163 3542 3221 sublime
3563 3172 3620 3223 et

213 3237 406 3314 ἐνεργεῖ
432 3243 469 3309 ἡ
503 3240 662 3315 ψυχὴ
713 3238 802 3294 καὶ
851 3233 1249 3312 μεταϐατικῶς,
1301 3237 1390 3294 ὅτε
1418 3240 1507 3294 καὶ
1538 3245 1674 3294 νοεῖ’
1707 3243 1866 3294 τοῦτο

1986 3241 2402 3296 transcendens
2459 3240 2604 3295 illud
2653 3244 2808 3314 quod
2879 3246 3169 3318 cogitatur
3219 3260 3615 3323 representet.

213 3328 314 3403 γὰρ
345 3329 548 3384 οἰκεῖον
597 3333 802 3404 ψυχῆς,
854 3327 944 3382 καὶ
995 3327 1084 3382 ὅτε
1116 3326 1307 3400 ἔξωθεν
1341 3327 1428 3382 ἐπὶ
1458 3328 1526 3382 τὰ
1556 3326 1868 3404 ὑψηλότερα

212 3423 658 3492 χειραγωγεῖται·
694 3417 752 3472 ἐκ
781 3417 884 3493 γὰρ
915 3422 1023 3471 τῶν
1051 3415 1363 3492 ἀλλοτρίων
1394 3412 1687 3474 ἀναϐαίνει.

583 3710 654 3768 Al
685 3711 860 3784 ψυχαὶ
893 3710 946 3764 αἱ
981 3707 1200 3784 λογικαὶ
1225 3715 1494 3766 κινοῦνται

203 3800 236 3866 ἢ
266 3799 574 3867 κυκλικῶς,
793 3799 828 3866 ἢ
862 3795 1204 3866 ἱλικοειδῶς,
1431 3801 1465 3868 ἣ
1493 3800 1610 3854 κατ’
1638 3800 1867 3858 εὐθεῖαν.

270 3907 505 3962 Τούτων
580 3903 698 3971 οὖν,
754 3903 844 3958 καὶ
902 3908 1008 3958 τῶν
1070 3904 1365 3975 αἰσθητῶν.
1423 3906 1582 3978 ⁴Ὀρα,
1643 3906 1726 3959 ὅτι
1778 3907 1867 3960 καὶ

198 3999 303 4048 τῶν
352 3994 640 4064 αἶσθητῶν
699 3999 844 4067 τρεῖς
894 4015 1059 4067 φησιν
1110 3995 1242 4047 εἶναι
1296 3995 1392 4055 τὰς
1449 3997 1710 4064 κινήσεις
1767 3997 1868 4064 τὴν

197 4083 506 4154 κυκλοειδῆ
539 4082 758 4151 καὶ-τήν
819 4079 1118 4154 ἑλικοειδῆ,
1169 4083 1260 4138 καὶ
1305 4085 1403 4151 τήν
1462 4087 1581 4138 κατ’
1637 4084 1863 4147 εὐθεῖαν·

196 4174 564 4248 προαγόμεθα
597 4169 655 4226 δὲ
682 4171 882 4232 ταύτας
912 4177 1054 4225 νοεῖν
1089 4169 1149 4227 ἐκ
1177 4177 1285 4226 τῶν
1316 4173 1439 4246 περὶ
1483 4175 1667 4247 ψυχῆς
1716 4172 1866 4249 εἰρη-

201 4262 397 4334 μὲνωνο
449 4258 728 4328 κυκλικὴν
767 4260 863 4332 μὲν
893 4258 1081 4328 αὐτὴν,
1142 4260 1267 4315 ὅταν
1325 4261 1391 4315 τὰ
1443 4261 1674 4332 αἰσθητά
1730 4262 1866 4316 αὐτὰ

195 4352 329 4404 κατά
387 4353 494 4412 τὰς
557 4348 764 4412 οἰκείας
822 4346 1076 4421 δυνάμεις
1124 4349 1214 4403 καὶ
1286 4349 1581 4420 ποιότητας
1651 4349 1862 4426 ἐνεργῇο

199 4441 310 4493 οἷον
357 4444 476 4514 πῦρ
545 4442 862 4512 θερμαῖνον,
910 4438 998 4492 καὶ
1053 4435 1197 4512 ὕδωρ
1247 4441 1446 4512 ψῦχον,
1493 4439 1581 4493 καὶ
1633 4440 1699 4493 τὰ
1747 4440 1866 4511 ἑξῆς

194 4527 434 4598 ὁμοίως·
476 4522 878 4586 ἰλικοειδῶςθδ
919 4523 994 4597 δὲ,
1047 4526 1170 4579 ὅταν
1227 4521 1599 4598 μεταϐατικῶς
1648 4527 1863 4601 ἐνεργῇ,

1977 3330 2124 3401 Ergo
2156 3329 2355 3384 anima
2384 3329 2738 3387 commistim
2772 3337 2829 3387 et
2874 3338 3260 3394 transcursim
3320 3349 3618 3414 operatur,

1979 3421 2156 3475 etiam
2189 3420 2425 3490 quando
2458 3419 2931 3479 intellectualiter
2961 3425 3270 3500 intelligit:
3295 3431 3403 3487 hoc
3435 3434 3621 3504 siqui-

1978 3510 2111 3564 dem
2143 3509 2350 3563 anima:
2375 3511 2944 3583 proprium,quando
2965 3519 3126 3572 extra
3155 3534 3214 3573 se
3243 3520 3315 3574 ad
3349 3522 3628 3580 sublimia

1978 3597 2274 3652 elevatur:
2307 3614 2375 3652 ex
2405 3596 2614 3654 alienis
2645 3600 2802 3654 enim
2836 3603 3121 3658 ascendit.

2350 3713 2572 3769 Anima:
2605 3714 2920 3771 rationales
2954 3725 3260 3775 moventur

1977 3802 2082 3857 Aut
2107 3801 2160 3856 in
2186 3803 2390 3870 orbem,
2679 3808 2774 3858 aut
2795 3804 3028 3877 oblique,
3319 3818 3418 3868 aut
3447 3823 3620 3872 recta.

2050 3910 2253 3964 Horum
2284 3908 2478 3978 igitur,
2536 3909 2618 3964 uti
2672 3919 2725 3964 et
2778 3911 3089 3968 sensilium.
3152 3918 3416 3987 Adverte,
3465 3924 3623 3993 quod

1977 3998 2156 4053 etiam
2171 3998 2327 4052 dicat
2343 4002 2460 4052 tres
2474 4013 2602 4052 esse
2613 3999 2921 4055 sensilium
2936 4003 3626 4082 motiones,circularem,

1977 4085 2278 4158 obliquam
2301 4089 2359 4140 et
2379 4091 2596 4141 rectam
2619 4105 2640 4140 .·
2657 4090 3079 4157 persuademur
3099 4099 3293 4149 autem
3317 4111 3388 4152 ex
3408 4099 3628 4171 iisquae

1977 4175 2048 4229 de
2075 4176 2274 4229 anima
2294 4174 2451 4229 dicta
2473 4175 2994 4249 sunt,intelligere,
3019 4181 3364 4240 circularem
3387 4188 3628 4258 quidem

1977 4265 2374 4335 eam,quando
2396 4265 2636 4320 sensilia
2649 4269 2978 4323 secundum
3003 4273 3270 4341 proprias
3302 4275 3547 4334 virtutes
3567 4286 3626 4336 et

1977 4353 2296 4424 qualitates
2321 4359 2660 4424 operantur,
2697 4362 2759 4410 ut
2789 4356 2943 4427 ignis
2966 4359 3333 4431 calefaciens,
3365 4369 3424 4418 et
3469 4382 3625 4437 aqua

1976 4441 2349 4512 refrigerans,
2401 4441 2634 4513 aliaque
2690 4443 2962 4500 similiter
3019 4466 3034 4517 ;
3095 4448 3330 4520 oblique
3399 4459 3621 4525 autem,

1976 4527 2212 4597 quando
2279 4529 2736 4583 transcurrendo
2794 4536 3132 4600 operantur,
3193 4540 3260 4590 ut
3311 4536 3502 4606 pisces
3553 4555 3623 4595 ex

193 4617 307 4670 οἷον
365 4615 420 4688 ἐξ
488 4611 705 4669 ὑδάτων
754 4612 963 4688 ἰχθύες,
1022 4612 1111 4668 καί
1154 4613 1389 4679 πετεινὰ,
1447 4615 1536 4668 καὶ
1585 4616 1618 4684 ἠ
1672 4612 1867 4690 ῥάϐδος

1986 4617 2168 4686 aquis,
2201 4624 2256 4670 et
2283 4617 2575 4683 volucres,
2636 4625 2812 4690 atque
2862 4622 3023 4692 virga
3051 4625 3264 4693 Moysis
3293 4627 3350 4682 in
3379 4644 3620 4700 serpen-

191 4704 482 4765 Μωυσέως
524 4702 601 4763 εἱς
652 4697 801 4778 ὅφιν,
850 4700 939 4754 καὶ
969 4703 1035 4754 τὰ
1062 4705 1301 4754 νοιαῦτα·
1355 4703 1472 4754 κατ’
1522 4700 1727 4756 εὐθεῖαν
1788 4699 1866 4773 δὶ,

190 4790 314 4846 ὅταν
362 4794 534 4856 αὖθις
566 4791 644 4852 εἱς
675 4790 771 4850 τὰς
805 4789 1007 4850 οίκείας
1037 4789 1212 4864 ἀρχὰς
1242 4789 1531 4864 ἀνατρὲχῃ,
1564 4792 1678 4843 οἷον
1739 4791 1863 4845 ὅταν

189 4884 327 4954 μετὰ
359 4880 628 4936 διάλυσιν
658 4883 766 4933 τῶν
796 4879 1102 4952 γινομένων
1122 4877 1284 4933 πάλιν
1319 4879 1393 4940 εἱς
1422 4879 1489 4932 τὰ
1530 4884 1777 4953 στοιχεῖα
1799 4879 1866 4934 τὰ

189 4973 545 5048 ῖνθειρὸμενα
576 4965 904 5037 ἀναλύηται.

253 5061 359 5115 Καὶ
422 5060 652 5128 κίνησιν
686 5079 698 5090 ·
755 5056 984 5126 Κίνησιν
1040 5053 1100 5110 ἂν
1154 5077 1237 5118 τις
1309 5055 1610 5131 προαχθείη
1668 5059 1862 5125 νοῆσαι

180 5153 290 5203 τῶν
319 5151 616 5218 αἰσθητῶν
649 5146 751 5214 τὴν
785 5143 1083 5200 ἀλλοίωσιν
1125 5143 1218 5199 καί
1270 5146 1370 5214 τήν
1414 5143 1638 5222 φθοράνσ
1690 5144 1741 5215 ἐξ
1799 5143 1862 5200 οὗ

178 5239 279 5315 γὰρ
311 5242 350 5308 ἡ
385 5237 612 5304 στάσις,
649 5232 860 5290 τούτων
912 5233 1166 5306 σημαίνει
1211 5235 1310 5303 τήν
1356 5234 1588 5309 γένεσιν,
1647 5231 1861 5309 πρόδη-

1978 4709 2118 4770 tem,
2149 4721 2216 4760 ac
2246 4705 2466 4761 similia
2500 4731 2514 4772 ;
2547 4713 2702 4763 recta
2731 4713 3129 4782 vero,quando
3160 4731 3365 4770 rursus
3398 4717 3467 4771 ad
3493 4734 3627 4787 pro-

1977 4794 2103 4865 pria
2133 4793 2282 4848 redit
2312 4795 2620 4866 principia,
2657 4801 2720 4850 ut
2748 4815 2933 4868 quum
2973 4816 3100 4871 quae
3132 4811 3618 4877 corrumpuntur,

1975 4890 2102 4953 post
2125 4881 2573 4941 dissolutionem
2607 4902 2725 4940 suis
2757 4889 3215 4956 naturae,iterum
3245 4891 3305 4946 in
3332 4892 3617 4952 elementa

1975 4970 2369 5027 resolvuntur.

2044 5060 2116 5114 Ασ
2140 5064 2363 5116 motum.
2390 5061 2612 5118 Motum
2643 5063 2954 5118 crediderit
2984 5065 3118 5135 quis
3144 5081 3273 5122 esse
3303 5069 3615 5128 sensilium

1973 5147 2379 5205 alterationem
2408 5154 2466 5205 et
2487 5151 2920 5222 corruptionem
2947 5170 2960 5208 :
2987 5170 3056 5208 ex
3086 5171 3201 5226 quo
3235 5157 3392 5213 enim
3425 5163 3617 5217 status

1971 5237 2264 5309 signiﬁcat
2325 5239 2534 5295 horum
2592 5242 3027 5311 generationem
3087 5245 3468 5303 manifestum
3527 5251 3621 5308 est

1221 5467 1466 5526 VARUE
1502 5465 1894 5526 LECTIONES
1932 5467 2022 5525 ET
2060 5468 2621 5530 CORRECTIONES.

253 5682 300 5720 οι
333 5674 667 5757 γινομενας.
745 5671 792 5712 ⁸³
822 5671 888 5730 Ἦ
916 5675 1022 5728 τῶν
1054 5669 1212 5729 Θείων
1245 5675 1384 5728 νοῶν
1413 5673 1653 5743 κίνησις.
1729 5672 1777 5711 ⁸³
1807 5665 2172 5743 ὁποϐιϐηκός.
2245 5674 2292 5711 ⁸⁴
2321 5669 2619 5746 ἑλικοειδῆ.
