4000 6200
105 23 138 28 "
157 0 618 94 *ἐμῆ

413 376 518 430 259

1232 375 1595 428 APPENDIX
1641 377 1734 426 AD
1773 372 2012 428 OPERA
2050 375 2105 426 S.
2151 371 2464 426 DIONYSII
2503 373 3002 429 AREOPAGITE.

417 498 570 571 quod
605 501 800 552 motus
832 495 1192 553 contrarium
1224 495 1491 551 ostendat
1524 512 1536 550 :
1572 498 1710 550 nota
1757 493 1938 566 igitur
1967 509 2045 563 ea,

2173 489 2268 546 λον
2301 491 2374 553 ὡς
2407 493 2439 560 ἡ
2473 491 2688 563 κίνησις
2716 494 2777 548 τὸ
2808 491 3042 549 ἐναντίον
3077 492 3345 572 ἐμφαίνει·
3372 494 3667 567 σημείωσαι
3689 497 3785 571 οὖν,

416 603 546 660 qua
577 586 906 643 alterantur
960 588 1017 641 et
1063 588 1541 656 corrumpuntur,
1591 601 1659 639 ex
1717 583 1866 655 ipso,
1911 587 1967 639 et
1998 583 2058 638 in

416 677 564 750 ipso,
598 693 663 732 ac
695 677 755 731 in
786 676 982 748 ipsum
1015 674 1328 746 respicere.
1649 663 1654 666 ’

493 766 642 823 186
673 768 907 837 Propter
951 763 1096 836 quod
1142 766 1310 819 status
1367 764 1564 818 omnis.
1598 761 1843 834 Pr0pter
1899 761 2057 833 quod

415 859 508 912 est
537 857 756 911 bonum
792 859 848 910 et
878 853 1212 925 pulchrum.

490 945 657 1001 Omne
677 960 873 1011 unum,
913 952 963 999 et
1017 942 1333 998 multitudo.
1367 942 1668 1006 Quomodo
1700 939 2061 1012 intelligetur

418 1049 590 1090 omne
623 1050 805 1088 unum
839 1036 894 1088 et
923 1030 1286 1088 multitudo?
1307 1030 1581 1103 Suppone
1613 1031 1903 1085 mundum
1935 1029 2059 1085 uni-

415 1139 649 1180 versum
686 1138 959 1193 magnam
988 1138 1116 1177 esse
1148 1121 1572 1192 arborem,quse
1607 1121 1663 1174 in
1697 1119 1818 1175 suis
1835 1119 2058 1174 anima-

417 1215 494 1269 tis
516 1214 785 1285 partibus
839 1211 1022 1267 veluti
1079 1210 1368 1283 stirpibus
1416 1217 1472 1266 et
1503 1209 1867 1277 caudicibus,
1901 1226 1967 1266 ac
1997 1209 2058 1268 in

404 1301 660 1373 partium
692 1301 961 1373 partibus
991 1299 1167 1356 veluti
1201 1301 1406 1367 ramis,
1429 1299 1789 1356 ramusculis
1813 1304 1869 1355 et
1901 1299 2056 1356 foliis

403 1390 598 1462 aliquo
634 1391 805 1446 modo
837 1391 986 1446 vivat
1018 1389 1092 1460 (si
1125 1390 1283 1446 enim
1334 1389 1802 1460 unumquodque
1843 1387 2054 1444 horum

398 1483 686 1550 tanquam
717 1479 777 1534 in
809 1495 870 1534 se
909 1479 1234 1551 perfectum
1292 1477 1511 1533 animal
1574 1478 1856 1548 reputari,
1897 1477 2053 1549 quod

397 1567 724 1624 unitionem
758 1585 824 1623 ac
856 1567 1147 1633 ordinem,
1173 1568 1499 1622 secundum
1527 1583 1700 1637 quem
1733 1567 1905 1622 arbor
1928 1567 2055 1638 ipsa

395 1657 456 1712 in
490 1672 551 1711 se
585 1661 640 1712 et
670 1673 803 1711 cum
837 1656 966 1712 suis
988 1656 1257 1727 partibus
1291 1656 1524 1723 vivit,in
1561 1659 1681 1710 toto
1708 1660 1897 1710 servet
1929 1675 1942 1723 ;
1971 1655 2052 1711 ita

390 1747 613 1812 vivunt,
647 1763 774 1817 quae
829 1744 1168 1816 intelligunt
1199 1743 1677 1800 intellectualiter
1705 1748 1763 1798 et
1793 1743 2050 1799 rationa-

2172 579 2255 632 ὅτι
2279 581 2368 633 καὶ
2389 582 2434 617 ⁸³
2462 580 2528 636 τὰ
2560 581 2949 656 ἀλλοιούμενα,
2976 583 3066 638 xui
3087 583 3155 637 τὰ
3175 583 3526 661 φθειρόμενα,
3547 583 3596 656 ἐξ
3626 585 3786 657 αὐτοῦ,

2167 669 2256 722 καὶ
2289 665 2359 722 δι’
2392 671 2578 742 αὐτοῦ,
2611 671 2698 724 καὶ
2729 671 2807 733 εἷς
2837 671 2994 726 αὐτὸν
3025 671 3143 747 ὁρᾷ.

2241 758 2320 811 Δι’
2358 758 2387 812 6
2443 764 2585 813 πᾶσα
2633 763 2856 822 στάσις·
2913 760 2994 814 Δι’
3043 761 3072 816 ὃ
3131 760 3324 835 ἀγαθὸν
3375 761 3466 816 xui
3509 760 3668 816 καλὸν
3714 761 3790 836 6n-

2170 845 2377 903 λονότι.

2243 939 2349 991 Ηᾶν
2407 932 2462 991 ἓν
2518 936 2609 991 καὶ
2664 935 2900 1006 πλῆθος.
2963 942 3087 1002 Πῶς
3143 939 3468 1009 νοηθήσεται
3511 939 3574 994 τὸ
3628 939 3791 996 navi»

2168 1024 2257 1080 xui
2287 1022 2536 1095 πλῆθος;
2577 1026 2778 1090 ὑπόθου
2835 1027 2927 1080 τὸν
2986 1025 3162 1080 πάντα
3221 1027 3426 1101 κόσμον
3461 1029 3627 1106 φυτὸν
3659 1029 3792 1103 μέγα,

2167 1115 2282 1169 καθ’
2341 1113 2444 1170 ὅλα
2475 1115 2538 1169 τά
2583 1115 2722 1190 μέρη
2757 1114 2919 1169 αὐτοῦ
2949 1115 3016 1169 τὰ
3054 1113 3278 1190 ἔμψυχα
3313 1121 3418 1185 ζῶν
3448 1118 3650 1193 τρόπον
3673 1117 3792 1188 τινὰ,

2168 1207 2282 1258 οἷον
2317 1203 2527 1279 πρέμνα
2575 1204 2663 1258 καὶ
2713 1203 2975 1280 στελέχη,
3023 1204 3112 1258 xui
3157 1209 3266 1260 τῶν
3319 1209 3498 1278 μερῶν
3549 1207 3618 1261 τὰ
3654 1205 3793 1282 μέρη,

2166 1294 2278 1347 οἷον
2329 1289 2583 1360 κλάδους,
2613 1293 2914 1367 ἀκρέμονάς
2945 1313 3003 1348 τε
3051 1293 3142 1348 καὶ
3201 1292 3384 1372 φύλλα
3431 1295 3499 1364 (εἰ
3558 1297 3661 1371 γάρ
3717 1317 3795 1369 μοι

2161 1381 2368 1436 τούτων
2399 1381 2622 1437 ἓκαστον
2655 1384 2768 1438 οἷον
2803 1382 3086 1443 αὐτοτελὲς
3108 1386 3244 1451 ζῶον
3266 1379 3590 1450 ὑπολάϐοις,
3616 1389 3796 1459 τηροῦν

2165 1468 2222 1524 δὲ
2265 1471 2363 1539 τὴν
2397 1470 2447 1524 ἐν
2477 1475 2556 1542 τῷ
2586 1469 2702 1543 ὅλῳ
2748 1467 2940 1526 ἕνωσίν
2972 1492 3030 1525 τε
3073 1471 3162 1525 καὶ
3220 1472 3392 1542 τάξιν,
3444 1474 3562 1536 καθ’
3593 1475 3653 1542 ἢν
3682 1472 3794 1528 αὖτό

2164 1557 2220 1614 δε
2269 1561 2331 1614 τὸ
2364 1557 2580 1636 δένδρον
2619 1563 2683 1634 ζῇ
2742 1561 2861 1623 καθ’
2919 1561 3098 1632 ἑαυτὸ,
3148 1560 3237 1615 καὶ
3301 1561 3434 1634 μετὰ
3490 1566 3597 1616 τῶν
3655 1562 3797 1617 αὐτοῦ

2165 1653 2366 1723 μερῶν·
2432 1649 2506 1710 ὡς
2566 1646 2675 1703 ἔστι
2711 1651 2822 1720 ζῇν,
2876 1649 2940 1702 τὶ
2996 1649 3088 1722 μὲν
3140 1651 3302 1725 νοερά
3357 1655 3558 1724 νοερῶς
3617 1672 3672 1706 τι
3720 1652 3797 1706 xui

2161 1734 2422 1812 λογικῶς,
2471 1737 2538 1792 τά
2585 1735 2640 1792 δὲ
2687 1735 2857 1814 ἄλογα
2910 1737 3264 1808 αἰσθητικῶς,
3295 1739 3364 1794 τὰ
3394 1737 3451 1794 δὲ
3482 1739 3668 1814 ἄψυχα
3718 1743 3796 1794 καί

388 1832 588 1888 biliter
619 1833 738 1888 sive
791 1849 926 1887 cum
989 1831 1460 1899 ratiocinatione,
1487 1831 1660 1886 bruta
1689 1847 1824 1887 vero
1855 1833 2043 1887 sensi—

2165 1828 2332 1881 ἅπνοα
2381 1830 2617 1903 φυτικῶς
2665 1847 2723 1881 τε
2765 1827 2854 1881 xui
2900 1825 3174 1900 ἑκτικῶς),
3205 1827 3295 1882 καὶ
3329 1833 3437 1897 ζῶν
3481 1829 3604 1893 καθ’
3633 1827 3796 1901 ἑαυτὸ,

387 1920 540 1990 liter,
574 1921 837 1976 inanima
867 1924 1061 1975 autem
1093 1924 1150 1974 et
1181 1919 1425 1990 spiritus
1458 1920 1734 1990 expertia,
1762 1919 2041 1974 naturali-

390 2014 478 2065 ter
508 2026 574 2064 ac
596 2009 1019 2079 habitualiter),
1063 2014 1237 2080 atque
1295 2010 1354 2063 iu
1389 2026 1449 2064 se
1475 2008 1691 2076 vivens,
1726 2007 1878 2063 sicut
1926 2007 2040 2063 dixi

396 2099 859 2169 unumquodque
891 2097 1101 2162 vivere,
1134 2103 1190 2152 et
1219 2113 1353 2152 cum
1378 2100 1496 2153 toto
1522 2102 1716 2169 partes
1741 2097 2037 2152 universa-

395 2185 898 2258 lium,cognosces
928 2185 1110 2240 totius
1133 2185 1188 2239 in
1222 2202 1338 2240 uno
1397 2201 1739 2257 compagem
1789 2191 1846 2241 et
1903 2203 2038 2241 con-

390 2275 634 2344 victum,
668 2277 926 2345 itemque
958 2273 1015 2327 in
1050 2272 1452 2344 multitudine,
1469 2273 1717 2345 singulis
1745 2279 1880 2344 apta
1903 2291 2040 2346 pro-

390 2362 636 2435 priaque
665 2363 781 2416 vita
803 2361 1228 2433 viventibus,ut
1251 2361 1690 2417 diximus.lteru
1703 2379 1878 2433 mque
1902 2363 1948 2418 si
1973 2379 2041 2417 ex

391 2469 507 2508 uno
539 2456 597 2507 et
627 2450 753 2507 solo
784 2451 900 2507 Deo
934 2455 1074 2506 sunt
1103 2451 1324 2515 omnia,
1359 2452 1564 2506 merito
1624 2452 1801 2506 etiam
1853 2468 2037 2506 unum

387 2542 664 2597 dicuntur
695 2544 928 2612 propter
953 2539 1382 2612 colligationem
1415 2547 1472 2594 et
1493 2546 2039 2613 compagem,atque

391 2630 579 2685 multa
611 2633 848 2700 propter
877 2628 1100 2683 variam
1127 2627 1495 2701 singulorum
1529 2629 1806 2700 speciem.

463 2716 870 2786 Deﬁnitionem,
905 2716 1002 2771 Gr.
1063 2714 1114 2768 οἱ
1147 2712 1285 2788 ὅροι.
1317 2715 1476 2787 Ὅροι
1531 2732 1635 2770 seu
1671 2716 2038 2771 definitiones

397 2809 537 2862 sunt
568 2820 865 2860 sermones
888 2803 988 2875 qui
1021 2803 1388 2875 singularum
1414 2819 1606 2859 rerum
1641 2809 1911 2858 naturam
1941 2821 2038 2859 ex-

396 2893 635 2965 plicant,
651 2898 826 2964 atque
857 2908 1042 2964 genus
1072 2899 1128 2946 et
1158 2891 1546 2946 differentiam
1581 2896 1636 2947 et
1662 2892 1917 2963 speciem
1940 2893 2039 2948 de-

395 2981 641 3036 clarant.

468 3069 818 3140 Principium
876 3069 1209 3139 exemplare.
1273 3069 1639 3139 Exemplaris
1699 3085 1877 3124 causa
1935 3086 2034 3124 seu

398 3157 753 3231 principium
786 3160 876 3213 est
905 3155 1266 3227 illud,cujus
1315 3157 1529 3211 intuitu
1591 3157 1812 3229 aliquid
1862 3158 1929 3226 (ei
1962 3157 2038 3213 si-

398 3229 554 3318 mile)
587 3247 794 3301 ﬁt.[loc
821 3249 1016 3301 autem
1050 3249 1137 3299 est
1169 3248 1268 3299 aut
1299 3245 1430 3301 idea
1461 3263 1584 3315 quae
1607 3250 1696 3301 est
1727 3247 2040 3303 intellectio
2073 3229 2115 3296 C

397 3338 671 3410 perfecta,
703 3341 917 3391 aeterna
937 3335 1136 3390 aeterni
1159 3335 1282 3404 Dei,
1317 3339 1417 3389 aut
1447 3337 1744 3408 exemplar
1764 3341 2043 3393 aeternum

403 3426 759 3481 inexsistens
783 3425 1203 3493 natura»,cujus
1232 3429 1500 3496 respectu
1536 3443 1628 3480 res
1650 3431 1790 3480 sunt
1815 3445 1828 3495 ;
1855 3426 2044 3482 incor-

403 3530 588 3585 poreas
620 3514 834 3570 etenim
865 3516 1005 3568 sunt
1033 3513 1173 3567 idem
1222 3517 1277 3568 et
1307 3512 1679 3584 exemplaria,
1714 3513 1907 3569 ﬁnalis
1938 3533 2045 3570 au-

403 3609 520 3657 tem
553 3618 731 3658 causa
756 3618 855 3656 seu
892 3600 1244 3672 principium
1287 3605 1376 3656 est
1407 3601 1576 3671 cujus
1605 3602 1793 3673 gratia
1822 3602 2041 3674 aliquid

398 3690 813 3762 perficitur,vel
845 3689 1038 3746 ﬁnalis
1069 3706 1247 3745 causa
1276 3693 1366 3745 est
1386 3706 1511 3760 quae
1544 3691 1615 3744 ab
1647 3691 1851 3745 effectu
1876 3708 2042 3762 sepa-

397 3779 514 3838 rari
540 3780 760 3852 nequit,
796 3784 898 3835 aut
949 3796 1019 3835 ex
1075 3796 1193 3850 qua
1248 3778 1566 3834 exsistente
1597 3779 1820 3850 aliquid
1863 3782 1948 3848 ﬁt,
1981 3785 2046 3836 ut

396 3870 802 3927 universorum
838 3870 1101 3925 materia.
1135 3870 1289 3925 Deus
1311 3885 1448 3924 vero
1507 3868 1659 3925 hanc
1697 3871 1874 3926 etiam
1909 3887 2041 3942 pro-

399 3961 602 4030 duxit;
626 3961 885 4016 efﬁciens
907 3966 1100 4016 autem
1132 3978 1312 4017 causa
1341 3968 1431 4016 est
1460 3979 1587 4033 qua:
1620 3963 1691 4016 ab
1723 3962 1928 4018 eti‘ectu
1953 3979 2042 4018 se-

398 4051 602 4120 parata
629 4054 737 4119 est,
772 4054 837 4104 ut
870 4051 1018 4105 Deus
1051 4055 1106 4104 et
1130 4050 1319 4106 omnis
1349 4068 1383 4106 a
1411 4067 1527 4121 quo
1556 4049 1779 4121 aliquid
1813 4053 1897 4108 tit.

467 4228 534 4282 Et
589 4226 781 4282 omnia
826 4241 952 4298 qua)
1009 4242 1118 4281 non
1175 4231 1321 4281 sunt.
1384 4227 1683 4290 Quomodo
1743 4245 1867 4298 quae
1927 4246 2041 4284 non

395 4321 538 4371 sunt
569 4315 689 4371 sint
717 4315 778 4370 in
809 4316 982 4385 bono,
1015 4314 1094 4370 ita
1125 4315 1386 4386 intelligo
1414 4331 1425 4370 :
1453 4315 1734 4370 nimirum
1760 4317 1894 4386 quia
1919 4318 2042 4389 pri-

389 4403 653 4460 vationes
668 4408 807 4458 sunt
837 4404 893 4457 in
928 4403 1054 4474 ipso
1086 4403 1606 4474 superessentiales
1640 4424 1653 4470 ;
1681 4405 2042 4474 nequeenim

391 4493 777 4563 privationem
802 4492 1048 4548 dixerim
1107 4508 1238 4548 esse
1269 4492 1684 4559 substantiam,
1729 4491 1888 4547 velut
1916 4493 2042 4550 sine

2154 1916 2228 1978 ὡς
2277 1914 2406 1990 ἔφην
2465 1914 2688 1970 ἕκαστον
2721 1919 2816 1989 ζῇν
2868 1913 2957 1970 xui
3008 1916 3142 1988 μετά
3187 1921 3284 1970 τοῦ
3329 1915 3464 1972 ὅλου
3511 1921 3795 1988 κινητικῶς

2148 2005 2213 2058 τὰ
2270 2017 2405 2079 μερη
2443 2005 2577 2077 μετά
2603 2009 2710 2058 τῶν
2755 2004 3088 2074 καθολικῶν,
3135 2005 3317 2080 γνώσῃ
3346 2010 3440 2060 τοῦ
3469 2008 3677 2068 παντὸς
3705 2007 3792 2075 τὴν

2150 2093 2224 2156 εἷς
2281 2095 2342 2147 τὸ
2388 2092 2442 2148 ’ἐν
2476 2092 2745 2170 συμφυΐαν
2791 2115 2850 2148 τε
2900 2095 2989 2148 xui
3023 2094 3267 2164 σύζησιν,
3315 2095 3408 2149 xui
3452 2095 3548 2164 τήν
3613 2094 3686 2157 εἷς
3735 2095 3789 2149 τὸ

2148 2181 2385 2250 πλῆθος,
2417 2180 2490 2244 ὡς
2525 2181 2747 2237 ἑκάστου
2777 2182 3104 2258 προσφόρους
3133 2204 3192 2237 τε
3239 2184 3325 2237 καὶ
3361 2181 3518 2245 ’ἰδίως
3577 2189 3789 2253 ζῶντος,

2149 2269 2223 2333 ὠς
2273 2264 2496 2342 ἔφημεν.
2559 2270 2656 2324 Καὶ
2713 2269 2880 2324 πάλιν
2932 2271 2977 2325 si
3027 2269 3076 2343 ἐξ
3131 2271 3250 2334 ἒνὸς
3296 2271 3386 2326 καὶ
3441 2273 3614 2344 μόνου
3671 2274 3790 2326 Θεοῦ

2149 2359 2213 2412 τά
2260 2357 2452 2427 πάντα,
2485 2360 2710 2420 εἰκότως
2738 2359 2827 2414 καὶ
2876 2355 2932 2413 ’ἐν
2978 2357 3232 2434 λέγονται
3265 2357 3353 2418 διὰ
3400 2362 3500 2430 τήν
3552 2358 3786 2415 σύνδεσιν

2147 2448 2233 2502 καὶ
2268 2448 2646 2522 άρμονίαν,καὶ
2674 2447 2885 2518 πλῆθος
2918 2444 3006 2502 διὰ
3036 2450 3134 2516 τὴν
3167 2446 3510 2518 πολυαίδειαν
3539 2453 3654 2504 τῶν
3681 2449 3790 2511 καθ’

2148 2535 2372 2591 ἕκαστον
2384 2583 2396 2595 .

2218 2715 2280 2766 Oi
2311 2712 2450 2787 ὅροι.
2483 2717 2642 2788 ’Όροι
2673 2713 2806 2768 εἰσὶν
2836 2715 2887 2768 oi
2919 2712 3302 2790 ἐρμηνευτικοὶ
3333 2713 3486 2792 λόγοι
3543 2722 3649 2784 τῆς
3707 2715 3794 2769 οὒ-

2150 2802 2266 2866 σίας
2295 2803 2519 2858 ἑκάστου
2548 2807 2655 2858 τῶν
2685 2802 3040 2878 πραγμάτιον,
3071 2804 3161 2858 καὶ
3199 2808 3297 2859 τοῦ
3334 2806 3546 2880 γένους,
3579 2805 3670 2860 καὶ
3699 2809 3790 2874 τῆς

2151 2889 2433 2966 διαφορᾶς,
2466 2891 2554 2947 καὶ
2583 2891 2646 2946 τὸ
2674 2891 2726 2946 τί
2758 2890 2868 2946 ἐστι
2903 2889 3220 2963 δηλοῦντες.

2220 3073 2395 3147 Ἀρχὴ
2454 3067 2930 3146 παραδειγματική
2970 3114 2982 3126 .
3038 3067 3541 3146 Παραδειγματικὸν
3604 3069 3795 3141 αἴτιον,

2153 3159 2276 3230 ἤτοι
2336 3163 2482 3236 ἀρχή
2541 3159 2652 3215 ἐστι
2708 3163 2806 3215 τοῦ
2866 3160 3001 3232 πρὸς
3060 3160 3089 3213 ’ὀ
3142 3159 3343 3234 γίνεται
3400 3159 3461 3213 τὸ
3489 3159 3794 3234 γινόμενον·

2152 3255 2311 3306 τοῦτο
2371 3247 2427 3305 δέ
2485 3250 2624 3303 ἐστιν
2682 3249 2717 3318 ἦ
2779 3246 3068 3317 ἷδὲα,ἥτις
3119 3247 3229 3301 ἐστὶ
3259 3249 3449 3317 νόησις
3480 3245 3798 3316 αὐτοτελὴς,

2153 3338 2330 3402 ἀΐδιος
2355 3343 2451 3394 τοῦ
2483 3337 2660 3393 ἀϊδίου
2692 3341 2845 3392 Θεοῦ·
2948 3334 3291 3413 παράδειγμα
3324 3338 3542 3392 αἰώνιον
3577 3335 3797 3398 ἐνεστὼς

2151 3433 2219 3502 τῇ
2273 3428 2447 3506 φύσει,
2505 3428 2640 3501 πρὸς
2698 3427 2727 3480 ὃ
2779 3427 2985 3500 γίνεται
3043 3426 3110 3480 τὰ
3164 3425 3459 3501 γινόμενα·
3519 3425 3798 3498 ἀσώματοι

2153 3519 2256 3593 γὰρ
2312 3518 2365 3571 ui
2417 3514 2550 3570 ἰδέαι
2599 3515 2686 3569 καὶ
2735 3516 2804 3569 τὰ
2844 3511 3278 3590 παραδείγματα·
3327 3513 3542 3569 τελικὸν
3602 3512 3659 3568 δὲ
3714 3508 3798 3567 αἴ-

2150 3628 2289 3678 τιον,
2337 3603 2461 3674 ἤτοι
2495 3605 2640 3680 ἀρχή
2675 3603 2834 3674 ἐστιν,
2891 3604 2953 3658 τὸ
2986 3603 3046 3657 οὗ
3103 3598 3255 3659 ἕνεκα
3307 3603 3370 3658 τὸ
3413 3604 3702 3677 γινόμενον
3724 3623 3800 3657 τι·

2153 3695 2416 3751 λειοῦται·
2474 3695 2507 3761 ἦ
2547 3690 2760 3748 τελικὸν
2803 3689 2971 3746 α’ίτιόν
3024 3689 3189 3758 ἐστιν,
3241 3691 3271 3745 ὃ
3320 3691 3634 3766 ἀχώριστόν
3695 3690 3799 3746 ἔστι

2150 3789 2245 3838 τοῦ
2273 3782 2738 3854 ἀποτελέσματος·
2771 3782 2805 3849 ἢ
2835 3779 2886 3850 ἐξ
2932 3777 2994 3834 οὗ
3047 3777 3449 3855 ἐνυπάρχοντος
3504 3779 3713 3854 γίνεται
3741 3779 3800 3832 τὸ

2152 3871 2462 3948 γινόμενον,
2508 3868 2581 3931 ὡς
2612 3871 2647 3938 ἡ
2678 3873 2785 3923 τῶν
2819 3867 2962 3923 ὅλων
2997 3866 3126 3938 ὕλη·
3174 3869 3201 3922 6
3235 3865 3293 3922 δὶ
3324 3869 3452 3929 Θεὸς
3480 3867 3571 3922 καὶ
3602 3869 3798 3936 ταύτην

2150 3963 2448 4035 παρήγαγε·
2499 3957 2785 4027 ποιητικὸν
2819 3953 2876 4010 δὲ
2899 3954 3070 4011 α’ίτιόν
3118 3955 3227 4011 ἰστι
3285 3957 3347 4010 τὸ
3390 3959 3800 4031 κεχωρισμένον

2150 4054 2246 4104 τοῦ
2278 4045 2737 4116 ἀποτελέσματος,
2769 4045 2844 4107 ὡς
2875 4047 2902 4098 6
2932 4045 3082 4114 Θεὸς,
3123 4045 3214 4100 xui
3257 4049 3362 4106 πᾶς
3396 4046 3481 4122 ὑφ’
3514 4043 3576 4098 οὗ
3606 4046 3802 4120 γίνεται

2148 4139 2212 4191 τὸ
2239 4135 2546 4212 γινόμενον.

2224 4225 2324 4280 Καὶ
2383 4222 2555 4278 πάντα
2603 4222 2668 4276 τὰ
2727 4223 2830 4277 οὐκ
2885 4218 3034 4279 ὄντα.
3091 4224 3309 4284 Πῶςτὰ
3369 4224 3445 4293 μὴ
3480 4216 3616 4275 ὄντα
3648 4221 3698 4275 ἐν
3730 4223 3805 4291 τῷ

2154 4314 2334 4388 ἀγαθῷ
2394 4311 2535 4366 οὕτω
2580 4311 2798 4382 νόησον·
2855 4308 3042 4380 ἐπειδὴ
3104 4311 3157 4364 αἱ
3217 4311 3496 4384 στερήσεις
3551 4308 3607 4364 ἐν
3663 4309 3809 4379 αὺτῷ

2153 4405 2283 4458 εἶσιν
2339 4397 2694 4475 ὑπερουσίως·
2748 4397 2870 4454 οὔτε
2915 4399 3014 4473 γάρ
3067 4399 3126 4454 ἂν
3193 4396 3423 4472 ε’[ποιμι
3468 4397 3653 4452 οὐσίαν
3714 4398 3809 4464 τὴν

2154 4493 2426 4564 στέρησιν,
2482 4491 2593 4544 οἷον
2642 4487 2906 4564 ἄναρχος,
2937 4485 3230 4565 ἄφθαρτος,
3281 4486 3540 4548 ἀθάνατος
3590 4487 3682 4541 καὶ
3718 4484 3813 4540 ὅσα

392 4581 711 4653 principio,
731 4579 1220 4651 incorruptibilis,
1255 4580 1608 4635 immortalis
1630 4585 1687 4636 et
1719 4597 1850 4652 qua:
1877 4583 2039 4652 ejus-

2165 4581 2374 4635 τοιαῦτά
2405 4578 2536 4633 ἐστι·
2595 4577 2684 4631 καὶ
2731 4578 2832 4652 γὰρ
2878 4576 2976 4631 οὐκ
3024 4574 3133 4631 ἔστι
3176 4581 3345 4631 ταῦτα
3401 4577 3428 4631 6
3482 4575 3636 4647 Θεὸς,
3698 4575 3812 4629 ἐπεὶ

396 4671 556 4725 modi
585 4688 599 4739 ;
632 4685 824 4742 neque
853 4669 1009 4724 enim
1041 4676 1198 4724 Deus
1228 4674 1319 4725 est
1348 4669 1501 4724 idem
1535 4686 1667 4725 cum
1697 4669 2044 4741 illis,quan-

395 4759 714 4830 doquidem
747 4763 883 4814 ante
915 4774 982 4813 ea
1012 4758 1292 4826 exsistat;
1327 4775 1392 4813 ex
1413 4758 1540 4829 ipso
1563 4759 1716 4814 enim
1743 4759 2042 4830 cognitum

394 4851 486 4902 est
515 4848 654 4919 quid
692 4847 814 4903 haec
845 4851 1020 4915 sunt;
1083 4848 1354 4917 equidem
1415 4863 1604 4918 neque
1651 4848 1792 4918 quid
1825 4865 1936 4904 non
1969 4851 2047 4903 sit

393 4941 546 4991 Deus
577 4937 728 4991 181
767 4936 1095 5005 noscimus,
1135 4936 1221 4990 vel
1282 4936 1576 5007 quomodo
1627 4935 1957 5001 ineli‘abilis,
1991 4940 2048 4991 et

393 5025 1056 5098 incomprehensibilis;
1091 5041 1206 5080 non
1241 5024 1397 5080 enim
1418 5023 1539 5078 haec
1570 5029 1712 5080 sunt
1739 5024 1866 5093 ejus
1885 5025 2044 5095 prin-

395 5113 637 5185 cipium,
669 5114 767 5170 sed
801 5131 869 5170 ex
894 5114 1061 5184 ipso:
1099 5113 1226 5184 ipse
1254 5113 1435 5185 igitur
1469 5112 1643 5170 etiam
1679 5113 1867 5183 ipsius
1899 5113 2046 5169 nihil

397 5207 486 5256 est
518 5206 741 5268 auctor,
775 5219 907 5257 cum
941 5202 1062 5257 sint
1092 5201 1291 5258 omnia
1335 5201 1434 5256 illo
1466 5200 1811 5272 posteriora,
1838 5218 2047 5258 secun-

397 5289 540 5344 dum
585 5290 906 5346 exsistendi
936 5295 993 5346 et
1042 5306 1156 5346 non
1211 5291 1529 5347 exsistendi
1587 5307 1826 5347 causam
1859 5307 1873 5347 :
1910 5308 2044 5348 nam

2153 4669 2242 4724 xui
2275 4669 2380 4744 πρὸ
2408 4665 2613 4722 τούτων
2648 4664 2810 4719 ἐστίν·
2845 4665 2896 4736 ἐξ
2928 4663 3091 4720 αὐτοῦ
3133 4664 3235 4741 γὰρ
3283 4663 3547 4737 ἐγνώσθη,
3599 4664 3654 4718 τί
3707 4662 3816 4718 ἐστι

2152 4762 2320 4814 ταῦτα
2349 4757 2438 4812 καὶ
2470 4759 2600 4830 γοῦν
2653 4752 2776 4809 οὐδὲ
2818 4754 2871 4808 τί
2921 4753 3020 4808 οὐκ
3063 4749 3202 4809 ἔστιν
3256 4755 3284 4808 ὁ
3333 4753 3487 4820 Θεὸς,
3542 4754 3817 4826 γινώσκο-

2159 4868 2276 4919 μεν,
2308 4847 2342 4915 ἣ
2375 4848 2493 4906 πῶς
2540 4841 2777 4919 seem“
2822 4841 2913 4898 xui
2960 4841 3369 4914 ἀκατάληπτος·
3414 4840 3480 4896 οὐ
3511 4841 3615 4916 γάρ
3644 4844 3816 4895 ταῦτα

2157 4936 2304 5010 ἀρχὴ
2334 4933 2520 5004 αὐτοῦ,
2546 4931 2672 4987 ἀλλ’
2705 4931 2755 5001 ἐξ
2788 4931 2971 4985 αὐτοῦ·
3008 4930 3168 4993 αὐτὸς
3219 4929 3312 4986 οὗν
3354 4930 3445 4986 καὶ
3486 4935 3584 4985 τοῦ
3637 4927 3818 5002 μηδι-

2155 5025 2246 5085 νὸς
2280 5022 2452 5084 α’ίτιος
2499 5023 2714 5076 πάντων
2765 5021 2930 5076 αὐτοῦ
2989 5019 3224 5096 ὑστέρων
3280 5015 3472 5086 ὄντων,
3513 5019 3651 5073 κατά
3713 5019 3812 5084 τὴν

2153 5117 2254 5169 τοῦ
2286 5112 2528 5167 εἶναικαὶ
2555 5110 2630 5184 μὴ
2667 5111 2796 5164 εἶναι
2827 5109 3022 5164 αἱτίαν·
3059 5109 3149 5164 xui
3179 5109 3280 5184 γὰρ
3312 5108 3477 5164 αὐτοῦ
3524 5109 3588 5162 τὸ
3640 5104 3819 5180 μηδὲν

2157 5201 2407 5276 στέρησίς
2464 5201 2627 5255 ἐστιν·
2673 5192 2788 5274 ἔχει
2838 5198 2940 5274 γάρ
2989 5197 3052 5253 τὸ
3083 5199 3216 5253 εἶναι
3267 5195 3356 5252 διὰ
3383 5197 3445 5252 τὸ
3474 5193 3646 5270 μηδὲν
3682 5197 3819 5251 εἶναι

2154 5294 2262 5346 τῶν
2311 5285 2503 5344 ὄντων·
2555 5288 2758 5361 καὶμὴ
2807 5284 2881 5342 ὢν
2921 5286 3031 5342 ἐστι
3075 5284 3164 5342 διὰ
3207 5287 3269 5342 τὸ
3319 5287 3448 5341 εἷναι
3496 5285 3587 5340 καὶ
3648 5286 3820 5360 ὑπερ·

1382 5527 1623 5585 νΑιιιλΕ
1660 5528 2043 5586 LECTIONES
2081 5528 2174 5586 ET
2213 5525 2770 5584 CORBECTIONES.

458 5677 504 5715 ⁸⁸
533 5676 608 5743 ὠς
635 5674 744 5733 καί.
