4000 6200
255 58 388 90 ’ῬῖΒέ

151 375 256 431 261

914 375 972 428 Β.
1014 375 1282 428 MAXIMI
1319 371 1625 426 SCHOLIA
1663 371 1736 425 IN
1777 372 1910 424 LIB.
1952 372 2047 424 DE
2085 373 2354 426 DIVIle
2393 373 2802 428 NOMINIBUS.

3461 378 3569 433 262

158 502 316 566 εἶναι,
347 497 520 551 πάντα
577 494 679 566 ὢν,
713 496 790 559 ὡς
817 495 1074 566 ποιητὴς,
1098 495 1188 549 καὶ
1227 491 1395 566 μηδὲν
1429 492 1526 562 ὣν,
1553 491 1628 554 ὠς
1659 491 1818 566 ὑπερ-

1956 511 2125 566 psum
2156 494 2325 565 nihil,
2383 501 2475 552 est
2525 495 2770 567 privatio
2805 513 2817 551 :
2851 496 3027 552 habet
3055 498 3212 554 enim
3241 516 3390 568 esse,
3422 503 3570 559 nihil

160 581 431 657 ϐεϐηκώς·
469 582 686 658 μᾶλλον
719 581 777 638 δὶ
822 584 913 638 καὶ
962 577 1454 659 ὑπεραναϐεϐηκὼς
1498 582 1589 636 καὶ
1651 582 1814 656 ὑπερ-

160 675 338 736 ούσιος
371 671 467 730 ὢν.
501 674 802 748 Ἀνάγνωθι
823 671 912 728 καὶ
969 673 1021 727 ἐν
1077 677 1156 744 τῷ
1203 673 1455 748 προτέρῳ
1486 669 1683 750 φύλλῳ
1710 673 1810 740 τήν

159 765 291 837 ἐμὴν
324 763 692 840 παραγραφὴν
719 761 844 838 περὶ
873 766 973 816 τοῦ
1007 763 1082 834 μὴ
1118 758 1299 824 ὄντος.

1922 599 2126 640 eorum
2160 600 2286 657 qua»
2318 590 2460 640 sunt
2479 585 2900 656 exsistendo,et
2925 585 3069 640 nihil
3093 592 3184 642 est
3204 604 3338 644 cum
3368 594 3566 648 tamen

1925 672 2001 728 sit
2012 673 2346 730 exsistendo
2359 678 2417 729 et
2431 690 2612 746 supra
2624 673 3272 745 exsistendo,exsistens
3293 678 3492 734 omnia
3507 686 3572 736 ut

1924 767 2169 829 creator,
2199 766 2257 817 et
2312 761 2457 817 nihil
2514 763 2808 820 exsistens
2846 767 2912 818 ut
2941 765 3368 821 transcendens
3401 785 3414 834 ;
3449 767 3568 824 imo

159 855 348 928 potius
379 854 990 927 supertranseendens
1013 857 1071 909 et
1101 850 1616 925 superessentialis
1645 849 1955 908 exsistens.
1993 852 2142 924 Lege
2173 851 2348 908 etiam
2379 852 2440 908 in
2473 851 2649 924 priori
2680 851 2818 908 folio
2849 869 3040 909 meam
3097 853 3169 908 de
3227 871 3344 910 non
3375 860 3570 914 mente

161 943 654 1002 observationem.

226 1032 330 1087 Καὶ
401 1029 468 1084 τά
516 1027 668 1098 ἥττω
722 1033 830 1084 τῶν
886 1028 1207 1103 κρειττόνων
1244 1069 1258 1084 .

1324 1029 1648 1105 Ιιαρὲγραψα
1717 1025 1808 1081 καὶ

1998 1033 2062 1086 Et
2097 1029 2385 1101 inferiora
2414 1030 2736 1102 superiora.
2769 1030 3050 1086 Adnotavi
3105 1047 3340 1104 quoque
3393 1049 3574 1105 supra

159 1122 264 1175 ἂνω
320 1119 388 1174 τὸ
445 1120 641 1192 ὅμοιον
699 1117 753 1174 ἐν
812 1122 890 1190 τῷ
946 1119 1153 1195 πρώτῳ
1181 1116 1484 1196 κεφαλαίῳ,
1517 1118 1599 1170 ὅτι
1633 1115 1711 1170 ἀεὶ
1745 1115 1812 1169 τὰ

1956 1136 1979 1173 a
2004 1119 2194 1190 primo
2226 1119 2413 1191 capite
2444 1118 2663 1191 aliquid
2722 1118 2936 1184 simile,
2983 1119 3260 1176 nimirum
3296 1122 3574 1178 inferiora

161 1202 544 1277 ὑποϐεϐηκότα
580 1205 939 1283 ἐπέστρκπται
988 1209 1125 1281 πρὸς
1177 1209 1245 1261 τὰ
1303 1205 1675 1282 ὑπερκείμενα,
1735 1203 1810 1266 ὠς

1956 1223 2152 1278 smper
2180 1209 2437 1265 converti
2470 1209 2539 1264 ad
2575 1208 2902 1280 superiora,
2925 1213 2987 1262 ut
3017 1225 3149 1280 qua;
3180 1209 3253 1264 ab
3287 1209 3403 1264 illis
3436 1226 3575 1265 con-

163 1299 246 1354 ὑπ’
271 1295 498 1352 ἐκείνων
549 1295 917 1371 περιεχόμενα
973 1297 1061 1350 καὶ
1120 1295 1516 1371 προνοούμεναο
1565 1314 1812 1349 κοινωνι-

1923 1295 2224 1353 tineantur
2253 1302 2309 1352 et
2337 1304 2790 1365 conserventur;
2823 1297 3218 1352 communiter
3247 1303 3443 1354 autem
3479 1316 3578 1371 pa-

159 1391 263 1448 κῶς
293 1383 356 1441 δὶ
385 1385 456 1440 τὰ
486 1384 798 1460 ὁμόστοιχα
824 1389 932 1440 τῶν
963 1387 1278 1460 ὁμοταγῶν,
1301 1385 1390 1440 καὶ
1420 1382 1610 1445 ἀπλῶς
1642 1384 1816 1438 πάντα

1956 1386 2012 1442 ia
2043 1391 2244 1442 amant
2273 1386 2519 1458 paria,et
2549 1385 2814 1442 absolute
2837 1386 3038 1442 omnia
3068 1387 3316 1443 invicem
3339 1392 3397 1442 et
3417 1388 3576 1459 seip-

160 1474 424 1546 ἀλλήλων
457 1476 546 1530 καὶ
580 1473 814 1530 αὐτῶν⁸⁸
853 1473 962 1548 ἐρᾷ.
1020 1472 1224 1547 [Αλλὰ]
1257 1474 1346 1529 καὶ
1379 1475 1407 1530 ὁ
1439 1474 1570 1535 Θεὸς
1599 1471 1813 1528 πάντων

160 1564 264 1640 ἐρᾷ,
289 1563 390 1618 ’ίνα
416 1565 488 1619 τὰ
515 1565 692 1618 πάντα
719 1561 893 1638 ἀγαθά
923 1566 1155 1637 ποιήσῃ.

226 1652 407 1714 Αὐτὸς
455 1654 557 1728 γὰρ
608 1653 638 1707 ὁ
701 1651 1060 1728 ἀγαθοεργός.
1120 1654 1452 1724 Θαυμαστῶς
1509 1649 1678 1726 λέγει,
1737 1649 1820 1705 ὅτι

165 1741 360 1816 ἀγαθὸς
418 1738 586 1814 ἰρως,
647 1739 700 1795 ἐν
732 1744 810 1811 τῷ
838 1739 1026 1814 ἀγαθῷ
1053 1741 1454 1816 προϋπάρχων,
1489 1738 1588 1793 οὐκ
1616 1734 1824 1810 ἔμεινεν

163 1831 384 1904 ἄγονος,
426 1826 555 1883 ἄλλ’
583 1825 760 1883 ’ἄτεκεν
793 1830 928 1901 ἡμῖν
957 1826 1052 1882 τὸν
1077 1827 1278 1902 ἀγαθὸν
1307 1826 1506 1903 ἔρωτα,
1540 1824 1609 1881 δι’
1640 1825 1696 1880 ὅν
1729 1829 1825 1880 τοῦ

163 1919 333 1975 καλοῦ
386 1918 474 1972 καὶ
524 1918 730 1991 ἀγαθοῦ
760 1914 1036 1994 ἐφιέμεθαο
1088 1917 1384 1992 πρακτικὸν
1433 1921 1535 1990 γαρ
1584 1915 1674 1970 καὶ
1705 1935 1824 1991 γεν·

173 2007 396 2077 νητικὸν
421 2007 482 2061 τὸ
513 2011 668 2062 Θεῖον
691 2005 827 2060 κατά
873 2006 935 2060 τὸ
972 2005 1286 2080 εἰρημένον.
1353 2005 1416 2061 Ὁ
1476 2006 1662 2080 Πατήρ
1722 2024 1826 2077 μου

171 2094 270 2157 ἓως
321 2094 445 2171 ἄρτι
507 2093 814 2170 ἐργάζεται,
845 2094 998 2170 κάγὼ
1057 2093 1375 2170 ἐργάζομαι.
1421 2093 1738 2166 Σημείωσαι
1771 2089 1828 2147 δὶ

176 2184 406 2249 ἐντεῦθεν
471 2185 686 2253 κίνησιν
747 2182 912 2238 θείαψ
973 2185 1001 2238 ὁ
1032 2185 1137 2258 γὰρ
1168 2182 1498 2258 ἀγαθοεργὸς
1535 2179 1673 2256 ἔρως
1718 2181 1828 2236 ἐκί-

178 2295 295 2344 νησε
349 2273 416 2328 τὸ
447 2279 596 2337 θεῖον
657 2271 732 2333 είς
778 2267 1055 2347 πρόνοιαν,
1090 2271 1165 2332 εἰς
1219 2271 1470 2326 σύστασιν
1500 2273 1686 2343 ἡμῶν,
1746 2267 1830 2324 ἵνα

176 2363 257 2418 καὶ
306 2359 681 2436 πρακτικὸνῇ
728 2360 1076 2432 κινούμενον,
1122 2359 1212 2413 καὶ
1271 2360 1346 2433 μὴ
1401 2360 1556 2433 μείνῃ
1612 2361 1827 2435 ἄγονονο

175 2452 455 2508 tat-ceuceu
499 2453 715 2520 νοήσεις
760 2450 852 2504 καὶ
908 2449 994 2522 τὸ,
1047 2445 1283 2522 μονάδος
1343 2450 1437 2522 μὶν
1494 2447 1830 2519 κινηθείσης,

174 2542 255 2597 καὶ
309 2541 376 2596 τά
421 2541 550 2610 ἑξῆς
607 2538 871 2615 εἷρημένα
915 2543 996 2611 τῷ
1045 2536 1288 2614 θεολόγῳ
1334 2536 1621 2614 Γρηγορίῳ
1669 2536 1719 2592 ἐν
1752 2541 1830 2609 τῷ

171 2632 369 2704 πρώτῳ
399 2630 535 2704 περὶ
567 2629 718 2684 Υἱοῦ.

243 2719 578 2788 Γεννητικὴν
614 2711 950 2790 ὑπερϐολήν.
975 2717 1225 2772 Τουτὲστι
1257 2717 1356 2785 τήν
1388 2714 1560 2771 κτίσιν
1591 2717 1834 2790 παρήγα-

174 2830 282 2883 γεν,
311 2807 456 2862 ὥστε
487 2807 610 2880 περὶ
663 2805 831 2874 αὐτὴν
878 2805 946 2860 τὰ
985 2811 1087 2876 τῆς
1119 2805 1404 2881 ἀγαπητῆς
1435 2801 1832 2870 ἐπιδείκνυσθαι

178 2899 438 2967 κινήσεως
447 2938 464 2954 .

245 2989 388 3055 §XL
443 2983 556 3041 Καὶ
609 2985 685 3056 μή
733 3003 815 3044 τις
861 2985 1007 3056 ἡμᾶς
1035 2981 1252 3038 οίέσθω.
1307 2981 1622 3054 Σημείωσαι
1655 2982 1736 3038 ὅτι
1771 2982 1832 3039 οὐ

182 3070 342 3127 δεῖτά
371 3070 786 3148 ἀπεμφαίνοντα
822 3069 1064 3142 ὀνόματα
1120 3067 1297 3144 λέγειν
1361 3067 1506 3144 [περὶ
1555 3071 1734 3143 Θεοῦ],
1788 3069 1834 3125 εἰ

185 3163 252 3232 μή
283 3182 341 3236 γε
369 3161 467 3215 καὶ
504 3159 555 3214 ἐν
587 3159 703 3231 θείᾳ
747 3157 1067 3235 ἐμφεροιντο
1120 3161 1329 3234 Γραφῇ,
1382 3157 1455 3219 ὠς
1501 3158 1589 3213 καὶ
1621 3163 1707 3213 νῦν
1737 3179 1836 3213 πε-

1927 1493 1994 1531 sa
2017 1493 2031 1544 ;
2055 1477 2298 1547 ipseque
2332 1477 2483 1532 Deus
2513 1480 2672 1532 amat
2705 1475 2999 1538 universa.
3035 1481 3098 1531 ut
3125 1476 3324 1532 omnia
3360 1475 3580 1532 efﬁciat

1931 1568 2106 1623 bona.

2003 1659 2119 1728 Ipse
2139 1657 2290 1713 enim
2321 1656 2565 1727 bonifex.
2601 1656 2949 1712 Mirabiliter
2978 1656 3140 1725 dicit,
3175 1657 3394 1712 bonum
3421 1672 3582 1713 amo-

1935 1761 2079 1814 rem,
2112 1744 2168 1800 in
2197 1745 2349 1800 bono
2382 1746 2907 1816 presexsistentem,
2942 1761 3056 1800 non
3092 1744 3383 1801 mansisse
3414 1745 3584 1800 infm-

1934 1835 2216 1901 eundum,
2243 1835 2343 1888 sed
2377 1835 2592 1889 bonum
2627 1834 2924 1905 peperisse
2957 1848 3241 1899 amorem,
3277 1850 3378 1906 per
3407 1850 3584 1905 quem

1936 1921 2245 1994 pulchrum
2281 1923 2570 1977 etbonum
2593 1922 2929 1993 appetimus
2957 1922 3184 1991 ;divina
3203 1923 3358 1978 enim
3375 1928 3587 1980 natura

1935 2016 2212 2083 operatur
2239 2016 2297 2065 et
2328 2017 2588 2083 generat,
2613 2010 2784 2080 juxta
2839 2009 2981 2065 illud
3029 2010 3338 2081 Scriptum
3371 2027 3384 2067 :
3418 2015 3588 2068 Pater

1935 2115 2087 2155 meus
2119 2116 2287 2171 usque
2313 2100 2470 2154 modo
2495 2109 2776 2170 operatur,
2807 2103 2858 2154 et
2888 2115 2985 2170 ego
3013 2115 3206 2171 aperor
3234 2100 3487 2171 (a).Nota
3518 2118 3586 2158 ex

1937 2189 2047 2245 hoc
2078 2188 2202 2245 loco
2235 2189 2491 2244 divinam
2526 2188 2866 2255 motionem,
2898 2205 3031 2244 nam
3061 2206 3226 2244 amor
3247 2189 3384 2244 boni
3409 2206 3590 2246 causa

1940 2278 2122 2333 movit
2151 2277 2514 2332 divinitatem
2546 2277 2617 2331 ad
2642 2277 3092 2348 providentiam,
3124 2277 3195 2332 ad
3229 2277 3412 2332 nostri
3435 2293 3589 2334 crea-

1938 2367 2176 2434 tionem,
2210 2367 2473 2421 utetiam
2523 2369 2866 2437 operaretur
2925 2364 3025 2435 qui
3077 2366 3435 2431 movebatur,
3478 2381 3585 2421 nec

1940 2458 2271 2510 remaneret
2299 2453 2550 2522 sterilis;
2601 2470 2670 2509 ex
2729 2453 2837 2508 hoc
2869 2451 3160 2524 intelliges
3207 2453 3383 2508 etiam
3417 2452 3586 2522 illud,

1942 2543 2179 2600 monade
2205 2543 2422 2615 quidem
2454 2549 2601 2598 mota
2632 2563 2651 2610 ;
2676 2547 2734 2597 et
2780 2558 2908 2614 quaa
2941 2541 3217 2614 deinceps
3245 2541 3526 2599 dicuntur
3555 2558 3590 2598 a

1943 2632 2135 2688 divino
2167 2630 2445 2703 Gregorio
2477 2631 2536 2686 in
2569 2629 2758 2704 primo
2791 2631 2860 2686 de
2884 2628 3049 2686 Filio.

2015 2721 2325 2778 Generamti
2355 2720 2773 2778 excellentiam.
2807 2721 2869 2776 Id
2919 2726 3034 2789 est,
3086 2724 3411 2776 creaturam
3453 2737 3588 2792 pro-

1943 2811 2362 2882 duxit,utcirca
2392 2811 2584 2883 ipsam
2616 2809 2889 2866 amabilis
2921 2810 3200 2866 motionis
3229 2810 3422 2866 ofﬁcia
3445 2826 3594 2881 pras-

1943 2904 2146 2955 staret.

2014 2992 2042 3057 §
2071 2988 2169 3044 XI.
2202 2988 2382 3059 Neque
2409 3002 2533 3044 vero
2568 3003 2666 3042 nos
2710 2987 3009 3058 quisquam
3059 2993 3232 3059 putet.
3289 2987 3438 3043 Nota
3469 2987 3590 3042 dis-

1945 3081 2228 3134 sentanea
2258 3077 2498 3132 nomina
2528 3094 2644 3133 non
2677 3093 2806 3132 esse
2837 3076 3274 3147 pronuntianda
3304 3077 3398 3146 [de
3428 3076 3590 3148 Deo],

1945 3167 2060 3222 nisi
2086 3168 2142 3221 in
2177 3164 2480 3237 Scriptura
2511 3165 2899 3237 reperiantur,
2934 3165 3088 3220 sicut
3115 3165 3292 3221 etiam
3323 3165 3495 3220 modo
3525 3166 3598 3221 de

181 3251 232 3321 ρὶ
270 3248 478 3323 ἔρωτός
513 3267 665 3326 φησι·
716 3247 806 3302 καὶ
866 3246 948 3301 ὅτι
979 3246 1042 3302 οὐ
1089 3247 1201 3320 χρὴ
1259 3245 1548 3322 προσέχειν
1609 3245 1829 3318 λέξεσιν,

1956 3271 2144 3311 amore
2160 3255 2511 3325 dicil,neque
2531 3255 2816 3310 dictiones
2837 3254 3393 3320 attendendum,sed
3417 3255 3596 3310 ﬁnem

183 3335 323 3393 ἀλλὰ
344 3343 412 3412 τῇ
445 3336 680 3410 δυνάμει
719 3340 816 3391 τοῦ
867 3339 1090 3390 σκοποῦ’
1153 3333 1312 3396 θείως
1371 3336 1474 3410 γὰρ
1528 3334 1661 3390 αὐτὰ
1701 3333 1836 3409 διὲξ-

183 3447 300 3484 εισι.

249 3518 326 3570 Δι’
353 3515 561 3590 ἐτέρων
594 3510 986 3587 όμοδυνάμων.
1018 3514 1138 3568 ’Ὁτι
1169 3511 1260 3566 καὶ
1296 3508 1384 3566 διὰ
1431 3517 1538 3567 τῶν
1587 3510 1842 3568 ΐσοδυνά-

186 3626 298 3678 μων
330 3605 389 3659 οὗ
414 3603 753 3676 κωλυόμεθα
785 3603 1042 3658 ἐκωωνεῖν
1088 3601 1180 3662 τὰς
1241 3599 1436 3672 λέξεις.
1497 3603 1841 3676 [Σημείωσαι

183 3692 254 3756 ὡς
288 3690 536 3768 μητρίδα
565 3691 654 3746 καὶ
688 3688 924 3768 πατρίδα
947 3688 1110 3744 ταύτό
1139 3692 1318 3766 φησι.]

249 3871 374 3926 Δέον
409 3868 644 3927 εἰδέναι.
695 3869 792 3924 Διά
833 3869 886 3924 τί
920 3866 1219 3933 συλλαϐαῖς
1269 3868 1357 3924 καὶ
1399 3869 1570 3941 λέξεσι
1619 3871 1846 3945 χρώμε-

185 3962 273 4013 θαο
342 3956 547 4014 σκόπει
615 3958 712 4027 τήν
763 3957 1096 4033 ἀνάγνωσιν·
1155 3959 1184 4014 ’ὸ
1240 3957 1386 4013 θέλει
1435 3958 1628 4026 εἰπεῖν,
1685 3963 1845 4014 τοῦτο

183 4048 338 4104 ἐστιν’
389 4049 564 4120 ἡνίκα
596 4049 686 4102 τὸν
738 4049 1072 4126 προφορικὸν
1107 4047 1274 4124 λόγον
1327 4052 1606 4121 κινοῦμεν,
1653 4053 1843 4103 τοῦτον

183 4142 295 4213 περί
324 4160 481 4200 τινος
516 4143 631 4192 τῶν
661 4135 957 4206 αἰσθητῶν,
983 4138 1106 4192 τότε
1169 4138 1388 4210 λέξεων,
1441 4139 1528 4192 καὶ
1560 4132 1850 4192 συλλαϐῶν

184 4229 261 4280 καὶ
296 4226 596 4304 στοιχείων
629 4224 718 4280 καὶ
749 4224 973 4301 γραφῶν
1004 4223 1237 4300 δεόμεθα
1283 4229 1418 4302 πρὸς
1455 4224 1696 4297 δήλωσιν
1752 4226 1849 4281 τοῦ

185 4315 555 4390 λαλουμένου·
590 4314 639 4370 εἷ
691 4311 747 4368 δὲ
777 4315 866 4391 ἀφ’
899 4315 1092 4384 ἑαυτῆς
1131 4318 1165 4386 ἡ
1199 4317 1352 4391 ψυχή
1385 4316 1519 4390 πρὸς
1566 4315 1634 4370 τὰ
1684 4315 1852 4386 νοητὰ

187 4412 400 4460 κινεῖται
435 4403 536 4460 διὰ
559 4408 674 4459 τῶν
708 4403 882 4478 ὀρθῶν
917 4403 1220 4481 ἐνεργειῶν,
1263 4404 1506 4480 περιτταὶ
1561 4404 1693 4478 μετά
1740 4409 1850 4459 τῶν

185 4495 445 4566 αἰσθητῶν
486 4495 546 4550 αἱ
579 4492 881 4563 αἰσθήσεις·
947 4493 1132 4568 ὑψηλά
1179 4494 1278 4570 γὰρ
1328 4493 1664 4572 φαντάζεταιο
1726 4495 1848 4548 ὅταν

188 4581 238 4637 at
269 4582 527 4652 θεοειδής
561 4582 816 4657 γὲνητάι,
859 4583 1246 4656 προκύπτουσα
1298 4588 1420 4647 ταῖς
1465 4584 1602 4638 κατά
1657 4583 1852 4656 μικρὸν

181 4672 494 4743 ἀνατάσεσι,
529 4671 628 4726 καὶ
690 4667 762 4724 δι’
808 4671 1058 4734 ἓνώσεως
1090 4672 1366 4748 ἀγνώστου
1396 4672 1532 4747 πρὸς
1562 4672 1623 4727 τὸ
1654 4671 1856 4748 ἀπρόσ-

188 4782 290 4816 ιτον
349 4767 473 4839 φῶς
529 4761 635 4821 τὰς
668 4753 933 4822 ἐπιϐολὰς
984 4758 1113 4836 ἔχῃ,
1172 4761 1292 4816 τότε
1343 4762 1432 4816 καὶ
1483 4762 1537 4815 αἱ
1589 4761 1780 4830 νοηταὶ
1812 4763 1856 4797 ⁸⁷

183 4849 438 4925 ἐνέργειαι
494 4848 754 4924 περιτταί
813 4847 966 4917 εἰσιν,
1021 4849 1095 4911 ὠς
1145 4851 1232 4904 καὶ
1287 4849 1564 4920 αἰσθήσεις
1599 4896 1612 4919 ,
1663 4845 1850 4918 ἐπειδὴ

182 4940 240 4992 τὶ
273 4940 610 5013 ὑψηλότερα
630 4937 839 4992 τούτων
874 4940 908 5007 ἡ
942 4940 1099 5012 ψυχὴ
1136 4935 1454 5008 διανοεῖται,
1488 4937 1685 4993 λοιπὸν
1717 4939 1856 5007 ἡνω-

181 5029 307 5100 μένη
339 5035 485 5102 Θεῷσ
525 5031 660 5084 ὅταν
712 5025 769 5082 δὲ
827 5029 967 5101 ὁμοῦ
1025 5028 1354 5105 χαμαίζηλα
1404 5032 1700 5104 φαντασθῇ,
1762 5029 1854 5083 καὶ

177 5121 290 5192 περί
317 5141 475 5182 τινος
509 5123 628 5173 τῶν
660 5118 933 5187 αἱσθητῶν
967 5137 1170 5194 σπευσῃ
1203 5125 1520 5190 κινηθῆναι,
1556 5117 1677 5172 τότε
1728 5117 1855 5179 τοὺς

183 5209 554 5288 σαφεστέρους
589 5205 794 5282 λόγους
825 5204 915 5261 καὶ
965 5207 1032 5262 τὰ
1075 5208 1371 5284 τρανότερα
1415 5211 1528 5263 τῶν
1577 5208 1786 5283 ὁρατῶν
1809 5206 1855 5243 ⁸⁸

322 5298 654 5368 ἐπιζητεῖν.

250 5445 328 5518 (α)
359 5445 555 5503 Joan.
592 5457 648 5509 ν,
682 5441 774 5499 17.

1949 3343 2338 3400 institutionis
2367 3359 2566 3399 earum
2593 3359 2607 3412 ;
2641 3342 2835 3398 divine
2866 3343 3023 3398 enim
3072 3342 3202 3414 ipsa
3230 3342 3489 3414 exponit.

2023 3434 2127 3488 Per
2153 3432 2268 3487 alia
2297 3432 2832 3504 aequiualentia.Nos
2862 3431 3104 3487 minime
3135 3431 3428 3502 prohiberi
3451 3448 3600 3502 quo-

1952 3521 2152 3577 minus
2183 3521 2469 3576 dictiones
2499 3520 2730 3592 aliquas
2773 3537 2876 3592 per
2906 3519 3050 3575 alias
3081 3520 3235 3575 idem
3268 3520 3602 3590 signiﬁcan-

1953 3615 2039 3666 tes
2064 3610 2453 3681 proferamus.
2473 3610 2643 3680 [Nota
2665 3609 2820 3682 quod
2843 3603 3081 3681 μητρίδα
3104 3612 3161 3663 et
3180 3603 3416 3681 πατρίδα
3439 3608 3596 3663 idem

1953 3699 2143 3768 dicit.]

2026 3787 2176 3842 Scire
2205 3789 2560 3857 oportet.Cur
2592 3784 2836 3858 syllabis
2852 3789 2910 3840 et
2940 3783 3296 3840 dictionibus
3323 3787 3602 3851 utamur;

1955 3874 2776 3939 consideralectionem.0uod
2809 3878 3006 3929 autem
3020 3871 3146 3928 vult
3165 3870 3441 3937 dicere,id
3471 3875 3600 3927 est:

1956 3965 2191 4036 quando
2223 3979 2554 4020 sermonem
2580 3962 3365 4034 pronuntiamus,movemus
3382 3976 3517 4015 eum
3533 3960 3604 4017 de

1957 4053 2158 4110 sensili
2193 4052 2408 4124 aliquo,
2442 4051 2594 4108 138
2626 4056 2749 4107 tum
2777 4051 3134 4107 dictionibus
3190 4055 3248 4105 et
3277 4048 3520 4121 syllabis
3549 4053 3606 4106 et

1957 4141 2264 4199 elementis
2293 4147 2349 4197 et
2381 4141 2676 4213 scriptura
2699 4139 3034 4211 indigemus
3065 4139 3136 4194 ad
3167 4139 3296 4209 eius
3327 4137 3482 4209 quod
3512 4137 3608 4192 di-

1959 4232 2110 4288 citur
2140 4229 2594 4287 declarationem
2621 4229 2707 4301 ;si
2725 4245 2860 4284 vero
2892 4228 3090 4284 anima
3120 4244 3153 4282 a
3182 4244 3245 4283 se
3276 4228 3404 4299 ipsa
3421 4227 3492 4281 ad
3516 4226 3606 4282 in-

1958 4320 2289 4393 telligibilia
2320 4325 2587 4376 movetur
2617 4319 2677 4373 in
2709 4318 2882 4374 rectis
2905 4315 3364 4388 operationibus,
3399 4331 3607 4386 super-

1961 4409 2063 4465 ﬂui
2097 4414 2238 4464 sunt
2264 4425 2398 4464 eum
2457 4406 2778 4464 sensilibus
2837 4422 3049 4462 sensus
3081 4425 3096 4473 ;
3143 4402 3422 4460 sublimia
3450 4402 3608 4458 enim

1964 4497 2352 4570 imaginatur:
2387 4495 2622 4567 quando
2659 4499 2853 4550 autem
2887 4495 2980 4550 Dei
3013 4491 3226 4548 similis
3258 4491 3460 4547 etl‘ecta
3480 4489 3608 4546 fue-

1963 4585 2040 4641 rit
2096 4585 2518 4641 elevationibus
2576 4582 2862 4655 paulatim
2922 4581 3255 4653 proficiens,
3308 4583 3482 4650 atque
3506 4594 3610 4650 per

1965 4675 2223 4747 ignotam
2258 4673 2580 4729 unitionem
2611 4671 3038 4727 intellectioncs
3068 4669 3285 4726 suasin
3315 4668 3610 4723 inaccesso

1966 4763 2190 4818 lumine
2222 4761 2523 4827 habuerit;
2555 4764 2679 4815 tum
2705 4759 2878 4815 etiam
2902 4756 3301 4830 intelligibiles
3330 4755 3614 4827 operatio-

1965 4867 2067 4906 nes
2107 4854 2247 4905 sunt
2277 4849 2612 4922 superﬂuae,
2645 4849 2801 4904 sicut
2853 4852 2910 4903 et
2941 4864 3174 4917 sensus,
3211 4844 3488 4916 quoniam
3521 4842 3616 4900 bis

1963 4938 2313 4995 sublimiora
2344 4937 2559 5009 cogitat
2614 4937 2836 5004 anima,
2898 4934 3174 5005 deinceps
3235 4935 3346 4988 Deo
3405 4932 3613 5001 unita;

1965 5028 2200 5102 quando
2232 5032 2429 5084 autem
2461 5026 2624 5081 humi
2659 5024 2924 5096 repentis
2939 5039 3040 5078 seu
3076 5021 3374 5078 terrestria
3404 5019 3614 5092 imagi-

1967 5123 2159 5183 natur,
2192 5122 2250 5173 et
2280 5117 2340 5172 in
2363 5115 2564 5172 sensili
2597 5114 2794 5185 aliquo
2827 5111 3047 5167 moveri
3079 5110 3303 5175 studet,
3334 5113 3473 5164 tunc
3495 5109 3614 5164 cla-

1965 5208 2146 5263 riores
2177 5221 2476 5261 sermones
2507 5208 2562 5262 et
2617 5200 2937 5258 visibilium
3002 5199 3255 5257 maxime
3303 5197 3615 5272 perspicua

1965 5310 2224 5368 querere
2256 5297 2503 5366 oportet.

1235 5563 1479 5624 VARIB
1519 5561 1910 5624 LEGTIONIS
1947 5562 2041 5620 ET
2074 5559 2617 5619 CORRECTIONES

255 5692 299 5730 ⁸⁸
328 5692 578 5748 ἑαυτῶν.
653 5688 700 5732 ⁸⁷
732 5683 939 5761 νοεραί.
1011 5688 1059 5725 ⁸⁸
1085 5689 1320 5760 νοητῶν.
