4000 6200
387 367 493 420 263

459 490 615 547 Sicut
643 489 813 545 etiam
869 485 1218 559 intelligendi
1244 487 1553 556 facultates.
1598 484 1840 540 Adverte
1871 481 2030 538 aliud
2062 486 2116 552 Α

387 596 515 636 esse
550 584 805 635 mentem
835 582 894 633 et
923 575 1076 632 aliud
1111 576 1391 631 animam.
1418 573 1819 646 Intelligentes
1850 571 2037 627 facul-

386 672 538 725 tates
569 668 711 724 dicit
739 665 1165 722 intellectiones
1223 681 1351 736 qum
1411 668 1550 718 sunt
1607 661 1936 729 inferiores,
1986 665 2043 715 et

389 757 602 813 mentis
635 754 878 824 divisio;
913 753 1147 825 quando
1177 751 1567 825 igituranima
1585 749 1835 805 voluerit
1855 749 2038 805 Deum

388 844 628 910 intueri,
662 849 719 900 et
773 860 878 916 pro
907 843 1132 898 viribus
1163 841 1276 913 ipsi
1322 839 1498 910 uniri,
1530 838 1769 895 oculum
1801 838 2040 910 quidem

390 933 650 1003 suum,id
687 937 775 988 est
806 936 1058 987 mentem
1091 932 1300 1002 ipsam,
1325 929 1494 985 debet
1517 946 1550 984 a
1581 926 2040 1000 particularibus

389 1027 668 1089 avertere,
702 1026 756 1076 et
788 1021 858 1075 ad
889 1017 1250 1090 generaliora
1269 1017 1692 1074 transmittere.
1725 1016 2042 1071 Particula-

387 1112 476 1166 ria
504 1126 638 1165 vero
697 1114 836 1164 sunt
885 1107 1331 1176 intellectiones,
1365 1107 1517 1162 sicut
1566 1106 1870 1161 diximus:
1914 1109 2038 1160 tum

388 1217 554 1256 mens
587 1203 708 1254 tota
753 1198 956 1253 effecta
987 1202 1163 1268 atque
1187 1197 1514 1252 introrsum
1547 1211 1842 1266 conversa,
1873 1199 2040 1266 post-

386 1305 547 1344 remo
569 1287 764 1342 unitas
815 1291 872 1342 et
931 1285 1281 1359 simplicitas
1323 1286 1550 1354 effecta,
1583 1283 1796 1340 divinis
1828 1283 2040 1355 poterit

387 1378 695 1432 intendere
723 1375 1038 1448 radiis,per
1067 1375 1422 1431 laudabilem
1458 1374 2036 1445 ignorationem,non

385 1481 489 1537 per
515 1465 914 1539 ignorantiam
947 1482 1072 1536 qua:
1087 1479 1154 1518 ex
1178 1480 1370 1518 rerum
1397 1463 1692 1535 imperitia
1723 1461 2036 1532 oritur,sed

386 1570 490 1625 per
519 1571 647 1609 eam
677 1571 806 1624 quae
839 1552 1140 1626 cognoscit
1171 1568 1232 1607 se
1283 1553 1382 1606 Dei
1424 1548 2041 1622 incomprehensibilia

386 1643 656 1714 ignorare
679 1660 692 1710 ;
717 1646 1030 1714 cognoscet
1059 1645 1254 1696 autem
1287 1640 1484 1695 divino
1508 1640 1708 1694 fruens
1731 1638 2040 1710 splendore

385 1747 501 1786 non
535 1747 638 1802 per
659 1731 908 1786 sensiles
939 1730 1160 1798 oculos,
1196 1746 1300 1784 nec
1332 1729 1485 1784 enim
1520 1728 1610 1783 his
1647 1726 2038 1799 apprehendi-

1215 363 1576 416 APPENDIX
1615 364 1712 414 AD
1749 361 1988 414 OPERA
2023 362 2079 414 S.
2121 360 2431 416 DIONYSII
2470 361 2969 416 AREOPAGITE.

3696 357 3805 411 264

2219 485 2422 559 ’Ὠσπερ
2471 483 2557 538 καὶ
2607 485 2663 537 αἱ
2717 481 2898 556 νοεραὶ
2957 479 3210 554 δυνάμεις
3249 523 3262 536 .
3341 479 3660 553 Σημείωσαι
3721 482 3803 535 ὅτι

2147 567 2328 646 ἕτερον
2360 577 2486 635 νοῦς
2531 574 2616 627 καὶ
2653 571 2829 647 ἕτερον
2881 573 3057 648 ψυχή.
3107 569 3310 645 Νοεράς
3339 569 3635 646 [ἐνεργείας
3690 570 3806 642 καὶ]

2150 656 2404 734 δυνάμεις
2446 661 2579 736 φησί
2622 663 2720 724 τὰς
2771 657 3020 730 νοήσεις,
3071 658 3271 723 αἶ’τινες
3318 659 3618 734 κατώτεραί
3675 659 3805 728 εἶσι,

2148 748 2238 803 καὶ
2271 747 2568 821 σκεδασμὸς
2595 755 2692 805 τοῦ
2721 753 2832 807 νοῦ.
2874 752 3037 805 Ὅταν
3087 750 3180 805 οὗν
3230 751 3265 819 ἡ
3325 750 3479 824 ψυχὴ
3532 747 3804 824 βούληται

2148 839 2284 914 πρὸς
2317 840 2444 894 Θεὸν
2500 840 2798 908 ἀνανεῦσαι,
2848 838 2935 893 καὶ
2990 838 3126 894 κατά
3171 839 3235 894 τὸ
3285 835 3506 892 δυνατὸν
3536 836 3804 906 ἐνωθῆναι

2149 928 2316 1001 αὐτῷ,
2364 929 2426 982 τὸ
2478 929 2571 1002 μὶν
2605 925 2761 1002 ὄμμα
2807 928 2998 998 αὐτῆς,
3046 927 3288 982 τουτέστι
3327 925 3424 983 τὸν
3455 931 3580 982 νοῦν
3638 926 3802 981 αὐτὸν

2148 1017 2478 1090 ἀποστρέψαι
2510 1015 2719 1094 ὀφείλει
2749 1021 2858 1072 τῶν
2893 1020 3152 1090 μερικῶν,
3198 1017 3290 1072 καὶ
3320 1015 3409 1070 ἐπὶ
3454 1016 3522 1070 τὰ
3571 1013 3807 1079 καθολι-

2146 1107 2357 1179 κώτερα
2405 1103 2771 1176 ἀναπηδῆσαι·
2835 1107 3031 1180 μερικά
3087 1102 3146 1159 δέ
3191 1105 3323 1159 εἰσιν
3357 1105 3412 1159 αἱ
3440 1107 3674 1174 νοήσεις,
3729 1104 3806 1166 ὡς

2147 1193 2373 1270 ἔφημεν·
2404 1195 2528 1250 τότε
2572 1195 2672 1270 γὰρ
2725 1200 2851 1257 νοῦς
2894 1192 3000 1266 ὅλη
3032 1195 3325 1269 γενομένη,
3354 1195 3444 1248 καὶ
3479 1194 3556 1257 εἱς
3587 1195 3650 1248 τὸ
3693 1191 3806 1248 ’ἑσω

2147 1289 2459 1362 στραφεῖσα,
2492 1285 2610 1346 ένάς
2651 1282 2843 1339 λοιπὸν
2908 1283 2998 1339 καὶ
3043 1283 3292 1355 ἁπλότης
3341 1284 3634 1359 γενομένη,
3684 1283 3810 1337 ἐπι-

2148 1368 2334 1428 λαϐεῖν
2369 1371 2649 1444 δυνήσεται
2679 1379 2800 1437 ταῖς
2829 1373 2996 1437 θείαις
3039 1375 3237 1428 ἀκτῖσι·
3296 1371 3384 1427 διὰ
3427 1380 3528 1442 τῆς
3588 1372 3808 1427 ἐπαινε-

2146 1467 2244 1530 τῆς
2273 1461 2560 1537 ἀγνωσίας,
2593 1461 2654 1516 οὐ
2686 1469 2786 1532 τῆς
2819 1461 2870 1531 έξ
2919 1461 3180 1534 ἀμαθείας
3229 1461 3467 1536 ἀγνοίας,
3515 1460 3662 1516 ἀλλᾶ
3706 1467 3815 1529 τῆς

2145 1549 2515 1625 γινωσκούσης
2574 1549 2656 1604 ὅτι
2711 1551 2895 1623 ἀγνοεῖ
2945 1550 3012 1604 τὰ
3049 1549 3171 1625 περὶ
3231 1555 3365 1606 Θεοῦ
3423 1549 3808 1620 ἀκατάληπτα·

2146 1637 2410 1711 γνώσεται
2442 1636 2498 1692 δὲ
2527 1637 2886 1694 ἀπολαύουσα
2930 1642 3038 1692 τῶν
3094 1639 3250 1693 θείων
3304 1643 3676 1714 μαρμαρυγῶν
3743 1639 3809 1693 οὗ

2147 1722 2235 1779 διὰ
2279 1731 2388 1780 τῶν
2437 1726 2708 1797 αἰσθητῶν
2740 1726 3027 1800 ὀμμάτων·
3070 1726 3131 1781 οὐ
3178 1727 3277 1802 γὰρ
3324 1721 3809 1800 καταλαμϐάνεται

385 1823 502 1888 tur,
534 1821 634 1876 sed
668 1835 734 1875 ea
767 1819 982 1874 mentis
1013 1818 1434 1874 constitutione
1489 1833 1617 1887 quia
1643 1815 1828 1872 oculis
1860 1818 2029 1870 caret.

2167 1814 2358 1877 τούτοις
2385 1835 2397 1848 ·
2460 1813 2605 1870 ἀλλά
2646 1821 2764 1878 ταῖς
2813 1817 3152 1889 ἀνομμάτοις
3197 1819 3292 1870 τοῦ
3337 1819 3430 1869 νοῦ
3471 1836 3807 1871 καταστάσε-

455 1995 952 2068 Perspicacissimae
979 2011 1257 2050 sensuum.
1291 1993 1553 2066 Explicat
1583 2011 1710 2066 quas
1743 1998 1883 2049 sunt
1919 1994 2034 2048 cla-

384 2086 632 2140 rissimaa
689 2101 973 2140 sensuum
1030 2083 1601 2156 transportationes;
1647 2083 1844 2153 aitque
1875 2082 2034 2153 ipsae

385 2191 511 2230 esse
541 2173 893 2246 planissima
931 2174 1106 2230 verba
1136 2178 1195 2228 et
1223 2171 1541 2228 visibilium
1569 2171 1960 2243 apertissima.

454 2355 612 2409 Recte
638 2360 908 2422 poterunt.
948 2352 1232 2408 Videlicet
1264 2367 1496 2407 sensus.

455 2462 638 2528 §XII.
675 2458 837 2531 Atqui
881 2458 1059 2514 visum
1085 2467 1163 2514 est
1191 2459 1538 2530 quibusdam.
1581 2457 1742 2522 Quod
1775 2455 2033 2511 charitas

380 2549 681 2620 signiﬁcat
706 2564 990 2616 amorem,
1016 2554 1074 2603 et
1097 2563 1308 2603 nomen
1344 2545 1562 2602 amoris
1598 2560 1727 2600 esse
1751 2545 2028 2600 divinius.

453 2637 725 2693 Audiant.
750 2637 921 2705 Nota,
949 2642 1077 2691 tum
1131 2638 1413 2707 temporis
1453 2651 1684 2706 quoque
1719 2634 1898 2690 fuisse
1930 2633 2030 2705 qui

386 2725 624 2782 nomina
653 2724 1176 2797 reprehendebant,
1209 2740 1357 2794 quos
1403 2739 1473 2778 ex
1502 2723 1700 2777 divina
1730 2723 2031 2794 Scriptura

387 2814 679 2886 reprimit.

455 2903 622 2957 Divus
651 2901 912 2972 Ignatius.
970 2900 1165 2973 Aliqui
1224 2899 1401 2956 etiam
1461 2915 1525 2954 ex
1559 2899 1667 2953 hoc
1717 2898 1842 2953 loco
1875 2898 2027 2953 arbi-

382 2995 615 3046 trantur
643 2994 970 3061 opportune
1003 2994 1347 3058 praesentem
1384 2987 1595 3042 librum
1629 2991 2027 3057 arguere,tan-

383 3095 561 3151 quam
595 3096 707 3134 non
741 3083 896 3134 esset
934 3077 1112 3132 divini
1146 3077 1427 3146 Dionysii,
1466 3077 1604 3147 quia
1633 3076 1836 3132 dicunt
1857 3078 2026 3147 Igna-

381 3169 531 3223 tium
562 3182 690 3223 esse
722 3166 849 3237 ipso
900 3165 1278 3237 posteriorem
1305 3183 1320 3235 ;
1356 3165 1650 3237 quomodo
1685 3181 1817 3220 vero
1836 3169 2026 3236 potest

378 3256 596 3328 aliquis
629 3254 1018 3329 posteriorum
1053 3253 1439 3310 meminisse?
1473 3253 1653 3309 Fictio
1714 3259 1906 3309 autem
1940 3257 2030 3309 est

379 3347 532 3402 139
557 3350 616 3401 et
645 3345 753 3400 hoc
773 3343 923 3414 quod
954 3343 1070 3398 illis
1105 3343 1420 3414 probatur;
1455 3360 1590 3398 nam
1616 3347 1856 3398 sanctus
1883 3347 2024 3398 Pau-

379 3434 597 3506 lus,qui
628 3431 970 3503 Dionysium
995 3430 1336 3499 illustravit,
1356 3448 1457 3486 seu
1482 3430 2026 3502 baptizavit,poste-

378 3525 496 3580 rior
516 3523 627 3578 fuit
657 3527 920 3593 tempore
950 3525 1156 3576 sancto
1184 3520 1374 3587 Petro,
1399 3524 1529 3590 post
1557 3535 1728 3589 quem
1764 3519 2027 3590 lgnatius

375 3616 608 3669 creatur
642 3611 956 3683 episcopus
987 3609 1324 3674 Antiochiae,
1358 3609 1523 3664 Petro
1587 3607 1830 3662 Romam
1891 3625 2024 3680 pro-

375 3702 557 3769 fecto;
590 3699 910 3772 supervixit
958 3715 1092 3754 vero
1143 3703 1381 3754 sanctus
1417 3697 1633 3752 Paulus
1666 3696 1851 3751 multo
1883 3700 2024 3752 tem-

376 3807 535 3863 pore,
567 3791 668 3862 qui
701 3788 1044 3860 Dionysium
1076 3787 1412 3859 baptizavit,
1440 3785 1867 3857 Dionysiusque
1897 3788 2027 3856 post

373 3881 568 3951 ipsum
602 3879 766 3934 vixit.
804 3883 974 3933 Porro
1003 3877 1262 3932 Joannes
1295 3874 1650 3946 evangelista
1687 3873 1798 3930 sub
1833 3873 2025 3929 Domi-

375 3971 536 4024 tiano
567 3969 795 4024 exsulat
840 3969 897 4023 in
945 3969 1158 4032 Patmo,
1191 3965 1284 4022 cui
1342 3965 1608 4020 rescribit
1664 3964 2022 4034 Dionysius;

376 4055 639 4128 Ignatius
670 4072 806 4111 vero
831 4060 966 4110 ante
1012 4055 1410 4111 Domitianum
1434 4053 1676 4125 patitur,
1710 4054 1792 4108 ita
1825 4058 1885 4108 ut
1917 4070 2025 4108 an-

375 4144 596 4216 tiquior
625 4144 702 4198 sit
727 4143 1025 4216 Dionysio.

445 4252 609 4307 Amor
638 4267 813 4306 meus.
849 4250 1238 4316 Quarendum
1290 4249 1581 4319 quomodo
1632 4249 1856 4319 lgnatio
1887 4265 2022 4304 cum

376 4340 652 4397 Onesimo
683 4339 783 4412 qui
817 4339 928 4394 fuit
971 4343 1100 4409 post
1131 4337 1504 4392 Timotheum
1563 4339 1920 4408 disputante,
1967 4343 2025 4393 et

373 4430 656 4486 Romanis
705 4428 1015 4494 scribente,
1048 4443 1210 4482 amor
1237 4441 1392 4480 meus
1422 4425 1721 4495 cruciﬁxus
1764 4436 1861 4493 est,
1894 4426 2024 4482 Dio-

375 4520 578 4590 nysius
602 4535 757 4573 nunc
780 4516 1081 4572 Timotheo
1113 4515 1376 4570 scribens
1399 4515 1577 4584 hujus
1610 4514 2019 4585 meminit,vel-

2144 1925 2226 1957 σιν
2239 1907 2304 1960 ⁸³.

2215 1990 2639 2066 Ἐπιδηλότεραι
2684 1997 2789 2048 τῶν
2840 1993 3165 2063 αἰσθήσεων·
3216 1993 3542 2068 Ἐξηγεῖται,
3575 1993 3628 2047 τί
3660 1994 3803 2047 εἱσιν

2143 2083 2197 2135 αἱ
2228 2079 2611 2157 ἐπιδηλότεραι
2659 2087 2766 2136 τῶν
2817 2083 3119 2152 αίσθήσεων
3171 2079 3648 2157 διαπορθμεύσας·
3703 2083 3802 2136 καὶ

2142 2192 2301 2247 φησιν
2335 2171 2498 2234 αὑτάς
2525 2170 2652 2236 τοὺς
2682 2170 3037 2248 σαφεστέρους
3070 2171 3266 2248 λόγους
3293 2172 3384 2226 καὶ
3413 2172 3479 2226 τά
3506 2173 3802 2248 τρανέστε-

2142 2279 2208 2333 ρα
2235 2263 2344 2313 τῶν
2366 2261 2602 2333 ὁρατῶν,

2210 2347 2410 2410 Καλῶς
2443 2345 2782 2418 δυνήσονται.
2817 2353 2878 2408 Αἱ
2909 2350 3180 2421 αἰσθήσεις
3210 2348 3493 2420 δηλονότι.

2212 2459 2239 2523 §
2268 2456 2383 2511 XII.
2421 2456 2602 2510 Καίτοι
2656 2451 2801 2528 ἔδοξέ
2828 2477 2989 2511 τισιν.
3040 2456 3163 2513 ’Ότι
3195 2457 3284 2510 καὶ
3315 2459 3350 2525 ἡ
3383 2456 3564 2531 ἀγάπη
3605 2452 3808 2531 ἔρωτα

2142 2540 2326 2614 δηλοῖ·
2359 2544 2448 2598 καὶ
2480 2544 2563 2598 δτι
2596 2545 2864 2620 θειότερον
2897 2543 3072 2618 ὄνομα
3100 2550 3198 2600 τοὶ
3229 2543 3453 2620 ἔρωτος.

2208 2634 2600 2688 Ἀκουέτωσαν.
2653 2633 2969 2705 Σημείωσαι
3019 2633 3100 2688 ὅτι
3148 2634 3237 2688 καὶ
3277 2635 3400 2688 τότε
3457 2634 3595 2702 ἦσάν
3652 2655 3806 2697 τινες

2137 2717 2639 2794 ἐπιλαμϐανόμενοι
2683 2723 2988 2796 ὀνομάτων,
3047 2721 3140 2785 οὕς
3188 2721 3525 2795 ἐπιστομίζει
3583 2722 3642 2777 ἐκ
3693 2727 3806 2792 τῆς

2139 2809 2280 2871 Θείας
2315 2817 2549 2887 Γραφῆς.

2206 2899 2264 2955 Ὀ
2322 2903 2468 2962 θεῖος
2525 2900 2819 2974 Ἰγνάτιος.
2871 2900 2972 2957 Καὶ
3024 2901 3084 2955 ἐκ
3139 2901 3336 2956 τούτου
3392 2903 3534 2965 τινες
3581 2900 3808 2956 οἴονται

2137 2981 2452 3042 διαϐάλλειν
2503 2987 2762 3063 εὐκαίρως
2811 2990 2873 3044 τὸ
2925 2989 3094 3064 παρὸν
3129 2988 3433 3065 σύνταγμα,
3494 2992 3569 3053 ὡς
3621 2993 3702 3064 μή
3744 2991 3810 3046 ὅν

2133 3079 2229 3129 τοῦ
2269 3077 2416 3138 θείου
2465 3076 2764 3146 Διονυσίου,
2815 3075 3003 3148 ἐπειδὴ
3047 3080 3302 3154 Ἱγνάτιον
3351 3077 3572 3154 λέγουσι
3626 3101 3811 3153 μετα-

2137 3166 2446 3239 γενέστερον
2492 3165 2656 3220 αὐτοῦ
2701 3169 2859 3222 εἶναι·
2895 3171 3009 3228 πῶς
3062 3165 3120 3222 δὲ
3167 3165 3386 3223 δύναταί
3418 3190 3502 3230 τις
3533 3173 3640 3223 τῶν
3703 3191 3811 3242 με-

2136 3252 2524 3327 ταγενεστέρων
2558 3261 2862 3327 μεμνῆσθαι
2891 3274 2904 3324 ;
2940 3255 3174 3329 Πλάσμα
3205 3253 3262 3311 δὲ
3287 3256 3376 3310 καὶ
3405 3261 3560 3311 τοῦτο
3595 3255 3808 3313 δοκοῦν

2137 3343 2341 3402 αὐτοῖς·
2403 3343 2430 3396 ὁ
2478 3343 2579 3416 γὰρ
2637 3344 2785 3418 ἅγιος
2847 3342 3082 3411 Παῦλος,
3133 3345 3161 3399 ὁ
3215 3346 3454 3419 φωτίσας
3484 3345 3808 3417 Διονύσιον,

2140 3432 2579 3505 μεταγενέστερος
2625 3432 2690 3500 ἦν
2724 3437 2802 3502 τῷ
2829 3431 3017 3508 χρόνῳ
3047 3438 3144 3486 τοῦ
3195 3433 3350 3508 ἁγίου
3381 3435 3606 3502 Πέτρου,
3673 3438 3808 3490 μεθ’

2133 3521 2191 3574 ’ὀν
2253 3522 2280 3574 ὁ
2330 3519 2590 3594 Ἰγνάτιος
2621 3519 2913 3582 ἐπίσκοπος
2962 3523 3165 3595 γίνεται
3217 3523 3579 3597 Ἀντιοχείας,
3634 3545 3806 3596 μετα-

2131 3608 2371 3670 τεθέντος
2409 3609 2614 3684 Πέτρου
2644 3607 2698 3664 ἐν
2746 3608 2947 3684 Ῥώμῃ·
2981 3611 3206 3679 ἐπέζησε
3253 3609 3312 3666 δὲ
3361 3613 3388 3666 ὁ
3420 3612 3578 3686 ἅγιος
3640 3618 3799 3668 Ila?»-

2135 3697 2230 3760 λος
2255 3697 2449 3772 χρόνον
2499 3696 2695 3765 πολὺν,
2733 3699 2805 3772 [ὁ]
2839 3699 3078 3772 φωτίσας
3122 3699 3425 3767 Διονύσιον,
3471 3699 3563 3754 καὶ
3597 3701 3803 3754 Διονύ-

2134 3807 2250 3847 σιος
2304 3786 2418 3858 μετ’
2459 3783 2619 3839 αὐτὸν
2651 3780 2860 3855 ἔζησεν·
2895 3787 2922 3840 ὁ
2973 3783 3031 3840 δὶ
3082 3785 3470 3860 εὖαγγελιστής
3530 3788 3800 3859 Ἰωάννης

2132 3872 2219 3927 ἐπὶ
2252 3877 2585 3946 Δομετιανοῦ
2621 3872 2914 3947 ἐξορίζεται
2964 3875 3041 3936 εἱς
3089 3876 3334 3948 Πάτμον·
3377 3876 3421 3946 ᾧ
3469 3876 3796 3955 ἀντιγράφει

2135 3964 2446 4025 Διονύσιος.
2496 3965 2759 4038 Ἰγνάτιος
2820 3961 2876 4018 δὲ
2936 3965 3043 4040 πρὸ
3103 3971 3440 4037 Δομετιανοῦ
3493 3974 3795 4044 μαρτυρεῖ·

2134 4053 2269 4108 ὥστε
2292 4052 2711 4128 προγενέστερος
2743 4053 3044 4110 Διονυσίου.

2202 4250 2257 4301 Ὀ
2301 4246 2431 4320 ἐμὸς
2473 4245 2646 4322 ἔρως.
2715 4247 2986 4319 Ζητητέον
3038 4255 3156 4310 πῶς
3205 4249 3292 4304 ἐπὶ
3345 4252 3642 4323 Ὀνησίμου
3700 4257 3802 4307 τοῦ

2137 4339 2268 4412 μετά
2316 4339 2584 4410 Τιμόθεον
2631 4339 2888 4412 Ἰγνατίου
2920 4337 3333 4416 διαλεγομένου,
3364 4343 3454 4395 καὶ
3483 4341 3799 4418 γράφοντος

2129 4427 2422 4500 Ῥωμαίοις
2498 4427 2579 4496 τὸ,
2658 4427 2789 4500 ἐμὸς
2858 4423 2995 4504 ἔρως
3072 4429 3428 4505 ἐσταύρωται,
3511 4430 3800 4492 Διονύσιος

2128 4520 2218 4570 νῦν
2279 4515 2535 4589 Τιμοθέῳ
2589 4517 2807 4594 γράφων
2839 4518 3035 4573 τούτου
3089 4520 3386 4591 μέμνηται,
3417 4518 3489 4579 ὠς
3520 4520 3798 4593 Ἰγνατίου

371 4609 453 4664 uti
479 4605 737 4678 Ignatius
759 4611 928 4661 antea
950 4604 1324 4675 scripsisset;
1361 4608 1418 4658 et
1477 4620 1548 4658 ne
1608 4603 1753 4658 forte
1803 4603 1875 4657 ab
1907 4603 2017 4657 ali-

2172 4603 2236 4674 δη
2297 4605 2619 4679 γράψαντος·
2652 4606 2742 4660 καὶ
2792 4609 3006 4680 μήποτε
3053 4609 3196 4682 παρά
3244 4628 3391 4669 τινος
3413 4611 3520 4661 τῶν
3555 4605 3797 4683 φιλολό-

370 4713 483 4767 quo
532 4695 923 4750 litteratorum
960 4692 1323 4747 extrinsecus
1356 4691 1794 4763 appositum,ad
1830 4691 2016 4762 perte-

369 4786 608 4841 ctiorem
634 4800 835 4838 eorum
869 4799 995 4854 qua:
1028 4781 1098 4836 de
1127 4781 1321 4835 divino
1352 4797 1546 4836 amore
1577 4799 1610 4836 a
1651 4785 1854 4836 sancto
1884 4779 2018 4836 Dio-

369 4874 536 4946 nysio
567 4872 722 4928 dicta
781 4873 1018 4927 fuerunt
1070 4869 1601 4935 confirmationem,
1661 4875 1861 4940 postea
1919 4886 2019 4940 per

365 4961 759 5032 ignorantiam
794 4959 1041 5014 internis
1064 4958 1354 5014 insertum
1389 4957 1483 5025 sit,
1532 4958 1687 5028 quod
1723 4958 1779 5011 in
1815 4957 2017 5013 multis

369 5067 522 5121 saepe
552 5049 836 5105 accidisse
870 5046 1178 5113 novimus;
1213 5045 1509 5116 siquidcm
1541 5044 1716 5100 etiam
1761 5047 1885 5101 sine
1907 5046 2017 5101 hac

369 5144 534 5209 parte
564 5155 778 5209 corpus
807 5135 1093 5192 orationis
1127 5134 1418 5205 integrum
1451 5134 1835 5189 constituitur
1867 5152 1881 5201 ;
1915 5140 2016 5191 aut

368 5226 637 5282 fortassis
695 5225 832 5296 quia
885 5223 1172 5279 familiare
1228 5222 1341 5293 ipsi
1372 5227 1498 5277 erat
1551 5222 1813 5290 effatum,
1865 5224 2016 5280 sicut

369 5314 544 5369 etiam
575 5314 647 5369 ab
672 5313 874 5368 eodem
901 5326 1055 5384 saepe
1083 5310 1388 5366 dicebatur
1417 5314 1475 5367 et
1499 5311 1865 5368 scribebatur
1894 5312 2013 5367 θεο-

2126 4715 2234 4769 γων
2285 4690 2384 4766 ἔξω
2427 4695 2742 4769 παρατεθὲν,
2775 4697 2910 4771 πρὸς
2969 4695 3199 4750 πλείονα
3241 4695 3488 4750 σύστασιν
3524 4701 3633 4750 τῶν
3669 4697 3798 4772 περὶ

2128 4782 2272 4845 θείου
2323 4780 2525 4858 ἔρωτος
2551 4787 2632 4854 τῷ
2680 4785 2822 4858 ἀγίῳ
2873 4784 3135 4856 Διονυσίῳ
3186 4785 3514 4858 εἰρημένων,
3568 4784 3796 4860 ὕστερον

2124 4871 2260 4924 κατά
2289 4872 2508 4945 ἄγνοιαν
2568 4870 2674 4926 ἔσω
2706 4872 3053 4946 παρενετέθη,
3105 4871 3238 4949 ὅπερ
3282 4872 3333 4926 ἐν
3365 4873 3605 4937 πολλοῖς
3652 4879 3797 4930 πολ-

2127 4958 2280 5021 λάκις
2313 4959 2601 5035 γενόμενον
2637 4956 2903 5036 ἔγνωμεν·
2947 4961 3033 5016 καὶ
3085 4961 3185 5036 γὰρ
3238 4959 3370 5037 δίχα
3400 4961 3606 5017 τούτου
3641 4961 3792 5016 ἵστα-

2121 5069 2208 5102 ται
2242 5047 2660 5122 ἀπαραλείπτως
2707 5051 2769 5105 τὸ
2803 5055 2960 5122 σῶμα
2998 5055 3095 5104 τοῦ
3150 5046 3337 5127 λόγου·
3399 5053 3432 5120 ἢ
3491 5052 3640 5125 τάχα
3674 5051 3794 5105 σύν.

2123 5149 2250 5207 ηθες
2327 5137 2473 5210 αὐτῷ
2545 5139 2673 5193 εἶναι
2729 5135 3072 5215 ἀπόφθεγμα,
3130 5138 3204 5204 ὠς
3255 5139 3344 5194 καὶ
3403 5138 3465 5193 τὸ
3519 5136 3788 5218 θεοφόρος

2121 5225 2392 5288 πολλάκις
2441 5226 2589 5299 αὐτῷ
2635 5226 2928 5302 λεγόμενόν
2976 5249 3036 5283 τε
3073 5230 3160 5283 καὶ
3197 5227 3542 5305 γραφόμενον
3570 5230 3787 5300 τεκμή-

2123 5333 2236 5390 ριον
2271 5312 2328 5370 δὶ
2371 5315 2432 5370 τὸ
2467 5317 2544 5389 μὴ
2576 5321 2948 5392 προσκεῖσθαι,
3000 5319 3198 5396 Γράφει
3249 5315 3306 5372 δέ
3353 5338 3487 5386 τισι,
3539 5318 3786 5373 τουτέστι

1400 5543 1643 5601 VARIE
1682 5544 2075 5606 LBCTIONES
2105 5548 2201 5608 ,ΕΤ
2237 5549 2776 5610 CORRECTIONES

435 5670 481 5708 ⁸⁸
507 5665 892 5746 καθαρότησιν.
