4000 6200
265 311 372 365 265

1026 317 1087 370 S.
1126 316 1399 371 MAXIM!
1436 319 1743 374 SCHOLIA
1778 320 1855 372 IN
1894 318 2027 371 LIB.
2066 319 2164 373 DE
2202 321 2476 379 DIVINIS
2513 324 2922 381 NOMINIBUS.

3572 328 3679 385 266

263 432 558 525 Ῥωμαίοις
592 456 607 470 ‘
660 438 792 495 ἀλλ³
852 436 1063 512 ἁπλῶς,
1116 442 1310 520 Γράφει
1371 442 1428 499 δὲ
1484 446 1575 500 καὶ
1642 446 1669 499 ὁ
1702 450 1846 509 θεῖος
1872 446 1903 481 Ἠ

2045 448 2201 521 μὸρος
2234 452 2448 524 deifer;
2480 458 2895 525 argumentum
2925 458 3119 511 autem
3150 455 3675 519 demonstrativum

261 524 546 599 Ἰγνάτιος.

328 796 429 849 Καὶ
488 793 541 849 ἐν
601 801 721 859 ταῖς
770 803 1228 874 προεισαγωγαῖς.
1302 800 1653 871 Ἐπιστητέον
1711 802 1776 869 ⁷¹,
1837 798 1919 864 δτι

256 887 673 961 προεισαγωγὰς
704 885 865 942 καλεῖ
911 894 1011 957 τῆς
1062 889 1207 951 θείας
1259 893 1476 967 Γραφῆς
1526 890 1595 944 τὰ
1625 888 1921 963 Σολομῶν-

251 994 345 1036 τος
374 977 443 1041 ⁷³,
472 973 568 1050 ἀφ’
598 976 661 1030 οὗ
689 975 779 1031 καὶ
809 976 877 1031 τὰ
906 976 1065 1053 ῥητά.

322 1063 403 1136 [α]
434 1065 562 1121 ’Ότι
594 1066 628 1133 ἡ
688 1064 870 1141 ἀγάπη
922 1062 1099 1140 ἔρωτα
1147 1062 1334 1137 δηλοῖ,
1385 1067 1475 1123 καὶ
1532 1065 1613 1123 ὅτι
1649 1066 1914 1142 θείοτερον

250 1146 428 1223 ὄνομα
458 1157 558 1207 106
584 1151 809 1227 ἔρωτος.

445 1244 581 1306 Τοῖς
636 1242 802 1307 θείοις
847 1241 1081 1315 μᾶλλον.
1136 1245 1233 1299 Διὰ
1270 1245 1321 1299 τί
1371 1250 1489 1308 τοῖς
1549 1245 1714 1309 θείοις
1774 1244 1913 1318 μᾶλ..

248 1328 346 1384 λον
379 1326 691 1394 ἀνατιθέασι
723 1332 815 1386 τὸν
849 1326 1019 1394 ὄντως
1044 1326 1221 1406 ἔρωτα
1252 1333 1304 1386 οἱ
1332 1332 1607 1410 θεολόγοι.

320 1420 402 1492 [γ]
436 1419 521 1476 Τὰ
549 1416 763 1491 πλήθη.
802 1420 1145 1493 Σημείωσαι,
1202 1419 1285 1476 ὅτι
1336 1422 1477 1497 πρὸς
1510 1422 1539 1476 ’ὸ
1570 1426 1817 1497 χωροῦσι
1846 1424 1913 1477 τὰ

247 1507 469 1576 πλήθη,
503 1504 587 1562 δεῖ
604 1508 693 1563 καὶ
722 1514 842 1570 ταῖς
888 1508 1061 1580 λέξεσι
1108 1512 1348 1585 χρῆσθαι
1382 1529 1395 1541 ·
1429 1509 1571 1585 λέγει
1604 1508 1660 1565 δὲ
1689 1516 1740 1566 τί
1762 1517 1911 1566 ποιεῖ

245 1590 470 1670 ὁέρως,
519 1595 610 1650 καὶ
660 1596 784 1671 περὶ
844 1594 939 1653 δύο
996 1598 1236 1674 ἐρώτων,
1283 1597 1429 1654 θείου
1483 1598 1574 1654 καὶ
1629 1604 1905 1674 μεριστοῦ,

245 1682 372 1753 ἤτοι
399 1706 480 1740 σω
487 1705 702 1760 ματοπρ
710 1690 889 1748 εποῢς.

2031 544 2121 593 est
2150 542 2290 611 quia
2338 559 2454 598 non
2503 543 2754 599 habetur
2786 559 2801 599 :
2830 544 3020 598 scribit
3061 560 3185 599 vero
3229 546 3582 622 quibusdam,
3614 552 3673 608 id

2031 632 2120 684 est
2150 630 2430 688 Romanis
2465 648 2477 685 :
2512 632 2611 687 sed
2660 630 3028 704 simpliciter,
3059 633 3259 689 Scribit
3302 651 3428 693 vero
3456 637 3677 696 divinus
3770 672 3775 677 ~

2028 717 2293 787 lgnatius.

2099 807 2165 861 Et
2191 810 2416 879 praeviis
2456 808 2985 865 introductionibus.
3019 809 3337 866 Sciendum
3365 814 3519 883 quod
3552 815 3675 886 pri-

2030 910 2158 949 mas
2210 895 2610 953 institutiones
2659 897 2867 952 divinae
2918 897 3235 969 Scriptura:
3278 905 3444 955 vocet
3488 900 3671 958 libros

2026 984 2355 1042 Salomonis
2385 1003 2453 1043 ex
2481 1004 2596 1059 quo
2626 986 2799 1043 etiam
2832 988 3007 1042 verba
3034 988 3369 1061 desumpta.

2097 1076 2258 1139 Quod
2289 1076 2547 1132 charitas
2595 1092 2854 1132 amorem
2887 1076 3202 1148 signiﬁcet,
3235 1079 3405 1149 cujus
3452 1095 3668 1136 nomen

2024 1163 2282 1220 divinius
2312 1170 2422 1221 est.

2095 1254 2308 1309 Divinis
2336 1256 2537 1325 potius.
2569 1254 2685 1310 Cur
2715 1254 2929 1310 divinis
2972 1254 3168 1326 potius
3211 1250 3541 1314 attribuant
3571 1276 3667 1314 ve—

1929 1344 1936 1354 ‘
2022 1357 2153 1396 rum
2186 1359 2444 1398 amorem
2475 1343 2749 1414 theologi.

2088 1432 2319 1501 Nulgus.
2349 1431 2495 1487 Nota
2526 1448 2630 1503 pro
2669 1436 2844 1503 captu
2896 1431 3057 1503 vulgi
3098 1432 3275 1488 etiam
3306 1434 3663 1493 dictionibus

2018 1520 2334 1589 utendum;
2361 1520 2501 1575 dicit
2522 1524 2738 1587 autem,
2764 1521 2898 1590 quid
2927 1521 3101 1576 faciat
3120 1537 3304 1591 amor,
3328 1522 3565 1595 agitque
3590 1527 3664 1580 de

2016 1609 2249 1665 duobus
2286 1608 2608 1677 amoribus,
2641 1608 2837 1665 divino
2867 1613 2925 1664 et
2954 1608 3234 1666 divisibili
3265 1626 3366 1667 seu
3400 1613 3661 1683 corporis

2014 1714 2271 1769 proprio.

306 1771 389 1846 [δ]
419 1774 515 1835 Ὠς
547 1770 993 1881 δυσχερέστερον.
1028 1777 1118 1837 Ὡς
1153 1771 1587 1881 διαόιόλέημένον
1620 1774 1901 1847 δηλονότι.

2083 1787 2314 1843 Durius.
2346 1787 2632 1843 Videlicet
2660 1790 2941 1858 tanquam
2977 1786 3481 1858 reprehensivum.

310 1863 386 1935 [ε]
418 1863 704 1930 Ἑπὲπεσε,
745 1862 831 1927 τίς
880 1885 1066 1941 φησιν.
1117 1866 1178 1922 Ὀ
1227 1862 1391 1919 Δαυὶδ
1442 1864 1589 1941 λέγει
1638 1866 1759 1941 περῖ
1808 1871 1904 1921 τοῦ

254 1951 512 2006 Ἰωνάθαν
541 1951 601 2006 ἐν
618 1950 688 2027 τῇ
714 1954 907 2027 πρώτῃ
937 1958 1045 2008 τῶν
1078 1954 1398 2011 Βασιλειῶν.

313 2043 395 2110 [ς]
456 2041 724 2097 Τάττεται
780 2043 920 2118 πρὸς
962 2047 1070 2097 τῶν
1122 2045 1303 2116 ἱερῶν.
1348 2046 1472 2099 Ὀτι
1521 2045 1584 2099 τὸ
1635 2043 1763 2101 αὐτὸ
1822 2042 1910 2099 δύ-

252 2150 407 2183 ναται
438 2129 622 2205 ἀγάπη
654 2132 742 2185 καὶ
775 2126 934 2205 ἔρως,
978 2131 1068 2185 καὶ
1106 2131 1191 2194 τίς
1221 2135 1256 2201 ἡ
1289 2136 1385 2187 106
1415 2127 1616 2209 ἔρωτος
1647 2133 1912 2210 ἐνέργεια,

319 2220 400 2289 [εί
433 2225 841 2293 Συγκρατικῆς.
893 2217 1149 2278 Τουτέστι
1199 2221 1571 2297 συγκιρνώσης
1626 2224 1693 2278 τὰ
1739 2223 1909 2299 ἐρῶν-

248 2324 313 2358 τα
338 2307 390 2341 ⁷³
418 2304 558 2380 πρὸς
586 2302 833 2376 ἄλληλα.

318 2408 409 2481 [η]
464 2409 564 2462 Διά
609 2410 671 2464 τὸ
730 2408 926 2468 καλόν.
968 2412 1135 2487 Ὅπερ
1176 2418 1322 2468 εἶπεν
1368 2412 1500 2487 ἄνω,
1559 2415 1644 2470 ὅτι
1689 2417 1717 2471 6
1764 2421 1907 2480 θεῖος

254 2493 418 2569 ἔρως.
450 2497 833 2574 προῦπάρχων
882 2498 933 2554 ἐν
978 2505 1056 2572 τῷ
1102 2500 1310 2576 ἀγαθῷ,
1361 2500 1504 2559 ἔτεκε
1550 2504 1641 2559 τὸν
1687 2505 1740 2560 ἐν
1770 2507 1906 2577 ἡμῖν

252 2581 455 2656 ἔρωτα,
485 2585 558 2641 δι’
583 2589 645 2641 οὗ
672 2592 768 2641 106
791 2586 991 2655 ἀγαθοῦ
1022 2588 1302 2663 ἐφιέμεθα.

314 2679 345 2745 §
404 2678 558 2733 XIII.
608 2677 685 2749 [θ]
744 2674 1108 2741 Ἐκστατικός.
1180 2681 1310 2754 Περὶ
1368 2679 1665 2746 ἐκστάσεως
1719 2682 1909 2759 ἔρωτι-

246 2770 348 2833 κῆς
376 2764 467 2818 καὶ
498 2765 527 2818 ὁ
564 2762 727 2820 Δαυίδ
752 2785 766 2798 ’
798 2766 946 2841 Ἐγὼ
978 2770 1128 2822 εἷπον
1158 2768 1209 2822 ἐν
1240 2769 1310 2840 τῇ
1337 2769 1577 2826 ἐκστάσει
1612 2791 1736 2845 μου.

317 2942 683 3012 Ἔξεστηκώς.
726 2943 1061 3018 Ζημείωσαι,
1120 2950 1237 3008 πῶς
1281 2951 1483 3002 νοεῖται
1513 2949 1561 2984 ’⁷⁸
1603 2949 1666 3003 τό
1697 2966 1711 2981 ·
1763 2950 1904 3022 Ἐξε-

250 3033 465 3100 στηκὼς
490 3037 629 3105 Θεῷ.

314 3118 664 3193 Τολμητέον.
696 3123 819 3179 ’Ὁτι
852 3123 940 3177 καὶ
972 3124 1000 3178 6
1032 3123 1161 3185 Θεὸς
1192 3124 1408 3178 πάντων
1440 3122 1553 3201 ἐρᾷ.

320 3298 411 3352 Διὸ
440 3297 533 3353 καὶ
558 3296 835 3370 ζηλωτήν.
872 3299 1016 3355 Κατὰ
1061 3301 1114 3355 τί
1154 3297 1366 3377 λέγεται
1411 3300 1665 3373 ζηλωτὴς
1692 3304 1719 3358 6
1751 3304 1900 3372 Θεὸς,

251 3385 325 3448 ὦς
358 3385 584 3462 ἔραστῆς
615 3390 716 3457 τῆς
743 3388 954 3444 πάντων
980 3389 1270 3467 σωτηρίας.

316 3566 521 3635 ξΧιν.
551 3566 619 3622 Τί
652 3564 711 3620 δὲ
730 3565 899 3628 ὅλως.
933 3568 1045 3632 Τῆς
1078 3567 1172 3639 μὲν
1206 3567 1417 3641 ἀγάπης
1448 3568 1540 3623 καὶ
1577 3566 1674 3623 106
1692 3567 1898 3643 ἔρωτος

242 3652 403 3708 αὐτὸν
432 3651 650 3724 δηλαδὴ
680 3653 774 3709 τὸν
805 3655 933 3710 Θεὸν
965 3651 1246 3731 προϐολὲα
1278 3657 1410 3731 φησί
1433 3658 1523 3712 καὶ
1551 3660 1855 3733 γεννήτορα
1882 3681 1895 3695 ·

242 3742 405 3806 αὐτὸς
450 3742 553 3818 γὰρ
608 3746 777 3798 ταῦτα
827 3741 879 3798 ἐν
930 3745 1103 3815 ἑαυτῷ
1164 3741 1291 3800 ὄντα
1336 3748 1646 3822 προήγαγεν
1706 3747 1783 3809 εἰς
1832 3749 1901 3803 τὰ

244 3830 415 3897 ἰκτὸς,
443 3830 688 3886 τοῦτέστι
714 3833 781 3885 τὰ
825 3833 948 3906 περὶ
994 3832 1060 3887 τὰ
1100 3832 1366 3905 κτίσματα
1398 3853 1411 3867 ⁸
1454 3835 1544 3889 καὶ
1574 3836 1710 3889 κατὰ
1735 3840 1897 3891 τοῦτο

243 3919 455 3991 εἴρηται
492 3937 507 3951 ⁸
566 3921 625 3973 Ὁ
680 3920 809 3982 Θεὸς
883 3919 1064 3995 ἀγάπη
1126 3921 1259 3991 ἐστὶ,
1316 3923 1404 3977 καὶ
1462 3922 1513 3976 ἰν
1568 3928 1647 3995 τῷ
1698 3922 1895 3997 ᾅσματι

243 4008 452 4080 ὁμοίως
504 4010 688 4083 ἀγάπη
744 4005 955 4083 εἴρηται
1004 4030 1017 4044 °
1076 4010 1166 4065 καὶ
1229 4010 1390 4066 πάλιν
1442 4010 1759 4086 γλυκασμὸς
1806 4018 1898 4074 καὶ

240 4094 525 4169 ἐπιθυμία,
556 4095 590 4150 ὅ
637 4095 777 4150 ἐστιν
835 4092 972 4172 ἔρως
1002 4115 1017 4132 ⁸
1066 4098 1129 4152 τὸ
1177 4094 1235 4153 δὲ
1283 4100 1559 4173 ἀγαπητὸν
1606 4102 1695 4155 καὶ
1728 4099 1895 4167 ὅντως

242 4182 463 4256 ἔραστὸν
498 4183 659 4245 αὐτός
682 4183 812 4240 ἐστι.
846 4189 934 4257 Τῷ
971 4186 1065 4258 μὶν
1095 4187 1191 4241 οὖν
1220 4187 1312 4241 τὸν
1341 4187 1680 4262 ἀγαπητικὸν
1720 4189 1897 4265 ἔρωτα

242 4270 295 4341 ἐξ
326 4274 496 4327 αὐτοῦ
526 4274 882 4347 προχεῖσθαι,
913 4272 1071 4335 αὐτὸς
1106 4276 1368 4329 κινεῖσθαι
1401 4275 1615 4351 λίγεται
1643 4278 1671 4331 6
1700 4278 1895 4333 τούτου

239 4363 520 4435 γεννήτωρ
554 4378 569 4392 ’
604 4364 681 4431 οῷ
701 4357 759 4414 δὲ
811 4359 970 4415 αὐτὸν
1015 4364 1153 4416 εἶναι
1188 4362 1242 4417 τὸ
1275 4361 1500 4433 ἀληθῶς
1546 4363 1765 4439 ἐραστὸν
1803 4368 1895 4421 καὶ

245 4447 549 4523 ἀγαπητῶν,
579 4448 814 4503 κινεῖτὰ
860 4449 997 4521 πρὸς
1044 4454 1207 4504 τοῦτο
1257 4451 1470 4526 ὁρῶντα
1493 4453 1559 4520 ⁷⁵,
1603 4454 1693 4506 καὶ
1745 4455 1824 4516 οἶς
1855 4457 1890 4523 ἡ

238 4542 340 4591 106
361 4536 607 4616 ἐφίεσθαι
642 4534 873 4610 δύναμις
904 4536 1185 4612 ἀναλόγως
1216 4538 1418 4603 αὐτοῖς.

315 4628 578 4703 Ἐραστὸν
634 4626 725 4681 καὶ
801 4628 1098 4703 ἀγαπητόν.
1178 4629 1596 4706 Προσαγωγικὸν
1672 4631 1762 4685 καὶ
1820 4653 1904 4687 κι-

238 4717 467 4783 νητικὸν
518 4715 658 4791 πρὸς
713 4714 978 4788 ἐρωτικὴν
1037 4718 1321 4794 συνάφειαν
1366 4720 1464 4786 τήν
1525 4717 1576 4773 ἂν
1636 4719 1901 4791 πνεύματι

238 4804 337 4859 τὸν
398 4807 528 4859 Θεὸν
582 4804 720 4858 εἷναί
770 4825 862 4877 μοι
922 4804 1055 4874 νόει,
1104 4805 1347 4860 τουτέστι
1400 4807 1624 4878 μεσίτην
1677 4807 1905 4879 ταύτης,

236 4893 337 4947 καὶ
372 4893 509 4965 πρὸς
555 4892 743 4947 ἑαυτὸν
789 4894 1165 4965 συναρμοστὴν
1206 4897 1302 4947 106
1350 4892 1567 4967 ἐρᾶσθαι
1607 4895 1766 4950 αὐτὸν
1803 4896 1905 4951 ὑπὸ

238 4985 359 5035 τῶν
395 4980 556 5036 αὐτοῦ
586 4983 631 5017 ⁷⁸
659 4980 984 5053 ποιημάτων
1034 4982 1121 5036 καὶ
1163 4982 1463 5058 ἀγαπᾶσθαι
1499 5003 1510 5017 ·
1541 4983 1817 5054 κινηνικὸν
1850 4982 1908 5040 δέ

238 5089 439 5145 φησιν,
470 5070 543 5130 ὡς
583 5073 840 5124 κινοῦντα
863 5066 1060 5124 ’ἕκαστα
1087 5073 1151 5138 ⁷⁷,
1200 5071 1338 5125 κατὰ
1361 5072 1451 5125 τὸν
1495 5070 1699 5126 οἷκεῖον
1742 5070 1906 5148 λόγον

316 5250 407 5323 (b)
433 5250 584 5309 Psal.
619 5266 748 5321 σιν,
782 5250 868 5308 11.
947 5252 1016 5322 (c)
1044 5250 1210 5308 Joan.
1244 5267 1322 5321 ιν,
1356 5251 1440 5309 16.

2090 1875 2319 1945 Cecidit,
2360 1878 2442 1931 ait
2482 1876 2708 1947 ntiquis.
2760 1875 2939 1931 David
2987 1876 3060 1930 de
3107 1875 3365 1932 Jonatha
3412 1877 3556 1933 dicit
3604 1879 3664 1934 in

2018 1965 2207 2037 primo
2242 1969 2488 2037 Regum.

2089 2055 2325 2109 Ponitur
2352 2070 2385 2108 α
2413 2054 2604 2109 sacris.
2637 2053 2798 2108 Idem
2849 2052 3184 2124 signiﬁcare
3225 2052 3571 2112 charitatem
3605 2060 3664 2111 ct

2020 2159 2304 2205 amorem.
2336 2159 2402 2198 ac
2432 2159 2560 2213 quas
2592 2142 2672 2197 sit
2701 2141 2919 2197 amoris
2954 2141 3235 2198 efﬁcacia.

2093 2231 2590 2300 Contempsrantis.
2624 2230 2683 2286 Id
2717 2233 2825 2297 est,
2849 2230 3000 2285 inter
3019 2245 3082 2285 se
3104 2230 3410 2288 miscentis
3441 2249 3508 2288 ea
3538 2250 3663 2304 qua:

2018 2324 2237 2376 amant.

2090 2410 2245 2464 140
2273 2414 2506 2479 Propter
2532 2408 2849 2481 pulchrum.
2882 2408 3044 2472 Quod
3096 2408 3242 2464 dixit
3289 2412 3482 2478 antea,
3512 2408 3661 2465 divi-

2020 2515 2162 2554 num
2195 2514 2453 2553 amorem
2487 2497 2984 2569 praeexsistentem
3016 2499 3080 2552 in
3110 2498 3245 2553 bona
3276 2498 3570 2569 peperisse
3599 2498 3659 2554 in

2018 2588 2189 2643 nobis
2219 2602 2500 2653 amorem,
2533 2602 2637 2657 per
2664 2601 2839 2656 quem
2875 2585 3094 2640 bonum
3127 2586 3478 2659 appetimus.

2087 2678 2116 2747 ἒ
2145 2676 2296 2731 XIII.
2329 2674 2655 2730 Exstaticus.
2695 2675 2768 2729 De
2796 2674 3014 2730 exstasi
3043 2675 3262 2729 amoris
3292 2674 3415 2730 sive
3444 2676 3659 2730 virtute

2017 2782 2135 2836 qua
2164 2768 2418 2819 mentem
2449 2764 2519 2818 de
2559 2779 2666 2817 suo
2715 2767 2867 2817 statu
2915 2761 3189 2833 dimovet,
3212 2763 3391 2818 David
3427 2762 3601 2819 etiam
3641 2778 3653 2816 :

2015 2855 2123 2924 Ego
2153 2851 2276 2907 dici
2306 2854 2366 2907 in
2395 2866 2615 2906 excessu
2640 2866 2757 2906 meo
2787 2851 2888 2922 (ὁ).

2088 2940 2193 3010 Qui
2211 2942 2465 2996 excessit.
2488 2939 2738 2995 Observa
2759 2940 3052 3009 quomodo
3078 2937 3440 3011 intelligatur
3462 2938 3615 2993 istud
3640 2954 3653 2993 :

2016 3030 2122 3100 Qui
2150 3031 2382 3085 excessit
2406 3029 2531 3085 Deo.

2082 3119 2428 3175 Audendum.
2480 3118 2677 3188 Ipsum
2735 3131 2969 3188 quoque
3025 3116 3210 3172 Deum
3270 3130 3468 3173 amare
3521 3115 3656 3170 uni-

2012 3225 2197 3265 versa.

2086 3301 2234 3353 Hanc
2259 3297 2323 3352 ob
2353 3312 2580 3352 causam
2625 3294 2796 3350 etiam
2844 3295 3077 3351 solocem
3107 3294 3288 3349 illum.
3322 3295 3445 3360 Quo
3476 3308 3654 3348 sensu

2012 3392 2165 3444 Deus
2213 3385 2441 3441 dicatur
2489 3383 2728 3452 zelotes,
2770 3382 2927 3438 velut
2982 3387 3210 3439 amator
3265 3381 3474 3437 salutis
3528 3396 3654 3436 om-

2010 3476 2200 3533 nium.

2078 3568 2106 3631 §
2137 3564 2282 3619 XIV.
2316 3563 2466 3631 Quid
2489 3577 2653 3632 porro
2699 3560 2938 3617 tandem.
2972 3558 3285 3615 Charitatis
3327 3557 3565 3629 quidem
3597 3560 3654 3611 et

2009 3654 2247 3719 amoris,
2282 3654 2479 3722 ipsum
2523 3666 2733 3719 nempe
2764 3649 2968 3713 Deum,
2994 3651 3290 3701 auctorem
3321 3651 3379 3700 et
3406 3660 3649 3715 genera-

2007 3748 2193 3797 torem
2227 3740 2338 3806 ait;
2371 3741 2494 3808 ipse
2537 3738 2692 3792 enim
2749 3737 2867 3790 haec
2897 3751 3024 3805 quae
3056 3735 3210 3789 intra
3254 3734 3450 3803 ipsum
3482 3737 3648 3786 erant

2007 3829 2281 3903 produxit
2310 3828 2378 3883 ad
2413 3831 2594 3891 extra,
2612 3826 2669 3879 id
2697 3828 2784 3878 est
2809 3828 3133 3889 creaturas;
3168 3820 3393 3890 hacque
3422 3818 3647 3875 ratione

2006 3920 2258 3975 dicitur:
2292 3919 2430 3972 Deus
2455 3913 2698 3969 charitas
2724 3915 2800 3966 est
2821 3912 2913 3981 (ο),
2937 3926 3004 3966 ac
3034 3910 3092 3964 in
3115 3909 3342 3964 cantico
3371 3907 3647 3962 similiter

2004 4007 2242 4066 charitas
2269 4008 2535 4069 vocatur;
2570 4016 2894 4071 rursusque
2931 3998 3154 4054 dulcedo
3202 4003 3259 4053 et
3303 3997 3650 4052 desiderium

2005 4096 2163 4168 quod
2194 4098 2282 4149 est
2311 4107 2496 4147 amor:
2530 4091 2653 4161 ipse
2678 4095 2875 4144 autem
2906 4091 2996 4142 est
3024 4087 3084 4141 id
3118 4087 3273 4156 quod
3298 4101 3430 4140 vere
3462 4083 3652 4154 diligi-

2005 4186 2120 4241 bile
2151 4200 2218 4238 ac
2247 4179 2525 4247 amabile;
2558 4184 2851 4249 quatenus
2871 4192 3009 4248 ergo
3035 4174 3362 4230 amatorius
3393 4191 3556 4230 amor
3586 4190 3656 4227 ex

1998 4290 2105 4346 pse
2140 4272 2468 4344 promanat,
2500 4267 2627 4337 ipse
2664 4265 2848 4334 hujus
2879 4264 3112 4336 genitor
3144 4261 3371 4318 moveri
3403 4262 3655 4327 dicitur;

2019 4365 2311 4434 quatenus
2342 4360 2538 4413 autem
2567 4360 2655 4409 est
2683 4354 2740 4408 id
2787 4354 2939 4424 quod
2972 4368 3104 4407 vero
3149 4350 3400 4405 amabile
3430 4367 3496 4404 ac
3524 4349 3659 4403 dili‘

2001 4449 2223 4523 igibile,
2257 4448 2450 4502 movet
2491 4461 2618 4516 quae
2663 4443 2821 4498 hunc
2866 4441 3213 4513 respiciunt,
3245 4443 3302 4494 et
3330 4439 3544 4509 quibus
3574 4437 3661 4491 vis

1930 4533 1979 4597 D
2013 4536 2321 4613 appetendi
2357 4533 2643 4590 convenit.

2085 4624 2394 4683 Amabitem
2413 4638 2478 4677 ac
2496 4620 2778 4676 dilectum.
2806 4616 3075 4688 Intelligo
3098 4616 3278 4671 Deum
3308 4613 3521 4669 habere
3544 4612 3660 4667 vim

2014 4712 2344 4774 adducendi
2375 4712 2445 4769 ad
2479 4708 2826 4766 amatorium
2859 4707 2919 4761 in
2952 4704 3163 4776 spiritu
3185 4701 3666 4759 communicatio-

2015 4823 2173 4875 nem,
2206 4805 2263 4859 id
2312 4806 2402 4858 est
2454 4801 2630 4871 hujus
2683 4798 3086 4865 mediatorem,
3137 4811 3204 4850 ac
3254 4810 3356 4866 per
3402 4793 3659 4864 seipsum

2016 4892 2455 4952 conciliatorem
2487 4904 2639 4958 esse,
2662 4892 2728 4943 ut
2757 4886 2882 4959 ipse
2904 4902 2937 4940 a
2967 4885 3092 4940 suis
3122 4881 3407 4938 creaturis
3437 4886 3667 4937 ametur

2017 5001 2084 5041 ac
2113 4982 2423 5053 diligatur;
2454 4977 2599 5034 dicit
2628 4979 2823 5032 autem
2857 4972 2969 5027 vim
3001 4971 3272 5027 movendi
3304 4970 3537 5040 habere,
3562 4973 3668 5024 aut

2018 5076 2348 5130 moventem
2379 5064 2613 5137 singula
2663 5060 2986 5118 secundum
3034 5058 3329 5129 propriam
3360 5057 3663 5125 rationem,

1270 5429 1503 5486 VARIzE
1542 5428 1936 5487 LECTIONES
1975 5430 2068 5485 ET
2106 5422 2670 5485 CORRECTIONES.

322 5562 375 5637 ζ’
398 5558 683 5637 θεοφόρος.
789 5560 830 5596 τί
860 5556 1191 5617 ἐπιστατέον.

248 5634 296 5669 π
327 5629 554 5688 inani)?
565 5674 578 5689 .

583 5762 850 5825 Panos.
899 5763 1011 5825 Gs.
1056 5761 1157 5824 IV.

1293 5561 1340 5596 ⁷³
1368 5560 1462 5623 τὰς
1488 5565 1586 5617 τοῦ
1641 5561 1776 5620 Σολ.
1824 5560 2050 5641 γραφάς.

2151 5562 2197 5597 ⁷³
2228 5559 2467 5614 ἓνοῦντα.
2571 5557 2617 5591 7‘
2646 5552 2881 5630 εἴρηται.
2987 5554 3031 5589 ⁷⁸
3062 5551 3286 5628 ἐρῶντα.
3393 5552 3437 5590 ⁷⁸
3467 5551 3679 5608 ἑαυτοῦ.

3315 5752 3352 5809 9
