4000 6200
345 315 449 370 267

1162 311 1526 366 APPENDIX
1565 312 1660 364 AD
1699 309 1940 363 OPERA
1976 310 2034 362 Β.
2072 307 2388 364 DIONYSII
2427 310 2932 366 AREOPAGITE.

2961 81 3236 131 θη--η
3312 32 3890 136 βίη-ιιι

3651 307 3759 362 268

343 441 410 494 ut
437 437 508 494 ad
555 435 754 508 ipsum
785 437 1222 490 convertantur.
1256 437 1435 488 Porro
1467 447 1682 488 nomen
1732 447 1986 503 προαγω-

2109 429 2240 503 πρὸς
2272 431 2431 485 αὐτὸν
2463 432 2507 468 ⁷⁸
2538 427 2968 505 ἐπιπρᾶφεσθαι.
3025 427 3104 486 Τό
3156 425 3214 483 δὶ
3257 431 3356 494 τῆς
3401 429 3758 504 προαγωγίας

341 525 458 600 γία,
506 525 799 596 promotio,
832 523 941 578 etsi
990 523 1144 594 apud
1197 523 1472 593 profanos
1523 519 1817 592 signiﬁcet
1863 534 1986 574 rem

341 618 658 688 impuram,
692 617 945 668 attamen
974 611 1069 665 hic
1099 608 1241 664 dicit
1278 608 1756 666 intercessionem
1788 605 1986 662 conci-

340 705 627 760 liatricem
661 699 946 757 unitionis
975 715 1108 753 cum
1139 698 1275 753 Deo.

415 794 479 848 Et
506 793 602 847 illo
631 790 852 863 quidem
881 796 1152 843 movetur.
1184 786 1333 841 Nota
1354 784 1610 840 divinam
1643 783 1984 852 motionem,

343 882 404 937 in
435 899 554 954 qua
581 882 866 949 movetur,
899 881 956 933 et
987 875 1078 932 sui
1111 879 1203 931 est
1233 878 1532 946 promotor
1561 877 1619 929 et
1649 877 1871 928 motum
1904 873 1987 927 fa-

347 971 508 1026 ciens
538 970 714 1026 Deus.

419 1061 492 1115 Ac
520 1059 770 1115 eximiae.
807 1053 1104 1110 Amatoris
1128 1069 1262 1108 cum
1299 1053 1410 1108 Deo
1440 1051 1648 1116 unitio,
1673 1053 1911 1122 praestat
1937 1056 1991 1105 et

348 1145 743 1220 supereminet
771 1142 929 1199 omni
970 1141 1261 1208 unitione;
1303 1137 1640 1215 ἒξῃρημὲνην
1676 1139 1857 1211 igitur
1886 1155 1989 1194 su.

347 1236 632 1308 perierem
665 1236 862 1298 vocat;
908 1230 1049 1286 dicit
1075 1246 1211 1286 vero
1243 1245 1499 1286 amorem
1531 1228 1792 1284 divinum
1827 1227 1990 1298 prin-

345 1325 480 1396 cipii
511 1330 565 1379 et
603 1323 742 1378 ﬁnis
771 1324 1086 1392 expertem,
1123 1322 1184 1374 ut
1232 1335 1302 1374 ex
1355 1319 1505 1374 bono
1559 1317 1988 1390 procedentem,

345 1418 402 1468 et
449 1413 521 1467 ad
569 1412 787 1467 bonum
820 1410 1162 1464 redeuntem
1212 1406 1382 1478 quasi
1430 1405 1736 1462 circularis
1780 1405 1987 1477 ﬁgura,

343 1499 822 1573 quandoquidem
854 1502 911 1553 et
943 1496 1244 1552 circularis
1283 1496 1438 1551 linea
1467 1494 1761 1551 occultum
1793 1494 1988 1565 habet,

343 1591 501 1646 unde
557 1587 882 1659 incoeperit,
922 1590 980 1642 et
1034 1585 1134 1640 ubi
1194 1583 1460 1652 desierit;
1523 1583 1684 1656 atqui
1742 1600 1810 1639 ex
1864 1583 1990 1654 ipso

342 1677 638 1750 appetitus
685 1675 843 1742 boni,
891 1679 948 1730 et
995 1674 1209 1729 iterum
1269 1674 1330 1729 in
1387 1673 1584 1745 ipsum
1639 1671 1895 1744 aspicit:
1930 1671 1987 1727 in

343 1766 540 1838 seipse
590 1768 788 1820 autem
836 1767 894 1818 et
941 1767 1051 1833 est,
1091 1766 1148 1818 et
1195 1764 1341 1818 141
1397 1766 1594 1819 manet
1641 1777 1805 1816 amor
1853 1777 1990 1816 con-

344 1854 629 1911 naturalis
658 1850 958 1919 bonitatis,
991 1868 1056 1907 ac
1087 1867 1291 1908 eorum
1323 1867 1450 1921 quea
1496 1851 1570 1906 ad
1611 1849 1832 1905 bonum
1863 1853 1988 1906 ten-

345 1945 516 2000 dunt

413 2031 750 2087 Amatoriam
785 2029 1107 2085 motionem.
1158 2026 1521 2083 Amatoriam
1580 2025 1718 2082 boni
1779 2025 1988 2081 motio-

344 2138 500 2192 nem,
535 2119 1032 2191 przeexistentem
1081 2118 1140 2173 in
1189 2116 1362 2183 bono,
1395 2115 1747 2187 simplicem,
1780 2130 1845 2169 ac
1890 2130 1992 2186 per

342 2227 405 2266 se
435 2210 778 2274 motionem,
805 2210 981 2278 atque
1003 2223 1073 2264 ex
1093 2206 1244 2262 bono
1266 2205 1757 2278 progredientem,
1781 2219 1990 2258 rursus

338 2299 398 2354 in
433 2299 584 2354 idem
624 2301 982 2363 convertere,
1013 2311 1146 2351 cum
1197 2294 1484 2366 principio
1515 2298 1574 2350 et
1611 2294 1726 2348 ﬁne
1775 2295 1988 2359 careat,

338 2388 496 2458 quod
515 2386 777 2442 declarat
797 2385 1124 2457 appetitum
1150 2388 1417 2439 nostrum
1442 2399 1577 2454 erga
1601 2381 1986 2437 divinitatem.

337 2477 485 2532 Nota
513 2492 646 2531 vero
695 2475 974 2545 deinceps
1005 2474 1198 2529 dicere
1243 2476 1591 2544 perpetuum
1623 2487 1752 2526 esse
1788 2471 1988 2525 orbem

341 2565 400 2620 in
434 2565 606 2634 bono,
631 2564 1036 2635 progrediente
1065 2562 1304 2634 quidem
1334 2562 1462 2632 ipso
1492 2561 1562 2616 ad
1597 2557 1992 2630 intelligibilia

343 2659 400 2710 et
429 2653 692 2721 sensilia,
723 2651 938 2706 iterum
972 2656 1168 2705 autem
1200 2651 1271 2705 ad
1313 2666 1375 2705 se
1417 2654 1764 2713 revertente,
1789 2664 1854 2702 ac
1885 2664 1988 2702 ne-

345 2757 460 2812 que
487 2744 703 2806 stante,
736 2755 926 2813 neque
957 2741 1244 2794 cessante.

871 2833 953 2883 Bx
981 2827 1103 2882 divo
1143 2831 1190 2882 Η
1198 2825 1462 2880 ierotheo.

415 2916 586 2984 §XV.
618 2917 894 2971 Amorem.
926 2913 1095 2968 Disce
1141 2913 1436 2983 quomodo
1487 2926 1740 2980 magnus
1789 2911 1987 2966 Hiero-

342 3003 515 3058 theus
546 3003 764 3074 optime
794 3003 865 3056 de
891 3001 1186 3056 laudando
1239 3015 1436 3055 amore
1485 2998 1764 3066 disserat;
1800 2999 1988 3070 primo

343 3090 578 3164 quidem
596 3091 798 3145 dicens
817 3089 1014 3160 ipsum
1037 3087 1808 3158 divinum,quandoquidem
1833 3087 1989 3144 Deus

343 3181 423 3236 sit
453 3177 660 3233 eximie
689 3194 756 3234 ac
787 3177 914 3232 sine
944 3193 1120 3232 causa
1155 3179 1379 3246 primus
1401 3181 1603 3231 auctor
1633 3178 1849 3232 amoris
1880 3192 1987 3231 cae-
2019 3166 2061 3233 C

345 3267 539 3334 lestis;
573 3266 622 3322 si
665 3266 820 3320 enim
871 3281 1036 3320 amor
1063 3273 1152 3319 est
1201 3265 1478 3330 charitas,
1502 3264 1656 3318 sicut
1704 3269 1877 3319 antea
1908 3265 1994 3318 di-

343 3361 526 3422 ctum,
561 3360 617 3410 et
646 3355 934 3426 scriptum
967 3359 1056 3409 est
1083 3354 1268 3408 Deum
1303 3353 1651 3408 charitatem
1685 3368 1835 3419 esse,
1871 3370 1995 3408 ma-

344 3446 623 3500 nifestum
653 3451 742 3500 est
772 3444 957 3499 Deum
990 3459 1119 3498 esse
1145 3443 1409 3497 omnium
1437 3458 1696 3497 amorem
1723 3458 1826 3497 seu
1860 3443 1994 3497 cha-

342 3535 574 3591 ritatem
609 3550 792 3588 unum
833 3531 1216 3599 efficientem;
1249 3531 1411 3585 illinc
1448 3531 1631 3603 igitur
1669 3548 1772 3602 per
1800 3536 1990 3588 trans-

344 3622 704 3694 gressionem
746 3620 1116 3693 progreditur
1162 3620 1234 3675 ad
1285 3619 1544 3691 angelos,
1589 3620 1745 3674 unde
1794 3620 1988 3691 ipsum

345 3727 577 3784 quoque
607 3709 934 3781 angelicum
957 3709 1116 3778 dicit,
1145 3708 1246 3763 ubi
1278 3707 1528 3763 maxime
1557 3707 1821 3762 divinum
1855 3708 1988 3763 uni-

344 3801 482 3856 tatis
509 3815 767 3856 amorem
789 3798 1004 3870 aliquis
1031 3797 1302 3869 reperiat,
1327 3797 1472 3851 nihil
1494 3796 1648 3851 enim
1675 3797 1984 3853 dissonum

338 3893 438 3945 aut
469 3889 820 3944 seditiosum
845 3887 997 3958 apud
1030 3887 1209 3957 ipsos.
1235 3885 1454 3940 Deinde
1487 3890 1617 3957 post
1643 3885 1901 3958 angelos,
1927 3891 1984 3942 et

338 3976 764 4048 intclligentem
811 3975 892 4030 ait
939 3991 1223 4044 amorem,
1255 3973 1312 4028 id
1345 3978 1453 4039 est,
1487 3973 1546 4029 in
1597 3973 1738 4029 viris
1789 3975 1982 4031 divina

334 4063 724 4135 sapientibus,
747 4063 846 4134 qui
885 4068 1026 4119 sunt
1064 4062 1331 4118 Ecclesiae
1365 4079 1378 4117 :
1413 4063 1484 4118 de
1515 4063 1734 4134 quibus
1764 4064 1981 4120 Paulus

332 4151 474 4207 dicit
497 4168 510 4206 :
536 4150 608 4206 Ut
638 4151 792 4206 idem
825 4151 1073 4220 dicatur,
1101 4156 1158 4206 et
1201 4155 1404 4206 caetera
1431 4152 1522 4222 (θ),
1549 4167 1612 4206 ac
1646 4152 1926 4209 Dominus
1959 4170 1973 4209 :

332 4241 398 4298 Ut
428 4241 544 4296 sint
572 4255 764 4305 unum,
796 4240 938 4293 sicut
966 4246 1019 4294 et
1048 4253 1144 4293 nos
1191 4255 1362 4294 unum
1407 4255 1592 4295 sumus
1614 4244 1715 4309 (e);
1750 4245 1805 4297 et
1853 4242 1976 4298 haec

327 4329 565 4402 quidem
595 4329 687 4400 Ide
716 4327 870 4383 veris
902 4326 1249 4384 Christianis
1281 4345 1293 4382 :
1330 4332 1532 4399 postea
1578 4345 1710 4384 vero
1741 4331 1810 4386 de
1843 4331 1974 4386 uni-

321 4418 506 4475 versis
529 4417 889 4483 hominibus,
910 4417 965 4472 in
991 4415 1208 4487 quibus
1228 4416 1319 4472 lex
1341 4415 1631 4487 amicitia,
1658 4418 1972 4477 rationales

2019 1809 2068 1876 B

2098 512 2293 590 ὄνομα,
2326 517 2372 572 εἴ
2400 519 2487 573 καὶ
2521 519 2668 589 παρᾶ
2711 523 2830 581 τοῖς
2872 522 2978 572 τῶν
3031 515 3224 587 ἔξωθεν
3273 523 3502 594 πρᾶγμα
3551 518 3760 591 σημαί-

2098 603 2174 660 νει
2235 606 2333 660 οὐκ
2378 607 2585 684 εὐαγὲς,
2639 605 2763 662 ἀλλ’
2815 605 3038 661 ἰνταῦθα
3085 608 3185 676 την
3235 606 3489 682 πρόξενον
3537 614 3637 677 τῆς
3694 609 3759 663 ἒν

2099 699 2215 766 Θεῷ
2244 693 2487 758 ἰνώσεως
2523 695 2791 768 μεσιτείαν
2824 695 2983 767 φησί.

2170 783 2266 837 Καὶ
2315 784 2376 838 τὸ
2418 785 2510 856 μὲν
2560 789 2809 841 κινεῖται.
2861 781 3180 857 Σημείωσαι
3225 785 3438 854 κίνησιν
3497 785 3666 858 θείαν,
3696 785 3760 840 ἐν

2098 870 2384 946 ᾖκινεῖται
2431 871 2520 927 καὶ
2572 872 2736 928 αὐτοῦ
2778 871 2888 927 ἐστι
2934 873 3284 948 προαγωγεὺς
3327 873 3422 927 καὶ
3468 874 3768 945 κινητικὸς

2100 961 2128 1016 6
2159 960 2311 1023 Θεός.

2170 1051 2277 1106 Καὶ
2331 1052 2429 1120 τῆς
2486 1049 2840 1127 ἰξῃρημὲνης.
2914 1052 2978 1108 Ἡ
3044 1048 3180 1126 πρὸς
3241 1051 3370 1106 Θεὸν
3435 1052 3765 1127 ἀγαπητικὴ

2097 1137 2291 1202 ’ἐνωσις
2349 1139 2528 1210 πάσης
2598 1139 2856 1214 ἐξῄρηται
2923 1140 3013 1195 καὶ
3095 1141 3401 1216 ὑπερκειται
3460 1141 3712 1206 ἓνώσεως
3752 1160 3766 1175 °

2102 1229 2440 1304 ἐξῃρημένην
2497 1227 2586 1283 οὖν
2642 1230 2742 1298 τὴν
2798 1228 3063 1306 ἀνωτὲραν
3123 1228 3286 1302 φησίν
3322 1249 3336 1263 ο
3400 1228 3640 1306 ἄναρχον
3699 1229 3771 1287 δὲ

2100 1318 2190 1373 καὶ
2221 1315 2574 1388 ἀτελεύτητον
2631 1317 2723 1372 τὸν
2775 1322 2917 1382 θεῖον
2975 1315 3152 1394 ἔρωτα
3204 1316 3378 1394 λεγει,
3435 1321 3509 1382 ὡς
3565 1320 3626 1375 δκ
3653 1325 3771 1375 τοῦ

2100 1406 2298 1482 ἀγαθοῦ
2327 1402 2611 1480 προϊόντα,
2642 1406 2732 1462 καὶ
2762 1408 2898 1483 πρὸς
2947 1407 3010 1462 τὸ
3056 1408 3250 1484 ἀγαθὸν
3284 1405 3772 1484 ἕπαναστρὲφοντα

2099 1496 2235 1552 κατὰ
2260 1502 2452 1572 σχῆμα
2474 1494 2733 1551 κυκλικόν
2762 1516 2773 1528 ·
2807 1495 2920 1551 ἐπεὶ
2964 1495 3053 1552 καὶ
3103 1499 3138 1566 ἡ
3181 1500 3280 1552 τοῦ
3330 1496 3538 1553 κύκλου
3567 1518 3770 1573 γραμ-

2104 1585 2180 1658 μὴ
2214 1583 2274 1641 οὐ
2303 1585 2578 1660 γνώριμον
2611 1581 2728 1660 ἔχει
2776 1583 2893 1640 ὅθεν
2944 1583 3168 1660 ἤρξατο,
3217 1583 3309 1640 καὶ
3349 1586 3411 1640 οὗ
3440 1585 3705 1656 κατίληξε
3750 1629 3768 1644 .

2099 1675 2186 1729 καὶ
2221 1672 2322 1749 γάρ
2359 1672 2409 1744 ἐξ
2436 1673 2601 1728 αὐτοῦ
2632 1676 2667 1743 ἠ
2716 1678 2812 1728 τοῦ
2859 1673 3062 1749 ἀγαθοῦ
3115 1668 3316 1749 ἔφεσις,
3365 1673 3456 1729 καὶ
3487 1675 3562 1738 εἰς
3595 1675 3770 1731 αὐτὸν

2103 1761 2272 1818 πάλιν
2302 1764 2448 1836 ὁρᾷ·
2483 1760 2535 1817 ἒν
2581 1763 2756 1834 ἑαυτῷ
2806 1761 2864 1818 δί
2911 1763 3001 1818 καὶ
3055 1760 3166 1818 ἔστι
3210 1765 3299 1819 καὶ
3356 1766 3506 1838 μὲνει
3533 1766 3595 1820 τὸ
3626 1763 3762 1840 ὖρᾷν

2095 1859 2194 1921 τῆς
2225 1853 2504 1930 συμφυοῦς
2551 1850 2904 1928 ἁγαθότητος,
2953 1851 3044 1906 καὶ
3092 1857 3200 1907 τῶν
3250 1853 3386 1926 πρὸς
3434 1853 3498 1908 τὸ
3549 1853 3762 1928 ἀγαθὸν

2096 1940 2548 2013 ἀνατεινομένων.

2168 2031 2468 2104 Ἐρωτικήν
2513 2048 2743 2098 κινησιν.
2790 2029 2914 2085 ’Ότι
2977 2029 3012 2098 ἠ
3071 2027 3306 2104 ἔρωτική
3361 2027 3593 2100 κίνησις,
3654 2035 3766 2086 τοῦ

2098 2119 2296 2192 ἀγαθοῦ
2336 2117 2796 2193 προῦπάρχουσα,
2842 2116 2894 2172 ἒν
2952 2120 3032 2188 τῷ
3095 2117 3284 2192 ἀγαθῷ
3329 2115 3478 2188 ἁπλῆ
3538 2118 3628 2173 καὶ
3661 2119 3766 2174 αὖ·

2094 2208 2379 2277 τοκίνητος
2423 2205 2574 2274 οὖσα,
2619 2205 2707 2260 καὶ
2766 2204 2826 2260 ἰκ
2871 2209 2968 2260 τοῦ
3025 2205 3226 2279 ἀγαθοῦ
3283 2211 3571 2280 προϊοῦσα,
3602 2207 3768 2272 αὖθις

2098 2295 2185 2350 ἐπὶ
2243 2298 2304 2350 τὸ
2359 2295 2489 2350 αὐτὸ
2547 2293 2878 2370 ἐπιστρέφει,
2947 2292 3308 2364 ἀτελεύτητος
3367 2295 3458 2350 καὶ
3514 2293 3764 2372 ἄναρχος

2099 2383 2250 2452 οὖσα,
2285 2385 2418 2458 ὅπερ
2469 2382 2636 2454 δηλοῖ
2682 2384 2780 2452 τὴν
2828 2385 2990 2456 ἡμῶν
3048 2379 3226 2460 ἔφεσιν
3286 2385 3422 2458 πρὸς
3475 2386 3537 2439 τὸ
3581 2391 3760 2448 θεῖον.

2099 2473 2415 2545 Σημείωσαι
2447 2471 2525 2545 δὶ,
2558 2475 2645 2528 ὅτι
2697 2470 2872 2528 ἀ“ιδιον
2917 2470 3118 2527 κύκλον
3168 2474 3396 2546 προϊών
3423 2493 3582 2551 φησιν
3617 2475 3764 2529 εἶναι

2098 2561 2150 2617 ἐν
2178 2567 2256 2617 τῶ
2287 2562 2494 2636 ἀγαθῷ,
2528 2561 2820 2636 προϊόντος
2871 2561 2964 2633 μὲν
3016 2559 3180 2614 αὐτοῦ
3223 2559 3312 2615 ἐπὶ
3356 2561 3424 2615 τὰ
3460 2561 3629 2632 νοητά
3657 2563 3759 2616 καὶ

2099 2650 2348 2722 αἰσθητὰ,
2405 2649 2568 2705 πάλιν
2617 2647 2675 2704 δὲ
2730 2649 2866 2720 πρὸς
2918 2647 3103 2704 ἕαυτὸν
3168 2647 3598 2727 ὑποστρέφοντος
3657 2652 3756 2706 καὶ

2102 2742 2240 2813 μήτε
2260 2739 2570 2812 ἱσταμένου,
2603 2740 2741 2810 μήτε
2770 2737 3062 2812 λήγοντος.

2556 2828 2652 2882 Ἐκ
2673 2830 2774 2880 τοῦ
2806 2826 2963 2900 ἁγίου
2992 2826 3278 2900 Ἱεροθὲου.

2165 2917 2345 2986 δΧν.
2390 2919 2464 2989 [α]
2509 2916 2615 2972 Τὸν
2665 2913 2860 2988 ἔρωτα.
2910 2915 3261 2986 Ἐπίστησον,
3321 2914 3470 2978 ὅπως
3522 2916 3684 2993 μέγας
3711 2922 3763 2956 τε

2096 3007 2354 3079 Ἱεροθεος
2402 3004 2469 3059 τὰ
2514 3003 2636 3076 περὶ
2692 3007 2789 3058 τοῦ
2833 3001 3112 3058 ἐπαῖνιτοῦ
3160 3001 3362 3080 ἔρωτος
3413 3002 3605 3080 ἄριστα
3661 3028 3761 3082 φι-

2098 3090 2324 3168 λοσοφεῖ
2355 3112 2367 3126 °
2401 3098 2618 3168 πρῶτον
2651 3093 2767 3164 μὶν,
2817 3097 2957 3155 θεῖον
3007 3090 3166 3147 αὐτὸν
3211 3091 3407 3166 λιγων,
3441 3091 3629 3162 ἐπειδὴ
3661 3093 3763 3149 καὶ

2099 3186 2314 3256 πρῶτον
2356 3181 2529 3236 αἴτιον
2567 3185 2664 3236 τοῦ
2715 3179 2967 3254 οὐρανίου
3005 3175 3208 3255 ἔρωτος
3241 3182 3268 3234 6
3299 3181 3428 3243 Θεός
3461 3181 3601 3236 ἐστιν
3632 3181 3762 3253 ἐξη-

2106 3271 2356 3344 ρημὲνως
2384 3270 2473 3324 καὶ
2505 3268 2756 3332 ἀναιτίως
2786 3286 2799 3301 ⁶
2837 3267 2881 3322 εἷ
2928 3267 3028 3344 γὰρ
3083 3270 3110 3323 6
3154 3263 3290 3344 ἔρως
3334 3269 3494 3334 αὐτός
3539 3271 3682 3326 ἔστιν
3719 3275 3757 3341 ἡ

2101 3357 2310 3433 ἀγάπη,
2343 3359 2417 3416 ὠς
2457 3357 2803 3432 προείρηται,
2851 3357 3149 3432 γέγραπται
3203 3355 3282 3426 δὶ,
3335 3357 3417 3413 ὅτι
3449 3359 3576 3420 Θεὸς
3609 3359 3755 3435 ἀγά-

2100 3467 2177 3516 πη
2211 3445 2346 3511 ἐστὶ,
2381 3443 2550 3514 δῆλον
2601 3445 2683 3500 δτι
2727 3444 2941 3498 πάντων
2993 3445 3244 3508 ἒνοποιὸς
3294 3444 3433 3518 ἔρως
3459 3445 3581 3515 ἤτοι
3615 3448 3756 3522 ἀγά-

2099 3555 2174 3604 πη
2227 3537 2255 3588 6
2297 3535 2424 3596 Θεός
2481 3533 2646 3590 ἐστιν.
2694 3534 2926 3596 Ἐκεῖθεν
2981 3534 3070 3588 οὗν
3124 3530 3498 3606 μεταϐατικῶς
3559 3537 3752 3610 πρόει-

2099 3644 2178 3677 σιν
2211 3622 2293 3677 ἐπ’
2333 3621 2596 3699 ἀγγέλους
2632 3641 2644 3655 ·
2691 3621 2811 3684 ὅθεν
2858 3623 2944 3676 καὶ
2999 3620 3292 3697 ἀγγελικὸν
3342 3623 3502 3678 αὐτόν
3558 3646 3751 3701 φησιν,

2097 3709 2221 3764 [vent
2279 3711 2516 3784 μάλιστα
2567 3709 2655 3764 καὶ
2713 3711 2805 3764 τὸν
2863 3715 2964 3778 τῆς
3030 3710 3282 3780 ἒνότητος
3348 3711 3493 3784 εὕροι
3553 3733 3638 3775 τις
3690 3711 3753 3767 ἃν

2094 3797 2270 3874 ἔρωτα
2300 3802 2439 3855 θεῖον
2477 3819 2489 3832 ·
2521 3797 2675 3853 οὐδέν
2707 3797 2808 3874 γὰρ
2859 3797 3186 3874 ἀσύμφωνον
3227 3797 3264 3868 ἤ
3295 3801 3581 3869 στασιάζον
3618 3803 3752 3875 παρ’

2091 3887 2274 3951 αὐτοῖς
2310 3909 2322 3920 ·
2355 3891 2470 3944 εἶτα
2504 3888 2617 3960 μετ’
2668 3884 2950 3961 ἀγγέλους,
3005 3887 3095 3942 καὶ
3137 3887 3325 3963 νοερόν
3357 3909 3517 3967 φησιν
3546 3887 3747 3964 ἔρωτα,

2087 3976 2330 4032 τουτέστι
2373 3978 2520 4052 παρὰ
2556 3975 2840 4054 θεοσόφοις
2896 3973 3173 4050 ἀνδράσιν,
3232 3973 3294 4030 οἷ’
3343 3975 3448 4031 εἶσι
3491 3984 3588 4046 τῆς
3623 3980 3746 4032 Ἐκ.

2086 4065 2319 4137 κλησίας
2355 4085 2366 4099 ·
2399 4065 2536 4142 πρὸς
2567 4063 2657 4127 οὓς
2710 4066 2736 4119 ὁ
2787 4061 3001 4126 Παῦλος
3049 4085 3237 4138 φησιν,
3271 4070 3358 4119 Ινα
3385 4065 3450 4120 τὸ
3481 4067 3618 4120 αὐτὸ
3653 4065 3744 4122 λέ-

2084 4177 2266 4230 γηται,
2310 4155 2399 4210 καὶ
2455 4154 2522 4209 τὰ
2578 4154 2738 4224 ἑξῆςο
2797 4154 2883 4208 καὶ
2945 4155 2973 4208 6
3029 4152 3248 4228 Κύριος,
3307 4155 3419 4210 ’Ἰνα
3475 4155 3605 4210 ὦσιν
3661 4155 3743 4223 ἓν,

2082 4245 2260 4306 καθὼς
2318 4242 2405 4298 καὶ
2464 4245 2628 4315 ἡμεῖς
2699 4238 2754 4296 ἓν
2828 4239 3011 4313 ἐσμεν.
3089 4242 3188 4296 Καὶ
3237 4245 3404 4297 ταῦτα
3467 4244 3560 4316 μὶν
3615 4247 3742 4319 περὶ

2079 4337 2187 4388 τῶν
2245 4331 2296 4404 ἐξ
2354 4330 2611 4401 ἀληθείας
2663 4331 3038 4405 Χριστιάνῶν·
3100 4327 3294 4384 λοιπὸν
3355 4328 3411 4385 δὲ
3460 4331 3550 4386 καὶ
3611 4334 3742 4405 περῖ

2079 4423 2293 4476 πάντων
2325 4419 2649 4496 ἀνθρώπων,
2705 4419 2764 4474 ἑκ
2823 4420 2902 4484 οἷς
2960 4420 2987 4474 6
3038 4419 3162 4494 περῖ
3215 4417 3401 4493 φιλίας
3439 4419 3611 4493 νόμος
3642 4425 3736 4480 ⁷⁵⁸,

321 4512 517 4564 autem
566 4507 796 4562 animas
827 4504 1225 4576 intelligentes
1274 4508 1444 4560 antea
1491 4507 1734 4576 vocavit,
1768 4507 1854 4562 sic
1902 4526 1969 4565 ex

2111 4510 2168 4571 ὰς
2199 4507 2256 4564 δὲ
2288 4509 2510 4585 λογικὰς
2561 4508 2742 4583 ψυχὰς
2790 4507 2980 4583 νοεράς
3024 4512 3313 4596 προσεῖπεν
3366 4507 3425 4563 ἑκ
3450 4514 3549 4564 τοῦ
3583 4511 3735 4566 Θείου

319 4595 518 4651 divina
549 4598 743 4650 mente
789 4592 1094 4665 appellans
1129 4610 1141 4648 :
1176 4592 1491 4648 animalem
1527 4610 1657 4649 vero
1705 4612 1964 4672 amorem

2109 4603 2164 4654 οῦ
2216 4599 2528 4674 προσειπὼν
2594 4595 2756 4658 αὐτάς
2787 4616 2800 4630 ·
2849 4597 3085 4672 ψυχικὸν
3145 4594 3203 4652 δὶ
3255 4595 3505 4653 ἱκάλεσεν
3557 4594 3737 4674 ἔρωτα

317 4684 643 4740 nominavit
671 4681 1011 4738 sensibilem
1037 4683 1344 4738 brutorum
1380 4682 1723 4752 amicitiam,
1748 4685 1960 4742 mentis

2109 4688 2158 4742 ὄν
2190 4691 2296 4741 τῶν
2332 4683 2572 4761 ἀλόγων,
2609 4686 2708 4753 τὴν
2757 4683 3078 4754 αἲσθητικῆν
3113 4682 3320 4761 φιλίαν,
3355 4683 3513 4741 ἄνουν
3548 4687 3734 4760 μέντοι

313 4773 586 4844 equidem
633 4775 929 4844 expertem
973 4786 985 4825 :
1027 4787 1095 4826 ex
1141 4771 1426 4826 amatoria
1475 4771 1582 4827 hac
1634 4772 1869 4842 virtute,
1904 4779 1960 4831 et

2109 4772 2328 4845 ηλονότι
2363 4793 2376 4808 ο
2408 4773 2468 4830 ἐκ
2494 4774 2596 4849 γὰρ
2627 4779 2728 4844 τῆς
2774 4773 3041 4849 ἐρωτικῆς
3083 4772 3287 4842 ταύτης
3323 4771 3609 4847 δυνάμεως
3640 4777 3733 4831 καὶ

308 4861 574 4916 volucres
620 4859 904 4932 gregatim
938 4859 1154 4926 volant,
1189 4864 1252 4914 ut
1301 4859 1489 4931 cygni,
1523 4867 1580 4916 et
1610 4877 1869 4930 anseres,
1901 4866 1958 4919 et

2109 4865 2238 4934 τηνᾶ
2268 4859 2536 4939 ἀγεληδὸν
2587 4859 2864 4932 ’ίπτανται,
2911 4860 2986 4924 ὡς
3025 4859 3236 4930 κῦκνοι,
3280 4860 3367 4916 καὶ
3413 4869 3606 4936 χῆνες,
3635 4864 3730 4919 καὶ

307 4965 502 5021 grues,
536 4954 592 5004 et
621 4950 799 5017 corvi,
832 4953 888 5003 et
927 4965 1054 5020 qua
1104 4947 1351 5015 similia;
1387 4964 1452 5003 ac
1491 4949 1790 5006 terrestria
1819 4951 1954 5022 qui-

2109 4953 2301 5024 ἔρανοι,
2333 4951 2420 5007 καὶ
2452 4951 2699 5027 κόρακες,
2733 4949 2820 5004 καὶ
2855 4948 2956 5004 ὅσα
2984 4952 3207 5003 τοιαῦτα
3230 4968 3243 4981 '
3276 4949 3365 5004 καὶ
3382 4950 3518 5019 πεζὰ
3541 4953 3731 5024 μέντοι

307 5039 440 5094 dem
470 5042 612 5093 sunt
657 5038 818 5104 talia,
851 5038 1026 5108 cervi,
1060 5038 1254 5109 boves,
1288 5042 1344 5093 et
1385 5053 1515 5109 qua
1545 5037 1745 5094 afﬁnia
1775 5045 1950 5111 sunt;

2114 5040 2164 5094 σὶ
2191 5045 2434 5108 τοιαῦτα,
2466 5034 2684 5115 ἔλαφοι,
2738 5037 2880 5112 βόες,
2926 5037 3017 5092 καὶ
3063 5038 3132 5092 τὰ
3187 5037 3550 5113 παραπλήσια
3585 5059 3600 5072 ·
3635 5046 3730 5099 καὶ

304 5129 481 5195 atque
511 5126 793 5193 natantia,
817 5130 880 5182 ut
910 5125 1116 5198 thynni
1145 5131 1203 5182 et
1231 5124 1460 5196 cephali
1486 5142 1588 5182 seu
1613 5126 1864 5199 mugiles
1884 5147 1951 5187 ac

2109 5130 2228 5200 qxta‘z
2284 5127 2340 5184 δὲ
2395 5128 2550 5200 εἰσιν,
2616 5127 2691 5189 ὡς
2753 5125 2957 5196 Θύννοι,
3023 5125 3112 5181 καὶ
3170 5124 3423 5202 κέφαλοι,
3482 5129 3576 5184 καὶ
3631 5129 3731 5186 ὅσα

370 5301 445 5373 (d)
478 5300 732 5374 Philipp.
763 5318 824 5372 ιι,
855 5307 909 5359 2.
985 5303 1060 5375 (ε)
1090 5303 1261 5362 Joan.
1295 5320 1434 5377 xvn,
1469 5303 1560 5365 11.

1299 5474 1543 5532 νΑΗΙιΕ
1583 5475 1973 5534 LECTIONES
2012 5476 2100 5533 ET
2138 5475 2696 5533 COBRECTIONES.

361 5605 404 5640 ⁷⁸
434 5602 642 5659 ἑαυτόν.
719 5604 763 5640 ⁷⁹
794 5603 821 5656 ὁ
855 5603 1038 5676 μὲγας.
1115 5602 1414 5679 π’ίλόγος.
