4000 6200
246 334 352 388 269
997 341 1054 392 S.
1100 341 1373 396 MAXIMI
1414 341 1718 396 SCHOLIA
1755 341 1829 395 IN
1869 343 2003 394 LIB.
2046 342 2142 394 DE
2182 341 2458 396 DIVINIS
2497 343 2913 396 NOMINIBUS.
3548 338 3655 392 270

249 453 613 533 ὁμοιότροπα.
649 459 746 512 Καὶ
801 459 868 513 τὰ
927 461 1001 532 μὴ
1057 459 1284 536 ἀγελαῖα
1345 461 1400 517 δὲ
1448 464 1584 537 πρὸς
1637 464 1736 529 τὴν
1786 467 1891 516 τῶν

2029 481 2135 535 luaa
2168 464 2528 534 hujusmodi.
2564 465 2689 519 Non
2733 463 2992 535 gregalia
3021 480 3177 529 vero,
3209 462 3345 518 hinc
3375 464 3549 519 etiam
3581 465 3652 520 ad

246 546 597 620 ὁμοστοίχων
633 544 859 602 σύνοδον
885 543 1026 602 ἔνθεν
1059 554 1360 610 κινοῦνται.
1393 551 1625 606 Φυσικὸν
1649 549 1704 605 δὲ
1723 547 1898 626 ἔρωτα

2029 552 2238 607 marium
2298 552 2636 608 societatem
2695 556 3020 607 moventur.
3084 551 3422 606 Naturalem
3483 569 3653 624 porro

247 656 374 712 φησι
404 635 498 690 τὸν
533 639 643 689 τῶν
669 636 898 712 ἀψύχων
919 637 1006 692 καὶ
1031 640 1362 708 ἀναισθήτων
1394 640 1527 694 κατὰ
1555 641 1653 708 τὴν
1677 638 1893 707 ἐκτικῆν

2029 641 2266 696 [morem
2298 641 2438 695 dicit
2478 657 2612 696 eum
2646 657 2760 711 quo
2792 641 3000 694 anim-ae
3034 644 3090 694 et
3122 656 3333 694 sensus
3374 643 3651 711 expertia,

245 720 692 793 ἐπιτηδειότητα,
724 723 845 792 ἤτοι
878 732 979 793 τῆς
1022 727 1337 796 ποιότητος,
1372 727 1617 803 ἐρώντων
1669 732 1765 782 τοῦ
1797 725 1895 796 δη·

2029 729 2287 784 iabituali
2313 729 2643 801 aptitudine
2662 746 2763 784 seu
2789 728 3072 800 qualitate
3091 734 3409 784 creatorem
3434 735 3652 794 amant,

249 815 516 885 μιουργοῦ
548 809 640 865 διὰ
666 812 729 866 τὸ
781 814 868 867 ὑπ’
899 814 1068 868 αὐτοῦ
1118 817 1449 870 συνεστάναι’
1483 818 1615 871 κατὰ
1669 818 1759 870 οὖν
1799 816 1896 882 τήν

2029 824 2312 888 )ropterea
2343 819 2496 888 quod
2548 819 2620 872 ab
2653 817 2780 888 ipso
2815 819 3097 888 producta
3146 817 3292 884 sint;
3327 818 3651 873 secundum

246 901 510 970 ζωτικὴν,
571 898 695 969 ἤτοι
755 903 852 969 τὴν
914 904 1144 976 φυσικὴν
1176 904 1408 973 κίνησιν,
1459 905 1546 960 καὶ
1602 904 1733 958 αὐτὰ
1773 903 1894 958 ἐπέ-

2029 906 2241 961 ιὶιειιοιη
2272 907 2452 979 igitur
2473 914 2528 961 et
2559 906 2887 961 naturalem
2917 905 3258 971 motionem,
3283 905 3404 961 haec
3427 922 3656 977 quoque

245 1007 512 1052 στρκπται
546 989 685 1062 πρὸς
718 991 809 1044 τὸν
844 991 1000 1050 Θεόν.

2029 996 2076 1050 td
2111 995 2294 1050 Deum
2330 1000 2766 1050 convertuntur.

313 1081 527 1147 §XVL
563 1078 785 1149 Ἐπειδή
842 1080 968 1142 τοὺς
1027 1081 1085 1136 ἐκ
1139 1087 1236 1138 τοῦ
1297 1084 1432 1146 ἑνός’
1494 1083 1598 1139 Καὶ
1649 1080 1758 1137 ἄνω
1817 1081 1896 1137 εἶ’-

2075 1084 2282 1150 §XVI.
2330 1084 2607 1151 Quoniam
2631 1099 2700 1138 ex
2742 1100 2871 1138 uno.
2919 1083 3190 1139 Diximus
3225 1083 3403 1138 etiam
3451 1100 3652 1154 supra.

241 1189 438 1238 πομεν,
474 1169 637 1242 νοερᾶ
668 1171 761 1240 μέν
795 1171 923 1223 εἶναι
954 1171 1018 1224 τὰ
1048 1176 1291 1240 νοοῦντα,
1326 1173 1495 1242 νοητᾶ
1544 1171 1601 1228 δὲ
1644 1173 1712 1228 τὰ
1740 1172 1897 1227 νοού-

2029 1173 2164 1244 ιοερά
2202 1189 2330 1228 esse
2377 1172 2443 1226 τὰ
2495 1175 2718 1225 νοοῦντα
2749 1189 2852 1227 seu
2885 1190 3011 1243 quae
3063 1174 3216 1228 142
3269 1172 3608 1244 intelligunt
3642 1189 3656 1228 :

248 1277 415 1326 μενα,
480 1257 571 1310 καὶ
634 1259 922 1327 ἀζητήτως
984 1261 1052 1313 τὰ
1105 1261 1264 1334 νοερᾶ
1325 1257 1729 1336 ὑπερϐαίνεσθαι
1795 1262 1897 1316 ὑπὸ

2029 1261 2174 1326 omni
2204 1277 2336 1316 vero
2367 1261 2433 1313 τὰ
2462 1261 2727 1331 νοούμενα
2748 1278 2849 1316 seu
2875 1277 3001 1332 qua:
3035 1260 3465 1331 intelliguntur,
3491 1277 3559 1316 ao
3582 1261 3659 1315 si-

243 1350 347 1398 τῶν
381 1350 623 1414 νοητῶν’
655 1345 777 1408 ὅθεν
830 1349 914 1401 καὶ
952 1349 1157 1425 τροφὴν
1213 1349 1345 1403 εἶναι
1389 1355 1499 1404 τῶν
1533 1350 1802 1404 νοούντων
1832 1353 1898 1404 τὰ

2029 1366 2080 1404 1e
2111 1350 2289 1404 dubio
2322 1350 2482 1420 νοιρά
2509 1349 2774 1419 superari
2816 1350 2887 1404 ab
2932 1349 3004 1403 iis
3037 1365 3163 1419 quis
3197 1347 3608 1420 intelliguntur
3639 1365 3652 1404 :

244 1433 539 1503 νοούμενα·
603 1438 711 1488 τῶν
770 1435 865 1488 οὖν
925 1441 1134 1506 νοητῶν
1185 1437 1250 1491 τὰ
1294 1439 1451 1512 νοερὰ
1493 1438 1605 1511 ἐρᾷ,
1652 1439 1726 1500 ὡς
1776 1438 1898 1492 ἐπε-

2031 1439 2256 1508 deoque
2296 1436 2363 1490 τὰ
2408 1436 2691 1509 νοούμενα,
2724 1454 2853 1492 esse
2902 1437 3244 1492 alimentum
3293 1453 3492 1492 eorum
3525 1455 3652 1510 quae

246 1519 569 1593 στραμμένα
618 1523 757 1596 πρὸς
802 1522 954 1593 αὐτὰ,
1004 1525 1092 1578 καὶ
1143 1521 1322 1600 ὥσπερ
1377 1522 1770 1595 ἀναϐεϐηκότα·
1806 1525 1899 1598 ὶρᾷ

2032 1525 2366 1596 ntelligunt,
2413 1542 2548 1596 ergo
2589 1523 2657 1578 τὰ
2702 1523 2861 1598 νοερά
2906 1540 3035 1594 qua:
3074 1522 3412 1593 intelligunt
3447 1528 3656 1578 amant

246 1607 299 1663 δὲ
329 1610 420 1663 καὶ
455 1612 524 1664 τὰ
553 1611 726 1679 νοητά
745 1616 852 1665 τῶν
876 1617 1076 1683 νοερῶν
1105 1619 1485 1686 προνοητικῶς
1508 1619 1586 1687 τῷ
1615 1612 1897 1687 μεταδιδό-

2029 1631 2075 1669 ia
2104 1631 2235 1683 quae
2284 1614 2714 1686 intelliguntur,
2740 1619 2805 1668 ut
2835 1614 2903 1668 ad
2939 1629 3000 1667 se
3049 1627 3349 1681 conversa,
3383 1627 3447 1666 ac
3477 1609 3658 1666 veluti

243 1721 321 1752 ναι
352 1705 455 1765 τῆς
489 1696 614 1768 ἴσης
653 1700 942 1774 ὠφελείαςο
977 1700 1337 1778 ὡμολόγηται
1388 1703 1504 1770 οὖν,
1554 1703 1634 1757 ὅτι
1689 1705 1740 1757 οἱ
1789 1709 1894 1758 τῶν

2036 1703 2481 1759 ranscendentia
2514 1720 2526 1759 :
2561 1702 2626 1755 τὰ
2675 1702 2847 1769 νοητά
2890 1717 3022 1756 vero
3073 1700 3431 1772 providendo
3462 1707 3662 1755 amant

244 1787 508 1841 τοιούτων
571 1786 769 1860 ἔρωτες
825 1790 1142 1862 ὑπερεστᾶσι
1191 1797 1300 1846 τῶν
1349 1791 1660 1862 αἰσθητῶν.
1724 1791 1901 1847 Ἀλλά

313 1881 335 1889 -
503 1878 530 1895 τ
834 1877 847 1894 ς
959 1877 971 1894 ε
1144 1882 1156 1895 κ
1226 1879 1248 1895 ,ι
1442 1880 1456 1895 ,
1713 1885 1740 1895 ..
1869 1886 1893 1895 -

2029 1808 2076 1847 aa
2107 1809 2232 1863 qua;
2266 1791 2697 1863 intelliguntur,
2723 1790 3006 1861 aequalem
3039 1787 3525 1846 communicando
3551 1789 3662 1844 uti-

244 1881 431 1943 ταῦτα,
470 1878 652 1948 οἶμαι,
687 1877 857 1945 νοητὰ
884 1877 973 1932 καὶ
1004 1882 1165 1952 νοερά
1196 1879 1404 1955 εἷ’ρηται
1439 1880 1498 1935 ἐκ
1531 1885 1776 1956 μετοχῆς
1802 1886 1898 1935 τοῦ

2035 1882 2260 1946 itatem;
2297 1881 2494 1951 itaque
2535 1880 2594 1934 in
2650 1880 2913 1935 conlesso
2946 1883 3055 1945 est,
3089 1893 3319 1933 amores
3367 1877 3660 1949 ejusmodi

249 1962 402 2026 ὄντος
462 1966 694 2039 ἀγαθοῦ,
743 1971 966 2020 τοιαῦτα
1012 1969 1292 2040 γενόμενα.
1345 1971 1410 2026 Οἱ
1461 1967 1517 2024 δὲ
1577 1971 1896 2039 αὐτονόητοι

2029 1985 2286 2040 mperare
2317 1967 2626 2023 sensilium
2661 1984 2912 2022 amores.
2948 1967 3209 2022 Arbitror
3238 1965 3507 2036 equidem
3540 1965 3661 2021 hac

249 2051 445 2125 ἔρωτες
500 2055 552 2107 οἱ
615 2055 751 2108 θεῖοί
784 2054 918 2108 εἷ’σιν
974 2055 1087 2110 ἀντὶ
1120 2062 1218 2111 τοῦ
1267 2059 1318 2111 οἱ
1371 2063 1466 2112 τοῦ
1515 2063 1668 2114 Θεοῦ·
1717 2060 1897 2132 ὥσπερ

2029 2057 2165 2111 licta
2193 2073 2322 2111 esse
2351 2055 2521 2123 νοητά
2545 2061 2600 2110 et
2619 2056 2780 2126 νοιρά
2801 2056 2952 2127 quod
2979 2072 3047 2110 ex
3074 2055 3519 2126 participatione
3539 2055 3656 2108 veri

250 2143 345 2215 γάρ
387 2141 533 2196 ἐστιν
581 2141 777 2215 ἀγαθὸν
827 2144 980 2214 ᾧτινί
1038 2143 1177 2199 ἐστιν
1230 2146 1450 2219 ἀγαθὸν,
1508 2148 1595 2201 καὶ
1646 2146 1784 2202 ἄλλο
1836 2148 1898 2203 τὸ

253 2228 441 2290 ἁπλῶς
494 2230 691 2304 ἀγαθὸν
741 2231 830 2284 καὶ
879 2231 1008 2287 αὐτὸ
1057 2235 1117 2286 τὸ
1168 2235 1383 2309 ἀγαθόν·
1436 2234 1606 2297 οὕτως
1651 2235 1763 2290 ἐστὶ
1811 2237 1899 2290 καὶ

253 2321 443 2388 νοητὸν
481 2319 544 2372 1'5
588 2340 693 2372 τινι
726 2321 942 2388 νοητὸν,
975 2322 1065 2375 ἅτε
1110 2322 1404 2393 νοούμενον
1458 2325 1546 2378 ὑπ’
1584 2325 1771 2390 αὐτοῦ,
1811 2325 1900 2378 καὶ

257 2405 440 2467 ἁπλῶς
474 2407 705 2476 νοητὸν;
731 2409 840 2482 οὐχ
869 2409 944 2469 ὡς
976 2411 1003 2463 6
1030 2410 1230 2484 χρόνος
1261 2413 1294 2479 ἢ
1325 2413 1352 2464 6
1384 2412 1578 2473 τόπος·
1603 2414 1773 2482 νοητᾶ
1797 2413 1900 2487 γὰρ

255 2496 339 2548 καὶ
397 2497 590 2563 ταῦτα,
646 2495 760 2550 ἐπεὶ
825 2499 901 2567 μή
936 2497 1204 2567 ἀίσθητὰ,
1266 2500 1410 2554 ἀλλὰ
1466 2506 1590 2564 νοῦς
1640 2505 1849 2570 νοητῶν
1885 2547 1900 2572 ,

255 2583 492 2658 ἐνέργεια
519 2582 616 2647 ὢν,
660 2585 747 2638 xui
811 2589 933 2655 ζῶν,
992 2587 1080 2640 καὶ
1132 2589 1266 2656 ζωή·
1312 2590 1376 2642 τὰ
1420 2591 1520 2663 γαρ
1569 2590 1702 2660 μετὰ
1742 2593 1903 2643 τοῦτο

254 2673 420 2739 νοητᾶ
479 2671 540 2726 ἐκ
598 2675 878 2741 ζητήσεως
933 2675 1021 2728 καὶ
1079 2682 1178 2743 τῆς
1239 2677 1361 2751 περὶ
1411 2677 1479 2730 τὰ
1533 2673 1905 2750 προϐλήματα

256 2760 583 2823 ἀκολουθίας
617 2760 974 2836 εὑρίσκουσιν,
1007 2761 1041 2830 ἢ
1075 2762 1124 2835 ἐξ
1157 2763 1550 2838 ἀποκαλύψεως
1591 2764 1830 2842 ἔχουσιν.

329 3115 601 3186 ’Ἄσχετος
675 3113 838 3169 αἰτία.
908 3114 1176 3189 ’Ἂσχετόν
1255 3138 1386 3190 φησι
1443 3117 1504 3171 τὸ
1582 3117 1854 3174 ἀπόλυτον

1889 3165 1904 3192 9

2009 2145 2146 2200 boni
2176 2144 2316 2198 talia
2345 2145 2713 2200 efﬁciantur:
2742 2145 2842 2214 qui
2867 2161 2998 2200 vero
3032 2161 3132 2214 per
3162 2160 3226 2198 se
3253 2142 3654 2213 intelligibiles

2010 2249 2256 2300 amores,
2293 2239 2430 2288 sunt
2461 2233 2664 2300 divini,
2691 2249 2814 2302 pro,
2838 2236 2978 2287 sunt
3021 2231 3145 2300 Dei;
3180 2230 3332 2286 sicut
3377 2231 3535 2286 enim
3568 2236 3656 2284 est

2011 2322 2228 2376 bonum
2262 2321 2353 2375 cui
2385 2327 2472 2375 est
2504 2323 2745 2388 bonum,
2778 2325 2835 2375 et
2863 2320 3020 2374 aliud
3057 2320 3274 2374 bonum
3307 2318 3658 2389 simpliciter

2012 2413 2068 2464 et
2099 2409 2291 2480 ipsum
2325 2410 2573 2476 bonum;
2609 2409 2690 2463 ita
2711 2409 2886 2463 etiam
2921 2413 3008 2462 et
3030 2405 3226 2474 νοητόν
3255 2423 3357 2462 seu
3391 2407 3658 2473 intelligi-

2014 2497 2152 2563 bile,
2208 2497 2351 2551 illud
2400 2498 2554 2568 quod
2605 2495 2774 2551 alicui
2823 2494 3214 2566 intelligibile,
3247 2499 3538 2564 quatenus
3588 2494 3660 2548 ab

2013 2584 2114 2640 illo
2147 2586 2514 2657 intelligitur,
2547 2589 2602 2638 et
2642 2583 2990 2655 simpliciter
3036 2582 3428 2653 intelligibile,
3453 2599 3564 2637 non
3598 2586 3664 2636 ut

2011 2681 2247 2746 tempus
2293 2678 2394 2728 aut
2441 2673 2626 2738 locus,
2666 2673 2780 2726 haec
2813 2671 2968 2726 enim
3019 2673 3194 2726 etiam
3246 2671 3662 2741 intelligibilia,

2014 2781 2146 2821 cum
2182 2779 2295 2818 non
2330 2762 2450 2816 sint
2478 2761 2919 2825 sensibilia,sed
2954 2759 3285 2814 intellectus
3315 2758 3662 2829 intelligibi-

2012 2853 2180 2919 lium,
2213 2867 2347 2907 cum
2381 2851 2458 2906 sit
2487 2851 2759 2919 efﬁcacia,
2783 2854 2839 2904 et
2867 2851 3074 2916 vivens,
3098 2854 3155 2904 et
3184 2850 3292 2903 vita
3313 2865 3332 2902 :
3356 2863 3483 2918 qua:
3508 2848 3665 2902 enim

2015 2942 2290 3011 deinceps
2307 2938 2702 3009 intelligibilia
2719 2955 2788 2993 ex
2807 2937 3192 3008 inquisitione
3209 2940 3266 2991 et
3282 2935 3522 3006 sequela
3539 2951 3668 3007 pro-

2016 3029 2373 3102 positionum
2407 3027 2735 3095 inveniunt,
2770 3032 2869 3080 aut
2900 3043 2969 3081 ex
3001 3024 3350 3080 revelatione
3383 3023 3616 3079 habent.

2087 3117 2540 3188 Incomprehensa
2573 3117 2674 3170 illa
2696 3132 2885 3181 causa,
2904 3115 3000 3169 Gr.
3025 3110 3276 3186 ἄσχετος.
3303 3114 3407 3169 Per
3437 3112 3662 3184 ἄσχετον

266 3203 329 3255 οὗ
375 3203 517 3274 πρὸς
563 3203 628 3256 τὸ
671 3207 776 3256 πᾶν
824 3200 1051 3274 οὐδεμία
1098 3203 1304 3278 σχέσις,
1337 3203 1460 3273 ἤτοι
1498 3205 1770 3277 οἰκειότης
1803 3230 1904 3286 φυ-

2029 3205 2291 3276 ληιθιιίεἱι
2338 3205 2612 3273 liberum,
2647 3205 2816 3274 cujus
2865 3219 2998 3257 cum
3051 3203 3322 3259 universo
3371 3200 3533 3257 nulla
3579 3206 3668 3256 est

265 3293 382 3359 σική
395 3335 408 3346 .

332 3381 553 3447 ἓΧνῐΙ.
613 3380 898 3433 ’Λπάντων
977 3379 1162 3442 ὀλικὸς
1223 3381 1359 3452 ἔρως
1395 3425 1406 3438 .
1469 3382 1651 3439 Εἶ’πὼν
1721 3383 1905 3440 ὸλικὸν

267 3464 453 3534 ἔρωτα,
489 3465 658 3535 δηλοῖ
708 3469 794 3521 xui
851 3467 1128 3541 μιρικοὺς,
1160 3469 1330 3544 λέγων
1363 3471 1451 3525 τὸν
1496 3474 1623 3527 Θεὸν
1657 3475 1787 3527 εἶναι
1816 3476 1908 3528 τὸν

266 3554 444 3609 ὁλικὸν
479 3557 570 3608 καὶ
619 3556 710 3609 τὸν
771 3558 1010 3629 μερικὸν,
1064 3557 1139 3618 ὡς
1189 3557 1362 3612 αἶ’τιον
1416 3559 1504 3613 καὶ
1553 3567 1680 3614 πᾶσι
1731 3582 1909 3637 χορη-

267 3648 458 3718 γοῦντα
504 3645 642 3698 κατᾶ
688 3646 787 3711 τὴν
832 3643 1056 3698 ἑκάστου
1106 3643 1356 3718 δύναμιν,
1411 3647 1674 3721 ἐρωτικὴν
1744 3650 1910 3704 οἱονεὶ

264 3731 569 3806 ἀπορροήν.
643 3736 770 3792 ΙΙῶς
824 3730 915 3785 οὖν
967 3733 994 3785 6
1039 3733 1166 3794 Θεὸς
1213 3735 1274 3786 τὸ
1323 3733 1451 3789 ὅλον
1499 3736 1590 3789 καὶ
1636 3737 1698 3790 τὸ
1749 3737 1912 3810 μέρος

265 3822 666 3893 ἀνεκφοιτήτως
723 3820 897 3890 ἑαυτῷ
957 3821 1164 3891 συνὼν,
1222 3823 1353 3876 εἶναι
1413 3819 1650 3895 δύναται,
1708 3823 1766 3878 ἐκ
1815 3830 1910 3878 τοῦ

266 3912 640 3981 σπερματικοῦ
700 3907 866 3981 λόγου
925 3909 1088 3984 σαφὲς
1146 3907 1310 3964 ἔσται·
1372 3907 1495 3964 ὅταν
1558 3913 1651 3982 μὶν
1700 3913 1803 3986 γὰρ
1850 3914 1912 3967 τὸ

269 3997 480 4071 σπέρμα
528 3994 844 4058 ἁδιακόπως
879 3998 1019 4066 ὁμοῦ
1052 3997 1126 4058 εἷς
1167 3999 1266 4065 τὴν
1322 4001 1530 4072 μήτραν
1565 3996 1910 4073 καταϐληθῇ,

271 4087 322 4140 ἓν
355 4083 704 4139 ἀποτελεῖται
732 4085 794 4138 τὸ
827 4079 1085 4158 ἔμϐρυον·
1120 4085 1206 4139 ἐὰν
1259 4084 1316 4141 δὲ
1367 4090 1596 4162 μερισθῇ
1641 4090 1702 4144 τὸ
1752 4091 1914 4166 σπέρ-

275 4187 349 4244 μα
379 4174 453 4235 εἷς
491 4171 788 4249 διαφῦρους
838 4171 1090 4235 κύστιδας
1133 4181 1233 4243 τῆς
1280 4177 1514 4250 μήτρας,
1555 4173 1778 4232 ἕκαστον
1825 4179 1916 4251 μέ-

270 4282 364 4335 ρος
395 4259 711 4336 ὁλόκληρον
747 4256 980 4335 ἔμϐρυον
1031 4260 1307 4317 ἀποτελεῖο
1342 4262 1485 4318 ἔσται
1537 4262 1593 4319 δὲ
1629 4271 1726 4320 τοῦ
1757 4265 1916 4342 σπέρ-

274 4372 442 4418 ματος
503 4350 566 4402 τὸ
630 4349 722 4420 μὲν
784 4347 885 4421 ῥὶς,
911 4350 974 4403 τὸ
1036 4347 1093 4404 δὲ
1151 4351 1450 4428 ὀφθαλμοὶ,
1506 4355 1591 4407 καὶ
1649 4355 1715 4408 τὰ
1773 4355 1917 4426 ἑξῆς,

271 4438 360 4491 xui
393 4439 569 4491 πάντα
598 4436 800 4492 τέλεια.
835 4439 1065 4508 εὈμοιον
1115 4435 1204 4491 οὖν
1253 4459 1303 4492 τι
1335 4438 1423 4492 xui
1473 4439 1593 4513 περὶ
1643 4442 1732 4494 τὸν
1782 4463 1920 4495 παν-

2017 3295 2318 3360 connexio,
2353 3309 2453 3348 seu
2488 3292 2774 3348 naturalis
2811 3291 3153 3363 preprietas.

2089 3383 2318 3456 §XVIL
2366 3381 2568 3436 Totalis
2615 3382 2861 3435 omnium
2894 3395 3066 3434 amor.
3125 3377 3376 3433 Dicendo
3426 3375 3661 3432 totalem

2020 3489 2301 3538 amorem,
2363 3469 2620 3525 declarat
2675 3485 2904 3540 quoque
2964 3467 3365 3540 particulares,
3426 3465 3670 3521 dicendo

2020 3567 2201 3616 Deum
2235 3576 2362 3615 esse
2394 3558 2630 3613 totalem
2666 3563 2723 3612 et
2763 3555 3188 3628 particularem,
3223 3559 3287 3609 ut
3317 3571 3578 3622 causam,
3614 3559 3670 3608 et

2021 3650 2293 3706 omnibus
2314 3665 2413 3719 pro
2427 3648 2711 3717 cujusque
2730 3649 2904 3716 captu
2935 3643 3286 3714 praebentem
3315 3641 3664 3696 amatorium

2019 3737 2197 3792 veluti
2229 3735 2572 3801 humorem;
2625 3731 2919 3802 quomodo
2971 3729 3154 3799 igitur
3186 3733 3336 3782 Deus
3390 3733 3579 3781 totum
3614 3729 3669 3780 et

2023 3841 2177 3897 pars,
2209 3823 2334 3877 sine
2365 3837 2600 3892 egressu
2648 3818 2759 3874 sibi
2806 3833 3062 3888 praesens
3103 3831 3232 3870 esse
3263 3813 3449 3886 possit
3478 3830 3546 3868 ex
3576 3830 3666 3868 sc-

2025 3912 2273 3969 minaria
2305 3911 2526 3966 ratione
2556 3907 2808 3980 patebit;
2861 3905 3094 3977 quando
3143 3904 3300 3960 enim
3345 3919 3544 3959 semen
3591 3904 3668 3956 si-

2025 4001 2146 4056 mul
2175 4002 2397 4070 absque
2444 3996 2871 4066 interruptione
2902 3995 2958 4048 in
3014 3993 3314 4048 matricem
3363 3991 3668 4059 deciderit,

2026 4107 2182 4146 unus
2214 4088 2511 4158 perficitur
2549 4086 2810 4155 embryo,
2844 4082 2893 4138 si
2946 4098 3078 4137 vero
3127 4097 3324 4136 semen
3376 4080 3672 4136 dividatur

2025 4179 2084 4234 in
2117 4178 2306 4232 varias
2337 4174 2596 4229 matricis
2636 4171 2900 4234 cellulas,
2945 4185 3308 4240 unaquaeque
3350 4186 3485 4240 pars
3522 4168 3673 4223 inte-

2029 4283 2195 4339 grum
2231 4263 2458 4336 perlicit
2487 4262 2861 4332 embryonem
2881 4277 2895 4327 ;
2919 4260 3030 4314 erit
3053 4265 3247 4313 autem
3273 4257 3518 4314 seminis
3541 4274 3673 4328 pars

2031 4373 2150 4410 una
2180 4370 2381 4418 nasus,
2414 4353 2596 4406 altera
2635 4349 2812 4415 oculi,
2845 4351 3048 4417 sicque
3099 4347 3396 4415 deinceps,
3446 4346 3675 4399 omnia-

2033 4461 2145 4516 que
2166 4444 2439 4513 perfecta.
2464 4444 2667 4509 Itaque
2697 4437 2891 4492 simile
2909 4435 3131 4505 aliquid
3154 4436 3224 4488 de
3257 4432 3680 4504 perfectissima

269 4527 484 4581 τέλειον
529 4530 656 4579 νοῦν
704 4525 838 4579 κατὰ
882 4525 1175 4600 ἀναλογίαν
1226 4528 1546 4600 θεωρητέον·
1582 4527 1684 4598 ὅλη
1735 4531 1838 4604 γὰρ
1886 4534 1904 4584 ’ὖ

2033 4537 2226 4587 mente
2255 4529 2782 4592 considerandum;
2820 4542 2954 4579 nam
2989 4529 3110 4578 tota
3140 4521 3399 4576 elﬁcacia
3430 4519 3681 4591 comple-

272 4613 519 4687 ἒνέργεια
550 4615 794 4689 περιέχει
825 4615 911 4667 xui
943 4615 1008 4668 τα
1060 4615 1220 4687 μέρη·
1253 4619 1359 4668 τῶν
1389 4613 1444 4669 δὲ
1492 4622 1667 4692 μερῶν
1699 4615 1918 4672 ἕκαστον

272 4703 630 4775 ἀπήρτισται·
688 4703 777 4755 xui
821 4703 884 4755 16
937 4702 1028 4773 μὶν
1091 4700 1568 4774 αὐτοδικαιοσύνη,
1622 4706 1682 4759 τὸ
1733 4705 1788 4760 δὶ
1826 4709 1924 4761 αὐ-

271 4789 561 4862 τοανξρία,
598 4792 682 4844 xui
717 4791 784 4844 τὰ
813 4791 952 4859 ἑξῆς·
989 4791 1130 4844 οὕτω
1179 4792 1264 4844 xui
1321 4789 1443 4845 οὕτε
1487 4794 1806 4868 συγκέχυται
1859 4794 1934 4856 εῗς

272 4878 562 4947 ἀλλήλας,
598 4876 744 4932 ἀλλὰ
775 4878 862 4932 xui
906 4878 1096 4947 ἑκάστη
1149 4877 1499 4951 διακέκριται,
1530 4882 1614 4935 xui
1669 4881 1790 4937 οὔτε
1842 4904 1936 4956 με·

270 4969 338 5020 τα
377 4967 599 5036 ἀταξιας
631 4968 693 5019 τὸ
739 4964 1038 5038 ἀδιαίρετον
1099 4966 1316 5041 ἔχουσιν
1369 4967 1418 5021 ἐν
1463 4974 1542 5040 τῷ
1585 4967 1928 5043 μεταλαμϐά-

270 5077 391 5111 νειν
427 5058 472 5091 ⁸⁰
503 5055 681 5109 αὐτῶν
710 5052 934 5108 ἕκαστον
983 5057 1058 5118 ὡς
1089 5053 1322 5113 δύναται.
1355 5061 1469 5109 Τῶν
1514 5060 1614 5134 γὰρ
1649 5057 1803 5113 εἰδῶν
1843 5081 1939 5131 με·

271 5140 626 5216 ταλαμϐάνει
657 5141 887 5204 ⁴ἕκαστος
932 5145 1067 5218 πρὸς
1115 5145 1212 5211 τήν
1261 5143 1460 5200 οἰκείαν
1503 5144 1938 5217 ἐπιτηδειότητα’

275 5233 430 5290 οὕτω
462 5233 554 5286 καὶ
590 5233 619 5287 6
651 5233 782 5294 Θεὸς
829 5232 919 5286 xui
969 5230 1098 5287 ὅλον
1149 5235 1219 5269 ⁸⁰”
1266 5233 1356 5287 καὶ
1408 5235 1545 5309 μέρη
1593 5240 1690 5289 τοῦ
1721 5234 1940 5309 ἔρωτος.

2033 4623 2212 4676 otitur
2229 4620 2403 4674 etiam
2421 4623 2644 4687 partes;
2672 4614 2920 4684 singula:
2935 4618 3128 4666 autem
3155 4610 3369 4681 partim
3403 4608 3682 4664 absoluta:

2034 4715 2175 4764 sunt
2207 4725 2219 4763 :
2253 4714 2309 4761 et
2342 4707 2458 4761 haec
2490 4704 2727 4774 quidem
2763 4702 2890 4772 ipsa
2925 4699 3182 4770 justitia,
3243 4697 3345 4752 illa
3392 4713 3526 4752 vero
3556 4696 3687 4766 ipsa

2046 4798 2342 4858 fortitudo,
2377 4799 2433 4848 et
2463 4799 2698 4854 caetera;
2735 4791 2818 4842 sic
2849 4789 3023 4843 etiam
3057 4801 3240 4855 neque
3272 4785 3424 4839 inter
3455 4801 3515 4839 se
3545 4801 3685 4838 con-

2047 4881 2513 4948 funduntur,sed
2538 4879 2784 4949 singula:
2815 4877 3106 4930 distinctas
3131 4878 3297 4938 sunt;
3331 4888 3519 4943 neque
3553 4888 3686 4926 cum

2048 4972 2270 5029 ordinis
2304 4968 2741 5041 perturbatione
2785 4962 3253 5032 conjunctionem
3300 4961 3518 5015 habent
3557 4977 3688 5014 cum

2049 5060 2568 5133 singulzeipsarum
2588 5053 3240 5124 participentquantum
3265 5055 3514 5119 possunt
3544 5050 3690 5102 :sin-

2049 5152 2197 5222 gula;
2230 5147 2386 5203 enim
2419 5145 2641 5215 species
2673 5139 3027 5212 participant
3049 5137 3219 5207 juxta
3251 5137 3542 5208 propriam
3585 5154 3694 5206 ap-

2050 5236 2392 5304 titudinem,
2424 5233 2505 5288 ita
2535 5229 2709 5286 etiam
2742 5227 2896 5282 Deus
2926 5230 2984 5281 et
3013 5229 3202 5281 totum
3232 5230 3288 5282 et
3317 5226 3534 5282 amoris
3565 5241 3699 5297 par-

2052 5330 2142 5382 tes
2171 5328 2278 5380 est.

1313 5499 1543 5558 VARI/E
1579 5501 1963 5562 LECTIONES
1993 5505 2082 5561 ET
2114 5496 2676 5559 CORRECTIONES.

357 5626 411 5662 ⁸ο
442 5616 862 5697 διαλαμϐάνειν.
935 5623 1002 5659 ⁸ο*
1031 5621 1181 5685 ὅλος.
