4000 6200
294 303 395 354 27l

297 519 447 573 dixit
475 535 587 572 non
627 533 722 573 ens
753 519 1024 587 appetere
1071 515 1388 586 aliquando
1441 516 1683 586 bonum,
1708 532 1773 570 ac
1802 515 1947 570 velle

296 609 357 662 in
392 610 519 679 ipso
549 623 701 672 esse,
735 605 888 677 quod
922 621 1100 676 supra
1131 620 1364 674 quoque
1395 603 1597 675 paucis
1631 607 1764 658 ante
1795 603 1948 658 foliis

302 698 497 769 ipsum
531 696 821 750 dicentem
852 693 1124 764 reperies,
1151 692 1416 763 quamvis
1437 710 1503 748 ex
1523 691 1830 763 gentilium
1859 693 1951 746 de-

299 789 624 841 clararetur
646 782 976 854 dogmatis:
1006 797 1218 852 magna
1242 781 1532 852 siquidem
1557 781 1953 836 controversia

301 880 392 930 est
422 875 574 928 inter
603 870 854 944 gentiles
883 875 940 925 et
983 870 1333 924 Manichaeos
1362 886 1643 940 perversae
1675 870 1953 924 doctrina:

301 967 612 1034 patronos;
648 963 876 1030 oportet
906 957 1173 1029 pluribus
1199 957 1505 1027 explicare,
1533 958 1670 1030 quid
1700 957 1953 1030 appelle-

303 1061 402 1106 tur
432 1066 540 1105 non
571 1065 689 1115 ens,
716 1053 772 1102 et
803 1063 906 1102 cur
940 1046 1099 1117 pium
1134 1063 1200 1100 ac
1231 1047 1628 1102 necessarium
1660 1049 1738 1102 sit
1770 1063 1952 1102 unum

303 1156 501 1195 rerum
552 1152 810 1193 asserere
851 1135 1229 1206 principium.
1261 1140 1480 1190 Sanum
1531 1140 1618 1191 est
1667 1136 1822 1191 enim
1876 1136 1956 1192 ita

304 1227 552 1296 sentire;
586 1243 720 1281 nam
753 1223 899 1278 illud
933 1223 1127 1294 ipsum
1161 1229 1249 1278 est
1275 1223 1451 1290 Deus,
1479 1224 1957 1296 quandoquidem

303 1317 352 1370 si
391 1315 620 1370 diversa
678 1313 799 1368 sint
857 1311 1165 1384 principia,
1202 1312 1441 1366 infinitae
1491 1313 1731 1368 omnino
1785 1318 1959 1368 erunt

302 1401 725 1460 multitudinis.
763 1401 822 1456 Si
872 1401 1052 1470 igitur
1083 1400 1436 1472 principium
1496 1401 1734 1456 unicum
1783 1402 1953 1469 Deus,

299 1494 386 1549 ita
417 1492 571 1563 quod
605 1505 734 1545 vere
768 1493 876 1556 est,
911 1489 1085 1544 etiam
1132 1489 1327 1560 ipsum
1383 1490 1603 1546 bonum
1653 1495 1774 1557 est;
1812 1490 1956 1544 ratio

303 1586 498 1637 autem
558 1579 815 1633 inveniet
872 1577 1204 1632 necessario
1259 1577 1432 1632 dictis
1483 1579 1807 1646 contraria;
1858 1577 1956 1632 ubi

302 1670 458 1724 enim
477 1667 854 1740 principium,
870 1665 978 1721 erit
996 1681 1227 1737 quoque
1251 1665 1580 1721 necessario
1599 1671 1947 1736 extremum,

299 1763 356 1813 et
386 1758 434 1813 si
467 1756 544 1812 sit
574 1773 700 1825 ens,
727 1755 837 1810 erit
875 1771 1108 1825 quoque
1155 1771 1269 1809 non
1303 1771 1431 1821 ens,
1456 1755 1504 1810 si
1535 1755 1711 1809 etiam
1745 1755 1820 1810 sit
1850 1755 1956 1809 bo-

301 1862 468 1916 num,
492 1845 602 1899 erit
633 1859 867 1915 quoque
909 1843 1148 1897 malum.
1173 1843 1280 1897 Sed
1314 1842 1596 1912 quoniam
1630 1842 1788 1898 entia
1818 1847 1957 1897 sunt

303 1933 568 1988 essentia
596 1938 651 1987 et
674 1933 892 1998 formas,
918 1947 1032 1985 non
1057 1946 1161 1986 ens
1183 1930 1432 1984 informe
1452 1936 1608 1985 esset
1628 1936 1684 1986 et
1703 1933 1958 1986 essentia

301 2025 543 2087 careret,
569 2021 794 2075 ratione
839 2020 963 2075 sola
1009 2018 1426 2090 conceptibile;
1459 2019 1567 2074 hoc
1620 2020 1795 2089 igitur
1842 2037 1955 2074 non

299 2126 404 2164 cns
435 2114 489 2163 et
519 2107 789 2175 informe,
822 2107 1048 2178 antiqui
1097 2108 1385 2165 vocabant
1426 2108 1753 2175 materiam,
1778 2125 1956 2180 quam

301 2197 477 2252 etiam
504 2200 822 2252 extremam
845 2196 1277 2252 deformitatem
1302 2196 1699 2268 appellabant.
1720 2197 1958 2252 Materia

299 2303 434 2341 vero
465 2285 684 2340 dicitur
714 2302 828 2340 non
876 2301 1000 2351 ens,
1036 2301 1150 2340 non
1183 2287 1339 2356 quod
1373 2286 1612 2341 omnino
1663 2286 1808 2340 nihil
1858 2286 1956 2352 sit,

303 2375 402 2428 sed
437 2374 575 2443 quia
607 2389 720 2428 non
753 2376 860 2438 est,
888 2389 1088 2428 verum
1122 2374 1278 2428 enim
1324 2388 1428 2430 ens
1474 2375 1651 2443 Deus,
1675 2380 1732 2429 et
1761 2374 1956 2446 ipsum

303 2463 524 2516 bonum
555 2478 568 2515 :
599 2461 847 2516 materia
877 2462 1034 2516 enim
1065 2462 1244 2516 etiam
1275 2479 1342 2517 ex
1374 2480 1490 2517 non
1514 2463 1750 2518 entibus
1780 2479 1813 2518 a
1842 2463 1956 2518 Deo

304 2551 589 2622 producta
619 2556 728 2618 est,
749 2550 847 2604 sed
884 2566 998 2604 non
1022 2551 1178 2605 sicut
1209 2550 1388 2621 aliqui
1413 2551 1806 2622 opinabantur
1833 2552 1958 2606 sine

307 2644 495 2694 forma
524 2645 580 2694 et
623 2639 843 2710 figura;
881 2637 1128 2707 ideoque
1179 2640 1429 2693 materia
1458 2657 1572 2694 non
1605 2646 1694 2694 est
1740 2641 1955 2710 princi-

307 2727 470 2798 pium
521 2726 854 2789 sensilium,
887 2726 987 2781 sed
1041 2726 1238 2797 potius
1267 2726 1515 2780 dicenda
1545 2732 1634 2781 est
1679 2743 1848 2796 posse
1891 2744 1958 2781 ea

310 2815 623 2885 complere,
645 2831 711 2868 ac
737 2820 1061 2870 extremum
1086 2813 1228 2884 quid
1256 2814 1825 2884 fundamentumque
1855 2832 1955 2868 en-

306 2904 474 2956 tium.
501 2903 687 2965 Quare
721 2918 909 2972 neque
936 2903 1036 2956 Dei
1069 2904 1282 2973 imago,
1311 2908 1374 2956 ut
1405 2904 1732 2972 rationalia,
1772 2919 1958 2973 neque

305 3006 438 3043 vere
464 2989 615 3044 entis
643 2988 1027 3044 simulacrum
1053 3007 1066 3044 :
1093 2989 1307 3045 sensile
1343 2995 1538 3045 autem
1571 2990 1955 3046 simulacrum

307 3077 466 3132 illius
488 3077 588 3146 qui
613 3093 742 3131 vere
767 3076 1151 3148 intelligibilis
1173 3081 1262 3133 est
1285 3077 1512 3148 mundi,
1538 3081 1692 3148 quod
1718 3079 1953 3148 sensile,

1118 301 1484 354 APPENDIX
1522 303 1620 353 AD
1658 301 1897 355 OPERA
1935 303 1993 354 S.
2035 301 2352 356 DIONYSII
2390 299 2888 356 AREOPAGITE.

370 429 522 485 148
557 429 583 496 §
625 427 818 483 XVIII.
855 427 1145 483 Desiderat
1201 427 1350 483 enim
1405 429 1608 500 ipsum.
1662 427 1946 491 Quoniam
1981 430 2034 495 Α

1985 1801 2033 1864 Β

3603 293 3717 348 272

2136 430 2388 496 §XVIIL
2447 427 2682 503 Ἐφίεται
2740 428 2841 500 γὰρ
2902 423 3086 479 αὐτοῦ.
3150 419 3370 491 Ἐπειδὴ
3425 425 3562 490 εἶπε,
3623 422 3720 476 xui

2055 516 2117 569 τὸ
2152 518 2226 588 μὴ
2259 516 2316 569 ’ὸν
2347 515 2584 593 ἐφίεσθαί
2635 535 2751 576 πως
2797 517 2894 568 τοῦ
2921 513 3148 588 ἀγαθοῦ,
3183 510 3274 565 καὶ
3319 509 3370 565 ἐν
3401 509 3547 582 αὐτῷ
3585 511 3723 585 βοό-

2059 602 2243 658 λεσθαι
2277 605 2430 673 εἶναι,
2465 603 2595 678 ὅπερ
2644 604 2731 657 καὶ
2798 603 2904 656 ἄνω
2955 603 3061 674 πρὸ
3112 600 3320 674 ὀλίγων
3366 598 3591 677 φύλλων
3628 600 3725 654 εὑ-

2061 694 2243 767 ρήσεις
2291 692 2447 747 αὑτὸν
2500 691 2746 766 λέγοντα,
2797 690 2846 745 εἴ
2903 691 2992 744 καὶ
3052 689 3103 759 ἐξ
3156 686 3500 760 Ἑλληνικῶν
3547 709 3724 764 σαφής

2058 781 2257 850 νίζεται
2308 779 2618 856 δογμάτωνο
2662 781 2799 856 πρὸς
2843 779 2943 854 γὰρ
2991 778 3274 848 Ἕλληνας
3322 779 3554 852 μάχεται
3607 777 3724 848 μάσ-

2062 867 2239 937 λιστα,
2272 869 2360 924 xui
2392 869 2735 944 Μανιχαίους
2764 868 2890 932 τοὺς
2919 871 3016 922 τοῦ
3044 867 3212 921 κακοῦ
3243 863 3515 940 δόγματος
3547 887 3721 939 προε-

2063 963 2289 1020 στῶτας·
2344 956 2424 1013 δεῖ
2467 957 2800 1030 πλατύτερον
2855 963 3217 1033 παραστῆσαι,
3270 955 3322 1009 τί
3390 954 3722 1028 ὀνομάζεται

2067 1049 2142 1119 μὴ
2192 1046 2273 1116 ὃν,
2323 1049 2411 1100 xui
2462 1045 2550 1101 διὰ
2605 1046 2656 1102 τί
2703 1045 2828 1118 μίαν
2880 1046 3056 1122 ἀρχὴν
3108 1049 3213 1098 τῶν
3269 1039 3438 1098 ὄντων
3498 1038 3722 1105 εὐσεϐὲς

2062 1136 2150 1190 καὶ
2199 1134 2492 1211 ἐπάναγκες
2546 1135 2706 1191 εἶναι.
2738 1140 2909 1189 Τοῦτο
2958 1135 3057 1210 γὰρ
3113 1135 3257 1207 ὑγιές
3309 1132 3420 1188 ἐστι
3473 1138 3722 1209 φρονεῖν·

2063 1221 2175 1279 ἔστι
2221 1225 2318 1300 γὰρ
2371 1223 2504 1295 αὕτη
2541 1227 2567 1279 6
2618 1223 2764 1286 Θεός·
2809 1223 2860 1278 εἷ’
2906 1224 3009 1299 γὰρ
3062 1223 3161 1276 εἶεν
3212 1222 3382 1297 ἀρχαὶ
3435 1219 3726 1297 διάφοροι,

2064 1315 2277 1375 πάντως
2326 1312 2752 1384 ἀπειροπληθεῖς
2805 1314 3157 1390 φανήσονται.
3187 1311 3252 1366 Ei
3304 1309 3393 1364 οῦν
3427 1309 3574 1386 ἀρχὴ
3614 1310 3720 1384 μία

2064 1403 2092 1454 6
2124 1402 2274 1469 Θεὸς,
2310 1402 2452 1456 οὕτω
2496 1403 2584 1455 καὶ
2631 1403 2691 1455 τὸ
2739 1397 2910 1463 ὅντως
2957 1401 3036 1469 ὃν,
3065 1401 3154 1453 καὶ
3205 1399 3338 1453 αὐτὸ
3384 1399 3446 1453 τὸ
3481 1399 3718 1473 ἀγαθόν.

2063 1490 2295 1562 Εὑρήσει
2347 1487 2404 1543 δὲ
2454 1491 2481 1543 6
2525 1489 2684 1564 λόγος
2731 1488 2818 1544 καὶ
2868 1491 2935 1544 τὰ
2990 1487 3199 1543 ἐναντία
3245 1492 3354 1542 τῶν
3405 1486 3719 1561 εἶρημένων

2065 1577 2389 1653 ἀναγκαίως’
2425 1577 2547 1642 ἔνθα
2591 1581 2694 1654 γὰρ
2748 1578 2918 1653 ἀρχὴ,
2964 1573 3107 1632 ἔσται
3157 1578 3371 1638 πάντως
3418 1577 3506 1630 xui
3557 1574 3726 1651 ἒίσχα⁹

2063 1687 2178 1721 τον·
2227 1667 2316 1721 καὶ
2369 1666 2412 1721 εἰ
2461 1663 2602 1721 ἔστιν
2651 1669 2730 1738 ὃν,
2776 1662 2922 1720 ἔσται
2959 1666 3047 1720 καὶ
3099 1667 3174 1737 μὴ
3227 1662 3309 1719 ὄνο
3343 1665 3433 1718 καὶ
3482 1663 3526 1719 εἰ
3570 1662 3722 1720 ἔστιν

2065 1754 2283 1830 ἀγαθὸν,
2317 1753 2460 1809 ἔσται
2491 1754 2579 1809 καὶ
2611 1755 2792 1810 κακόν.
2827 1753 2982 1811 Ἀλλ’
3031 1753 3216 1823 ἐπειδὴ
3249 1755 3316 1808 τὰ
3357 1749 3487 1807 ὅντα
3537 1753 3724 1806 οὐσίαι

2067 1844 2168 1898 εἰσὶ
2195 1843 2284 1898 καὶ
2318 1841 2458 1912 εἶ’δη,
2490 1845 2552 1898 τὸ
2587 1845 2660 1915 μὴ
2707 1845 2765 1897 ’ὸν
2805 1839 3041 1898 ἀνείδεον
3094 1843 3154 1896 ἂν
3187 1839 3270 1910 siit;
3303 1841 3393 1896 xui
3437 1840 3724 1910 ἀνοὺσιον,

2067 1931 2214 2006 λόγῳ
2267 1932 2416 2004 μόνῳ
2465 1933 2760 2007 θεωρητόν.
2793 1932 2869 1987 Τὸ
2905 1933 2980 2003 μὴ
3033 1931 3088 1985 ὃν
3123 1932 3212 1985 οὑν
3256 1935 3416 1984 τοῦτο
3444 1930 3533 1984 xui
3566 1930 3724 1984 ἀνεί-

2066 2018 2182 2075 δεον
2217 2019 2354 2090 ὕλην
2390 2019 2648 2075 ἐκάλεσαν
2677 2022 2732 2073 0i
2763 2017 3013 2087 παλαιοὶ,
3047 2020 3107 2086 ἣν
3140 2019 3228 2073 καὶ
3262 2017 3488 2092 ἔσχατον
3523 2019 3726 2093 αἶσχος

2066 2110 2415 2181 ὀνομάζουσι.
2452 2111 2672 2182 Λέγεται
2707 2106 2764 2162 δὲ
2798 2109 2873 2179 μή
2905 2108 2961 2162 ’ὀν
2996 2110 3028 2176 ἠ
3063 2107 3197 2176 ὕλη,
3229 2107 3336 2181 οὐχ
3378 2106 3461 2161 ὅτι
3513 2127 3722 2160 παντε-

2065 2197 2180 2258 λῶς
2212 2196 2362 2251 οὐδέν
2397 2197 2557 2263 ἐστιν,
2612 2195 2737 2252 ἀλλ’
2790 2196 2872 2250 ὅτι
2927 2198 3000 2268 μή
3053 2195 3184 2250 ἐστι’
3216 2196 3277 2249 τὸ
3306 2196 3409 2270 γὰρ
3453 2191 3624 2256 ὅντως
3656 2196 3724 2248 ὃν

2067 2287 2267 2354 ὁΘεὸς,
2319 2286 2407 2340 καὶ
2465 2285 2592 2339 αὑτὸ
2647 2286 2711 2339 τὸ
2768 2285 2985 2360 ἀγαθόν’
3047 2291 3319 2359 παρῆκται
3372 2284 3472 2358 γὰρ
3526 2283 3583 2337 ἐκ
3636 2285 3722 2356 μὴ

2067 2370 2234 2428 ὄντων
2292 2375 2394 2429 ὑπὸ
2434 2378 2530 2428 τοῦ
2580 2377 2712 2428 Θεοῦ
2760 2373 2848 2427 καὶ
2879 2375 2912 2441 ἡ
2964 2369 3092 2442 ὕλη“
3144 2371 3268 2428 ἀλλ’
3319 2372 3425 2448 οὐχ
3455 2368 3528 2433 ὥς
3572 2394 3726 2436 τινες

2070 2459 2340 2516 ὑπέλαϐον
2373 2459 2608 2524 ἀνείδεος
2638 2461 2728 2516 καὶ
2777 2462 3204 2536 ἀσχημάτιστος·
3243 2459 3358 2514 ὅθεν
3407 2460 3529 2515 οὐδὲ
3559 2461 3718 2536 ἀρχῆ

2063 2555 2172 2604 τῶν
2227 2551 2495 2620 αἰσθητῶν
2535 2552 2568 2618 ἡ
2603 2548 2732 2619 ὕλη,
2788 2548 2931 2604 ἀλλὰ
2992 2547 3202 2620 μᾶλλον
3266 2549 3718 2623 συμπληρωτιιῆ

2063 2638 2296 2702 τούτων,
2327 2637 2416 2692 καὶ
2467 2637 2696 2713 ἔσχατόν
2742 2659 2794 2691 τι
2843 2637 2932 2691 καὶ
2983 2638 3303 2710 ὑποστάθμη
3345 2642 3455 2691 τῶν
3511 2637 3713 2693 ὄντων.

2067 2727 2158 2779 Διὸ
2190 2724 2312 2779 οὔτε
2343 2727 2498 2780 εἰκὼν
2533 2731 2686 2796 Θεοῦ,
2721 2725 2795 2786 ὡς
2827 2726 2890 2779 τὰ
2940 2725 3153 2799 λογικὰ,
3195 2724 3318 2780 οὕτε
3349 2723 3576 2779 εἷ’δωλον
3611 2729 3721 2778 τιοτὶ

2065 2810 2232 2875 ὅντως
2267 2811 2442 2874 ὄντος.
2479 2813 2580 2869 Καὶ
2627 2815 2687 2867 τὸ
2738 2815 2993 2883 αἰσθητὸν
3043 2813 3098 2868 δὲ
3129 2811 3360 2868 εἷ’δωλον
3408 2819 3504 2868 τοῦ
3535 2811 3716 2877 ὅντως

2063 2906 2262 2972 νοητοῦ
2306 2903 2536 2974 κόσμου,
2588 2901 2718 2975 ὅπερ
2769 2901 3047 2971 αῗσθητὸν,
3103 2901 3202 2956 οὐκ
3251 2899 3373 2956 ἄνευ
3425 2903 3515 2974 μὲν
3563 2901 3715 2972 ὕλης

2066 2989 2197 3056 ﬁeri,
2229 2996 2471 3064 κρεῖττον
2503 2988 2559 3044 δὲ
2607 2997 2705 3058 τῆς
2738 2989 2897 3061 ὕλης,
2949 2989 3122 3052 εἶ’δους
3166 2991 3415 3044 ὁπωσοῦν
3452 2992 3715 3066 μετέχον.

2066 3076 2343 3135 Οὐδέποτε
2375 3079 2464 3133 οὗν
2499 3076 2844 3152 δειχθήσεται
2889 3080 2922 3147 ἡ
2957 3077 3061 3148 ὕλη
3116 3075 3247 3153 δίχα
3286 3083 3380 3132 τοῦ
3415 3077 3591 3142 εἷ’δους
3621 3081 3720 3134 xui

308 3183 422 3220 non
454 3166 581 3220 sine
613 3165 856 3220 materia
894 3170 1003 3232 est,
1031 3167 1402 3235 praestantius
1437 3173 1630 3222 autem
1687 3169 1949 3233 materia,

2069 3172 2171 3221 τῶν
2217 3169 2548 3236 ποιοτήτων,
2581 3165 2775 3228 αἵτινές
2825 3166 2958 3221 εἰσιν
3008 3164 3164 3236 ἕξεις·
3200 3169 3331 3222 πότε
3373 3168 3475 3242 γὰρ
3524 3170 3726 3242 γέγονε

307 3256 554 3309 formam
573 3251 1005 3323 aliquantulum
1031 3253 1423 3325 participans;
1447 3271 1753 3326 nunquam
1778 3257 1958 3327 igitur

310 3342 654 3398 ostendetur
701 3340 949 3394 materia
980 3343 1202 3412 absque
1233 3343 1419 3398 forma
1469 3349 1524 3397 et
1572 3343 1956 3414 qualitatibus

307 3448 431 3500 qua:
464 3433 602 3483 sunt
631 3428 896 3496 habitus;
930 3431 1165 3499 quando
1195 3431 1349 3485 enim
1383 3432 1491 3485 fuit
1522 3431 1676 3503 ignis
1707 3433 1831 3487 sine
1863 3449 1957 3487 ca-

307 3518 428 3574 lore
460 3522 561 3572 aut
599 3518 838 3586 lumine,
864 3523 965 3573 aut
997 3519 1246 3574 candido
1295 3519 1508 3590 colore,
1527 3521 1616 3575 vel
1651 3537 1802 3591 aqua
1833 3522 1958 3576 sine

309 3608 522 3679 frigore
553 3613 654 3663 aut
683 3607 1056 3673 humiditate,
1085 3613 1185 3662 aut
1237 3607 1482 3664 caeruleo
1527 3609 1755 3665 colore?
1781 3612 1960 3665 Terra

308 3701 364 3751 et
413 3712 514 3750 aer
566 3695 858 3751 similiter.
894 3700 1205 3767 Propterea
1254 3697 1430 3752 etiam
1481 3697 1601 3753 dixi
1651 3699 1957 3754 materiam

309 3785 536 3855 concipi
570 3783 640 3839 ab
670 3784 967 3840 intellectu
1000 3785 1333 3853 informem,
1367 3791 1422 3841 et
1444 3788 1570 3843 sine
1593 3788 1871 3859 qualitate
1891 3805 1957 3843 ac

307 3876 497 3947 ﬁgura
521 3889 533 3926 ε
560 3890 628 3929 ex
660 3892 773 3944 quo
806 3875 962 3928 enim
995 3874 1246 3930 visibilia
1268 3881 1322 3931 et
1349 3876 1666 3932 invisibilia
1699 3878 1952 3948 fuerunt,

305 3977 374 4014 ex
406 3977 522 4014 non
563 3962 802 4017 entibus
833 3962 1055 4017 scilicet
1085 3980 1117 4018 a
1147 3963 1263 4018 Deo
1315 3966 1598 4035 producta
1645 3971 1806 4034 sunt,
1841 3983 1954 4021 non

305 4047 474 4117 prius
507 4050 756 4103 materia
805 4051 1039 4104 informi
1092 4053 1453 4123 subjacente,
1487 4055 1697 4109 deinde
1728 4060 1954 4121 ornata,

307 4134 461 4190 sicut
492 4136 727 4191 divinus
773 4137 963 4193 Moses
1005 4140 1192 4194 docet.
1228 4144 1428 4211 Itaque
1477 4144 1718 4198 materia
1747 4144 1805 4198 in
1837 4145 1953 4199 Deo

310 4228 418 4294 est,
444 4241 578 4279 cum
611 4224 682 4279 ab
707 4241 772 4280 eo
803 4226 1090 4297 producta
1116 4228 1317 4299 fuerit;
1352 4229 1450 4284 illo
1477 4236 1674 4286 autem
1708 4237 1772 4286 ut
1803 4233 1953 4287 bono

309 4313 504 4368 omnia
534 4313 958 4386 complectente
987 4317 1496 4386 superessentialis
1530 4319 1587 4373 in
1625 4319 1751 4390 ipso
1784 4319 1952 4375 intel-

305 4401 534 4473 ligitur,
561 4401 681 4457 hazc
715 4403 968 4476 reperies
997 4403 1248 4475 sparsim
1281 4403 1545 4461 dicendis
1578 4407 1818 4464 inserta.

382 4509 536 4564 144
567 4510 836 4578 Quomodo
883 4511 1194 4567 daemonum
1242 4512 1427 4566 turba.
1461 4513 1746 4585 Deinceps
1795 4532 1947 4586 quaa-
1979 4518 2027 4583 D

306 4595 529 4652 stiones
561 4597 802 4654 discutit
841 4600 1109 4665 dicendo,
1142 4601 1192 4655 si
1224 4600 1421 4657 omnia
1469 4618 1536 4657 ex
1585 4603 1756 4670 bono,
1795 4605 1949 4659 unde

305 4684 479 4753 mala,
504 4691 560 4741 et
590 4688 742 4742 unde
764 4687 955 4759 angeli
981 4687 1116 4744 facti
1144 4695 1284 4744 sunt
1305 4690 1637 4746 daemones?
1659 4691 1785 4748 Haec
1809 4697 1950 4748 sunt

304 4777 507 4828 contra
536 4774 908 4832 Manicbasos.

375 4864 515 4916 Boni
541 4864 721 4932 forma
749 4873 918 4920 caret.
949 4864 1122 4919 Recte
1153 4869 1210 4919 et
1241 4871 1510 4921 accurate
1540 4867 1733 4937 posuit
1763 4869 1820 4923 in
1854 4885 1950 4924 an-

300 4949 449 5019 gelis
478 4949 539 5002 τὸ
570 4949 912 5024 ἀγαθοειδές;
949 4958 1099 5008 Deus
1131 4953 1310 5022 enim,
1333 4954 1722 5010 essentialiter
1750 4955 1946 5027 ipsum

301 5037 516 5093 bonum
551 5041 858 5112 exsistens,
883 5043 1010 5113 ipso
1041 5047 1235 5097 autem
1260 5043 1601 5113 posteriora,
1626 5049 1690 5098 ut
1719 5060 1784 5098 ex
1816 5063 1946 5116 par-

300 5124 639 5197 ticipatione
670 5135 726 5184 et
755 5131 1119 5186 extrinsecus
1158 5132 1285 5200 ejus
1317 5131 1577 5202 appetitu
1610 5133 1813 5188 ell'ecta
1843 5135 1947 5188 bo-

299 5227 394 5276 na,
429 5217 634 5271 merito
683 5214 970 5290 ἀγαθοειδῆ
1005 5235 1105 5273 seu
1146 5219 1284 5273 boni
1335 5219 1586 5290 speciem
1639 5221 1947 5278 referentia

299 5299 596 5368 dicuntur,
633 5320 765 5359 cum
799 5323 914 5360 non
947 5307 1065 5362 sint
1096 5323 1299 5376 reapse
1331 5309 1502 5364 bona.

371 5407 435 5459 EI.
464 5409 724 5476 quomodo
765 5411 953 5466 bonus.
985 5411 1130 5467 Vide
1175 5414 1466 5482 quomodo
1517 5416 1942 5486 propositiones

298 5506 404 5564 per
443 5497 683 5552 modum
715 5498 1146 5569 disquisitionis
1185 5499 1498 5571 producat;
1532 5504 1832 5582 continent
1862 5507 1941 5559 si-

293 5583 534 5653 quidem
567 5585 1032 5643 adversariorum
1065 5588 1484 5658 opposiliones.
1509 5595 1572 5646 ut
1605 5593 1937 5649 Manichaeo-

2063 3257 2126 3310 τὸ
2181 3260 2286 3330 πῦρ
2344 3253 2464 3309 ἄνευ
2515 3256 2868 3330 θερμότητος,
2919 3255 2953 3324 ἢ
3007 3257 3208 3329 φωτὸς,
3267 3257 3302 3325 ἧ
3361 3261 3456 3311 τοῦ
3515 3256 3724 3313 λευκοῦ

2064 3352 2162 3413 τῆς
2190 3350 2408 3418 χροιᾶς,
2441 3343 2474 3412 ἢ
2503 3345 2564 3398 τὸ
2614 3341 2760 3418 ὕδωρ
2809 3340 2931 3397 ἄνευ
2977 3343 3348 3419 ψυχρότητος,
3394 3347 3428 3414 ἢ
3482 3346 3722 3421 ὑγρότη-

2065 3453 2179 3499 τος,
2274 3437 2368 3487 τοῦ
2419 3432 2765 3500 κυανίζοντος
2814 3433 3154 3507 [χρώματος]
3182 3453 3194 3501 ;
3228 3435 3261 3503 ἡ
3307 3441 3376 3508 γῆ
3423 3434 3510 3488 xui
3545 3436 3572 3488 6
3606 3435 3720 3510 ἀὴρ

2067 3521 2296 3594 ὁμοίως.
2330 3521 2426 3574 Διά
2454 3525 2611 3575 τοῦτο
2643 3521 2729 3574 καὶ
2766 3518 2916 3596 λόγῳ
2945 3523 3230 3594 θεωρητὴν
3259 3523 3406 3576 εἶπον
3439 3525 3538 3591 τήν
3573 3523 3723 3594 ὕλην

2067 3607 2320 3675 ἀνείδεον,
2369 3611 2454 3663 xui
2509 3607 2726 3679 ἄποιον,
2776 3609 2864 3662 xui
2915 3609 3347 3685 ἀσχημάτιστον
3402 3611 3452 3682 ἐξ
3508 3612 3569 3666 οὗ
3617 3613 3725 3688 γὰρ

2064 3699 2130 3752 τά
2195 3698 2360 3772 ὁρατά
2417 3696 2506 3750 καὶ
2558 3699 2623 3751 τά
2675 3697 2876 3772 ἀόρατα
2941 3699 3179 3774 γέγονεν,
3259 3698 3316 3754 ἐκ
3398 3701 3473 3772 μὴ
3543 3697 3721 3756 ὄντων

2068 3784 2324 3857 δηλονότι
2357 3783 2460 3839 ὑπὸ
2491 3790 2622 3840 Θεοῦ
2653 3789 2938 3862 παρήχθη,
2973 3787 3032 3841 οὐ
3066 3786 3328 3863 πρότερον
3362 3787 3499 3858 ὅλης
3535 3789 3724 3862 ἀμόρ-

2068 3897 2170 3952 φου
2225 3873 2585 3947 ὑποκειμένης
2617 3922 2632 3947 ,
2684 3875 2796 3930 εἶτα
2844 3876 3213 3948 κοσμηθείσης
3247 3919 3262 3946 ,
3323 3877 3396 3938 ὡς
3471 3875 3724 3933 διδάσκει

2066 3965 2324 4032 Μωσῆςὸ
2375 3964 2538 4024 θεῖος.
2576 3964 2662 4018 Ἐν
2710 3964 2802 4036 μὶν
2855 3963 2947 4017 οὗν
2993 3968 3071 4035 τῷ
3119 3968 3236 4035 Θεῷ
3269 3963 3432 4031 ἐστιν,
3488 3967 3578 4019 ἅτε
3627 3968 3725 4020 xui

2068 4048 2156 4105 ὕπ’
2211 4050 2372 4105 αὑτοῦ
2438 4056 2777 4125 παρσχθεῖσα
2831 4053 2865 4120 ἡ
2922 4050 3052 4120 ὕλη’
3117 4050 3436 4125 ὑπεροὺσιος
3514 4050 3592 4120 δὲ,
3655 4055 3725 4108 τὰ

2064 4141 2234 4193 πάντα
2283 4138 2483 4194 ἐκείνου
2516 4141 2590 4203 ὡς
2627 4142 2828 4214 ἀγαθοῦ
2878 4140 3234 4215 συνέχοντος,
3281 4146 3482 4195 νοεῖται
3515 4140 3566 4195 ἐν
3626 4144 3723 4196 αὖ·

2063 4233 2162 4300 τῷ.
2194 4234 2365 4283 Ταῦτα
2395 4229 2640 4304 εὑρήσεις
2689 4229 2738 4283 ἐν
2787 4234 2904 4291 τοῖς
2955 4227 3386 4303 λεχθησομένοις
3427 4229 3714 4304 σποράδην

2064 4313 2365 4392 ἐγκείμενοι.

2129 4513 2254 4574 Πῶς
2330 4515 2364 4581 ἡ
2441 4509 2691 4584 δαιμονία
2747 4509 2984 4581 πληθύς.
3045 4512 3248 4567 Λοιπὸν
3329 4507 3713 4588 προϐλήματα

2061 4597 2406 4676 διαγυμνάζει
2459 4599 2653 4674 λέγων,
2689 4601 2794 4667 ὅτι,
2827 4600 2868 4653 εἰ
2901 4599 3075 4654 πάντα
3122 4599 3181 4655 ἐκ
3222 4605 3317 4655 τοῦ
3349 4601 3578 4677 ἀγαθοῦ,
3613 4604 3715 4657 πό-

2059 4691 2144 4744 θεν
2173 4689 2239 4743 τά
2264 4689 2420 4758 κακὰ,
2475 4688 2562 4743 καὶ
2617 4688 2779 4752 πόθεν
2830 4686 3049 4764 ἄγγελοι
3103 4687 3346 4765 ἐγένοντο
3400 4688 3707 4763 δαίμονες;

2061 4779 2238 4833 Πάντα
2267 4779 2402 4832 κατά
2435 4778 2778 4853 Μανιχαίων.

2291 4866 2405 4923 Οὐκ
2455 4864 2594 4921 ἔστιν
2653 4863 2962 4942 ἀγαθοειδές
2996 4908 3008 4922 .
3071 4865 3264 4929 Καλῶς
3318 4867 3406 4922 xui
3464 4864 3711 4942 ἀκριϐῶς

2059 4953 2145 5009 ἐπὶ
2202 4960 2307 5010 τῶν
2364 4954 2608 5029 ἀγγέλων
2668 4956 2874 5017 τέθεικε
2920 4955 2983 5007 τὸ
3036 4953 3366 5030 ἀγαθοειδφς·
3402 4957 3429 5013 6
3466 4959 3562 5029 μὲν
3607 4960 3710 5032 γὰρ

2058 5044 2186 5104 Θεὸς
2218 5041 2499 5104 οὑσιωδῶς
2549 5043 2678 5097 αὐτὸ
2725 5045 2786 5096 τὸ
2832 5043 3031 5116 ἀγαθὸν
3063 5041 3160 5114 ὢν,
3187 5043 3253 5098 τὰ
3285 5043 3342 5100 δὶ
3376 5047 3492 5117 μετ’
3523 5044 3711 5117 αὑτὸν,

2056 5132 2129 5192 ὡς
2163 5129 2222 5184 ἐκ
2254 5137 2498 5205 μετοχῆς
2526 5130 2616 5184 καὶ
2666 5127 2856 5199 ἔξωθεν
2907 5131 3280 5206 ἀγαθυνόμενα
3325 5136 3394 5206 τῇ
3445 5135 3566 5208 περὶ
3613 5134 3706 5187 αὖ-

2054 5221 2142 5273 τὸν
2204 5220 2397 5293 ἐφέσει,
2451 5216 3014 5294 εἰκότως-ἀγαθοειδῆ
3069 5218 3346 5294 λέγονται,
3400 5220 3500 5276 οὐκ
3554 5221 3712 5276 αὑτό-

2054 5328 2250 5383 χρημα
2281 5309 2470 5382 ἀγαθά·

2126 5415 2225 5486 [γ].
2260 5412 2362 5469 Καὶ
2414 5417 2531 5474 πῶς
2589 5415 2616 5468 6
2657 5412 2872 5486 ἀγαθός.
2929 5413 3066 5485 Ὅρα
3122 5412 3272 5474 ὅπως
3328 5411 3707 5488 προϐλήματα

2053 5503 2124 5562 ὡς
2155 5500 2206 5555 ἐν
2228 5504 2449 5572 ζητήσει
2477 5502 2732 5577 παράγει,
2765 5498 2961 5576 ἔχοντα
2995 5499 3088 5572 μὲν
3121 5501 3210 5554 καὶ
3255 5501 3416 5565 αὑτὰς
3458 5505 3557 5565 τὰς
3585 5509 3696 5559 τῶν

2050 5588 2259 5666 ἐχθρῶν
2315 5589 2647 5662 ἀντιθέσεις,
2707 5588 2821 5644 οἷον
2873 5587 3244 5662 Μανιχαίων·
3306 5587 3581 5661 δηλούσας
3644 5589 3703 5648 δὲ
