4000 6200
297 414 402 467 2'73

1068 418 1125 469 S.
1168 413 1441 468 MAXIM]
1482 414 1791 467 SCHOLIA
1828 413 1900 466 ιΝ
1942 413 2075 463 LIB.
2118 415 2213 465 DE
2254 412 2522 470 DlVINlS
2561 417 2977 472 NOMINIBUS.
3617 425 3722 478 274

299 534 453 609 ὅμως
481 537 572 590 τὸν
607 536 809 589 σκοπὸν
843 539 940 589 τοῦ
989 533 1132 589 θείου
1177 534 1371 589 τούτου
1423 533 1619 608 ἀνδρὸς
1648 534 1739 587 τὸν
1774 531 1947 605 ὀρθόν.

2073 550 2235 602 rum;
2271 536 2573 592 declarant
2629 541 2821 594 tamen
2870 555 3112 612 scopum
3159 541 3338 596 divini
3389 543 3565 614 hujus
3614 547 3720 602 viri

300 627 450 698 Λέγει
484 624 609 700 γὰρ,
663 624 721 678 ἐκ
770 623 918 685 τίνος
971 624 1148 699 ἀρχῆς
1198 626 1462 698 παρήχθη
1521 624 1584 676 16
1623 622 1784 676 κακόν
1822 641 1833 654 ’
1867 621 1958 675 καὶ

297 714 340 768 εἰ
367 712 419 783 ἐξ
454 711 637 783 ἄλλης
672 712 872 781 αἰτίας,
904 713 990 767 καὶ
1026 711 1123 767 ὅσα
1167 717 1390 768 τοιαῦτα
1423 716 1533 766 τῶν
1565 708 1850 765 ἀντιδίκων
1884 707 1959 763 εἷ-

292 802 371 856 σίν
406 821 417 833 ·
479 804 594 857 εἶτα
645 801 866 869 λοιπὸν,
894 805 1012 864 πῶς
1086 802 1112 855 ὁ
1179 802 1375 873 ἀγαθὸς
1439 801 1569 855 αὐτὸ
1627 804 1955 875 παραγαγεῖν

295 885 592 961 ἠϐουλήθη
628 910 642 923 ⁸
673 895 791 952 πῶς
823 888 880 945 δὲ
927 890 1016 944 καὶ
1066 889 1298 965 προνοίᾳ
1332 893 1376 926 ⁸¹
1427 889 1534 944 ἐστὶ
1567 889 1628 943 τὸ
1659 888 1822 943 κακόν
1855 905 1872 923 ⁶
1901 886 1959 941 ἐκ

289 979 497 1034 τούτων
530 976 766 1048 δεικνὺς,
799 978 906 1050 ὅτι,
950 979 999 1033 εἷ’
1041 979 1130 1033 καὶ
1180 978 1327 1042 ὅλως
1374 979 1713 1053 παραγωγὴν
1742 975 1868 1051 ἔσχε
1896 977 1958 1031 τὸ

288 1069 487 1138 κακὸν,
523 1067 582 1122 ἐκ
601 1071 699 1121 τοῦ
749 1069 951 1141 ἀγαθοῦ
996 1066 1196 1137 ταύτην
1245 1065 1371 1142 ἔσχε
1406 1087 1418 1100 ·
1470 1066 1558 1120 καὶ
1606 1064 1689 1119 ὅτι
1751 1064 1887 1137 μόνη
1920 1066 1954 1132 ἡ

287 1157 519 1232 πρόνοια
551 1154 754 1211 διοικεῖ
800 1157 864 1211 τὸ
913 1154 1068 1228 ὅλον,
1117 1156 1192 1218 ὡς
1237 1155 1295 1209 ἐκ
1337 1156 1534 1210 τούτου
1586 1155 1711 1225 μίαν
1748 1152 1952 1226 ἀγαθὴν

285 1248 468 1321 ἀρχήν
504 1245 782 1307 εἶναιτοῖς
829 1243 970 1302 οῦσι.
1015 1247 1196 1302 Ταῦτα
1243 1244 1332 1298 καὶ
1373 1243 1424 1297 ἐν
1463 1248 1580 1305 τοῖς
1627 1237 1956 1316 προϐλήμα-

286 1357 364 1390 σιν
411 1335 667 1405 ἐξήτασεν
721 1336 748 1389 ὁ
802 1337 950 1396 θεῖος
1010 1335 1165 1395 οὗτος
1216 1335 1350 1407 ἀνήρ
1388 1354 1400 1367 ·
1453 1332 1797 1408 παρακατιὼν
1847 1331 1948 1406 γὰρ

282 1423 505 1479 ἀναλύει
541 1429 725 1498 σαφῶς
756 1426 823 1478 τὰ
870 1419 1269 1498 προϐλήματα,
1323 1420 1531 1482 δεικνὺς
1575 1420 1648 1482 ὡς
1684 1418 1807 1474 οὔτε
1837 1419 1954 1473 ἐνυ-

281 1514 550 1568 πόστατον
596 1515 660 1567 τὸ
702 1515 888 1580 κακὸν,
941 1511 1062 1567 οὕτε
1112 1511 1162 1565 ἐν
1216 1511 1367 1587 φύσει
1407 1528 1418 1542 ⁸
1477 1507 1624 1564 ἀλλὰ
1653 1508 1788 1562 κατὰ
1826 1510 1948 1562 στε-

283 1623 445 1676 ρησιν
469 1607 568 1656 τοῦ
603 1603 804 1676 ἀγαθοῦ
853 1600 1158 1676 γινόμενον,
1213 1597 1335 1654 οὔτε
1382 1600 1458 1654 ὃν.
1511 1597 1633 1652 οὕτε
1676 1598 1750 1660 ὡς
1785 1597 1859 1668 μὴ
1893 1595 1950 1649 ὃν

277 1688 662 1766 λογίζόμενον.
717 1690 814 1744 Καὶ
855 1693 1019 1744 τοῦτο
1072 1687 1397 1742 αἰνίττεσθαι
1428 1688 1473 1722 ⁸³
1523 1686 1586 1739 τὸ
1646 1683 1696 1738 ἐν
1741 1684 1952 1756 ψαλμῷ

279 1783 590 1855 τριακοστῷ
635 1775 775 1850 ’ἐκτῳ
829 1775 1117 1852 εἷρημὲνον
1153 1795 1166 1808 ·
1220 1773 1380 1832 Εἶδον
1431 1776 1524 1828 τὸν
1576 1767 1744 1841 ἀσεϐῆ
1789 1773 1952 1847 ὑπερ-

2069 626 2292 678 rectum
2346 643 2504 694 esse;
2539 627 2678 682 dicit
2712 628 2890 698 enim,
2923 645 2990 684 ex
3021 645 3136 700 quo
3187 631 3470 702 principio
3501 636 3718 704 produ-

2069 714 2228 765 ctum
2261 712 2340 767 sit
2372 713 2629 781 malum;
2681 731 2746 769 ac
2797 719 2995 770 utrum
3047 733 3113 771 ex
3161 715 3275 770 alia
3323 734 3500 774 causa
3546 725 3720 791 atque

2069 801 2267 855 omnia
2298 818 2426 872 quae
2455 803 2771 858 adversarii
2800 820 2932 859 esse
2962 803 3168 860 solent.
3189 805 3407 860 Deinde
3432 812 3720 877 quomodo

2067 888 2258 945 bonus
2294 890 2490 962 ipsum
2523 892 2744 947 malum
2781 894 3102 964 producere
3129 894 3401 960 voluerit,
3427 899 3718 966 quomodo

2067 978 2244 1033 etiam
2279 980 2648 1050 providentia
2679 981 2754 1036 sit
2801 981 3048 1050 malum,
3081 984 3396 1038 ostendi—ns
3425 1000 3492 1038 ex
3523 984 3636 1050 his,
3669 986 3719 1040 si

2067 1067 2288 1123 malum
2339 1069 2580 1125 omnino
2633 1071 2980 1141 productum
3037 1071 3230 1140 fuerit,
3263 1089 3296 1126 a
3327 1072 3478 1128 bono
3512 1073 3716 1139 fuisse,

2066 1159 2242 1226 atque
2272 1156 2455 1212 solam
2502 1158 2925 1228 providentiam
2961 1160 3286 1230 gubernare
3328 1161 3618 1227 universa,
3652 1167 3716 1215 ut

2064 1244 2200 1299 hinc
2240 1251 2518 1315 sequatur
2568 1264 2752 1302 unum
2803 1249 3045 1313 bonum,
3077 1265 3204 1304 esse
3254 1267 3450 1304 rerum
3499 1251 3715 1322 princi-

2064 1333 2258 1404 pium;
2313 1335 2432 1388 hzec
2482 1339 2679 1390 autem
2722 1335 2778 1389 in
2816 1337 3312 1406 propositionibus
3362 1338 3596 1394 divinus
3626 1340 3715 1393 vir

2061 1422 2439 1490 examinavit;
2484 1424 2866 1494 progrediens
2905 1425 3060 1478 enim
3109 1427 3460 1496 quaestiones
3509 1428 3710 1482 ordine

2062 1510 2686 1577 solvit,demonstrans
2714 1512 2934 1567 malum
2971 1530 3162 1586 neque
3192 1514 3402 1569 habere
3431 1518 3712 1571 exsisnen-

2060 1598 2224 1666 tiam,
2259 1617 2447 1670 neque
2499 1600 2558 1654 in
2608 1618 2802 1656 rerum
2857 1607 3067 1656 natura
3097 1602 3370 1672 reperiri;
3421 1604 3521 1658 sed
3571 1605 3707 1659 boni

2060 1689 2384 1759 privatione
2418 1691 2659 1757 factum,
2688 1706 2875 1761 neque
2907 1707 3032 1760 ens,
3057 1707 3245 1762 neque
3274 1696 3554 1762 tanquam
3591 1709 3708 1748 non

2059 1793 2164 1834 ens
2210 1777 2434 1832 ratione
2483 1778 2730 1847 concipi,
2762 1783 2936 1849 atque
2969 1779 3078 1834 hoc
3109 1779 3397 1834 insinuari
3445 1785 3504 1834 in
3551 1780 3707 1851 psal-

294 1868 608 1941 υψούμενον
658 1867 731 1926 ὡς
790 1866 884 1928 τὰς
939 1863 1163 1938 κέδρους
1217 1868 1313 1918 τοῦ
1368 1858 1631 1931 Λιϐάνου,
1675 1860 1762 1916 καὶ
1811 1881 1947 1936 παρ-

2063 1883 2156 1922 mo
2204 1883 2394 1931 xxxvr,
2428 1868 2543 1922 35:
2580 1867 2699 1922 Vidi
2750 1867 2990 1938 impium
3037 1870 3517 1939 superexaltatum
3561 1873 3708 1926 sicut

281 1954 479 2024 ἦλθον,
531 1953 626 2008 καὶ
671 1951 790 2008 ἴδοὺ
838 1954 936 2008 οὐκ
993 1955 1082 2022 ἦν,
1144 1953 1235 2007 καὶ
1296 1951 1540 2022 ἐζήτησα
1588 1949 1950 2021 αὖτὸν,τουτ·

288 2047 398 2098 ἐστι
441 2045 536 2098 τὸν
584 2044 752 2098 τόπον
802 2044 986 2110 αὐτοῦ,
1045 2043 1133 2097 καὶ
1184 2042 1290 2116 οὐχ
1341 2042 1578 2117 εὑρέθη’
1629 2044 1789 2094 τοῦτο
1846 2038 1944 2112 γὰρ

293 2131 481 2203 δηλοῖ,
532 2133 616 2188 ὅτι
664 2134 726 2187 τὸ
774 2133 960 2200 κακὸν,
1010 2131 1044 2200 ἥ
1090 2131 1180 2186 καὶ
1237 2128 1443 2208 σφόδρα
1490 2129 1786 2205 ἐπαίρεται,
1821 2126 1949 2182 ἀλλ’

289 2221 379 2276 06v
417 2222 517 2276 οὐκ
565 2218 733 2294 ςἐστιν,
785 2222 906 2276 οὔτε
962 2219 1279 2294 καταλείψει
1327 2219 1492 2274 τόπον
1524 2217 1736 2289 ἑαυτοῦ,
1784 2237 1945 2271 τουτ-

287 2313 429 2364 ἐπιν
481 2309 638 2385 ἴχνος
671 2330 683 2343 ο
738 2309 851 2382 ἅμα
904 2311 1005 2385 γὰρ
1063 2331 1142 2381 τῳ
1187 2322 1413 2386 φανηναι
1477 2304 1815 2376 διαλέλυται,
1866 2307 1940 2378 μή

287 2397 416 2475 ἔχον
466 2400 760 2454 ὑπόστασιν
800 2420 811 2432 ·
867 2401 941 2472 μὴ
992 2399 1082 2452 οῦν
1144 2393 1444 2459 ὑπολάϐοις
1503 2396 1660 2450 αὺτὸν
1711 2394 1940 2449 ἐναντίον

287 2487 470 2563 λέγειν
501 2511 577 2544 τι.

369 2583 400 2649 §
448 2583 593 2636 XIX.
650 2579 725 2633 T6
798 2579 957 2633 κακὸν
1046 2577 1142 2632 οὐκ
1225 2575 1364 2632 ἔστιν
1417 2575 1477 2631 ἐκ
1523 2576 1780 2651 τάγαθοῦ.
1838 2580 1944 2642 Ση-

290 2668 546 2740 μεέωσαι,
587 2671 710 2729 πῶς
763 2667 1079 2738 θαυμασίως
1129 2666 1316 2722 πλὲκει
1363 2667 1462 2733 τὴν
1515 2663 1668 2720 λύσιν
1719 2663 1776 2718 ἐκ
1823 2661 1942 2717 δια-

290 2759 472 2835 φόρων
507 2757 982 2832 ἐπιχειρημάτων.

353 2848 422 2902 Ὀ
473 2844 582 2900 τῶν
647 2843 816 2900 ὄντων
875 2843 1098 2907 σκοπός.
1159 2845 1261 2901 Καὶ
1326 2845 1428 2918 γὰρ
1487 2845 1515 2898 ὁ
1573 2842 1943 2918 ὀργιζόμενος,

291 2935 416 3003 ἤτοι
447 2934 819 3007 θυμούμενος,
863 2935 954 3006 (ὡς
1001 2935 1052 2988 ἐν
1113 2931 1465 3007 ὑποδείγματι
1497 2930 1556 2986 δὲ
1591 2933 1619 2985 ὁ
1651 2929 1842 3005 λόγος,
1874 2930 1946 2991 ὡς

295 3023 488 3096 ὃοκιῖ,)
540 3023 708 3078 κακόν
762 3045 814 3077 τι
863 3027 1151 3084 ποιοῦντος
1207 3026 1304 3077 τοῦ
1361 3021 1497 3096 πρὸς
1547 3021 1608 3074 ’ὸν
1659 3023 1944 3091 θυμοῦται,

292 3113 425 3185 πρὸς
450 3113 515 3167 16
546 3112 789 3167 ὗναντίον
813 3116 1002 3166 τοῦτον
1041 3115 1363 3185 μεταγαγεῖν
1401 3107 1755 3185 βουλόμενος.
1787 3128 1946 3162 τουτ-

294 3202 399 3256 έστι
428 3203 492 3256 16
522 3201 742 3275 ἀγαθὸν,
769 3205 840 3274 τῇ
871 3200 1094 3274 τοιαύτῃ
1126 3201 1332 3269 κινήσει
1363 3205 1587 3273 χρῆται.

2057 1956 2247 2012 cedro:
2281 1957 2481 2011 Libani
2511 1975 2529 2012 :
2560 1962 2614 2012 et
2644 1957 2907 2023 transivi,
2936 1966 2987 2013 et
3016 1973 3135 2014 ecce
3163 1975 3270 2014 non
3303 1963 3455 2020 erat;
3486 1963 3540 2014 et
3568 1976 3711 2031 quara-

2053 2047 2164 2101 sivi
2197 2046 2393 2118 ipsum,
2425 2046 2481 2101 id
2534 2051 2624 2102 est
2673 2046 2865 2102 locum
2900 2047 3049 2118 ejus,
3081 2064 3255 2120 neque
3305 2048 3563 2104 inventus
3593 2053 3709 2114 est;

2055 2142 2163 2190 hoc
2193 2136 2347 2190 enim
2373 2135 2626 2190 declarat
2651 2135 2873 2190 malum
2905 2136 3016 2191 etsi
3038 2137 3206 2192 valde
3229 2136 3562 2207 extollatur,
3591 2155 3705 2193 non

2052 2227 2249 2279 tamen
2282 2239 2434 2292 esse,
2470 2240 2660 2295 neque
2705 2222 2896 2280 locum
2947 2241 3123 2280 suum
3169 2225 3611 2294 derelicturum,
3647 2228 3702 2281 id

2053 2316 2143 2366 est
2170 2313 2478 2382 vestigium
2506 2328 2518 2366 :
2544 2311 2719 2367 simul
2743 2313 2901 2366 enim
2933 2329 3000 2367 ac
3031 2317 3324 2384 apparuit,
3348 2314 3699 2371 dissolutum

2051 2405 2161 2466 est,
2195 2416 2308 2455 non
2343 2399 2566 2454 habens
2596 2401 3083 2470 subsistentiam;
3117 2417 3303 2472 neque
3334 2402 3511 2472 igitur
3539 2403 3697 2458 arbi-

2049 2489 2219 2544 treris
2250 2489 2444 2560 ipsum
2478 2488 2838 2543 contrarium
2872 2488 3093 2559 aliquid
3125 2490 3337 2546 dicere.

2121 2577 2325 2645 §XIX.
2359 2578 2570 2632 Malum
2618 2593 2727 2633 non
2773 2582 2852 2633 est
2895 2594 2966 2633 ea:
3019 2579 3178 2634 bona.
3228 2580 3492 2649 Adverte,
3547 2597 3694 2651 quo-

2053 2666 2225 2721 modo
2258 2666 2682 2722 admirabiliter
2708 2666 3060 2723 solutionem
3087 2684 3156 2723 ex
3185 2669 3362 2724 variis
3389 2674 3577 2724 nectat
3606 2686 3699 2724 ar-

2052 2754 2370 2826 gumentis.

2126 2845 2328 2898 Rerum
2356 2859 2567 2914 scapus.
2601 2843 2746 2900 Nam
2779 2843 2806 2896 ὁ
2838 2841 3196 2917 ὀργιζόμενος
3230 2862 3331 2901 seu
3366 2846 3466 2916 qui
3495 2847 3702 2902 irasci-

2055 2937 2153 2987 tur
2182 2933 2489 3004 (tanquam
2534 2949 2638 3004 pro
2689 2932 2954 3005 exemplo
2985 2933 3108 2989 haac
3139 2934 3302 3000 dicit,
3337 2939 3401 2990 ut
3430 2936 3705 3008 videtur),

2056 3037 2122 3076 eo
2149 3021 2207 3076 in
2241 3038 2411 3092 quem
2463 3021 2739 3077 irascitur
2787 3022 3021 3093 aliquod
3056 3021 3278 3078 malum
3313 3024 3581 3090 faciente,
3613 3041 3709 3080 vo-

2055 3108 2184 3164 lens
2215 3109 2409 3180 ipsum
2461 3110 2519 3164 in
2571 3111 2958 3179 contrarium,
2993 3111 3050 3165 id
3096 3117 3187 3167 est
3231 3113 3472 3181 bonum,
3505 3114 3709 3168 tradu-

2061 3214 2210 3266 cere,
2241 3198 2341 3252 tali
2373 3198 2559 3254 utitur
2591 3199 2869 3255 motione.

359 3291 461 3347 Kui
509 3290 556 3344 si
610 3291 678 3344 τὰ
734 3287 864 3344 ὄντα
921 3290 1115 3346 πάντα.
1174 3291 1423 3363 Ἕφημεν
1482 3286 1758 3359 ἀνωτέρω,
1821 3285 1866 3340 εἷ
1921 3286 1947 3338 ὁ

2138 3292 2201 3343 Et
2229 3290 2278 3342 si
2307 3304 2393 3341 re:
2421 3304 2630 3344 omnes.
2665 3288 2932 3344 Diximus
2964 3291 3263 3360 superius,
3297 3292 3445 3348 145
3481 3291 3530 3346 si
3563 3297 3712 3346 Deus

295 3379 416 3440 Θεὸς
445 3377 789 3452 ὑπερουσίως
823 3375 894 3432 ὢν
948 3376 1156 3453 λέγεται
1210 3377 1282 3438 ὡς
1343 3378 1582 3451 ἄναρχος
1614 3375 1702 3429 καὶ
1734 3375 1948 3429 πάντων

294 3467 482 3536 αἴτιος,
538 3468 606 3521 16
664 3467 954 3536 ἀντίθετον,
1014 3467 1087 3527 ὡς
1163 3462 1390 3539 ἔσχατον
1445 3470 1553 3519 τῶν
1616 3459 1805 3532 ὄντων,
1861 3461 1951 3517 καὶ

290 3557 567 3623 ἁνοῦσιον,
603 3556 678 3616 ὡς
729 3556 1051 3630 ὑπιρουσίου
1108 3558 1206 3608 τοῦ
1251 3558 1407 3619 Θεοῦ,
1455 3551 1726 3607 τουτέστιν
1754 3553 1788 3620 ἠ
1823 3550 1950 3620 ὕλη,

292 3647 380 3698 καὶ
415 3647 489 3718 μὴ
547 3643 606 3698 ὃν
660 3643 895 3719 λέγεται,
942 3645 1030 3698 καὶ
1083 3641 1133 3697 ἐν
1192 3647 1309 3713 Θεῷ
1369 3640 1605 3717 λέγεται,
1657 3639 1727 3694 δι’
1758 3638 1952 3715 ἁγαθό-

291 3755 428 3804 τητα
460 3735 633 3788 αὐτοῦ
671 3734 961 3808 γενομένη,
1014 3731 1064 3786 εἴ
1116 3732 1205 3786 ναὶ
1257 3729 1344 3785 διὰ
1393 3735 1488 3784 106
1542 3728 1808 3803 μεμίχθαι
1837 3733 1952 3789 τοῖς

289 3823 570 3892 αἰσθητοῖς
625 3819 687 3876 06
732 3821 906 3890 πάντη
960 3819 1144 3887 κακὸν,
1192 3821 1319 3874 οὐτε
1365 3819 1539 3888 πάντη
1600 3818 1820 3891 ἀγαθὸν,
1879 3816 1952 3878 ὡς

290 3908 455 3980 δηλοῖ
486 3909 578 3964 διὰ
608 3910 672 3963 τὸ
705 3907 928 3962 ἄστατον
967 3929 979 3942 ο
1041 3904 1155 3981 ἔχει
1210 3908 1304 3978 μὲν
1341 3907 1440 3981 γὰρ
1496 3906 1557 3959 τὸ
1604 3905 1765 3958 κακὸν
1792 3903 1842 3958 ἐν
1873 3903 1952 3975 τῷ

293 4000 530 4071 ἀστάτῳ,
560 3995 754 4072 λερίδα
787 3995 843 4051 δὲ
897 4000 993 4051 τοῦ
1043 3998 1263 4071 ἀγαθοῦ,
1325 3991 1511 4062 ἐπειδὴ
1561 3993 1649 4047 καὶ
1685 3993 1787 4047 ὑπὸ
1818 3996 1951 4047 Θεοῦ

288 4090 585 4163 παρήχθη,
619 4088 706 4141 καὶ
761 4085 814 4140 ἐν
876 4089 990 4156 Θεῷ
1050 4083 1161 4138 ἐστι
1197 4101 1209 4114 ·
1266 4083 1563 4138 αὐτὸκακον
1625 4083 1713 4151 (οὐ
1741 4080 1948 4155 λέγωή

291 4181 473 4244 κακία,
506 4177 635 4245 ἥτις
667 4177 743 4236 ὡς
775 4171 915 4236 εἶδος
942 4175 1029 4228 καὶ
1055 4174 1288 4242 ποιότης
1321 4166 1602 4243 συμϐαίνει
1632 4174 1712 4242 τῷ
1742 4169 1952 4243 λογικῷ

287 4265 374 4319 καὶ
413 4259 840 4338 ἁποσυμϐαίνει,
866 4259 993 4315 ἀλλ’
1024 4260 1154 4315 αὐτὸ
1193 4262 1254 4314 τὸ
1297 4257 1486 4320 ἁπλῶς
1517 4258 1704 4329 κακὸν)
1746 4255 1867 4311 οὕτε
1899 4257 1948 4311 ἐν

285 4362 401 4409 τοις
435 4353 587 4410 οὖσιν
620 4353 752 4417 ἐστι,
785 4357 904 4412 τοῖς
938 4352 1186 4405 ὁπωσοῦν
1248 4348 1554 4426 ἐφιεμένοις
1603 4351 1698 4402 τοῦ
1730 4348 1948 4422 ἀγαθοῦ,

292 4444 412 4498 οὔτε
440 4443 492 4498 ἐν
520 4447 643 4505 τοῖς
667 4443 742 4515 μὴ
769 4439 940 4508 οῦσιν,
966 4439 1081 4494 ἀντὶ
1108 4443 1205 4493 τοῦ
1229 4436 1278 4492 ἐν
1302 4443 1418 4498 τοῖς
1454 4435 1662 4496 ὑλικοὶς
1695 4436 1767 4495 ὡς
1795 4456 1948 4489 νοου-

291 4534 480 4604 μὲνοις
515 4531 565 4586 ὲν
598 4535 678 4602 τῷ
713 4527 1016 4605 ὑπερουσίῳ
1050 4545 1062 4559 ·
1097 4526 1241 4582 ἀλλὰ
1261 4529 1350 4580 καὶ
1381 4530 1476 4579 τοῦ
1503 4527 1578 4597 μή
1599 4520 1774 4590 ὄντος,
1796 4522 1950 4578 ὅέστι

2062 3378 2637 3449 superessentialiter
2667 3395 2770 3434 ens
2801 3379 3036 3445 dicitur,
3069 3387 3135 3436 ut
3165 3381 3290 3435 sine
3321 3381 3629 3452 principio,
3655 3387 3713 3436 et

2061 3467 2324 3522 omnium
2358 3483 2555 3533 causa,
2574 3468 2932 3539 oppositum,
2950 3474 3013 3523 ut
3039 3474 3360 3524 extremum
3383 3470 3630 3535 entium,
3654 3475 3707 3524 et

2063 3555 2187 3610 sine
2246 3555 2604 3624 substantia,
2656 3560 2856 3626 utpote
2908 3557 3024 3611 Deo
3072 3557 3553 3625 superessentiali
3611 3574 3706 3612 ex-

2062 3644 2326 3711 sistente,
2353 3642 2409 3696 id
2441 3648 2530 3698 est
2579 3647 2843 3711 materia,
2875 3648 2931 3697 et
2961 3660 3075 3698 non
3128 3661 3231 3698 ens
3280 3645 3516 3710 dicitur,
3551 3662 3615 3699 ac
3646 3645 3704 3699 in

2061 3731 2177 3786 Deo
2210 3729 2449 3797 dicitur,
2475 3747 2573 3800 per
2598 3730 2917 3785 bonitatem
2953 3733 3080 3801 ejus
3121 3735 3401 3798 creatum,
3427 3733 3535 3786 etsi
3567 3749 3705 3802 pro-

2061 3825 2189 3890 pter
2218 3819 2548 3874 mistionem
2600 3834 2733 3873 cum
2788 3818 3108 3873 sensilibus
3142 3836 3256 3873 non
3309 3836 3550 3889 prorsus
3581 3836 3705 3874 ma-

2059 3907 2206 3973 lum,
2243 3921 2428 3976 neque
2476 3921 2718 3977 prorsus
2765 3905 3006 3972 bonum,
3040 3911 3107 3960 ut
3149 3905 3406 3961 declarat
3433 3905 3494 3960 τὸ
3543 3907 3706 3960 ἄστα-

2057 4013 2182 4063 10v;
2208 4011 2338 4050 nam
2366 3993 2586 4048 malum
2612 3993 2669 4047 in
2694 3993 3083 4048 instabilitate
3108 4000 3332 4066 partem
3352 3997 3487 4052 boni
3511 3996 3704 4065 habet,

2061 4083 2338 4154 quoniam
2378 4086 2434 4136 et
2475 4099 2508 4136 a
2558 4087 2668 4137 Deo
2719 4082 3068 4153 productum
3121 4088 3210 4139 est
3257 4090 3433 4156 atque
3481 4085 3542 4140 in
3594 4085 3706 4140 Deo

2061 4178 2181 4231 est:
2215 4173 2368 4242 quod
2403 4177 2597 4226 autem
2631 4187 2732 4242 per
2773 4187 2832 4226 se
2877 4171 3096 4226 malum
3131 4173 3269 4244 (non
3303 4174 3431 4228 dico
3462 4173 3709 4243 malitia,

2062 4278 2187 4332 quas
2226 4260 2401 4314 veluti
2463 4261 2648 4314 forma
2695 4264 2751 4315 et
2806 4260 3062 4331 qualitas
3123 4261 3392 4318 rationali
3443 4264 3607 4318 adest
3657 4267 3713 4318 et

2062 4350 2249 4421 abest)
2280 4350 2378 4406 sed
2422 4349 2619 4421 ipsum
2672 4349 3020 4421 simpliciter
3051 4351 3272 4406 malum
3324 4366 3510 4421 neque
3556 4351 3712 4406 inter

2061 4439 2219 4493 entia
2250 4444 2339 4493 est
2369 4455 2498 4509 quae
2543 4438 2979 4509 aliquantulum
3013 4445 3298 4510 appetunt
3327 4440 3569 4509 bonum,
3601 4457 3704 4494 ne-

2060 4541 2171 4595 que
2203 4526 2354 4580 inter
2385 4542 2499 4580 non
2537 4524 2717 4590 entia,
2745 4541 2848 4595 pro
2880 4524 2939 4578 in
2973 4526 3372 4580 materialibus
3420 4530 3483 4580 ut
3511 4526 3568 4580 in
3603 4544 3702 4580 su-

285 4628 386 4690 τῆς
422 4622 584 4690 ὕλης,
617 4621 682 4674 τὸ
728 4619 891 4673 κακὸν
936 4615 1102 4672 πλέον
1154 4616 1421 4693 ἀφέστηκε
1465 4617 1556 4668 τοῦ
1602 4614 1822 4688 ἀγαθοῦ,
1855 4611 1942 4666 καὶ

2063 4613 2461 4686 peressentiali
2493 4612 2934 4685 intelliguntur;
2988 4615 3088 4668 sed
3135 4615 3314 4668 etiam
3365 4630 3478 4668 non
3529 4614 3701 4683 entis,

286 4708 429 4764 ἔστιν
488 4710 730 4764 ἐντεῦθεν
789 4707 1014 4768 εἰκότως
1088 4703 1478 4777 ἁνουσιώτερον
1531 4705 1628 4771 τῆς
1679 4700 1840 4770 ὅλης,
1885 4703 1946 4755 τὸ

290 4798 422 4852 αὐτὸ
454 4798 621 4852 κακὸν
654 4798 731 4858 ὡς
763 4797 937 4864 πάντη
990 4790 1145 4848 οὐδὲν
1188 4788 1266 4848 6v.
1315 4793 1394 4848 T6
1436 4793 1527 4846 οὖν
1567 4789 1755 4851 ἁπλῶς
1787 4789 1949 4844 αὐτό-

282 4909 453 4941 κακον
489 4884 715 4958 οὐδαμῆ
741 4881 999 4956 οὐδαμῶς
1031 4903 1042 4916 ·
1076 4882 1138 4936 τὸ
1171 4879 1228 4936 δὲ
1256 4884 1355 4946 τῆς
1385 4879 1523 4950 ὕλης
1554 4880 1673 4934 κατ’
1702 4875 1947 4952 ἔλλειψιν

281 4983 387 5044 τῆς
430 4977 798 5050 ἀγαθότητος,
859 4973 992 5036 καθὸ
1052 4972 1140 5025 καὶ
1206 4969 1523 5038 ἀναίσθητος
1574 4967 1661 5022 καὶ
1720 4965 1952 5029 ἁνείδεος

282 5063 479 5137 ὁρᾶται
509 5065 554 5098 ⁸³
586 5083 598 5094 ο
631 5060 752 5124 ὅθεν
784 5061 999 5129 νοήσεις
1037 5059 1123 5111 xui
1177 5058 1238 5111 16
1276 5056 1420 5129 παρὰ
1453 5051 1676 5110 Ἀϐὂίου
1704 5061 1782 5127 τῷ
1813 5077 1950 5130 προ-

281 5153 434 5228 φήτῃ
500 5150 805 5225 εἰρημένον.
860 5148 967 5203 Καὶ
1038 5142 1250 5201 ἔσονται
1316 5146 1390 5207 ὡς
1455 5146 1528 5218 μὴ
1591 5139 1758 5213 ὄντες,
1818 5145 1952 5221 πρὸς

271 5240 407 5302 τοὺς
444 5237 810 5316 ἁμαρτωλοὺς
845 5233 1124 5307 δηλονότι.

2060 4704 2214 4774 quod
2246 4707 2335 4758 est
2359 4701 2637 4771 materiae,
2664 4701 2886 4757 malum
2917 4702 3049 4773 plus
3081 4702 3257 4757 distat
3287 4720 3317 4756 a
3350 4702 3522 4770 bono,
3546 4703 3701 4757 ideo-

2060 4808 2173 4862 que
2204 4793 2400 4862 ipsum
2435 4808 2548 4846 non
2583 4808 2687 4846 ens
2729 4792 2935 4846 merito
2968 4790 3378 4864 ἀνουσιώτερον,
3412 4807 3513 4846 seu
3547 4797 3704 4846 caret

2060 4879 2312 4936 essentia
2343 4879 2531 4951 magis
2562 4896 2738 4950 quam
2773 4880 3036 4949 materia,
3069 4884 3133 4933 ut
3161 4880 3399 4934 omnino
3431 4897 3545 4934 non
3576 4897 3700 4935 ens.

2061 4971 2261 5041 Ipsum
2293 4968 2474 5040 igitur
2505 4967 2850 5036 simpliciter
2882 4967 3103 5022 malum
3155 4967 3314 5021 nullo
3364 4969 3536 5022 modo
3565 4973 3654 5023 est
3689 4985 3703 5022 :

2062 5058 2283 5113 malum
2317 5063 2512 5111 autem
2547 5055 2799 5109 materia:
2832 5059 2920 5109 est
2951 5055 3178 5108 defectu
3220 5055 3522 5126 bonitatis,
3555 5057 3709 5112 sicut

2061 5148 2235 5203 etiam
2270 5161 2445 5201 sensu
2479 5147 2536 5198 et
2564 5144 2751 5198 forma
2781 5158 2986 5196 carens
3018 5142 3282 5198 videtur:
3317 5145 3472 5200 unde
3501 5141 3711 5199 intelliL

2061 5252 2163 5308 ges
2194 5234 2339 5289 illud
2372 5232 2572 5287 Abdiaa
2617 5230 2913 5302 prophetae
2951 5230 3189 5286 effatum
3221 5249 3275 5286 v.
3312 5233 3376 5286 16
3410 5249 3423 5286 :
3457 5235 3523 5288 Et
3548 5239 3710 5289 erant

2063 5335 2332 5398 tanquam
2388 5337 2500 5376 non
2556 5323 2754 5376 essent.
2812 5318 3101 5378 Nimirum
3161 5321 3234 5377 de
3297 5323 3705 5393 peccatoribus

2063 5414 2201 5486 agit.

1329 5587 1569 5645 VARUS
1598 5588 1988 5645 LECTIONES
2012 5585 2099 5645 ET
2127 5582 2675 5642 CORRECTIONES.

353 5723 398 5758 ⁸⁸
437 5716 698 5795 προνοίας
732 5713 917 5784 οὔσης.
993 5715 1038 5750 ⁸³
1068 5711 1376 5768 αἰνίττεται.
1453 5714 1497 5749 ⁸³
1528 5717 1828 5788 θεωρεῖται.
