4000 6200
310 424 415 480 275

1133 423 1499 479 APPENDIX
1534 423 1631 476 AD
1668 417 1909 473 OPERA
1946 414 2006 468 Β.
2046 412 2362 469 DIONYSII
2401 410 2899 469 AREOPAGITE.

3620 409 3729 465 276

390 548 536 608 Unde
564 547 747 619 igitur
776 556 858 604 est
883 547 1110 604 malum.
1134 546 1282 602 Hinc
1304 542 1730 619 oppositionem
1757 553 1965 612 propo-

2150 535 2317 589 Πόθεν
2376 534 2467 589 οῦν
2540 533 2651 590 ἐστι
2725 535 2789 589 τὸ
2858 533 3046 588 κακόν.
3107 532 3379 596 Ἐντεῦθεν
3453 532 3727 589 ἀντίθεσιν

316 656 485 708 nens,
510 639 1006 712 oppugnationem
1061 637 1189 691 fuse
1240 642 1463 691 exercet
1503 638 1785 703 tanquam
1832 644 1966 699 pro-

320 729 502 786 babili
540 729 739 784 nixam
772 731 1154 800 argumento;
1182 725 1231 781 si
1256 724 1412 781 enim
1463 740 1578 778 non
1611 716 1968 777 concesseri-

321 835 455 874 mus
471 817 696 888 aliquid
715 833 843 872 esse
857 815 1101 888 pulchro
1121 813 1504 877 contrarium,
1536 811 1593 865 id
1618 813 1707 864 est
1721 806 1964 871 malum,

322 924 439 964 non
469 908 700 963 videtur
725 906 947 961 bonum
978 905 1188 970 virtus,
1221 904 1320 958 sed
1345 900 1671 973 permistim
1691 895 1965 952 indistin-

321 1000 416 1053 cta
442 1000 615 1052 erunt
643 996 862 1063 omnia,
888 1008 1077 1063 neque
1105 991 1317 1047 virtute
1346 990 1603 1054 laudata,
1623 1002 1812 1058 neque
1829 1000 1965 1039 con-

323 1086 501 1140 trario
533 1083 907 1156 reprehenso,
928 1082 1080 1137 sicut
1109 1097 1225 1135 non
1256 1079 1571 1135 exsistente
1602 1075 1747 1147 lege,
1779 1088 1967 1143 neque

322 1178 632 1245 peccatum
665 1171 774 1228 erit
807 1188 819 1225 :
854 1187 1012 1225 nunc
1043 1175 1241 1225 autem
1272 1182 1571 1240 apponens
1603 1164 1683 1220 ait
1717 1181 1729 1219 :
1761 1163 1819 1218 Si
1852 1178 1966 1216 non

323 1262 662 1317 dederimus
695 1259 915 1315 malum
960 1276 1089 1315 esse
1116 1259 1266 1314 bono
1322 1254 1703 1321 contrarium,
1744 1252 1964 1307 bonum

321 1350 433 1406 erit
463 1349 575 1407 sibi
618 1349 730 1421 ipsi
784 1348 1145 1405 contrarium
1193 1346 1254 1401 in
1285 1345 1358 1401 iis
1411 1342 1513 1416 qui
1561 1343 1789 1399 defectu
1829 1339 1966 1395 boni

232 1474 237 1481 ο
322 1444 589 1510 peccant,
623 1439 740 1494 imo
773 1442 908 1493 ante
939 1436 1337 1509 operationem
1367 1432 1599 1489 virtutis
1626 1430 1735 1486 viri
1755 1429 1969 1485 virtute

324 1527 579 1598 praaditi,
595 1527 957 1582 advertimus
979 1528 1214 1597 peccata
1239 1522 1300 1578 in
1333 1522 1532 1579 anima
1552 1521 1681 1590 ejus
1707 1537 1740 1576 a
1759 1520 1971 1574 virtute

325 1615 613 1687 distingui
636 1632 649 1680 ;
684 1615 918 1685 quando
938 1614 1094 1668 enim
1109 1629 1244 1685 pars
1267 1609 1569 1667 rationalis
1587 1608 1814 1673 animas,
1839 1623 1969 1677 pro-

328 1704 456 1776 pria
493 1706 791 1775 operatur,
836 1719 870 1758 a
899 1700 1061 1757 nullo
1093 1701 1314 1756 bonum
1363 1698 1711 1770 impeditur;
1736 1695 1971 1768 quando

325 1808 460 1848 vero
488 1808 626 1863 pars
651 1789 1010 1847 irrationalis
1031 1789 1240 1845 animae
1262 1805 1387 1859 quae
1415 1787 1694 1842 miscetur
1718 1785 1774 1839 in
1795 1788 1975 1839 mate-

328 1880 415 1935 ria
436 1883 493 1936 et
535 1895 797 1951 corpore,
839 1877 1177 1943 invaluerit,
1211 1880 1339 1931 tum
1396 1874 1665 1930 rationali
1700 1872 1972 1946 prohibe-
2004 1903 2050 1968 Β

326 1972 427 2024 tur
465 1967 698 2041 proprie
726 1967 954 2040 operari
989 1984 1002 2021 :
1045 1982 1182 2037 ergo
1213 1963 1572 2020 irrationalis
1603 1978 1736 2033 pars
1765 1978 1832 2017 ex
1862 1961 1970 2015 mi-

328 2056 521 2112 stione
550 2072 683 2111 cum
735 2054 980 2110 materia
1027 2052 1307 2122 inﬁcitur,
1341 2051 1643 2107 rationalis
1674 2066 1807 2106 vero
1855 2066 1972 2104 non

326 2146 482 2217 quod
512 2144 770 2200 materiae
801 2143 1275 2211 commisceatur,
1299 2141 1401 2197 sed
1422 2140 1558 2212 quia
1587 2140 1645 2194 in
1667 2138 1970 2194 materiam

325 2234 666 2306 propendet,
698 2233 757 2287 id
788 2236 870 2288 est
893 2229 1219 2287 irrationali
1254 2230 1429 2297 cedit,
1457 2244 1643 2300 neque
1663 2228 1851 2299 ipsam
1878 2244 1973 2283 co-

325 2322 510 2389 hibet,
531 2321 807 2389 inficitur,
824 2335 926 2376 seu
950 2319 1106 2375 mala
1125 2319 1407 2389 efﬁcitur;
1427 2319 1582 2373 sicut
1596 2317 1972 2384 oculus,dum

323 2415 465 2465 sunt
496 2411 773 2479 tenebre,
808 2409 1157 2482 prohibetur
1200 2408 1429 2474 videre;
1463 2408 1572 2462 hoc
1602 2407 1757 2462 I46
1796 2406 1976 2476 igitur

322 2514 441 2555 non
476 2499 863 2563 demonstrat,
887 2513 1031 2553 num
1062 2496 1218 2568 quod
1241 2502 1352 2562 est,
1376 2511 1479 2565 per
1499 2512 1561 2551 se
1584 2496 1804 2551 malum
1829 2494 1974 2550 sub-

325 2588 519 2642 sistat.
551 2586 676 2642 Non
709 2586 865 2641 enim
890 2584 1044 2656 quod
1079 2576 1254 2638 alicui
1293 2582 1617 2648 malum,id
1649 2585 1737 2636 est
1768 2597 1870 2652 per
1913 2595 1974 2635 se

324 2673 570 2740 malum,
595 2673 696 2729 sed
719 2673 895 2728 etiam
929 2671 1156 2727 malitia
1178 2676 1268 2726 est
1293 2670 1517 2742 species
1538 2674 1595 2724 et
1617 2670 1887 2725 accidens
1906 2685 1975 2724 ex

325 2762 480 2818 malo
513 2779 527 2818 :
562 2761 897 2818 accessione
920 2760 1078 2816 enim
1128 2760 1195 2815 fit
1224 2764 1291 2814 ut
1338 2758 1484 2813 illud
1519 2758 1604 2813 vel
1636 2759 1795 2813 istud
1831 2758 1972 2829 quid

326 2852 724 2908 constituatur
754 2866 768 2904 :
803 2853 889 2919 ut,
938 2848 1223 2919 iniquitas
1255 2847 1490 2918 quidem
1536 2847 1741 2901 anima:
1772 2853 1861 2902 est
1889 2847 1971 2901 vi-

306 2940 495 3005 tium,
524 2953 852 3009 rursusque
874 2938 1102 3008 species
1132 2935 1457 3007 iniquitatis
1486 2937 1972 3005 sunt§secundum

324 3026 631 3083 materiam
664 3026 995 3098 appetitus;
1027 3025 1126 3079 ille
1154 3025 1310 3081 enim
1353 3024 1505 3079 circa
1545 3024 1846 3095 pecunias,
1879 3023 1972 3079 hic

321 3119 520 3171 autem
545 3115 701 3169 circa
732 3114 985 3169 honores
1015 3112 1257 3180 accidit;
1290 3112 1470 3182 hujus
1513 3128 1745 3183 quoque
1775 3128 1972 3167 acces-

323 3203 488 3259 sione
519 3202 745 3274 species
787 3200 1076 3257 malorum
1128 3201 1306 3255 etiam
1341 3218 1375 3256 a
1408 3201 1674 3271 partibus
1721 3201 1964 3268 animae;

2076 625 2369 697 προτιθεὶς,
2416 621 2667 685 πλατέως
2713 622 2976 697 γυμνάζει
3024 623 3124 690 τὴν
3175 621 3526 695 ὑπόκρουσιν,
3572 622 3727 694 ὠςίξ

2076 710 2477 789 εὐλογαφανοῦς
2524 708 2844 774 ἀντιθέσεως
2878 731 2890 745 ·
2940 711 2985 766 εἰ
3033 712 3134 786 γὰρ
3188 711 3264 782 μὴ
3312 708 3543 783 δοίημεν
3594 710 3731 765 εἷναί

2074 820 2124 853 τι
2170 805 2249 872 τῷ
2296 799 2451 873 καλῷ
2499 801 2757 866 ἐναντιον,
2806 801 3050 856 τουτέστι
3093 799 3157 854 τὸ
3198 801 3386 864 κακὸν,
3419 798 3521 854 οὐκ
3551 798 3731 877 ὀφθή-

2077 908 2221 943 σεται
2254 891 2450 964 ἀγαθὸν
2492 892 2526 959 ἡ
2579 891 2764 965 ἀρετὴ,
2825 889 2949 945 ἀλλ’
2998 887 3191 961 ἀναμὶξ
3246 885 3535 963 ἀδιάκριτα
3581 886 3731 943 ἔσται

2074 978 2267 1047 πάντα,
2319 976 2441 1033 οὔτε
2488 981 2651 1055 ἀρετῇ
2675 982 2725 1016 ⁸⁸
2767 977 3184 1050 ἐπαινουμένης,
3242 976 3368 1031 οὔτε
3421 982 3521 1031 τοῦ
3578 976 3735 1032 ἐναν-

2072 1065 2193 1120 τίου
2214 1070 2411 1140 ψεκτοῦ
2440 1063 2593 1130 ὄντος
2627 1086 2640 1099 ’
2674 1066 2857 1138 ὥσπερ
2895 1068 2971 1139 μὴ
3002 1063 3157 1128 ὄντος
3186 1066 3380 1139 νόμου,
3404 1066 3531 1121 οὕτε
3552 1067 3736 1142 ἆμαρ-

2072 1155 2164 1210 τία
2219 1153 2387 1213 ἔσται.
2443 1161 2547 1211 Νῦν
2595 1154 2652 1212 δέ
2695 1178 2857 1232 φησιν
2905 1158 2933 1210 ὁ
2977 1155 3227 1226 ἀντιθεὶς,
3282 1155 3331 1211 εἷ’
3380 1159 3455 1228 μή
3499 1154 3735 1229 δοιημεν

2073 1246 2236 1300 κακὸν
2295 1244 2528 1300 ἐναντίον
2581 1251 2660 1317 τῷ
2727 1247 2932 1321 ἀγαθῷ,
3004 1243 3148 1300 ἔσται
3226 1245 3360 1300 αὐτὸ
3402 1245 3467 1301 τὸ
3530 1246 3738 1321 ἀγαθὸν

2076 1332 2313 1388 ἐναντίον
2372 1335 2547 1407 ἑαυτῷ
2603 1332 2653 1388 ἐν
2728 1338 2847 1397 τοῖς
2901 1340 3017 1388 κατ’
3071 1328 3322 1407 ἔλλειψιν
3375 1339 3472 1388 τοῦ
3521 1335 3738 1408 ἀγαθοῦ

2075 1423 2470 1498 ἁμαρτάνουσιν
2507 1441 2521 1455 ·
2556 1421 2701 1478 ἀλλὰ
2746 1422 2836 1478 καὶ
2884 1423 2991 1499 πρὸ
3038 1429 3138 1492 τῆς
3182 1422 3456 1497 ἐνεργείας
3480 1429 3583 1493 τῆς
3602 1424 3740 1499 ἀρε-

2076 1512 2175 1579 τῆς
2199 1515 2296 1565 τοῦ
2335 1510 2586 1587 ἐναρίτου
2632 1513 2922 1588 ἀνθρώπου
2975 1512 3193 1587 ὁρῶμεν
3235 1510 3287 1566 ἰν
3345 1516 3414 1586 τῇ
3452 1515 3608 1587 ψυχῇ
3632 1513 3739 1569 αὐ-

2075 1603 2174 1653 τοῦ
2207 1597 2620 1675 διακεκριμένοις
2665 1608 2767 1671 τῆς
2814 1602 3013 1675 ἀρετῆς
3061 1601 3157 1664 τὰς
3207 1599 3400 1664 κακίας
3430 1620 3443 1633 ’
3476 1600 3601 1655 ὅταν
3638 1602 3743 1673 μὲν

2078 1690 2183 1763 γὰρ
2212 1690 2274 1743 τὸ
2324 1688 2542 1763 λογικὸν
2598 1691 2764 1763 μὲρος
2815 1695 2915 1758 τῆς
2966 1692 3153 1763 ψυχῆς
3188 1689 3255 1743 τά
3301 1688 3475 1744 οἰκεῖα
3514 1688 3736 1765 ἐνεργῇ.

2080 1776 2158 1839 εἲς
2189 1775 2341 1831 οὐδὲν
2370 1782 2476 1833 τῶν
2510 1780 2718 1853 ἀγαθῶν
2753 1776 3105 1849 ἐμποδίζεται
3139 1796 3153 1810 ·
3199 1777 3324 1832 ὅταν
3358 1775 3414 1833 δὶ
3439 1778 3501 1833 τὸ
3532 1776 3743 1854 ἄλογον

2085 1864 2246 1939 μέρος
2299 1873 2397 1936 τῆς
2445 1869 2649 1942 ψυχῆς,
2710 1865 2842 1941 ὅπερ
2904 1868 3151 1939 μίρικται
3198 1866 3303 1940 ὕλῃ
3349 1867 3439 1921 καὶ
3487 1868 3739 1940 σώματι,

2080 1955 2364 2029 ἐπικρατῇ,
2391 1955 2513 2010 τότε
2560 1952 2908 2027 ἒμποδίζεται
2942 1957 3004 2010 τὸ
3050 1954 3268 2030 λογικὸν
3320 1955 3535 2017 οἰκείως
3582 1955 3741 2031 ἆνερ-

2078 2048 2214 2119 γεῖν.
2249 2043 2538 2098 Κακύνεται
2571 2044 2663 2098 οὖν
2693 2043 2757 2098 τὸ
2788 2042 2989 2118 ἄλογον
3048 2042 3109 2098 ἐκ
3157 2050 3258 2113 τῆς
3286 2044 3425 2119 πρὸς
3453 2045 3557 2113 τὴν
3587 2042 3741 2115 ὕλην

2081 2131 2355 2204 ἐπιμιξίας
2381 2150 2395 2164 ⁶
2415 2131 2478 2186 τὸ
2509 2129 2565 2186 δὲ
2596 2130 2820 2205 λογικὸν
2854 2130 2915 2186 οὐ
2943 2136 3025 2204 τῷ
3070 2132 3340 2207 μεμίχθαι
3371 2136 3439 2206 τῇ
3472 2130 3595 2206 ὕλῃ,
3632 2132 3745 2187 ἀλ-

2081 2221 2151 2277 λὰ
2190 2225 2269 2292 τῷ
2306 2220 2476 2275 νεύειν
2535 2221 2612 2283 εἰς
2664 2220 2825 2293 ὕλην,
2896 2222 3140 2277 τουτέστι
3208 2226 3286 2293 τῷ
3340 2219 3607 2276 ἐνδιδόναι
3655 2227 3746 2294 τῷ

2080 2308 2283 2383 ἀλόγῳ,
2331 2310 2421 2364 καὶ
2469 2311 2545 2383 μή
2600 2316 2814 2386 κρατεῖν
2864 2310 3052 2378 αὐτοῦ,
3104 2310 3412 2379 κακύνεται,
3459 2311 3533 2372 ὡς
3575 2307 3747 2383 ὄμμα

2080 2399 2305 2460 σκότους
2328 2393 2505 2469 ὄντος,
2538 2396 2808 2453 κωλύεται
2862 2400 2990 2475 ὁρᾷν
3024 2419 3038 2432 ο
3089 2400 3159 2454 οὐ
3200 2396 3461 2454 δείκνυσιν
3486 2399 3576 2454 οὗν
3611 2403 3746 2454 τοῦ-

2080 2508 2165 2559 το,
2197 2486 2242 2541 εἰ
2276 2488 2540 2562 ὑφξστηκε
2566 2488 2627 2541 τὸ
2672 2487 2972 2543 αύτόκακον
3006 2506 3019 2519 ’
3071 2486 3133 2542 ού
3177 2489 3278 2563 γάρ
3324 2488 3388 2542 τό
3418 2509 3522 2543 τινι
3561 2488 3736 2543 κακὸν

2080 2575 2226 2629 τοῦτ’
2255 2572 2461 2630 ἔστιτὸ
2496 2576 2819 2644 αὐτόκακον,
2874 2574 3020 2631 ἀλλά
3065 2577 3154 2631 καὶ
3197 2575 3356 2631 κακία
3403 2575 3545 2632 ιστῖν
3582 2574 3739 2638 εἶδος

2083 2666 2215 2720 οὑσα
2243 2666 2331 2720 καὶ
2383 2660 2730 2739 συμϐεϐηκὸς
2775 2670 2873 2722 τοῦ
2915 2669 3085 2721 κακοῦ
3117 2686 3130 2700 ·
3181 2672 3299 2729 ταῖς
3347 2668 3447 2741 γὰρ
3479 2668 3733 2741 προσθή-

2080 2775 2201 2817 καις
2258 2755 2572 2818 καθίσταται
2633 2754 2707 2815 είς
2761 2755 2823 2809 τὸ
2875 2751 3000 2809 τόδε
3053 2775 3103 2809 τι
3164 2755 3319 2820 εῖναι,
3377 2757 3493 2809 οἷον
3540 2752 3733 2811 ἀδικία

2085 2844 2180 2916 μὲν
2241 2846 2423 2919 ψυχῆς
2475 2842 2586 2898 ἐστι
2640 2843 2878 2919 πονηρία
2911 2863 2924 2876 ⁸
2975 2843 3067 2898 καὶ
3120 2844 3308 2912 πάλιν,
3356 2850 3459 2914 τῆς
3515 2842 3737 2907 ἀδικίας

2081 2930 2199 3002 εἷ’δη
2233 2933 2369 3007 πρὸς
2412 2934 2512 3000 τὴν
2556 2939 2658 3001 τῆς
2705 2931 2930 3006 ὁρίξεως
2986 2932 3123 3002 ὕλην
3151 2953 3163 2968 ο
3212 2936 3247 3002 ἡ
3302 2933 3395 3007 μὲν
3431 2933 3557 3008 γὰρ,
3603 2936 3733 3009 περὶ

2078 3022 2364 3096 χρήματα,
2396 3023 2430 3089 ἡ
2465 3017 2523 3074 δὲ
2568 3021 2692 3096 περὶ
2741 3020 2904 3093 τιμὰς
2950 3016 3257 3094 συμϐαίνει.
3310 3021 3518 3076 Γίνεται
3550 3019 3609 3076 δὲ
3638 3024 3737 3077 καὶ

2078 3109 2213 3163 κατά
2240 3111 2553 3182 προσθήκας
2600 3105 2716 3179 εἷ’δη
2768 3113 2947 3163 κακῶν
2992 3108 3081 3163 καὶ
3131 3110 3236 3164 ἀπὸ
3278 3113 3385 3165 τῶν
3425 3115 3604 3185 μερῶν
3631 3118 3736 3182 τῆς

2079 3200 2263 3271 ψυχῆς
2301 3216 2314 3229 ”
2342 3194 2517 3251 δειλία
2568 3198 2661 3269 μὲν
2704 3199 2829 3271 γὰρ,
2880 3196 2914 3265 ἥ
2970 3196 3239 3271 θρασύτης
3290 3198 3395 3253 ἀπὸ
3435 3204 3534 3253 τοῦ
3565 3210 3733 3273 θυμι-

322 3295 520 3348 metus
550 3288 787 3362 quidem
820 3294 879 3345 et
908 3289 1155 3345 audacia
1186 3290 1256 3344 ab
1287 3288 1589 3353 irascibili,
1618 3289 1966 3359 intempera-

2084 3263 2505 3357 rtodpézolaota
2561 3263 2619 3340 δὲ
2756 3263 3047 3356 ἤλιθιότης
3103 3263 3209 3342 ἀπδ
3264 3291 3361 3341 τοῦ
3405 3263 3737 3361 ἐπιθυμητι-

322 3380 406 3436 tio
436 3384 631 3436 autem
658 3382 715 3434 et
739 3377 1033 3434 stoliditaa
1055 3394 1087 3432 a
1111 3376 1580 3449 concupiscibili;
1605 3376 1753 3432 ﬁunt
1773 3381 1966 3432 autem

325 3467 502 3524 etiam
552 3466 776 3539 species
826 3465 1116 3522 malorum
1156 3465 1229 3521 ab
1260 3465 1728 3537 operationibus;
1778 3470 1969 3521 metus

327 3556 486 3612 enim
517 3564 606 3613 est
631 3556 813 3612 veluti
841 3555 1103 3611 defectus
1125 3553 1520 3610 animositatis
1540 3554 1599 3609 in
1627 3554 1968 3626 aggredien-

326 3646 422 3715 do,
455 3645 699 3702 audacia
727 3661 859 3701 vero
891 3658 1164 3700 excessus
1210 3643 1606 3699 animositatis
1654 3642 1710 3697 in
1763 3658 1967 3715 aggre-

323 3735 556 3803 diendo,
589 3732 1041 3805 intemperantia
1081 3737 1277 3788 autem
1310 3732 1368 3787 in
1402 3732 1705 3804 patiendo;
1743 3730 1967 3786 clarum

320 3823 506 3896 igitur
533 3826 641 3893 est,
665 3821 953 3893 quomodo
985 3820 1042 3875 in
1076 3820 1275 3876 anima
1303 3819 1479 3876 etiam
1513 3824 1647 3876 ante
1676 3819 1965 3891 operatio-

317 3928 421 3967 nes
468 3914 708 3983 peccata
749 3910 1194 3982 distinguantur
1240 3926 1273 3964 a
1322 3908 1664 3979 virtutibus,
1698 3908 1757 3963 in
1806 3913 1969 3980 parte

323 3998 597 4055 rationali
619 4002 677 4054 et
707 3997 1030 4054 irrationali
1051 3996 1281 4053 animae.
1307 3998 1437 4053 Haec
1459 4001 1652 4053 autem
1678 4013 1804 4068 quae
1828 4001 1969 4053 sunt

317 4085 680 4142 irrationalis
710 4085 883 4143 aliam
907 4086 1098 4158 legem
1122 4087 1292 4142 nobis
1313 4087 1634 4142 ostendunt
1654 4086 1837 4141 menti
1863 4086 1965 4141 ad-

314 4178 667 4243 versantem,
690 4174 846 4229 sicut
865 4174 1008 4230 dicit
1034 4174 1351 4245 Apostolus
1374 4176 1477 4246 (f);
1500 4178 1557 4229 et
1588 4174 1701 4229 nisi
1734 4190 1966 4247 compe-

318 4266 539 4331 scatur,
562 4261 908 4318 rationalem
931 4262 1345 4333 captivantem,
1374 4269 1439 4317 ut
1468 4264 1857 4319 ostendimus.

389 4352 429 4407 A
461 4350 696 4408 ratione.
724 4351 853 4416 Pro,
884 4365 1018 4405 cum
1051 4348 1321 4405 rationali
1353 4354 1516 4421 parte
1545 4350 1774 4406 animas.

388 4531 455 4586 Ει
487 4531 538 4586 si
564 4528 848 4600 corruptio
877 4543 1068 4584 rerum
1100 4528 1190 4583 sit.
1227 4531 1357 4595 Pro,
1387 4527 1436 4583 si
1466 4528 1526 4584 in
1559 4528 1735 4583 rebus
1768 4529 1964 4601 ipsum

2075 3379 2196 3432 κοῦ.
2232 3375 2439 3429 Δίνεται
2472 3372 2529 3429 δὶ
2558 3375 2648 3429 καὶ
2678 3375 2784 3429 ἀπὸ
2832 3379 2940 3429 τῶν
2977 3373 3256 3450 ἐνεργειῶν
3289 3373 3404 3447 εἷ’δη
3435 3381 3616 3432 κακῶν
3644 3398 3658 3412 ·
3691 3379 3728 3447 ἡ

2082 3464 2175 3535 μὲν
2203 3463 2303 3539 γὰρ
2351 3460 2530 3517 δειλία
2562 3465 2676 3517 οἷον
2718 3462 2842 3536 περὶ
2879 3464 2943 3517 τὸ
2986 3463 3159 3537 ὁρμᾷν
3203 3464 3344 3520 ἐστιν
3381 3462 3629 3539 ἔλλειψις
3659 3469 3727 3523 ³⁸.

2076 3555 2110 3621 ἡ
2146 3550 2203 3607 δὲ
2231 3553 2499 3629 θρασύτης
2558 3552 2681 3628 περὶ
2724 3554 2786 3606 τὸ
2835 3553 3007 3628 ὁρμᾷν
3056 3549 3335 3629 ὑπερϐολή
3372 3573 3385 3587 ο
3441 3557 3476 3624 ἡ
3505 3552 3566 3609 δὲ
3594 3557 3727 3610 ἀκο-

2077 3639 2257 3713 λασία,
2287 3642 2409 3717 περὶ
2464 3642 2526 3696 τὸ
2573 3641 2827 3716 πάσχειν.
2890 3643 3066 3719 Σαφές
3116 3640 3208 3697 οῦν
3255 3641 3464 3718 γέγονε,
3506 3648 3626 3705 πῶς
3672 3643 3728 3698 ὲν

2074 3733 2228 3804 ψυχῇ
2259 3731 2346 3785 καὶ
2394 3732 2500 3805 πρὸ
2547 3729 2816 3805 ἐνεργείας
2860 3728 3189 3807 διακέκριται
3219 3731 3286 3786 τὰ
3326 3731 3464 3786 κακά
3509 3729 3571 3786 ἰκ
3615 3736 3727 3786 τῶν

2075 3820 2299 3894 ἀρετῶν,
2331 3816 2418 3873 δίὰ
2463 3823 2560 3874 τοῦ
2608 3818 2810 3895 ἀλόγου
2853 3820 2941 3874 καὶ
2991 3824 3087 3874 τοῦ
3129 3819 3355 3895 λογικοῦ
3407 3825 3590 3895 μερῶν
3637 3817 3730 3875 ὅν-

2071 3928 2177 3962 των
2208 3914 2310 3977 τῆς
2338 3911 2546 3984 ψυχῆς.
2598 3911 2779 3965 Ταῦτα
2828 3905 2886 3962 δὶ
2933 3908 3002 3963 τά
3046 3912 3142 3963 τοῦ
3193 3908 3398 3983 ἀλόγου
3430 3904 3614 3984 ἓτερον
3641 3910 3733 3964 νό-

2079 4017 2177 4069 μον
2239 3994 2502 4051 δείκνυσιν
2559 3999 2695 4069 ἡμῖν
2749 3995 3291 4073 ἀντιστρατευόμενον
3355 3996 3436 4068 τῷ
3493 4001 3595 4067 νῶ,
3655 3999 3734 4060 ὥς

2075 4086 2289 4161 φησινὸ
2340 4085 2696 4153 Ἀπόστολος,
2741 4084 2832 4140 καὶ
2879 4084 2932 4140 ἰν
2981 4089 3060 4157 τῷ
3114 4086 3190 4158 μή
3234 4086 3547 4160 κρατεῖσθαι
3595 4086 3733 4161 αἰχ-

2080 4170 2465 4246 μαλωτεύοντα
2491 4174 2554 4228 τὸ
2586 4173 2833 4248 Λογικὸν,
2862 4174 2935 4236 ὡς
2965 4171 3339 4246 ἀπεδείξαμεν.

2144 4350 2286 4424 Πρὸς
2316 4351 2408 4406 τὸν
2463 4348 2648 4426 λόγον.
2706 4349 2852 4407 Ἀντί
2897 4354 3017 4420 τοῦ,
3074 4350 3212 4427 πρὸς
3258 4351 3321 4407 τὸ
3368 4350 3593 4427 λογικὸν
3623 4356 3725 4418 τῆς

2074 4442 2262 4513 ψυχῆς
2299 4441 2482 4514 μέρος·

2144 4531 2247 4585 Καὶ
2304 4528 2353 4584 εἷ’
2403 4530 2577 4603 φθορά
2623 4528 2732 4584 ἐστι
2782 4532 2890 4584 τῶν
2951 4524 3144 4587 ὄντων.
3203 4531 3350 4585 Ἀντὶ
3401 4534 3520 4597 τοῦ,
3575 4530 3621 4584 εί
3675 4529 3729 4585 ἐν

320 4618 621 4691 corrumpi
651 4620 945 4685 cernatur,
970 4632 1070 4672 seu
1099 4615 1149 4671 si
1172 4614 1372 4688 aliqua
1396 4617 1619 4672 entiam
1644 4617 1966 4690 corruptio-

2084 4623 2188 4679 τοῖς
2216 4620 2331 4672 οῦσι
2362 4618 2424 4673 τὸ
2472 4617 2773 4695 φθείρεσθαι
2814 4618 3024 4694 ὁρᾶται,
3073 4617 3245 4693 ἤγουν
3275 4614 3329 4671 εἷ’
3351 4637 3472 4672 τινα
3499 4621 3607 4671 τῶν
3641 4617 3729 4673 5v-

319 4708 380 4765 ni
412 4707 778 4779 subjaceant,
812 4720 881 4760 ex
908 4704 1020 4760 hoc
1050 4704 1382 4760 ostenditur
1411 4707 1565 4777 quod
1598 4706 1820 4763 malum
1852 4708 1966 4764 sit:

316 4796 467 4853 illud
500 4795 664 4852 enim
693 4808 805 4850 non
833 4793 994 4863 ejicit
1023 4792 1133 4848 hoc
1166 4792 1478 4863 signiﬁcat.

392 4886 475 4941 An
503 4900 615 4941 non
651 4884 986 4955 frequenter.
1019 4881 1147 4936 Haec
1179 4880 1372 4936 adhuc
1421 4882 1490 4936 ad
1544 4883 1971 4955 oppositionem

320 4974 637 5047 pertinent,
669 4970 951 5028 nimirum
983 4970 1181 5042 potius
1210 4972 1268 5024 et
1305 4968 1364 5024 in
1399 4970 1570 5025 rebus
1600 4977 1690 5027 est
1718 4989 1784 5027 ac
1815 4974 1969 5029 exsi'

321 5065 426 5120 slit
451 5062 702 5131 malum;
735 5059 847 5117 etsi
876 5058 1032 5115 enim
1058 5057 1279 5113 malum
1314 5057 1392 5114 sit
1423 5074 1618 5115 rerum
1651 5062 1968 5132 corruptio,

324 5153 421 5208 sed
456 5168 571 5207 non
598 5155 797 5206 tamen
845 5155 935 5206 est
978 5148 1108 5221 ipsa
1158 5147 1479 5221 corruptio,
1505 5146 1663 5204 aliud
1693 5153 1783 5205 est
1812 5152 1966 5224 quod

322 5240 396 5296 ad
440 5238 878 5312 generationem
907 5238 1091 5302 ducit,
1121 5237 1297 5292 veluti
1347 5254 1520 5294 ovum
1569 5242 1968 5313 corrumpitur

324 5326 586 5399 quidem,
616 5327 718 5382 sed
766 5326 1373 5383 transsubstantiatur
1420 5327 1480 5382 in
1529 5343 1715 5398 avem,
1747 5332 1806 5385 et
1834 5330 1966 5388 faba

396 5476 466 5549 (Ι)
498 5479 661 5532 Rom.
692 5489 794 5543 v11,
824 5473 920 5530 23.

2078 4728 2186 4762 των
2220 4705 2498 4761 ὑπόκειται
2530 4710 2722 4784 φθορᾷ,
2758 4705 2817 4759 ἐκ
2858 4705 3053 4760 τούτου
3094 4702 3362 4760 δείκνυται
3404 4706 3467 4761 τὸ
3496 4708 3635 4761 εἶναι
3667 4709 3730 4762 τὸ

2080 4795 2242 4851 κακόν
2270 4814 2283 4829 ο
2316 4796 2377 4850 τὸ
2403 4796 2507 4870 γὰρ
2535 4793 2633 4849 ούκ
2652 4790 2906 4849 ἐκϐάλλει
2937 4798 3102 4849 τοῦτο
3133 4791 3321 4865 δηλοῖ.

2152 4887 2221 4941 ’Ή
2259 4884 2387 4960 ούχὶ
2445 4881 2739 4946 πολλάαις.
2800 4888 2917 4938 Ἔτι
2970 4889 3069 4952 τῆς
3129 4881 3446 4946 ἀντιθέσεώς
3504 4883 3607 4940 εἰσι
3636 4887 3727 4940 καὶ

2077 4978 2266 5043 ταῦτα,
2301 4974 2383 5028 δτι
2420 4970 2632 5046 μᾶλλον
2683 4971 2772 5027 καὶ
2820 4969 2875 5026 ἐν
2920 4976 3038 5029 τοῖς
3095 4971 3243 5026 οὗσίν
3289 4970 3422 5040 ἐστι,
3455 4974 3545 5029 καὶ
3574 4975 3634 5029 ’ὸν
3666 4976 3728 5029 τὸ

2076 5064 2239 5118 κακόν
2273 5082 2285 5095 ·
2319 5060 2415 5117 κᾶν
2445 5062 2544 5138 γὰρ
2575 5060 2637 5117 τὸ
2665 5060 2829 5115 κακὸν
2873 5059 3045 5138 φθορά
3093 5058 3203 5115 ἐστι
3233 5065 3339 5117 τῶν
3371 5056 3565 5129 ὄντων,
3600 5062 3726 5120 ἀλλ’

2077 5153 2167 5208 οῦν
2264 5151 2435 5229 φθορὰ
2492 5151 2649 5220 αὕτη,
2698 5146 2880 5224 ἓτερον
2929 5147 3036 5213 ἔσθ’
3080 5151 3168 5205 ὅτε
3225 5148 3304 5212 εἷς
3348 5148 3553 5225 γένεσιν
3587 5148 3725 5227 ἄγει,

2076 5245 2189 5297 οἷον
2222 5242 2312 5297 τὸν
2348 5239 2456 5295 ὠὸν
2514 5237 2785 5317 φθείρεταί
2835 5239 2954 5311 μὲν,
3000 5244 3506 5313 μεταστοιχειοῦται
3564 5238 3622 5295 δὲ
3649 5241 3728 5302 εἰς

2074 5330 2277 5400 πτηνόν
2312 5348 2326 5363 ⁸
2359 5328 2448 5383 καὶ
2480 5329 2508 5383 ὁ
2546 5325 2754 5400 κύαμος
2793 5322 2872 5397 δὲ,
2921 5327 3421 5402 καταμασσόμενος,
3449 5328 3540 5384 καὶ
3571 5328 3625 5384 ἐν
3657 5333 3725 5407 τῇ

1354 5571 1597 5632 VARUE
1636 5575 2028 5637 LEGTIONES
2064 5577 2157 5636 ET
2196 5573 2760 5636 CORRECTIONES.

396 5698 446 5735 ει
471 5693 689 5772 ἀρετῆς,
764 5692 809 5731 ⁸⁸
836 5692 873 5765 ἡ
908 5688 1003 5767 μὶν
1019 5689 1122 5771 γὰρ
1152 5690 1451 5773 ἀφροσύνη,
1485 5695 1599 5751 οἷον
1616 5695 1740 5776 περὶ
1768 5696 1832 5754 τὸ
1861 5696 1989 5779 ὅρᾷν
2009 5696 2208 5779 γίνεται
2238 5694 2360 5759 m.
