4000 6200
278 403 383 456 277

1035 407 1095 458 8.
1137 404 1404 457 MAXIM]
1443 406 1746 460 SCHOLIA
1783 407 1855 462 IN
1895 405 2030 458 LIB.
2071 404 2164 457 DE
2204 404 2478 464 DIVINIS
2517 404 2928 460 HOMINIBUS.

3580 399 3687 456 278

279 530 346 602 γῇ
403 525 808 601 κρυπτόμενος,
858 523 1390 600 μετασχηματίζεται
1445 526 1520 590 είς
1579 524 1822 605 ἐμϐρὺου
1855 529 1907 583 εἴη

2043 544 2170 600 quas
2192 527 2486 600 subigitur
2511 544 2578 583 ac
2605 528 2664 583 in
2686 532 2840 584 terra
2859 527 3205 593 occultatur,
3231 528 3688 599 transﬁguratur

280 611 389 678 δος·
420 618 513 670 καί
559 615 627 669 τὰ
677 615 904 688 σώματα
935 611 991 669 δέ
1039 616 1199 686 ἡμῶν
1247 613 1322 676 είς
1355 614 1666 685 σκώληκας·
1700 618 1789 672 καὶ
1817 614 1928 672 ’ἑτε-

279 724 342 778 ρα
376 708 514 775 ζῶα,
543 703 634 758 καί
665 701 810 758 ἄλλα
862 703 1024 778 μυρία
1065 707 1307 774 τοιαῦτα,
1341 704 1416 766 ὡς
1467 705 1623 761 ἵπποι
1669 707 1762 780 μὲν
1790 728 1926 785 σφη-

276 796 385 847 κῶν
413 792 646 868 γένεσις,
677 796 868 866 ταῦροι
898 789 955 846 δέ
991 791 1286 865 μελισσῶν.

344 882 449 938 Καὶ
507 881 656 936 ἔσται
712 882 776 936 τὸ
841 881 1025 937 κακόν.
1086 880 1250 944 Λύσις
1326 887 1432 937 τῶν
1506 879 1923 957 προϐληθεισῶν

273 970 616 1038 ἀντιθέσεων,
669 970 718 1026 εἴ
764 973 800 1038 ἡ
851 971 1027 1046 φθορὰ
1073 971 1261 1039 κακὸν,
1313 971 1517 1049 φθείρει
1566 972 1623 1026 δὲ
1664 975 1699 1040 ἡ
1750 974 1927 1050 φθορὰ

271 1059 447 1114 καὶτὸ
476 1059 669 1127 κακὸν,
714 1063 832 1120 πῶς
881 1054 1028 1113 ἔσται
1077 1061 1139 1114 τὸ
1179 1062 1346 1114 κακὸν
1392 1059 1521 1115 αὐτὸ
1563 1061 1719 1116 ἑαυτὸ
1768 1068 1924 1136 φθεῖ-

274 1169 362 1223 ρον
399 1167 414 1215 ;
450 1146 498 1202 εἶ
528 1147 630 1224 γὰρ
661 1147 713 1202 ἐν
745 1151 814 1222 τῇ
846 1146 950 1221 ὕλῃ
994 1149 1056 1202 τὸ
1103 1147 1290 1214 κακὸν,
1325 1146 1576 1221 εὔδηλον,
1609 1149 1684 1211 ὡς
1728 1151 1791 1204 τὸ
1837 1150 1921 1205 εῦ-

271 1237 662 1312 φθαρτότεροδ·
714 1234 821 1306 ὕλη
879 1232 936 1291 δέ
985 1235 1117 1290 ἐστι·
1149 1236 1239 1290 καὶ
1282 1241 1444 1292 τοῦτο
1487 1238 1644 1293 έαυτὸ
1692 1236 1920 1314 φθείρει·

271 1324 358 1380 διὰ
384 1329 559 1381 τοῦτο
589 1325 691 1401 γὰρ
722 1327 756 1394 ἡ
790 1325 896 1395 ὅλη
944 1323 1034 1379 καὶ
1085 1324 1330 1388 ἀνούσιος
1381 1326 1598 1402 λέγεται
1646 1327 1780 1382 κατὰ
1827 1328 1922 1380 ἀν-

267 1414 620 1488 τιπαράθεσιν
654 1417 750 1482 τῆς
809 1412 1134 1488 ὑπερουσίου
1179 1418 1276 1468 τοῦ
1323 1419 1458 1469 Θεοῦ
1489 1415 1691 1486 οὐσίας,
1725 1416 1799 1477 ὡς
1828 1417 1923 1471 αὖ·

265 1505 330 1573 τὴ
364 1505 580 1577 φθαρτή
631 1505 677 1540 ⁸⁸
729 1503 880 1573 οῦσα,
929 1503 1018 1557 καὶ
1073 1503 1176 1558 οῦκ
1228 1503 1308 1558 ἀεὶ
1363 1501 1516 1572 οὖσα,
1545 1504 1636 1558 καὶ
1682 1503 1918 1567 ἀνείδεος

263 1594 400 1647 κατὰ
429 1592 850 1666 ἀντιπαράθεσιν
893 1595 992 1647 τοῦ
1040 1589 1218 1654 εἴδους
1259 1595 1358 1646 τοῦ
1407 1597 1563 1660 Θεοῦ,
1595 1593 1668 1654 ὡς
1701 1591 1919 1648 έκᾶλεσε

265 1688 505 1750 Μωϋσῆς
527 1682 622 1735 τδν
656 1677 996 1753 δημιουργὸν
1029 1679 1224 1754 Λόγον.
1257 1680 1361 1735 Καὶ
1397 1682 1471 1753 μὴ
1517 1681 1576 1734 ὃν
1617 1677 1674 1734 8t
1704 1678 1915 1756 λέγεται

264 1771 297 1837 ἡ
357 1768 467 1839 ὕλη
529 1769 668 1823 κατὰ
723 1767 1135 1842 ἀντιπαράθεσιν
1189 1775 1289 1838 τῆς
1347 1769 1491 1832 θείας
1547 1770 1682 1824 κατᾶ
1730 1769 1914 1824 οὐσίαν

266 1857 569 1930 ὑπάρξεως.

332 2035 505 2102 ἓΧΧ·
563 2038 631 2102 ᾚ
683 2033 872 2090 κακόν.
938 2033 1012 2088 Τὸ
1069 2032 1105 2107 ᾖ
1157 2035 1322 2089 κακὸν
1380 2033 1496 2089 ἀντὶ
1553 2039 1649 2088 τοῦ
1704 2036 1822 2090 καθ’
1875 2035 1905 2090 ὃ

256 2121 420 2177 κακόν
431 2165 445 2178 .

325 2208 563 2268 Μᾶλλον
597 2207 673 2266 δέ.
710 2209 1050 2283 Σημείωσαι,
1075 2209 1158 2266 δτι
1216 2211 1306 2266 καὶ
1364 2211 1416 2267 ἐν
1464 2217 1581 2274 τοῖς
1612 2213 1780 2275 θείοις
1808 2211 1904 2269 λό-

251 2321 373 2375 γοις
396 2301 514 2354 ⁵⁷.⁸⁹
543 2297 830 2360 ἀκώλυτος
859 2301 894 2368 ἡ
927 2297 978 2370 ἐξ
1023 2297 1391 2374 ἐπιλογισμοῦ
1440 2305 1548 2355 τῶν
1594 2296 1905 2376 ἀκριϐεστέ-

252 2407 361 2462 ρων
393 2385 714 2464 παράδοσις·
750 2385 868 2442 ἰδοῦ
914 2388 1038 2464 γὰρ,
1071 2389 1146 2450 ὡς
1195 2389 1346 2460 ὁρᾷς,
1393 2390 1527 2462 μετὰ
1565 2390 1663 2458 τήν
1696 2388 1902 2454 ἔκθεσιν

251 2484 351 2547 τῆς
380 2478 652 2552 προτέρας
699 2477 928 2551 γνώμης
978 2476 1027 2550 ἐξ
1075 2476 1443 2553 ἐπιλογισμοῦ
1489 2477 1555 2532 τὰ
1598 2474 1906 2554 ἀκριϐέστε-

252 2585 319 2642 ρα
348 2563 746 2642 παραδίδωσιν.

322 2654 426 2710 Καὶ
486 2655 660 2728 ἀμιγῆ
719 2653 810 2708 καὶ
871 2652 1176 2730 ὁλόκληρα.
1230 2657 1315 2714 Τὰ
1383 2658 1476 2729 μὶν
1533 2655 1710 2732 ἀμιγῆ
1769 2657 1904 2732 ἀγα-

253 2745 320 2808 θὰ
373 2745 466 2798 καὶ
498 2742 734 2813 ὁλοτελῆ
771 2743 831 2799 έκ
877 2748 974 2798 τοῦ
1027 2743 1229 2818 ἀγαθοῦ
1277 2744 1537 2821 ἐγγίνεται
1588 2751 1705 2807 τοῖς
1740 2746 1901 2820 ὑπερ-

251 2833 512 2906 κοσμίοις
565 2837 808 2902 νοητοῖς,
849 2834 940 2888 ἅτε
985 2835 1074 2887 καὶ
1123 2833 1458 2906 ἀσωμάτοις·
1488 2835 1554 2888 τὰ
1605 2831 1662 2888 δὲ
1706 2854 1902 2910 μεμιγ-

260 2921 391 2993 μένα
447 2922 626 2994 ἀγαθὰ
677 2920 800 2994 περὶ
871 2922 938 2976 τὰ
1010 2920 1207 2995 λογικᾶ
1281 2923 1508 2994 σώματα
1573 2924 1900 2995 θεωρεῖται,

253 3009 530 3065 τουτέστιν
561 3007 614 3064 έν
646 3011 806 3081 ἡμῖν,
837 3013 933 3064 τοῦ
967 3009 1060 3082 μὲν
1094 3008 1297 3084 ἀλόγου
1338 3017 1435 3079 τῆς
1465 3013 1648 3086 ψυχῆς
1682 3012 1901 3085 μέρους,

257 3100 331 3161 ὡς
382 3097 618 3174 εἴρηται,
679 3098 1001 3174 μετέχοντος
1049 3097 1189 3169 ὅλης
1233 3096 1321 3154 διὰ
1364 3103 1460 3154 τοῦ
1513 3101 1766 3172 σώματος
1802 3105 1902 3154 τοῦ

2037 617 2095 672 in
2128 619 2385 689 speciem
2418 633 2509 672 em
2521 617 2849 689 bryonis,et
2870 633 3112 688 corpora
3132 621 3333 671 nostra
3355 616 3412 670 in
3434 632 3683 681 vermes,

2037 724 2102 762 ac
2151 708 2385 762 diversa
2432 706 2730 771 animalia,
2785 705 3014 777 aliaque
3065 705 3296 760 infinita
3341 704 3580 773 similia,
3622 711 3686 760 ut

2035 813 2103 852 ex
2133 797 2300 868 equis
2332 801 2691 867 generantur
2720 811 2948 866 vespes,
2979 800 3036 850 et
3063 810 3132 849 ex
3162 794 3349 850 tauris
3379 810 3538 864 apes.

2108 889 2332 957 Eritque
2363 886 2594 940 malum.
2629 885 2854 940 Solutio
2902 883 3337 955 propositorum
3371 899 3683 953 argumen-

2033 978 2251 1044 torum,
2283 973 2333 1028 si
2363 974 2659 1045 corruptio
2688 974 2768 1028 sit
2800 972 3044 1040 malum,
3075 972 3366 1042 corruptio
3400 975 3594 1026 autem
3625 977 3684 1026 et

2032 1062 2251 1118 malum
2302 1062 2649 1133 corrumpit,
2687 1061 2980 1132 quomodo
3030 1063 3139 1115 erit
3185 1060 3383 1132 ipsum
3433 1059 3677 1123 malum,

2030 1168 2165 1208 cum
2217 1167 2279 1206 se
2329 1155 2715 1222 corrumpat:
2751 1167 2886 1205 nam
2937 1150 2986 1205 si
3035 1149 3257 1204 malum
3312 1150 3368 1203 iu
3416 1147 3682 1214 materia,

2030 1241 2412 1296 manifestum
2463 1245 2553 1295 est
2600 1240 2756 1310 quod
2806 1239 2885 1294 sit
2935 1238 3394 1309 corruptibilius,
3436 1237 3681 1293 materia

2031 1335 2227 1385 autem
2262 1333 2370 1397 est,
2400 1345 2466 1384 ac
2507 1328 2615 1383 hoc
2665 1327 2926 1400 seipsum
2958 1329 3309 1398 corrumpit;
3341 1326 3470 1382 ideo
3520 1325 3677 1380 enim

2029 1417 2294 1483 materia,
2328 1423 2384 1472 et
2414 1417 2541 1473 sine
2570 1416 2828 1472 essentia
2869 1417 3085 1472 dicitur
3116 1422 3182 1472 ut
3211 1419 3542 1488 opponatur
3572 1431 3675 1469 su-

2028 1506 2434 1579 peressentiali
2478 1506 2574 1561 Dei
2615 1506 2906 1572 essentia,
2939 1521 3072 1560 cum
3121 1505 3249 1576 ipsa
3279 1503 3356 1558 sit
3384 1502 3673 1574 corrupti-

2027 1596 2186 1662 bilis,
2242 1612 2433 1668 neque
2493 1610 2728 1666 semper
2783 1593 3048 1664 exsistat,
3099 1597 3153 1648 et
3205 1593 3353 1646 147
3406 1590 3673 1646 informis

2026 1683 2263 1750 dicitur,
2299 1689 2363 1738 ut
2404 1687 2738 1754 opponatur
2767 1681 2964 1737 formas
2998 1681 3094 1737 Dei
3127 1681 3282 1736 sicut
3319 1679 3546 1751 Moyses
3575 1695 3673 1733 vo-

2025 1773 2176 1827 cavit
2215 1776 2538 1828 creatorem
2571 1770 2848 1825 Verbum.
2885 1769 3147 1840 Denique
3187 1768 3431 1824 materia
3459 1767 3674 1822 dicitur

1941 1897 1990 1963 B
2023 1878 2139 1916 non
2172 1877 2298 1930 ens,
2323 1865 2389 1916 ut
2419 1867 2751 1932 opponatur
2773 1858 2980 1914 divinae
3003 1860 3325 1915 secundum
3351 1857 3668 1914 essentiam

2019 1950 2392 2006 exsistentize.

2084 2042 2112 2106 §
2142 2039 2256 2095 XX.
2283 2040 2400 2107 Qua
2418 2039 2652 2105 malum,
2675 2038 2773 2093 Gr.
2796 2035 2832 2109 ᾖ
2853 2035 3039 2093 κακόν.
3066 2036 3214 2092 Illud
3289 2034 3474 2104 κακόν,
3497 2036 3652 2092 idem

2013 2144 2146 2183 cum
2173 2134 2464 2200 quatenus
2493 2127 2738 2184 malum.

2085 2217 2370 2284 Quinimo.
2403 2217 2551 2272 Nota
2599 2216 2752 2288 quod
2794 2216 2972 2272 etiam
3004 2215 3064 2270 in
3096 2215 3438 2271 disserendo
3469 2217 3539 2271 de
3568 2216 3656 2272 di-

2011 2307 2164 2362 vinis
2195 2308 2570 2379 permittatur
2597 2323 2666 2362 ea
2703 2323 2830 2377 qua
2881 2305 3324 2361 ratiocinatione
3355 2322 3656 2377 compara-

2011 2399 2109 2451 tur
2157 2399 2470 2451 certiorum
2521 2395 2792 2463 traditio;
2825 2408 2956 2450 ecce
3006 2394 3162 2449 enim
3214 2397 3278 2449 ut
3323 2394 3483 2448 vides
3525 2399 3658 2463 post

2011 2483 2433 2556 expositionem
2483 2481 2693 2556 prioris
2725 2481 3051 2554 sententiae,
3083 2482 3485 2539 ratiocinando
3532 2497 3653 2538 cer-

2010 2573 2160 2629 tiora
2188 2573 2394 2628 tradit.

2083 2661 2149 2716 Et
2177 2661 2480 2733 simplicia,
2515 2664 2565 2716 et
2593 2663 2859 2732 perfecta.
2893 2659 3194 2732 Simplicia
3237 2659 3472 2731 quidem
3502 2660 3656 2716 bona

2012 2753 2068 2806 et
2098 2749 2337 2805 omnino
2369 2750 2642 2821 perfecta,
2672 2766 2741 2804 ex
2771 2749 2923 2804 bono
2956 2747 3456 2820 supramundanis
3487 2748 3652 2804 inna-

2013 2839 2200 2894 scitur
2230 2837 2704 2909 intelligibilibus
2735 2853 2836 2893 seu
2874 2837 3120 2909 angelis,
3154 2841 3352 2909 utpote
3384 2836 3652 2907 incorpo-

2013 2927 2156 2995 reis;
2191 2928 2366 2982 mista
2395 2943 2528 2982 vero
2567 2927 2744 2994 bona,
2775 2927 2835 2981 in
2889 2925 3278 2982 rationalibus
3308 2925 3655 2997 corporibus

2011 3016 2304 3085 videntur,
2325 3017 2381 3070 id
2407 3019 2495 3071 est
2523 3016 2580 3070 in
2606 3015 2797 3082 nobis,
2820 3013 3206 3070 irrationabili
3229 3013 3465 3085 quidem
3495 3018 3656 3086 parte

2014 3105 2246 3173 animas,
2282 3110 2346 3159 ut
2393 3105 2616 3160 dictum
2667 3109 2774 3170 est,
2809 3103 3113 3159 materiam
3163 3102 3551 3175 participaute
3593 3103 3652 3158 in

257 3185 438 3249 εἴδους
472 3188 822 3262 μετέχοντος,
858 3191 955 3243 τοῦ
1008 3185 1067 3242 δὲ
1115 3185 1338 3264 λογικοῦ
1391 3189 1608 3262 μέρους,
1643 3188 1903 3265 ῥέποντος

2024 3210 2254 3266 corpore
2283 3195 2438 3264 quod
2473 3194 2672 3249 forma:
2692 3197 2780 3248 est
2809 3192 3129 3264 particeps;
3158 3191 3428 3247 rationali
3459 3195 3654 3247 autem

258 3278 391 3350 πρὸς
421 3257 488 3330 τὸ
518 3257 749 3351 ἄλογον,
779 3275 867 3331 καὶ
895 3257 1208 3338 ἐνδιδόντος.
1231 3273 1337 3331 ἔσθ’
1367 3257 1652 3347 δτείαῦτῶ,
1680 3277 1772 3332 καὶ
1813 3275 1900 3332 διὰ

2024 3257 2197 3355 parte,
2222 3257 2494 3352 vergente
2524 3281 2593 3338 ad
2627 3257 3092 3337 irrationabilem
3114 3257 3170 3336 et
3189 3281 3543 3352 quandoque
3572 3281 3657 3334 illi

257 3369 414 3420 τοῦτο
447 3365 590 3438 πρὸς
620 3363 761 3434 ὕλην
810 3364 1079 3426 νεύοντος·
1122 3365 1186 3419 τὸ
1221 3365 1315 3437 μέν
1363 3365 1463 3440 γὰρ
1489 3365 1790 3422 αὑτόκακον
1822 3364 1904 3422 δεῖ

258 3459 476 3526 θεωρεῖν
502 3453 897 3528 αὑτοάμετρον,
938 3454 1332 3528 αὑτοάμετρον,
1363 3451 1753 3524 αὐτοανείδεον,
1786 3456 1903 3510 έαυ-

254 3547 331 3613 τῷ
374 3543 540 3597 κακὸν
595 3539 881 3610 οὐσιῶδες,
915 3541 976 3596 οῦ
1025 3544 1132 3614 μὴν
1181 3543 1348 3616 έτέρῳ
1388 3544 1574 3596 κακόν
1606 3547 1766 3598 τοῦτο
1797 3545 1902 3621 γὰρ

257 3629 394 3693 εἶδός
425 3630 537 3685 ἐστι
569 3631 657 3685 καὶ
711 3625 1060 3703 συμϐεϐηκὸς
1119 3631 1330 3693 κακίας.
1363 3637 1454 3686 Δεῖ
1499 3630 1590 3687 οῦν
1635 3634 1698 3688 τὸ
1738 3634 1902 3688 κακὸν

253 3716 505 3774 τοιοῦτόν
558 3741 608 3775 τι
661 3722 819 3788 εἶναι,
867 3721 983 3774 οἷον
1035 3718 1189 3798 ἔφην,
1243 3722 1424 3797 ὥσπερ
1468 3723 1651 3783 ὁΘεὸς
1687 3722 1900 3777 πάντων

256 3809 557 3880 αὑτοπέρας
614 3809 706 3864 καὶ
754 3809 1115 3884 αὑτόμετρον,
1177 3811 1265 3865 καὶ
1327 3809 1756 3879 αὐτοειδοποιὸν,
1813 3811 1902 3866 καὶ

255 3897 594 3973 αὑτοάγαθον
647 3895 928 3961 οὐσιῶδες·
986 3899 1051 3953 οὐ
1103 3899 1202 3974 γὰρ
1251 3897 1398 3973 λέγω
1455 3904 1546 3954 νῦν
1602 3905 1680 3971 τῷ
1736 3901 1902 3974 δτέρῳ

256 3987 470 4062 ἀγαθόν·
523 3981 873 4060 συμϐεϐηκὸς
931 3987 1035 4063 γὰρ
1084 3985 1266 4042 τοῦτο·
1315 3992 1434 4049 πῶς
1484 3989 1582 4044 οῦν
1638 3986 1785 4043 ἔσται
1839 3990 1903 4043 τὸ

253 4077 412 4132 κακὸν
472 4073 756 4148 οὐσιῶδες,
814 4076 903 4130 καὶ
959 4076 1186 4152 δτέροις,
1245 4078 1460 4131 πάντων
1508 4077 1750 4147 καθάπαξ
1794 4081 1900 4133 τῶν

259 4161 425 4220 ὅντων
459 4166 811 4242 μεμιγμένως
842 4166 1223 4238 κακυνομένων
1254 4166 1342 4220 καὶ
1393 4163 1635 4240 ἐχόντων
1675 4167 1738 4221 τὸ
1769 4167 1902 4221 εἶναι

258 4251 308 4308 ἐν
342 4259 420 4326 τῷ
479 4256 692 4330 ἀγαθῷ,
752 4250 974 4318 οὐδενὸς
1027 4256 1163 4310 κατὰ
1216 4255 1279 4310 τὸ
1327 4253 1586 4317 παντελὲς
1626 4255 1903 4330 ἁμετόχου

260 4341 412 4406 ὄντος
443 4347 544 4398 τοῦ
576 4343 794 4419 ἆγαθοῦ,
837 4340 985 4398 ἀλλὰ
1034 4346 1250 4399 παντων
1293 4345 1428 4418 πρὸς
1475 4347 1574 4415 τήν
1616 4343 1754 4400 ἰδίαν
1786 4345 1902 4400 ἐπι-

255 4429 582 4504 τηδειότητα
633 4431 968 4507 μετεχόντων
1015 4437 1113 4489 τοῦ
1161 4434 1411 4508 ἁγαθοῦ;
1467 4435 1537 4489 Τὸ
1587 4435 1677 4489 οῦν
1738 4435 1900 4490 κακὸν

258 4520 352 4576 οὐκ
382 4521 435 4577 ἐν
467 4520 709 4597 ὑπάρξει,
745 4521 872 4578 ἀλλ’
919 4521 971 4577 ἐν
1024 4519 1390 4597 παρεισδύσει,
1443 4521 1494 4578 ἐν
1541 4527 1610 4598 τῇ
1639 4527 1740 4578 τοῦ
1770 4525 1901 4598 ἀγα-

259 4611 350 4665 θοῦ
380 4613 631 4687 στερήσει
659 4609 1003 4688 φαινόμενον.

323 4700 652 4756 Ἐκτείνεται
734 4697 792 4754 δὲ
871 4698 1002 4775 ἄχρι
1078 4703 1185 4754 τῶν
1261 4699 1505 4775 ἐσχάτων
1539 4746 1553 4759 .
1629 4707 1899 4776 Ἕσχατον

258 4788 480 4860 νοητέον
535 4789 604 4844 τὰ
661 4787 826 4844 ὑλικὰ
871 4789 1100 4862 σώματα
1158 4788 1247 4844 καὶ
1304 4792 1507 4863 γήϊνα·
1564 4787 1746 4866 ὥσπερ
1801 4792 1900 4865 γὰρ

257 4880 468 4933 πάντων
501 4879 651 4954 ἁρχὴ
683 4879 712 4932 ὸ
743 4878 894 4946 Θεὸς,
922 4877 997 4940 ὠς
1046 4878 1135 4932 καὶ
1185 4875 1293 4948 ἤδη
1340 4872 1439 4955 ἔφη
1451 4899 1564 4951 μεν,
1597 4877 1739 4933 οὕτω
1768 4879 1901 4934 πάν·

254 4986 356 5020 των
391 4964 625 5042 ἔσχατον
655 4967 716 5021 τὸ
758 4961 1103 5028 σκυϐαλῶδες
1147 4971 1311 5021 τοῦτο
1354 4968 1416 5022 τὸ
1449 4966 1600 5042 παχὺ
1631 4970 1728 5036 τῆς
1763 4967 1898 5039 ὕλης

258 5056 415 5131 μέρος
457 5057 545 5111 καί
604 5053 828 5131 γεῶδες·
874 5056 990 5110 ὅθεν
1038 5055 1127 5111 καὶ
1185 5053 1486 5111 ὑποπόδιον
1546 5055 1758 5130 λέγεται
1803 5063 1899 5113 τοῦ

255 5149 402 5212 Θεοῦ,
436 5146 511 5208 ὡς
541 5144 634 5199 καὶ
667 5141 922 5219 ἔσχατον,
952 5146 1043 5198 καί
1093 5143 1244 5218 ὅμως
1296 5144 1524 5221 μετέχον
1568 5146 1901 5222 ἁγαθότητος

250 5234 432 5305 αὐτοῦ,
464 5233 542 5297 ὠς
581 5233 674 5290 καὶ
719 5235 882 5311 φέρον
925 5233 1086 5289 αὑτὸν
1133 5231 1399 5310 ἐσχάτως·
1453 5231 1604 5310 λέγει
1654 5237 1757 5311 γὰρ
1808 5235 1897 5292 καὶ

246 5326 285 5394 ἠ
318 5325 510 5400 Σοοία·
547 5325 720 5402 βρίθει
751 5324 856 5400 γὰρ
884 5323 947 5379 τὸ
971 5324 1172 5401 γεῶδες
1202 5328 1366 5381 τοῦτο
1397 5330 1597 5394 σκῆνος
1644 5328 1768 5380 νοῦν
1796 5348 1898 5382 πο-

2012 3374 2272 3440 cedente,
2303 3374 2555 3444 ideoque
2601 3375 2672 3428 ad
2723 3371 3030 3428 materiam
3062 3373 3487 3444 propendente;
3521 3387 3655 3426 nam

2010 3463 2204 3534 ipsum
2242 3479 2346 3534 per
2392 3479 2455 3518 se
2505 3462 2726 3517 malum
2761 3460 3142 3532 contemplari
3177 3465 3425 3532 oportet,
3457 3477 3560 3532 per
3597 3476 3658 3514 se

2012 3551 2336 3616 inﬁnitum,
2370 3567 2474 3623 per
2512 3567 2575 3606 se
2619 3551 3000 3618 immensum,
3034 3565 3136 3620 per
3163 3565 3227 3604 se
3253 3551 3523 3618 informe,
3555 3564 3660 3620 per

2013 3656 2076 3696 se
2102 3640 2414 3696 essentiale
2465 3639 2709 3708 malum,
2740 3655 2856 3693 non
2899 3654 3028 3693 vero
3075 3637 3297 3692 malum
3332 3653 3432 3706 per
3459 3637 3652 3703 aliud;

2012 3727 2122 3783 hoc
2151 3729 2306 3783 enim
2340 3732 2430 3783 est
2461 3729 2648 3783 forma
2677 3731 2734 3782 et
2764 3727 3034 3782 accidens
3065 3726 3322 3780 malitiae.
3356 3729 3505 3797 Ergo
3536 3742 3655 3780 ma-

2009 3815 2134 3872 lum
2191 3831 2320 3871 esse
2369 3815 2507 3886 quid
2566 3814 2857 3886 ejusmodi
2915 3819 3162 3884 oportet,
3197 3818 3261 3868 ut
3315 3813 3454 3882 dixi,
3499 3813 3654 3868 sicut

2013 3906 2418 3962 universorum
2472 3903 2650 3974 Deus,
2682 3919 2781 3975 per
2811 3919 2873 3958 se
2903 3903 3059 3973 finis,
3094 3919 3198 3974 per
3241 3918 3304 3957 se
3353 3917 3652 3967 mensura,

2013 4010 2116 4066 per
2146 4009 2208 4049 se
2239 3994 2486 4048 formam
2538 3991 2816 4060 efficiens,
2850 3994 2907 4047 et
2943 4007 3046 4062 per
3091 4007 3153 4046 se
3200 3991 3421 4047 bonum
3451 4007 3654 4046 essen-

2011 4082 2181 4151 tiale;
2214 4098 2347 4137 nam
2391 4081 2566 4135 modo
2601 4096 2712 4134 non
2744 4078 2953 4150 loquor
3000 4079 3071 4135 de
3124 4079 3273 4134 bono
3320 4095 3425 4151 per
3472 4077 3656 4144 aliud,

2011 4171 2122 4227 hoc
2162 4169 2317 4227 enim
2371 4173 2461 4225 est
2510 4169 2807 4235 accidens;
2842 4169 3138 4241 quomodo
3187 4168 3371 4241 igitur
3410 4168 3520 4223 erit
3567 4185 3657 4224 es-

2013 4259 2256 4316 sentiale
2288 4257 2510 4315 malum
2545 4261 2601 4314 et
2631 4274 2734 4330 per
2763 4257 2946 4325 aliud,
2975 4274 3107 4313 cum
3137 4259 3337 4314 omnia
3365 4274 3491 4329 quae
3522 4262 3662 4314 sunt

2014 4349 2236 4405 mistim
2271 4348 2632 4416 inﬁciantur,
2664 4347 3039 4419 habeantque
3077 4346 3134 4402 in
3185 4347 3338 4402 bono
3369 4346 3658 4402 exsisten-

2014 4439 2182 4506 tiam,
2215 4437 2375 4494 nullo
2410 4439 2563 4494 bono
2611 4435 2926 4492 exsistente
2973 4451 3215 4507 prorsus
3262 4433 3659 4490 incommuni-

2015 4527 2227 4584 cabili?
2277 4528 2428 4598 Ergo
2487 4523 2711 4582 malum
2760 4541 2875 4579 non
2923 4523 3283 4592 exsistentia,
3319 4523 3418 4577 sed
3468 4522 3658 4594 irrep-

1930 4637 1980 4700 ι)
2009 4618 2166 4674 tione
2197 4616 2278 4686 (in
2311 4613 2735 4683 exsistentiam)
2766 4615 2824 4668 in
2867 4613 3003 4667 boni
3048 4611 3366 4683 privatione
3395 4613 3654 4682 apparet.

2081 4705 2160 4760 Ad
2189 4708 2466 4760 extremas
2497 4717 2666 4776 usque
2691 4701 3068 4773 protenditur.
3105 4700 3207 4755 Per
3235 4708 3540 4755 extremum
3569 4700 3656 4752 in-

2010 4794 2129 4851 telli
2139 4811 2207 4866 ge
2234 4792 2580 4860 materialia,
2601 4807 2879 4862 corporea
2898 4794 2956 4846 et
2977 4789 3307 4857 terrestria;
3329 4788 3480 4844 sicut
3499 4789 3654 4843 enim

2008 4885 2164 4940 Deus
2194 4887 2283 4938 est
2333 4883 2596 4938 omnium
2633 4878 3012 4954 principium,
3047 4883 3110 4933 ut
3158 4882 3330 4933 antea
3378 4876 3654 4943 diximus,

2008 4972 2094 5029 sic
2125 4977 2451 5029 extremum
2484 4969 2748 5026 omnium
2787 4972 2878 5024 est
2933 4967 3053 5021 haec
3107 4964 3413 5021 faeculenta
3459 4981 3659 5020 crassa

2009 5062 2267 5118 materiae
2324 5078 2459 5132 pars
2517 5077 2581 5114 ac
2634 5055 2951 5123 terrestris,
3004 5055 3249 5124 ideoque
3295 5053 3511 5108 dicitur
3555 5055 3657 5110 Dei

2008 5149 2330 5206 scabellum
2366 5153 2428 5202 ut
2459 5155 2816 5210 extremum;
2851 5147 3108 5197 attamen
3158 5143 3286 5212 ejus
3336 5143 3658 5198 bonitatem

2006 5238 2368 5311 participans
2400 5237 2556 5292 sicut
2586 5235 2762 5289 etiam
2813 5232 3009 5303 ipsum
3057 5235 3351 5302 postremo
3382 5235 3655 5303 gestans:

2006 5328 2154 5385 dixit
2182 5326 2340 5386 enim
2370 5322 2712 5398 Sapientia:
2747 5321 3040 5381 Terrestre
3071 5320 3180 5376 hoc
3211 5321 3658 5378 tabernaculum

1248 5560 1488 5621 νΑΒΙιΕ
1525 5561 1921 5622 LECTIONES
1959 5562 2051 5622 ET
2089 5557 2651 5618 CORBECTIONES.

331 5717 372 5754 ⁸⁷
397 5713 711 5794 εὑοθαρτος.
785 5713 902 5771 ⁸⁷.⁸⁹
924 5710 1161 5790 λογίοις.
