4000 6200
233 397 345 452 279

1060 392 1421 448 APPENDIX
1458 392 1556 444 AD
1596 390 1835 444 OPERA
1876 390 1935 443 Ξ.
1977 389 2291 446 DIONYSII
2329 395 2830 448 AREOPAGITE.

3540 392 3656 445 280

234 519 516 592 aggravet
549 517 806 570 mentem
840 512 1025 569 multa
1057 513 1435 585 cogitantem,
1468 513 1623 583 quod
1658 509 1883 566 irratio-

2020 509 2352 586 ιυφρόντιδα,
2383 513 2456 574 ὠς
2501 518 2596 568 τοῦ
2647 511 2854 586 ἀλόγου
2881 518 2983 581 τῆς
3030 513 3215 586 ψυχῆς
3247 509 3442 587 μέρους
3479 533 3657 585 μεμι-

240 609 391 664 nalis
425 623 559 678 pars
595 605 803 660 animis
831 621 964 658 cum
999 602 1284 658 materiali
1310 601 1489 657 mista
1517 602 1595 656 sit
1625 616 1886 672 corpore,

241 705 296 754 et
327 696 682 768 quandoque
716 692 986 748 rationali
1020 692 1168 764 parti
1205 692 1411 745 anima:
1446 690 1796 745 dominetur.

318 786 470 841 148
504 785 659 840 Adest
708 784 928 838 bonum.
963 785 1257 848 Quantum
1310 780 1464 836 enim
1517 785 1792 833 creatura:
1834 777 1892 831 in

247 875 526 949 pinguius
549 877 606 928 et
636 871 936 927 materiale
959 871 1142 940 magis
1166 870 1442 934 subeunt,
1467 872 1694 922 tantum
1722 867 1895 936 juxta

247 963 631 1036 privationem
678 966 736 1016 et
779 960 1070 1016 defectum
1103 959 1242 1013 boni
1275 957 1472 1012 minus
1521 956 1890 1028 participant,

248 1060 314 1108 ut
360 1070 428 1108 ex
486 1056 735 1107 obscura
776 1055 835 1104 et
875 1054 1136 1104 extrema
1191 1047 1346 1102 vocis
1399 1047 1683 1112 editione;
1746 1045 1895 1098 sicut

249 1143 405 1197 enim
431 1143 556 1212 jam
591 1139 866 1204 diximus,
895 1154 1157 1208 suppone
1190 1135 1444 1206 aliquem
1475 1134 1589 1189 alte
1620 1135 1893 1198 clamare,

250 1249 316 1287 ac
357 1230 581 1284 vicinos
631 1229 891 1299 quidem,
926 1227 1248 1296 audituque
1293 1224 1573 1291 valentes,
1608 1224 1893 1293 integram

250 1317 548 1387 suscipere
598 1316 818 1380 vo'cem,
851 1319 909 1369 et
939 1329 1287 1384 cognoscere
1335 1312 1510 1366 etiam
1563 1311 1713 1380 quod
1767 1324 1896 1380 pro-

251 1405 586 1471 nuntiatur;
622 1408 875 1458 remotos
907 1409 1102 1456 autem
1151 1417 1252 1472 pro
1286 1405 1410 1454 rata
1440 1399 1732 1454 distantias
1763 1414 1899 1468 pro-

253 1495 520 1565 portione
550 1508 760 1548 sonum
807 1493 1002 1545 minus
1042 1490 1275 1555 audire;
1310 1489 1734 1543 remotissimos
1763 1501 1898 1540 vero

255 1581 674 1637 obscurissime
695 1585 973 1649 tanquam
994 1583 1304 1650 postrema:
1326 1579 1492 1632 editaa
1516 1575 1670 1631 vocis
1694 1590 1897 1645 parum

256 1687 432 1724 sensu
467 1669 783 1740 percipere.

328 1760 392 1812 Et
422 1759 601 1828 ipsam
627 1759 718 1811 sui
744 1755 1139 1827 privationem.
1173 1755 1334 1819 Quod
1371 1770 1482 1808 non
1511 1769 1752 1822 prorsus
1783 1750 1900 1822 pri-

2001 597 2205 670 γμᾶνου
2253 605 2331 672 τῷ
2380 600 2554 674 ὑλικῷ
2606 603 2839 674 σώματι,
2888 601 2979 655 καὶ
3028 605 3491 675 κατακρατοῦντος
3535 596 3660 656 ἔσθ’

2003 685 2091 740 ὅτε
2118 693 2214 742 τοῦ
2246 687 2470 764 λογικοῦ
2500 697 2599 760 τῆς
2627 694 2835 764 ψυχῆς.

2075 777 2301 852 Πάρεστι
2353 779 2582 855 τάγαθόν
2617 823 2630 836 .
2688 782 2846 833 ’Ὀσον
2902 777 3008 853 γὰρ
3077 777 3163 832 ἐπὶ
3221 779 3283 832 τὸ
3339 777 3665 854 παχύτερον

2002 864 2098 920 χαὶ
2131 865 2462 942 ὑλικώτερον
2517 863 2794 922 ὑποῦαίνει
2847 869 2913 922 τά
2960 866 3012 921 έν
3064 864 3420 942 δημιουργίᾳ,
3461 873 3671 922 τοσοῦ-

2003 974 2094 1006 τον
2155 955 2288 1008 κατά
2346 955 2594 1029 στέρησιν
2645 956 2734 1010 καὶ
2784 951 3030 1028 ἔλλειψιν
3079 960 3175 1010 τοῦ
3229 955 3435 1030 ἀγαθοῦ
3489 958 3670 1025 ἧττον

2010 1042 2245 1117 μετέχει,
2293 1043 2366 1104 ὠς
2419 1043 2470 1114 ἐξ
2521 1041 2767 1118 ἀμυδροῦ
2831 1044 2922 1098 καὶ
2969 1042 3202 1118 ἐσχάτου
3261 1045 3671 1118 ἀπηχήματος·

2007 1129 2080 1192 ὡς
2111 1132 2210 1205 γάρ
2265 1129 2493 1209 ἔφημεν,
2526 1130 2633 1202 ἤδη
2685 1131 2890 1195 ὑπόθου
2937 1133 3057 1187 τινὰ
3107 1134 3306 1208 βοῆσαι
3357 1134 3512 1206 μέγα·
3571 1133 3675 1188 καὶ

2006 1217 2130 1280 τοὺς
2168 1219 2261 1290 μὲν
2311 1219 2549 1290 πλησίον
2605 1217 2760 1282 ὄντας
2806 1222 2893 1275 καὶ
2943 1220 3280 1297 έῤῥωμένους
3311 1224 3357 1258 9'
3385 1222 3447 1276 τὸ
3496 1221 3674 1276 ἀκου-

2009 1309 2185 1362 στικὸν
2233 1306 2370 1377 ελην
2413 1307 2656 1379 δέξασθαι
2705 1310 2804 1376 τήν
2851 1309 3009 1384 βοήν,
3075 1311 3162 1364 καὶ
3213 1314 3413 1386 γνῶναι
3454 1311 3544 1364 καὶ
3595 1313 3671 1364 τὸ

2010 1395 2269 1468 Λαληθὶν,
2300 1398 2426 1460 τοὺς
2461 1397 2516 1453 δὲ
2562 1398 2929 1476 ἀφεστηκότας
2978 1397 3260 1474 ἀναλόγως
3309 1402 3377 1471 τῇ
3437 1396 3670 1454 διαστά-

2009 1505 2090 1538 σει
2119 1487 2282 1554 ἧττον
2323 1488 2544 1542 ἀκοῦσαι
2575 1492 2669 1541 τοῦ
2717 1489 3042 1564 φθέγματος·
3085 1487 3214 1549 τούς
3268 1485 3327 1542 δὲ
3354 1487 3494 1542 πάνυ
3524 1487 3672 1563 πόρ-

2012 1574 2090 1649 ῥω
2121 1571 2466 1646 διεστηκότας
2513 1574 2859 1651 ἀμυδρότατα
2905 1576 2978 1638 ὠς
3011 1577 3384 1652 ἀπηχήματος
3426 1577 3668 1632 ὑστάτου

2010 1667 2198 1724 ποσῶς
2227 1664 2521 1728 αἰσθέσθαι.

2083 1753 2182 1806 Καὶ
2217 1754 2314 1820 τὴν
2343 1752 2534 1808 ἑαυτοῦ
2565 1755 2834 1826 στέρησιν.
2866 1755 2941 1809 Τὸ
2989 1756 3064 1826 μή
3117 1753 3263 1816 ὅλως
3296 1753 3667 1830 ἐστερημένον

257 1852 457 1903 vatum
487 1851 576 1900 est
605 1845 870 1916 pulchro,
896 1845 997 1899 sed
1029 1846 1266 1915 partim,
1291 1859 1356 1897 ac
1387 1843 1581 1914 ipsum
1615 1842 1768 1912 quod
1798 1842 1895 1894 bov

2020 1845 2105 1895 τοῦ
2154 1841 2347 1912 καλοῦ,
2393 1841 2538 1898 ἀλλά
2582 1847 2839 1918 μερικῶς,
2881 1843 2970 1898 καὶ
3015 1843 3143 1898 αὑτὸ
3183 1845 3246 1898 τὸ
3295 1843 3666 1918 ἐστερημένον

260 1954 333 1992 no
367 1935 658 2007 privatum
691 1938 798 1999 est,
824 1932 1145 1987 consistere
1172 1931 1329 2000 facit,
1360 1932 1576 1986 bonum
1611 1930 1669 1983 in
1703 1929 1900 1999 aliquo

258 2025 498 2081 omnino
531 2022 966 2094 participando;
1002 2037 1116 2075 non
1167 2021 1321 2075 enim
1375 2018 1765 2091 particularis,
1799 2018 1900 2072 sed

258 2114 548 2185 perfectus
581 2112 819 2166 omnino
852 2110 988 2165 boni
1021 2110 1306 2178 defectus,
1342 2107 1561 2163 malum
1595 2112 1701 2162 est.

328 2203 433 2257 Illa
461 2204 651 2267 etiam,
683 2214 808 2272 quae
846 2201 936 2254 illi
972 2198 1256 2254 contraria
1292 2203 1442 2252 sunt.
1473 2197 1728 2252 Observa
1759 2213 1904 2267 quo-

260 2293 434 2348 modo
470 2291 574 2355 ait,
599 2307 666 2346 ea
695 2307 824 2361 quae
845 2289 1047 2344 virtuti
1079 2289 1214 2344 boni
1238 2287 1554 2352 obsistunt,
1582 2303 1682 2357 per
1710 2286 1904 2357 ipsum

260 2382 583 2439 subsistere
615 2384 671 2435 et
717 2379 1069 2435 conservari.
1104 2379 1255 2432 Num
1311 2377 1490 2446 igitur
1520 2377 1672 2432 Deus
1705 2382 1908 2431 auctor

262 2471 550 2527 malorum
603 2469 731 2526 est?
779 2469 959 2524 absit!
1017 2473 1168 2523 Deus
1217 2467 1393 2533 enim,
1440 2473 1504 2521 ul.
1552 2465 1904 2538 principium

264 2561 530 2614 omnium
563 2563 620 2614 et
650 2564 897 2626 creator,
929 2557 1004 2613 ob
1032 2556 1313 2612 bonitatis
1346 2572 1646 2611 excessum
1680 2563 1736 2608 et
1765 2554 1908 2608 inef-

263 2650 499 2704 fabilem
534 2647 902 2712 charitatem,
931 2652 1260 2718 peccatores
1282 2661 1512 2716 quoque
1543 2644 1816 2711 sustinet,
1843 2647 1906 2696 ut

265 2738 562 2810 propriam
621 2737 891 2792 ostendat
939 2734 1380 2805 benignitatem,
1426 2750 1491 2788 ac
1539 2731 1788 2786 liberum
1840 2731 1906 2784 ﬁ-

264 2827 487 2898 gmenti
534 2825 875 2892 arbitrium;
909 2824 1126 2878 dicitur
1173 2820 1328 2876 enim
1365 2837 1376 2875 :
1413 2821 1670 2874 Charitas
1715 2821 1908 2873 omnia

265 2915 396 2984 tegit
418 2916 522 2985 (g);
559 2930 764 2968 rursus
794 2929 807 2968 :
850 2915 958 2980 Qui
984 2913 1152 2967 solem
1181 2927 1342 2965 suum
1369 2911 1510 2965 oriri
1553 2911 1698 2980 facit
1743 2925 1908 2978 super

250 3004 430 3074 justas
459 3007 508 3056 et
539 3003 775 3067 iniustos
806 3002 905 3070 (ἡ).

331 3090 480 3158 Quod
526 3097 714 3146 autem
761 3088 1090 3146 omnimode.
1126 3087 1492 3158 Propositum
1542 3087 1650 3158 ipsi
1685 3091 1774 3141 est
1803 3085 1906 3140 de-

264 3186 612 3246 monstrare,
645 3195 756 3233 non
805 3193 932 3232 esse
983 3176 1320 3241 essentiam,
1355 3176 1508 3246 quod
1561 3173 1907 3245 simpliciter

2008 1934 2104 1984 τοῦ
2137 1931 2358 2006 ἀγαθοῦ,
2392 1932 2696 1986 συνεστάναι
2747 1937 2912 2001 ποιεῖ,
2946 1934 3023 2004 τῷ
3055 1933 3200 1994 ὅλως
3246 1935 3382 1987 κατά
3412 1955 3462 1986 τι
3499 1931 3660 2005 μετὲ-

2011 2039 2130 2094 χειν
2161 2025 2256 2074 τοῦ
2307 2020 2530 2094 ἀγαθοῦ·
2566 2023 2629 2076 οὑ
2677 2022 2779 2098 γάρ
2810 2023 2844 2092 ἡ
2881 2023 3100 2097 μερικὴ,
3129 2020 3256 2078 ἀλλ’
3302 2025 3336 2092 ἡ
3377 2020 3660 2092 παντελὴς

2011 2105 2256 2181 ἔλλειψις
2276 2113 2372 2163 τοῦ
2403 2109 2601 2183 ἀγαθοῦ
2634 2109 2744 2164 ἐστι
2773 2111 2836 2165 τὸ
2865 2110 3048 2166 κακόν.

2084 2197 2181 2249 Καὶ
2211 2196 2280 2250 τὰ
2313 2195 2600 2272 μαχόμενα
2647 2199 2811 2271 αὑτῷ.
2849 2201 2990 2272 ’Ὸρα
3037 2204 3154 2261 πῶς
3204 2221 3390 2274 φησιν,
3439 2201 3519 2254 ὅτι
3565 2200 3665 2254 καὶ

2011 2284 2077 2338 τὰ
2136 2284 2425 2360 μαχόμενα
2481 2291 2549 2360 τῇ
2583 2285 2805 2360 δυνάμει
2835 2293 2932 2342 τοῦ
2963 2289 3161 2363 ἀγαθοῦ
3214 2286 3283 2342 δι’
3329 2287 3491 2343 αὑτοῦ
3524 2288 3667 2343 ὑπέ-

2015 2393 2112 2441 στη
2145 2373 2235 2426 καὶ
2280 2376 2528 2444 σώζεται.
2578 2375 2786 2432 Οὑκοῦν
2833 2375 3006 2439 αἶ’τιος
3056 2378 3165 2431 τῶν
3196 2383 3377 2431 κακῶν
3421 2379 3448 2431 6
3480 2377 3662 2443 Θεός;

2019 2464 2094 2534 μὴ
2142 2463 2382 2536 γένοιτοῑ
2417 2466 2444 2517 6
2493 2464 2586 2535 μὲν
2639 2465 2739 2540 γὰρ
2789 2466 2936 2536 Θεὸς,
2991 2465 3066 2528 ὠς
3111 2465 3327 2521 πάντων
3377 2465 3523 2541 ἀρχὴ
3570 2467 3667 2520 καὶ

2017 2547 2382 2625 δημιουργὸς,
2415 2550 2482 2606 δι’
2511 2549 2824 2626 ὑπερϐολήν
2857 2554 3194 2628 ἀγαθότητος
3224 2556 3314 2610 καὶ
3348 2553 3417 2609 δι’
3444 2555 3662 2632 ἀγάπην

2016 2637 2238 2716 ἄφατον,
2271 2640 2359 2694 καὶ
2390 2639 2734 2716 ἁμαρτωλῶν
2791 2641 3062 2717 ἀνέχεται,
3087 2641 3181 2697 τίνα
3235 2645 3325 2698 καὶ
3371 2646 3470 2712 τήν
3521 2641 3666 2697 ἰδίαν

2018 2726 2162 2802 δείξῃ
2193 2727 2626 2804 φιλανθρωπίαν,
2655 2731 2744 2784 καὶ
2795 2748 2858 2785 τἿ
2894 2737 2992 2787 τοῦ
3039 2730 3358 2804 πλάσματος
3410 2732 3669 2802 αὐτεξού-

2016 2836 2149 2870 σιον·
2203 2815 2412 2891 εἷ’ρηται
2457 2819 2580 2894 γάρ·
2614 2820 2674 2874 Ἡ
2721 2820 2900 2895 ἀγάπη
2946 2820 3118 2875 πάντα
3166 2823 3363 2896 στέγει·
3417 2823 3506 2875 καὶ
3558 2821 3668 2875 πά-

2018 2903 2124 2958 λιν·
2160 2907 2220 2962 Ὀ
2253 2905 2566 2962 ἀνατέλλων
2611 2908 2702 2962 τὸν
2745 2907 2906 2977 ἥλιον
2953 2909 3116 2965 αὑτοῦ
3167 2910 3254 2964 ἐπὶ
3285 2907 3523 2972 δικαίους
3568 2910 3663 2965 καὶ

2016 2993 2253 3056 ἀδίκους.

2089 3085 2162 3140 Τὸ
2247 3081 2304 3138 δὲ
2376 3087 2511 3139 κατά
2579 3087 2752 3141 πάντα
2825 3086 3062 3164 τρόπον.
3140 3089 3218 3144 Τὸ
3301 3089 3663 3163 προκείμενον

2017 3172 2164 3243 αὑτῷ
2209 3171 2348 3226 ἐστιν
2401 3171 2702 3247 ἀποδεῖξαι,
2748 3175 2829 3229 ὅτι
2883 3175 2982 3230 οὑκ
3028 3173 3168 3232 ἔστιν
3197 3176 3438 3231 οὐσίατὸ
3468 3177 3668 3238 ἀπλῶς

260 3285 362 3339 per
391 3284 455 3323 se
487 3266 741 3330 malum;
767 3267 960 3336 aitque
981 3265 1209 3319 nullum
1234 3264 1456 3318 ontium
1491 3268 1546 3318 et
1576 3268 1899 3318 crcatorum

2021 3261 2336 3316 αὑτόκακον·
2366 3263 2457 3316 καί
2497 3285 2681 3338 φησιν,
2713 3264 2793 3319 ὅτι
2846 3262 2999 3319 οὑδὶν
3037 3271 3144 3320 τῶν
3179 3265 3230 3320 έν
3277 3271 3392 3327 τοῖς
3425 3266 3544 3320 οὖσι
3573 3269 3667 3320 καὶ

263 3355 410 3411 nihil
442 3370 683 3426 prorsus
730 3354 868 3408 boni
903 3353 1278 3424 participare;
1312 3369 1439 3422 quae
1472 3353 1628 3406 enim
1670 3351 1908 3407 omnino

261 3460 447 3499 vacua
479 3445 633 3498 bono
664 3443 818 3514 quod
855 3459 1042 3513 neque
1071 3460 1103 3495 a
1134 3443 1284 3497 bono
1317 3442 1600 3513 producta
1629 3441 1766 3506 sint,
1793 3457 1908 3494 non

267 3534 592 3588 exsistunt:
619 3534 753 3603 quis
776 3548 910 3586 vero
932 3530 1081 3586 alius
1103 3531 1332 3602 opifex?
1353 3531 1452 3586 sed
1479 3545 1660 3600 neque
1685 3529 1908 3600 aliquid

269 3622 591 3677 subsistere
639 3626 847 3692 potest,
881 3621 1033 3691 quod
1071 3635 1258 3689 neque
1306 3619 1568 3674 habitum
1621 3635 1720 3673 seu
1775 3617 1909 3672 boni

267 3710 610 3782 qualitatem
638 3726 738 3780 per
757 3710 1028 3764 accidens
1056 3708 1382 3779 participat.
1411 3707 1591 3764 Multa
1613 3707 1906 3778 siquidem

264 3816 297 3853 a
328 3799 638 3871 congenito
672 3801 955 3853 destituta
997 3797 1196 3852 habitu
1232 3797 1351 3850 sive
1384 3795 1682 3866 qualitate,
1717 3796 1907 3852 consi-

261 3892 426 3942 stunt
455 3903 471 3943 :
504 3887 687 3942 veluti
718 3887 968 3957 ignitum
1016 3888 1258 3952 ferrum,
1293 3901 1358 3940 ac
1407 3887 1647 3940 extremi
1697 3885 1907 3940 caloris

260 3975 576 4044 particeps,
619 3975 906 4029 exstincto
963 3973 1152 4028 calore
1213 3978 1412 4027 manet
1463 3975 1613 4043 quod
1674 3978 1816 4041 erat,
1851 3980 1908 4028 et

261 4078 416 4131 aqua
445 4062 769 4116 secundum
804 4078 865 4116 se
889 4061 1127 4132 quidem
1152 4062 1368 4116 dicitur
1393 4077 1519 4115 esse
1551 4062 1904 4116 elementum

260 4151 484 4218 absque
515 4147 830 4218 qualitate;
865 4151 1005 4204 dum
1033 4166 1166 4204 vero
1189 4154 1402 4204 terram
1429 4154 1717 4220 penetrat,
1747 4151 1905 4206 illinc

260 4236 546 4306 qualitate
577 4238 846 4303 donatur,
872 4241 927 4291 et
957 4241 1150 4291 tamen
1175 4237 1288 4291 alio
1321 4238 1598 4305 derivata,
1623 4238 1905 4308 qualitate

259 4325 541 4396 privatur,
575 4329 631 4378 et
679 4324 871 4378 adhuc
921 4324 1233 4378 consistit:
1269 4325 1353 4378 sic
1400 4325 1572 4380 etiam
1621 4327 1819 4380 nivosa
1850 4333 1906 4381 et

259 4414 472 4486 frigida
502 4417 764 4469 cessante
807 4411 1020 4482 frigore
1069 4411 1262 4466 adhuc
1307 4413 1656 4468 consistunt.
1689 4413 1902 4468 Verum

257 4502 433 4558 etiam
469 4519 596 4574 quas
627 4501 745 4556 vita
775 4498 1098 4572 (sensitive)
1132 4505 1350 4571 carent,
1380 4505 1446 4555 ut
1477 4501 1710 4556 arbores
1741 4507 1795 4556 et
1829 4503 1906 4556 la-

2021 3348 2071 3404 έν
2115 3347 2451 3426 δημιουργίᾳ
2492 3351 2766 3426 ἀμέτοχόν
2815 3351 2925 3407 ἐστι
2969 3353 3249 3417 παντελῶς
3291 3359 3388 3408 τοῦ
3435 3354 3663 3429 ἀγαθοῦ·

2017 3440 2082 3491 τά
2128 3439 2227 3514 γὰρ
2281 3440 2454 3509 πάντη
2506 3441 2710 3515 ἄμοιρα
2753 3441 2846 3494 τοῦ
2890 3441 3126 3517 ἀγαθοῦ,
3175 3443 3250 3504 ὠς
3300 3440 3441 3515 μηδὲ
3487 3464 3667 3517 παραυ

2019 3527 2217 3602 χθέντα
2249 3529 2350 3582 ὑπὸ
2377 3533 2474 3583 τοῦ
2505 3529 2728 3602 ἀγαθοῦ,
2763 3527 2886 3584 οῦτε
2915 3530 3037 3585 εἰσί·
3070 3532 3154 3592 τίς
3177 3529 3346 3593 ἄλλος
3389 3530 3668 3606 δημιουρ-

2019 3617 2116 3689 γός
2149 3614 2314 3685 ;ἀλλ’
2347 3614 2469 3670 οὔτε
2518 3614 2735 3672 δύναταί
2784 3640 2835 3673 τι
2887 3618 3196 3696 ὑφεστάναι,
3240 3623 3316 3693 μὴ
3364 3627 3464 3690 τῆς
3505 3617 3668 3691 ἕξεως

2017 3703 2143 3773 ἤτοι
2191 3705 2484 3776 ποιότητος
2530 3710 2627 3760 τοῦ
2674 3706 2876 3782 ἀγαθοῦ
2928 3706 3157 3782 μετέχον
3199 3709 3335 3763 κατὰ
3385 3703 3666 3781 συμϐεϐηο

2017 3794 2129 3858 κός·
2164 3792 2351 3849 πολλὰ
2379 3797 2473 3866 μὲν
2505 3796 2608 3870 γὰρ
2639 3795 2728 3849 καὶ
2759 3795 3185 3872 καταλειφθέντα
3216 3797 3316 3851 ὑπὸ
3348 3804 3446 3866 τῆς
3491 3818 3664 3872 προσ.

2016 3882 2311 3958 γενομένης
2368 3881 2529 3954 ἕξεως
2588 3881 2711 3951 ἤτοι
2771 3883 3066 3954 ποιότητος
3126 3885 3273 3957 μένει
3333 3889 3659 3940 συνεστῶτα·

2018 3974 2138 4025 οἷον
2169 3972 2196 4024 6
2229 3969 2451 4046 σίδηρος
2505 3971 2797 4046 πυρωθεὶς,
2839 3972 2927 4027 καὶ
2974 3973 3310 4046 θερμότητος
3354 3969 3520 4048 ἄκρας
3565 3994 3662 4045 με·

2013 4055 2286 4128 ταλαϐὼν,
2337 4056 2646 4123 σϐεσθέντος
2693 4065 2789 4115 τοῦ
2837 4063 3028 4137 πυρὸς,
3076 4064 3223 4133 μένει
3271 4061 3404 4135 ὅπερ
3447 4063 3536 4130 ἦν·
3569 4063 3665 4116 καὶ

2013 4149 2074 4203 τὸ
2105 4147 2248 4223 ὕδωρ
2279 4151 2395 4203 καθ’
2428 4148 2582 4204 έαυτὸ
2622 4151 2716 4222 μὶν
2765 4150 2825 4204 τὸ
2878 4157 3152 4225 στοιχεῖον
3199 4151 3389 4204 ἄποιον
3445 4148 3666 4224 λέγεται

2016 4239 2170 4305 εἶναι,
2206 4235 2380 4292 διὰδὲ
2422 4245 2523 4314 γῆς
2572 4238 2791 4313 παριὸν,
2826 4237 3022 4293 ἐκεῖθεν
3069 4242 3344 4292 ποιοῦται·
3377 4239 3465 4292 καὶ
3509 4238 3663 4311 ὅμως

2016 4327 2422 4399 μετοχετευθὲν,
2470 4326 2690 4382 παὺ³ται
2737 4333 2834 4396 τῆς
2883 4327 3206 4398 ποιότητος,
3254 4325 3346 4381 καί
3395 4322 3471 4381 ἔτι
3522 4328 3666 4381 συνέ-

2013 4433 2235 4484 στηκεν·
2293 4415 2434 4469 οὕτω
2490 4415 2578 4469 καὶ
2649 4416 2715 4468 τὰ
2789 4415 3145 4490 χιονιζόμενα
3199 4417 3286 4470 καὶ
3350 4415 3664 4490 ψυχόμενα,

2011 4505 2362 4576 παυσαμένης
2409 4505 2508 4571 τῆς
2555 4503 2929 4579 ψυχρότητος,
2961 4499 3037 4558 ἔτι
3092 4504 3433 4575 συνέστηκεν,
3483 4502 3667 4559 Ἀλλά

256 4591 424 4662 pides
454 4595 511 4647 et
541 4596 720 4651 astra,
754 4605 935 4659 eaque
967 4605 1093 4661 quas
1136 4595 1329 4644 mente
1359 4594 1575 4659 carent,
1601 4595 1664 4644 ut
1697 4607 1899 4662 pecora

2020 4591 2101 4645 καὶ
2125 4593 2191 4646 τά
2224 4598 2366 4661 ζωῆς
2401 4595 2626 4666 ἄμοιρα,
2657 4593 2729 4654 ὠς
2761 4589 2974 4666 δένδρα,
3007 4593 3097 4646 καὶ
3130 4591 3303 4664 λίθοι,
3334 4594 3423 4646 καὶ
3469 4590 3660 4666 ἄστρα,

256 4681 641 4736 nihilominus
687 4679 1040 4734 subsistunt.
1074 4678 1230 4732 Deus
1261 4693 1488 4748 quoque
1526 4695 1659 4734 cum
1692 4680 1771 4734 sit
1802 4697 1900 4735 su-

254 4767 695 4843 peressentialis
733 4766 998 4822 essentiae
1031 4766 1325 4832 eximitur,
1354 4774 1608 4822 attamen
1642 4774 1699 4824 et
1727 4775 1815 4824 est
1845 4775 1900 4825 et

254 4860 407 4915 149
441 4862 574 4914 ante
604 4862 722 4923 est;
757 4872 871 4911 non
895 4855 1027 4909 licet
1059 4860 1252 4909 autem
1284 4855 1368 4909 sic
1390 4857 1459 4910 de
1491 4857 1640 4911 bono
1673 4859 1895 4927 diceref;

255 4949 370 5004 nisi
401 4947 554 5002 enim
582 4944 923 5018 qualitatem
966 4942 1104 4998 boni
1156 4942 1482 5014 participat,
1514 4943 1570 4997 in
1607 4963 1719 5016 quo
1751 4947 1897 5001 illud

255 5039 576 5094 consistere
618 5049 857 5090 necesse
903 5037 1013 5103 est,
1048 5048 1162 5087 non
1197 5037 1390 5103 potest
1436 5033 1753 5090 subsistere
1784 5053 1796 5090 :
1832 5041 1899 5092 In

254 5128 371 5198 ipso
399 5125 545 5182 enim
591 5124 831 5180 vivimus
875 5125 931 5178 et
979 5137 1194 5192 sumus,
1228 5126 1292 5176 ut
1334 5121 1416 5176 ait
1462 5122 1780 5192 Apostolus
1809 5125 1892 5197 (ἱ).

254 5216 402 5280 Quid
444 5213 624 5285 ergo?
669 5212 1140 5285 intemperansne
1189 5211 1332 5266 dum
1382 5211 1778 5283 intemperans
1809 5222 1898 5271 est

325 5392 398 5464 (g)
431 5391 595 5448 Prov.
625 5407 683 5458 κ,
717 5392 804 5446 12.
878 5391 959 5462 (h)
991 5389 1193 5449 Matth.
1224 5407 1281 5458 ν,
1314 5391 1403 5449 45.

2011 4680 2196 4736 καὶτὰ
2242 4685 2354 4749 νοῦ,
2388 4681 2460 4734 ὠς
2509 4682 2574 4735 τά
2620 4687 2817 4752 κτήνη,
2854 4683 3007 4752 ὅμως
3065 4681 3370 4755 ὑφίσταται.
3417 4681 3520 4737 Καὶ
3568 4680 3663 4735 οὑ-

2009 4772 2122 4832 σίας
2153 4767 2209 4824 δὲ
2258 4771 2286 4823 6
2333 4771 2462 4831 Θεὸς
2515 4769 2770 4843 ἐξῄρηται
2825 4767 3146 4844 ὑπεροὺσιος
3204 4765 3299 4822 ὤν·
3362 4770 3452 4824 καὶ
3501 4768 3661 4841 ὅμως

2006 4858 2114 4912 ἐστὶ
2148 4858 2238 4912 καὶ
2282 4859 2551 4932 πρόεστιν·
2585 4858 2726 4912 οὕτω
2777 4855 2833 4912 δὲ
2880 4857 2967 4912 καὶ
3017 4856 3115 4911 οὑκ
3163 4856 3302 4912 ἔστιν
3357 4857 3528 4913 εἰπεῖν
3568 4858 3660 4913 ἰπὶ

2006 4951 2101 5000 τοῦ
2133 4949 2355 5020 ἀγαθοῦ·
2393 4947 2438 5000 εί
2487 4947 2560 5019 μὴ
2614 4948 2715 5022 γὰρ
2771 4949 2995 5020 μετέχοι
3042 4948 3339 5017 ποιότητος
3384 4952 3481 5002 τοῦ
3526 4949 3658 5022 ἀγα-

2007 5034 2125 5103 θοῦ,
2175 5036 2224 5089 ἐν
2277 5037 2322 5106 ᾧ
2369 5036 2710 5098 συνίστασθαι
2760 5036 2896 5111 χρὴ,
2950 5035 3016 5089 οὑ
3070 5033 3289 5090 δύναται
3345 5036 3658 5113 ὑφεστάναι·

2006 5131 2093 5183 Ἐν
2135 5125 2280 5197 αὑτῷ
2322 5125 2421 5200 γὰρ
2479 5129 2652 5198 ζῶμεν
2703 5125 2792 5180 καὶ
2842 5123 3023 5198 ἐσμὲν,
3071 5120 3148 5188 ὥς
3198 5147 3359 5201 φησιν
3411 5126 3438 5180 ὁ
3485 5125 3660 5182 Ἀπό..

2005 5229 2220 5279 στολος.
2251 5215 2316 5271 Τί
2348 5216 2438 5269 οὖν
2471 5233 2484 5284 ;
2517 5215 2545 5268 ὁ
2575 5212 2878 5276 ἀκόλαστος
2909 5213 2960 5270 ἐν
2995 5219 3075 5287 τῷ
3106 5213 3463 5271 ἀκολασταίνι
3495 5237 3522 5270 ν
3557 5217 3690 5271 οὑκ·

1483 5391 1544 5461 (ἰ)
1575 5393 1697 5449 Act.
1734 5411 1873 5465 xvu,
1903 5395 1994 5452 28.
2069 5441 2088 5452 .

1258 5595 1503 5655 VARIzE
1535 5597 1912 5658 LECTIONES
1935 5601 2028 5660 ET
2053 5599 2584 5660 CORRECTIONES

323 5700 366 5738 ’0
391 5691 902 5776 ἰῤῥωμινεστέρους.
