4000 6200
199 387 291 440 281

960 388 1016 438 S.
1057 388 1322 440 MAXIM!
1361 386 1665 440 SCHOLIA
1706 388 1776 439 IN
1819 388 1949 439 LIB.
1993 386 2088 438 DE
2127 386 2401 439 DIVINIS
2442 387 2854 442 NOMINIBUS.

3504 390 3607 442 282

199 507 482 583 ἐστέρηται
511 510 608 562 τοῦ
661 508 869 582 ἀγαθοῦ
902 527 916 575 ;
949 507 1037 561 καὶ
1083 507 1236 580 ὅμως
1296 507 1577 583 ὑφέστηκε·
1610 506 1698 561 καὶ
1750 529 1842 580 φη·

1969 507 2119 564 bono
2137 510 2399 580 privatur
2413 509 2509 565 ‘Iet
2541 513 2736 565 tamen
2751 509 3023 565 subsistit
3045 526 3058 576 ;
3080 508 3220 565 dicit
3236 511 3602 581 autem,dum

199 618 243 651 σι
280 597 374 668 μὲν
423 599 542 651 κατ’
573 595 703 651 αὑτὸ
751 597 815 651 τὸ
867 595 1296 666 ἀκολασταίνειν,
1351 597 1423 656 ὡς
1482 595 1533 650 ἐν
1604 599 1848 670 στερήσει

198 684 266 740 ὢν
299 689 397 740 τοῦ
441 686 644 760 ἀγαθοῦ
700 686 904 759 κυρίως
961 687 1063 741 οὐκ
1117 682 1280 755 ἔστιν,
1332 683 1458 739 ἀλλ’
1510 682 1631 739 οὕτε
1679 681 1847 739 ὅντων

196 775 418 847 ἐκθυμεῖ
448 779 515 813 ⁹¹·
548 775 602 830 τί
646 775 751 851 γάρ
803 775 943 830 ἐστιν
995 773 1397 829 αὐτοακολασία
1445 771 1577 848 δίχα
1621 778 1718 828 τοῦ
1770 772 1850 828 εἴ-

197 862 318 925 δους
349 868 448 918 τοῦ
482 863 892 920 ἀκολασταίνειν
929 884 942 933 ;
975 863 1127 937 ὅμως
1162 861 1352 931 ἐπειδή
1402 864 1538 917 κατά
1586 859 1850 936 ψευδοδο-

196 955 304 1025 ξίαν
338 951 495 1008 δοκεῖ
545 953 709 1016 αὐτὸς
760 953 960 1028 ἀγαθοῦ
1005 974 1150 1016 τινος
1194 951 1438 1028 ἔχεσθαι,
1468 952 1557 1006 καὶ
1606 953 1848 1020 ἡνῶσθαι

197 1045 333 1098 κατά
364 1042 555 1116 φιλίαν
604 1048 685 1114 τῷ
737 1044 1184 1121 συμφθειρομένῳ
1236 1041 1403 1114 αὑτῷ,
1448 1039 1543 1096 κᾶν
1595 1038 1850 1118 διεφθαρ-

200 1133 333 1204 μένη
372 1130 512 1205 δοκῇ
543 1135 578 1200 ἡ
614 1131 771 1209 φιλία
801 1133 954 1199 εἶναι,
992 1132 1146 1204 ὅμως
1177 1129 1271 1185 τοῦ
1302 1133 1446 1186 θείου
1475 1129 1680 1204 ἓρωτος
1711 1131 1854 1202 ἀμυ-

199 1219 322 1296 δρόν
355 1220 503 1275 ἐστιν
537 1221 840 1295 ἀπήχημα,
871 1221 960 1275 καὶ
1019 1218 1108 1274 διά
1154 1224 1254 1275 τοῦ
1301 1219 1506 1294 ἀγαθοῦ
1557 1219 1846 1294 φαντασίαν

198 1306 337 1384 ἔχει·
381 1311 447 1364 οὐ
474 1310 577 1384 γάρ
611 1307 695 1363 δεῖ
743 1309 973 1383 ἀγνοεῖν,
1005 1308 1108 1376 ὅτι,
1143 1308 1268 1364 ὅταν
1313 1311 1558 1383 κρατηθῇ
1612 1309 1713 1362 ὑπὸ
1753 1311 1850 1362 τοῦ

196 1398 402 1471 ἀλόγου
456 1399 653 1472 μέρους
701 1398 764 1452 τὸ
814 1397 1033 1472 λογικὸν
1082 1400 1180 1468 τῆς
1225 1401 1410 1472 ψυχῆς
1439 1441 1451 1465 ,
1499 1394 1849 1470 ἐμποδίζεται

201 1488 293 1559 μὶν
343 1487 413 1540 τά
465 1485 641 1540 οἰκεῖα
693 1485 944 1561 ἐνεργεῖν,
997 1484 1303 1555 συνδοξάζει
1353 1483 1408 1540 δὲ
1459 1485 1602 1540 οὕτω
1653 1483 1848 1539 λοιπὸν

197 1581 271 1646 τῷ
303 1575 517 1651 ἀλόγῳ,
551 1576 626 1637 ὡς
662 1578 803 1646 μήτε
831 1581 1044 1648 κρατεῖν
1092 1577 1259 1630 αὐτοῦ
1305 1579 1412 1628 τῶν
1464 1575 1676 1650 ὁρμῶν,
1712 1576 1849 1646 μήτε

203 1663 642 1740 συμψηερίζεσθαι
700 1669 818 1725 ταῖς
875 1663 1126 1738 πράξεσιν
1160 1683 1172 1696 ·
1233 1665 1287 1717 αἱ
1343 1663 1443 1738 γάρ
1505 1660 1849 1736 ψευδοδοξίαι

203 1754 300 1808 οὑκ
329 1753 434 1808 εἶσὶ
479 1757 578 1807 τοῦ
627 1751 852 1827 λογικοῦ
884 1750 1054 1825 δόξαι,
1087 1751 1208 1807 οὕτε
1257 1753 1312 1806 αἱ
1353 1749 1567 1825 ψευδεῖς
1615 1749 1848 1806 διάνοιαι

201 1846 305 1896 τῶν
335 1839 594 1896 διανοιῶν
624 1845 723 1896 τοῦ
775 1840 1007 1916 λογικοῦ
1061 1840 1278 1914 μέρους·
1313 1838 1437 1894 οὔτε
1483 1842 1584 1916 γάρ
1616 1839 1849 1894 διάνοιαι

202 1932 405 2004 κυρίως
461 1931 518 1984 αἱ
575 1927 810 2002 ψευδεῖς.
865 1931 1046 1986 Ἔνθεν
1104 1930 1193 1983 καὶ
1252 1930 1279 1983 6
1323 1929 1550 2002 θυμικὸς
1607 1922 1715 1991 ἔσθ’
1765 1927 1854 1982 ὅτε

207 2017 563 2097 ἐσφαλμένως
622 2019 902 2092 ἐπέξεισιν·
954 2020 1105 2091 ὅμως
1159 2019 1261 2073 οὐκ
1317 2019 1548 2091 ἄμοιρος
1605 2017 1804 2090 ἀγαθοῦ
1836 2061 1850 2089 ,

210 2107 382 2163 δοκῶν
412 2108 502 2163 ἐπὶ
536 2106 822 2182 διορθώσει
851 2112 948 2162 τοῦ
987 2106 1361 2179 κολαζομένου
1403 2112 1484 2178 τῷ
1512 2108 1668 2179 θυμῷ
1709 2113 1852 2182 χρῆ-

209 2199 343 2266 σθαι,
378 2197 468 2252 καὶ
503 2199 531 2251 6
563 2196 793 2271 αἲσχρὸς
827 2194 998 2260 οὕτως
1031 2197 1274 2250 ὑπονοῶν
1316 2195 1516 2270 ἀγαθὸν
1547 2193 1705 2256 τέλος
1751 2195 1849 2263 τήν

206 2283 429 2355 ἡδονήν.
467 2288 562 2340 Ἐκ
590 2285 787 2340 τούτου
819 2283 909 2340 οῦν
963 2284 1051 2339 καὶ
1101 2286 1153 2338 οἱ
1203 2286 1622 2359 θεομαχοῦντες,
1655 2281 1742 2337 διά
1786 2283 1849 2338 τὸ

202 2373 343 2435 ὅλως
376 2375 511 2428 εἶναι
546 2375 650 2428 ὑπὸ
680 2378 774 2428 τοῦ
799 2373 1020 2450 ἀγαθοῦ,
1052 2377 1487 2447 συγχωροῦνται·
1520 2373 1582 2427 τὸ
1620 2372 1720 2448 γάρ
1770 2373 1845 2444 μή

199 2462 555 2536 ἐστερημένον
605 2468 704 2518 τοῦ
741 2462 914 2518 καλοῦ
950 2505 963 2530 ,
1011 2461 1158 2518 ἀλλά
1191 2467 1427 2538 μερικῶς
1457 2461 1585 2516 αὑτὸ
1610 2461 1672 2515 τό
1703 2461 1847 2516 ἐστε-

197 2572 259 2624 ρη
273 2554 435 2625 μένον
464 2557 565 2608 τοῦ
597 2552 802 2628 ἀγαθοῦ
830 2553 1163 2620 συνεστάναι,
1195 2557 1340 2606 ποιεῖ
1384 2552 1447 2606 τὸ
1491 2549 1635 2612 ὅλως
1691 2550 1846 2622 μετέ-

196 2661 312 2715 χειν
342 2663 396 2696 τι
428 2645 530 2696 τοῦ
559 2641 779 2715 ἀγαθοῦ.
815 2641 891 2699 Οὗ
940 2641 1044 2716 γὰρ
1073 2643 1108 2710 ἡ
1144 2641 1363 2713 μερική,
1416 2638 1542 2694 ἀλλ’
1571 2640 1606 2707 ἡ
1652 2659 1844 2692 παντε-

196 2727 296 2797 λὴς
330 2727 582 2803 ἔλλειψις
630 2735 728 2785 τοῦ
776 2731 978 2804 ἀγαθοῦ
1025 2728 1135 2784 ἐστι
1183 2729 1246 2783 τὸ
1293 2729 1478 2783 κακόν·
1532 2728 1620 2782 καὶ
1672 2727 1733 2782 o6
1781 2729 1843 2780 τὸ

200 2823 460 2892 μερικῶς,
498 2819 642 2875 ἀλλά
668 2821 730 2874 τὸ
762 2817 1040 2880 παντελῶς
1069 2824 1168 2872 τοῦ
1217 2819 1416 2893 ἀγαθοῦ
1461 2815 1839 2890 ἐστερημένον,

203 2912 361 2962 τοῦτο
395 2907 524 2963 οὔτε
553 2911 642 2977 ἦν,
694 2906 816 2963 οὕτε
863 2907 1024 2979 ἐστὶν,
1057 2905 1178 2962 οὕτε
1209 2904 1378 2975 ἔσται,
1413 2903 1535 2961 οὔτε
1583 2905 1716 2960 εἶναι
1749 2903 1841 2959 δύο

199 3017 346 3051 ναταε
356 3043 370 3054 .

261 3085 400 3143 Οὔτε
459 3082 631 3142 ὄντων
687 3087 956 3159 ἐπιθυμεῖ.
1014 3088 1138 3142 ’Ότι
1198 3087 1226 3139 6
1275 3083 1599 3153 ἀκόλαστος,
1652 3084 1695 3140 εἷ
1749 3086 1835 3139 καὶ

196 3175 324 3229 κατά
349 3176 414 3230 τὸ
446 3175 579 3230 αὐτὸ
607 3177 668 3230 τὸ
697 3174 1100 3231 ἀκολασταίνειν
1155 3171 1276 3230 οὔτε
1320 3173 1457 3229 ἐστὶν
1509 3173 1630 3228 οὕτε
1670 3174 1840 3228 ὅντων

197 3261 466 3333 ἐπιθυμεῖ,
501 3265 655 3336 ὅμως
686 3267 799 3318 κατ’
831 3264 962 3318 αὑτὸ
988 3264 1052 3318 τὸ
1098 3271 1197 3333 τῆς
1246 3263 1488 3324 ένώσεως
1518 3264 1608 3317 καὶ
1651 3261 1837 3340 φιλίας
1870 3243 1913 3310 C

196 3359 385 3427 σχῆμα
413 3351 678 3427 ἀμυδρῶς
713 3355 928 3429 μετέχει
958 3356 1055 3408 τοῦ
1085 3353 1304 3428 ἀγαθοῦ.

266 3444 404 3514 Πρὸς
454 3444 519 3496 τὸ
570 3439 761 3497 δοκοῦν
810 3440 1000 3498 καλόν.
1055 3442 1395 3514 Σημείωσαι,
1445 3440 1526 3495 ὅτι
1573 3441 1663 3494 καὶ
1705 3441 1840 3511 6τῷ

197 3536 348 3602 θυμῷ
395 3531 799 3606 ἀποχρώμενος
847 3533 1092 3607 μετέχειν
1141 3529 1356 3605 λέγεται
1402 3534 1499 3584 τοῦ
1547 3529 1746 3603 ἀγαθοῦ
1785 3529 1836 3584 ἐν

192 3624 266 3690 τῷ
313 3621 447 3686 πρὸς
501 3618 792 3696 διόρθωσιν
820 3626 1084 3684 κινεῖσθαι
1131 3624 1238 3673 τῶν
1288 3617 1590 3674 δοκούντων
1633 3623 1835 3672 κακῶν·

197 3707 332 3762 οὕτω
362 3711 449 3763 καὶ
509 3710 536 3763 6
593 3709 893 3784 χειρία-της,
945 3707 1112 3784 ἤγουν
1169 3708 1426 3777 κακίστης
1489 3713 1634 3776 ζωῆς
1693 3706 1839 3783 ἐφιέ-

200 3819 345 3866 μενος
381 3797 603 3873 μετέχει
652 3803 748 3852 τοῦ
797 3799 998 3872 ἀγαθοῦ
1046 3797 1097 3852 ἐν
1148 3802 1227 3869 τῷ
1276 3804 1377 3866 τῆς
1426 3795 1648 3870 ἀρίστης
1694 3801 1838 3864 ζωῆς

197 3887 337 3957 αύτῷ
385 3884 658 3957 δοκούσης
709 3886 964 3964 ἐφίεσθαι·
1015 3887 1105 3940 καὶ
1136 3887 1164 3940 6
1211 3887 1272 3940 τὸ
1318 3885 1482 3940 κακὸν
1513 3881 1569 3939 δὲ
1615 3885 1839 3958 μετιὼν,

197 3971 247 4026 ἐν
283 3974 356 4046 τῷ
386 3973 568 4029 δοκεῖν
601 3973 768 4029 καλὸν
801 3979 998 4047 ποιεῖν,
1037 3973 1250 4050 μετέχει
1280 3978 1378 4028 τοῦ
1407 3973 1629 4049 ἀγαθοῦ.

268 4065 393 4128 Καθ’
425 4063 554 4118 ὅσον
583 4062 674 4117 καὶ
705 4064 880 4127 νόσος.
914 4064 975 4118 ’Π
1004 4064 1186 4130 νόσος,
1215 4059 1471 4132 εὔδηλον,
1495 4062 1570 4125 ὡς
1591 4057 1836 4135 ἔλλειψίς

193 4149 328 4204 ἐστιν
364 4152 591 4225 ὑγιείας,
613 4150 703 4204 καὶ
727 4144 1006 4225 ὑπερϐολὴ
1035 4150 1303 4222 σωμάτων
1332 4145 1560 4219 ἐνύλων,
1594 4145 1714 4202 οὔτε
1744 4146 1838 4219 μέ-

193 4259 338 4312 τρον,
371 4237 497 4294 οῦτε
522 4239 668 4310 τάξιν
698 4238 960 4313 ἐχομένη,
993 4236 1139 4294 ἀλλά
1168 4235 1237 4292 δι’
1267 4236 1522 4312 ἀκρασίας
1551 4241 1658 4291 τῶν
1689 4235 1833 4291 ὑλῶν

198 4335 318 4398 μιᾶς
352 4329 484 4400 ὑπὲρ
514 4329 614 4397 τήν
649 4324 902 4382 εὔτακτον
953 4333 1139 4400 κρᾶσιν
1169 4325 1561 4396 στασιαζούσης
1612 4323 1833 4379 ποιούν-

191 4435 296 4469 των
327 4419 422 4486 τὴν
453 4418 631 4472 νόσον.
665 4417 789 4473 Ἐπὶ
840 4420 1096 4471 τοσοῦτον
1149 4416 1244 4488 μὲν
1299 4415 1389 4469 οὖν
1422 4416 1455 4482 ἡ
1485 4413 1646 4476 νόσος
1692 4411 1832 4467 ἐστὶν

191 4503 246 4558 ἐν
275 4511 353 4576 τῷ
383 4507 618 4578 σώματι,
650 4505 731 4580 ἐφ’
763 4503 889 4559 ὅσον
920 4505 1168 4560 ὁπωσοῦν
1196 4506 1231 4573 ἡ
1263 4503 1410 4576 τάξις
1445 4502 1713 4574 ἐλλείποι,
1745 4503 1835 4556 καὶ

1967 597 2363 670 intemperans
2396 603 2506 669 est,
2541 599 2678 670 quia
2720 599 2871 654 bono
2921 598 3182 671 privatus
3213 600 3444 670 proprie
3492 617 3603 655 non

1961 689 2178 754 est,sed
2215 705 2316 744 nec
2347 688 2566 760 aliquid
2585 689 2736 744 reale
2767 688 2931 760 cupit
2964 705 2976 742 :
3012 689 3152 759 quid
3184 690 3342 745 enim
3374 689 3610 760 estipsa

1961 795 2064 849 per
2093 796 2154 833 se
2179 780 2784 851 intemperantia,sine
2817 784 2972 834 certa
2993 779 3185 851 specie
3215 778 3606 850 intemperan-

1961 867 2101 921 tiae?
2135 872 2324 923 tamen
2359 869 2641 940 quoniam
2673 869 2797 940 ipse
2827 875 3024 923 censet
3044 868 3263 923 bonum
3284 866 3521 939 aliquod
3550 869 3606 922 in

1961 954 2110 1011 falsa
2123 957 2396 1028 Opinione
2411 958 2720 1026 babere,ae
2738 958 2796 1012 in
2812 956 3244 1012 amicitiauniri
3259 974 3392 1011 cum
3413 956 3608 1028 aliquo

1961 1043 2137 1097 simul
2171 1061 2304 1100 cum
2334 1047 2459 1116 ipso
2489 1052 2786 1118 corrupto,
2819 1063 2945 1116 quae
2972 1046 3085 1101 etsi
3118 1047 3450 1117 perniciosa
3481 1062 3610 1101 esse

1960 1132 2232 1188 videatur
2261 1134 2745 1199 amicitia,tamen
2775 1141 2865 1190 est
2895 1135 3143 1190 obscura
3173 1133 3355 1189 divini
3387 1134 3608 1189 amoris

1961 1222 2353 1292 portiuncula,
2388 1229 2444 1277 et
2473 1239 2576 1294 per
2625 1224 2842 1278 bonum
2877 1224 3012 1279 boni
3066 1223 3384 1293 imaginem
3433 1239 3607 1278 occu-

1963 1314 2237 1379 pat;nou
2288 1312 2444 1365 enim
2501 1312 2768 1382 ignorare
2820 1316 3044 1382 oportet
3093 1313 3271 1382 quod,
3323 1328 3460 1366 cum
3511 1328 3602 1365 ra-

1960 1398 2196 1453 tionalis
2221 1417 2356 1470 pars
2380 1404 2585 1454 animte
2610 1401 2680 1456 ab
2703 1400 3025 1456 irrationali
3051 1404 3386 1471 superatur,
3419 1399 3604 1471 impe-

1959 1487 2154 1543 diatur
2184 1489 2417 1558 quidem
2453 1490 2686 1560 propria
2713 1490 2872 1544 obire
2901 1490 3124 1557 munia,
3163 1490 3246 1544 sic
3275 1505 3411 1544 vero
3446 1495 3601 1560 post-

1959 1593 2025 1631 ea
2056 1593 2186 1631 eum
2218 1576 2539 1632 irrationali
2574 1579 2958 1646 consentit,ut
2989 1593 3179 1649 neque
3211 1579 3470 1650 impetus
3493 1576 3610 1632 illis

1961 1664 2250 1731 cohibeat,
2305 1683 2492 1736 neque
2542 1667 2802 1722 actiones
2847 1667 3223 1736 comprobet;
3279 1682 3416 1720 nam
3451 1665 3606 1719 falsae

1961 1752 2268 1823 Opiniones
2301 1770 2414 1808 non
2448 1760 2588 1810 sunt
2617 1755 2923 1826 opiniones
2956 1753 3259 1809 rationalis
3293 1755 3610 1825 partis.nec

1962 1840 2122 1896 falsa:
2152 1840 2577 1898 intellectiones
2607 1847 2748 1898 sunt
2788 1843 3090 1899 rationalis
3143 1843 3325 1914 partis
3376 1841 3611 1898 intelle-

1965 1930 2224 1999 ctiones;
2261 1931 2415 1986 falsae
2447 1932 2603 1986 enim
2640 1949 2750 1988 non
2786 1937 2925 1987 sunt
2966 1931 3200 2004 proprie
3257 1930 3607 1987 intellectio-

1965 2035 2088 2073 nes.
2121 2019 2266 2075 Hinc
2297 2021 2469 2076 etiam
2498 2021 2818 2076 iracundus
2850 2023 3202 2092 quandoque
3250 2037 3383 2076 cum
3418 2037 3611 2076 errore

1964 2107 2195 2178 impetit
2226 2126 2238 2162 :
2275 2127 2391 2164 non
2421 2115 2619 2166 tamen
2647 2127 2852 2182 expers
2883 2115 2970 2165 est
3001 2111 3160 2178 boni,
3222 2127 3353 2166 cum
3381 2111 3610 2179 judicet

1961 2195 2019 2250 in
2048 2196 2208 2252 illius
2235 2199 2334 2269 qui
2366 2199 2610 2268 punitur
2639 2199 3016 2267 correctione,
3050 2199 3136 2253 ira
3170 2199 3608 2263 utendum,sic-

1962 2301 2074 2356 que
2104 2287 2392 2342 obscenus
2423 2288 2560 2342 dum
2612 2287 2970 2358 voluptatem
3019 2287 3194 2342 finem
3243 2288 3458 2342 bonum
3504 2304 3605 2342 su-

1959 2375 2329 2444 spicatur.Ex
2357 2375 2463 2430 hoc
2493 2375 2672 2446 igitur
2700 2376 2874 2430 etiam
2911 2376 3011 2446 qui
3043 2375 3225 2430 Deum
3260 2382 3608 2446 oppugnant

1959 2479 1991 2516 a
2023 2463 2756 2535 bonopermittunturquia
2774 2464 3040 2519 absolute
3057 2469 3232 2531 sunt;
3267 2464 3423 2534 quod
3448 2463 3604 2518 enim

1959 2549 2203 2622 pulchro
2228 2569 2341 2606 non
2367 2552 2608 2608 omnino
2636 2551 2928 2624 privatum
2953 2557 3061 2622 est,
3086 2553 3187 2607 sed
3213 2569 3277 2607 ex
3304 2557 3486 2623 parte,
3511 2569 3606 2607 cx-

1955 2639 2367 2694 sistentiaboni
2386 2641 2922 2712 privatum,facitut
2939 2640 3158 2711 aliquid
3179 2640 3450 2696 absolute
3468 2641 3602 2695 boni

1955 2728 2297 2799 participet;
2333 2746 2444 2783 non
2471 2729 2628 2783 enim
2656 2727 3154 2800 particularis,sed
3188 2730 3428 2784 omnino
3459 2746 3599 2800 per-

1952 2818 2139 2872 fectus
2167 2817 2304 2871 boni
2331 2817 2595 2873 defectus
2617 2817 2964 2884 estmalum,
2983 2818 3278 2889 siquidem
3300 2835 3413 2873 non
3447 2818 3601 2887 quod

1952 2921 2020 2960 ex
2053 2907 2340 2977 parte,sed
2374 2907 2527 2978 quod
2562 2924 2802 2978 prorsus
2835 2907 2985 2962 bono
3009 2908 3301 2977 privatum
3334 2905 3590 2976 est,illud

1952 3010 2141 3065 neque
2171 2999 2508 3066 erat,neque
2538 3001 2840 3066 est,neque
2871 2996 3001 3062 erit,
3029 3011 3217 3067 neque
3231 3012 3361 3050 esse
3384 2999 3594 3066 potest.

2020 3085 2204 3154 Neque
2231 3084 2530 3155 quidquam
2559 3085 2909 3155 concupiscit.
2935 3082 3595 3156 Intemperantem,etsi,

1950 3180 2241 3244 quatenus
2273 3173 2672 3244 intemperans
2700 3177 3006 3244 est,neque
3037 3172 3133 3238 sit,
3159 3189 3348 3242 neque
3371 3171 3594 3243 aliquid

1952 3261 2104 3318 reale
2135 3262 2371 3332 cupiat,-
2402 3269 2596 3316 tamen
2629 3263 2758 3333 ipsa
2775 3262 3056 3318 unitionis
3080 3266 3136 3318 et
3165 3261 3433 3316 amicitia:
3468 3279 3595 3332 spo-

1951 3352 2056 3420 cie,
2088 3354 2335 3406 obscure
2367 3351 2585 3406 bonum
2619 3351 2988 3422 participare.

2018 3440 2097 3494 Ad
2129 3440 2184 3494 id
2213 3440 2354 3511 quod
2385 3440 2510 3494 boni
2533 3441 2770 3510 speciem
2785 3456 2905 3510 prae
2926 3455 2983 3494 se
3010 3441 3137 3509 fert.
3171 3438 3594 3507 Nota,abutcn-

1949 3533 2069 3583 tem
2101 3529 2186 3583 ira
2216 3529 2330 3583 dici
2364 3528 2705 3599 participem
2738 3527 3200 3597 boni,quatenus
3234 3533 3499 3582 movetur
3521 3528 3593 3581 ad

1949 3617 2365 3672 correctionem
2401 3633 2602 3672 eorum
2636 3633 2764 3688 quae
2801 3616 2955 3671 mala
3005 3614 3314 3684 videntur;
3348 3615 3430 3669 ita
3462 3629 3596 3685 pes-

1949 3706 2112 3761 simae.
2136 3722 2237 3760 seu
2262 3704 2693 3760 scelestissimze
2725 3704 2974 3775 cupidus
3023 3703 3150 3758 vitas
3197 3704 3349 3757 bono
3401 3703 3585 3773 parti-

1947 3796 2123 3864 cipat,
2157 3798 2448 3865 quatenus
2480 3793 2682 3857 vitam,
2735 3809 2860 3862 quas
2913 3792 3134 3862 optima
3180 3790 3292 3862 ipsi
3336 3791 3585 3856 videtur,

1948 3883 2147 3953 cupit;
2179 3889 2354 3952 atque
2384 3882 2435 3937 is
2476 3881 2573 3952 qui
2605 3881 2826 3935 malum
2871 3880 3264 3951 persequitur,
3298 3885 3590 3950 quatenus

1945 3971 2174 4026 videtur
2205 3971 2444 4024 honeste
2478 3971 2686 4036 facere,
2719 3969 2853 4024 boni
2887 3970 2951 4022 ﬁt
2983 3969 3292 4040 particeps.

2018 4060 2173 4116 150
2223 4059 2374 4114 Sicut
2421 4061 2585 4113 etiam
2637 4061 2880 4114 morbus.
2931 4057 3166 4114 Clarum
3198 4061 3288 4112 est
3320 4057 3589 4112 morbum

1945 4165 2074 4204 esse
2104 4149 2396 4203 defectum
2425 4148 2719 4210 sanitatis,
2753 4153 2808 4202 et
2849 4163 3153 4202 excessum
3187 4146 3588 4202 materialium

1947 4254 2280 4309 corporum,
2317 4253 2505 4308 neque
2536 4253 2900 4302 mensuram,
2955 4251 3140 4306 neque
3193 4235 3458 4290 ordinem
3494 4235 3592 4288 ha-

1947 4327 2204 4393 bentem,
2237 4326 2339 4382 sed
2373 4341 2474 4397 per
2503 4325 2910 4396 intemperiem
2943 4325 3118 4380 unius
3175 4324 3428 4379 materias
3461 4340 3588 4393 quae

1945 4417 2091 4471 bene
2122 4416 2506 4471 constitutum
2540 4415 2890 4486 perturbans
2931 4417 3456 4484 temperamentum
3489 4426 3589 4482 ge-

1945 4513 2106 4560 neret
2137 4505 2407 4559 morbum
2439 4521 2452 4569 ;
2484 4510 2728 4559 eatenus
2761 4504 2942 4573 igitur
2973 4502 3213 4557 morbus
3262 4505 3350 4556 est
3381 4502 3438 4555 in
3461 4517 3587 4556 cor-

189 4593 252 4646 τὸ
284 4600 440 4667 σῶμα
471 4594 800 4649 συνίσταται·
835 4593 883 4649 εἷ
929 4595 1030 4670 γάρ
1079 4592 1352 4662 παντελὴς
1396 4591 1645 4666 ἀμετρία,
1681 4591 1830 4646 λύσει

1959 4598 2399 4665 pore,quatenus
2431 4591 2862 4663 aliquantulum
2889 4591 3029 4646 ordo
3061 4589 3277 4656 deﬁcit,
3298 4595 3354 4645 et
3377 4606 3587 4660 corpus

185 4681 250 4736 τὸ
283 4688 458 4755 σῶμα,
489 4685 732 4738 τουτέσνι
766 4689 870 4738 τῶν
918 4682 1061 4738 ὑλων
1109 4684 1209 4751 τὴν
1258 4681 1429 4752 τάξιν,
1479 4681 1634 4750 καὶὴ
1676 4681 1832 4744 νόσος

188 4772 520 4847 ἀφανίζεται,
568 4776 665 4828 τοῦ
711 4774 961 4845 σώματος
1014 4769 1288 4844 λυομένου
1338 4770 1388 4825 ἐν
1434 4771 1479 4836 ᾦ
1525 4772 1834 4840 συνεστήκει

186 4863 220 4928 ἡ
256 4862 430 4924 νόσος·
463 4861 606 4916 οὕτω
636 4863 723 4916 καὶ
757 4861 844 4916 ἐπὶ
886 4865 984 4916 τοῦ
1027 4861 1228 4936 ἀγαθοῦ
1259 4859 1310 4914 ἐν
1363 4861 1475 4932 ὅσῳ
1523 4860 1750 4927 σώζεται
1779 4859 1832 4914 ἐν

181 4953 348 5023 ἡμῖν,
390 4947 590 5028 ἔχομεν
639 4951 877 5022 ἐξουσίαν
923 4953 1176 5026 πράττειν
1225 4951 1313 5004 καὶ
1360 4951 1423 5004 τὸ
1470 4949 1654 5004 κακόν·
1708 4951 1831 5027 ἀφι-

189 5040 460 5113 σταμένου
490 5043 591 5116 γάρ
622 5045 722 5097 τοῦ
750 5042 972 5116 ἀγαθοῦ,
1007 5037 1132 5097 οὔτε
1155 5039 1320 5096 κακὸν
1377 5037 1517 5094 ἔστιν
1553 5039 1724 5114 εὑρεῖν
1777 5038 1828 5093 ἐν

181 5133 217 5200 ἡ
229 5137 324 5204 μῖν
335 5174 348 5186 .
1214 5178 1217 5180 ,

247 5223 322 5275 Τὸ
350 5223 446 5295 γὰρ
482 5223 659 5292 πάντη
717 5220 968 5296 ἄμοιρον.
1000 5221 1061 5279 Ὁ
1108 5220 1308 5282 σκοπὸς
1360 5223 1460 5274 τοῦ
1511 5217 1657 5283 θείου
1708 5227 1830 5273 Διο-

173 5309 369 5365 νοσίου
396 5309 452 5366 ἐκ
500 5309 730 5366 πολλῶν
782 5311 978 5388 σαφής·
1025 5309 1340 5387 μαχόμενος
1367 5313 1484 5372 ταῖς
1511 5329 1673 5364 τινων
1703 5307 1828 5366 Ἐλ-

1945 4681 2217 4737 consistit
2244 4701 2255 4736 :
2289 4681 2340 4736 si
2366 4681 2519 4736 enim
2543 4681 2836 4752 perfectus
2859 4680 2936 4734 sit
2968 4696 3261 4734 mensurae
3289 4693 3585 4744 excessus,

1945 4788 2159 4842 corpus
2185 4769 2484 4838 dissolvet,
2515 4769 2572 4823 id
2614 4772 2703 4824 est
2732 4769 2986 4824 materia:
3039 4768 3324 4832 ordinem,
3345 4766 3592 4821 destrui-

1946 4866 2159 4933 turque
2176 4861 2734 4928 morbus,dissoluto
2751 4875 2990 4931 corpore
3015 4859 3071 4913 in
3097 4875 3212 4930 quo
3231 4857 3588 4923 constiterat;

1944 4951 2026 5006 ita
2055 4951 2230 5006 etiam
2266 4952 2323 5004 in
2358 4952 2508 5005 bono
2540 4953 2832 5020 quatenus
2865 4949 2922 5003 in
2959 4947 3129 5002 nobis
3187 4950 3588 5009 conservatur,

1944 5044 2291 5112 potestatem
2307 5037 2857 5094 habemusfaeiendi
2879 5038 3054 5092 etiam
3075 5034 3296 5090 malum
3323 5035 3591 5100 ;absente

1941 5129 2095 5184 enim
2129 5128 2297 5199 bono,
2324 5128 2545 5184 malum
2579 5126 2638 5181 in
2666 5125 2835 5180 nobis
2867 5141 2983 5180 non
3015 5123 3358 5195 reperietur.

2013 5218 2172 5291 Quod
2200 5219 2353 5274 enim
2376 5219 2599 5275 omnino
2627 5231 2822 5289 expers
2852 5219 2952 5271 est.
2986 5214 3212 5288 Scapus
3244 5213 3426 5270 divini
3453 5213 3589 5270 Dio-

1939 5307 2092 5380 nysii
2124 5323 2193 5364 ex
2222 5307 2427 5364 multis
2458 5310 2618 5380 patet
2649 5323 2664 5362 :
2696 5321 3048 5379 oppugnans
3084 5305 3241 5362 enim
3276 5303 3588 5378 gentilium

1178 5550 1423 5624 VARIIE
1453 5561 1843 5623 LECTIONES
1871 5559 1962 5621 ET
1992 5557 2531 5617 CORRECTIONES

259 5715 307 5754 “
341 5711 610 5789 ἐπιθυμεῖ.
