4000 6200
409 375 515 428 283

1231 380 1593 432 APPENDIX
1631 380 1725 431 AD
1764 375 2003 431 OPERA
2037 377 2098 428 8.
2138 374 2451 430 DIONYSII
2486 373 2988 430 AREOPAGITE.

3699 370 3797 424 284

413 498 808 569 quorumdam
840 491 1148 570 opiniones
1177 499 1248 555 de
1281 499 1456 570 malo,
1497 499 1640 556 dicit
1671 498 1888 555 malum
1938 513 2054 552 non

2172 493 2350 564 λήνων
2385 492 2562 565 δόξαις
2595 495 2720 570 περὶ
2767 498 2864 549 τοῦ
2905 497 3096 561 κακοῦ,
3143 491 3289 568 λέγει
3337 493 3382 528 ⁸³
3411 492 3514 566 γὰρ
3566 491 3644 564 μὴ
3675 492 3796 546 εἶναι

413 602 542 642 esse
575 602 721 654 ens;
753 586 970 642 malum
1006 588 1162 642 enim
1210 588 1405 659 ipsum
1458 604 1697 658 prorsus
1744 585 2056 642 essentiale

414 692 528 730 non
563 681 761 745 posset
790 677 1092 743 exsistere,
1126 677 1240 731 nisi
1273 677 1585 732 universali
1638 675 1776 732 boni
1825 676 2052 730 defectu

418 764 677 819 totaliter
704 765 879 833 hujus
909 781 1112 836 expers
1135 770 1288 820 esset
1319 785 1331 833 ;
1368 766 1508 820 illud
1533 769 1728 822 autem
1761 779 2054 835 nusquam

419 857 507 906 est
537 853 810 923 reperire,
846 870 1035 924 neque
1084 855 1142 908 in
1194 855 1318 925 ipsa
1365 854 1600 910 informi
1647 853 1913 922 materia,
1946 850 2054 906 etsi

417 941 526 995 hoc
559 943 910 1012 quibusdam
927 943 1552 1013 gentiliumvideatur;
1589 941 1912 1014 quodenim
1937 956 2056 995 om-

418 1029 556 1085 nino
589 1047 620 1084 a
651 1032 760 1085 Deo
783 1032 1131 1102 productum
1153 1033 1537 1104 est,quamvis
1555 1033 1801 1087 obscure
1819 1034 1874 1085 et
1900 1033 2058 1101 post-

418 1135 600 1185 remo,
636 1118 1022 1174 nihilominus
1057 1120 1275 1175 bonum
1320 1120 1646 1191 participat.
1699 1119 1816 1174 Hoc
1857 1122 2056 1173 autem

419 1208 696 1279 deinceps
727 1208 785 1262 in
819 1208 1046 1264 decimo
1079 1208 1494 1280 disputationis
1521 1208 1700 1279 hujus
1722 1207 1912 1279 capite
1933 1223 2058 1278 per-

417 1297 562 1352 fecte
593 1298 960 1352 demonstrat
985 1315 998 1365 ;
1033 1297 1249 1354 sienim
1267 1297 1487 1353 malum
1511 1314 1642 1353 cum
1665 1298 1817 1352 bono
1848 1295 2057 1351 misce-

418 1389 601 1452 retur,
634 1385 688 1440 id
724 1391 814 1440 est
841 1386 1056 1442 alicubi
1089 1387 1329 1458 quidem
1361 1403 1476 1442 non
1516 1404 1621 1443 ens
1667 1390 1824 1442 esset
1849 1385 1908 1440 in
1940 1384 2058 1438 exi-

417 1491 532 1546 guo
568 1475 704 1529 boni
737 1475 965 1530 defectu
989 1492 1003 1530 :
1034 1475 1246 1532 alicubi
1273 1482 1464 1533 autem
1480 1493 1594 1532 non
1612 1492 1718 1532 ens
1741 1479 1898 1531 esset
1921 1473 2060 1544 quia

419 1562 658 1618 omnino
689 1567 779 1618 est
809 1565 908 1634 qui
931 1564 1208 1634 facit,non
1242 1565 1350 1620 hoc
1381 1564 1602 1619 malum
1629 1583 1644 1633 ;
1677 1581 1792 1618 non
1816 1562 1974 1618 enim
1998 1561 2058 1616 in

419 1650 776 1720 aliquantulo
808 1653 1058 1719 defectu,
1091 1655 1193 1708 sed
1223 1653 1283 1708 in
1316 1653 1633 1708 universali
1663 1652 1800 1708 boni
1831 1651 2060 1707 defectu

419 1738 642 1794 malum
674 1740 977 1808 consistit;
997 1743 1149 1813 quod
1171 1742 1352 1814 igitur
1372 1758 1577 1814 parum
1603 1759 1636 1797 a
1657 1742 1810 1796 bono
1839 1739 2059 1808 deficit,

420 1843 536 1882 non
568 1832 656 1883 est
689 1829 909 1884 malum
936 1848 950 1899 ;
984 1835 1173 1901 potest
1193 1830 1349 1885 enim
1378 1831 1551 1886 etiam
1575 1829 1889 1900 perfectum
1910 1843 2058 1895 esse,

418 1920 706 1986 quantum
721 1919 793 1971 ad
825 1934 993 1973 suam
1014 1922 1286 1973 naturam
1314 1937 1327 1986 ;
1361 1918 1582 1989 aliquid
1613 1917 1769 1974 enim
1789 1917 2056 1988 est,quod

419 2009 684 2077 respectu
718 2006 854 2062 boni
888 2007 1186 2076 deficiens,
1222 2011 1487 2079 respectu
1518 2023 1652 2062 vero
1682 2009 1904 2061 natura
1941 2021 2058 2060 suae

417 2094 733 2165 perfectum
758 2094 1016 2166 sit,quod
1045 2097 1314 2167 equidem
1337 2097 1550 2152 bonum
1576 2099 2057 2166 est,nequaquam

417 2198 552 2238 vero
568 2183 787 2239 malum
814 2203 827 2252 ;
859 2189 1033 2257 atque
1055 2186 1198 2240 adeo
1213 2187 1500 2258 particeps
1514 2185 1776 2241 defectus
1791 2186 2054 2255 respectu

418 2271 590 2342 primi
615 2273 943 2341 boni.Quod
978 2291 1112 2329 vero
1145 2291 1257 2329 non
1282 2291 1523 2346 prorsus
1554 2289 1760 2345 expers
1780 2276 1870 2328 est
1897 2270 2056 2341 boni,

419 2362 519 2417 sed
539 2361 792 2433 amplius
807 2363 1089 2418 accedens
1102 2364 1172 2418 ad
1189 2363 1555 2427 malum,non
1575 2363 1816 2418 omnino
1835 2359 2056 2415 malum

419 2455 546 2519 est;
578 2450 732 2505 sicut
753 2451 1098 2524 etiamquod
1133 2453 1415 2508 minusad
1449 2453 1668 2508 bonum
1703 2449 2060 2515 accedit,ali-

419 2537 559 2609 quid
591 2539 729 2594 boni
758 2539 1139 2612 habet,atque
1169 2542 1238 2596 ab
1270 2541 1397 2613 ipso
1429 2540 1822 2598 substantiam
1854 2537 2011 2609 capit
2043 2554 2056 2593 :

419 2645 708 2700 suamque
739 2631 1122 2701 privationem
1153 2631 1408 2685 essentia
1431 2631 1780 2696 donat,dum
1802 2627 2062 2684 totaliter

419 2717 491 2772 de
522 2717 673 2772 bono
705 2723 926 2788 certat;
959 2719 1006 2775 si
1030 2719 1185 2774 enim
1219 2735 1361 2790 pure
1392 2736 1458 2774 ac
1487 2719 1727 2774 omnino
1753 2717 1930 2774 fuerit
1957 2717 2060 2772 ab-

421 2807 613 2862 sentia
644 2807 801 2877 boni,
833 2811 1057 2863 certum
1091 2813 1180 2864 est
1220 2809 1372 2880 quod
1418 2812 1544 2862 tum
1597 2824 1710 2862 non
1741 2809 1819 2862 sit
1847 2807 1905 2862 in
1938 2808 2058 2860 toto

421 2895 860 2967 bonum,neque
889 2897 1129 2952 mistum
1146 2897 1584 2968 bonum,neque
1603 2911 1703 2967 per
1719 2911 1780 2950 se
1803 2893 2056 2960 malum;

420 2983 519 3036 ubi
535 2984 688 3038 enim
704 3002 816 3040 non
837 2991 927 3040 est
948 2987 1386 3058 bonum,neque
1407 2990 1494 3041 est
1513 2983 1733 3056 aliquid
1755 2984 1813 3038 in
1829 2991 2056 3049 natura;

421 3073 711 3140 quomodo
743 3071 924 3144 igitur
952 3075 1061 3129 erit
1092 3074 1315 3130 malum
1347 3091 1380 3129 a
1412 3072 1572 3129 nullo
1621 3071 1876 3128 essentia
1905 3072 2051 3128 151

419 3159 741 3227 donatum;
777 3161 942 3216 aufer
971 3163 1126 3216 enim
1168 3178 1412 3235 corpora
1441 3166 1498 3218 et
1529 3163 1749 3227 lumen,
1783 3177 1887 3216 nec
1930 3164 2055 3215 tum

416 3249 525 3304 erit
560 3250 783 3306 umbra.
819 3250 1023 3321 Itaque
1060 3252 1216 3320 quod
1266 3227 1615 3322 simpliciter
1662 3249 1905 3318 malum,
1939 3265 2053 3304 non
2090 3227 2133 3295 Ε

417 3338 648 3392 exsistit
679 3354 781 3410 per
811 3354 892 3404 se,
928 3339 1028 3394 sed
1061 3338 1218 3394 velut
1244 3340 1302 3395 in
1356 3340 1620 3410 subjecto
1649 3359 1663 3407 ;
1698 3339 1919 3394 bonum
1953 3355 2056 3393 au-

417 3430 560 3496 tem,
591 3426 766 3481 etiam
817 3427 943 3482 sine
991 3427 1256 3497 subjecto
1311 3433 1579 3483 naturam
1633 3427 1806 3483 habet
1835 3431 1892 3483 et
1919 3442 2056 3482 con-

419 3520 707 3586 servatur,
757 3533 823 3572 ac
854 3515 998 3572 illud
1033 3533 1132 3588 per
1175 3533 1236 3572 se
1286 3517 1532 3585 bonum;
1591 3516 1809 3574 malum
1859 3521 2058 3572 autem

418 3603 545 3660 sine
559 3605 822 3675 subjecto
845 3606 1003 3678 quod
1027 3623 1059 3660 a
1079 3606 1228 3662 bono
1241 3612 1648 3676 conservatur;
1681 3607 1880 3662 omnia
1900 3605 2056 3661 enim

417 3698 582 3749 extra
612 3693 807 3766 ipsum
845 3711 1032 3766 neque
1075 3700 1241 3763 sunt,
1271 3712 1462 3768 neque
1510 3700 1815 3769 apparent,
1870 3710 2060 3766 neque

419 3789 911 3856 corrumpuntur;
948 3802 1081 3841 nam
1113 3786 1212 3856 qui
1243 3785 1544 3854 ﬁat,nullo
1574 3787 1892 3842 exsistente
1918 3784 2058 3840 sub-

412 3873 610 3943 jecto?
639 3875 741 3929 sed
783 3891 1024 3946 prorsus
1047 3875 1388 3932 exsistentia
1434 3879 1611 3944 caret,
1655 3890 1759 3931 nec
1809 3888 2060 3945 usquam

422 3967 531 4018 est.

492 4053 559 4104 Et
579 4055 786 4105 statum
815 4051 934 4106 dat.
965 4053 1026 4107 Id
1057 4056 1148 4108 et
1180 4054 1322 4108 facit
1352 4059 1415 4110 ut
1447 4053 1667 4109 malum
1691 4053 1768 4110 sit
1789 4052 2064 4109 substan-

419 4137 588 4192 tia.Si
613 4137 771 4192 enim
805 4140 1027 4195 malum
1058 4142 1140 4196 sit
1168 4141 1413 4212 privatio
1434 4142 1592 4211 boni,
1626 4143 1844 4199 bonum
1863 4145 2059 4196 autem

422 4226 513 4280 sui
543 4226 928 4296 privationem
961 4227 1154 4300 faciat,
1195 4246 1336 4286 sane
1366 4231 1613 4286 existere
1645 4231 1783 4288 facit
1814 4229 2062 4299 malum,

422 4315 580 4388 quod
612 4320 702 4370 est
731 4315 869 4370 boni
901 4318 1174 4387 privatio.

491 4405 721 4460 Omnino
775 4420 874 4476 per
929 4409 1020 4462 sui
1078 4408 1651 4465 communicatmnem.
1717 4406 2063 4464 Particulari

422 4494 560 4549 boni
594 4493 1063 4566 participatione,
1095 4495 1273 4553 etiam
1323 4496 1705 4570 privationem
1753 4497 1881 4568 ejus
1911 4496 2061 4553 exsi-

419 4588 593 4639 atere.

495 4671 727 4740 Quando
755 4673 884 4730 alii:
915 4675 1135 4746 quidem
1164 4677 1376 4731 malum
1415 4684 1508 4732 est.
1543 4675 1638 4732 Has
1669 4675 1890 4750 species
1923 4681 2066 4732 sunt

424 4761 746 4832 mali,sicut
776 4767 948 4819 antea
969 4764 1227 4820 diximus
1252 4783 1264 4832 ;
1300 4781 1415 4820 non
1447 4766 1604 4822 enim
1637 4765 1945 4822 essentiale
1965 4782 2068 4836 per

421 4867 484 4906 se
524 4850 935 4924 malum,quod
956 4871 1069 4909 non
1097 4857 1227 4920 est;
1259 4871 1395 4909 nam
1438 4854 1611 4910 alicui
1647 4855 1868 4911 malum
1910 4871 2063 4925 esse,

421 4941 576 5010 quod
595 4939 877 5012 voluptati
894 4940 1342 5013 turpitanquam
1366 4941 1518 4997 bono
1561 4941 1735 4998 alicui
1783 4941 2062 5009 adhaeret,

421 5045 536 5084 non
561 5034 652 5084 est
675 5045 775 5100 per
795 5030 894 5085 sed
921 5031 1272 5100 malum,sed
1300 5031 1524 5102 species
1547 5029 1707 5099 mali;
1729 5031 1881 5101 quod
1906 5030 2063 5086 enim

425 5119 666 5174 omnino
700 5119 945 5190 malum,
977 5119 1123 5175 illud
1157 5137 1274 5176 non
1304 5120 1557 5186 exsistit,
1605 5121 1880 5192 quoniam
1913 5121 2064 5178 exsi-

419 5209 647 5273 stendo,
676 5209 1079 5280 participaret,
1111 5209 1224 5265 etsi
1261 5209 1322 5266 in
1378 5213 1635 5266 extremo
1667 5210 1934 5282 vestigio,
1964 5213 2064 5267 bo-

423 5312 602 5365 num;
639 5296 768 5354 vide
798 5297 956 5354 enim
1008 5299 1149 5370 quid
1202 5299 1454 5358 ulterius
1493 5317 1844 5374 progressus
1887 5301 2061 5359 dicat.

419 5385 568 5443 Nam
599 5386 646 5442 si
694 5389 894 5444 omnia
940 5389 1094 5446 bono
1141 5389 1516 5464 participant,
1562 5409 1629 5449 ac
1677 5393 1738 5448 in
1788 5393 2065 5451 omnibus

2092 4600 2142 4663 D

2164 584 2222 638 ὃν
2247 584 2310 637 τὸ
2339 583 2522 638 κακόν.
2571 584 2751 639 Κακὸν
2799 583 2900 658 γὰρ
2951 582 3084 637 αὐτὸ
3131 582 3371 653 καθάπαξ
3421 578 3682 641 οὐσιῶδες
3709 579 3801 634 οὐκ

2166 669 2223 726 ἂν
2258 670 2362 742 εἷή,
2395 672 2439 726 εἷ
2477 674 2550 745 μὴ
2601 673 2826 727 τὸκατά
2871 669 3113 740 παντελῆ
3167 668 3416 743 ρἔλλειψιν
3470 673 3568 725 τοῦ
3615 669 3800 741 ἀγαθοῦ

2166 760 2484 836 ὁλοσχερῶς
2519 760 2750 836 ἄμοιρον
2801 762 2859 815 ’ὸν
2913 760 3130 816 τούτου·
3176 764 3337 815 τοῦτο
3379 761 3479 834 γὰρ
3534 758 3634 813 οὐκ
3671 756 3798 812 ἔστιν

2166 847 2410 922 οὐδαμοῦ
2468 850 2660 926 εὑρεῖν,
2724 847 2854 904 οὐδὲ
2911 850 2962 904 ἐν
3015 853 3083 923 τῇ
3115 847 3220 922 ὕλῃ
3265 848 3401 922 αὐτῇ
3448 851 3518 922 τῇ
3562 846 3800 920 ἀνειδέῳ,

2165 936 2259 992 κᾶν
2308 940 2470 994 τοῦτό
2515 961 2624 994 τισι
2667 943 2775 994 τῶν
2809 939 3094 1009 Ἑλλήνων
3142 935 3299 1012 δοκῇ·
3332 939 3361 992 ὃ
3391 938 3494 1013 γὰρ
3527 935 3676 1000 ὅλως
3708 938 3800 994 ὑπὸ

2167 1031 2301 1082 Θεοῦ
2351 1035 2645 1104 παρῆκται.
2696 1026 2791 1083 κᾶν
2840 1024 3098 1102 ἀμυδρῶς
3139 1025 3226 1082 καὶ
3266 1025 3530 1102 ἐσχάτως,
3583 1029 3806 1100 μετεσχε

2168 1112 2212 1170 δ’
2247 1117 2335 1170 οὗν
2384 1116 2536 1190 ὅμως
2567 1121 2663 1172 τοῦ
2709 1117 2933 1192 ἀγαθοῦ.
2966 1119 3142 1174 Τοῦτο
3192 1113 3250 1170 δὲ
3278 1116 3486 1191 προϊὼν
3537 1114 3588 1170 ἐν
3618 1119 3698 1187 τῷ
3726 1113 3804 1169 δε-

2165 1204 2314 1277 κάτῳ
2369 1203 2654 1284 κεφαλαίῳ
2707 1205 2906 1261 τούτου
2961 1206 3058 1260 τοῦ
3109 1200 3518 1281 προϐλήματος
3585 1202 3804 1265 τελείως

2167 1291 2560 1350 ἀποδείκνυσιν·
2588 1294 2636 1349 εἴ
2666 1296 2770 1370 γὰρ
2821 1294 3010 1368 μικτὸν
3059 1292 3143 1366 εἷή
3172 1299 3254 1366 τῷ
3305 1294 3488 1368 ἀγαθῷ
3515 1294 3578 1348 τὸ
3631 1293 3802 1350 κακὸν.

2165 1384 2430 1454 τουτέστι,
2462 1389 2538 1451 πῆ
2573 1385 2668 1459 μὶν
2706 1387 2782 1459 μὴ
2815 1386 2871 1440 ὃν
2905 1382 2996 1440 διὰ
3038 1391 3139 1447 τῖες
3172 1383 3256 1440 ἐπ’
3296 1382 3480 1458 ὀλίγον
3513 1382 3806 1458 ἐλλείψεως

2167 1479 2264 1529 τοῦ
2321 1475 2546 1549 ἀγαθοῦ,
2604 1481 2678 1544 πῆ
2743 1472 2800 1529 δὶ
2859 1489 2935 1547 μη
2993 1475 3053 1529 ’ὸν
3106 1471 3196 1528 διὰ
3237 1475 3300 1528 τὸ
3344 1475 3482 1528 εἶναι
3529 1472 3680 1534 ὅλως
3720 1473 3805 1527 τόν

2165 1567 2444 1633 ποιοῦντα,
2506 1565 2569 1618 οὐ
2612 1563 2776 1618 κακὸν
2819 1567 3016 1617 τοῦτο’
3072 1562 3139 1617 οὐ
3188 1561 3292 1636 γὰρ
3341 1561 3394 1616 ἐν
3441 1565 3512 1634 τῇ
3562 1562 3806 1616 ὁπωσοῦν

2167 1650 2436 1726 ἐλλείψει,
2467 1649 2593 1708 ἀλλ’
2625 1651 2675 1707 ἐν
2706 1656 2776 1725 τῇ
2821 1649 3074 1706 παντελεῖ
3105 1649 3348 1724 ἐλλείψει
3394 1655 3493 1706 τοῦ
3524 1652 3728 1726 ἀγαθοῦ
3753 1650 3810 1704 τὸ

2166 1740 2350 1796 κακόν.
2383 1743 2452 1795 Τὸ
2483 1745 2609 1818 γοῦν
2639 1738 2899 1797 ἐλλεῖπον
2933 1739 3122 1814 ὀλίγον
3173 1743 3270 1795 τοῦ
3300 1740 3502 1813 ἀγαθοῦ
3533 1738 3600 1793 οὐ
3628 1739 3808 1793 κακόνο

2170 1827 2388 1884 δύναται
2435 1830 2537 1906 γὰρ
2584 1831 2673 1885 καὶ
2725 1829 2931 1886 τέλειον
2983 1831 3110 1884 εἶναι
3152 1829 3227 1893 ὡς
3274 1828 3412 1900 πρὸς
3457 1830 3558 1898 τήν
3629 1829 3812 1883 ἑαυτοῦ

2167 1919 2345 1994 φύσιν·
2374 1917 2486 1974 ἔστι
2523 1920 2616 1992 μὲν
2667 1921 2771 1995 γάρ
2821 1940 2874 1974 τι
2923 1920 2997 1981 ὡς
3043 1919 3180 1995 πρὸς
3236 1918 3330 1991 μὶν
3369 1919 3433 1973 τὸ
3485 1918 3689 1992 ἀγαθὸν
3723 1914 3812 1971 ἰλ-

2169 2007 2346 2077 λιπὶς,
2403 2010 2476 2070 ὡς
2527 2005 2585 2062 δὲ
2631 2009 2766 2081 πρὸς
2802 2009 2899 2077 τήν
2954 2008 3146 2062 ἑαυτοῦ
3194 2006 3349 2085 φύσιν
3396 2004 3626 2074 τέλειον,
3662 2006 3692 2060 ’ὁ
3739 2002 3802 2073 δὴ

2166 2096 2362 2170 ἀγαθὸν
2399 2098 2493 2170 μὲν
2526 2095 2658 2168 ἔστι,
2689 2097 2854 2152 κακὸν
2903 2093 2960 2151 δὲ
3007 2094 3282 2170 οὐδαμῶς·
3315 2095 3492 2151 καίτοι
3534 2116 3593 2149 τε
3624 2093 3803 2150 ἰλλεί-

2167 2187 2311 2258 ψεως
2343 2185 2573 2260 μετέχον
2608 2186 2681 2247 ὡς
2715 2186 2850 2261 πρὸς
2899 2185 2962 2240 τὸ
3003 2189 3219 2257 πρῶτον
3253 2183 3472 2260 ἀγαθόν.
3516 2183 3593 2241 Τὸ
3627 2181 3686 2237 δὲ
3733 2183 3805 2254 μὴ

2164 2275 2444 2336 παντελῶς
2488 2273 2718 2350 ἄμοιρον
2763 2275 2860 2328 τοῦ
2907 2275 3133 2349 ἀγαθοῦ,
3185 2271 3331 2329 ἀλλά
3375 2272 3512 2328 κατὰ
3539 2273 3600 2327 τὸ
3642 2271 3806 2327 πλέον

2166 2360 2379 2438 ἐγγίζον
2423 2367 2504 2434 τῷ
2549 2366 2698 2435 κακῷ
2745 2365 2812 2435 9³,
2841 2361 2904 2416 οὐ
2949 2364 3126 2432 πάντη
3178 2360 3366 2416 κακόν
3419 2356 3598 2434 ὥσπερ
3629 2361 3811 2414 καὶτὸ

2167 2450 2387 2508 ἔλαττον
2421 2452 2635 2528 ἐγγίζον
2683 2457 2761 2525 τῷ
2804 2454 3011 2528 ἀγαθῷ,
3059 2449 3174 2526 ἔχει
3217 2472 3270 2506 τι
3311 2455 3410 2506 τοῦ
3458 2452 3684 2526 ἀγαθοῦ,
3729 2447 3812 2504 καί

2167 2543 2441 2598 οὐσιοῦται
2491 2541 2543 2612 ἐξ
2586 2541 2773 2610 αὐτοῦ,
2803 2542 2896 2596 καὶ
2941 2543 3042 2610 τὴν
3087 2544 3131 2579 ⁸⁸
3180 2541 3372 2595 ἑαυτοῦ
3419 2541 3673 2614 στέρησιν
3718 2538 3814 2593 οὐ·

2166 2637 2276 2686 σιοῖ
2307 2629 2358 2686 ἰν
2407 2634 2486 2702 τῷ
2536 2628 2682 2692 δλως
2736 2629 3004 2704 μάχεσθαι
3035 2631 3079 2666 9⁸
3103 2628 3162 2683 ἐκ
3205 2633 3303 2684 τοῦ
3349 2629 3567 2702 ἀγαθοῖν
3620 2626 3674 2683 εἴ
3714 2626 3810 2703 γὰρ

2165 2719 2412 2793 ἀκράτως
2461 2721 2548 2774 καὶ
2601 2717 2884 2780 παντελῶς
2929 2719 3165 2773 ἀπουσία
3216 2717 3300 2788 εἶή
3331 2721 3426 2772 τοῦ
3457 2717 3688 2792 ἀγαθοῦ,
3720 2714 3812 2786 δῆ-

2168 2806 2264 2862 λον
2297 2808 2372 2870 ὡς
2406 2804 2530 2862 οὕτε
2559 2809 2676 2871 καθ’
2723 2807 2856 2862 ὅλου
2905 2807 3125 2882 ἀγαθὸν,
3176 2803 3302 2861 οὕτε
3348 2807 3538 2878 μικτὸν
3589 2805 3808 2880 ἀγαθὸν,

2167 2895 2290 2951 οὔτε
2342 2895 2666 2950 αὐτόκακον·
2713 2893 2838 2959 ἔνθα
2872 2895 2974 2970 γὰρ
3020 2895 3122 2950 οὐκ
3167 2889 3281 2949 ἔστι
3329 2897 3393 2948 τὸ
3439 2893 3668 2968 ἀγαθὸν,
3702 2890 3809 2948 οὐδ’

2166 2984 2277 3041 ἐστί
2321 3006 2372 3039 τι
2423 2984 2474 3038 ἐν
2521 2988 2590 3058 τῇ
2637 2985 2812 3062 φύσει.
2863 2987 2988 3046 Πῶς
3041 2983 3132 3039 οὖν
3189 2978 3505 3038 1³⁶ἷέσταιτὸ
3533 2984 3700 3038 κακὸν
3737 2985 3807 3055 μὴ

2167 3071 2270 3130 ὑπὸ
2294 3095 2442 3135 τινος
2472 3072 2826 3146 οὐσιούμενον
2855 3093 2868 3141 ;
2901 3070 3056 3129 ἄνελε
3091 3074 3194 3148 γὰρ
3244 3071 3311 3127 τὰ
3358 3071 3584 3144 σώματα
3630 3071 3724 3126 καὶ
3752 3072 3810 3126 τὸ

2167 3170 2304 3241 φῶς,
2335 3164 2425 3218 καὶ
2477 3163 2576 3218 οὐκ
2625 3159 2772 3218 ἔσται
2825 3162 2969 3218 σκιά.
3027 3161 3232 3218 Οὐκοῦν
3293 3161 3393 3216 οὐκ
3438 3161 3496 3216 ὃν
3543 3161 3605 3216 τὸ
3649 3161 3812 3215 κακὸν

2169 3251 2380 3322 ἁπλῶς,
2431 3250 2559 3306 ἀλλ’
2603 3252 2677 3314 ὡς
2731 3251 2782 3306 ἐν
2836 3248 3203 3324 ὕποκειμᾶνῳο
3256 3247 3319 3304 τὸ
3368 3247 3426 3304 δὶ
3470 3248 3674 3324 ἀγαθὸν
3725 3249 3808 3303 καὶ

2167 3339 2299 3416 δίχα
2345 3346 2441 3396 τοῦ
2492 3338 2854 3413 ὐποκειμὲνου
2908 3340 3002 3394 καὶ
3059 3340 3214 3416 φύσιν
3261 3337 3378 3414 ἔχει
3425 3338 3515 3393 καὶ
3561 3336 3812 3407 σώζεται,

2165 3429 2256 3486 καῖ
2302 3429 2432 3485 αὐτὸ
2479 3431 2598 3494 καθ’
2649 3429 2807 3484 ἑαυτὸ
2854 3428 3071 3505 ἀγαθόν’
3120 3429 3184 3484 τὸ
3229 3426 3286 3483 δὲ
3331 3428 3495 3484 κακὸν
3545 3424 3677 3502 δίχα
3724 3430 3815 3480 τοῦ

2168 3519 2528 3592 ὐποκειμὲνου
2603 3522 2700 3573 τοῦ
2777 3517 2881 3573 ὐπὸ
2954 3521 3052 3573 τοῦ
3105 3519 3302 3594 ἀγαθοῦ
3361 3515 3814 3588 φυλαπομὲνου·

2166 3609 2335 3663 πάντα
2390 3609 2494 3683 γάρ
2545 3606 2597 3678 ἐξ
2646 3604 2808 3662 αὐτοῦ
2857 3605 2984 3661 οὕτε
3035 3605 3201 3676 ἔστὶν,
3233 3603 3356 3661 οὔτε
3399 3604 3662 3683 φαίνεται,
3695 3600 3816 3658 οὕτε

2169 3697 2458 3774 φθείρεται’
2516 3700 2633 3758 πῶς
2688 3696 2815 3771 γὰρ,
2880 3697 2956 3768 μὴ
3008 3691 3165 3758 ὄντος
3211 3693 3570 3767 ὐποκειμένου
3619 3693 3813 3760 τινός;

2169 3785 2316 3841 ἀλλά
2369 3784 2652 3849 παντελῶς
2702 3783 3079 3859 ἀνύπαρκτον,
3133 3783 3225 3840 καὶ
3283 3783 3498 3858 οὐδαμῆ
3557 3779 3812 3855 οὐδαμῶς

2170 3871 2250 3933 ὅν.

2242 4053 2342 4110 Καὶ
2391 4054 2589 4112 οὐσιοῖ.
2633 4051 2916 4108 Τουτὲστιν
2964 4052 3147 4108 οὐσιοῖ
3192 4053 3255 4108 τὸ
3299 4051 3486 4108 κακόν·
3519 4051 3566 4106 εἶ
3607 4052 3716 4126 γὰρ
3754 4051 3814 4106 τὸ

2171 4145 2335 4198 κακὸν
2381 4142 2633 4218 στέρησίς
2686 4139 2797 4197 ἐστι
2838 4145 2936 4197 τοῦ
2976 4141 3204 4217 ἀγαθοῦ,
3250 4143 3313 4196 τὸ
3369 4138 3426 4196 δὲ
3471 4139 3671 4217 ἀγαθὸν
3728 4139 3816 4194 οὐ·

2174 4237 2283 4288 σιοῖ
2309 4234 2408 4302 τὴν
2463 4233 2654 4287 ἑαυτοῦ
2687 4230 2951 4307 στέρησιν,
2982 4231 3162 4288 οὐσιοῖ
3207 4229 3308 4308 ἄρα
3347 4231 3411 4286 τὸ
3452 4229 3642 4297 κακὸν,
3687 4229 3818 4304 ὅπερ

2173 4321 2421 4396 στέρησίς
2455 4319 2566 4376 ἐστι
2597 4324 2694 4376 τοῦ
2723 4319 2952 4396 ἀγαθοῦ.

2243 4413 2328 4483 Τῇ
2361 4407 2508 4472 ὅλως
2539 4408 2702 4464 αὐτοῦ
2753 4409 2978 4484 μεθέξει.
3009 4409 3134 4466 Ὅτι
3163 4412 3231 4482 τῇ
3264 4411 3458 4483 μερικῇ
3489 4411 3587 4464 τοῦ
3615 4407 3819 4484 ἀγαθοῦ

2177 4499 2406 4574 μεθέξει,
2439 4498 2528 4554 καὶ
2555 4501 2590 4568 ἡ
2622 4498 2873 4573 στέρησις
2903 4497 3066 4554 αὐτοῦ
3096 4497 3372 4556 οὐσίωται.

2244 4677 2430 4733 Ἡνίκα
2484 4682 2602 4740 τοῖς
2653 4678 2747 4750 μὶν
2796 4675 2908 4732 ἔστι
2954 4673 3137 4732 κακόν.
3183 4680 3359 4731 Ταῦτα
3411 4671 3529 4746 εἴδη
3572 4673 3677 4730 είσὶ
3723 4677 3818 4730 τοῦ

2173 4771 2364 4833 κακοῦ,
2396 4767 2469 4828 ὡς
2519 4765 2881 4840 προείπομενο
2913 4764 2975 4820 οὗ
3019 4764 3120 4840 γὰρ
3167 4765 3230 4820 τὸ
3281 4760 3539 4824 οὐσιῶδες
3589 4761 3818 4818 αὐτόκω-

2172 4875 2292 4925 κον,
2323 4855 2351 4910 ὃ
2386 4851 2526 4927 μηδὲ
2555 4853 2688 4910 ἐστι.
2722 4855 2802 4912 Τὸ
2831 4853 2934 4930 γὰρ
2963 4850 3087 4909 τόδε
3137 4853 3268 4908 εἶναι
3298 4852 3482 4922 κακὸν,
3523 4849 3731 4921 ἡδονῆς
3761 4847 3820 4904 δὲ

2173 4943 2406 5018 αἰσχρᾶς
2434 4942 2508 5005 ὠς
2540 4943 2740 5019 ἀγαθοῦ
2786 4963 2932 5006 τινος
2963 4942 3306 5018 ἀντέχεσθαι,
3353 4939 3452 4996 οὐκ
3497 4939 3816 5013 αὐτόκαχον,

2176 5033 2300 5090 ἀλλ’
2358 5030 2498 5094 εἶδος
2553 5036 2741 5088 κακοῦ’
2773 5033 2836 5088 τὸ
2886 5032 2987 5108 γὰρ
3048 5032 3226 5104 πάντη
3285 5032 3449 5087 κακὸν
3503 5030 3639 5087 αὐτὸ
3698 5029 3820 5086 οὔτε

2173 5121 2338 5191 ἐστὶν,
2387 5119 2576 5191 ἐπειδὴ
2633 5119 2875 5196 μετέχει,
2926 5120 3021 5176 κ’ὰν
3072 5123 3188 5177 κατ’
3237 5117 3469 5197 ἔσχατον
3518 5122 3820 5197 ἁπήχημα,

2172 5215 2268 5268 τοῦ
2326 5209 2549 5289 ἀγαθοῦ⁶
2607 5209 2708 5284 δρα
2761 5211 2886 5288 γὰρ,
2942 5211 2995 5268 τί
3053 5231 3185 5288 φησι
3233 5211 3601 5287 παρακατιὼνο
3634 5209 3682 5265 εί
3720 5210 3818 5286 γὰρ

2172 5303 2347 5358 πάντα
2400 5301 2617 5377 μετέχει
2664 5305 2760 5356 τοῦ
2809 5299 3033 5376 ἀγαθοῦ,
3076 5300 3166 5355 καὶ
3216 5297 3268 5355 ἐν
3319 5305 3452 5354 πᾶσι
3507 5303 3626 5361 τοῖς
3677 5298 3823 5354 οὗσίν

2174 5393 2284 5448 ἐστι
2315 5390 2377 5447 τὸ
2429 5389 2649 5468 ἀγαθὸν,
2680 5389 2742 5445 τὸ
2790 5391 2977 5461 κακὸν,
3025 5385 3350 5466 προδήλως,
3379 5387 3415 5458 ἢ
3447 5387 3550 5444 οὐκ
3587 5383 3752 5460 ἔστιν,
3781 5384 3818 5455 ἢ

1423 5553 1666 5612 VARLE
1706 5554 2105 5614 LECTIONES
2140 5553 2234 5612 ET
2272 5542 2813 5614 CORRECTIONES

491 5676 536 5708 ⁰²
565 5670 801 5747 λέγεται.
878 5674 924 5709 9³
953 5670 1128 5745 καλῷ.
1205 5677 1250 5711 ⁹⁴
1275 5674 1430 5730 κατά.
1507 5679 1551 5714 ⁸⁸
1583 5675 1922 5752 μετίχεσθαι.
2000 5679 2043 5717 ⁰⁶
2072 5680 2178 5735 ποῦ
2208 5677 2324 5735 οὐν.
