4000 6200
220 397 335 453 285

916 435 922 441 ι
992 404 1049 457 Β.
1090 401 1366 457 MAXIM!
1401 401 1704 456 SCHOLIA
1743 400 1815 454 IN
1854 398 1991 453 LIB.
2031 400 2127 452 DE
2163 398 2433 452 DIVINIS
2472 395 2887 451 NOMINIBUS.

3525 387 3633 441 286

218 519 278 575 ἄν
308 525 391 592 τῷ
420 520 608 598 ἀγαθῷ
638 520 805 578 ἔστιν’
840 519 970 578 οὐδε
996 521 1098 598 γὰρ
1148 522 1303 596 φύσις
1342 522 1512 596 πυρὸς
1560 520 1622 576 τὸ
1654 519 1850 595 ψύχειν

1991 538 2119 593 quae
2148 520 2442 577 exsistunt
2471 520 2692 576 bonum
2723 516 2822 585 sit,
2845 514 3222 575 manifestum
3251 514 3357 581 est,
3382 514 3483 567 aut
3515 525 3631 565 ma-

254 610 269 630 ν
310 607 333 627 ἢ
416 607 439 627 ν
734 610 746 629 Ι
975 612 987 629 ν
1080 607 1105 632 ﬂ
1316 614 1340 625 ν
1591 614 1615 625 ν
1766 610 1779 627 \
1851 609 1864 624 ι

222 630 271 664 ει
306 610 362 664 οὲ
412 612 626 685 αρξεται
677 614 900 685 ψύχειν,
931 632 1033 667 ουκ
1080 632 1225 666 εοται
1273 631 1400 685 πυρ.
1445 609 1647 665 Οὔκουν
1694 631 1782 664 και
1813 630 1874 663 το

221 700 413 767 κακὸν,
461 698 551 754 ἐὰν
607 701 702 772 μὶν
750 699 959 774 ὕπεστι,
1017 703 1235 775 μετέχει
1286 699 1545 774 ἀμυδρῶς
1588 702 1690 753 τοῦ
1737 698 1872 772 ἀγα-

222 794 344 853 θοῦ·
378 789 552 843 πάντα
577 790 682 865 γὰρ
730 790 797 845 τὰ
847 786 973 845 ὄντα
1009 788 1059 843 ἐν
1091 794 1170 861 τῷ
1197 789 1384 864 ἀγαθῲ
1414 788 1514 843 εἱσι
1561 790 1650 843 καὶ
1687 789 1874 861 μένου-

225 895 332 932 σιν⁸
365 878 412 933 εἰ
447 875 508 932 δὲ
538 876 693 933 οὐδὲν
742 876 857 954 ἔχει
908 880 1132 954 ἀγαθοῦ,
1164 875 1286 933 οὔτε
1332 877 1568 934 ὕπεστιν·
1600 879 1733 934 αὐτὸ
1770 878 1872 953 γὰρ

221 967 287 1021 τὸ
315 967 494 1031 θὲλειν
525 969 736 1022 ὑπεῖναι
792 970 998 1042 ἀγαθῆς
1042 966 1150 1023 ἐστι
1206 967 1585 1042 μεταλήψεως,
1618 968 1691 1030 ὡς
1740 967 1876 1021 ἀνω-

219 1055 366 1131 τέρω
398 1054 673 1119 πολλάκις
705 1055 937 1133 εἴρηται.

291 1328 318 1393 §
365 1325 512 1380 XXI.
577 1326 817 1381 ’Ἄτοπον
874 1323 961 1377 καὶ
1018 1320 1302 1379 ἀδύνατον.
1364 1321 1729 1396 Σημείωσαι,
1789 1324 1870 1377 ὅτι

211 1413 306 1468 καὶ
337 1410 430 1466 ἐπὶ
460 1416 562 1467 τοῦ
614 1415 748 1467 Θεοῦ
788 1409 973 1471 καλῶς
1016 1409 1225 1487 λέγεται
1275 1407 1329 1467 ἔν
1384 1432 1496 1467 τισι
1551 1413 1613 1467 τὸ
1662 1412 1725 1467 ού
1775 1409 1874 1466 δύ-

211 1520 400 1572 ναται,
449 1501 530 1562 ὡς
586 1499 676 1555 καὶ
717 1500 746 1554 ὁ
788 1498 1123 1564 Ἀπύστολός
1171 1521 1354 1571 φησιν.
1404 1499 1468 1557 Εἰ
1516 1500 1870 1571 ἀπιστοῦμεν,

215 1588 430 1650 ἐκεῖνος
488 1589 681 1651 πιστὸς
737 1589 931 1660 μένει,
990 1589 1078 1643 καὶ
1162 1588 1491 1663 ἀρνήσασθαι
1564 1589 1749 1643 ἐαυτὸν
1809 1588 1871 1643 ού

217 1675 462 1733 δύναται.

290 1772 443 1821 Πᾶσα
491 1766 595 1841 γὰρ
644 1763 791 1827 δυάς.
845 1767 962 1820 ’Ὀτι
1011 1770 1155 1820 πᾶσι
1205 1762 1335 1827 δυὰς
1391 1765 1490 1821 οὐκ
1541 1766 1713 1843 ἀρχή·
1769 1786 1874 1839 μο-

1984 609 2107 666 lum
2137 627 2252 666 non
2283 625 2409 666 esse
2430 612 2532 665 aut
2562 608 2622 662 in
2654 608 2804 662 bono
2828 621 2983 671 esse;
3018 618 3200 673 neque
3221 600 3378 657 enim
3413 604 3627 654 natura

1985 699 2135 767 ignis
2166 701 2465 772 proprium
2492 696 2865 768 refrigerare;
2900 693 3041 764 quin
3065 692 3114 746 si
3137 687 3438 761 incosperit
3470 687 3629 743 refri-

1983 805 2205 861 gerare,
2240 806 2356 845 non
2403 789 2516 843 erit
2545 786 2737 859 ignis:
2772 800 2909 855 ergo
2936 787 2992 838 et
3023 780 3267 840 malum.
3290 779 3336 834 si
3389 776 3625 849 quidem

1983 878 2289 944 subsistat,
2324 876 2633 949 participat
2676 874 2924 929 obscure
2955 871 3206 937 bonum;
3241 867 3440 924 omnia
3469 864 3624 920 enim

1981 969 2140 1023 entia
2179 968 2236 1022 in
2278 969 2429 1023 bono
2476 970 2617 1022 sunt
2646 974 2701 1020 et
2730 965 3000 1029 manent;
3034 960 3084 1017 si
3112 976 3248 1016 vero
3295 957 3442 1014 nihil
3491 956 3628 1011 boni

1982 1058 2179 1127 habet,
2213 1073 2404 1127 neque
2433 1056 2609 1112 etiam
2656 1053 2951 1116 subsistit.
2985 1051 3179 1123 ipsum
3228 1049 3385 1102 enim
3436 1046 3627 1102 subsi-

1981 1145 2177 1202 stendi
2233 1144 2627 1213 desiderium,
2685 1143 2853 1199 bonas
2908 1145 2999 1196 est
3053 1134 3630 1204 communicationis,

1980 1235 2133 1291 sicut
2162 1250 2316 1305 sape
2346 1234 2620 1305 superius
2651 1232 2875 1287 dictum
2907 1235 3013 1285 est.

2051 1321 2247 1390 §XXI.
2279 1321 2593 1377 Absurdum
2621 1339 2687 1377 ac
2724 1318 3086 1392 impossibile.
3120 1316 3286 1380 Nota,
3320 1313 3379 1368 in
3413 1312 3625 1384 aliqui-

1980 1411 2092 1467 bus
2124 1418 2272 1467 recte
2313 1412 2487 1467 etiam
2539 1412 2610 1467 de
2657 1410 2772 1466 Deo
2820 1408 2959 1474 dici,
2987 1421 3096 1463 non
3140 1407 3339 1477 potest,
3370 1401 3523 1458 sicut
3570 1407 3629 1456 et

1979 1501 2293 1571 Apostolus
2325 1500 2454 1575 ait:
2488 1500 2550 1555 Si
2589 1515 2703 1554 non
2742 1500 3040 1562 credimus,
3074 1494 3167 1550 ille
3195 1491 3372 1563 ﬁdelis
3417 1497 3625 1560 manet,

1979 1598 2031 1645 et
2060 1604 2261 1660 negare
2289 1590 2535 1657 seipsum
2562 1603 2669 1644 non
2697 1591 2865 1658 potest
2885 1585 2984 1657 (lc).

2053 1769 2244 1824 Omni:
2298 1770 2450 1824 enim
2497 1767 2759 1823 dualitas.
2808 1762 3041 1820 Nullam
3095 1759 3439 1817 dualitatem
3494 1773 3626 1813 esse

211 1855 310 1917 νὰς
335 1853 396 1909 δὲ
442 1853 625 1925 πάσης
677 1851 873 1917 δυάδος
923 1856 1093 1931 ἀρχή,
1145 1855 1462 1927 Σημείωσαι
1513 1857 1649 1910 κατὰ
1697 1858 1859 1913 Μανι-

1981 1857 2371 1928 principium;
2404 1856 2693 1912 unitatem
2722 1870 2857 1909 vero
2903 1868 3031 1908 esse
3077 1849 3271 1907 omnis
3321 1846 3623 1904 dualitatis

216 1944 421 2020 χαίων.

290 2032 585 2095 Παντελῶς
634 2032 885 2089 ἐναντία.
947 2032 1263 2106 Σημείωσαι
1315 2036 1501 2088 ταῦτα·
1573 2031 1712 2088 πάνυ
1762 2032 1867 2109 γὰρ

212 2123 352 2177 κατὰ
382 2122 715 2196 Μανιχαίων
747 2121 1080 2197 ἀγωνίζεται,
1123 2127 1233 2177 τῶν
1290 2118 1458 2176 δυάδα
1503 2122 1682 2196 ἀρχὴν
1718 2122 1866 2178 ἐναν-

209 2210 344 2269 τίων
376 2208 816 2287 δογματιζύντων
866 2211 1134 2281 ἀνοήτως-
1164 2213 1199 2281 ἡ
1237 2211 1332 2285 μὲν
1380 2211 1482 2287 γὰρ
1532 2211 1864 2287 ἀριθμητική

210 2304 277 2357 τὸ
325 2300 377 2355 ἐν
424 2301 685 2375 ἀριθμοῖς
755 2297 1012 2373 διαίρεσιν
1062 2298 1191 2374 ἔχον
1261 2298 1506 2371 πλήθους
1564 2302 1638 2364 εἰς
1698 2301 1865 2375 πέρας

211 2389 423 2463 ἀνάγει,
469 2390 573 2457 τὴν
621 2388 714 2461 μὲν
768 2387 977 2462 μονάδα
1014 2393 1111 2444 τοῦ
1157 2389 1357 2451 παντὸς
1406 2391 1640 2465 ἀριθμοῦ
1686 2389 1865 2464 ἀρχὴν

206 2478 497 2551 τιθεμένη,
526 2478 627 2546 τὴν
658 2475 716 2532 δὲ
761 2474 930 2532 δυάδα
968 2482 1077 2533 τῶν
1120 2477 1344 2554 ἀρτίων”.
1377 2480 1442 2536 Ἡ
1486 2480 1663 2535 τοίνυν
1715 2479 1861 2553 ἀρχὴ

204 2567 274 2622 τὸ
319 2565 702 2622 ἁπλούστατον
750 2566 803 2621 ἐν
856 2568 1061 2640 ἑκάστῳ
1101 2569 1238 2642 γένει
1291 2565 1479 2638 δηλοῖ.
1526 2573 1649 2633 Πῶς
1695 2565 1786 2622 οὖν
1827 2569 1862 2637 ἠ

210 2654 343 2719 δυὰς
371 2656 524 2731 ἀρχή
566 2654 782 2712 πάντων
838 2654 984 2712 ἔσται
1020 2676 1035 2727 ;
1066 2656 1129 2711 ού
1177 2660 1280 2732 γάρ
1326 2656 1465 2713 ἐστιν
1516 2654 1668 2726 ἀπλῆ
1714 2657 1862 2731 ἀρχὴ

207 2748 243 2816 ἡ
280 2743 432 2815 δυάς,
462 2744 614 2802 ἀλλά
644 2744 915 2809 σύνθετος.
949 2744 1159 2803 Οὐκοῦν
1204 2745 1311 2822 οὐχ
1358 2745 1563 2802 ἁπλοῦν
1590 2748 1626 2815 ἡ
1657 2744 1717 2800 ἐκ
1740 2766 1865 2800 συν-

206 2835 411 2896 θέσεως
465 2835 639 2909 ἀρχή·
689 2834 777 2889 καὶ
827 2839 944 2896 πῶς
999 2832 1060 2889 ἃν
1105 2832 1336 2906 κληθείη
1380 2835 1527 2910 ἀρχή
1563 2862 1578 2905 ;
1609 2836 1715 2910 πρὸ
1760 2835 1862 2911 γὰρ

204 2930 310 2993 τῆς
368 2922 626 2987 συνθέτου
672 2922 875 2993 ταύτης
921 2922 1102 2998 ἀρχῆς
1147 2922 1292 2979 ἔσται
1342 2926 1377 2993 ἠ
1434 2925 1640 2999 κυρίως
1687 2923 1861 3000 ἀρχὴ,

203 3014 271 3068 τὸ
317 3013 398 3080 ἓν,
447 3012 542 3086 ἀφ’
585 3012 648 3067 οὗ
701 3009 951 3084 μονάδων
1005 3017 1378 3083 συντεθεισῶν,
1429 3010 1554 3076 δυὰς
1604 3012 1858 3068 ἀπετελέ-

208 3104 332 3173 σθη.
367 3101 550 3172 Δῆλον
589 3100 681 3156 οὖν
734 3102 1131 3177 ἁπανταχόθεν,
1163 3102 1238 3166 ὡς
1286 3102 1578 3158 ἀσύστατον
1621 3108 1728 3159 τῶν
1763 3101 1859 3158 δύο

214 3192 405 3266 ἀρχῶν
435 3192 502 3245 τὸ
532 3188 729 3264 δόγμα.

1979 1946 2357 2019 principium.
2387 1945 2533 2001 Nota
2562 1946 2841 2000 adversus
2872 1940 3243 1997 Manichacus.

2047 2036 2280 2091 Prorsus
2333 2035 2639 2090 contraria.
2690 2032 2821 2087 Haec
2866 2031 3121 2097 adverte,
3173 2043 3415 2100 prorsus
3463 2024 3619 2081 enim

1977 2125 2258 2179 adversus
2307 2123 2651 2178 Manichaaos
2683 2122 2958 2186 decertat,
2991 2118 3090 2190 qui
3139 2116 3486 2189 insipienter
3515 2116 3620 2169 do-

1977 2213 2161 2269 cendo
2188 2213 2509 2269 decernunt
2529 2213 2645 2268 duo
2665 2226 2794 2268 esse
2821 2206 3109 2281 principia
3129 2205 3449 2272 contraria;
3482 2221 3616 2260 nam

1976 2319 2074 2358 ars
2106 2302 2453 2357 numerandi
2487 2299 2630 2355 illud
2661 2299 2819 2370 quod
2870 2297 2928 2352 in
2977 2294 3242 2352 numeris
3269 2293 3615 2349 divisionem

1977 2390 2374 2446 multitudinis
2406 2389 2601 2456 habet,
2635 2389 2707 2444 ad
2739 2388 2917 2443 ﬁnem
2949 2386 3144 2454 refert,
3170 2383 3456 2439 unitatem
3488 2382 3616 2452 qui-

1975 2480 2108 2537 dem
2140 2479 2493 2552 principium
2525 2477 2721 2534 omnis
2771 2474 3002 2531 numeri
3050 2473 3234 2546 ponit,
3265 2470 3609 2528 dualitatem

1974 2586 2107 2626 vero
2138 2583 2516 2625 numerorum
2549 2567 2703 2624 I52
2737 2564 2987 2638 parium.
3020 2563 3219 2633 Itaque
3254 2558 3611 2633 principium

1974 2660 2032 2714 in
2068 2674 2420 2730 unoquoque
2466 2671 2675 2729 genere
2704 2655 2761 2709 id
2795 2654 2950 2726 quod
2981 2649 3488 2723 simplicissimum
3521 2651 3613 2702 est

1973 2748 2248 2805 declarat.
2279 2746 2580 2812 Quomodo
2608 2744 2789 2817 igitur
2813 2740 3068 2798 dualitas
3098 2739 3361 2796 omnium
3394 2735 3612 2809 princi-

1973 2838 2136 2908 pium
2169 2836 2321 2892 erit?
2353 2834 2607 2891 dualitas
2636 2833 2794 2889 enim
2839 2848 2954 2888 non
2997 2833 3088 2886 est
3117 2826 3367 2899 simplex
3396 2824 3612 2897 princi-

1973 2928 2160 3000 pium,
2176 2927 2277 2981 sed
2301 2925 2693 2996 compositum
2718 2940 2731 2977 :
2757 2920 2921 2995 atqui
2947 2938 3064 2976 non
3090 2925 3181 2975 est
3200 2917 3342 2990 quid
3365 2914 3616 2985 simplex

1970 3016 2324 3089 principium
2348 3016 2501 3086 quod
2528 3013 2947 3083 compositione
2975 3012 3298 3074 constat,et
3318 3004 3612 3078 quomodo

1967 3113 2273 3163 vocaretur
2306 3102 2700 3176 principium?
2728 3118 2864 3158 nam
2896 3104 3031 3158 ante
3080 3096 3473 3169 compositum
3504 3093 3613 3150 hoc

1969 3194 2347 3267 principium,
2370 3193 2516 3248 illud
2540 3192 2695 3264 quod
2719 3191 2949 3262 proprie
2967 3194 3057 3246 est
3083 3185 3459 3259 principium,
3482 3181 3615 3250 erit,

208 3298 417 3351 nempe
463 3297 670 3350 unum,
703 3280 939 3349 deinde,
969 3282 1296 3338 unitatibus
1349 3283 1712 3354 compositis,
1740 3283 1997 3341 dualitas
2045 3284 2363 3356 perﬁcitur.
2396 3283 2598 3354 Itaque
2646 3280 2887 3337 omnino
2936 3277 3317 3334 manifestum
3364 3279 3455 3330 est
3500 3289 3614 3329 non

209 3371 533 3426 consistere
562 3370 780 3440 dogma
808 3371 879 3425 de
908 3371 1138 3426 duobus
1170 3371 1496 3443 principiis.

276 3457 381 3514 Καὶ
418 3457 526 3529 μὴν
583 3453 709 3511 οὔτε
759 3454 877 3514 δύο.
920 3458 1045 3515 Ὅτι
1093 3456 1156 3511 ού
1204 3454 1429 3514 δυνατὸν
1481 3456 1577 3513 δύο
1621 3456 1859 3521 ἐναντίας

2039 3463 2225 3533 Neque
2254 3476 2379 3517 vero
2416 3461 2546 3515 duo.
2579 3454 2948 3529 Impossibile
2997 3470 3128 3512 esse
3174 3454 3290 3510 duo
3320 3450 3616 3509 contraria

206 3546 381 3621 ἀρχὰς
412 3544 669 3601 ἐναντίων
698 3547 855 3603 εἶναι.

276 3631 408 3691 Οὐδ’
439 3633 594 3697 ἐκτὸς
628 3631 966 3711 δυσχερείας.
1000 3633 1115 3692 Οὐκ
1143 3629 1416 3705 ἀϐλαϐής.

271 3723 369 3778 Διὸ
422 3722 516 3777 καὶ
590 3721 722 3797 φίλα
785 3724 854 3777 τά
929 3723 1119 3799 ἀγαθά.
1192 3722 1416 3793 Ἐπειδὴ
1488 3727 1585 3778 τοῦ
1660 3725 1857 3798 ἀγαθοὶ

202 3812 372 3867 πάντα
432 3813 676 3887 μετέχει,
732 3812 822 3867 καὶ
881 3812 1032 3886 αύτῷ
1088 3816 1167 3884 τῷ
1223 3815 1356 3867 εἶναι
1406 3811 1482 3874 εἷς
1534 3813 1598 3867 τὸ
1654 3812 1853 3888 ἀγαθὸν

202 3898 507 3974 ἀνάγονται,
536 3900 600 3954 τὸ
649 3900 847 3973 ἀγαθὸν
895 3900 985 3955 καὶ
1031 3902 1095 3956 τὸ
1142 3898 1310 3956 καλὸν
1358 3904 1464 3955 τῶν
1509 3900 1725 3956 πάντων
1757 3900 1856 3956 οὐκ

202 3984 258 4040 ἂν
292 3986 375 4059 εἴη
406 3989 474 4043 τὸ
504 3993 720 4063 πρῶτον
770 3986 960 4057 καλὸν,
1014 3986 1076 4044 οῦ
1125 3990 1300 4044 πάντα
1348 3989 1664 4064 μετέχοντα,
1713 3987 1857 4043 καλὰ

198 4077 460 4149 γίνονται,
506 4077 846 4149 ὁμοιωθέντα
892 4099 1010 4141 πως
1069 4080 1139 4152 τῇ
1202 4077 1505 4151 μεταλήψει
1546 4083 1626 4150 τῷ
1675 4076 1852 4150 καλῷ,

201 4163 347 4233 πλὴν
376 4163 584 4237 πολλῷ
630 4163 977 4241 ἀμυδρότατα
1022 4168 1313 4238 ὁμοιοῦται
1358 4171 1457 4221 τοῦ
1504 4165 1620 4229 ἑνὸς
1651 4165 1854 4242 ἀγαθοῦ

203 4255 291 4309 καὶ
343 4254 542 4323 καλοῦ,
620 4254 860 4331 καθάπερ
937 4254 1238 4329 αὐξομίνου
1313 4257 1402 4312 καὶ
1461 4255 1536 4318 εἶς
1588 4257 1689 4325 τὴν
1742 4259 1849 4310 τῶν

202 4340 383 4398 καλῶν
440 4342 600 4421 φύσιν
658 4342 1072 4420 ἐκφαινομὲνου’
1133 4343 1273 4416 ὅθεν,
1330 4345 1421 4400 καὶ
1486 4346 1659 4401 πάντα
1711 4343 1856 4399 καλᾶ

204 4429 342 4489 λίαν.
369 4437 437 4489 Ἠ
491 4429 549 4487 δὲ
592 4436 701 4487 τῶν
751 4431 936 4488 καλῶν
970 4431 1127 4510 φύσις
1156 4478 1170 4504 ,
1221 4437 1488 4509 προϊοῦσα
1527 4432 1664 4489 κατά
1705 4433 1851 4498 πλῆ-

201 4532 314 4591 θος,
345 4518 457 4590 ἤδη
510 4541 629 4583 πως
683 4521 774 4575 καὶ
826 4520 902 4583 εἰς
949 4520 1018 4576 τὰ
1045 4520 1290 4590 σύνθετα,
1323 4520 1356 4576 ἃ
1386 4520 1453 4590 δὴ
1485 4520 1576 4577 καὶ
1616 4521 1852 4594 μάλιστα

199 4608 338 4663 καλᾶ
385 4608 607 4673 εἰώθασι
656 4608 840 4665 καλεῖν
872 4610 926 4664 οἱ
952 4607 1271 4685 ἄνθρωποι,
1304 4607 1684 4666 ἀποδείκνυται
1710 4609 1851 4665 πολ-

201 4695 389 4774 λαχῶς
434 4702 535 4753 τοῦ
583 4702 749 4753 κακοῦ
796 4701 840 4736 ³⁷
889 4700 1268 4772 συντιθεμένου
1315 4698 1406 4753 καὶ
1435 4699 1571 4754 κατά
1596 4697 1847 4761 πολλοὺς

1969 3549 2260 3621 principia
2291 3548 2717 3605 contrariorum
2748 3562 2899 3602 esse.

2037 3639 2225 3708 Neque
2252 3653 2454 3693 vacuus
2482 3635 2760 3691 molestia.
2794 3635 2917 3689 Non
2948 3631 3280 3688 incolumis.

2034 3728 2331 3796 Propterea
2358 3725 2501 3797 quod
2528 3725 2698 3779 etiam
2747 3724 2887 3779 bona
2926 3732 3055 3778 sunt
3097 3721 3307 3777 amica.
3340 3718 3609 3782 Quando-

1965 3815 2204 3886 quidem
2244 3820 2456 3870 cuncta
2500 3814 2721 3869 bonum
2778 3812 3148 3884 participant,
3180 3812 3238 3863 et
3279 3808 3410 3877 ipsa
3459 3804 3610 3860 exsi-

1964 3904 2183 3960 stentia
2211 3904 2284 3958 ad
2318 3904 2539 3959 bonum
2582 3902 2977 3966 adducuntur,
3012 3897 3168 3968 quod
3209 3894 3478 3951 omnium
3510 3893 3610 3949 bo-

1962 4008 2103 4047 num
2135 3997 2192 4047 et
2221 3990 2531 4064 pulchrum
2564 3994 2674 4056 est,
2708 3990 2964 4060 primum
2998 3985 3315 4059 pulchrum
3345 3998 3475 4040 esse
3508 3998 3611 4037 ne-

1963 4080 2109 4151 quit,
2140 4097 2256 4153 quo
2304 4080 2580 4136 universa
2626 4077 3003 4151 participant,
3035 4079 3094 4132 et
3142 4073 3391 4147 pulchra
3438 4072 3614 4141 ﬁunt,

1962 4169 2104 4223 dum
2126 4170 2383 4241 quadam
2414 4169 2637 4224 ratione
2665 4165 2908 4238 pulchro
2930 4163 3151 4220 similia
3173 4180 3274 4236 per
3305 4160 3615 4235 participa-

1960 4258 2182 4312 tionem
2234 4257 2591 4333 efﬁciuntur,
2632 4255 2744 4311 etsi
2801 4271 2976 4325 quam
3036 4251 3455 4309 obscurissime
3511 4247 3612 4304 uni

1961 4346 2115 4402 bono
2144 4351 2203 4402 et
2230 4345 2475 4419 pulchro
2516 4349 2800 4415 tanquam
2850 4342 3137 4399 crescenti
3185 4345 3361 4412 atque
3389 4339 3449 4392 in
3482 4336 3611 4408 pul-

1962 4434 2237 4490 chrorum
2288 4439 2496 4489 natura
2546 4432 2854 4505 apparenti
2903 4429 3340 4496 assimilentur;
3372 4426 3526 4482 unde
3554 4427 3611 4479 et

1960 4525 2148 4579 omnia
2192 4523 2437 4595 pulchra
2482 4522 2660 4578 valde.
2697 4521 3081 4577 Pulchrorum
3128 4533 3262 4573 vero
3312 4519 3520 4571 natura
3549 4513 3608 4567 in

1960 4611 2341 4667 multitudine
2372 4627 2705 4684 progressa,
2733 4611 2855 4680 jam
2888 4623 3123 4681 quoque
3169 4605 3229 4660 in
3263 4602 3609 4674 compositis

1959 4717 2087 4772 quis
2119 4701 2373 4756 maxime
2394 4700 2586 4756 solent
2606 4700 2875 4755 homines
2898 4712 3101 4752 vocare
3121 4693 3386 4767 pulchra,
3414 4696 3608 4746 osten-

195 4788 433 4862 τρόπους
478 4784 798 4861 λεγομένοιν
857 4787 921 4842 τὸ
968 4784 1025 4842 δὲ
1074 4785 1126 4841 ἐν
1179 4792 1296 4849 τοῖς
1336 4785 1452 4842 οὖσι
1507 4785 1675 4842 καλὸν
1726 4784 1850 4841 οὕτε

1976 4790 2139 4857 litur,
2156 4789 2397 4860 pulchro
2421 4788 2805 4845 multifariam
2827 4785 3150 4859 composito
3173 4800 3240 4839 ac
3264 4778 3607 4838 multimodo

198 4874 352 4930 ούσία
378 4876 548 4945 ἐστὶν,
599 4873 723 4931 οὔτε
762 4873 941 4952 γένος,
970 4875 1116 4932 ἀλλά
1164 4871 1511 4949 συμϐεϐηκὸς
1548 4875 1851 4949 ὁμοιότητά

196 4984 315 5019 τινα
366 4964 700 5037 κεκτημένον
737 5009 753 5037 ,
810 4965 945 5021 κατὰ
1009 4966 1201 5039 μικρὸν
1258 4965 1669 5039 συναπτομένην
1707 4983 1722 4999 ’
1782 4966 1846 5020 ού

194 5054 296 5128 γὰρ
326 5056 444 5119 “9’
472 5053 526 5109 ἓν
582 5051 725 5118 εἶδος
775 5051 989 5129 λέγεται
1028 5054 1097 5110 τὰ
1141 5054 1303 5111 καλά.
1338 5052 1484 5112 ἀλλὰ
1510 5052 1842 5130 πολλαχῶς·

192 5142 480 5217 προσέοικε
510 5140 571 5197 δὶ
600 5143 767 5214 μόνον
817 5140 1091 5211 ἀλλήλοις
1120 5144 1194 5205 ὡς
1242 5144 1431 5217 ὅμοια,
1474 5142 1569 5199 κᾶν
1620 5143 1840 5200 πολυει-

192 5227 303 5294 δῶς
333 5232 456 5307 περὶ
484 5232 546 5286 τὸ
577 5230 669 5285 καὶ
700 5230 837 5285 αύτᾶ
862 5228 1003 5286 καλὰ
1031 5234 1166 5287 εἶναι
1197 5232 1334 5288 κατὰ
1377 5232 1445 5288 τὰ
1489 5232 1665 5288 οἲκεῖα
1713 5230 1830 5305 εἴδη

264 5437 347 5511 (Ιε)
378 5439 427 5498 11
454 5440 614 5498 Tim.
645 5455 710 5511 η,
743 5439 832 5496 13.

1879 4834 1926 4900 D

1961 4878 2118 4935 dicto
2155 4896 2167 4934 :
2201 4878 2515 4950 pulchrum
2564 4882 2761 4934 autem
2793 4877 2947 4948 quod
2981 4876 3041 4930 in
3070 4873 3244 4928 rebus
3274 4874 3383 4938 est,
3416 4885 3605 4940 neque

1958 4972 2048 5023 est
2076 4968 2353 5039 essentia,
2378 4983 2567 5039 neque
2591 4982 2797 5039 genus,
2822 4965 2923 5021 sed
2955 4963 3227 5019 accidens
3257 4961 3414 5031 quod
3442 4957 3605 5014 simi-

1954 5055 2265 5113 litudinem
2287 5057 2605 5126 quamdam
2630 5070 2839 5127 parum
2862 5053 3246 5108 cohaerentem
3273 5048 3476 5113 habet;
3502 5063 3606 5102 nec

1952 5146 2108 5202 enim
2131 5161 2245 5201 uno
2279 5147 2451 5200 modo
2479 5145 2760 5200 dicuntur
2788 5141 3032 5216 pulchra
3062 5142 3163 5197 sed
3194 5136 3607 5202 multifariam,

1950 5236 2309 5293 conveniunt
2336 5238 2536 5294 autem
2566 5238 2802 5294 tantum
2848 5233 3001 5289 inter
3032 5247 3096 5290 se
3128 5235 3193 5289 ut
3222 5227 3463 5298 similia,
3494 5220 3607 5287 etsi

1220 5583 1470 5645 VARIE
1499 5584 1889 5655 LEGI‘IONEB
1916 5585 2008 5644 ET
2037 5584 2590 5647 GORRECTIONES.

264 5704 311 5743 '7
337 5698 528 5765 καλοῦ.
