4000 6200
365 371 468 424 287

1102 377 1113 388 ⁸
1177 373 1544 426 ΑΡΡΕΝΒῘΧ
1587 375 1682 426 AD
1724 373 1965 426 OPERA
2005 375 2021 426 ξ

2163 373 2416 427 [ONYSII
2457 377 2544 427 AR
2557 375 2953 430 EOPAGITE.

3675 376 3790 429 288

366 496 520 553 varie
551 497 609 551 in
643 513 708 552 eo
761 499 916 568 quod
951 501 1008 552 et
1038 497 1166 568 ipsa
1209 497 1458 569 pulchra
1488 499 1606 553 sint
1653 499 1710 553 in
1763 497 2016 570 propriis

2163 517 2343 568 καστα,
2376 497 2464 552 καὶ
2495 498 2633 552 κατὰ
2659 501 2820 553 τοῦτο
2854 498 2947 553 ἅτε
2977 497 3314 571 ὁμοιούμενα
3341 498 3430 553 καὶ
3462 502 3795 576 προσήγορα

367 586 676 657 speciebus
708 585 965 658 singula,
989 591 1047 641 et
1075 587 1132 641 in
1168 587 1277 642 hoc
1301 589 1456 659 quod
1489 592 1766 661 tanquam
1800 586 2015 642 similia

371 680 428 730 et
457 676 612 730 inter
641 692 703 730 se
733 675 1068 730 familiaria.

357 815 360 818 .
441 767 501 821 Si
542 781 666 821 vero
712 767 770 820 in
815 767 914 820 Deo
959 765 1180 820 bonum.
1215 766 1439 821 Bonum
1489 766 1548 820 in
1599 765 1714 821 Deo
1761 765 2017 821 essentia

371 859 476 909 est.

441 943 622 1014 Neque
650 943 896 998 omnino.
933 945 1058 1012 Pro,
1094 950 1389 1016 perpetuo.

443 1033 505 1086 In
533 1035 796 1102 tempore.
834 1033 961 1102 Pro,
996 1050 1098 1104 per
1126 1033 1744 1090 communicationem.

444 1120 663 1186 §XXII.
697 1121 839 1188 Quin
877 1139 948 1176 ne
991 1123 1049 1176 in
1101 1125 1313 1193 angelis
1362 1124 1604 1195 quidem.
1639 1128 1718 1178 De
1771 1122 2014 1194 angelis,

371 1224 560 1280 neque
611 1209 668 1264 in
722 1211 866 1281 ipsis
899 1210 1123 1266 malum
1153 1228 1303 1283 esse,
1335 1218 1393 1268 et
1423 1230 1527 1268 cur
1573 1211 1763 1284 angeli
1812 1213 2014 1268 dican-

369 1301 487 1354 tur.

444 1388 714 1443 Divinam
746 1390 1062 1445 bonitatem.
1099 1390 1306 1446 Divina
1338 1391 1480 1446 dicit
1504 1408 1630 1463 quae
1661 1397 1800 1447 sunt
1828 1391 1886 1446 in
1919 1409 2016 1446 an-

371 1478 635 1550 gelorum
677 1495 874 1534 eorum
908 1482 1060 1536 I53
1093 1481 1192 1552 qui
1237 1480 1550 1536 deitormes
1573 1481 2011 1553 ,perdurarunt,

371 1571 601 1622 natura.
635 1567 902 1623 Diximus
951 1586 1123 1640 porro
1172 1574 1466 1641 superius,
1507 1587 1611 1624 cur
1658 1570 2014 1625 boniformes

292 1695 294 1697 ›
369 1661 571 1710 etnon
606 1671 708 1726 per
759 1672 820 1711 se
872 1657 1055 1712 bonos
1101 1658 1340 1728 angelos
1387 1659 1569 1724 dicat;
1625 1663 1859 1729 propter
1906 1658 2014 1714 bas

369 1743 548 1815 igitur
578 1760 806 1814 causas,
839 1760 1024 1813 neque
1071 1745 1130 1799 in
1180 1746 1404 1818 angelis
1452 1746 1694 1802 malum.
1726 1746 1836 1802 Dat
1881 1763 2012 1803 vero

371 1833 632 1888 nominis
665 1832 949 1889 rationem
981 1851 1099 1905 qua
1127 1835 1317 1906 angeli
1351 1835 1648 1906 appellati.

448 1923 629 1992 Imago
675 1923 777 1976 Dei
805 1930 900 1977 est.
934 1922 1102 1989 Nota,
1136 1923 1374 1995 angelos
1422 1923 1677 1996 appellat
1724 1924 2012 1997 imagines

372 2010 534 2080 boni,
565 2011 810 2066 observa
839 2009 1014 2066 etiam
1045 2013 1338 2082 quomodo
1366 2013 1475 2069 hoc
1507 2013 1679 2070 dicat.

444 2188 518 2243 At
549 2189 692 2260 quod
734 2191 991 2260 puniant.
1027 2189 1221 2246 Veluti
1268 2191 1600 2262 repellendo
1649 2196 2016 2264 praeoccupat

374 2277 779 2334 haereticorum
830 2280 1219 2350 quorumdam
1272 2281 1720 2352 oppositionem,
1761 2281 1861 2352 qui
1911 2299 2014 2336 an-

373 2365 534 2437 gelos
579 2368 754 2437 jussu
821 2368 915 2423 Dei
961 2369 1360 2440 castigatores,
1410 2371 1714 2441 ipsamque
1761 2370 2018 2442 castiga-

372 2457 593 2510 tionem
627 2456 847 2512 malum
881 2462 1134 2528 ponunt;
1172 2475 1419 2528 moxque
1462 2459 1583 2514 haec
1622 2459 1889 2515 dissolvit
1919 2477 2016 2515 sa-

374 2545 741 2615 pientissime
791 2552 848 2602 et
896 2547 1216 2619 ingeniose,
1261 2553 1436 2619 atque
1491 2565 1558 2603 ex
1613 2547 2018 2604 sacerdotibus

377 2635 477 2706 qui
528 2636 808 2692 scelestos
865 2641 920 2691 et
971 2638 1244 2707 profanos
1289 2638 1361 2691 ab
1412 2637 1667 2692 Ecclesia
1716 2641 1918 2692 arcent
1964 2642 2020 2693 et

377 2724 673 2795 expellunt
703 2729 941 2796 propter
984 2726 1258 2795 profanas
1305 2730 1361 2780 et
1407 2725 1686 2781 scelestas
1737 2727 2018 2794 actiones,

376 2812 682 2869 declarans
716 2831 900 2884 neque
931 2814 1063 2869 illos
1091 2814 1191 2884 qui
1222 2813 1497 2870 scelestos
1521 2814 1774 2886 puniunt
1803 2832 1836 2869 a
1868 2814 2022 2870 malo

378 2916 538 2969 esse;
572 2902 757 2957 absit!
793 2903 1017 2957 dictum
1051 2909 1140 2958 est
1170 2903 1359 2959 enim:
1390 2905 1508 2959 Non
1535 2904 1684 2959 enim
1714 2905 1836 2958 sine
1855 2921 2022 2959 causa

375 2990 624 3059 gladium
673 2995 880 3061 portat.
922 2993 1021 3046 Dei
1067 2993 1216 3047 enim
1265 2992 1524 3048 minister
1579 2998 1656 3048 est
1710 2994 1911 3049 vindex
1964 2995 2023 3048 in

378 3081 522 3133 iram
542 3079 608 3136 ei
637 3081 733 3150 qui
779 3081 988 3135 malum
1027 3081 1244 3152 agit(l).
1279 3081 1426 3138 Nota
1472 3082 1652 3154 igitur
1701 3082 2022 3139 solutiones

379 3167 614 3233 multas,
649 3168 940 3239 siquidem
985 3170 1336 3241 quaestiones
1375 3171 1643 3226 dissolvit
1672 3171 2015 3243 dicentium,

377 3258 527 3312 Num
561 3274 627 3313 ex
659 3257 774 3314 Deo
806 3257 1112 3314 carniﬁces
1145 3263 1202 3313 et
1232 3259 1524 3332 principes
1547 3261 1574 3315 ‘I

448 3438 559 3506 Qui
606 3439 905 3508 profanum
951 3448 1142 3495 arcent
1190 3457 1225 3495 α
1273 3439 1480 3496 divinis
1529 3441 1830 3512 mysteriis.
1882 3441 2026 3496 Nota

381 3525 657 3596 profanos
687 3543 813 3582 esse
845 3529 1126 3584 arcendos
1158 3546 1191 3583 a
1219 3527 1434 3584 divinis
1473 3529 1766 3602 mysteriis
1798 3547 1900 3601 per
1930 3545 2025 3584 sa-

381 3616 662 3672 cerdoles.

447 3705 630 3775 Neque
672 3706 890 3776 puniri.
940 3705 1144 3762 Puniri
1190 3707 1410 3763 malum
1461 3725 1576 3764 non
1625 3725 1777 3775 esse,
1811 3708 1914 3764 sed
1945 3707 2031 3762 di-

378 3809 560 3864 gnum
612 3796 914 3865 punitione
971 3812 1118 3852 esse.
1166 3795 1334 3868 [Nota
1391 3798 1461 3852 de
1519 3797 1921 3855 sacerdotibus
1970 3795 2032 3852 et

382 3883 751 3954 principibus
782 3885 1164 3956 punientibus
1195 3885 1518 3956 profanos]

457 4059 648 4112 Verum
691 4077 868 4131 neque
897 4061 1182 4118 dwmones.
1220 4063 1421 4134 Neque
1469 4064 1762 4119 daemones
1817 4068 2030 4118 natura

385 4145 572 4200 malos
601 4163 749 4202 esse.

455 4237 657 4293 Deinde
685 4255 754 4293 ne
785 4239 839 4294 id
868 4240 1095 4309 quidem
1128 4243 1402 4296 omnibus.
1424 4242 1574 4296 Nota
1595 4242 2026 4312 corruptionem

383 4343 498 4381 non
553 4326 737 4382 cuivis
787 4333 844 4384 et
893 4344 1124 4400 semper
1152 4346 1278 4385 esse
1311 4331 1557 4396 malum,
1591 4335 1654 4386 ut
1699 4331 1759 4385 in
1809 4329 1944 4386 feris
1975 4335 2032 4385 et

385 4416 721 4487 reptilibus,
755 4422 813 4474 et
843 4417 1032 4473 noxiis
1062 4419 1281 4475 herbis.

456 4506 557 4560 Sed
585 4521 763 4578 neque
793 4509 1098 4579 quidquam
1127 4509 1342 4564 interit.
1366 4507 1564 4580 Neque
1586 4508 1806 4580 aliquid
1835 4524 2027 4564 rerum

385 4597 706 4667 corrumpi,
741 4601 1034 4668 quatenus
1065 4602 1154 4652 est
1183 4598 1456 4655 essentia.

456 4685 559 4739 Sed
597 4686 831 4754 defectu.
866 4686 1123 4741 Observa
1153 4689 1308 4757 quod
1360 4687 1797 4759 corruptionem
1846 4693 2029 4752 vocet,

385 4778 441 4828 et
488 4773 753 4829 vitiosam
805 4791 872 4829 ac
920 4775 1182 4846 ineptam
1237 4781 1445 4847 praeter
1492 4777 1757 4832 ordinem
1807 4780 2030 4830 natura:

388 4863 701 4919 motionem
737 4880 751 4919 :
784 4863 893 4918 hoc
925 4867 1123 4918 autem
1157 4864 1333 4919 etiam
1367 4865 1548 4920 habes
1579 4866 1732 4937 apud
1768 4864 2031 4920 Ezechie-

387 4952 497 5007 lem
531 4953 602 5007 de
632 4952 864 5008 diabolo
899 4951 1190 5008 dicentem
1218 4969 1231 5008 :
1259 4953 1442 5009 Periit
1472 4953 1750 5018 sapientia
1782 4957 1878 5008 tua
1907 4970 2034 5008 cum

383 5041 572 5097 decore
623 5046 710 5098 tuo
740 5043 860 5113 (γη).
895 5041 982 5097 Ait
1029 5059 1162 5099 vero
1210 5043 1563 5099 sententiam
1615 5042 1926 5114 gentilium
1977 5047 2035 5098 et

455 5197 516 5269 (ι)
555 5198 721 5253 Rom.
754 5214 876 5264 xm,
909 5199 963 5252 4.
1042 5197 1139 5268 (m)
1171 5198 1311 5269 Cap.
1343 5214 1546 5269 xxvm,
1575 5215 1629 5255 v.
1666 5198 1750 5254 17.

2125 582 2252 640 ὄντα
2282 584 2580 656 ἀλλήλοις.

2196 763 2256 818 Εἰ
2315 761 2372 818 δὲ
2421 763 2472 818 ἐν
2527 768 2643 836 Θεῷ
2681 764 2947 834 τάγαθόν.
3001 766 3126 821 Ὃτι
3178 765 3239 820 τὸ
3296 766 3496 839 ἀγαθόν
3554 763 3611 822 ἐν
3673 771 3794 838 Θεῷ

2125 852 2348 928 ὕπαρξίς
2382 853 2520 907 ἑστιν
2557 856 2620 909 ⁸⁸.

2196 938 2335 996 Οὔτε
2368 939 2578 1002 ἁπλῶς.
2611 941 2754 998 Ἀντὶ
2786 945 2904 1012 τοῦ,
2938 939 3151 1004 ἁϊδίως.

2196 1030 2347 1086 Κατά
2377 1032 2600 1106 χρόνον.
2635 1030 2780 1088 Ἀντί
2809 1037 2928 1104 τοῦ,
2964 1036 3255 1104 μεθεκτῶς.

2193 1121 2424 1188 ἕΧΧΙΙ.
2479 1117 2631 1176 Ἀλλ’
2679 1118 2800 1175 οὔτε
2858 1120 2908 1174 ἐν
2965 1119 3249 1197 ἀγγέλοις.
3317 1121 3445 1196 Περὶ
3504 1120 3792 1198 ἀγγέλων,

2123 1207 2206 1262 ὅτι
2242 1206 2367 1263 οὕτε
2399 1207 2449 1262 ἐν
2485 1209 2672 1272 αὐτοῖς
2723 1211 2784 1264 τὸ
2833 1210 3019 1280 κακὸν,
3049 1211 3138 1265 καὶ
3191 1208 3279 1265 διὸ.
3324 1211 3377 1265 τί
3423 1208 3657 1286 ἄγγελοι
3695 1209 3791 1267 λέ·

2121 1318 2332 1374 γονται.

2193 1390 2306 1458 Τὴν
2368 1389 2676 1464 ἁγαθότητα
2733 1391 2832 1458 τήν
2893 1389 3059 1447 θείαν.
3116 1395 3244 1445 Θεῖα
3299 1392 3448 1464 Λέγει
3523 1391 3592 1444 τά
3650 1392 3789 1466 περὶ

2123 1476 2332 1554 φύσεως
2378 1477 2622 1553 ἀγγέλων
2682 1483 2788 1533 τῶν
2855 1480 3146 1552 μεινάντων
3206 1477 3479 1543 θεοειδῶν.
3530 1475 3789 1551 Ε’ίπομιν

2123 1564 2180 1621 δὲ
2205 1565 2483 1640 ἀνωτέρω,
2516 1564 2604 1621 διὰ
2643 1567 2697 1621 τί
2743 1565 3073 1641 ἀγαθοειδεῖς
3120 1567 3209 1623 καὶ
3261 1569 3360 1624 ούκ
3399 1567 3789 1642 αὖτοαγάθους

2118 1655 2245 1718 τοὺς
2290 1654 2549 1732 ἀγγέλους
2602 1657 2752 1733 φησί·
2806 1661 2942 1712 κατὰ
2985 1657 3082 1719 τὰς
3129 1656 3302 1720 αἰτίας
3350 1657 3527 1711 τοίνυν
3581 1657 3795 1717 ταύτας

2121 1743 2244 1798 οὔτε
2288 1744 2339 1799 έν
2389 1743 2640 1818 ἀγγέλοις
2708 1745 2770 1800 τὸ
2819 1747 3005 1801 κακόν.
3059 1745 3422 1822 Ἐτυμολογεῖ
3468 1743 3547 1818 δὲ,
3593 1743 3694 1799 διὰ
3738 1744 3795 1799 τί

2043 1868 2089 1933 Β
2121 1831 2426 1903 ἐκλήθησαν
2455 1832 2697 1908 ἄγγελοι.

2189 1923 2367 1978 Εἶκών
2425 1922 2535 1977 ἐστι
2591 1929 2688 1978 τοῦ
2745 1928 2899 1982 Θεοῦ.
2965 1924 3302 1997 Σημείωσαι,
3361 1923 3443 1978 ὅτι
3488 1922 3616 1984 τοὺς
3677 1924 3786 1998 ἆγε

2120 2011 2318 2086 γέλους
2350 2011 2560 2074 εἷ’κόνας
2589 2012 2722 2086 φησί
2745 2018 2842 2068 τοῦ
2875 2014 3073 2089 ἀγαθοῦ
3102 2017 3166 2051 99°
3198 2015 3285 2068 καὶ
3320 2013 3624 2086 σημείωσαι
3656 2017 3788 2075 πῶς

2121 2097 2289 2175 λέγει.

2194 2187 2368 2245 Ἀλλά
2409 2195 2490 2262 τῷ
2541 2190 2810 2260 κολάζειν.
2863 2194 2952 2254 Ὧς
3002 2190 3052 2262 ἐξ
3099 2191 3478 2264 ὑποκρούσεως
3522 2189 3790 2264 προλαμ-

2122 2272 2272 2332 ϐάνει
2301 2281 2401 2348 τήν
2450 2301 2615 2334 τινων
2662 2281 2916 2356 αἱρέσεων
2961 2280 3247 2347 ἀντίθεσιν,
3286 2284 3394 2334 τῶν
3434 2279 3562 2341 τοὺς
3610 2277 3790 2333 κολα-

2123 2368 2249 2429 στὰς
2278 2365 2521 2422 κελεύσει
2563 2374 2698 2423 Θεοῦ
2745 2369 3033 2444 ἀγγέλους,
3065 2369 3154 2424 καὶ
3205 2368 3369 2436 αὐτὴν
3422 2366 3479 2422 δὶ
3522 2369 3621 2434 τὴν
3676 2370 3790 2421 κόι-

2125 2455 2278 2511 λασιν
2329 2461 2424 2511 τοῦ
2475 2463 2643 2512 κακοῦ
2693 2461 3008 2532 τιθεμένων·
3042 2458 3131 2512 καὶ
3179 2455 3332 2519 εὐθὺς
3382 2455 3559 2511 ἐκλύει
3609 2460 3791 2510 ταῦτα

2126 2544 2547 2623 φιλοσοφώτατοι
2619 2548 2709 2601 καὶ
2781 2551 3098 2625 προσφυῶς,
3155 2546 3245 2600 καὶ
3301 2545 3363 2600 ἐκ
3428 2550 3536 2600 τῶν
3590 2546 3792 2620 ἱερέων

2123 2634 2250 2694 τοὺς
2286 2633 2494 2708 ἐναγεῖς
2550 2634 2638 2688 καὶ
2699 2630 2971 2709 βεϐήλους
3027 2641 3127 2705 τῆς
3179 2632 3507 2704 Ἐκκλησίας
3563 2633 3790 2708 εἱργόν-

2125 2745 2232 2777 των
2295 2726 2364 2760 ¹⁰⁰
2417 2723 2508 2778 καὶ
2565 2722 2902 2793 ἐξωθούντων
2963 2724 3050 2778 ἐπὶ
3113 2719 3378 2799 βεϐήλοις
3429 2722 3519 2777 καὶ
3567 2721 3786 2796 ἐναγέσι

2127 2811 2369 2885 πράξεσι,
2421 2809 2604 2882 δηλῶν
2667 2813 2740 2874 ὡς
2795 2810 2921 2867 οὐδε
2965 2813 3142 2879 αὐτοὶ,
3197 2811 3603 2885 τιμωρούμενοι
3650 2810 3790 2873 τοὺς

2130 2901 2337 2974 ἐναγεῖς
2376 2945 2390 2970 ,
2562 2905 2659 2954 τοῦ
2718 2905 2886 2956 κακοῦ
2944 2901 3067 2956 εῗσι’
3131 2901 3206 2973 μὴ
3263 2900 3503 2976 γένοιτοί
3564 2897 3788 2974 ε’ίρηται

2127 2990 2250 3066 γάρ·
2305 2989 2383 3045 Οὐ
2441 2989 2543 3064 γὰρ
2606 2989 2724 3059 εἰκῆ
2783 2991 2882 3060 τὴν
2943 2991 3215 3065 μάχαιραν
3277 2994 3471 3063 φορεῖ·
3523 2985 3787 3049 διάκονος

2129 3080 2231 3154 γάρ
2287 3077 2396 3132 ἐστι
2458 3083 2590 3133 Θεοῦ
2649 3078 2723 3141 εἷς
2783 3078 2951 3155 ὀργὴν
3001 3082 3080 3150 τῷ
3153 3079 3214 3133 τὸ
3289 3077 3453 3132 κακὸν
3511 3078 3788 3151 πράσσον-

2128 3190 2204 3223 τι.
2239 3167 2558 3239 Σημείωσαι
2589 3165 2679 3222 οὖν
2728 3167 2824 3231 τὰς
2861 3167 3060 3229 λύσεις·
3111 3164 3325 3225 πολλὰς
3377 3165 3480 3242 γὰρ
3523 3167 3788 3236 ζητήσεις

2049 3231 2092 3298 C
2132 3231 2340 3312 διαλύει
2389 3261 2494 3310 τῶν
2549 3255 2838 3333 λεγόντων,
2887 3255 2953 3313 Εἰ
3000 3253 3060 3311 ἐκ
3103 3259 3235 3310 Θεοῦ
3283 3256 3334 3310 οἱ
3369 3231 3698 3329 έήμιοῠιίκαί
3735 3255 3789 3308 οἱ

2132 3369 2394 3418 αρχοντες
2427 3368 2440 3418 ;

2203 3370 2219 3383 λ
2279 3370 2338 3402 ντ
2427 3370 2438 3380 ·

2169 3370 2275 3490 PS:
2339 3370 2440 3492 αἰξὶν,
2513 3433 2748 3512 βέϐηλον
2825 3441 2932 3492 τῶν
2985 3437 3142 3491 θείων
3222 3433 3534 3510 μυστηρίων
3590 3433 3789 3509 ἀπείρ-

2134 3548 2343 3602 γοντες.
2382 3527 2720 3599 Σημείωσαι,
2775 3525 2856 3580 ὅτι
2909 3523 2992 3579 δεῖ
3041 3524 3166 3586 τοὺς
3217 3519 3488 3599 βεϐήλους
3527 3523 3790 3597 ἀπείργε-

2137 3627 2255 3680 σθαι
2286 3620 2392 3670 τῶν
2429 3615 2583 3670 θείων
2619 3614 2929 3690 μυστηρίων
2963 3611 3052 3668 διὰ
3074 3618 3180 3668 τῶν
3212 3613 3423 3689 ἱερέων,

2209 3703 2343 3759 Ούδὶ
2384 3704 2447 3760 τὸ
2497 3702 2842 3773 κολάζεσθαι.
2888 3705 3011 3760 ’Ότι
3075 3702 3136 3756 ού
3185 3701 3245 3757 τὸ
3300 3699 3624 3769 κολάζεσθαι
3682 3720 3789 3753 κα-

2135 3795 2256 3866 κὸν,
2301 3792 2448 3848 ἀλλὰ
2487 3794 2549 3848 τὸ
2597 3792 2873 3853 κολάσεως
2929 3790 3073 3862 ἄξιον
3126 3791 3388 3867 γενέσθαι.
3441 3787 3789 3862 [Σημείωσαι

2136 3882 2260 3959 περὶ
2302 3881 2486 3960 ἱερέων
2545 3882 2634 3937 καὶ
2692 3881 2997 3956 ἀρχόντων,
3043 3884 3150 3935 τῶν
3198 3874 3468 3954 βεϐήλους
3515 3876 3786 3945 κολαζόν-

2135 3975 2289 4046 των.]

2210 4061 2370 4118 Ἀλλ’
2401 4058 2523 4115 οὕτε
2554 4061 2605 4114 oi
2630 4057 2906 4132 δαίμονες.
2938 4061 3061 4116 ’Ότι
3095 4053 3216 4113 οὔτε
3246 4058 3296 4112 οἱ
3329 4054 3584 4129 δαίμονες
3632 4052 3790 4133 φύσει

2136 4150 2313 4206 κακοὶ

2209 4241 2435 4296 Ἔπειτα
2492 4235 2618 4293 οὐδὲ
2690 4241 2849 4292 τοῦτο
2906 4234 3086 4293 παντί.
3155 4234 3472 4308 Σημείωσαι
3507 4275 3522 4300 ,

2138 4328 2297 4385 παντὶ
2348 4328 2437 4382 καὶ
2493 4328 2570 4381 ἀεὶ
2618 4326 2782 4381 κακὸν
2833 4327 2867 4395 ἡ
2921 4324 3116 4402 φθορὰ,
3164 4325 3237 4385 ὡς
3283 4322 3370 4377 ἐπὶ
3421 4321 3650 4397 θηρίων,
3698 4319 3790 4375 καὶ

2139 4420 2396 4492 ἑρπετῶν,
2429 4415 2518 4471 καὶ
2555 4417 2794 4491 βοτανῶν
2833 4413 3117 4489 ὀλεθρίων.

3582 4231 3666 4286 ὅτι
3725 4231 3789 4286 οὐ

2212 4505 2367 4563 Ἀλλ’
2417 4502 2543 4559 οὐδὲ
2592 4503 2882 4582 φθείρεται.
2914 4505 3039 4561 ’Ὁτι
3088 4499 3215 4557 ούδὶ
3263 4498 3533 4578 φθειρεταί
3579 4520 3632 4554 τι
3687 4502 3793 4552 τῶν

2055 4602 2102 4667 Ι)
2135 4592 2327 4662 ὄντων,
2361 4596 2479 4658 καθ’
2509 4595 2538 4649 ’ὸ
2569 4592 2744 4649 οὐσία.

2213 4682 2387 4741 Ἀλλά
2442 4687 2509 4756 τῇ
2571 4681 2834 4756 ἐλλείψει.
2895 4679 3234 4754 Σημείωσαι,
3290 4677 3371 4732 ὅτι
3430 4679 3632 4754 φθορὰν
3694 4699 3793 4732 κα-

2142 4772 2230 4828 λεῖ
2283 4773 2371 4827 καὶ
2429 4773 2527 4842 τὴν
2594 4769 2906 4844 πλημμελῆ
2966 4770 3054 4824 καὶ
3111 4769 3438 4843 ἀναρμόνιον
3493 4766 3641 4840 παρᾶ
3691 4768 3788 4834 τήν

2140 4863 2286 4933 τάξιν
2321 4864 2532 4931 κίνησιν
2576 4868 2674 4930 τῆς
2721 4860 2954 4938 φύσεως.
2987 4860 3180 4934 Ἔχεις
3228 4854 3285 4912 δὲ
3330 4857 3419 4910 καὶ
3456 4856 3619 4911 τοῧτο
3650 4855 3794 4930 παρὰ

2141 4955 2220 5022 τῷ
2264 4949 2521 5023 Ἰεζεξιὴλ
2561 4951 2687 5024 περὶ
2731 4953 2827 5003 τοῦ
2878 4943 3160 5002 διαϐόλου’
3196 4947 3434 5023 Έφθάρη
3484 4946 3519 5014 ἠ
3562 4943 3792 5012 ἐπιστή·

2148 5062 2223 5115 μη
2287 5061 2385 5094 σου
2464 5039 2554 5094 σὺν
2621 5039 2699 5111 τῷ
2765 5035 2958 5093 κάλλει
3032 5054 3153 5091 σου·
3224 5035 3356 5114 φησὶ
3434 5032 3493 5089 δὲ
3546 5035 3609 5090 τὸ
3668 5053 3771 5111 παρ

1401 5344 1642 5400 νΑΗῐιἘ
1674 5343 2061 5400 LECTIONES
2092 5345 2178 5396 ET
2209 5341 2763 5400 CORRECTIONES.

458 5458 681 5537 "Eine
713 5459 913 5537 ἀγαθὸν
945 5459 996 5537 ἰν
1039 5463 1154 5537 θεῷ
1174 5459 1403 5537 νῦπαρξίς
1431 5455 2152 5537 ἐστιν.Ἐίῌὲτερονᾼίίπαρξις
2183 5457 2406 5537 ἀγαθοῦ,
2447 5456 2602 5537 φησὶ,
2635 5457 2724 5537 καὶ
2752 5453 3109 5537 ἕτεροχιθεύ-ς·
3130 5454 3218 5537 ,ὡς
3246 5446 3606 5537 ’συμϐεβηκὸς
3646 5447 3795 5537 ἔσται

390 5532 534 5604 αὐτῷ
562 5533 632 5612 τὸ.
656 5527 876 5612 ἀγαθὸν,
908 5531 996 5586 καὶ
1029 5532 1074 5586 αἱ
1103 5527 1303 5604 τοῦτο,’
1322 5527 1672 5612 μιειιξαϐλητὸςΔ
1692 5527 1859 5612 ἔσται.
1890 5531 1951 5612 Si
1981 5534 2021 5586 is

2163 5545 2182 5585 9
2213 5527 2745 5612 bonume'ubstantia
2772 5527 3145 5612 βεβαίως
3170 5527 3678 5612 subitantiunpegi,
3708 5527 3796 5612 in-

390 5595 528 5675 quit,
559 5595 729 5698 aliud
756 5595 898 5694 Deus
931 5595 1534 5698 :ltanquamac'eideys,
1555 5595 1695 5698 erit,
1722 5605 1781 5659 in
1826 5618 1884 5661 eo
1934 5605 2132 5660 bonum
2167 5616 2180 5660 :
2212 5601 2354 5674 quod
2382 5600 2432 5658 si
2461 5604 2541 5659 ita
2587 5605 2680 5669 sit,
2723 5601 3009 5658 mutabilis
3031 5603 3156 5658 erit.
3189 5601 3234 5636 ”
3269 5600 3423 5652 Θεοῦ.
3476 5597 3544 5634 ίοο
3588 5595 3795 5670 Ἰεραὺτ

385 5671 783 5752 παραπλησίως
811 5677 910 5746 τήν
942 5671 1164 5731 ἀτοπίαν
1201 5673 1369 5745 λύων,
1397 5679 1505 5730 τῶν
1521 5671 1620 5729 καὶ
1653 5671 1793 5749 εἶργ.
