  <div class='ocr_page' id='page_1' title='image "/cluster/home/n/w/nwhite01/storage/ocr_20150623/4/hvd.32044073426538/154.png"; bbox 0 0 4000 6200; ppageno 0'>
   <div class='ocr_carea' id='block_1_1' title="bbox 151 307 244 361">
    <p class='ocr_par' dir='ltr' id='par_1_1' title="bbox 151 307 244 361">
     <span class='ocr_line' id='line_1_1' title="bbox 151 307 244 361; baseline -0.022 0"><span class='ocrx_word' id='word_1_1' title='bbox 151 307 244 361; x_wconf 84' lang='grc'>289</span> 
     </span>
    </p>
   </div>
   <div class='ocr_carea' id='block_1_2' title="bbox 901 297 2829 385">
    <p class='ocr_par' dir='ltr' id='par_1_2' title="bbox 901 297 2829 385">
     <span class='ocr_line' id='line_1_2' title="bbox 901 297 2829 385; baseline -0.002 -28"><span class='ocrx_word' id='word_1_2' title='bbox 901 306 958 357; x_wconf 87' lang='lat' dir='ltr'>S.</span> <span class='ocrx_word' id='word_1_3' title='bbox 999 306 1269 357; x_wconf 81' lang='lat' dir='ltr'><strong>MAXIMI</strong></span> <span class='ocrx_word' id='word_1_4' title='bbox 1313 299 1620 355; x_wconf 76' lang='lat' dir='ltr'>SCHOLIA</span> <span class='ocrx_word' id='word_1_5' title='bbox 1657 301 1730 352; x_wconf 67' lang='lat' dir='ltr'>IN</span> <span class='ocrx_word' id='word_1_6' title='bbox 1771 299 1901 350; x_wconf 62' lang='lat' dir='ltr'>LIB.</span> <span class='ocrx_word' id='word_1_7' title='bbox 1946 297 2038 349; x_wconf 81' lang='lat' dir='ltr'>DE</span> <span class='ocrx_word' id='word_1_8' title='bbox 2079 299 2352 350; x_wconf 83' lang='lat' dir='ltr'>DlVleS</span> <span class='ocrx_word' id='word_1_9' title='bbox 2390 301 2829 385; x_wconf 26' lang='lat' dir='ltr'>NOMINIBUS.‘</span> 
     </span>
    </p>
   </div>
   <div class='ocr_carea' id='block_1_3' title="bbox 3455 308 3560 361">
    <p class='ocr_par' dir='ltr' id='par_1_3' title="bbox 3455 308 3560 361">
     <span class='ocr_line' id='line_1_3' title="bbox 3455 308 3560 361; baseline 0.01 -1"><span class='ocrx_word' id='word_1_10' title='bbox 3455 308 3560 361; x_wconf 78' lang='lat'>290</span> 
     </span>
    </p>
   </div>
   <div class='ocr_carea' id='block_1_4' title="bbox 153 417 1822 501">
    <p class='ocr_par' dir='ltr' id='par_1_4' title="bbox 153 417 1805 501">
     <span class='ocr_line' id='line_1_4' title="bbox 153 417 1805 501; baseline -0.009 -16"><span class='ocrx_word' id='word_1_11' title='bbox 153 428 382 497; x_wconf 72' lang='grc' dir='ltr'>Ἢλῖιησι</span> <span class='ocrx_word' id='word_1_12' title='bbox 433 427 523 480; x_wconf 70' lang='grc' dir='ltr'>καὶ</span> <span class='ocrx_word' id='word_1_13' title='bbox 578 424 908 501; x_wconf 41' lang='lat' dir='ltr'>Mullum:</span> <span class='ocrx_word' id='word_1_14' title='bbox 946 422 1242 498; x_wconf 77' lang='grc' dir='ltr'>λεγόμενον</span> <span class='ocrx_word' id='word_1_15' title='bbox 1276 420 1535 493; x_wconf 64' lang='grc' dir='ltr'>διαλύων,</span> <span class='ocrx_word' id='word_1_16' title='bbox 1569 420 1650 473; x_wconf 77' lang='grc' dir='ltr'>ὅτι</span> <span class='ocrx_word' id='word_1_17' title='bbox 1684 417 1805 473; x_wconf 65' lang='grc' dir='ltr'>οῧτε</span> 
     </span>
    </p>
   </div>
   <div class='ocr_carea' id='block_1_5' title="bbox 1945 417 3560 501">
    <p class='ocr_par' dir='ltr' id='par_1_5' title="bbox 1945 418 3560 496">
     <span class='ocr_line' id='line_1_5' title="bbox 1945 418 3560 496; baseline 0.01 -25"><span class='ocrx_word' id='word_1_18' title='bbox 1945 418 2371 474; x_wconf 75' lang='lat' dir='ltr'>.fanicbznorum</span> <span class='ocrx_word' id='word_1_19' title='bbox 2414 422 2760 489; x_wconf 67' lang='lat' dir='ltr'>dissoch-ns,</span> <span class='ocrx_word' id='word_1_20' title='bbox 2798 442 2983 496; x_wconf 78' lang='lat' dir='ltr'>neque</span> <span class='ocrx_word' id='word_1_21' title='bbox 3028 429 3316 484; x_wconf 66' lang='lat' dir='ltr'>daemones</span> <span class='ocrx_word' id='word_1_22' title='bbox 3352 437 3560 488; x_wconf 82' lang='lat' dir='ltr'>natura</span> 
     </span>
    </p>
   </div>
   <div class='ocr_carea' id='block_1_6' title="bbox 154 508 1802 590">
    <p class='ocr_par' dir='ltr' id='par_1_6' title="bbox 154 508 1802 590">
     <span class='ocr_line' id='line_1_6' title="bbox 154 508 1802 590; baseline -0.009 -17"><span class='ocrx_word' id='word_1_23' title='bbox 154 521 200 574; x_wconf 76' lang='grc' dir='ltr'>οἱ</span> <span class='ocrx_word' id='word_1_24' title='bbox 257 515 516 590; x_wconf 83' lang='grc' dir='ltr'>δαίμονες</span> <span class='ocrx_word' id='word_1_25' title='bbox 574 514 730 590; x_wconf 77' lang='grc' dir='ltr'>φύσει</span> <span class='ocrx_word' id='word_1_26' title='bbox 786 514 942 569; x_wconf 77' lang='grc' dir='ltr'>κακοί</span> <span class='ocrx_word' id='word_1_27' title='bbox 976 534 988 545; x_wconf 81' lang='grc'><em>’</em></span> <span class='ocrx_word' id='word_1_28' title='bbox 1047 515 1163 568; x_wconf 78' lang='grc' dir='ltr'>εἶτα</span> <span class='ocrx_word' id='word_1_29' title='bbox 1238 511 1305 567; x_wconf 72' lang='grc' dir='ltr'>τὰ</span> <span class='ocrx_word' id='word_1_30' title='bbox 1356 512 1472 565; x_wconf 83' lang='grc' dir='ltr'>καθ’</span> <span class='ocrx_word' id='word_1_31' title='bbox 1551 508 1802 563; x_wconf 85' lang='grc' dir='ltr'>ὑπόθεσιν</span> 
     </span>
    </p>
   </div>
   <div class='ocr_carea' id='block_1_7' title="bbox 154 593 1806 682">
    <p class='ocr_par' dir='ltr' id='par_1_7' title="bbox 154 593 1806 682">
     <span class='ocr_line' id='line_1_7' title="bbox 154 593 1806 682; baseline -0.008 -21"><span class='ocrx_word' id='word_1_32' title='bbox 154 608 274 682; x_wconf 83' lang='grc' dir='ltr'>παρ’</span> <span class='ocrx_word' id='word_1_33' title='bbox 347 607 523 660; x_wconf 82' lang='grc' dir='ltr'>αὐτῶν</span> <span class='ocrx_word' id='word_1_34' title='bbox 599 603 970 675; x_wconf 66' lang='grc' dir='ltr'>ἀντιτιθέμενα</span> <span class='ocrx_word' id='word_1_35' title='bbox 1045 601 1337 675; x_wconf 73' lang='grc' dir='ltr'>προτίθησι</span> <span class='ocrx_word' id='word_1_36' title='bbox 1412 600 1500 653; x_wconf 79' lang='grc' dir='ltr'>καὶ</span> <span class='ocrx_word' id='word_1_37' title='bbox 1573 593 1806 667; x_wconf 73' lang='grc' dir='ltr'>διαλύει,</span> 
     </span>
    </p>
   </div>
   <div class='ocr_carea' id='block_1_8' title="bbox 157 685 1804 770">
    <p class='ocr_par' dir='ltr' id='par_1_8' title="bbox 157 685 1804 770">
     <span class='ocr_line' id='line_1_8' title="bbox 157 685 1804 770; baseline -0.009 -19"><span class='ocrx_word' id='word_1_38' title='bbox 157 694 348 770; x_wconf 75' lang='grc' dir='ltr'>λέγων’</span> <span class='ocrx_word' id='word_1_39' title='bbox 381 697 604 766; x_wconf 86' lang='grc' dir='ltr'>Πρῶτον</span> <span class='ocrx_word' id='word_1_40' title='bbox 656 693 749 764; x_wconf 76' lang='grc' dir='ltr'>μὶν</span> <span class='ocrx_word' id='word_1_41' title='bbox 783 690 844 744; x_wconf 72' lang='grc' dir='ltr'>οὗ</span> <span class='ocrx_word' id='word_1_42' title='bbox 886 690 1194 768; x_wconf 77' lang='grc' dir='ltr'>φθείρουσιν</span> <span class='ocrx_word' id='word_1_43' title='bbox 1228 691 1280 743; x_wconf 77' lang='grc' dir='ltr'>οἱ</span> <span class='ocrx_word' id='word_1_44' title='bbox 1313 687 1565 762; x_wconf 83' lang='grc' dir='ltr'>δαίμονες</span> <span class='ocrx_word' id='word_1_45' title='bbox 1597 685 1804 745; x_wconf 79' lang='grc' dir='ltr'>οὐσίας·</span> 
     </span>
    </p>
   </div>
   <div class='ocr_carea' id='block_1_9' title="bbox 159 774 1812 857">
    <p class='ocr_par' dir='ltr' id='par_1_9' title="bbox 159 774 1812 857">
     <span class='ocr_line' id='line_1_9' title="bbox 159 774 1812 857; baseline -0.007 -19"><span class='ocrx_word' id='word_1_46' title='bbox 159 785 205 838; x_wconf 71' lang='grc' dir='ltr'>αἱ</span> <span class='ocrx_word' id='word_1_47' title='bbox 234 784 337 857; x_wconf 72' lang='grc' dir='ltr'>γὰρ</span> <span class='ocrx_word' id='word_1_48' title='bbox 371 781 547 836; x_wconf 80' lang='grc' dir='ltr'>οὐσίαι</span> <span class='ocrx_word' id='word_1_49' title='bbox 578 781 697 834; x_wconf 83' lang='grc' dir='ltr'>καθ’</span> <span class='ocrx_word' id='word_1_50' title='bbox 725 781 753 834; x_wconf 83' lang='grc' dir='ltr'>’ὀ</span> <span class='ocrx_word' id='word_1_51' title='bbox 804 778 980 833; x_wconf 77' lang='grc' dir='ltr'>οὐσίαι</span> <span class='ocrx_word' id='word_1_52' title='bbox 1032 780 1092 833; x_wconf 78' lang='grc' dir='ltr'>οὐ</span> <span class='ocrx_word' id='word_1_53' title='bbox 1137 776 1412 852; x_wconf 74' lang='grc' dir='ltr'>χιυροῦσιν</span> <span class='ocrx_word' id='word_1_54' title='bbox 1463 776 1540 838; x_wconf 77' lang='grc' dir='ltr'>εἷς</span> <span class='ocrx_word' id='word_1_55' title='bbox 1571 774 1812 847; x_wconf 81' lang='grc' dir='ltr'>ἀνυπαρ-</span> 
     </span>
    </p>
   </div>
   <div class='ocr_carea' id='block_1_10' title="bbox 157 861 1814 946">
    <p class='ocr_par' dir='ltr' id='par_1_10' title="bbox 157 861 1814 946">
     <span class='ocr_line' id='line_1_10' title="bbox 157 861 1814 946; baseline -0.007 -19"><span class='ocrx_word' id='word_1_56' title='bbox 157 874 283 946; x_wconf 77' lang='grc' dir='ltr'>ξέαν·</span> <span class='ocrx_word' id='word_1_57' title='bbox 342 870 551 942; x_wconf 69' lang='grc' dir='ltr'>ἔπειτα,</span> <span class='ocrx_word' id='word_1_58' title='bbox 597 870 688 924; x_wconf 87' lang='grc' dir='ltr'>καὶ</span> <span class='ocrx_word' id='word_1_59' title='bbox 743 868 788 923; x_wconf 75' lang='grc' dir='ltr'>εἰ</span> <span class='ocrx_word' id='word_1_60' title='bbox 837 872 998 922; x_wconf 76' lang='grc' dir='ltr'>τοῦτο</span> <span class='ocrx_word' id='word_1_61' title='bbox 1048 868 1137 935; x_wconf 77' lang='grc' dir='ltr'>ἦν,</span> <span class='ocrx_word' id='word_1_62' title='bbox 1191 868 1252 921; x_wconf 79' lang='grc' dir='ltr'>οὐ</span> <span class='ocrx_word' id='word_1_63' title='bbox 1306 873 1466 920; x_wconf 75' lang='grc' dir='ltr'>πᾶσιν</span> <span class='ocrx_word' id='word_1_64' title='bbox 1515 861 1639 918; x_wconf 74' lang='grc' dir='ltr'>οὐδὲ</span> <span class='ocrx_word' id='word_1_65' title='bbox 1686 863 1814 916; x_wconf 77' lang='grc' dir='ltr'>πάν-</span> 
     </span>
    </p>
   </div>
   <div class='ocr_carea' id='block_1_11' title="bbox 158 953 1815 1035">
    <p class='ocr_par' dir='ltr' id='par_1_11' title="bbox 158 953 1815 1035">
     <span class='ocr_line' id='line_1_11' title="bbox 158 953 1815 1035; baseline -0.007 -19"><span class='ocrx_word' id='word_1_66' title='bbox 158 985 256 1017; x_wconf 84' lang='grc' dir='ltr'>των</span> <span class='ocrx_word' id='word_1_67' title='bbox 319 963 356 1028; x_wconf 81' lang='grc' dir='ltr'>ἡ</span> <span class='ocrx_word' id='word_1_68' title='bbox 409 960 587 1035; x_wconf 72' lang='grc' dir='ltr'>φθορᾶ</span> <span class='ocrx_word' id='word_1_69' title='bbox 643 959 803 1025; x_wconf 78' lang='grc' dir='ltr'>κακὴ,</span> <span class='ocrx_word' id='word_1_70' title='bbox 867 957 940 1018; x_wconf 87' lang='grc' dir='ltr'>ὡς</span> <span class='ocrx_word' id='word_1_71' title='bbox 1000 956 1052 1011; x_wconf 73' lang='grc' dir='ltr'>ὲν</span> <span class='ocrx_word' id='word_1_72' title='bbox 1101 961 1218 1018; x_wconf 84' lang='grc' dir='ltr'>τοῖς</span> <span class='ocrx_word' id='word_1_73' title='bbox 1278 954 1511 1029; x_wconf 81' lang='grc' dir='ltr'>θηρίοις,</span> <span class='ocrx_word' id='word_1_74' title='bbox 1559 953 1642 1007; x_wconf 72' lang='grc' dir='ltr'><strong>καῖ</strong></span> <span class='ocrx_word' id='word_1_75' title='bbox 1697 956 1815 1012; x_wconf 83' lang='grc' dir='ltr'>τοῖς</span> 
     </span>
    </p>
   </div>
   <div class='ocr_carea' id='block_1_12' title="bbox 155 1041 1813 1124">
    <p class='ocr_par' dir='ltr' id='par_1_12' title="bbox 155 1041 1813 1124">
     <span class='ocr_line' id='line_1_12' title="bbox 155 1041 1813 1124; baseline -0.007 -20"><span class='ocrx_word' id='word_1_76' title='bbox 155 1049 434 1124; x_wconf 77' lang='grc' dir='ltr'>ἕρπουσιν,</span> <span class='ocrx_word' id='word_1_77' title='bbox 487 1047 577 1101; x_wconf 82' lang='grc' dir='ltr'>καὶ</span> <span class='ocrx_word' id='word_1_78' title='bbox 627 1047 786 1108; x_wconf 86' lang='grc' dir='ltr'>πόαις</span> <span class='ocrx_word' id='word_1_79' title='bbox 835 1043 1134 1119; x_wconf 83' lang='grc' dir='ltr'>ὀλεθρίαις,</span> <span class='ocrx_word' id='word_1_80' title='bbox 1177 1046 1265 1098; x_wconf 78' lang='grc' dir='ltr'>καὶ</span> <span class='ocrx_word' id='word_1_81' title='bbox 1305 1049 1419 1104; x_wconf 87' lang='grc' dir='ltr'>τοῖς</span> <span class='ocrx_word' id='word_1_82' title='bbox 1451 1041 1644 1102; x_wconf 81' lang='grc' dir='ltr'>ἄλλοις</span> <span class='ocrx_word' id='word_1_83' title='bbox 1697 1044 1813 1100; x_wconf 85' lang='grc' dir='ltr'>τοῖς</span> 
     </span>
    </p>
   </div>
   <div class='ocr_carea' id='block_1_13' title="bbox 155 1128 1817 1209">
    <p class='ocr_par' dir='ltr' id='par_1_13' title="bbox 155 1128 1817 1209">
     <span class='ocr_line' id='line_1_13' title="bbox 155 1128 1817 1209; baseline -0.007 -17"><span class='ocrx_word' id='word_1_84' title='bbox 155 1138 398 1209; x_wconf 78' lang='grc' dir='ltr'>ὁμοίοις.</span> <span class='ocrx_word' id='word_1_85' title='bbox 435 1134 704 1206; x_wconf 86' lang='grc' dir='ltr'>Ζητητέον</span> <span class='ocrx_word' id='word_1_86' title='bbox 740 1135 855 1200; x_wconf 81' lang='grc' dir='ltr'>οὗν,</span> <span class='ocrx_word' id='word_1_87' title='bbox 894 1134 970 1206; x_wconf 81' lang='grc' dir='ltr'>μὴ</span> <span class='ocrx_word' id='word_1_88' title='bbox 1008 1130 1235 1206; x_wconf 81' lang='grc' dir='ltr'>δύναμιν</span> <span class='ocrx_word' id='word_1_89' title='bbox 1287 1132 1321 1200; x_wconf 76' lang='grc' dir='ltr'><strong>ἢ</strong></span> <span class='ocrx_word' id='word_1_90' title='bbox 1353 1130 1616 1204; x_wconf 69' lang='grc' dir='ltr'>ἐνέργειαν</span> <span class='ocrx_word' id='word_1_91' title='bbox 1666 1128 1817 1206; x_wconf 78' lang='grc' dir='ltr'>φθεί-</span> 
     </span>
    </p>
   </div>
   <div class='ocr_carea' id='block_1_14' title="bbox 155 1217 1814 1301">
    <p class='ocr_par' dir='ltr' id='par_1_14' title="bbox 155 1217 1814 1301">
     <span class='ocr_line' id='line_1_14' title="bbox 155 1217 1814 1301; baseline -0.007 -20"><span class='ocrx_word' id='word_1_92' title='bbox 155 1247 339 1301; x_wconf 84' lang='grc' dir='ltr'>ρουσιν</span> <span class='ocrx_word' id='word_1_93' title='bbox 372 1225 424 1278; x_wconf 79' lang='grc' dir='ltr'>οἱ</span> <span class='ocrx_word' id='word_1_94' title='bbox 461 1221 742 1296; x_wconf 78' lang='grc' dir='ltr'>δαίμονες,</span> <span class='ocrx_word' id='word_1_95' title='bbox 770 1221 859 1275; x_wconf 85' lang='grc' dir='ltr'>καὶ</span> <span class='ocrx_word' id='word_1_96' title='bbox 892 1218 1026 1281; x_wconf 71' lang='grc' dir='ltr'>τέως</span> <span class='ocrx_word' id='word_1_97' title='bbox 1060 1220 1112 1276; x_wconf 83' lang='grc' dir='ltr'>ἐν</span> <span class='ocrx_word' id='word_1_98' title='bbox 1169 1219 1422 1292; x_wconf 81' lang='grc' dir='ltr'>συντόμῳ</span> <span class='ocrx_word' id='word_1_99' title='bbox 1465 1221 1576 1294; x_wconf 85' lang='grc' dir='ltr'>χρή</span> <span class='ocrx_word' id='word_1_100' title='bbox 1623 1217 1814 1274; x_wconf 75' lang='grc' dir='ltr'>εἰπεῖν,</span> 
     </span>
    </p>
   </div>
   <div class='ocr_carea' id='block_1_15' title="bbox 152 1303 1820 1386">
    <p class='ocr_par' dir='ltr' id='par_1_15' title="bbox 152 1303 1820 1386">
     <span class='ocr_line' id='line_1_15' title="bbox 152 1303 1820 1386; baseline -0.006 -17"><span class='ocrx_word' id='word_1_101' title='bbox 152 1317 197 1370; x_wconf 82' lang='grc' dir='ltr'>τί</span> <span class='ocrx_word' id='word_1_102' title='bbox 228 1312 465 1386; x_wconf 70' lang='grc' dir='ltr'>δύναμις</span> <span class='ocrx_word' id='word_1_103' title='bbox 498 1316 514 1348; x_wconf 89' lang='grc'>¹</span> <span class='ocrx_word' id='word_1_104' title='bbox 565 1312 656 1366; x_wconf 79' lang='grc' dir='ltr'>καὶ</span> <span class='ocrx_word' id='word_1_105' title='bbox 706 1310 757 1365; x_wconf 88' lang='grc' dir='ltr'>τί</span> <span class='ocrx_word' id='word_1_106' title='bbox 805 1309 1062 1384; x_wconf 74' lang='grc' dir='ltr'>ἐνέργεια’</span> <span class='ocrx_word' id='word_1_107' title='bbox 1111 1309 1280 1364; x_wconf 74' lang='grc' dir='ltr'>ἰστέον</span> <span class='ocrx_word' id='word_1_108' title='bbox 1330 1306 1442 1377; x_wconf 79' lang='grc' dir='ltr'>οὖν,</span> <span class='ocrx_word' id='word_1_109' title='bbox 1491 1307 1572 1362; x_wconf 81' lang='grc' dir='ltr'>ὅτι</span> <span class='ocrx_word' id='word_1_110' title='bbox 1624 1309 1658 1376; x_wconf 80' lang='grc' dir='ltr'>ἡ</span> <span class='ocrx_word' id='word_1_111' title='bbox 1709 1303 1820 1360; x_wconf 64' lang='lat' dir='ltr'>Sta‘</span> 
     </span>
    </p>
   </div>
   <div class='ocr_carea' id='block_1_16' title="bbox 156 1394 1816 1479">
    <p class='ocr_par' dir='ltr' id='par_1_16' title="bbox 156 1394 1816 1479">
     <span class='ocr_line' id='line_1_16' title="bbox 156 1394 1816 1479; baseline -0.004 -23"><span class='ocrx_word' id='word_1_112' title='bbox 156 1404 328 1479; x_wconf 69' lang='grc' dir='ltr'>φθορὰ</span> <span class='ocrx_word' id='word_1_113' title='bbox 386 1408 491 1470; x_wconf 77' lang='grc' dir='ltr'>τῆς</span> <span class='ocrx_word' id='word_1_114' title='bbox 552 1397 832 1472; x_wconf 79' lang='grc' dir='ltr'>δυνάμεως</span> <span class='ocrx_word' id='word_1_115' title='bbox 885 1400 1020 1472; x_wconf 89' lang='grc' dir='ltr'>πρὸς</span> <span class='ocrx_word' id='word_1_116' title='bbox 1084 1399 1184 1466; x_wconf 77' lang='grc' dir='ltr'>τὴν</span> <span class='ocrx_word' id='word_1_117' title='bbox 1262 1397 1526 1474; x_wconf 74' lang='grc' dir='ltr'>ἐνέργειαν</span> <span class='ocrx_word' id='word_1_118' title='bbox 1591 1394 1816 1465; x_wconf 77' lang='grc' dir='ltr'>τοιαύτη</span> 
     </span>
    </p>
   </div>
   <div class='ocr_carea' id='block_1_17' title="bbox 157 1484 1820 1560">
    <p class='ocr_par' dir='ltr' id='par_1_17' title="bbox 157 1484 1820 1560">
     <span class='ocr_line' id='line_1_17' title="bbox 157 1484 1820 1560; baseline -0.007 -13"><span class='ocrx_word' id='word_1_119' title='bbox 157 1492 317 1560; x_wconf 74' lang='grc' dir='ltr'>ἐστὶν,</span> <span class='ocrx_word' id='word_1_120' title='bbox 368 1491 444 1551; x_wconf 75' lang='grc' dir='ltr'>ὡς</span> <span class='ocrx_word' id='word_1_121' title='bbox 501 1492 536 1559; x_wconf 77' lang='grc' dir='ltr'><strong>ἡ</strong></span> <span class='ocrx_word' id='word_1_122' title='bbox 587 1486 694 1559; x_wconf 73' lang='grc' dir='ltr'>ἕξις</span> <span class='ocrx_word' id='word_1_123' title='bbox 744 1489 882 1559; x_wconf 87' lang='grc' dir='ltr'>πρὸς</span> <span class='ocrx_word' id='word_1_124' title='bbox 929 1489 1030 1556; x_wconf 76' lang='grc' dir='ltr'>τὴν</span> <span class='ocrx_word' id='word_1_125' title='bbox 1078 1485 1345 1560; x_wconf 69' lang='grc' dir='ltr'>ἐνέργειαν</span> <span class='ocrx_word' id='word_1_126' title='bbox 1396 1488 1493 1556; x_wconf 82' lang='grc' dir='ltr'>τήν</span> <span class='ocrx_word' id='word_1_127' title='bbox 1543 1485 1674 1539; x_wconf 84' lang='grc' dir='ltr'>κανά</span> <span class='ocrx_word' id='word_1_128' title='bbox 1718 1484 1820 1551; x_wconf 76' lang='grc' dir='ltr'>τὴν</span> 
     </span>
    </p>
   </div>
   <div class='ocr_carea' id='block_1_18' title="bbox 155 1569 1822 1652">
    <p class='ocr_par' dir='ltr' id='par_1_18' title="bbox 155 1569 1822 1652">
     <span class='ocr_line' id='line_1_18' title="bbox 155 1569 1822 1652; baseline -0.006 -17"><span class='ocrx_word' id='word_1_129' title='bbox 155 1579 278 1651; x_wconf 64' lang='grc' dir='ltr'>ἴξινο</span> <span class='ocrx_word' id='word_1_130' title='bbox 330 1583 368 1649; x_wconf 79' lang='grc' dir='ltr'>ἡ</span> <span class='ocrx_word' id='word_1_131' title='bbox 425 1580 521 1652; x_wconf 74' lang='grc' dir='ltr'>μὲν</span> <span class='ocrx_word' id='word_1_132' title='bbox 581 1579 674 1633; x_wconf 79' lang='grc' dir='ltr'>οὗν</span> <span class='ocrx_word' id='word_1_133' title='bbox 717 1573 826 1646; x_wconf 75' lang='grc' dir='ltr'>ἕξις</span> <span class='ocrx_word' id='word_1_134' title='bbox 879 1576 1111 1645; x_wconf 75' lang='grc' dir='ltr'>ποιότης</span> <span class='ocrx_word' id='word_1_135' title='bbox 1162 1575 1300 1630; x_wconf 76' lang='grc' dir='ltr'>ἐστὶν</span> <span class='ocrx_word' id='word_1_136' title='bbox 1347 1569 1610 1649; x_wconf 79' lang='grc' dir='ltr'>ἕμμονος.</span> <span class='ocrx_word' id='word_1_137' title='bbox 1646 1573 1822 1647; x_wconf 77' lang='grc' dir='ltr'>Σαφὶς</span> 
     </span>
    </p>
   </div>
   <div class='ocr_carea' id='block_1_19' title="bbox 163 1661 1821 1740">
    <p class='ocr_par' dir='ltr' id='par_1_19' title="bbox 163 1661 1821 1740">
     <span class='ocr_line' id='line_1_19' title="bbox 163 1661 1821 1740; baseline -0.006 -16"><span class='ocrx_word' id='word_1_138' title='bbox 163 1669 215 1725; x_wconf 69' lang='grc' dir='ltr'>δὲ</span> <span class='ocrx_word' id='word_1_139' title='bbox 280 1667 435 1723; x_wconf 66' lang='grc' dir='ltr'>ἔσται</span> <span class='ocrx_word' id='word_1_140' title='bbox 491 1666 654 1721; x_wconf 70' lang='lat' dir='ltr'>cii-cur</span> <span class='ocrx_word' id='word_1_141' title='bbox 712 1666 775 1720; x_wconf 82' lang='grc' dir='ltr'>τὸ</span> <span class='ocrx_word' id='word_1_142' title='bbox 833 1668 938 1738; x_wconf 77' lang='grc' dir='ltr'>πῦρ</span> <span class='ocrx_word' id='word_1_143' title='bbox 996 1662 1222 1737; x_wconf 76' lang='grc' dir='ltr'>δύναμιν</span> <span class='ocrx_word' id='word_1_144' title='bbox 1269 1661 1385 1740; x_wconf 78' lang='grc' dir='ltr'>ἔχει</span> <span class='ocrx_word' id='word_1_145' title='bbox 1438 1662 1821 1737; x_wconf 72' lang='grc' dir='ltr'>θερμαντικὴν,</span> 
     </span>
    </p>
   </div>
   <div class='ocr_carea' id='block_1_20' title="bbox 1916 507 3561 586">
    <p class='ocr_par' dir='ltr' id='par_1_20' title="bbox 1916 507 3561 586">
     <span class='ocr_line' id='line_1_20' title="bbox 1916 507 3561 586; baseline 0.009 -25"><span class='ocrx_word' id='word_1_146' title='bbox 1916 523 2044 562; x_wconf 89' lang='lat' dir='ltr'>esse</span> <span class='ocrx_word' id='word_1_147' title='bbox 2087 507 2270 563; x_wconf 89' lang='lat' dir='ltr'>malos</span> <span class='ocrx_word' id='word_1_148' title='bbox 2303 527 2315 564; x_wconf 90' lang='lat'><strong>:</strong></span> <span class='ocrx_word' id='word_1_149' title='bbox 2349 509 2560 566; x_wconf 90' lang='lat' dir='ltr'>deinde</span> <span class='ocrx_word' id='word_1_150' title='bbox 2607 529 2734 582; x_wconf 72' lang='lat' dir='ltr'>quae</span> <span class='ocrx_word' id='word_1_151' title='bbox 2783 530 2851 568; x_wconf 83' lang='lat' dir='ltr'>ex</span> <span class='ocrx_word' id='word_1_152' title='bbox 2901 517 3306 586; x_wconf 80' lang='lat' dir='ltr'>suppositione</span> <span class='ocrx_word' id='word_1_153' title='bbox 3338 520 3408 574; x_wconf 90' lang='lat' dir='ltr'>ab</span> <span class='ocrx_word' id='word_1_154' title='bbox 3443 520 3561 576; x_wconf 84' lang='lat' dir='ltr'>illis</span> 
     </span>
    </p>
   </div>
   <div class='ocr_carea' id='block_1_21' title="bbox 1916 600 3562 670">
    <p class='ocr_par' dir='ltr' id='par_1_21' title="bbox 1916 600 3562 670">
     <span class='ocr_line' id='line_1_21' title="bbox 1916 600 3562 670; baseline 0.009 -21"><span class='ocrx_word' id='word_1_155' title='bbox 1916 602 2310 667; x_wconf 82' lang='lat' dir='ltr'>exponuntur,</span> <span class='ocrx_word' id='word_1_156' title='bbox 2343 600 2620 670; x_wconf 81' lang='lat' dir='ltr'>proponit</span> <span class='ocrx_word' id='word_1_157' title='bbox 2662 606 2718 657; x_wconf 91' lang='lat' dir='ltr'>et</span> <span class='ocrx_word' id='word_1_158' title='bbox 2761 603 3048 670; x_wconf 74' lang='lat' dir='ltr'>dissolvit,</span> <span class='ocrx_word' id='word_1_159' title='bbox 3083 604 3286 660; x_wconf 90' lang='lat' dir='ltr'>dicens</span> <span class='ocrx_word' id='word_1_160' title='bbox 3319 624 3332 661; x_wconf 91' lang='lat'><strong>:</strong></span> <span class='ocrx_word' id='word_1_161' title='bbox 3368 608 3562 663; x_wconf 91' lang='lat' dir='ltr'>Primo</span> 
     </span>
    </p>
   </div>
   <div class='ocr_carea' id='block_1_22' title="bbox 1921 685 3561 762">
    <p class='ocr_par' dir='ltr' id='par_1_22' title="bbox 1921 685 3561 762">
     <span class='ocr_line' id='line_1_22' title="bbox 1921 685 3561 762; baseline 0.008 -24"><span class='ocrx_word' id='word_1_162' title='bbox 1921 685 2158 755; x_wconf 84' lang='lat' dir='ltr'>quidem</span> <span class='ocrx_word' id='word_1_163' title='bbox 2192 687 2485 742; x_wconf 72' lang='lat' dir='ltr'>daemones</span> <span class='ocrx_word' id='word_1_164' title='bbox 2536 697 2650 744; x_wconf 85' lang='lat' dir='ltr'>non</span> <span class='ocrx_word' id='word_1_165' title='bbox 2682 698 3069 762; x_wconf 80' lang='lat' dir='ltr'>corrumpunt</span> <span class='ocrx_word' id='word_1_166' title='bbox 3116 695 3438 762; x_wconf 88' lang='lat' dir='ltr'>essentias;</span> <span class='ocrx_word' id='word_1_167' title='bbox 3473 712 3561 751; x_wconf 86' lang='lat' dir='ltr'>es-</span> 
     </span>
    </p>
   </div>
   <div class='ocr_carea' id='block_1_23' title="bbox 1919 773 3564 850">
    <p class='ocr_par' dir='ltr' id='par_1_23' title="bbox 1919 773 3564 850">
     <span class='ocr_line' id='line_1_23' title="bbox 1919 773 3564 850; baseline 0.008 -23"><span class='ocrx_word' id='word_1_168' title='bbox 1919 773 2120 828; x_wconf 70' lang='lat' dir='ltr'>sentiaa</span> <span class='ocrx_word' id='word_1_169' title='bbox 2172 775 2328 829; x_wconf 88' lang='lat' dir='ltr'>enim</span> <span class='ocrx_word' id='word_1_170' title='bbox 2389 782 2678 844; x_wconf 82' lang='lat' dir='ltr'>quatenus</span> <span class='ocrx_word' id='word_1_171' title='bbox 2736 780 3024 850; x_wconf 60' lang='lat' dir='ltr'>essentia,</span> <span class='ocrx_word' id='word_1_172' title='bbox 3061 798 3173 836; x_wconf 92' lang='lat' dir='ltr'>non</span> <span class='ocrx_word' id='word_1_173' title='bbox 3231 784 3448 839; x_wconf 89' lang='lat' dir='ltr'>abeunt</span> <span class='ocrx_word' id='word_1_174' title='bbox 3506 785 3564 839; x_wconf 91' lang='lat' dir='ltr'>in</span> 
     </span>
    </p>
   </div>
   <div class='ocr_carea' id='block_1_24' title="bbox 1920 861 3566 936">
    <p class='ocr_par' dir='ltr' id='par_1_24' title="bbox 1920 861 3566 936">
     <span class='ocr_line' id='line_1_24' title="bbox 1920 861 3566 936; baseline 0.007 -19"><span class='ocrx_word' id='word_1_175' title='bbox 1920 861 2204 932; x_wconf 85' lang='lat' dir='ltr'>nihilum;</span> <span class='ocrx_word' id='word_1_176' title='bbox 2238 865 2393 920; x_wconf 79' lang='lat' dir='ltr'>I54</span> <span class='ocrx_word' id='word_1_177' title='bbox 2426 871 2627 935; x_wconf 88' lang='lat' dir='ltr'>postea</span> <span class='ocrx_word' id='word_1_178' title='bbox 2657 867 2768 921; x_wconf 90' lang='lat' dir='ltr'>etsi</span> <span class='ocrx_word' id='word_1_179' title='bbox 2795 868 2903 923; x_wconf 87' lang='lat' dir='ltr'>hoc</span> <span class='ocrx_word' id='word_1_180' title='bbox 2933 875 3107 936; x_wconf 83' lang='lat' dir='ltr'><strong>esset,</strong></span> <span class='ocrx_word' id='word_1_181' title='bbox 3135 888 3247 925; x_wconf 87' lang='lat' dir='ltr'>non</span> <span class='ocrx_word' id='word_1_182' title='bbox 3283 872 3410 928; x_wconf 92' lang='lat' dir='ltr'>ideo</span> <span class='ocrx_word' id='word_1_183' title='bbox 3442 889 3566 927; x_wconf 87' lang='lat' dir='ltr'>om-</span> 
     </span>
    </p>
   </div>
   <div class='ocr_carea' id='block_1_25' title="bbox 1921 951 3568 1028">
    <p class='ocr_par' dir='ltr' id='par_1_25' title="bbox 1921 951 3568 1028">
     <span class='ocr_line' id='line_1_25' title="bbox 1921 951 3568 1028; baseline 0.007 -23"><span class='ocrx_word' id='word_1_184' title='bbox 1921 951 2097 1006; x_wconf 89' lang='lat' dir='ltr'>nibus</span> <span class='ocrx_word' id='word_1_185' title='bbox 2132 967 2319 1023; x_wconf 88' lang='lat' dir='ltr'>neque</span> <span class='ocrx_word' id='word_1_186' title='bbox 2345 954 2608 1009; x_wconf 90' lang='lat' dir='ltr'>omnium</span> <span class='ocrx_word' id='word_1_187' title='bbox 2631 957 2926 1028; x_wconf 84' lang='lat' dir='ltr'>corruptio</span> <span class='ocrx_word' id='word_1_188' title='bbox 2957 957 3134 1026; x_wconf 89' lang='lat' dir='ltr'>mala,</span> <span class='ocrx_word' id='word_1_189' title='bbox 3159 959 3310 1014; x_wconf 83' lang='lat' dir='ltr'>sicut</span> <span class='ocrx_word' id='word_1_190' title='bbox 3340 960 3399 1015; x_wconf 92' lang='lat' dir='ltr'>in</span> <span class='ocrx_word' id='word_1_191' title='bbox 3433 961 3568 1016; x_wconf 86' lang='lat' dir='ltr'>feris</span> 
     </span>
    </p>
   </div>
   <div class='ocr_carea' id='block_1_26' title="bbox 1922 1040 3567 1118">
    <p class='ocr_par' dir='ltr' id='par_1_26' title="bbox 1922 1040 3567 1118">
     <span class='ocr_line' id='line_1_26' title="bbox 1922 1040 3567 1118; baseline 0.007 -23"><span class='ocrx_word' id='word_1_192' title='bbox 1922 1045 1978 1096; x_wconf 88' lang='lat' dir='ltr'>et</span> <span class='ocrx_word' id='word_1_193' title='bbox 2008 1040 2341 1111; x_wconf 90' lang='lat' dir='ltr'>reptilibus,</span> <span class='ocrx_word' id='word_1_194' title='bbox 2374 1047 2430 1096; x_wconf 89' lang='lat' dir='ltr'>et</span> <span class='ocrx_word' id='word_1_195' title='bbox 2463 1043 2657 1098; x_wconf 82' lang='lat' dir='ltr'>herbis</span> <span class='ocrx_word' id='word_1_196' title='bbox 2690 1047 2900 1111; x_wconf 84' lang='lat' dir='ltr'>noxiis,</span> <span class='ocrx_word' id='word_1_197' title='bbox 2932 1045 3186 1118; x_wconf 85' lang='lat' dir='ltr'>aliisque</span> <span class='ocrx_word' id='word_1_198' title='bbox 3219 1049 3515 1106; x_wconf 86' lang='lat' dir='ltr'>similibus</span> <span class='ocrx_word' id='word_1_199' title='bbox 3555 1068 3567 1106; x_wconf 92' lang='lat'>:</span> 
     </span>
    </p>
   </div>
   <div class='ocr_carea' id='block_1_27' title="bbox 1924 1129 3570 1200">
    <p class='ocr_par' dir='ltr' id='par_1_27' title="bbox 1924 1129 3570 1200">
     <span class='ocr_line' id='line_1_27' title="bbox 1924 1129 3570 1200; baseline 0.007 -17"><span class='ocrx_word' id='word_1_200' title='bbox 1924 1129 2304 1200; x_wconf 83' lang='lat' dir='ltr'>quaerendum</span> <span class='ocrx_word' id='word_1_201' title='bbox 2339 1129 2536 1200; x_wconf 81' lang='lat' dir='ltr'>igitur,</span> <span class='ocrx_word' id='word_1_202' title='bbox 2566 1149 2708 1186; x_wconf 89' lang='lat' dir='ltr'>num</span> <span class='ocrx_word' id='word_1_203' title='bbox 2740 1134 3033 1190; x_wconf 68' lang='lat' dir='ltr'>daemones</span> <span class='ocrx_word' id='word_1_204' title='bbox 3063 1137 3332 1193; x_wconf 83' lang='lat' dir='ltr'>virtutem</span> <span class='ocrx_word' id='word_1_205' title='bbox 3363 1145 3420 1194; x_wconf 93' lang='lat' dir='ltr'>et</span> <span class='ocrx_word' id='word_1_206' title='bbox 3449 1139 3570 1194; x_wconf 82' lang='lat' dir='ltr'>effi-</span> 
     </span>
    </p>
   </div>
   <div class='ocr_carea' id='block_1_28' title="bbox 1925 1216 3572 1292">
    <p class='ocr_par' dir='ltr' id='par_1_28' title="bbox 1925 1216 3572 1292">
     <span class='ocr_line' id='line_1_28' title="bbox 1925 1216 3572 1292; baseline 0.007 -22"><span class='ocrx_word' id='word_1_207' title='bbox 1925 1216 2141 1272; x_wconf 88' lang='lat' dir='ltr'>caciam</span> <span class='ocrx_word' id='word_1_208' title='bbox 2179 1226 2581 1289; x_wconf 85' lang='lat' dir='ltr'>corrumpant;</span> <span class='ocrx_word' id='word_1_209' title='bbox 2618 1222 2852 1276; x_wconf 80' lang='lat' dir='ltr'>interim</span> <span class='ocrx_word' id='word_1_210' title='bbox 2903 1224 3104 1292; x_wconf 84' lang='lat' dir='ltr'>paucis</span> <span class='ocrx_word' id='word_1_211' title='bbox 3134 1226 3449 1282; x_wconf 89' lang='lat' dir='ltr'>dicendum</span> <span class='ocrx_word' id='word_1_212' title='bbox 3483 1236 3572 1284; x_wconf 81' lang='lat' dir='ltr'>est</span> 
     </span>
    </p>
   </div>
   <div class='ocr_carea' id='block_1_29' title="bbox 1927 1305 3569 1385">
    <p class='ocr_par' dir='ltr' id='par_1_29' title="bbox 1927 1305 3569 1385">
     <span class='ocr_line' id='line_1_29' title="bbox 1927 1305 3569 1385; baseline 0.008 -27"><span class='ocrx_word' id='word_1_213' title='bbox 1927 1305 2065 1376; x_wconf 89' lang='lat' dir='ltr'>quid</span> <span class='ocrx_word' id='word_1_214' title='bbox 2099 1307 2282 1362; x_wconf 88' lang='lat' dir='ltr'>virtus</span> <span class='ocrx_word' id='word_1_215' title='bbox 2313 1312 2370 1362; x_wconf 90' lang='lat' dir='ltr'>et</span> <span class='ocrx_word' id='word_1_216' title='bbox 2401 1308 2542 1378; x_wconf 91' lang='lat' dir='ltr'>quid</span> <span class='ocrx_word' id='word_1_217' title='bbox 2575 1309 2853 1364; x_wconf 88' lang='lat' dir='ltr'>efﬁcacia.</span> <span class='ocrx_word' id='word_1_218' title='bbox 2888 1311 3202 1368; x_wconf 87' lang='lat' dir='ltr'>Sciendum</span> <span class='ocrx_word' id='word_1_219' title='bbox 3233 1314 3415 1385; x_wconf 86' lang='lat' dir='ltr'>igitur</span> <span class='ocrx_word' id='word_1_220' title='bbox 3445 1333 3569 1372; x_wconf 90' lang='lat' dir='ltr'>cor-</span> 
     </span>
    </p>
   </div>
   <div class='ocr_carea' id='block_1_30' title="bbox 1930 1393 3572 1468">
    <p class='ocr_par' dir='ltr' id='par_1_30' title="bbox 1930 1393 3572 1468">
     <span class='ocr_line' id='line_1_30' title="bbox 1930 1393 3572 1468; baseline 0.006 -18"><span class='ocrx_word' id='word_1_221' title='bbox 1930 1393 2259 1465; x_wconf 88' lang='lat' dir='ltr'>ruptionem</span> <span class='ocrx_word' id='word_1_222' title='bbox 2290 1397 2527 1452; x_wconf 86' lang='lat' dir='ltr'>virtutis</span> <span class='ocrx_word' id='word_1_223' title='bbox 2569 1403 2834 1468; x_wconf 76' lang='lat' dir='ltr'>reapectu</span> <span class='ocrx_word' id='word_1_224' title='bbox 2869 1400 3137 1455; x_wconf 62' lang='lat' dir='ltr'>efﬁcacia</span> <span class='ocrx_word' id='word_1_225' title='bbox 3169 1419 3271 1457; x_wconf 89' lang='lat' dir='ltr'>seu</span> <span class='ocrx_word' id='word_1_226' title='bbox 3326 1405 3572 1460; x_wconf 85' lang='lat' dir='ltr'>actionis</span> 
     </span>
    </p>
   </div>
   <div class='ocr_carea' id='block_1_31' title="bbox 1929 1483 3572 1561">
    <p class='ocr_par' dir='ltr' id='par_1_31' title="bbox 1929 1483 3572 1561">
     <span class='ocr_line' id='line_1_31' title="bbox 1929 1483 3572 1561; baseline 0.006 -23"><span class='ocrx_word' id='word_1_227' title='bbox 1929 1483 2102 1538; x_wconf 86' lang='lat' dir='ltr'>talem</span> <span class='ocrx_word' id='word_1_228' title='bbox 2154 1501 2302 1555; x_wconf 88' lang='lat' dir='ltr'>esse,</span> <span class='ocrx_word' id='word_1_229' title='bbox 2337 1485 2530 1557; x_wconf 88' lang='lat' dir='ltr'>qualis</span> <span class='ocrx_word' id='word_1_230' title='bbox 2579 1493 2666 1541; x_wconf 88' lang='lat' dir='ltr'>est</span> <span class='ocrx_word' id='word_1_231' title='bbox 2715 1486 2954 1544; x_wconf 86' lang='lat' dir='ltr'>habitus</span> <span class='ocrx_word' id='word_1_232' title='bbox 3006 1495 3273 1561; x_wconf 88' lang='lat' dir='ltr'>respectu</span> <span class='ocrx_word' id='word_1_233' title='bbox 3325 1493 3572 1548; x_wconf 81' lang='lat' dir='ltr'>actionis</span> 
     </span>
    </p>
   </div>
   <div class='ocr_carea' id='block_1_32' title="bbox 1928 1572 3572 1651">
    <p class='ocr_par' dir='ltr' id='par_1_32' title="bbox 1928 1572 3572 1651">
     <span class='ocr_line' id='line_1_32' title="bbox 1928 1572 3572 1651; baseline 0.007 -26"><span class='ocrx_word' id='word_1_234' title='bbox 1928 1572 2280 1639; x_wconf 86' lang='lat' dir='ltr'>habitualis;</span> <span class='ocrx_word' id='word_1_235' title='bbox 2305 1573 2541 1630; x_wconf 88' lang='lat' dir='ltr'>habitus</span> <span class='ocrx_word' id='word_1_236' title='bbox 2563 1575 2799 1646; x_wconf 87' lang='lat' dir='ltr'>quidem</span> <span class='ocrx_word' id='word_1_237' title='bbox 2821 1581 2908 1632; x_wconf 89' lang='lat' dir='ltr'>est</span> <span class='ocrx_word' id='word_1_238' title='bbox 2930 1578 3185 1648; x_wconf 87' lang='lat' dir='ltr'>qualitas</span> <span class='ocrx_word' id='word_1_239' title='bbox 3207 1579 3572 1651; x_wconf 89' lang='lat' dir='ltr'>immanens;</span> 
     </span>
    </p>
   </div>
   <div class='ocr_carea' id='block_1_33' title="bbox 1929 1659 3578 1739">
    <p class='ocr_par' dir='ltr' id='par_1_33' title="bbox 1929 1659 3578 1739">
     <span class='ocr_line' id='line_1_33' title="bbox 1929 1659 3578 1739; baseline 0.007 -25"><span class='ocrx_word' id='word_1_240' title='bbox 1929 1659 2072 1715; x_wconf 90' lang='lat' dir='ltr'>illud</span> <span class='ocrx_word' id='word_1_241' title='bbox 2109 1666 2302 1717; x_wconf 88' lang='lat' dir='ltr'>autem</span> <span class='ocrx_word' id='word_1_242' title='bbox 2335 1663 2415 1718; x_wconf 89' lang='lat' dir='ltr'>ita</span> <span class='ocrx_word' id='word_1_243' title='bbox 2445 1665 2819 1736; x_wconf 88' lang='lat' dir='ltr'>perspicuum</span> <span class='ocrx_word' id='word_1_244' title='bbox 2847 1667 2981 1722; x_wconf 91' lang='lat' dir='ltr'>ﬁet:</span> <span class='ocrx_word' id='word_1_245' title='bbox 3007 1668 3162 1739; x_wconf 85' lang='lat' dir='ltr'>ignis</span> <span class='ocrx_word' id='word_1_246' title='bbox 3194 1668 3369 1724; x_wconf 85' lang='lat' dir='ltr'>habet</span> <span class='ocrx_word' id='word_1_247' title='bbox 3400 1670 3578 1725; x_wconf 86' lang='lat' dir='ltr'>virtu-</span> 
     </span>
    </p>
   </div>
   <div class='ocr_carea' id='block_1_34' title="bbox 163 1749 1822 1853">
    <p class='ocr_par' dir='ltr' id='par_1_34' title="bbox 163 1749 1819 1827">
     <span class='ocr_line' id='line_1_34' title="bbox 163 1749 1819 1827; baseline -0.004 -14"><span class='ocrx_word' id='word_1_248' title='bbox 163 1761 245 1814; x_wconf 78' lang='grc' dir='ltr'>καί</span> <span class='ocrx_word' id='word_1_249' title='bbox 297 1758 443 1811; x_wconf 77' lang='grc' dir='ltr'>ἐστιν</span> <span class='ocrx_word' id='word_1_250' title='bbox 496 1755 659 1810; x_wconf 74' lang='grc' dir='ltr'>αὐτοῦ</span> <span class='ocrx_word' id='word_1_251' title='bbox 705 1753 816 1826; x_wconf 67' lang='grc' dir='ltr'>ἕξις</span> <span class='ocrx_word' id='word_1_252' title='bbox 862 1752 987 1822; x_wconf 77' lang='grc' dir='ltr'>ἤτοι</span> <span class='ocrx_word' id='word_1_253' title='bbox 1051 1753 1283 1822; x_wconf 85' lang='grc' dir='ltr'>ποιότης</span> <span class='ocrx_word' id='word_1_254' title='bbox 1332 1753 1394 1807; x_wconf 81' lang='grc' dir='ltr'>τὸ</span> <span class='ocrx_word' id='word_1_255' title='bbox 1446 1749 1819 1827; x_wconf 87' lang='grc' dir='ltr'>θερμαντικόν.</span> 
     </span>
    </p>
   </div>
   <div class='ocr_carea' id='block_1_35' title="bbox 1945 1749 3574 1853">
    <p class='ocr_par' dir='ltr' id='par_1_35' title="bbox 1945 1749 3574 1828">
     <span class='ocr_line' id='line_1_35' title="bbox 1945 1749 3574 1828; baseline 0.006 -24"><span class='ocrx_word' id='word_1_256' title='bbox 1945 1756 2046 1805; x_wconf 70' lang='lat' dir='ltr'>tem</span> <span class='ocrx_word' id='word_1_257' title='bbox 2068 1749 2675 1824; x_wconf 80' lang='lat' dir='ltr'>calefaciendi,estque</span> <span class='ocrx_word' id='word_1_258' title='bbox 2699 1754 2887 1825; x_wconf 88' lang='lat' dir='ltr'>ipsius</span> <span class='ocrx_word' id='word_1_259' title='bbox 2911 1755 3146 1810; x_wconf 87' lang='lat' dir='ltr'>habitus</span> <span class='ocrx_word' id='word_1_260' title='bbox 3164 1773 3265 1812; x_wconf 89' lang='lat' dir='ltr'>seu</span> <span class='ocrx_word' id='word_1_261' title='bbox 3289 1759 3574 1828; x_wconf 87' lang='lat' dir='ltr'>qualitas;</span> 
     </span>
    </p>
   </div>
   <div class='ocr_carea' id='block_1_36' title="bbox 163 1839 1820 1920">
    <p class='ocr_par' dir='ltr' id='par_1_36' title="bbox 163 1839 1820 1920">
     <span class='ocr_line' id='line_1_36' title="bbox 163 1839 1820 1920; baseline -0.006 -17"><span class='ocrx_word' id='word_1_262' title='bbox 163 1851 342 1904; x_wconf 75' lang='grc' dir='ltr'>Ἔστιν</span> <span class='ocrx_word' id='word_1_263' title='bbox 390 1846 485 1901; x_wconf 74' lang='grc' dir='ltr'>οὖν</span> <span class='ocrx_word' id='word_1_264' title='bbox 525 1844 761 1920; x_wconf 67' lang='grc' dir='ltr'>ἐνέργεια</span> <span class='ocrx_word' id='word_1_265' title='bbox 811 1846 843 1912; x_wconf 77' lang='grc' dir='ltr'>ἡ</span> <span class='ocrx_word' id='word_1_266' title='bbox 895 1843 1170 1911; x_wconf 73' lang='grc' dir='ltr'>κατὰ·τήν</span> <span class='ocrx_word' id='word_1_267' title='bbox 1219 1840 1327 1912; x_wconf 61' lang='grc' dir='ltr'>ἕξιν</span> <span class='ocrx_word' id='word_1_268' title='bbox 1368 1839 1490 1911; x_wconf 75' lang='grc' dir='ltr'>ἤτοι</span> <span class='ocrx_word' id='word_1_269' title='bbox 1530 1841 1820 1910; x_wconf 85' lang='grc' dir='ltr'>ποιότητα,</span> 
     </span>
    </p>
   </div>
   <div class='ocr_carea' id='block_1_37' title="bbox 163 1927 1823 2006">
    <p class='ocr_par' dir='ltr' id='par_1_37' title="bbox 163 1927 1823 2006">
     <span class='ocr_line' id='line_1_37' title="bbox 163 1927 1823 2006; baseline -0.005 -15"><span class='ocrx_word' id='word_1_270' title='bbox 163 1937 248 1991; x_wconf 78' lang='grc' dir='ltr'>ὅτε</span> <span class='ocrx_word' id='word_1_271' title='bbox 296 1935 385 1989; x_wconf 82' lang='grc' dir='ltr'>καί</span> <span class='ocrx_word' id='word_1_272' title='bbox 433 1956 487 1988; x_wconf 82' lang='grc' dir='ltr'>τι</span> <span class='ocrx_word' id='word_1_273' title='bbox 539 1938 700 2006; x_wconf 87' lang='grc' dir='ltr'>σῶμα</span> <span class='ocrx_word' id='word_1_274' title='bbox 743 1932 1102 2006; x_wconf 80' lang='grc' dir='ltr'>θερμαίνεται·</span> <span class='ocrx_word' id='word_1_275' title='bbox 1159 1929 1277 1986; x_wconf 80' lang='grc' dir='ltr'>ἰδοὺ</span> <span class='ocrx_word' id='word_1_276' title='bbox 1327 1931 1429 2006; x_wconf 76' lang='grc' dir='ltr'>γὰρ</span> <span class='ocrx_word' id='word_1_277' title='bbox 1479 1927 1823 1984; x_wconf 81' lang='grc' dir='ltr'>ἀποτελεῖται</span> 
     </span>
    </p>
   </div>
   <div class='ocr_carea' id='block_1_38' title="bbox 158 2016 1824 2098">
    <p class='ocr_par' dir='ltr' id='par_1_38' title="bbox 158 2016 1824 2098">
     <span class='ocr_line' id='line_1_38' title="bbox 158 2016 1824 2098; baseline -0.005 -19"><span class='ocrx_word' id='word_1_278' title='bbox 158 2029 188 2094; x_wconf 73' lang='grc' dir='ltr'>ἡ</span> <span class='ocrx_word' id='word_1_279' title='bbox 249 2024 490 2098; x_wconf 62' lang='grc' dir='ltr'>ἐνέργεια</span> <span class='ocrx_word' id='word_1_280' title='bbox 545 2024 644 2089; x_wconf 75' lang='grc' dir='ltr'>τῆς</span> <span class='ocrx_word' id='word_1_281' title='bbox 713 2018 873 2091; x_wconf 73' lang='grc' dir='ltr'>ἕξεως</span> <span class='ocrx_word' id='word_1_282' title='bbox 932 2025 1029 2074; x_wconf 78' lang='grc' dir='ltr'>ἰοὖ</span> <span class='ocrx_word' id='word_1_283' title='bbox 1088 2020 1285 2095; x_wconf 88' lang='grc' dir='ltr'>πυρός·</span> <span class='ocrx_word' id='word_1_284' title='bbox 1347 2023 1381 2089; x_wconf 79' lang='grc' dir='ltr'>ἡ</span> <span class='ocrx_word' id='word_1_285' title='bbox 1445 2019 1534 2073; x_wconf 80' lang='grc' dir='ltr'>οὗν</span> <span class='ocrx_word' id='word_1_286' title='bbox 1596 2016 1824 2089; x_wconf 82' lang='grc' dir='ltr'>δύναμις</span> 
     </span>
    </p>
   </div>
   <div class='ocr_carea' id='block_1_39' title="bbox 160 2105 1822 2185">
    <p class='ocr_par' dir='ltr' id='par_1_39' title="bbox 160 2105 1822 2185">
     <span class='ocr_line' id='line_1_39' title="bbox 160 2105 1822 2185; baseline -0.005 -17"><span class='ocrx_word' id='word_1_287' title='bbox 160 2115 282 2185; x_wconf 85' lang='grc' dir='ltr'>παρ’</span> <span class='ocrx_word' id='word_1_288' title='bbox 341 2114 538 2180; x_wconf 67' lang='grc' dir='ltr'>εαυτῆς</span> <span class='ocrx_word' id='word_1_289' title='bbox 608 2105 726 2184; x_wconf 77' lang='grc' dir='ltr'>ἔχει</span> <span class='ocrx_word' id='word_1_290' title='bbox 784 2110 881 2177; x_wconf 80' lang='grc' dir='ltr'>τὴν</span> <span class='ocrx_word' id='word_1_291' title='bbox 954 2109 1250 2185; x_wconf 57' lang='grc' dir='ltr'>ἐνέργειαν</span> <span class='ocrx_word' id='word_1_292' title='bbox 1330 2108 1496 2177; x_wconf 80' lang='grc' dir='ltr'>αὐτῆς</span> <span class='ocrx_word' id='word_1_293' title='bbox 1550 2108 1651 2184; x_wconf 74' lang='grc' dir='ltr'>γὰρ</span> <span class='ocrx_word' id='word_1_294' title='bbox 1712 2107 1822 2175; x_wconf 67' lang='grc' dir='ltr'>ἔστι</span> 
     </span>
    </p>
   </div>
   <div class='ocr_carea' id='block_1_40' title="bbox 161 2196 1821 2272">
    <p class='ocr_par' dir='ltr' id='par_1_40' title="bbox 161 2196 1821 2272">
     <span class='ocr_line' id='line_1_40' title="bbox 161 2196 1821 2272; baseline -0.002 -19"><span class='ocrx_word' id='word_1_295' title='bbox 161 2209 257 2271; x_wconf 79' lang='grc' dir='ltr'>τῆς</span> <span class='ocrx_word' id='word_1_296' title='bbox 289 2199 577 2271; x_wconf 68' lang='grc' dir='ltr'>δυνάμεως</span> <span class='ocrx_word' id='word_1_297' title='bbox 609 2199 643 2267; x_wconf 80' lang='grc' dir='ltr'>ἠ</span> <span class='ocrx_word' id='word_1_298' title='bbox 675 2197 911 2272; x_wconf 73' lang='grc' dir='ltr'>ἐνέργεια</span> <span class='ocrx_word' id='word_1_299' title='bbox 961 2198 1025 2251; x_wconf 84' lang='grc' dir='ltr'>τὸ</span> <span class='ocrx_word' id='word_1_300' title='bbox 1056 2197 1107 2267; x_wconf 79' lang='grc' dir='ltr'><strong>ἐξ</strong></span> <span class='ocrx_word' id='word_1_301' title='bbox 1158 2197 1328 2266; x_wconf 76' lang='grc' dir='ltr'>αὐτῆς</span> <span class='ocrx_word' id='word_1_302' title='bbox 1360 2196 1821 2269; x_wconf 71' lang='grc' dir='ltr'>ἀποτελούμενον·</span> 
     </span>
    </p>
   </div>
   <div class='ocr_carea' id='block_1_41' title="bbox 166 2281 1828 2364">
    <p class='ocr_par' dir='ltr' id='par_1_41' title="bbox 166 2281 1828 2364">
     <span class='ocr_line' id='line_1_41' title="bbox 166 2281 1828 2364; baseline -0.002 -22"><span class='ocrx_word' id='word_1_303' title='bbox 166 2294 197 2357; x_wconf 78' lang='grc' dir='ltr'>ἢ</span> <span class='ocrx_word' id='word_1_304' title='bbox 253 2291 358 2364; x_wconf 71' lang='grc' dir='ltr'>γὰρ</span> <span class='ocrx_word' id='word_1_305' title='bbox 405 2287 637 2360; x_wconf 78' lang='grc' dir='ltr'>δύναμις</span> <span class='ocrx_word' id='word_1_306' title='bbox 688 2286 824 2341; x_wconf 82' lang='grc' dir='ltr'>κατᾶ</span> <span class='ocrx_word' id='word_1_307' title='bbox 873 2287 934 2341; x_wconf 85' lang='grc' dir='ltr'>τὸ</span> <span class='ocrx_word' id='word_1_308' title='bbox 986 2291 1159 2340; x_wconf 84' lang='grc' dir='ltr'>ποιεῖν</span> <span class='ocrx_word' id='word_1_309' title='bbox 1219 2281 1578 2358; x_wconf 77' lang='grc' dir='ltr'>λαμϐάνεται.</span> <span class='ocrx_word' id='word_1_310' title='bbox 1643 2284 1828 2359; x_wconf 79' lang='grc' dir='ltr'>Φθορὰ</span> 
     </span>
    </p>
   </div>
   <div class='ocr_carea' id='block_1_42' title="bbox 167 2372 1825 2450">
    <p class='ocr_par' dir='ltr' id='par_1_42' title="bbox 167 2372 1825 2450">
     <span class='ocr_line' id='line_1_42' title="bbox 167 2372 1825 2450; baseline -0.004 -17"><span class='ocrx_word' id='word_1_311' title='bbox 167 2381 250 2434; x_wconf 71' lang='grc' dir='ltr'>οὖν</span> <span class='ocrx_word' id='word_1_312' title='bbox 285 2377 570 2448; x_wconf 74' lang='grc' dir='ltr'>δυνάμεως</span> <span class='ocrx_word' id='word_1_313' title='bbox 603 2379 636 2444; x_wconf 75' lang='grc' dir='ltr'>ἡ</span> <span class='ocrx_word' id='word_1_314' title='bbox 671 2375 930 2450; x_wconf 73' lang='grc' dir='ltr'>ἐνέργεια.</span> <span class='ocrx_word' id='word_1_315' title='bbox 962 2378 1164 2449; x_wconf 82' lang='grc' dir='ltr'>Ὥσπερ</span> <span class='ocrx_word' id='word_1_316' title='bbox 1199 2376 1289 2429; x_wconf 80' lang='grc' dir='ltr'>οὗν</span> <span class='ocrx_word' id='word_1_317' title='bbox 1321 2376 1409 2430; x_wconf 84' lang='grc' dir='ltr'>καὶ</span> <span class='ocrx_word' id='word_1_318' title='bbox 1442 2375 1626 2438; x_wconf 77' lang='grc' dir='ltr'>οὐσίας</span> <span class='ocrx_word' id='word_1_319' title='bbox 1665 2376 1698 2443; x_wconf 82' lang='grc' dir='ltr'>ἡ</span> <span class='ocrx_word' id='word_1_320' title='bbox 1729 2372 1825 2427; x_wconf 74' lang='grc' dir='ltr'>δύ-</span> 
     </span>
    </p>
   </div>
   <div class='ocr_carea' id='block_1_43' title="bbox 163 2463 1823 2539">
    <p class='ocr_par' dir='ltr' id='par_1_43' title="bbox 163 2463 1823 2539">
     <span class='ocr_line' id='line_1_43' title="bbox 163 2463 1823 2539; baseline -0.002 -19"><span class='ocrx_word' id='word_1_321' title='bbox 163 2489 350 2539; x_wconf 85' lang='grc' dir='ltr'>ναμις,</span> <span class='ocrx_word' id='word_1_322' title='bbox 380 2465 578 2520; x_wconf 77' lang='grc' dir='ltr'>ταύτὸν</span> <span class='ocrx_word' id='word_1_323' title='bbox 623 2463 680 2519; x_wconf 65' lang='grc' dir='ltr'>δὲ</span> <span class='ocrx_word' id='word_1_324' title='bbox 713 2463 803 2518; x_wconf 80' lang='grc' dir='ltr'>καὶ</span> <span class='ocrx_word' id='word_1_325' title='bbox 856 2465 980 2538; x_wconf 86' lang='grc' dir='ltr'>περὶ</span> <span class='ocrx_word' id='word_1_326' title='bbox 1025 2467 1126 2529; x_wconf 81' lang='grc' dir='ltr'>τῆς</span> <span class='ocrx_word' id='word_1_327' title='bbox 1175 2463 1434 2538; x_wconf 79' lang='grc' dir='ltr'>ἐνεργείας</span> <span class='ocrx_word' id='word_1_328' title='bbox 1471 2467 1505 2532; x_wconf 81' lang='grc' dir='ltr'>ἡ</span> <span class='ocrx_word' id='word_1_329' title='bbox 1552 2464 1697 2537; x_wconf 81' lang='grc' dir='ltr'>παρά</span> <span class='ocrx_word' id='word_1_330' title='bbox 1728 2464 1823 2530; x_wconf 73' lang='grc' dir='ltr'>τὴν</span> 
     </span>
    </p>
   </div>
   <div class='ocr_carea' id='block_1_44' title="bbox 164 2552 1827 2626">
    <p class='ocr_par' dir='ltr' id='par_1_44' title="bbox 164 2552 1827 2626">
     <span class='ocr_line' id='line_1_44' title="bbox 164 2552 1827 2626; baseline -0.005 -15"><span class='ocrx_word' id='word_1_331' title='bbox 164 2556 332 2626; x_wconf 78' lang='grc' dir='ltr'>τάξιν,</span> <span class='ocrx_word' id='word_1_332' title='bbox 395 2554 489 2609; x_wconf 81' lang='grc' dir='ltr'>καὶ</span> <span class='ocrx_word' id='word_1_333' title='bbox 545 2554 645 2621; x_wconf 75' lang='grc' dir='ltr'>τήν</span> <span class='ocrx_word' id='word_1_334' title='bbox 706 2552 1077 2626; x_wconf 71' lang='grc' dir='ltr'>συμμετρίαν,</span> <span class='ocrx_word' id='word_1_335' title='bbox 1136 2553 1223 2606; x_wconf 76' lang='grc' dir='ltr'>καὶ</span> <span class='ocrx_word' id='word_1_336' title='bbox 1283 2553 1541 2626; x_wconf 81' lang='grc' dir='ltr'>ἁρμονίαν</span> <span class='ocrx_word' id='word_1_337' title='bbox 1603 2552 1827 2620; x_wconf 70' lang='grc' dir='ltr'>ἀσθενὴς</span> 
     </span>
    </p>
   </div>
   <div class='ocr_carea' id='block_1_45' title="bbox 166 2638 1825 2718">
    <p class='ocr_par' dir='ltr' id='par_1_45' title="bbox 166 2638 1825 2718">
     <span class='ocr_line' id='line_1_45' title="bbox 166 2638 1825 2718; baseline -0.002 -21"><span class='ocrx_word' id='word_1_338' title='bbox 166 2641 426 2718; x_wconf 79' lang='grc' dir='ltr'>πρόοδος.</span> <span class='ocrx_word' id='word_1_339' title='bbox 459 2643 580 2704; x_wconf 83' lang='grc' dir='ltr'>καθ’</span> <span class='ocrx_word' id='word_1_340' title='bbox 607 2643 670 2709; x_wconf 76' lang='grc' dir='ltr'>ἣν</span> <span class='ocrx_word' id='word_1_341' title='bbox 725 2644 1020 2714; x_wconf 65' lang='grc' dir='ltr'>προϊοῦσαν</span> <span class='ocrx_word' id='word_1_342' title='bbox 1070 2638 1424 2714; x_wconf 82' lang='grc' dir='ltr'>πλημμελῶς</span> <span class='ocrx_word' id='word_1_343' title='bbox 1473 2640 1534 2694; x_wconf 80' lang='grc' dir='ltr'>οὐ</span> <span class='ocrx_word' id='word_1_344' title='bbox 1576 2638 1825 2694; x_wconf 66' lang='grc' dir='ltr'>δύνανται</span> 
     </span>
    </p>
   </div>
   <div class='ocr_carea' id='block_1_46' title="bbox 171 2727 1823 2806">
    <p class='ocr_par' dir='ltr' id='par_1_46' title="bbox 171 2727 1823 2806">
     <span class='ocr_line' id='line_1_46' title="bbox 171 2727 1823 2806; baseline -0.002 -20"><span class='ocrx_word' id='word_1_345' title='bbox 171 2733 349 2804; x_wconf 79' lang='grc' dir='ltr'>μὲνειν</span> <span class='ocrx_word' id='word_1_346' title='bbox 401 2731 481 2790; x_wconf 82' lang='grc' dir='ltr'>ὡς</span> <span class='ocrx_word' id='word_1_347' title='bbox 531 2730 680 2805; x_wconf 74' lang='grc' dir='ltr'>εἶχον</span> <span class='ocrx_word' id='word_1_348' title='bbox 727 2733 762 2798; x_wconf 83' lang='grc' dir='ltr'><strong>ἡ</strong></span> <span class='ocrx_word' id='word_1_349' title='bbox 809 2727 1059 2802; x_wconf 72' lang='grc' dir='ltr'>δύναμις,</span> <span class='ocrx_word' id='word_1_350' title='bbox 1112 2731 1200 2784; x_wconf 83' lang='grc' dir='ltr'>καὶ</span> <span class='ocrx_word' id='word_1_351' title='bbox 1255 2733 1290 2800; x_wconf 82' lang='grc' dir='ltr'>ἡ</span> <span class='ocrx_word' id='word_1_352' title='bbox 1348 2729 1603 2806; x_wconf 68' lang='grc' dir='ltr'>ἐνέργεια,</span> <span class='ocrx_word' id='word_1_353' title='bbox 1653 2727 1743 2784; x_wconf 78' lang='grc' dir='ltr'>καί</span> <span class='ocrx_word' id='word_1_354' title='bbox 1789 2731 1823 2797; x_wconf 82' lang='grc' dir='ltr'>ἡ</span> 
     </span>
    </p>
   </div>
   <div class='ocr_carea' id='block_1_47' title="bbox 167 2816 1825 2903">
    <p class='ocr_par' dir='ltr' id='par_1_47' title="bbox 167 2816 1825 2903">
     <span class='ocr_line' id='line_1_47' title="bbox 167 2816 1825 2903; baseline -0.002 -29"><span class='ocrx_word' id='word_1_355' title='bbox 167 2821 340 2875; x_wconf 80' lang='grc' dir='ltr'>οὐσία’</span> <span class='ocrx_word' id='word_1_356' title='bbox 387 2819 438 2874; x_wconf 85' lang='grc' dir='ltr'>εἷ’</span> <span class='ocrx_word' id='word_1_357' title='bbox 485 2821 587 2893; x_wconf 71' lang='grc' dir='ltr'>γὰρ</span> <span class='ocrx_word' id='word_1_358' title='bbox 631 2817 926 2886; x_wconf 75' lang='grc' dir='ltr'>παντελὴς,</span> <span class='ocrx_word' id='word_1_359' title='bbox 978 2819 1051 2873; x_wconf 81' lang='grc' dir='ltr'>ὡς</span> <span class='ocrx_word' id='word_1_360' title='bbox 1106 2817 1334 2896; x_wconf 66' lang='grc' dir='ltr'>ἔφημεν,</span> <span class='ocrx_word' id='word_1_361' title='bbox 1368 2816 1513 2873; x_wconf 77' lang='grc' dir='ltr'>ἔσται</span> <span class='ocrx_word' id='word_1_362' title='bbox 1561 2819 1825 2903; x_wconf 57' lang='grc' dir='ltr'>ἀσθένεια,</span> 
     </span>
    </p>
   </div>
   <div class='ocr_carea' id='block_1_48' title="bbox 167 2906 1823 2982">
    <p class='ocr_par' dir='ltr' id='par_1_48' title="bbox 167 2906 1823 2982">
     <span class='ocr_line' id='line_1_48' title="bbox 167 2906 1823 2982; baseline -0.003 -18"><span class='ocrx_word' id='word_1_363' title='bbox 167 2913 226 2964; x_wconf 78' lang='grc' dir='ltr'>οὐ</span> <span class='ocrx_word' id='word_1_364' title='bbox 261 2911 374 2982; x_wconf 76' lang='grc' dir='ltr'>μήν</span> <span class='ocrx_word' id='word_1_365' title='bbox 407 2911 443 2976; x_wconf 82' lang='grc' dir='ltr'><strong>ἡ</strong></span> <span class='ocrx_word' id='word_1_366' title='bbox 484 2908 682 2980; x_wconf 84' lang='grc' dir='ltr'>μερική</span> <span class='ocrx_word' id='word_1_367' title='bbox 714 2911 822 2961; x_wconf 89' lang='grc' dir='ltr'>τῶν</span> <span class='ocrx_word' id='word_1_368' title='bbox 854 2906 1177 2980; x_wconf 57' lang='grc' dir='ltr'>εἰρημένων</span> <span class='ocrx_word' id='word_1_369' title='bbox 1221 2907 1311 2962; x_wconf 84' lang='grc' dir='ltr'>καὶ</span> <span class='ocrx_word' id='word_1_370' title='bbox 1353 2909 1415 2962; x_wconf 83' lang='grc' dir='ltr'>τὸ</span> <span class='ocrx_word' id='word_1_371' title='bbox 1469 2909 1823 2980; x_wconf 78' lang='grc' dir='ltr'>ὑποκείμενον</span> 
     </span>
    </p>
   </div>
   <div class='ocr_carea' id='block_1_49' title="bbox 165 2992 1824 3073">
    <p class='ocr_par' dir='ltr' id='par_1_49' title="bbox 165 2992 1824 3073">
     <span class='ocr_line' id='line_1_49' title="bbox 165 2992 1824 3073; baseline -0.002 -21"><span class='ocrx_word' id='word_1_372' title='bbox 165 3000 370 3073; x_wconf 68' lang='grc' dir='ltr'>ςσθεέρει</span> <span class='ocrx_word' id='word_1_373' title='bbox 422 2997 478 3051; x_wconf 80' lang='grc' dir='ltr'>ἐν</span> <span class='ocrx_word' id='word_1_374' title='bbox 530 2997 576 3067; x_wconf 81' lang='grc' dir='ltr'>ᾦ</span> <span class='ocrx_word' id='word_1_375' title='bbox 607 2999 642 3064; x_wconf 84' lang='grc' dir='ltr'><strong>ἡ</strong></span> <span class='ocrx_word' id='word_1_376' title='bbox 695 2994 944 3067; x_wconf 77' lang='grc' dir='ltr'>δύναμις,</span> <span class='ocrx_word' id='word_1_377' title='bbox 989 2997 1079 3050; x_wconf 78' lang='grc' dir='ltr'>καὶ</span> <span class='ocrx_word' id='word_1_378' title='bbox 1124 2999 1158 3065; x_wconf 83' lang='grc' dir='ltr'>ἡ</span> <span class='ocrx_word' id='word_1_379' title='bbox 1201 2994 1459 3070; x_wconf 70' lang='grc' dir='ltr'>ἐνέργεια,</span> <span class='ocrx_word' id='word_1_380' title='bbox 1505 2996 1595 3050; x_wconf 86' lang='grc' dir='ltr'>καὶ</span> <span class='ocrx_word' id='word_1_381' title='bbox 1637 2992 1760 3049; x_wconf 71' lang='grc' dir='ltr'>οὔτε</span> <span class='ocrx_word' id='word_1_382' title='bbox 1788 2997 1824 3063; x_wconf 76' lang='grc' dir='ltr'><strong>ἡ</strong></span> 
     </span>
    </p>
   </div>
   <div class='ocr_carea' id='block_1_50' title="bbox 168 3080 1826 3158">
    <p class='ocr_par' dir='ltr' id='par_1_50' title="bbox 168 3080 1826 3158">
     <span class='ocr_line' id='line_1_50' title="bbox 168 3080 1826 3158; baseline -0.002 -19"><span class='ocrx_word' id='word_1_383' title='bbox 168 3084 419 3158; x_wconf 66' lang='grc' dir='ltr'>εὐναμις,</span> <span class='ocrx_word' id='word_1_384' title='bbox 471 3084 560 3138; x_wconf 83' lang='grc' dir='ltr'>καὶ</span> <span class='ocrx_word' id='word_1_385' title='bbox 609 3088 644 3153; x_wconf 72' lang='grc' dir='ltr'><strong>ἡ</strong></span> <span class='ocrx_word' id='word_1_386' title='bbox 688 3083 945 3158; x_wconf 75' lang='grc' dir='ltr'>ἐνέργεια,</span> <span class='ocrx_word' id='word_1_387' title='bbox 995 3084 1069 3144; x_wconf 81' lang='grc' dir='ltr'>ὡς</span> <span class='ocrx_word' id='word_1_388' title='bbox 1120 3081 1242 3138; x_wconf 66' lang='grc' dir='ltr'>οὔτε</span> <span class='ocrx_word' id='word_1_389' title='bbox 1268 3087 1301 3153; x_wconf 81' lang='grc' dir='ltr'>ἡ</span> <span class='ocrx_word' id='word_1_390' title='bbox 1336 3083 1508 3151; x_wconf 73' lang='grc' dir='ltr'>οὐσία,</span> <span class='ocrx_word' id='word_1_391' title='bbox 1541 3082 1669 3139; x_wconf 81' lang='grc' dir='ltr'>ἀλλ’</span> <span class='ocrx_word' id='word_1_392' title='bbox 1704 3080 1826 3137; x_wconf 59' lang='grc' dir='ltr'>οὔτε</span> 
     </span>
    </p>
   </div>
   <div class='ocr_carea' id='block_1_51' title="bbox 167 3148 1900 3250">
    <p class='ocr_par' dir='ltr' id='par_1_51' title="bbox 167 3148 1900 3250">
     <span class='ocr_line' id='line_1_51' title="bbox 167 3148 1900 3250; baseline -0.002 -22"><span class='ocrx_word' id='word_1_393' title='bbox 167 3148 312 3242; x_wconf 49' lang='grc' dir='ltr'>αὕτη,</span> <span class='ocrx_word' id='word_1_394' title='bbox 349 3176 386 3242; x_wconf 73' lang='grc' dir='ltr'>ἡ</span> <span class='ocrx_word' id='word_1_395' title='bbox 406 3148 416 3154; x_wconf 29' lang='grc' dir='ltr'>ν</span> <span class='ocrx_word' id='word_1_396' title='bbox 439 3148 643 3250; x_wconf 38' lang='grc' dir='ltr'>φθορὰ-</span> <span class='ocrx_word' id='word_1_397' title='bbox 671 3148 1230 3247; x_wconf 67' lang='grc' dir='ltr'>παράλειςρθήσονται,</span> <span class='ocrx_word' id='word_1_398' title='bbox 1279 3148 1641 3245; x_wconf 58' lang='grc' dir='ltr'>ἀπολομένων</span> <span class='ocrx_word' id='word_1_399' title='bbox 1695 3170 1826 3226; x_wconf 76' lang='grc' dir='ltr'>ἐκεί·</span> <span class='ocrx_word' id='word_1_400' title='bbox 1857 3148 1900 3215; x_wconf 76' lang='lat' dir='ltr'><strong><em>C</em></strong></span> 
     </span>
    </p>
   </div>
   <div class='ocr_carea' id='block_1_52' title="bbox 165 3260 1830 3338">
    <p class='ocr_par' dir='ltr' id='par_1_52' title="bbox 165 3260 1830 3338">
     <span class='ocr_line' id='line_1_52' title="bbox 165 3260 1830 3338; baseline -0.001 -22"><span class='ocrx_word' id='word_1_401' title='bbox 165 3285 273 3316; x_wconf 87' lang='grc' dir='ltr'>νων</span> <span class='ocrx_word' id='word_1_402' title='bbox 328 3264 454 3338; x_wconf 83' lang='grc' dir='ltr'>περί</span> <span class='ocrx_word' id='word_1_403' title='bbox 491 3260 586 3330; x_wconf 81' lang='grc' dir='ltr'>ἂή</span> <span class='ocrx_word' id='word_1_404' title='bbox 640 3262 834 3335; x_wconf 76' lang='grc' dir='ltr'>φθορά.</span> <span class='ocrx_word' id='word_1_405' title='bbox 882 3261 1152 3336; x_wconf 79' lang='grc' dir='ltr'>Ἐνὲργεια</span> <span class='ocrx_word' id='word_1_406' title='bbox 1211 3261 1303 3333; x_wconf 74' lang='grc' dir='ltr'>μὲν</span> <span class='ocrx_word' id='word_1_407' title='bbox 1364 3262 1458 3315; x_wconf 73' lang='grc' dir='ltr'>οὖν</span> <span class='ocrx_word' id='word_1_408' title='bbox 1499 3266 1708 3332; x_wconf 79' lang='grc' dir='ltr'>νοητῶν</span> <span class='ocrx_word' id='word_1_409' title='bbox 1740 3261 1830 3316; x_wconf 83' lang='grc' dir='ltr'>καὶ</span> 
     </span>
    </p>
   </div>
   <div class='ocr_carea' id='block_1_53' title="bbox 166 3348 1832 3426">
    <p class='ocr_par' dir='ltr' id='par_1_53' title="bbox 166 3348 1832 3426">
     <span class='ocr_line' id='line_1_53' title="bbox 166 3348 1832 3426; baseline -0.001 -20"><span class='ocrx_word' id='word_1_410' title='bbox 166 3357 377 3425; x_wconf 80' lang='grc' dir='ltr'>νοερῶν</span> <span class='ocrx_word' id='word_1_411' title='bbox 431 3354 575 3405; x_wconf 74' lang='grc' dir='ltr'>νοῶν</span> <span class='ocrx_word' id='word_1_412' title='bbox 624 3351 686 3404; x_wconf 86' lang='grc' dir='ltr'>τὸ</span> <span class='ocrx_word' id='word_1_413' title='bbox 737 3351 874 3404; x_wconf 82' lang='grc' dir='ltr'>κατὰ</span> <span class='ocrx_word' id='word_1_414' title='bbox 935 3348 1090 3426; x_wconf 73' lang='grc' dir='ltr'>φύσιν</span> <span class='ocrx_word' id='word_1_415' title='bbox 1149 3351 1422 3423; x_wconf 80' lang='grc' dir='ltr'>πράττειν,</span> <span class='ocrx_word' id='word_1_416' title='bbox 1477 3351 1718 3405; x_wconf 73' lang='grc' dir='ltr'>τουτέστι</span> <span class='ocrx_word' id='word_1_417' title='bbox 1769 3350 1832 3405; x_wconf 85' lang='grc' dir='ltr'>τὸ</span> 
     </span>
    </p>
   </div>
   <div class='ocr_carea' id='block_1_54' title="bbox 173 3435 1832 3510">
    <p class='ocr_par' dir='ltr' id='par_1_54' title="bbox 173 3435 1832 3510">
     <span class='ocr_line' id='line_1_54' title="bbox 173 3435 1832 3510; baseline -0.001 -16"><span class='ocrx_word' id='word_1_418' title='bbox 173 3441 246 3503; x_wconf 80' lang='grc' dir='ltr'>εἷς</span> <span class='ocrx_word' id='word_1_419' title='bbox 276 3441 411 3496; x_wconf 80' lang='grc' dir='ltr'>Θεὸν</span> <span class='ocrx_word' id='word_1_420' title='bbox 461 3439 828 3493; x_wconf 74' lang='grc' dir='ltr'>ἀνατετάσθαι·</span> <span class='ocrx_word' id='word_1_421' title='bbox 879 3435 1101 3510; x_wconf 69' lang='grc' dir='ltr'>δύναμις</span> <span class='ocrx_word' id='word_1_422' title='bbox 1150 3435 1206 3493; x_wconf 70' lang='grc' dir='ltr'>δὲ</span> <span class='ocrx_word' id='word_1_423' title='bbox 1252 3443 1344 3492; x_wconf 79' lang='grc' dir='ltr'>νοῦ</span> <span class='ocrx_word' id='word_1_424' title='bbox 1390 3439 1453 3493; x_wconf 89' lang='grc' dir='ltr'>τὸ</span> <span class='ocrx_word' id='word_1_425' title='bbox 1503 3439 1579 3501; x_wconf 83' lang='grc' dir='ltr'>εἷς</span> <span class='ocrx_word' id='word_1_426' title='bbox 1619 3441 1832 3510; x_wconf 73' lang='grc' dir='ltr'>νοήσεις</span> 
     </span>
    </p>
   </div>
   <div class='ocr_carea' id='block_1_55' title="bbox 169 3526 1834 3602">
    <p class='ocr_par' dir='ltr' id='par_1_55' title="bbox 169 3526 1834 3602">
     <span class='ocr_line' id='line_1_55' title="bbox 169 3526 1834 3602; baseline -0.002 -17"><span class='ocrx_word' id='word_1_427' title='bbox 169 3532 437 3599; x_wconf 66' lang='grc' dir='ltr'>κατιέναι,</span> <span class='ocrx_word' id='word_1_428' title='bbox 489 3528 614 3602; x_wconf 76' lang='grc' dir='ltr'>περὶ</span> <span class='ocrx_word' id='word_1_429' title='bbox 673 3528 734 3581; x_wconf 75' lang='grc' dir='ltr'>οὗ</span> <span class='ocrx_word' id='word_1_430' title='bbox 782 3528 849 3581; x_wconf 82' lang='grc' dir='ltr'>τὰ</span> <span class='ocrx_word' id='word_1_431' title='bbox 903 3526 1184 3601; x_wconf 72' lang='grc' dir='ltr'>εἰρημένα,</span> <span class='ocrx_word' id='word_1_432' title='bbox 1239 3527 1594 3601; x_wconf 80' lang='grc' dir='ltr'>πλημμελῶς</span> <span class='ocrx_word' id='word_1_433' title='bbox 1651 3529 1834 3583; x_wconf 72' lang='grc' dir='ltr'>κινού-</span> 
     </span>
    </p>
   </div>
   <div class='ocr_carea' id='block_1_56' title="bbox 173 3615 1834 3691">
    <p class='ocr_par' dir='ltr' id='par_1_56' title="bbox 173 3615 1834 3691">
     <span class='ocr_line' id='line_1_56' title="bbox 173 3615 1834 3691; baseline -0.001 -17"><span class='ocrx_word' id='word_1_434' title='bbox 173 3640 325 3691; x_wconf 79' lang='grc' dir='ltr'>μενα,</span> <span class='ocrx_word' id='word_1_435' title='bbox 362 3616 679 3674; x_wconf 74' lang='grc' dir='ltr'>ἐλλείπουσι</span> <span class='ocrx_word' id='word_1_436' title='bbox 734 3619 832 3670; x_wconf 72' lang='grc' dir='ltr'>τοῦ</span> <span class='ocrx_word' id='word_1_437' title='bbox 888 3615 1114 3689; x_wconf 67' lang='grc' dir='ltr'>ἆγαθοῦ.</span> <span class='ocrx_word' id='word_1_438' title='bbox 1175 3616 1342 3671; x_wconf 78' lang='grc' dir='ltr'>Φύσει</span> <span class='ocrx_word' id='word_1_439' title='bbox 1400 3617 1490 3670; x_wconf 75' lang='grc' dir='ltr'>οὖν</span> <span class='ocrx_word' id='word_1_440' title='bbox 1545 3618 1707 3672; x_wconf 83' lang='grc' dir='ltr'>κακὸν</span> <span class='ocrx_word' id='word_1_441' title='bbox 1743 3616 1834 3672; x_wconf 83' lang='grc' dir='ltr'>οὐ·</span> 
     </span>
    </p>
   </div>
   <div class='ocr_carea' id='block_1_57' title="bbox 170 3706 281 3765">
    <p class='ocr_par' dir='ltr' id='par_1_57' title="bbox 170 3706 281 3765">
     <span class='ocr_line' id='line_1_57' title="bbox 170 3706 281 3765; baseline 0.018 -2"><span class='ocrx_word' id='word_1_442' title='bbox 170 3706 281 3765; x_wconf 74' lang='grc' dir='ltr'>δέν.</span> 
     </span>
    </p>
   </div>
   <div class='ocr_carea' id='block_1_58' title="bbox 238 3792 1834 3873">
    <p class='ocr_par' dir='ltr' id='par_1_58' title="bbox 238 3792 1834 3873">
     <span class='ocr_line' id='line_1_58' title="bbox 238 3792 1834 3873; baseline -0.003 -20"><span class='ocrx_word' id='word_1_443' title='bbox 238 3796 408 3853; x_wconf 76' lang='grc' dir='ltr'>Ἀλλ’</span> <span class='ocrx_word' id='word_1_444' title='bbox 465 3793 691 3857; x_wconf 71' lang='grc' dir='ltr'>ἐλλιπὲς</span> <span class='ocrx_word' id='word_1_445' title='bbox 721 3792 936 3869; x_wconf 81' lang='grc' dir='ltr'>ἀγαθόν.</span> <span class='ocrx_word' id='word_1_446' title='bbox 970 3795 1059 3856; x_wconf 75' lang='grc' dir='ltr'>Ὠς</span> <span class='ocrx_word' id='word_1_447' title='bbox 1108 3796 1184 3867; x_wconf 82' lang='grc' dir='ltr'>μή</span> <span class='ocrx_word' id='word_1_448' title='bbox 1231 3796 1331 3864; x_wconf 75' lang='grc' dir='ltr'>τὴν</span> <span class='ocrx_word' id='word_1_449' title='bbox 1380 3793 1587 3850; x_wconf 89' lang='grc' dir='ltr'>τελείαν</span> <span class='ocrx_word' id='word_1_450' title='bbox 1635 3797 1834 3873; x_wconf 74' lang='grc' dir='ltr'>φθορὰν</span> 
     </span>
    </p>
   </div>
   <div class='ocr_carea' id='block_1_59' title="bbox 169 3883 789 3964">
    <p class='ocr_par' dir='ltr' id='par_1_59' title="bbox 169 3883 789 3964">
     <span class='ocr_line' id='line_1_59' title="bbox 169 3883 789 3964; baseline -0.01 -22"><span class='ocrx_word' id='word_1_451' title='bbox 169 3891 268 3952; x_wconf 82' lang='grc' dir='ltr'>τῆς</span> <span class='ocrx_word' id='word_1_452' title='bbox 303 3889 522 3964; x_wconf 65' lang='grc' dir='ltr'>φθορᾶς</span> <span class='ocrx_word' id='word_1_453' title='bbox 555 3883 789 3956; x_wconf 77' lang='grc' dir='ltr'>εἰσάγον.</span> 
     </span>
    </p>
   </div>
   <div class='ocr_carea' id='block_1_60' title="bbox 237 3971 1840 4047">
    <p class='ocr_par' dir='ltr' id='par_1_60' title="bbox 237 3971 1840 4047">
     <span class='ocr_line' id='line_1_60' title="bbox 237 3971 1840 4047; baseline -0.002 -18"><span class='ocrx_word' id='word_1_454' title='bbox 237 3976 396 4045; x_wconf 72' lang='grc' dir='ltr'>Εἶτα,</span> <span class='ocrx_word' id='word_1_455' title='bbox 435 3976 558 4032; x_wconf 83' lang='grc' dir='ltr'>πῶς</span> <span class='ocrx_word' id='word_1_456' title='bbox 611 3972 662 4025; x_wconf 73' lang='grc' dir='ltr'>οἱ</span> <span class='ocrx_word' id='word_1_457' title='bbox 711 3971 770 4025; x_wconf 77' lang='grc' dir='ltr'>ἐκ</span> <span class='ocrx_word' id='word_1_458' title='bbox 800 3975 953 4025; x_wconf 72' lang='grc' dir='ltr'>Θεοῦ.</span> <span class='ocrx_word' id='word_1_459' title='bbox 999 3971 1138 4047; x_wconf 83' lang='grc' dir='ltr'>Ηρὸς</span> <span class='ocrx_word' id='word_1_460' title='bbox 1179 3971 1305 4033; x_wconf 71' lang='grc' dir='ltr'>τοὺς</span> <span class='ocrx_word' id='word_1_461' title='bbox 1359 3971 1636 4047; x_wconf 70' lang='grc' dir='ltr'>λέγονταςσ</span> <span class='ocrx_word' id='word_1_462' title='bbox 1673 3971 1734 4026; x_wconf 82' lang='grc' dir='ltr'>Εἰ</span> <span class='ocrx_word' id='word_1_463' title='bbox 1782 3972 1840 4026; x_wconf 83' lang='grc' dir='ltr'>ἐκ</span> 
     </span>
    </p>
   </div>
   <div class='ocr_carea' id='block_1_61' title="bbox 168 4057 1838 4140">
    <p class='ocr_par' dir='ltr' id='par_1_61' title="bbox 168 4057 1838 4140">
     <span class='ocr_line' id='line_1_61' title="bbox 168 4057 1838 4140; baseline -0.013 -21"><span class='ocrx_word' id='word_1_464' title='bbox 168 4069 303 4119; x_wconf 69' lang='grc' dir='ltr'>Θεοῦ</span> <span class='ocrx_word' id='word_1_465' title='bbox 353 4063 615 4140; x_wconf 65' lang='grc' dir='ltr'>ἐγένοντο</span> <span class='ocrx_word' id='word_1_466' title='bbox 666 4061 719 4114; x_wconf 74' lang='grc' dir='ltr'>οἱ</span> <span class='ocrx_word' id='word_1_467' title='bbox 784 4057 1056 4132; x_wconf 75' lang='grc' dir='ltr'>δαίμονες,</span> <span class='ocrx_word' id='word_1_468' title='bbox 1106 4064 1223 4122; x_wconf 80' lang='grc' dir='ltr'>πῶς</span> <span class='ocrx_word' id='word_1_469' title='bbox 1272 4059 1374 4114; x_wconf 67' lang='grc' dir='ltr'>εἶσι</span> <span class='ocrx_word' id='word_1_470' title='bbox 1419 4060 1573 4115; x_wconf 78' lang='grc' dir='ltr'>κακοί</span> <span class='ocrx_word' id='word_1_471' title='bbox 1619 4080 1633 4129; x_wconf 57' lang='grc' dir='ltr'><strong>ς</strong></span> <span class='ocrx_word' id='word_1_472' title='bbox 1690 4062 1838 4117; x_wconf 69' lang='grc' dir='ltr'>Ἔστι</span> 
     </span>
    </p>
   </div>
   <div class='ocr_carea' id='block_1_62' title="bbox 169 4147 1836 4222">
    <p class='ocr_par' dir='ltr' id='par_1_62' title="bbox 169 4147 1836 4222">
     <span class='ocr_line' id='line_1_62' title="bbox 169 4147 1836 4222; baseline -0.002 -14"><span class='ocrx_word' id='word_1_473' title='bbox 169 4151 226 4208; x_wconf 74' lang='grc' dir='ltr'>δὶ</span> <span class='ocrx_word' id='word_1_474' title='bbox 273 4152 443 4214; x_wconf 71' lang='grc' dir='ltr'>λύσις</span> <span class='ocrx_word' id='word_1_475' title='bbox 498 4157 597 4219; x_wconf 80' lang='grc' dir='ltr'>τῆς</span> <span class='ocrx_word' id='word_1_476' title='bbox 642 4148 882 4210; x_wconf 67' lang='grc' dir='ltr'>πεύσεως</span> <span class='ocrx_word' id='word_1_477' title='bbox 948 4148 996 4202; x_wconf 72' lang='grc' dir='ltr'>εἴ</span> <span class='ocrx_word' id='word_1_478' title='bbox 1041 4147 1195 4204; x_wconf 77' lang='grc' dir='ltr'>κακοί</span> <span class='ocrx_word' id='word_1_479' title='bbox 1255 4149 1385 4203; x_wconf 81' lang='grc' dir='ltr'>εἰσιν</span> <span class='ocrx_word' id='word_1_480' title='bbox 1439 4150 1488 4203; x_wconf 73' lang='grc' dir='ltr'>οἱ</span> <span class='ocrx_word' id='word_1_481' title='bbox 1543 4147 1791 4222; x_wconf 81' lang='grc' dir='ltr'>δαίμονες</span> <span class='ocrx_word' id='word_1_482' title='bbox 1825 4168 1836 4182; x_wconf 91' lang='grc'><strong>·</strong></span> 
     </span>
    </p>
   </div>
   <div class='ocr_carea' id='block_1_63' title="bbox 83 4235 1843 4318">
    <p class='ocr_par' dir='ltr' id='par_1_63' title="bbox 83 4235 1843 4318">
     <span class='ocr_line' id='line_1_63' title="bbox 83 4235 1843 4318; baseline -0.001 -24"><span class='ocrx_word' id='word_1_483' title='bbox 83 4288 94 4300; x_wconf 89' lang='grc'>.</span> <span class='ocrx_word' id='word_1_484' title='bbox 168 4241 258 4294; x_wconf 77' lang='grc' dir='ltr'>καί</span> <span class='ocrx_word' id='word_1_485' title='bbox 290 4261 494 4318; x_wconf 66' lang='grc' dir='ltr'>φησιν,</span> <span class='ocrx_word' id='word_1_486' title='bbox 531 4237 614 4291; x_wconf 74' lang='grc' dir='ltr'>ὅτι</span> <span class='ocrx_word' id='word_1_487' title='bbox 673 4236 734 4290; x_wconf 81' lang='grc' dir='ltr'>οὐ</span> <span class='ocrx_word' id='word_1_488' title='bbox 785 4235 918 4299; x_wconf 85' lang='grc' dir='ltr'>καθὸ</span> <span class='ocrx_word' id='word_1_489' title='bbox 968 4235 1158 4311; x_wconf 79' lang='grc' dir='ltr'>ἀγαθοί</span> <span class='ocrx_word' id='word_1_490' title='bbox 1209 4235 1310 4290; x_wconf 73' lang='grc' dir='ltr'>εἶσι</span> <span class='ocrx_word' id='word_1_491' title='bbox 1354 4237 1490 4292; x_wconf 82' lang='grc' dir='ltr'>κατᾶ</span> <span class='ocrx_word' id='word_1_492' title='bbox 1535 4239 1632 4306; x_wconf 77' lang='grc' dir='ltr'>τήν</span> <span class='ocrx_word' id='word_1_493' title='bbox 1671 4258 1843 4313; x_wconf 84' lang='grc' dir='ltr'>παρα-</span> 
     </span>
    </p>
   </div>
   <div class='ocr_carea' id='block_1_64' title="bbox 167 4323 1845 4403">
    <p class='ocr_par' dir='ltr' id='par_1_64' title="bbox 167 4323 1845 4403">
     <span class='ocr_line' id='line_1_64' title="bbox 167 4323 1845 4403; baseline -0.001 -20"><span class='ocrx_word' id='word_1_494' title='bbox 167 4332 355 4402; x_wconf 74' lang='grc' dir='ltr'>γωγὴν</span> <span class='ocrx_word' id='word_1_495' title='bbox 410 4335 517 4396; x_wconf 80' lang='grc' dir='ltr'>τῆς</span> <span class='ocrx_word' id='word_1_496' title='bbox 566 4325 749 4389; x_wconf 73' lang='grc' dir='ltr'>οὐσίας</span> <span class='ocrx_word' id='word_1_497' title='bbox 792 4323 985 4379; x_wconf 77' lang='grc' dir='ltr'>αὐτῶν·</span> <span class='ocrx_word' id='word_1_498' title='bbox 1039 4325 1098 4380; x_wconf 76' lang='grc' dir='ltr'>ἐκ</span> <span class='ocrx_word' id='word_1_499' title='bbox 1142 4329 1239 4380; x_wconf 79' lang='grc' dir='ltr'>τοῦ</span> <span class='ocrx_word' id='word_1_500' title='bbox 1296 4327 1499 4400; x_wconf 75' lang='grc' dir='ltr'>ἀγαθοῦ</span> <span class='ocrx_word' id='word_1_501' title='bbox 1545 4327 1646 4403; x_wconf 68' lang='grc' dir='ltr'>γὰρ</span> <span class='ocrx_word' id='word_1_502' title='bbox 1712 4349 1845 4403; x_wconf 86' lang='grc' dir='ltr'>παρ-</span> 
     </span>
    </p>
   </div>
   <div class='ocr_carea' id='block_1_65' title="bbox 168 4411 1843 4494">
    <p class='ocr_par' dir='ltr' id='par_1_65' title="bbox 168 4411 1843 4494">
     <span class='ocr_line' id='line_1_65' title="bbox 168 4411 1843 4494; baseline 0.001 -23"><span class='ocrx_word' id='word_1_503' title='bbox 168 4419 435 4491; x_wconf 70' lang='grc' dir='ltr'>ἤχθησαν</span> <span class='ocrx_word' id='word_1_504' title='bbox 488 4415 702 4490; x_wconf 80' lang='grc' dir='ltr'>ἀγαθοί·</span> <span class='ocrx_word' id='word_1_505' title='bbox 752 4411 897 4468; x_wconf 77' lang='grc' dir='ltr'>ἀλλὰ</span> <span class='ocrx_word' id='word_1_506' title='bbox 934 4415 1064 4470; x_wconf 79' lang='grc' dir='ltr'>καθὸ</span> <span class='ocrx_word' id='word_1_507' title='bbox 1113 4415 1412 4486; x_wconf 71' lang='grc' dir='ltr'>ἠσθένησαν</span> <span class='ocrx_word' id='word_1_508' title='bbox 1462 4422 1560 4485; x_wconf 87' lang='grc' dir='ltr'>τῆς</span> <span class='ocrx_word' id='word_1_509' title='bbox 1613 4425 1843 4494; x_wconf 81' lang='grc' dir='ltr'>φυσικῆς</span> 
     </span>
    </p>
   </div>
   <div class='ocr_carea' id='block_1_66' title="bbox 166 4503 694 4580">
    <p class='ocr_par' dir='ltr' id='par_1_66' title="bbox 166 4503 694 4580">
     <span class='ocr_line' id='line_1_66' title="bbox 166 4503 694 4580; baseline -0.006 -20"><span class='ocrx_word' id='word_1_510' title='bbox 166 4507 354 4561; x_wconf 75' lang='grc' dir='ltr'>αὐτῶν</span> <span class='ocrx_word' id='word_1_511' title='bbox 393 4503 694 4580; x_wconf 73' lang='grc' dir='ltr'>ἐνεργείας.</span> 
     </span>
    </p>
   </div>
   <div class='ocr_carea' id='block_1_67' title="bbox 236 4590 1844 4670">
    <p class='ocr_par' dir='ltr' id='par_1_67' title="bbox 236 4590 1844 4670">
     <span class='ocr_line' id='line_1_67' title="bbox 236 4590 1844 4670; baseline 0 -20"><span class='ocrx_word' id='word_1_512' title='bbox 236 4595 344 4651; x_wconf 73' lang='grc' dir='ltr'>Καὶ</span> <span class='ocrx_word' id='word_1_513' title='bbox 380 4595 602 4670; x_wconf 76' lang='grc' dir='ltr'>ἀγαθὴν</span> <span class='ocrx_word' id='word_1_514' title='bbox 637 4591 840 4666; x_wconf 84' lang='grc' dir='ltr'>ἔλαχον</span> <span class='ocrx_word' id='word_1_515' title='bbox 875 4590 1210 4650; x_wconf 82' lang='grc' dir='ltr'>οὐσίαν.”οτι</span> <span class='ocrx_word' id='word_1_516' title='bbox 1233 4593 1409 4668; x_wconf 79' lang='grc' dir='ltr'>ἀγαθὴ</span> <span class='ocrx_word' id='word_1_517' title='bbox 1442 4599 1548 4650; x_wconf 89' lang='grc' dir='ltr'>τῶν</span> <span class='ocrx_word' id='word_1_518' title='bbox 1574 4593 1844 4669; x_wconf 85' lang='grc' dir='ltr'>δαιμόνων</span> 
     </span>
    </p>
   </div>
   <div class='ocr_carea' id='block_1_68' title="bbox 163 4683 432 4752">
    <p class='ocr_par' dir='ltr' id='par_1_68' title="bbox 163 4683 432 4752">
     <span class='ocr_line' id='line_1_68' title="bbox 163 4683 432 4752; baseline 0.004 -14"><span class='ocrx_word' id='word_1_519' title='bbox 163 4687 198 4752; x_wconf 78' lang='grc' dir='ltr'><strong>ἡ</strong></span> <span class='ocrx_word' id='word_1_520' title='bbox 234 4683 432 4739; x_wconf 73' lang='grc' dir='ltr'>οὐσία.</span> 
     </span>
    </p>
   </div>
   <div class='ocr_carea' id='block_1_69' title="bbox 235 4768 1850 4849">
    <p class='ocr_par' dir='ltr' id='par_1_69' title="bbox 235 4768 1850 4849">
     <span class='ocr_line' id='line_1_69' title="bbox 235 4768 1850 4849; baseline 0.001 -22"><span class='ocrx_word' id='word_1_521' title='bbox 235 4775 329 4834; x_wconf 80' lang='grc' dir='ltr'>Ὠς</span> <span class='ocrx_word' id='word_1_522' title='bbox 375 4772 454 4827; x_wconf 72' lang='grc' dir='ltr'>τὰ</span> <span class='ocrx_word' id='word_1_523' title='bbox 513 4769 689 4844; x_wconf 73' lang='grc' dir='ltr'>Λόγιά</span> <span class='ocrx_word' id='word_1_524' title='bbox 736 4790 889 4847; x_wconf 80' lang='grc' dir='ltr'>φησι.</span> <span class='ocrx_word' id='word_1_525' title='bbox 950 4768 1264 4843; x_wconf 80' lang='grc' dir='ltr'>Σημείωσαι</span> <span class='ocrx_word' id='word_1_526' title='bbox 1315 4776 1430 4833; x_wconf 91' lang='grc' dir='ltr'>πῶς</span> <span class='ocrx_word' id='word_1_527' title='bbox 1474 4777 1587 4827; x_wconf 85' lang='grc' dir='ltr'>νοεῖ</span> <span class='ocrx_word' id='word_1_528' title='bbox 1632 4773 1714 4842; x_wconf 82' lang='grc' dir='ltr'>τὸ,</span> <span class='ocrx_word' id='word_1_529' title='bbox 1757 4775 1850 4849; x_wconf 83' lang='grc' dir='ltr'>ἀγ-</span> 
     </span>
    </p>
   </div>
   <div class='ocr_carea' id='block_1_70' title="bbox 161 4859 1848 4939">
    <p class='ocr_par' dir='ltr' id='par_1_70' title="bbox 161 4859 1848 4939">
     <span class='ocr_line' id='line_1_70' title="bbox 161 4859 1848 4939; baseline -0.008 -12"><span class='ocrx_word' id='word_1_530' title='bbox 161 4861 369 4939; x_wconf 77' lang='grc' dir='ltr'>γὲλους</span> <span class='ocrx_word' id='word_1_531' title='bbox 422 4880 493 4916; x_wconf 72' lang='grc' dir='ltr'>τι</span> <span class='ocrx_word' id='word_1_532' title='bbox 535 4859 662 4921; x_wconf 68' lang='grc' dir='ltr'>τοὺς</span> <span class='ocrx_word' id='word_1_533' title='bbox 707 4860 783 4931; x_wconf 77' lang='grc' dir='ltr'>μή</span> <span class='ocrx_word' id='word_1_534' title='bbox 835 4860 1175 4932; x_wconf 73' lang='grc' dir='ltr'>τηρήσαντας</span> <span class='ocrx_word' id='word_1_535' title='bbox 1231 4861 1329 4928; x_wconf 76' lang='grc' dir='ltr'>τὴν</span> <span class='ocrx_word' id='word_1_536' title='bbox 1386 4862 1584 4916; x_wconf 67' lang='grc' dir='ltr'>ἑαυτῶν</span> <span class='ocrx_word' id='word_1_537' title='bbox 1650 4862 1848 4937; x_wconf 70' lang='grc' dir='ltr'>ἀρχήν·</span> 
     </span>
    </p>
   </div>
   <div class='ocr_carea' id='block_1_71' title="bbox 163 4947 1848 5027">
    <p class='ocr_par' dir='ltr' id='par_1_71' title="bbox 163 4947 1848 5027">
     <span class='ocr_line' id='line_1_71' title="bbox 163 4947 1848 5027; baseline -0.001 -22"><span class='ocrx_word' id='word_1_538' title='bbox 163 4951 353 5027; x_wconf 73' lang='grc' dir='ltr'>ἀρχὴν</span> <span class='ocrx_word' id='word_1_539' title='bbox 401 4950 515 5025; x_wconf 70' lang='grc' dir='ltr'>γὰρ</span> <span class='ocrx_word' id='word_1_540' title='bbox 569 4948 749 5002; x_wconf 74' lang='grc' dir='ltr'>αὐτῶν</span> <span class='ocrx_word' id='word_1_541' title='bbox 800 4968 930 5024; x_wconf 75' lang='grc' dir='ltr'>φησι</span> <span class='ocrx_word' id='word_1_542' title='bbox 976 4948 1074 5015; x_wconf 79' lang='grc' dir='ltr'>τήν</span> <span class='ocrx_word' id='word_1_543' title='bbox 1124 4947 1199 5009; x_wconf 70' lang='grc' dir='ltr'>εἷς</span> <span class='ocrx_word' id='word_1_544' title='bbox 1229 4949 1291 5002; x_wconf 82' lang='grc' dir='ltr'>τὸ</span> <span class='ocrx_word' id='word_1_545' title='bbox 1323 4951 1457 5004; x_wconf 81' lang='grc' dir='ltr'>εἶναι</span> <span class='ocrx_word' id='word_1_546' title='bbox 1491 4953 1848 5024; x_wconf 68' lang='grc' dir='ltr'>παραγωγήν·</span> 
     </span>
    </p>
   </div>
   <div class='ocr_carea' id='block_1_72' title="bbox 161 5034 1850 5114">
    <p class='ocr_par' dir='ltr' id='par_1_72' title="bbox 161 5034 1850 5114">
     <span class='ocr_line' id='line_1_72' title="bbox 161 5034 1850 5114; baseline 0.002 -25"><span class='ocrx_word' id='word_1_547' title='bbox 161 5040 559 5114; x_wconf 62' lang='grc' dir='ltr'>παρ-,ἤχθησαν</span> <span class='ocrx_word' id='word_1_548' title='bbox 618 5035 722 5110; x_wconf 71' lang='grc' dir='ltr'>γὰρ</span> <span class='ocrx_word' id='word_1_549' title='bbox 780 5034 869 5088; x_wconf 87' lang='grc' dir='ltr'>καὶ</span> <span class='ocrx_word' id='word_1_550' title='bbox 927 5034 1078 5089; x_wconf 81' lang='grc' dir='ltr'>αὐτοὶ</span> <span class='ocrx_word' id='word_1_551' title='bbox 1134 5034 1208 5096; x_wconf 79' lang='grc' dir='ltr'>εἷς</span> <span class='ocrx_word' id='word_1_552' title='bbox 1255 5042 1357 5090; x_wconf 80' lang='grc' dir='ltr'>πᾶν</span> <span class='ocrx_word' id='word_1_553' title='bbox 1421 5035 1573 5113; x_wconf 81' lang='grc' dir='ltr'>ἔργον</span> <span class='ocrx_word' id='word_1_554' title='bbox 1633 5039 1850 5112; x_wconf 83' lang='grc' dir='ltr'>ἀγαθὸν,</span> 
     </span>
    </p>
   </div>
   <div class='ocr_carea' id='block_1_73' title="bbox 163 5123 1853 5203">
    <p class='ocr_par' dir='ltr' id='par_1_73' title="bbox 163 5123 1853 5203">
     <span class='ocr_line' id='line_1_73' title="bbox 163 5123 1853 5203; baseline 0.003 -27"><span class='ocrx_word' id='word_1_555' title='bbox 163 5131 354 5203; x_wconf 66' lang='grc' dir='ltr'>ὥσπερ</span> <span class='ocrx_word' id='word_1_556' title='bbox 391 5126 495 5182; x_wconf 78' lang='grc' dir='ltr'>καὶ</span> <span class='ocrx_word' id='word_1_557' title='bbox 528 5127 720 5196; x_wconf 76' lang='grc' dir='ltr'>ἡμεῖς.</span> <span class='ocrx_word' id='word_1_558' title='bbox 755 5124 848 5176; x_wconf 85' lang='grc' dir='ltr'>Ἕκ</span> <span class='ocrx_word' id='word_1_559' title='bbox 889 5123 1095 5177; x_wconf 78' lang='grc' dir='ltr'>τούτων</span> <span class='ocrx_word' id='word_1_560' title='bbox 1138 5125 1229 5177; x_wconf 72' lang='grc' dir='ltr'>οὖν</span> <span class='ocrx_word' id='word_1_561' title='bbox 1285 5123 1416 5178; x_wconf 78' lang='grc' dir='ltr'>εἰσιν</span> <span class='ocrx_word' id='word_1_562' title='bbox 1469 5126 1520 5179; x_wconf 80' lang='grc' dir='ltr'>οἱ</span> <span class='ocrx_word' id='word_1_563' title='bbox 1571 5123 1853 5199; x_wconf 80' lang='grc' dir='ltr'>δαίμονες,</span> 
     </span>
    </p>
   </div>
   <div class='ocr_carea' id='block_1_74' title="bbox 161 5210 1852 5288">
    <p class='ocr_par' dir='ltr' id='par_1_74' title="bbox 161 5210 1852 5288">
     <span class='ocr_line' id='line_1_74' title="bbox 161 5210 1852 5288; baseline -0.003 -16"><span class='ocrx_word' id='word_1_564' title='bbox 161 5214 212 5272; x_wconf 63' lang='grc' dir='ltr'>ἓν</span> <span class='ocrx_word' id='word_1_565' title='bbox 242 5218 449 5288; x_wconf 73' lang='grc' dir='ltr'>τούτῳ</span> <span class='ocrx_word' id='word_1_566' title='bbox 506 5214 663 5286; x_wconf 82' lang='grc' dir='ltr'>μόνῳ</span> <span class='ocrx_word' id='word_1_567' title='bbox 707 5211 1084 5283; x_wconf 81' lang='grc' dir='ltr'>κακυνόμενοι,</span> <span class='ocrx_word' id='word_1_568' title='bbox 1119 5210 1171 5266; x_wconf 80' lang='grc' dir='ltr'>ἐν</span> <span class='ocrx_word' id='word_1_569' title='bbox 1218 5216 1286 5286; x_wconf 79' lang='grc' dir='ltr'>τῇ</span> <span class='ocrx_word' id='word_1_570' title='bbox 1339 5213 1527 5268; x_wconf 78' lang='grc' dir='ltr'>παύσει</span> <span class='ocrx_word' id='word_1_571' title='bbox 1568 5222 1666 5284; x_wconf 82' lang='grc' dir='ltr'>τῆς</span> <span class='ocrx_word' id='word_1_572' title='bbox 1693 5213 1852 5286; x_wconf 63' lang='grc' dir='ltr'>ἕξεως</span> 
     </span>
    </p>
   </div>
   <div class='ocr_carea' id='block_1_75' title="bbox 158 5299 1856 5379">
    <p class='ocr_par' dir='ltr' id='par_1_75' title="bbox 158 5299 1856 5379">
     <span class='ocr_line' id='line_1_75' title="bbox 158 5299 1856 5379; baseline -0.016 -19"><span class='ocrx_word' id='word_1_573' title='bbox 158 5312 268 5362; x_wconf 87' lang='grc' dir='ltr'>τῶν</span> <span class='ocrx_word' id='word_1_574' title='bbox 303 5307 574 5379; x_wconf 74' lang='grc' dir='ltr'>ἀγαθῶν,</span> <span class='ocrx_word' id='word_1_575' title='bbox 606 5300 700 5356; x_wconf 83' lang='grc' dir='ltr'>καὶ</span> <span class='ocrx_word' id='word_1_576' title='bbox 751 5299 802 5355; x_wconf 71' lang='grc' dir='ltr'>ἂν</span> <span class='ocrx_word' id='word_1_577' title='bbox 844 5304 922 5372; x_wconf 79' lang='grc' dir='ltr'>τῷ</span> <span class='ocrx_word' id='word_1_578' title='bbox 955 5302 1031 5372; x_wconf 79' lang='grc' dir='ltr'>μὴ</span> <span class='ocrx_word' id='word_1_579' title='bbox 1087 5299 1322 5378; x_wconf 81' lang='grc' dir='ltr'>ἐνεργεῖν</span> <span class='ocrx_word' id='word_1_580' title='bbox 1374 5302 1436 5357; x_wconf 87' lang='grc' dir='ltr'>τὸ</span> <span class='ocrx_word' id='word_1_581' title='bbox 1469 5304 1681 5378; x_wconf 66' lang='grc' dir='ltr'>ἀγαθάν.</span> <span class='ocrx_word' id='word_1_582' title='bbox 1718 5305 1856 5360; x_wconf 68' lang='grc' dir='ltr'>ὥστε</span> 
     </span>
    </p>
   </div>
   <div class='ocr_carea' id='block_1_76' title="bbox 1935 1840 3578 1912">
    <p class='ocr_par' dir='ltr' id='par_1_76' title="bbox 1935 1840 3578 1912">
     <span class='ocr_line' id='line_1_76' title="bbox 1935 1840 3578 1912; baseline 0.007 -20"><span class='ocrx_word' id='word_1_583' title='bbox 1935 1841 2166 1911; x_wconf 86' lang='lat' dir='ltr'>quando</span> <span class='ocrx_word' id='word_1_584' title='bbox 2197 1840 2376 1911; x_wconf 84' lang='lat' dir='ltr'>igitur</span> <span class='ocrx_word' id='word_1_585' title='bbox 2407 1857 2619 1912; x_wconf 87' lang='lat' dir='ltr'>corpus</span> <span class='ocrx_word' id='word_1_586' title='bbox 2650 1843 2972 1910; x_wconf 87' lang='lat' dir='ltr'>incalescit,</span> <span class='ocrx_word' id='word_1_587' title='bbox 2997 1860 3127 1900; x_wconf 91' lang='lat' dir='ltr'>ecce</span> <span class='ocrx_word' id='word_1_588' title='bbox 3159 1847 3309 1901; x_wconf 88' lang='lat' dir='ltr'>actio</span> <span class='ocrx_word' id='word_1_589' title='bbox 3343 1847 3578 1904; x_wconf 87' lang='lat' dir='ltr'>habitus</span> 
     </span>
    </p>
   </div>
   <div class='ocr_carea' id='block_1_77' title="bbox 1933 1929 3576 2005">
    <p class='ocr_par' dir='ltr' id='par_1_77' title="bbox 1933 1929 3576 2005">
     <span class='ocr_line' id='line_1_77' title="bbox 1933 1929 3576 2005; baseline 0.006 -23"><span class='ocrx_word' id='word_1_590' title='bbox 1933 1929 2087 1999; x_wconf 83' lang='lat' dir='ltr'>ignis</span> <span class='ocrx_word' id='word_1_591' title='bbox 2110 1929 2628 2000; x_wconf 88' lang='lat' dir='ltr'>perﬁcitur,virtus</span> <span class='ocrx_word' id='word_1_592' title='bbox 2652 1931 2848 2004; x_wconf 88' lang='lat' dir='ltr'>itaque</span> <span class='ocrx_word' id='word_1_593' title='bbox 2871 1932 3046 1988; x_wconf 85' lang='lat' dir='ltr'>habet</span> <span class='ocrx_word' id='word_1_594' title='bbox 3071 1935 3126 1989; x_wconf 91' lang='lat' dir='ltr'>in</span> <span class='ocrx_word' id='word_1_595' title='bbox 3152 1951 3212 1990; x_wconf 90' lang='lat' dir='ltr'>se</span> <span class='ocrx_word' id='word_1_596' title='bbox 3235 1936 3576 2005; x_wconf 87' lang='lat' dir='ltr'>efﬁcaciam;</span> 
     </span>
    </p>
   </div>
   <div class='ocr_carea' id='block_1_78' title="bbox 1934 2017 3580 2090">
    <p class='ocr_par' dir='ltr' id='par_1_78' title="bbox 1934 2017 3580 2090">
     <span class='ocr_line' id='line_1_78' title="bbox 1934 2017 3580 2090; baseline 0.005 -19"><span class='ocrx_word' id='word_1_597' title='bbox 1934 2033 2069 2071; x_wconf 89' lang='lat' dir='ltr'>nam</span> <span class='ocrx_word' id='word_1_598' title='bbox 2131 2017 2389 2072; x_wconf 85' lang='lat' dir='ltr'>efﬁcacia</span> <span class='ocrx_word' id='word_1_599' title='bbox 2447 2021 2535 2073; x_wconf 90' lang='lat' dir='ltr'>est</span> <span class='ocrx_word' id='word_1_600' title='bbox 2590 2018 2780 2090; x_wconf 88' lang='lat' dir='ltr'>ipsius</span> <span class='ocrx_word' id='word_1_601' title='bbox 2810 2019 3042 2076; x_wconf 88' lang='lat' dir='ltr'>virtutis</span> <span class='ocrx_word' id='word_1_602' title='bbox 3100 2023 3359 2090; x_wconf 78' lang='lat' dir='ltr'>effectus,</span> <span class='ocrx_word' id='word_1_603' title='bbox 3394 2025 3580 2080; x_wconf 89' lang='lat' dir='ltr'>virtus</span> 
     </span>
    </p>
   </div>
   <div class='ocr_carea' id='block_1_79' title="bbox 1935 2105 3583 2183">
    <p class='ocr_par' dir='ltr' id='par_1_79' title="bbox 1935 2105 3583 2183">
     <span class='ocr_line' id='line_1_79' title="bbox 1935 2105 3583 2183; baseline 0.004 -23"><span class='ocrx_word' id='word_1_604' title='bbox 1935 2105 2088 2160; x_wconf 87' lang='lat' dir='ltr'>enim</span> <span class='ocrx_word' id='word_1_605' title='bbox 2125 2107 2416 2177; x_wconf 85' lang='lat' dir='ltr'>operando</span> <span class='ocrx_word' id='word_1_606' title='bbox 2467 2113 2866 2179; x_wconf 88' lang='lat' dir='ltr'>comparatur;</span> <span class='ocrx_word' id='word_1_607' title='bbox 2919 2111 3213 2182; x_wconf 86' lang='lat' dir='ltr'>corruptio</span> <span class='ocrx_word' id='word_1_608' title='bbox 3267 2111 3446 2183; x_wconf 82' lang='lat' dir='ltr'>igitur</span> <span class='ocrx_word' id='word_1_609' title='bbox 3493 2118 3583 2168; x_wconf 89' lang='lat' dir='ltr'>est</span> 
     </span>
    </p>
   </div>
   <div class='ocr_carea' id='block_1_80' title="bbox 1934 2194 3584 2269">
    <p class='ocr_par' dir='ltr' id='par_1_80' title="bbox 1934 2194 3584 2269">
     <span class='ocr_line' id='line_1_80' title="bbox 1934 2194 3584 2269; baseline 0.005 -21"><span class='ocrx_word' id='word_1_610' title='bbox 1934 2194 2170 2249; x_wconf 86' lang='lat' dir='ltr'>virtutis</span> <span class='ocrx_word' id='word_1_611' title='bbox 2203 2194 2460 2248; x_wconf 87' lang='lat' dir='ltr'>efﬁcacia</span> <span class='ocrx_word' id='word_1_612' title='bbox 2504 2212 2606 2250; x_wconf 87' lang='lat' dir='ltr'>seu</span> <span class='ocrx_word' id='word_1_613' title='bbox 2652 2197 2828 2265; x_wconf 90' lang='lat' dir='ltr'>actio;</span> <span class='ocrx_word' id='word_1_614' title='bbox 2885 2198 3040 2253; x_wconf 85' lang='lat' dir='ltr'>sicut</span> <span class='ocrx_word' id='word_1_615' title='bbox 3092 2215 3227 2269; x_wconf 87' lang='lat' dir='ltr'>ergo</span> <span class='ocrx_word' id='word_1_616' title='bbox 3276 2200 3461 2256; x_wconf 89' lang='lat' dir='ltr'>virtus</span> <span class='ocrx_word' id='word_1_617' title='bbox 3496 2208 3584 2258; x_wconf 89' lang='lat' dir='ltr'>cst</span> 
     </span>
    </p>
   </div>
   <div class='ocr_carea' id='block_1_81' title="bbox 1935 2278 3575 2358">
    <p class='ocr_par' dir='ltr' id='par_1_81' title="bbox 1935 2278 3575 2358">
     <span class='ocr_line' id='line_1_81' title="bbox 1935 2278 3575 2358; baseline 0.004 -20"><span class='ocrx_word' id='word_1_618' title='bbox 1935 2282 2226 2349; x_wconf 72' lang='lat' dir='ltr'>essentize,</span> <span class='ocrx_word' id='word_1_619' title='bbox 2252 2282 2331 2337; x_wconf 89' lang='lat' dir='ltr'>ita</span> <span class='ocrx_word' id='word_1_620' title='bbox 2357 2284 2531 2338; x_wconf 87' lang='lat' dir='ltr'>etiam</span> <span class='ocrx_word' id='word_1_621' title='bbox 2561 2285 2877 2340; x_wconf 90' lang='lat' dir='ltr'>dicendum</span> <span class='ocrx_word' id='word_1_622' title='bbox 2903 2286 2972 2340; x_wconf 89' lang='lat' dir='ltr'>de</span> <span class='ocrx_word' id='word_1_623' title='bbox 2996 2278 3274 2356; x_wconf 80' lang='lat' dir='ltr'>efﬁcacia,</span> <span class='ocrx_word' id='word_1_624' title='bbox 3296 2304 3423 2358; x_wconf 65' lang='lat' dir='ltr'>quae</span> <span class='ocrx_word' id='word_1_625' title='bbox 3446 2307 3575 2344; x_wconf 89' lang='lat' dir='ltr'>cum</span> 
     </span>
    </p>
   </div>
   <div class='ocr_carea' id='block_1_82' title="bbox 1935 2372 3581 2450">
    <p class='ocr_par' dir='ltr' id='par_1_82' title="bbox 1935 2372 3581 2450">
     <span class='ocr_line' id='line_1_82' title="bbox 1935 2372 3581 2450; baseline 0.004 -24"><span class='ocrx_word' id='word_1_626' title='bbox 1935 2372 2058 2443; x_wconf 89' lang='lat' dir='ltr'>agit</span> <span class='ocrx_word' id='word_1_627' title='bbox 2088 2375 2296 2443; x_wconf 67' lang='lat' dir='ltr'>praeter</span> <span class='ocrx_word' id='word_1_628' title='bbox 2343 2373 2606 2428; x_wconf 87' lang='lat' dir='ltr'>ordinem</span> <span class='ocrx_word' id='word_1_629' title='bbox 2659 2378 2715 2428; x_wconf 90' lang='lat' dir='ltr'>et</span> <span class='ocrx_word' id='word_1_630' title='bbox 2761 2374 3224 2430; x_wconf 84' lang='lat' dir='ltr'>convenientiam</span> <span class='ocrx_word' id='word_1_631' title='bbox 3264 2385 3581 2450; x_wconf 84' lang='lat' dir='ltr'>aptamque</span> 
     </span>
    </p>
   </div>
   <div class='ocr_carea' id='block_1_83' title="bbox 1937 2461 3584 2538">
    <p class='ocr_par' dir='ltr' id='par_1_83' title="bbox 1937 2461 3584 2538">
     <span class='ocr_line' id='line_1_83' title="bbox 1937 2461 3584 2538; baseline 0.002 -22"><span class='ocrx_word' id='word_1_632' title='bbox 1937 2461 2446 2531; x_wconf 87' lang='lat' dir='ltr'>compositionem,</span> <span class='ocrx_word' id='word_1_633' title='bbox 2475 2465 2565 2516; x_wconf 92' lang='lat' dir='ltr'>est</span> <span class='ocrx_word' id='word_1_634' title='bbox 2613 2461 2908 2518; x_wconf 89' lang='lat' dir='ltr'>imbecilla</span> <span class='ocrx_word' id='word_1_635' title='bbox 2957 2465 3310 2536; x_wconf 88' lang='lat' dir='ltr'>progressio,</span> <span class='ocrx_word' id='word_1_636' title='bbox 3358 2466 3418 2522; x_wconf 93' lang='lat' dir='ltr'>in</span> <span class='ocrx_word' id='word_1_637' title='bbox 3471 2483 3584 2538; x_wconf 88' lang='lat' dir='ltr'>qua</span> 
     </span>
    </p>
   </div>
   <div class='ocr_carea' id='block_1_84' title="bbox 1935 2549 3584 2625">
    <p class='ocr_par' dir='ltr' id='par_1_84' title="bbox 1935 2549 3584 2625">
     <span class='ocr_line' id='line_1_84' title="bbox 1935 2549 3584 2625; baseline 0.005 -23"><span class='ocrx_word' id='word_1_638' title='bbox 1935 2549 2140 2604; x_wconf 87' lang='lat' dir='ltr'>vitiose</span> <span class='ocrx_word' id='word_1_639' title='bbox 2173 2550 2519 2620; x_wconf 89' lang='lat' dir='ltr'>procedente</span> <span class='ocrx_word' id='word_1_640' title='bbox 2566 2557 2863 2622; x_wconf 90' lang='lat' dir='ltr'>nequeunt</span> <span class='ocrx_word' id='word_1_641' title='bbox 2912 2569 3150 2608; x_wconf 89' lang='lat' dir='ltr'>manere</span> <span class='ocrx_word' id='word_1_642' title='bbox 3183 2555 3387 2625; x_wconf 89' lang='lat' dir='ltr'>quales</span> <span class='ocrx_word' id='word_1_643' title='bbox 3418 2560 3584 2610; x_wconf 87' lang='lat' dir='ltr'>erant</span> 
     </span>
    </p>
   </div>
   <div class='ocr_carea' id='block_1_85' title="bbox 1935 2639 3580 2716">
    <p class='ocr_par' dir='ltr' id='par_1_85' title="bbox 1935 2639 3580 2716">
     <span class='ocr_line' id='line_1_85' title="bbox 1935 2639 3580 2716; baseline 0.004 -23"><span class='ocrx_word' id='word_1_644' title='bbox 1935 2639 2122 2694; x_wconf 87' lang='lat' dir='ltr'>virtus</span> <span class='ocrx_word' id='word_1_645' title='bbox 2154 2642 2210 2693; x_wconf 91' lang='lat' dir='ltr'>et</span> <span class='ocrx_word' id='word_1_646' title='bbox 2239 2639 2496 2693; x_wconf 88' lang='lat' dir='ltr'>efﬁcacia</span> <span class='ocrx_word' id='word_1_647' title='bbox 2546 2644 2720 2711; x_wconf 90' lang='lat' dir='ltr'>atque</span> <span class='ocrx_word' id='word_1_648' title='bbox 2751 2641 3039 2709; x_wconf 84' lang='lat' dir='ltr'>essentia;</span> <span class='ocrx_word' id='word_1_649' title='bbox 3091 2641 3312 2716; x_wconf 88' lang='lat' dir='ltr'>alioqui</span> <span class='ocrx_word' id='word_1_650' title='bbox 3360 2645 3580 2713; x_wconf 88' lang='lat' dir='ltr'>totalis,</span> 
     </span>
    </p>
   </div>
   <div class='ocr_carea' id='block_1_86' title="bbox 1937 2727 3585 2804">
    <p class='ocr_par' dir='ltr' id='par_1_86' title="bbox 1937 2727 3585 2804">
     <span class='ocr_line' id='line_1_86' title="bbox 1937 2727 3585 2804; baseline 0.003 -23"><span class='ocrx_word' id='word_1_651' title='bbox 1937 2732 2002 2783; x_wconf 91' lang='lat' dir='ltr'>ut</span> <span class='ocrx_word' id='word_1_652' title='bbox 2049 2727 2326 2797; x_wconf 84' lang='lat' dir='ltr'>diximus,</span> <span class='ocrx_word' id='word_1_653' title='bbox 2377 2728 2486 2782; x_wconf 91' lang='lat' dir='ltr'>erit</span> <span class='ocrx_word' id='word_1_654' title='bbox 2532 2728 2926 2798; x_wconf 88' lang='lat' dir='ltr'>imbecillitas,</span> <span class='ocrx_word' id='word_1_655' title='bbox 2973 2749 3086 2787; x_wconf 92' lang='lat' dir='ltr'>non</span> <span class='ocrx_word' id='word_1_656' title='bbox 3139 2749 3270 2788; x_wconf 83' lang='lat' dir='ltr'>vero</span> <span class='ocrx_word' id='word_1_657' title='bbox 3323 2733 3585 2804; x_wconf 77' lang='lat' dir='ltr'>partialis</span> 
     </span>
    </p>
   </div>
   <div class='ocr_carea' id='block_1_87' title="bbox 1937 2816 3586 2894">
    <p class='ocr_par' dir='ltr' id='par_1_87' title="bbox 1937 2816 3586 2894">
     <span class='ocr_line' id='line_1_87' title="bbox 1937 2816 3586 2894; baseline 0.004 -24"><span class='ocrx_word' id='word_1_658' title='bbox 1937 2831 2136 2871; x_wconf 88' lang='lat' dir='ltr'>eorum</span> <span class='ocrx_word' id='word_1_659' title='bbox 2171 2833 2298 2888; x_wconf 76' lang='lat' dir='ltr'>quae</span> <span class='ocrx_word' id='word_1_660' title='bbox 2336 2816 2492 2872; x_wconf 89' lang='lat' dir='ltr'>dicta</span> <span class='ocrx_word' id='word_1_661' title='bbox 2521 2822 2660 2872; x_wconf 89' lang='lat' dir='ltr'>sunt</span> <span class='ocrx_word' id='word_1_662' title='bbox 2692 2835 2704 2873; x_wconf 76' lang='grc' dir='ltr'>ε</span> <span class='ocrx_word' id='word_1_663' title='bbox 2739 2819 2926 2875; x_wconf 88' lang='lat' dir='ltr'>virtus</span> <span class='ocrx_word' id='word_1_664' title='bbox 2977 2837 3210 2892; x_wconf 84' lang='lat' dir='ltr'>quoque</span> <span class='ocrx_word' id='word_1_665' title='bbox 3262 2821 3586 2894; x_wconf 86' lang='lat' dir='ltr'>corrumpit</span> 
     </span>
    </p>
   </div>
   <div class='ocr_carea' id='block_1_88' title="bbox 1937 2905 3584 2982">
    <p class='ocr_par' dir='ltr' id='par_1_88' title="bbox 1937 2905 3584 2982">
     <span class='ocr_line' id='line_1_88' title="bbox 1937 2905 3584 2982; baseline 0.002 -22"><span class='ocrx_word' id='word_1_666' title='bbox 1937 2905 2267 2975; x_wconf 84' lang='lat' dir='ltr'>subjectum</span> <span class='ocrx_word' id='word_1_667' title='bbox 2301 2905 2358 2960; x_wconf 91' lang='lat' dir='ltr'>in</span> <span class='ocrx_word' id='word_1_668' title='bbox 2391 2923 2502 2976; x_wconf 88' lang='lat' dir='ltr'>quo</span> <span class='ocrx_word' id='word_1_669' title='bbox 2533 2912 2642 2974; x_wconf 89' lang='lat' dir='ltr'>est,</span> <span class='ocrx_word' id='word_1_670' title='bbox 2668 2924 2734 2962; x_wconf 90' lang='lat' dir='ltr'>ac</span> <span class='ocrx_word' id='word_1_671' title='bbox 2766 2909 3045 2979; x_wconf 82' lang='lat' dir='ltr'>efﬁcacia,</span> <span class='ocrx_word' id='word_1_672' title='bbox 3071 2916 3126 2964; x_wconf 91' lang='lat' dir='ltr'>et</span> <span class='ocrx_word' id='word_1_673' title='bbox 3161 2927 3346 2982; x_wconf 91' lang='lat' dir='ltr'>neque</span> <span class='ocrx_word' id='word_1_674' title='bbox 3377 2911 3584 2980; x_wconf 81' lang='lat' dir='ltr'>virtus,</span> 
     </span>
    </p>
   </div>
   <div class='ocr_carea' id='block_1_89' title="bbox 1937 2993 3589 3070">
    <p class='ocr_par' dir='ltr' id='par_1_89' title="bbox 1937 2993 3589 3070">
     <span class='ocr_line' id='line_1_89' title="bbox 1937 2993 3589 3070; baseline 0.004 -23"><span class='ocrx_word' id='word_1_675' title='bbox 1937 3009 2125 3063; x_wconf 88' lang='lat' dir='ltr'>neque</span> <span class='ocrx_word' id='word_1_676' title='bbox 2156 2993 2438 3062; x_wconf 83' lang='lat' dir='ltr'>efﬁcacia,</span> <span class='ocrx_word' id='word_1_677' title='bbox 2467 2993 2618 3049; x_wconf 88' lang='lat' dir='ltr'>sicut</span> <span class='ocrx_word' id='word_1_678' title='bbox 2642 3012 2831 3066; x_wconf 89' lang='lat' dir='ltr'>neque</span> <span class='ocrx_word' id='word_1_679' title='bbox 2860 2997 3132 3068; x_wconf 75' lang='lat' dir='ltr'>essentia,</span> <span class='ocrx_word' id='word_1_680' title='bbox 3158 2998 3300 3069; x_wconf 90' lang='lat' dir='ltr'>quin</span> <span class='ocrx_word' id='word_1_681' title='bbox 3325 3016 3428 3055; x_wconf 90' lang='lat' dir='ltr'>nec</span> <span class='ocrx_word' id='word_1_682' title='bbox 3461 2999 3589 3070; x_wconf 86' lang='lat' dir='ltr'>ipsa</span> 
     </span>
    </p>
   </div>
   <div class='ocr_carea' id='block_1_90' title="bbox 1937 3081 3655 3160">
    <p class='ocr_par' dir='ltr' id='par_1_90' title="bbox 1937 3081 3655 3160">
     <span class='ocr_line' id='line_1_90' title="bbox 1937 3081 3655 3160; baseline 0.004 -24"><span class='ocrx_word' id='word_1_683' title='bbox 1937 3081 2232 3153; x_wconf 88' lang='lat' dir='ltr'>corruptio</span> <span class='ocrx_word' id='word_1_684' title='bbox 2255 3083 2522 3151; x_wconf 83' lang='lat' dir='ltr'>evadent,</span> <span class='ocrx_word' id='word_1_685' title='bbox 2541 3083 2657 3138; x_wconf 90' lang='lat' dir='ltr'>illis</span> <span class='ocrx_word' id='word_1_686' title='bbox 2679 3085 2854 3139; x_wconf 87' lang='lat' dir='ltr'>etiam</span> <span class='ocrx_word' id='word_1_687' title='bbox 2880 3088 3262 3156; x_wconf 87' lang='lat' dir='ltr'>pereuntibus</span> <span class='ocrx_word' id='word_1_688' title='bbox 3285 3087 3439 3144; x_wconf 90' lang='lat' dir='ltr'>circa</span> <span class='ocrx_word' id='word_1_689' title='bbox 3459 3106 3586 3160; x_wconf 85' lang='lat' dir='ltr'>quae</span> <span class='ocrx_word' id='word_1_690' title='bbox 3649 3099 3655 3106; x_wconf 89' lang='lat'><strong>&#39;</strong></span> 
     </span>
    </p>
   </div>
   <div class='ocr_carea' id='block_1_91' title="bbox 1941 3171 3586 3248">
    <p class='ocr_par' dir='ltr' id='par_1_91' title="bbox 1941 3171 3586 3248">
     <span class='ocr_line' id='line_1_91' title="bbox 1941 3171 3586 3248; baseline 0.004 -23"><span class='ocrx_word' id='word_1_691' title='bbox 1941 3171 2236 3242; x_wconf 88' lang='lat' dir='ltr'>corruptio</span> <span class='ocrx_word' id='word_1_692' title='bbox 2266 3176 2550 3227; x_wconf 89' lang='lat' dir='ltr'>versatur.</span> <span class='ocrx_word' id='word_1_693' title='bbox 2578 3174 2779 3244; x_wconf 87' lang='lat' dir='ltr'>Itaque</span> <span class='ocrx_word' id='word_1_694' title='bbox 2811 3175 3069 3230; x_wconf 82' lang='lat' dir='ltr'>efﬁcacia</span> <span class='ocrx_word' id='word_1_695' title='bbox 3101 3175 3586 3248; x_wconf 89' lang='lat' dir='ltr'>intelligibilium,</span> 
     </span>
    </p>
   </div>
   <div class='ocr_carea' id='block_1_92' title="bbox 1942 3259 3588 3337">
    <p class='ocr_par' dir='ltr' id='par_1_92' title="bbox 1942 3259 3588 3337">
     <span class='ocr_line' id='line_1_92' title="bbox 1942 3259 3588 3337; baseline 0.002 -21"><span class='ocrx_word' id='word_1_696' title='bbox 1942 3277 2043 3316; x_wconf 82' lang='lat' dir='ltr'>seu</span> <span class='ocrx_word' id='word_1_697' title='bbox 2076 3276 2203 3331; x_wconf 66' lang='lat' dir='ltr'>quae</span> <span class='ocrx_word' id='word_1_698' title='bbox 2235 3259 2357 3316; x_wconf 90' lang='lat' dir='ltr'>solo</span> <span class='ocrx_word' id='word_1_699' title='bbox 2391 3260 2689 3317; x_wconf 91' lang='lat' dir='ltr'>intellectu</span> <span class='ocrx_word' id='word_1_700' title='bbox 2714 3263 3141 3336; x_wconf 89' lang='lat' dir='ltr'>percipiuntur,</span> <span class='ocrx_word' id='word_1_701' title='bbox 3167 3282 3232 3320; x_wconf 89' lang='lat' dir='ltr'>ac</span> <span class='ocrx_word' id='word_1_702' title='bbox 3263 3265 3588 3337; x_wconf 86' lang='lat' dir='ltr'>intelligen-</span> 
     </span>
    </p>
   </div>
   <div class='ocr_carea' id='block_1_93' title="bbox 1941 3350 3584 3427">
    <p class='ocr_par' dir='ltr' id='par_1_93' title="bbox 1941 3350 3584 3427">
     <span class='ocr_line' id='line_1_93' title="bbox 1941 3350 3584 3427; baseline 0.002 -23"><span class='ocrx_word' id='word_1_703' title='bbox 1941 3352 2089 3404; x_wconf 86' lang='lat' dir='ltr'>tiurn</span> <span class='ocrx_word' id='word_1_704' title='bbox 2134 3350 2439 3422; x_wconf 73' lang='lat' dir='ltr'>mentium,</span> <span class='ocrx_word' id='word_1_705' title='bbox 2475 3355 2562 3406; x_wconf 85' lang='lat' dir='ltr'>est</span> <span class='ocrx_word' id='word_1_706' title='bbox 2609 3353 2933 3408; x_wconf 85' lang='lat' dir='ltr'>secundum</span> <span class='ocrx_word' id='word_1_707' title='bbox 2984 3363 3253 3409; x_wconf 83' lang='lat' dir='ltr'>naturam</span> <span class='ocrx_word' id='word_1_708' title='bbox 3304 3371 3494 3427; x_wconf 87' lang='lat' dir='ltr'>agerc,</span> <span class='ocrx_word' id='word_1_709' title='bbox 3529 3355 3584 3409; x_wconf 91' lang='lat' dir='ltr'>id</span> 
     </span>
    </p>
   </div>
   <div class='ocr_carea' id='block_1_94' title="bbox 1944 3439 3588 3510">
    <p class='ocr_par' dir='ltr' id='par_1_94' title="bbox 1944 3439 3588 3510">
     <span class='ocr_line' id='line_1_94' title="bbox 1944 3439 3588 3510; baseline 0.004 -18"><span class='ocrx_word' id='word_1_710' title='bbox 1944 3442 2031 3493; x_wconf 88' lang='lat' dir='ltr'>est</span> <span class='ocrx_word' id='word_1_711' title='bbox 2062 3455 2298 3493; x_wconf 90' lang='lat' dir='ltr'>sursum</span> <span class='ocrx_word' id='word_1_712' title='bbox 2333 3440 2403 3494; x_wconf 93' lang='lat' dir='ltr'>ad</span> <span class='ocrx_word' id='word_1_713' title='bbox 2445 3439 2624 3495; x_wconf 88' lang='lat' dir='ltr'>Deum</span> <span class='ocrx_word' id='word_1_714' title='bbox 2667 3442 2940 3510; x_wconf 87' lang='lat' dir='ltr'>tendere;</span> <span class='ocrx_word' id='word_1_715' title='bbox 2975 3442 3159 3498; x_wconf 89' lang='lat' dir='ltr'>virtus</span> <span class='ocrx_word' id='word_1_716' title='bbox 3190 3447 3383 3498; x_wconf 86' lang='lat' dir='ltr'>autem</span> <span class='ocrx_word' id='word_1_717' title='bbox 3422 3460 3588 3499; x_wconf 89' lang='lat' dir='ltr'>men-</span> 
     </span>
    </p>
   </div>
   <div class='ocr_carea' id='block_1_95' title="bbox 1942 3528 3590 3602">
    <p class='ocr_par' dir='ltr' id='par_1_95' title="bbox 1942 3528 3590 3602">
     <span class='ocr_line' id='line_1_95' title="bbox 1942 3528 3590 3602; baseline 0.003 -20"><span class='ocrx_word' id='word_1_718' title='bbox 1942 3528 2042 3595; x_wconf 86' lang='lat' dir='ltr'>tis,</span> <span class='ocrx_word' id='word_1_719' title='bbox 2069 3529 2138 3583; x_wconf 89' lang='lat' dir='ltr'>ad</span> <span class='ocrx_word' id='word_1_720' title='bbox 2163 3528 2546 3599; x_wconf 77' lang='lat' dir='ltr'>cogitationes</span> <span class='ocrx_word' id='word_1_721' title='bbox 2569 3529 2938 3597; x_wconf 87' lang='lat' dir='ltr'>descendere,</span> <span class='ocrx_word' id='word_1_722' title='bbox 2965 3531 3020 3584; x_wconf 91' lang='lat' dir='ltr'>in</span> <span class='ocrx_word' id='word_1_723' title='bbox 3045 3548 3160 3601; x_wconf 92' lang='lat' dir='ltr'>quo</span> <span class='ocrx_word' id='word_1_724' title='bbox 3193 3548 3260 3587; x_wconf 90' lang='lat' dir='ltr'>ea</span> <span class='ocrx_word' id='word_1_725' title='bbox 3280 3549 3410 3602; x_wconf 72' lang='lat' dir='ltr'>qua:</span> <span class='ocrx_word' id='word_1_726' title='bbox 3435 3533 3590 3586; x_wconf 88' lang='lat' dir='ltr'>dicta</span> 
     </span>
    </p>
   </div>
   <div class='ocr_carea' id='block_1_96' title="bbox 1947 3617 3596 3691">
    <p class='ocr_par' dir='ltr' id='par_1_96' title="bbox 1947 3617 3596 3691">
     <span class='ocr_line' id='line_1_96' title="bbox 1947 3617 3596 3691; baseline 0.001 -18"><span class='ocrx_word' id='word_1_727' title='bbox 1947 3621 2088 3673; x_wconf 88' lang='lat' dir='ltr'>sunt</span> <span class='ocrx_word' id='word_1_728' title='bbox 2117 3617 2320 3673; x_wconf 87' lang='lat' dir='ltr'>vitiose</span> <span class='ocrx_word' id='word_1_729' title='bbox 2366 3618 2605 3683; x_wconf 86' lang='lat' dir='ltr'>moveri,</span> <span class='ocrx_word' id='word_1_730' title='bbox 2641 3637 2672 3674; x_wconf 75' lang='grc' dir='ltr'>ιι</span> <span class='ocrx_word' id='word_1_731' title='bbox 2705 3620 2855 3674; x_wconf 92' lang='lat' dir='ltr'>bono</span> <span class='ocrx_word' id='word_1_732' title='bbox 2886 3619 3190 3676; x_wconf 87' lang='lat' dir='ltr'>deﬁciunt.</span> <span class='ocrx_word' id='word_1_733' title='bbox 3226 3620 3382 3676; x_wconf 88' lang='lat' dir='ltr'>Nihil</span> <span class='ocrx_word' id='word_1_734' title='bbox 3415 3620 3596 3691; x_wconf 86' lang='lat' dir='ltr'>igitur</span> 
     </span>
    </p>
   </div>
   <div class='ocr_carea' id='block_1_97' title="bbox 1948 3705 2432 3762">
    <p class='ocr_par' dir='ltr' id='par_1_97' title="bbox 1948 3705 2432 3762">
     <span class='ocr_line' id='line_1_97' title="bbox 1948 3705 2432 3762; baseline 0 0"><span class='ocrx_word' id='word_1_735' title='bbox 1948 3711 2158 3762; x_wconf 86' lang='lat' dir='ltr'>natura</span> <span class='ocrx_word' id='word_1_736' title='bbox 2190 3705 2432 3762; x_wconf 86' lang='lat' dir='ltr'>malum.</span> 
     </span>
    </p>
   </div>
   <div class='ocr_carea' id='block_1_98' title="bbox 2017 3795 3592 3868">
    <p class='ocr_par' dir='ltr' id='par_1_98' title="bbox 2017 3795 3592 3868">
     <span class='ocr_line' id='line_1_98' title="bbox 2017 3795 3592 3868; baseline 0.001 -19"><span class='ocrx_word' id='word_1_737' title='bbox 2017 3795 2120 3850; x_wconf 86' lang='lat' dir='ltr'>Sed</span> <span class='ocrx_word' id='word_1_738' title='bbox 2150 3795 2347 3850; x_wconf 83' lang='lat' dir='ltr'>bonum</span> <span class='ocrx_word' id='word_1_739' title='bbox 2390 3796 2666 3864; x_wconf 78' lang='lat' dir='ltr'>deﬁciens.</span> <span class='ocrx_word' id='word_1_740' title='bbox 2701 3796 2771 3852; x_wconf 88' lang='lat' dir='ltr'>Ut</span> <span class='ocrx_word' id='word_1_741' title='bbox 2815 3814 2929 3852; x_wconf 91' lang='lat' dir='ltr'>non</span> <span class='ocrx_word' id='word_1_742' title='bbox 2982 3797 3294 3868; x_wconf 86' lang='lat' dir='ltr'>perfectam</span> <span class='ocrx_word' id='word_1_743' title='bbox 3347 3812 3592 3867; x_wconf 83' lang='lat' dir='ltr'>corrup-</span> 
     </span>
    </p>
   </div>
   <div class='ocr_carea' id='block_1_99' title="bbox 1948 3883 2938 3956">
    <p class='ocr_par' dir='ltr' id='par_1_99' title="bbox 1948 3883 2938 3956">
     <span class='ocr_line' id='line_1_99' title="bbox 1948 3883 2938 3956; baseline 0.002 -18"><span class='ocrx_word' id='word_1_744' title='bbox 1948 3883 2130 3939; x_wconf 88' lang='lat' dir='ltr'>tionis</span> <span class='ocrx_word' id='word_1_745' title='bbox 2162 3885 2594 3956; x_wconf 89' lang='lat' dir='ltr'>corruptionem</span> <span class='ocrx_word' id='word_1_746' title='bbox 2631 3885 2938 3940; x_wconf 87' lang='lat' dir='ltr'>inducens.</span> 
     </span>
    </p>
   </div>
   <div class='ocr_carea' id='block_1_100' title="bbox 2019 3973 3594 4044">
    <p class='ocr_par' dir='ltr' id='par_1_100' title="bbox 2019 3973 3594 4044">
     <span class='ocr_line' id='line_1_100' title="bbox 2019 3973 3594 4044; baseline -0.001 -17"><span class='ocrx_word' id='word_1_747' title='bbox 2019 3973 2282 4044; x_wconf 77' lang='lat' dir='ltr'>Denique,</span> <span class='ocrx_word' id='word_1_748' title='bbox 2315 3973 2579 4044; x_wconf 85' lang='lat' dir='ltr'>quomodo</span> <span class='ocrx_word' id='word_1_749' title='bbox 2609 3975 2706 4044; x_wconf 80' lang='lat' dir='ltr'>qui</span> <span class='ocrx_word' id='word_1_750' title='bbox 2735 3991 2767 4027; x_wconf 89' lang='lat' dir='ltr'>a</span> <span class='ocrx_word' id='word_1_751' title='bbox 2796 3976 2923 4028; x_wconf 86' lang='lat' dir='ltr'>Deo.</span> <span class='ocrx_word' id='word_1_752' title='bbox 2955 3978 3166 4028; x_wconf 90' lang='lat' dir='ltr'>Contra</span> <span class='ocrx_word' id='word_1_753' title='bbox 3197 3973 3457 4029; x_wconf 87' lang='lat' dir='ltr'>dicentes</span> <span class='ocrx_word' id='word_1_754' title='bbox 3493 3989 3505 4028; x_wconf 89' lang='lat'><strong>:</strong></span> <span class='ocrx_word' id='word_1_755' title='bbox 3540 3973 3594 4027; x_wconf 91' lang='lat' dir='ltr'>Si</span> 
     </span>
    </p>
   </div>
   <div class='ocr_carea' id='block_1_101' title="bbox 1950 4061 3600 4134">
    <p class='ocr_par' dir='ltr' id='par_1_101' title="bbox 1950 4061 3600 4134">
     <span class='ocr_line' id='line_1_101' title="bbox 1950 4061 3600 4134; baseline -0.002 -16"><span class='ocrx_word' id='word_1_756' title='bbox 1950 4063 2241 4118; x_wconf 74' lang='lat' dir='ltr'>daemones</span> <span class='ocrx_word' id='word_1_757' title='bbox 2273 4080 2305 4117; x_wconf 90' lang='lat' dir='ltr'>a</span> <span class='ocrx_word' id='word_1_758' title='bbox 2336 4063 2449 4118; x_wconf 91' lang='lat' dir='ltr'>Deo</span> <span class='ocrx_word' id='word_1_759' title='bbox 2495 4067 2633 4117; x_wconf 90' lang='lat' dir='ltr'>sunt</span> <span class='ocrx_word' id='word_1_760' title='bbox 2682 4063 2922 4131; x_wconf 87' lang='lat' dir='ltr'>conditi,</span> <span class='ocrx_word' id='word_1_761' title='bbox 2959 4063 3252 4134; x_wconf 80' lang='lat' dir='ltr'>quomodo</span> <span class='ocrx_word' id='word_1_762' title='bbox 3305 4061 3465 4117; x_wconf 87' lang='lat' dir='ltr'>mali.</span> <span class='ocrx_word' id='word_1_763' title='bbox 3497 4062 3600 4117; x_wconf 85' lang='lat' dir='ltr'>Est</span> 
     </span>
    </p>
   </div>
   <div class='ocr_carea' id='block_1_102' title="bbox 1951 4151 3597 4220">
    <p class='ocr_par' dir='ltr' id='par_1_102' title="bbox 1951 4151 3597 4220">
     <span class='ocr_line' id='line_1_102' title="bbox 1951 4151 3597 4220; baseline -0.001 -14"><span class='ocrx_word' id='word_1_764' title='bbox 1951 4151 2164 4206; x_wconf 88' lang='lat' dir='ltr'>solutio</span> <span class='ocrx_word' id='word_1_765' title='bbox 2215 4151 2689 4220; x_wconf 81' lang='lat' dir='ltr'>interrogationis</span> <span class='ocrx_word' id='word_1_766' title='bbox 2721 4167 2860 4206; x_wconf 90' lang='lat' dir='ltr'>num</span> <span class='ocrx_word' id='word_1_767' title='bbox 2898 4151 3033 4207; x_wconf 88' lang='lat' dir='ltr'>mali</span> <span class='ocrx_word' id='word_1_768' title='bbox 3081 4156 3220 4207; x_wconf 87' lang='lat' dir='ltr'>sunt</span> <span class='ocrx_word' id='word_1_769' title='bbox 3258 4153 3548 4207; x_wconf 86' lang='lat' dir='ltr'>daemones</span> <span class='ocrx_word' id='word_1_770' title='bbox 3584 4166 3597 4205; x_wconf 89' lang='lat'><strong>:</strong></span> 
     </span>
    </p>
   </div>
   <div class='ocr_carea' id='block_1_103' title="bbox 1953 4240 3599 4312">
    <p class='ocr_par' dir='ltr' id='par_1_103' title="bbox 1953 4240 3599 4312">
     <span class='ocr_line' id='line_1_103' title="bbox 1953 4240 3599 4312; baseline -0.001 -18"><span class='ocrx_word' id='word_1_771' title='bbox 1953 4240 2170 4311; x_wconf 89' lang='lat' dir='ltr'>aitque,</span> <span class='ocrx_word' id='word_1_772' title='bbox 2197 4257 2311 4295; x_wconf 89' lang='lat' dir='ltr'>non</span> <span class='ocrx_word' id='word_1_773' title='bbox 2334 4247 2624 4311; x_wconf 85' lang='lat' dir='ltr'>quatenus</span> <span class='ocrx_word' id='word_1_774' title='bbox 2647 4241 2784 4296; x_wconf 92' lang='lat' dir='ltr'>boni</span> <span class='ocrx_word' id='word_1_775' title='bbox 2809 4246 2947 4296; x_wconf 88' lang='lat' dir='ltr'>sunt</span> <span class='ocrx_word' id='word_1_776' title='bbox 2977 4242 3035 4295; x_wconf 92' lang='lat' dir='ltr'>in</span> <span class='ocrx_word' id='word_1_777' title='bbox 3070 4240 3448 4312; x_wconf 88' lang='lat' dir='ltr'>productione</span> <span class='ocrx_word' id='word_1_778' title='bbox 3480 4255 3599 4292; x_wconf 72' lang='lat' dir='ltr'>suae</span> 
     </span>
    </p>
   </div>
   <div class='ocr_carea' id='block_1_104' title="bbox 1953 4327 3599 4402">
    <p class='ocr_par' dir='ltr' id='par_1_104' title="bbox 1953 4327 3599 4402">
     <span class='ocr_line' id='line_1_104' title="bbox 1953 4327 3599 4402; baseline -0.004 -17"><span class='ocrx_word' id='word_1_779' title='bbox 1953 4331 2242 4397; x_wconf 86' lang='lat' dir='ltr'>essentiae,</span> <span class='ocrx_word' id='word_1_780' title='bbox 2298 4346 2434 4384; x_wconf 89' lang='lat' dir='ltr'>nam</span> <span class='ocrx_word' id='word_1_781' title='bbox 2485 4346 2517 4383; x_wconf 88' lang='lat' dir='ltr'>a</span> <span class='ocrx_word' id='word_1_782' title='bbox 2564 4329 2715 4385; x_wconf 91' lang='lat' dir='ltr'>bono</span> <span class='ocrx_word' id='word_1_783' title='bbox 2767 4329 3035 4402; x_wconf 89' lang='lat' dir='ltr'>producti</span> <span class='ocrx_word' id='word_1_784' title='bbox 3086 4335 3224 4384; x_wconf 91' lang='lat' dir='ltr'>sunt</span> <span class='ocrx_word' id='word_1_785' title='bbox 3277 4328 3444 4395; x_wconf 89' lang='lat' dir='ltr'>boni;</span> <span class='ocrx_word' id='word_1_786' title='bbox 3498 4327 3599 4380; x_wconf 87' lang='lat' dir='ltr'>sed</span> 
     </span>
    </p>
   </div>
   <div class='ocr_carea' id='block_1_105' title="bbox 1954 4415 3604 4489">
    <p class='ocr_par' dir='ltr' id='par_1_105' title="bbox 1954 4415 3604 4489">
     <span class='ocr_line' id='line_1_105' title="bbox 1954 4415 3604 4489; baseline -0.004 -16"><span class='ocrx_word' id='word_1_787' title='bbox 1954 4422 2246 4489; x_wconf 87' lang='lat' dir='ltr'>quatenus</span> <span class='ocrx_word' id='word_1_788' title='bbox 2277 4417 2586 4474; x_wconf 85' lang='lat' dir='ltr'>debiliores</span> <span class='ocrx_word' id='word_1_789' title='bbox 2609 4418 2798 4475; x_wconf 73' lang='lat' dir='ltr'>effecti</span> <span class='ocrx_word' id='word_1_790' title='bbox 2829 4420 2885 4474; x_wconf 93' lang='lat' dir='ltr'>in</span> <span class='ocrx_word' id='word_1_791' title='bbox 2918 4435 3024 4474; x_wconf 88' lang='lat' dir='ltr'>sua</span> <span class='ocrx_word' id='word_1_792' title='bbox 3055 4418 3310 4472; x_wconf 88' lang='lat' dir='ltr'>naturali</span> <span class='ocrx_word' id='word_1_793' title='bbox 3344 4415 3604 4470; x_wconf 88' lang='lat' dir='ltr'>efﬁcacia</span> 
     </span>
    </p>
   </div>
   <div class='ocr_carea' id='block_1_106' title="bbox 1878 4507 2447 4583">
    <p class='ocr_par' dir='ltr' id='par_1_106' title="bbox 1878 4507 2447 4583">
     <span class='ocr_line' id='line_1_106' title="bbox 1878 4507 2447 4583; baseline 0 -21"><span class='ocrx_word' id='word_1_794' title='bbox 1878 4519 1924 4583; x_wconf 82' lang='lat' dir='ltr'>D</span> <span class='ocrx_word' id='word_1_795' title='bbox 1955 4524 2052 4562; x_wconf 90' lang='lat' dir='ltr'>seu</span> <span class='ocrx_word' id='word_1_796' title='bbox 2089 4507 2447 4578; x_wconf 88' lang='lat' dir='ltr'>operatione.</span> 
     </span>
    </p>
   </div>
   <div class='ocr_carea' id='block_1_107' title="bbox 2028 4593 3602 4652">
    <p class='ocr_par' dir='ltr' id='par_1_107' title="bbox 2028 4593 3602 4652">
     <span class='ocr_line' id='line_1_107' title="bbox 2028 4593 3602 4652; baseline -0.002 -2"><span class='ocrx_word' id='word_1_797' title='bbox 2028 4596 2102 4650; x_wconf 86' lang='lat' dir='ltr'>Ac</span> <span class='ocrx_word' id='word_1_798' title='bbox 2131 4596 2325 4651; x_wconf 85' lang='lat' dir='ltr'>bonam</span> <span class='ocrx_word' id='word_1_799' title='bbox 2354 4595 2538 4651; x_wconf 68' lang='lat' dir='ltr'>sortiti</span> <span class='ocrx_word' id='word_1_800' title='bbox 2563 4601 2693 4651; x_wconf 78' lang='lat' dir='ltr'>sunt</span> <span class='ocrx_word' id='word_1_801' title='bbox 2723 4598 3036 4652; x_wconf 76' lang='lat' dir='ltr'>essentiam.</span> <span class='ocrx_word' id='word_1_802' title='bbox 3072 4597 3293 4650; x_wconf 91' lang='lat' dir='ltr'>Bonam</span> <span class='ocrx_word' id='word_1_803' title='bbox 3326 4609 3453 4649; x_wconf 88' lang='lat' dir='ltr'>esse</span> <span class='ocrx_word' id='word_1_804' title='bbox 3484 4593 3602 4646; x_wconf 76' lang='lat' dir='ltr'>dae-</span> 
     </span>
    </p>
   </div>
   <div class='ocr_carea' id='block_1_108' title="bbox 1961 4683 2574 4740">
    <p class='ocr_par' dir='ltr' id='par_1_108' title="bbox 1961 4683 2574 4740">
     <span class='ocr_line' id='line_1_108' title="bbox 1961 4683 2574 4740; baseline 0.002 -1"><span class='ocrx_word' id='word_1_805' title='bbox 1961 4699 2201 4739; x_wconf 86' lang='lat' dir='ltr'>monum</span> <span class='ocrx_word' id='word_1_806' title='bbox 2235 4683 2574 4740; x_wconf 87' lang='lat' dir='ltr'>essentiam.</span> 
     </span>
    </p>
   </div>
   <div class='ocr_carea' id='block_1_109' title="bbox 2035 4768 3608 4842">
    <p class='ocr_par' dir='ltr' id='par_1_109' title="bbox 2035 4768 3608 4842">
     <span class='ocr_line' id='line_1_109' title="bbox 2035 4768 3608 4842; baseline -0.004 -14"><span class='ocrx_word' id='word_1_807' title='bbox 2035 4774 2097 4828; x_wconf 74' lang='lat' dir='ltr'>Ut</span> <span class='ocrx_word' id='word_1_808' title='bbox 2143 4773 2371 4842; x_wconf 84' lang='lat' dir='ltr'>Eloquia</span> <span class='ocrx_word' id='word_1_809' title='bbox 2418 4775 2706 4827; x_wconf 79' lang='lat' dir='ltr'>testantur.</span> <span class='ocrx_word' id='word_1_810' title='bbox 2757 4773 2905 4827; x_wconf 88' lang='lat' dir='ltr'>Nota</span> <span class='ocrx_word' id='word_1_811' title='bbox 2963 4771 3252 4842; x_wconf 91' lang='lat' dir='ltr'>quomodo</span> <span class='ocrx_word' id='word_1_812' title='bbox 3304 4770 3452 4826; x_wconf 74' lang='grc'>155</span> <span class='ocrx_word' id='word_1_813' title='bbox 3513 4768 3608 4822; x_wconf 88' lang='lat' dir='ltr'>in-</span> 
     </span>
    </p>
   </div>
   <div class='ocr_carea' id='block_1_110' title="bbox 1963 4856 3607 4932">
    <p class='ocr_par' dir='ltr' id='par_1_110' title="bbox 1963 4856 3607 4932">
     <span class='ocr_line' id='line_1_110' title="bbox 1963 4856 3607 4932; baseline -0.004 -16"><span class='ocrx_word' id='word_1_814' title='bbox 1963 4859 2182 4932; x_wconf 86' lang='lat' dir='ltr'>telligat</span> <span class='ocrx_word' id='word_1_815' title='bbox 2232 4860 2398 4928; x_wconf 89' lang='lat' dir='ltr'>illud,</span> <span class='ocrx_word' id='word_1_816' title='bbox 2447 4861 2684 4932; x_wconf 89' lang='lat' dir='ltr'>angelos</span> <span class='ocrx_word' id='word_1_817' title='bbox 2735 4878 2846 4916; x_wconf 87' lang='lat' dir='ltr'>non</span> <span class='ocrx_word' id='word_1_818' title='bbox 2900 4866 3199 4916; x_wconf 88' lang='lat' dir='ltr'>servantes</span> <span class='ocrx_word' id='word_1_819' title='bbox 3249 4856 3607 4928; x_wconf 85' lang='lat' dir='ltr'>principium</span> 
     </span>
    </p>
   </div>
   <div class='ocr_carea' id='block_1_111' title="bbox 1963 4945 3610 5020">
    <p class='ocr_par' dir='ltr' id='par_1_111' title="bbox 1963 4945 3610 5020">
     <span class='ocr_line' id='line_1_111' title="bbox 1963 4945 3610 5020; baseline -0.004 -15"><span class='ocrx_word' id='word_1_820' title='bbox 1963 4966 2168 5018; x_wconf 90' lang='lat' dir='ltr'>suum;</span> <span class='ocrx_word' id='word_1_821' title='bbox 2203 4949 2554 5020; x_wconf 88' lang='lat' dir='ltr'>principium</span> <span class='ocrx_word' id='word_1_822' title='bbox 2596 4949 2751 5004; x_wconf 87' lang='lat' dir='ltr'>enim</span> <span class='ocrx_word' id='word_1_823' title='bbox 2803 4965 3004 5004; x_wconf 86' lang='lat' dir='ltr'>eorum</span> <span class='ocrx_word' id='word_1_824' title='bbox 3058 4947 3221 5012; x_wconf 90' lang='lat' dir='ltr'>dicit,</span> <span class='ocrx_word' id='word_1_825' title='bbox 3275 4945 3610 5017; x_wconf 87' lang='lat' dir='ltr'>productio-</span> 
     </span>
    </p>
   </div>
   <div class='ocr_carea' id='block_1_112' title="bbox 1964 5033 3608 5109">
    <p class='ocr_par' dir='ltr' id='par_1_112' title="bbox 1964 5033 3608 5109">
     <span class='ocr_line' id='line_1_112' title="bbox 1964 5033 3608 5109; baseline -0.004 -16"><span class='ocrx_word' id='word_1_826' title='bbox 1964 5054 2097 5093; x_wconf 79' lang='lat' dir='ltr'>nem</span> <span class='ocrx_word' id='word_1_827' title='bbox 2155 5055 2269 5109; x_wconf 91' lang='lat' dir='ltr'>qua</span> <span class='ocrx_word' id='word_1_828' title='bbox 2326 5038 2675 5093; x_wconf 84' lang='lat' dir='ltr'>exstiterunt</span> <span class='ocrx_word' id='word_1_829' title='bbox 2728 5055 2740 5092; x_wconf 91' lang='lat'>:</span> <span class='ocrx_word' id='word_1_830' title='bbox 2803 5035 3070 5107; x_wconf 89' lang='lat' dir='ltr'>producti</span> <span class='ocrx_word' id='word_1_831' title='bbox 3131 5034 3287 5090; x_wconf 90' lang='lat' dir='ltr'>enim</span> <span class='ocrx_word' id='word_1_832' title='bbox 3350 5037 3489 5088; x_wconf 84' lang='lat' dir='ltr'>sunt</span> <span class='ocrx_word' id='word_1_833' title='bbox 3549 5033 3608 5087; x_wconf 91' lang='lat' dir='ltr'>in</span> 
     </span>
    </p>
   </div>
   <div class='ocr_carea' id='block_1_113' title="bbox 1964 5121 3610 5197">
    <p class='ocr_par' dir='ltr' id='par_1_113' title="bbox 1964 5121 3610 5197">
     <span class='ocr_line' id='line_1_113' title="bbox 1964 5121 3610 5197; baseline -0.003 -16"><span class='ocrx_word' id='word_1_834' title='bbox 1964 5143 2136 5182; x_wconf 90' lang='lat' dir='ltr'>omne</span> <span class='ocrx_word' id='word_1_835' title='bbox 2166 5144 2311 5197; x_wconf 86' lang='lat' dir='ltr'>opus</span> <span class='ocrx_word' id='word_1_836' title='bbox 2347 5129 2586 5192; x_wconf 88' lang='lat' dir='ltr'>bonum,</span> <span class='ocrx_word' id='word_1_837' title='bbox 2612 5125 2765 5180; x_wconf 89' lang='lat' dir='ltr'>sicut</span> <span class='ocrx_word' id='word_1_838' title='bbox 2789 5133 2839 5180; x_wconf 87' lang='lat' dir='ltr'>et</span> <span class='ocrx_word' id='word_1_839' title='bbox 2869 5141 3000 5193; x_wconf 89' lang='lat' dir='ltr'>nos;</span> <span class='ocrx_word' id='word_1_840' title='bbox 3035 5141 3102 5180; x_wconf 83' lang='lat' dir='ltr'>ex</span> <span class='ocrx_word' id='word_1_841' title='bbox 3137 5123 3226 5178; x_wconf 90' lang='lat' dir='ltr'>his</span> <span class='ocrx_word' id='word_1_842' title='bbox 3259 5121 3439 5194; x_wconf 83' lang='lat' dir='ltr'>igitur</span> <span class='ocrx_word' id='word_1_843' title='bbox 3469 5124 3610 5176; x_wconf 89' lang='lat' dir='ltr'>sunt</span> 
     </span>
    </p>
   </div>
   <div class='ocr_carea' id='block_1_114' title="bbox 1965 5211 3614 5281">
    <p class='ocr_par' dir='ltr' id='par_1_114' title="bbox 1965 5211 3614 5281">
     <span class='ocr_line' id='line_1_114' title="bbox 1965 5211 3614 5281; baseline -0.005 -10"><span class='ocrx_word' id='word_1_844' title='bbox 1965 5217 2280 5281; x_wconf 66' lang='lat' dir='ltr'>dmt‘nones,</span> <span class='ocrx_word' id='word_1_845' title='bbox 2313 5214 2371 5268; x_wconf 91' lang='lat' dir='ltr'>in</span> <span class='ocrx_word' id='word_1_846' title='bbox 2422 5215 2530 5268; x_wconf 90' lang='lat' dir='ltr'>hoc</span> <span class='ocrx_word' id='word_1_847' title='bbox 2564 5213 2686 5268; x_wconf 91' lang='lat' dir='ltr'>solo</span> <span class='ocrx_word' id='word_1_848' title='bbox 2722 5212 2855 5268; x_wconf 89' lang='lat' dir='ltr'>mali</span> <span class='ocrx_word' id='word_1_849' title='bbox 2887 5213 3073 5268; x_wconf 81' lang='lat' dir='ltr'>effecti</span> <span class='ocrx_word' id='word_1_850' title='bbox 3106 5211 3258 5281; x_wconf 85' lang='lat' dir='ltr'>quod</span> <span class='ocrx_word' id='word_1_851' title='bbox 3315 5211 3375 5265; x_wconf 92' lang='lat' dir='ltr'>in</span> <span class='ocrx_word' id='word_1_852' title='bbox 3425 5211 3614 5265; x_wconf 87' lang='lat' dir='ltr'>bono-</span> 
     </span>
    </p>
   </div>
   <div class='ocr_carea' id='block_1_115' title="bbox 1969 5298 3610 5380">
    <p class='ocr_par' dir='ltr' id='par_1_115' title="bbox 1969 5298 3610 5380">
     <span class='ocr_line' id='line_1_115' title="bbox 1969 5298 3610 5380; baseline -0.005 -20"><span class='ocrx_word' id='word_1_853' title='bbox 1969 5322 2096 5360; x_wconf 90' lang='lat' dir='ltr'>rum</span> <span class='ocrx_word' id='word_1_854' title='bbox 2142 5302 2342 5380; x_wconf 83' lang='lat' dir='ltr'>babitu</span> <span class='ocrx_word' id='word_1_855' title='bbox 2401 5302 2710 5367; x_wconf 84' lang='lat' dir='ltr'>cessarint,</span> <span class='ocrx_word' id='word_1_856' title='bbox 2760 5317 2949 5372; x_wconf 87' lang='lat' dir='ltr'>neque</span> <span class='ocrx_word' id='word_1_857' title='bbox 3011 5303 3232 5357; x_wconf 90' lang='lat' dir='ltr'>bonum</span> <span class='ocrx_word' id='word_1_858' title='bbox 3290 5298 3610 5365; x_wconf 74' lang='lat' dir='ltr'>effecerint,</span> 
     </span>
    </p>
   </div>
   <div class='ocr_carea' id='block_1_116' title="bbox 1218 5477 2589 5543">
    <p class='ocr_par' dir='ltr' id='par_1_116' title="bbox 1218 5477 2589 5543">
     <span class='ocr_line' id='line_1_116' title="bbox 1218 5477 2589 5543; baseline -0.001 -8"><span class='ocrx_word' id='word_1_859' title='bbox 1218 5480 1450 5538; x_wconf 71' lang='lat' dir='ltr'>VABIE</span> <span class='ocrx_word' id='word_1_860' title='bbox 1484 5484 1871 5543; x_wconf 86' lang='lat' dir='ltr'>LECTIONES</span> <span class='ocrx_word' id='word_1_861' title='bbox 1909 5486 2000 5542; x_wconf 85' lang='lat' dir='ltr'><strong>ET</strong></span> <span class='ocrx_word' id='word_1_862' title='bbox 2038 5477 2589 5540; x_wconf 79' lang='lat' dir='ltr'>CORRECTIONES.</span> 
     </span>
    </p>
   </div>
   <div class='ocr_carea' id='block_1_117' title="bbox 232 5601 529 5662">
    <p class='ocr_par' dir='ltr' id='par_1_117' title="bbox 232 5601 529 5662">
     <span class='ocr_line' id='line_1_117' title="bbox 232 5601 529 5662; baseline -0.007 -9"><span class='ocrx_word' id='word_1_863' title='bbox 232 5606 253 5643; x_wconf 71' lang='grc' dir='ltr'>ί</span> <span class='ocrx_word' id='word_1_864' title='bbox 300 5601 529 5662; x_wconf 82' lang='grc' dir='ltr'>πάθος.</span> 
     </span>
    </p>
   </div>
  </div>
