4000 6200
489 297 592 350 291

1310 288 1673 341 APPENDIX
1710 290 1806 341 AD
1844 266 2085 343 OPE'RA
2120 287 2178 340 s.
2220 284 2532 342 DIONYS‘II
2572 278 3068 345 ABEOPAGszE.
3718 305 3797 358 293

490 422 692 491 sicque
737 415 1035 474 voluntate
1080 416 1219 469 sunt
1266 409 1429 476 mali,
1463 428 1575 465 non
1628 414 1867 477 natura;
1909 409 2115 463 bonurr

2244 406 2379 461 κατά
2422 407 2729 485 προαίρεσίν
2784 410 2885 464 εἶσι
2930 409 3113 479 κακοὶ,
3164 410 3287 468 ἀλλ’
3332 413 3388 467 οὖ
3429 419 3550 472 κατά
3589 419 3799 488 φύσιν-τὸ

488 526 624 566 vero
656 510 868 563 natura
911 504 1066 559 inest
1110 501 1187 557 iis
1229 517 1354 573 quas
1386 498 1703 567 exsistunt;
1739 497 1927 553 multa
1956 496 2132 569 igitur

488 596 838 655 diiYerentia.

559 689 882 744 Divinarum
913 683 1181 738 bonorum
1208 679 1445 735 habitus.
1477 677 1624 733 Nota
1644 675 1932 732 dictiones
1961 674 2128 731 habi-

484 785 582 834 tus
613 781 670 833 et
700 773 968 830 efﬁcaciae
996 790 1009 829 :
1033 786 1165 827 ecce
1184 769 1338 823 enim
1363 782 1538 838 quam
1570 774 1741 821 antea
1771 765 1917 821 dixit
1945 765 2128 819 virtu-

484 872 626 939 tem,
657 866 808 922 hauc
856 863 1027 918 modo
1076 862 1242 915 vocat
1292 856 1580 925 habitum,
1630 858 1697 910 ut
1747 854 2127 926 exposuimus

485 956 758 1028 superius
789 952 849 1007 in
881 966 1094 1023 magno
1126 946 1513 1019 paragrapho.

557 1046 617 1102 Si
645 1044 827 1115 itaque
853 1055 1081 1112 semper.
1110 1041 1231 1092 Non
1266 1050 1505 1108 prorsus
1534 1036 1798 1105 expertes
1827 1047 1954 1088 esse
1986 1032 2124 1087 boni

484 1137 798 1191 daemones.

556 1222 705 1293 Quod
741 1222 888 1278 enim
934 1232 1146 1290 semper
1191 1214 1335 1272 idem
1382 1220 1482 1269 est.
1514 1215 1750 1282 Semper
1790 1210 1947 1267 idem
1994 1227 2124 1267 esse

481 1314 619 1372 boni
652 1316 740 1369 est
768 1309 1091 1385 proprium.

549 1403 717 1460 Pravi
746 1410 929 1458 autem
960 1414 1093 1455 esse.
1128 1395 1239 1451 Cur
1268 1395 1563 1450 daemones
1594 1391 1874 1447 dicuntur
1903 1389 2087 1446 mali?

548 1585 670 1641 Illis
716 1581 968 1647 desertio,
1015 1577 1112 1648 Gr.
1153 1566 1390 1633 ἔκϐασις.
1418 1564 1677 1627 ’Έκϐασιν
1726 1573 1890 1625 vocat
1937 1585 2119 1625 reces-

478 1692 613 1733 sum
644 1691 679 1729 a
707 1667 1103 1733 convenienti;
1155 1659 1397 1718 ἀτέλειαν
1429 1678 1562 1717 vero
1595 1675 1893 1717 recessum
1926 1674 1959 1714 a
1990 1674 2118 1731 per-

478 1766 648 1833 fecto,
680 1776 783 1818 seu
817 1752 1188 1832 perfectionis
1219 1752 1528 1807 defectum.

548 1851 886 1920 Imaginazio
913 1859 1175 1919 praeceps.
1201 1839 1349 1906 Quid
1380 1839 1457 1896 sit
1481 1836 1764 1914 φαντασία,
1788 1837 2120 1907 imaginatio

478 1942 733 1999 diximus
762 1939 823 1995 in
852 1934 1040 2008 primo
1069 1931 1280 2004 capite.

556 2034 753 2089 Verum
796 2028 921 2082 ista.
954 2028 1040 2080 En
1088 2020 1265 2076 aliam
1314 2032 1547 2090 quoque
1595 2013 1969 2082 solutionem,
2000 2032 2117 2070 non

476 2137 607 2179 esse
654 2116 793 2191 quid
841 2111 1089 2176 malum,
1129 2112 1338 2163 natura
1386 2104 1629 2174 malum,
1661 2105 1761 2159 sed
1813 2103 2052 2174 delapsu
2085 2121 2119 2159 a

475 2208 658 2276 bono;
685 2204 839 2277 quod
861 2201 1018 2259 enim
1037 2202 1257 2254 naturae
1278 2196 1450 2262 inest,
1466 2209 1700 2265 semper
1719 2192 1921 2247 eodem
1945 2191 2116 2246 modo

476 2316 538 2356 se
586 2296 784 2359 habet,
818 2305 1008 2362 neque
1058 2285 1348 2357 dejicitur,
1397 2283 1553 2338 sicut
1608 2281 1805 2352 ipsum
1862 2280 2114 2345 bonum;

476 2387 697 2444 malum
728 2397 860 2439 vero
892 2396 1006 2435 non
1028 2380 1117 2433 est
1146 2372 1379 2439 stabile,
1404 2371 1683 2443 quoniam
1717 2369 2039 2439 corrumpit
2061 2372 2118 2422 et

473 2477 682 2533 atterat
725 2470 879 2544 quod
931 2470 1021 2524 est
1069 2463 1332 2529 obvium,
1365 2460 1518 2517 sicut
1565 2458 1842 2526 diximus;
1875 2456 2116 2513 minime

472 2566 654 2639 igitur
684 2566 773 2618 est
802 2560 860 2614 in
893 2560 1105 2611 natura
1126 2550 1371 2615 malum,
1395 2546 1893 2620 quemadmodum
1926 2561 2116 2616 neque

475 2633 538 2712 in
583 2648 949 2709 demonibus
997 2660 1125 2700 esse
1169 2640 1260 2696 vir
1305 2638 1401 2693 hic
1448 2635 1680 2692 divinus
1726 2635 2013 2702 afﬁrmat;
2063 2633 2114 2689 si

473 2746 631 2800 enim
669 2756 785 2796 non
816 2749 1048 2805 semper
1080 2728 1220 2786 mali
1250 2729 1565 2795 dmmones,
1591 2740 1705 2778 non
1736 2727 1875 2778 sunt
1907 2718 2117 2778 natura

475 2832 640 2899 mali,
663 2828 817 2900 quod
840 2824 993 2881 enim
1020 2826 1245 2876 natura:
1266 2818 1439 2882 inest,
1465 2829 1697 2884 semper
1717 2812 1919 2867 eodem
1945 2812 2115 2867 modo

475 2935 537 2976 se
568 2919 765 2973 habet.
797 2907 1229 2970 Demonstravit
1277 2906 1456 2976 igitur
1499 2903 1792 2957 daemones
1822 2904 2116 2970 quatenus

474 3011 614 3064 sunt
640 3009 698 3060 et
726 3000 1065 3071 intelligunt
1093 3011 1159 3051 ac
1187 2993 1389 3049 vivunt
1417 2989 1825 3059 desiderioque
1854 2987 1995 3043 boni
2025 2991 2114 3043 te-

474 3096 708 3163 nentur,
749 3106 866 3145 non
913 3101 1042 3143 esse
1088 3085 1298 3138 natura
1344 3078 1550 3147 malos,
1583 3078 1683 3133 sed
1734 3076 2034 3132 aversione
2079 3092 2114 3132 a

472 3185 647 3250 bono,
683 3181 741 3236 in
774 3195 888 3251 quo
918 3174 1092 3231 etiam
1126 3172 1383 3225 fuerunt.

546 3273 727 3343 Neque
753 3267 875 3340 ipsa
902 3280 1000 3336 per
1037 3276 1092 3317 se
1122 3267 1250 3314 sunt
1278 3259 1447 3312 mala.
1482 3258 1574 3311 Ira
1603 3254 1730 3310 sine
1759 3253 1985 3310 ratione
2014 3269 2115 3325 per

472 3376 556 3427 se,
591 3342 657 3416 ac
688 3372 892 3413 amens
923 3348 1217 3422 cupiditas
1247 3362 1347 3416 per
1376 3362 1458 3410 se,
1483 3349 1659 3414 atque
1690 3358 1944 3413 praeceps
1974 3342 2116 3396 ima-

472 3449 716 3522 ginatio,
738 3461 854 3500 non
888 3455 1128 3513 prorsus
1158 3441 1216 3491 et
1245 3435 1305 3489 in
1336 3432 1611 3489 omnibus
1643 3430 1889 3496 malum,
1913 3446 2116 3485 secun-

471 3520 614 3594 dum
646 3552 713 3591 se
740 3530 1131 3594 considerata;
1165 3524 1283 3579 imo
1324 3521 1676 3595 quandoque
1723 3520 1987 3590 ipsorum
2019 3521 2113 3573 in-

469 3631 680 3686 teritus
734 3626 901 3680 nocet
957 3615 1197 3675 animali
1241 3615 1397 3686 quod
1427 3629 1496 3667 ea
1541 3611 1814 3676 habebat,
1850 3615 1913 3664 ut
1962 3616 2115 3665 recte

469 3718 612 3774 dicit
660 3713 847 3785 capite
895 3707 1146 3781 septimo
1194 3702 1329 3757 libri
1360 3701 1558 3771 hujus.
1593 3700 1765 3754 Recte
1809 3702 2003 3753 autem
2053 3699 2113 3753 in

471 3805 770 3863 habitibus
791 3800 885 3857 bis
906 3792 1232 3854 calumnias
1255 3788 1724 3846 adversariorum
1754 3786 2116 3858 posuit,quia

467 3896 557 3949 ira
586 3893 760 3949 etiam
794 3904 927 3945 cum
962 3884 1185 3940 ratione
1216 3878 1616 3949 coniungitur,
1641 3876 1792 3931 sicut
1823 3892 1949 3947 quae
1982 3892 2114 3930 con-

468 3987 563 4038 tra
593 3983 921 4051 peccatum,
948 3979 1006 4029 et
1037 3972 1316 4027 adversus
1348 3967 1447 4022 Dei
1482 3967 1699 4032 hostes,
1728 3981 1794 4020 ac
1824 3964 2113 4033 cupiditas

470 4070 627 4126 156
658 4066 1021 4138 prudens,ut
1048 4061 1106 4113 id
1140 4059 1293 4127 quod
1340 4054 1554 4110 melius
1601 4058 1689 4108 est
1735 4069 1974 4124 cupere;
2007 4058 2064 4108 et
2095 4069 2109 4109 τ

471 4156 750 4214 Desiderio
796 4149 1102 4206 desideravi
1147 4146 1246 4199 hoc
1298 4142 1504 4213 pascha
1552 4147 1887 4196 manducare
1934 4141 2109 4196 vobis-

468 4244 740 4315 cum(n):
780 4241 866 4296 ita
911 4237 1089 4293 etiam
1138 4236 1227 4288 est
1274 4230 1619 4302 imaginatio
1669 4245 1784 4283 non
1834 4246 2108 4300 praeceps.

467 4352 582 4406 qua
602 4325 1001 4401 intelligibilia
1018 4320 1540 4395 apprehendimus,
1564 4317 1673 4373 hoc
1695 4321 1889 4372 mente
1912 4322 2111 4373 nostra

469 4425 768 4479 facientes.

2239 492 2296 550 δὲ
2345 497 2538 583 ἀγαθὸν
2594 498 2847 574 πρόσεστι
2905 504 3020 562 τοῖς
3077 500 3197 554 οὖσι
3253 522 3381 557 κατα
3428 504 3602 583 φύσιν
3652 511 3796 583 πολλή

2234 584 2410 640 τοίνυν
2444 582 2696 663 διαφορά.

2307 676 2429 731 Τῶν
2489 674 2647 729 θείων
2700 675 2914 751 ἀγαθῶν
2970 673 3171 747 ἕξεως.
3233 678 3529 751 Σημείωσαι
3580 683 3633 739 τὸ
3677 682 3801 757 ’ἕξεως

2235 762 2325 817 καὶ
2373 761 2660 839 ἐνεργείας·
2711 762 2828 819 ἰδοὺ
2877 766 2982 841 γὰρ
3029 767 3090 835 ἣν
3135 773 3360 842 προεῖπε
3398 766 3624 844 δύναμιν,
3649 776 3803 845 ταύτην

2233 854 2324 904 νῦν
2355 848 2460 922 ἕξιν
2490 852 2675 930 φησὶν,
2708 853 2783 916 ὡς
2814 854 3234 929 ἡρμηνεύσαμεν
3268 860 3289 892 ²
3315 856 3364 910 ἐν
3393 865 3499 922 τοῖς
3529 860 3742 938 ἀνωτέρω
3764 865 3802 920 ἐν

2231 943 2299 1013 τῇ
2335 940 2544 1017 μεγάλῃ
2576 947 2899 1020 παραγραφῇ
2910 986 2922 999 .

2302 1028 2533 1098 Οὐκοῦν,
2567 1031 2611 1086 εί
2643 1032 2742 1087 ἀεί·
2775 1034 2898 1089 ’Ότι
2932 1031 2993 1088 οὗ
3036 1034 3209 1105 πάντη
3263 1035 3477 1112 ἄμοιροι
3519 1037 3565 1092 οἱ
3605 1036 3807 1113 δαίμονες

2230 1116 2329 1172 τοῦ
2356 1119 2577 1193 ἀγαθοῦ.

2302 1210 2379 1266 Τὸ
2408 1210 2512 1287 γὰρ
2561 1210 2640 1266 ἀεὶ
2692 1210 2909 1267 ταύτόν.
2960 1214 3083 1271 Ὅτι
3131 1214 3192 1269 τὸ
3242 1214 3323 1271 ἀεὶ
3364 1216 3568 1287 ταύτὸν,
3596 1216 3712 1275 ἴδιον
3737 1225 3808 1275 τοῦ

2232 1297 2454 1371 ἀγαθοῦ.

2302 1386 2469 1443 Κακοὶ
2524 1383 2581 1442 δὲ
2638 1388 2793 1445 εῖναι.
2845 1389 2943 1445 Διά
2974 1389 3026 1445 τί
3071 1392 3228 1447 κακοὶ
3278 1390 3517 1468 λέγονται
3570 1395 3617 1450 οἱ
3663 1393 3814 1469 δαίμο·

2227 1494 2315 1539 νες
2346 1494 2359 1543 ;

2302 1564 2501 1625 Δῦτοῖς
2551 1559 2790 1629 ἔκϐασις.
2864 1562 3121 1624 ’Έκόασιν
3196 1569 3296 1640 τὴν
3370 1572 3691 1647 ἀναχώρησιν
3744 1577 3815 1627 τοῦ

2228 1651 2564 1726 ἁρμόζοντος
2599 1653 2767 1730 λέγει’
2813 1655 3055 1712 ἀτέλειαν
3110 1655 3168 1713 δὲ
3215 1659 3313 1728 τὴν
3358 1661 3450 1715 τοῦ
3485 1659 3696 1729 τελείου,
3721 1658 3816 1730 ἤτοι

2227 1748 2328 1811 τῆς
2351 1722 2698 1814 τελειότητος
2728 1746 2828 1813 τὴν
2857 1743 3125 1818 ἔλλειψιν.
3271 1722 3281 1728 ⁷
3683 1722 3694 1729 1
3741 1722 3749 1730 1

2301 1831 2575 1886 Φαντασία
2621 1836 2919 1908 προπετής.
2970 1834 3033 1890 Τί
3082 1834 3192 1890 ἐστι
3245 1837 3523 1914 φαντασία,
3569 1839 3615 1893 ἐν
3659 1839 3820 1914 πρώτῳ

2224 1919 2506 1993 κεφαλαίῳ
2538 1918 2656 1976 εἷ’πο
2666 1942 2784 1995 μεν.
3954 1914 3955 1995 ί

2299 1938 2506 1993 pultatq)
2538 1938 2784 1995 εἴπομεν.

2299 2007 2472 2113 Ἀλλά
2524 2014 2710 2113 ταῦτα.
2755 2008 3033 2113 Ἰδοὺὶκαὶ
3073 2013 3239 2113 ἔτερα
3287 2014 3576 2113 λύσιςῃτοῦ
3623 2017 3691 2089 μή
3720 2016 3821 2113 εἶναι

2223 2096 2287 2151 τὸ
2342 2099 2529 2170 κακὸν,
2590 2098 2744 2173 φύσει
2802 2102 3007 2171 κακὸν,
3062 2100 3208 2158 ἀλλά
3263 2106 3401 2160 κατά
3455 2100 3696 2160 ἔκπτωσιν
3744 2109 3817 2158 τοῦ

2224 2185 2451 2259 ἀγαθοῦ·
2506 2189 2568 2242 τὸ
2626 2189 2730 2262 γὰρ
2779 2188 2830 2244 ἐν
2886 2193 3041 2264 φύσει
3092 2192 3148 2246 ὃν
3200 2192 3277 2248 ἀεὶ
3314 2192 3567 2256 ὡσαύτως
3604 2188 3816 2268 ἔχει,καὶ

2226 2274 2287 2330 οὐ
2319 2270 2739 2345 καταϐάλλεται,
2783 2277 2962 2355 ὥσπερ
3013 2279 3141 2336 αὐτὸ
3186 2283 3249 2337 τὸ
3280 2282 3499 2357 ἀγαθόν·
3530 2288 3589 2337 τὸ
3616 2280 3668 2337 δὶ
3687 2282 3819 2336 κακὸν

2224 2360 2448 2419 ἄστατον
2496 2364 2658 2436 ἐστιν,
2704 2364 2893 2436 ἐπειδὴ
2943 2368 3146 2445 φθείρει
3194 2369 3283 2424 καὶ
3334 2369 3554 2426 ἀλλοιοῖ
3596 2371 3650 2424 τὸ
3684 2390 3821 2441 apoc-

2223 2454 2411 2527 τυχὸν,
2443 2452 2758 2528 ὠςε”πομεν
2791 2454 2920 2514 ἄνω.
2955 2457 3164 2514 Οὐκοῦν
3196 2458 3295 2514 οὐκ
3337 2459 3389 2515 ἐν
3422 2460 3568 2537 φ’ἇσει
3596 2461 3651 2514 τὸ
3671 2457 3821 2523 κακὸν,

2225 2537 2403 2616 ὥσπερ
2456 2542 2543 2597 ἐπὶ
2591 2549 2698 2599 τῶν
2737 2542 3012 2618 δαιμόνων
3063 2548 3223 2616 φησὶν
3275 2550 3302 2603 ὁ
3356 2551 3500 2611 θεῖος
3531 2549 3675 2611 οὗτος
3700 2547 3823 2616 ἀνήρ·

2225 2630 2270 2685 εἱ
2319 2631 2421 2706 γὰρ
2472 2631 2571 2687 οὐκ
2616 2633 2696 2687 ἀεὶ
2749 2633 2907 2688 κακοὶ
2956 2636 3007 2689 οἱ
3054 2633 3337 2709 δαίμονες,
3390 2637 3451 2692 οὐ
3500 2637 3642 2715 φύσει
3682 2634 3823 2689 κακοί·

2222 2720 2285 2773 τὸ
2313 2720 2414 2795 γὰρ
2445 2718 2495 2773 ἐν
2528 2719 2681 2797 φύσει
2732 2719 2790 2776 ὃν
2841 2723 2921 2777 ἀεὶ
2953 2723 3211 2787 ὡσαύτως
3246 2721 3387 2800 ἔχει.
3429 2723 3712 2794 Ἀπέὂειξεν
3738 2722 3828 2789 οὖν,

2226 2808 2308 2861 ὅτι
2337 2807 2427 2862 καὶ
2460 2805 2714 2881 δαίμονες
2741 2811 2873 2865 καθὸ
2904 2811 3029 2879 εἰσὶ,
3070 2812 3159 2867 καὶ
3208 2818 3421 2882 νοοῦσι,
3459 2814 3548 2868 καὶ
3598 2818 3733 2882 ζῶσι,
3758 2811 3828 2864 καὶ

2225 2892 2399 2971 ἔφεσιν
2460 2894 2648 2972 ἔχουσι
2705 2902 2800 2953 τοῦ
2859 2901 3084 2974 ἂγαθοῦ,
3146 2900 3244 2956 οὐκ
3300 2903 3407 2957 εἰσί
3468 2901 3614 2979 φύσει
3659 2898 3830 2966 κακοὶ,

2225 2982 2371 3038 ἀλλὰ
2436 2986 2570 3040 κατὰ
2632 2991 2987 3062 παρατροπὴν
3069 2992 3168 3043 τοῦ
3232 2989 3488 3061 ἀγαθοῦ,
3554 2990 3605 3045 ἐν
3671 2989 3713 3060 ᾧ
3762 2984 3831 3040 καὶ

2222 3069 2485 3147 ἐγένοντο.

2295 3256 2372 3327 [α]
2438 3250 2577 3310 Οὐδὲ
2637 3252 2772 3308 αὖτά
2842 3255 2961 3309 καθ’
3031 3255 3165 3311 αὑτά
3232 3258 3376 3313 κακά
3409 3300 3422 3313 .
3480 3258 3540 3314 Ὁ
3607 3254 3761 3329 θυμὸς
3814 3252 3836 3305 δ

2223 3340 2428 3417 ἄλογος
2470 3344 2589 3398 καθ’
2637 3343 2845 3414 ἑαυτὸν,
2904 3344 2993 3398 καὶ
3041 3341 3266 3415 ἠόἷνους
3314 3345 3579 3419 ἐπιθυμία
3604 3345 3714 3408 καθ’
3740 3341 3836 3397 ἐαυ-

2222 3433 2344 3498 τήν,
2377 3432 2464 3486 καὶ
2512 3432 2546 3501 ἠ
2593 3433 2872 3507 προπετὴς
2922 3433 3202 3506 φαντασία,
3265 3434 3328 3489 οὐ
3390 3436 3603 3497 πάντως
3646 3432 3727 3488 καὶ
3770 3427 3840 3484 ἐπὶ

2223 3522 2437 3575 πάντων
2471 3520 2653 3589 κακὸν,
2697 3522 2814 3580 καθ’
2861 3521 3021 3576 ἑαυτά
3072 3522 3444 3596 σκοπούμενα,
3495 3521 3617 3579 ἀλλ’
3648 3516 3748 3584 ἔσθ’
3771 3518 3840 3572 ὅτε

2222 3609 2311 3664 καὶ
2361 3611 2394 3679 ἧ
2441 3609 2704 3684 ἀναίρεσις
2750 3609 2926 3665 αὐτῶν
2967 3608 3287 3682 λυμαίνεται
3333 3618 3416 3685 τῷ
3475 3617 3641 3667 ταῦτα
3687 3608 3844 3684 ἔχοντι

2227 3699 2369 3771 ζώῳ,
2402 3693 2475 3760 ὤς
2520 3719 2650 3775 φησι
2704 3696 2927 3760 τελείως
2975 3698 3026 3753 ἐν
3074 3705 3155 3772 τῷ
3210 3706 3249 3769 ζ’
3297 3701 3585 3779 κεφαλαίῳ
3629 3696 3846 3754 τούτου³

2220 3791 2318 3840 τοῦ
2349 3784 2537 3861 λόγου.
2574 3784 2764 3847 Καλῶς
2786 3784 2841 3840 δὲ
2872 3787 2923 3841 ἒν
2952 3792 3072 3849 ταῖς
3127 3789 3343 3863 σχέσεσι
3393 3789 3614 3849 ταύταις
3657 3787 3721 3842 τὰ
3745 3783 3843 3840 δια-

2222 3871 2500 3931 ϐάλλοντα
2547 3877 2802 3943 τέθεικεν,
2837 3875 2950 3931 ἐπεί
2993 3876 3103 3932 ἐστι
3152 3878 3242 3933 καὶ
3293 3880 3470 3951 θυμὸς
3521 3878 3655 3950 μετά
3684 3875 3845 3950 λόγου,

2222 3965 2296 4026 ὡς
2338 3964 2364 4018 ὀ
2418 3964 2552 4018 κατά
2598 3970 2698 4033 τῆς
2748 3964 3032 4039 ἁμαρτίας,
3077 3965 3168 4020 καὶ
3215 3969 3353 4021 κατὰ
3394 3972 3509 4022 τῶν
3540 3968 3741 4041 ἐχθρῶν
3768 3963 3847 4016 τοῦ

2222 4058 2375 4108 Θεοῦο
2434 4052 2522 4107 καὶ
2581 4054 2842 4124 ἐπιθυμία
2908 4050 3109 4123 ἔννους,
3169 4055 3241 4117 ὠς
3296 4057 3360 4110 τὸ
3418 4057 3700 4129 ὲπιθυμεῖν
3770 4053 3851 4105 τοῦ

2225 4140 2535 4216 βελτίονος·
2611 4141 2701 4194 καὶ
2770 4140 2868 4194 τό·
2939 4140 3233 4214 Ἐπιθυμίᾳ
3300 4142 3624 4216 ἐπεθύμησα
3689 4142 3849 4218 φαγεῖν

2217 4231 2279 4283 τὸ
2327 4229 2513 4304 πάσχα
2566 4232 2727 4283 τοῦτο
2783 4229 2896 4300 μεθ’
2943 4229 3094 4301 ὑμῶν
3123 4274 3136 4287 .
3184 4229 3375 4295 Οὕτως
3434 4231 3548 4287 ἑστί
3592 4229 3679 4286 καὶ
3743 4248 3851 4306 φαν-

2216 4318 2373 4373 τασία
2403 4320 2467 4372 οὐ
2494 4319 2794 4392 προπετὴς,
2834 4319 2949 4372 καθ’
2992 4319 3052 4387 ἢν
3096 4320 3451 4397 ὲφαπτόμεθα
3498 4326 3611 4376 τῶν
3642 4321 3852 4389 νοητῶν,

2216 4413 2294 4480 τῷ
2322 4414 2400 4481 νῷ
2426 4409 2585 4481 ἡμῶν
2616 4412 2778 4463 τοῦτο
2808 4412 3111 4472 ποιοῦντες.

539 4514 654 4568 Non
684 4508 924 4579 afectio,
953 4508 1049 4558 Gr.
1081 4502 1116 4569 ἡ
1151 4495 1356 4572 σχέσις.
1393 4494 1589 4569 Σχέσιν
1641 4493 1911 4550 habitum
1942 4499 2109 4551 vocat

2287 4499 2410 4575 Οὐχ
2454 4501 2489 4570 ἠ
2536 4498 2738 4574 σχὲσις.
2793 4498 2991 4574 Σχὶσιν
3056 4502 3149 4573 μὲν
3205 4523 3367 4578 φησιν
3418 4502 3556 4557 αὐτὸ
3603 4502 3665 4556 τὸ
3727 4494 3855 4572 ἔχειν

466 4603 654 4672 ipsam
688 4611 923 4669 quoquo
954 4592 1125 4647 modo
1159 4586 1617 4659 possessionem;
1652 4600 1780 4654 quas
1811 4600 1942 4639 vero
1972 4590 2106 4639 ante

467 4690 644 4757 dicta,
676 4687 784 4751 ira,
810 4685 1073 4753 inquam,
1099 4682 1156 4733 et
1190 4693 1320 4747 quae
1358 4675 1674 4740 conjuncta
1705 4673 1959 4741 fuerunt,
1994 4674 2109 4729 vim

466 4779 684 4833 habent
723 4768 1119 4829 constituendi
1165 4763 1509 4819 animalium
1555 4763 1944 4832 quorumdam
1980 4779 2111 4833 pro-

465 4867 776 4939 prietatem
808 4867 865 4916 et
894 4862 953 4913 in
986 4873 1052 4912 eo
1083 4854 1223 4909 talia
1254 4869 1368 4907 non
1402 4856 1541 4939 sunt
1570 4851 1815 4905 malum.

538 4952 643 5010 Sed
671 4954 947 5024 quatenus
975 4962 1090 5000 non
1134 4951 1229 4999 est.
1260 4937 1738 4995 Subaudiendum
1770 4938 1905 4990 κατά
1934 4937 2112 5014 φύσιν,

465 5043 767 5099 secundum
793 5044 1074 5095 naturam.

536 5137 836 5201 Nunquam
873 5127 1040 5198 ipsas.
1074 5123 1157 5178 En
1189 5120 1343 5177 clare
1391 5116 1501 5173 hoc
1547 5114 1673 5171 loco
1703 5113 1865 5182 dicit,
1899 5115 2113 5174 daemo-

536 5305 621 5376 (n)
651 5303 788 5360 Luc.
821 5318 916 5371 xx,
952 5302 1040 5357 15.

536 5589 558 5622 2
585 5586 691 5662 πρὸ
726 5582 944 5657 μικροῦ,
1021 5580 1042 5614 3
1083 5578 1180 5631 τοῦ
1217 5567 1615 5649 προϐλήματος
1655 5570 1878 5631 τούτου.

2216 4587 2425 4651 ἁπλῶς*
2473 4587 2539 4640 τὰ
2605 4584 2662 4640 δὲ
2708 4582 3101 4662 προειρημένα,
3146 4585 3289 4664 λέγω
3331 4586 3399 4658 δὴ
3463 4589 3643 4663 θυμὸς
3680 4586 3766 4643 καὶ
3807 4583 3863 4638 τὰ

2222 4677 2561 4749 συνημμένα,
2613 4681 2712 4744 τῆς
2772 4672 2823 4730 ἕν
2874 4696 2983 4729 τισι
3027 4678 3187 4745 ζώοις
3223 4675 3511 4749 ἰδιότητος
3567 4675 3858 4733 συστατικαί

2223 4764 2478 4838 δυνάμεις
2521 4764 2643 4835 eici,
2689 4764 2779 4818 καὶ
2832 4764 2967 4819 κατᾶ
3016 4771 3179 4821 τοῦτο
3205 4766 3266 4821 οὐ
3317 4770 3491 4823 κακὸν
3536 4771 3608 4824 τὰ
3639 4766 3863 4823 τοιαῦτα.

2295 4941 2451 5000 Ἀλλ’
2574 4941 2673 4996 οὐκ
2708 4936 2840 4999 ἔστι.
2882 4942 3033 5000 Κατά
3069 4949 3257 5000 κοινοῦ
3294 4945 3356 4999 τὸ
3396 4948 3543 5002 κατὰ
3584 4945 3764 5025 φύσιν.

2294 5123 2370 5196 [γ]
2437 5121 2512 5175 οὗ
2596 5120 2811 5190 μήποτε
2878 5118 3040 5184 αὐτάς
3074 5162 3087 5179 ο
3157 5119 3296 5178 Ἰδοὺ
3378 5122 3624 5192 ἓνταῧθα
3704 5123 3878 5201 σαφῶς

1465 5419 1703 5478 νΑΒΙΔι
1743 5420 2136 5483 LEGTIONES
2174 5424 2262 5483 ET
2299 5425 2862 5490 CORRECTIONES.
