4000 6200
404 303 512 356 295

1213 297 1575 349 APPENDIX
1615 295 1712 344 AD
1751 293 1989 346 OPERA
2029 293 2087 343 Β.
2129 291 2447 347 DIONYBII
2489 295 2995 352 AREOPAGITE.
3700 301 3810 353 296

405 429 731 486 secundum
762 430 1031 480 naturam
1063 419 1446 494 operationis;
1479 435 1613 490 ergo
1645 417 1914 488 quamvis
1945 432 2032 471 ex-

2174 417 2212 468 ὶν
2259 415 2436 488 σκότῳ
2488 415 2710 491 βλέπειν
2760 418 3081 493 κωλυομένη
3131 422 3320 496 ψυχή,
3372 445 3600 492 ποιησει
3651 427 3809 482 κακά.

404 519 695 574 trinsecus
735 516 837 570 ﬁat
883 511 1396 583 impedimentum,
1428 506 1814 563 nihilominus
1847 512 2041 561 tamen

405 609 600 661 anima
622 603 780 659 velut
814 603 871 657 in
895 600 1151 656 tenebris
1171 599 1366 653 videre
1396 596 1711 669 prohibita,
1737 595 1892 650 mala
1921 612 2046 666 per-

400 693 676 766 petrabit.
725 692 809 746 Ad
864 691 1015 762 quod
1069 689 1408 755 dicendum,
1458 702 1526 741 ex
1574 686 1743 741 dictis
1791 682 2042 739 inveniri

400 781 888 854 impedimentum
919 793 1047 833 esse
1079 777 1214 832 mali
1247 776 1598 844 etl‘ectivum,
1632 791 1746 830 non
1780 788 1912 827 vero
1945 789 2044 844 per

399 888 462 926 se
495 870 739 925 malum.
776 867 996 924 Malitia
1026 867 1181 922 enim
1229 882 1344 920 non
1377 869 1463 920 est
1506 864 1763 935 primum
1798 861 2041 930 malum,

399 960 500 1016 sed
536 957 758 1030 species
801 956 961 1024 mali,
995 956 1146 1010 sicut
1175 954 1362 1010 virtus
1405 958 1495 1008 est
1543 952 1684 1024 quid
1715 951 1786 1008 ad
1821 951 2042 1007 bonum

402 1049 711 1118 adjuvans,
743 1063 854 1101 non
890 1045 1146 1117 primum
1182 1045 1422 1098 bonum.

475 1136 643 1205 Quasi
689 1134 908 1189 malum
938 1134 1010 1190 sit
1039 1149 1121 1188 res
1166 1133 1379 1202 aliqua.
1415 1132 1474 1186 Id
1507 1134 1616 1196 est,
1651 1127 1872 1183 malum
1926 1145 2041 1182 non

398 1230 485 1282 est
517 1227 778 1297 quasdam
811 1223 1089 1287 essentia,
1120 1221 1262 1293 quin
1296 1236 1484 1290 neque
1534 1219 1593 1272 in
1644 1218 1818 1273 rebus
1845 1217 1914 1272 ad
1947 1233 2042 1272 es-

397 1314 647 1370 sentiam
695 1311 1125 1385 pertinentibus
1175 1309 1456 1375 cernitur,
1489 1313 1769 1379 tanquam
1817 1305 2040 1376 aliquid

397 1405 548 1475 quod
595 1404 742 1458 hanc
777 1399 1067 1472 complere
1111 1397 1320 1468 valeat,
1352 1397 1505 1453 sicut
1546 1396 1731 1450 virtus
1765 1400 1818 1450 et
1848 1395 2041 1450 efﬁca-

397 1494 484 1550 cia
518 1491 770 1558 malum;
805 1507 871 1544 ac
903 1506 1043 1544 sane
1083 1489 1141 1542 in
1184 1486 1288 1542 tali
1336 1484 1635 1542 sententiae
1684 1484 2042 1556 expositione

394 1583 708 1636 universus
758 1578 949 1635 Patris
1003 1579 1156 1632 circa
1209 1577 1316 1632 hoc
1365 1579 1778 1648 argumentum
1828 1590 2040 1646 scepus

395 1671 644 1725 videtur.

465 1759 569 1816 Sed
600 1765 661 1812 ut
688 1757 948 1826 delectus.
982 1754 1282 1820 Quomodo
1315 1752 1536 1808 malum
1566 1750 1948 1824 intelligatur.

463 1849 490 1922 Ξ
525 1847 684 1902 XXV.
724 1847 918 1901 Verum
948 1862 1046 1899 nec
1093 1844 1150 1898 in
1198 1841 1556 1897 animalibus.
1589 1841 1786 1911 Neque
1820 1841 1874 1894 in
1909 1839 2034 1895 ani-

395 1935 649 1991 malibus
681 1933 922 1989 rationis
955 1931 1288 2004 expertibus
1322 1929 1542 1984 malum
1577 1945 1723 1996 esse,
1758 1929 2034 2000 quoniam

395 2045 508 2084 non
543 2032 682 2082 sunt
713 2031 919 2080 natura
953 2025 1129 2089 mala,
1153 2022 1293 2094 quin
1320 2036 1508 2092 neque
1534 2019 1770 2074 illorum
1800 2019 2036 2074 habitus

393 2117 554 2188 mali,
586 2116 766 2172 veluti
797 2116 904 2179 ira,
937 2113 1250 2184 cupiditas,
1282 2110 1624 2182 imaginatio
1657 2125 1932 2181 praeceps.

465 2208 525 2262 Si
580 2206 729 2262 enim
784 2204 1090 2260 sustuleris.
1127 2199 1561 2258 Irrationalium
1612 2198 1851 2255 habitus
1907 2214 2034 2254 esse

396 2295 716 2363 naturales,
750 2294 901 2349 sicut
940 2291 1090 2348 leoni
1123 2296 1180 2346 et
1211 2289 1519 2362 reptilibus
1563 2288 1670 2353 ira,
1703 2292 1758 2342 et
1787 2287 2034 2342 canibus

391 2385 646 2441 latrandi
705 2383 980 2449 facultas;
1037 2381 1190 2437 unde
1247 2384 1312 2434 ut
1363 2377 1677 2434 naturalem
1729 2393 1841 2432 non
1894 2381 2036 2432 sunt

395 2473 558 2530 mali.

465 2565 495 2636 §
525 2563 725 2618 XXVI.
757 2561 866 2618 Sed
893 2576 1064 2631 neque
1094 2560 1153 2614 in
1181 2563 1314 2614 toto.
1346 2557 1566 2612 Natura
1596 2558 1684 2611 est
1714 2552 2034 2610 habitualis

394 2671 488 2709 ars
523 2653 715 2708 divina
748 2652 817 2706 ad
849 2649 1284 2722 generationem
1318 2646 1714 2719 progrediens,
1745 2645 1910 2715 cujus
1943 2643 2033 2698 di-

392 2743 537 2797 vina:
588 2743 729 2796 artis
779 2740 1040 2804 effectus,
1094 2737 1236 2794 158
1289 2736 1498 2808 planta:
1551 2739 1606 2789 et
1655 2732 1932 2788 animalia
1979 2737 2035 2787 et

394 2831 642 2900 fructus,
667 2829 1207 2898 elementorumque
1239 2826 1390 2880 inter
1411 2840 1471 2879 se
1500 2822 1872 2890 mutationes,
1897 2827 1953 2876 et
1973 2821 2031 2876 in

393 2919 728 2974 universum
755 2915 1010 2972 essentia
1040 2915 1366 2970 secundum
1392 2912 1646 2983 seipsam
1669 2927 1870 2965 eorum
1905 2912 2032 2981 quas

389 3009 812 3079 producuntur,
837 3022 960 3075 quae
987 3009 1076 3060 est
1106 3003 1460 3076 principium
1507 3005 1702 3055 motus
1731 3003 1788 3054 et
1817 3003 2031 3054 status.

392 3096 557 3151 Sicut
597 3095 772 3166 igitur
801 3095 857 3149 in
888 3093 960 3149 iis
991 3092 1092 3163 qui
1137 3108 1329 3148 ceram
1361 3091 1516 3146 varie
1566 3090 1814 3160 fingunt,
1849 3092 2030 3142 artes-

389 3201 502 3255 que
534 3157 791 3255 ﬁngendi
840 3157 1130 3247 exercent,
1165 3197 1402 3236 necesse
1451 3183 1539 3234 est
1585 3157 1807 3248 aliquid
1849 3175 2029 3231 inhze-
2061 3157 2103 3224 C

389 3289 536 3339 rere,
572 3273 629 3326 id
662 3276 752 3327 est
785 3271 1068 3326 rationem
1103 3268 1456 3325 ac'mentem
1490 3284 1618 3338 quae
1671 3283 1772 3337 per
1822 3281 2034 3321 manus

388 3378 496 3416 sua
526 3361 798 3432 exprimit
827 3376 1029 3430 opera;
1063 3358 1147 3412 sic
1177 3357 1354 3412 etiam
1396 3358 1453 3410 in
1489 3356 1891 3411 universorum
1925 3370 2033 3408 na-

388 3454 540 3513 tura,
573 3448 790 3521 aliquid
827 3449 882 3502 in
919 3447 1062 3517 ipsis
1116 3454 1332 3514 manet,
1368 3445 1421 3498 id
1456 3450 1546 3500 est
1577 3445 1763 3498 virtus
1811 3460 1910 3497 seu
1947 3443 2030 3496 fa-

386 3538 594 3604 cultas,
628 3555 742 3592 non
777 3537 1050 3592 manibus
1082 3551 1352 3606 operans,
1377 3535 1477 3589 sed
1511 3533 1780 3587 voluntas
1811 3536 1870 3586 et
1901 3548 2032 3585 con-

385 3627 585 3682 silium
626 3626 746 3692 Dei,
781 3625 1161 3698 progrediens
1191 3623 1352 3678 velut
1399 3640 1496 3678 are
1545 3622 1614 3676 ad
1667 3637 1867 3676 eorum
1902 3636 2030 3690 quae

385 3716 658 3770 oriuntur
694 3713 1164 3787 generationem;
1201 3717 1408 3766 natura
1438 3711 1592 3766 enim
1647 3727 1758 3764 non
1808 3709 2032 3777 indiget

382 3805 740 3875 quibusdam
776 3803 1175 3869 manentibus,
1209 3801 1340 3856 aliis
1387 3817 1518 3855 vero
1554 3804 1618 3854 ut
1649 3799 1857 3865 motis;
1893 3815 2028 3851 nam

382 3893 628 3948 materia
663 3897 751 3948 est
803 3909 932 3964 quae
978 3891 1037 3946 in
1091 3890 1468 3962 generatione
1519 3892 1804 3955 movetur,
1840 3887 2028 3957 ipsam

381 3988 578 4035 autem
631 3996 891 4047 movens,
923 3980 1163 4034 verbum
1221 3986 1306 4032 est
1357 3994 1457 4032 seu
1510 3977 1656 4031 ratio
1710 3974 2029 4030 immobilis

382 4083 510 4136 quae
543 4072 631 4121 est
669 4069 727 4120 in
779 4073 920 4132 toto,
954 4069 1107 4136 quod
1140 4072 1230 4121 est
1261 4082 1356 4119 ars
1406 4065 1622 4128 divina,
1649 4080 1824 4134 quam
1877 4063 2028 4118 dixi-

384 4171 520 4208 mus
552 4160 847 4222 naturam,
882 4155 1070 4207 forma
1099 4155 1410 4218 exsistens,
1444 4169 1558 4206 non
1589 4168 1721 4206 Vero
1753 4169 1821 4206 ex
1853 4157 2029 4206 mate-

385 4243 472 4296 ria
520 4247 577 4297 et
625 4242 840 4307 forma;
874 4240 1016 4310 quid
1077 4240 1233 4294 enim
1297 4239 1379 4292 illi
1427 4255 1576 4309 opus
1633 4244 1722 4293 est
1777 4238 2029 4293 materias

382 4329 582 4384 calidas
640 4333 742 4383 aut
800 4329 1060 4400 frigidas?
1109 4331 1302 4381 creata
1354 4327 1557 4395 utique
1605 4327 1869 4392 materia,
1922 4326 2029 4382 hoc

380 4418 495 4472 fert
525 4418 582 4471 in
617 4418 839 4487 seipse;
877 4433 988 4472 non
1024 4415 1182 4470 enim
1221 4415 1416 4487 ignem
1467 4415 1741 4470 accedere
1793 4431 2030 4470 necesse

2153 504 2294 579 Πρὸς
2342 505 2369 558 ὃ
2417 504 2658 575 λεκτέον,
2692 507 2772 563 ὅτι
2824 508 2883 563 ἐκ
2927 515 3034 564 τῶν
3085 509 3388 584 εἰρημένων
3447 512 3752 589 εὑρίσκεται
3787 517 3813 569 ὁ

2152 591 2495 666 ἐμποδισμὸς
2545 597 2830 665 ποιητικὸν
2881 603 3070 668 κακοῦ,
3129 599 3191 653 οὐ
3241 600 3346 672 μὴν
3395 601 3717 657 αύτόκακοψ
3751 603 3812 658 ού

2151 683 2254 756 γὰρ
2286 685 2318 752 ἡ
2351 685 2515 739 κακία
2567 689 2782 757 πρῶτον
2836 688 3022 755 κακὸν,
3058 685 3184 743 ἀλλ’
3217 686 3355 750 εἶδος
3401 695 3594 760 κακοῦ,
3629 691 3813 767 ὥσπερ

2151 772 2184 840 ἡ
2221 772 2382 846 ἀρετὴ
2417 774 2674 850 συνεργόν
2705 777 2757 828 τί
2808 775 2917 831 ἐστι
2967 777 3103 853 πρὸς
3134 778 3354 851 ἀγαθὸν,
3389 778 3544 834 οῦτοι
3592 787 3814 855 πρῶτον

2153 858 2375 935 ἀγαθόν.

2223 1132 2298 1203 [γ]
2348 1131 2425 1186 Τὸ
2477 1133 2662 1204 κακὸν,
2714 1131 2788 1193 ὡς
2836 1133 2893 1187 ’ὸν
2944 1133 3129 1190 κακόν.
3179 1136 3466 1190 Τουτέστιν
3514 1137 3615 1191 οῦκ
3664 1139 3824 1193 οὐσία

2147 1238 2230 1279 τις
2259 1219 2321 1272 τὸ
2351 1219 2536 1292 κακὸν,
2570 1217 2697 1279 ἀλλῖ
2727 1218 2852 1276 οὐδὲ
2907 1221 2958 1276 ἐν
3000 1228 3118 1284 τοῖς
3165 1225 3280 1278 κατ’
3333 1223 3518 1279 οὐσίαν
3575 1225 3697 1280 οῦσι
3741 1229 3820 1289 ὡς

2150 1307 2614 1384 συμπληρωτικὸν
2669 1309 2870 1380 ταύτης
2931 1311 3140 1386 ὁρᾶται,
3203 1313 3382 1388 ὥσπερ
3434 1311 3669 1386 δύναμις
3725 1318 3819 1369 καὶ

2149 1394 2389 1472 ἐνέργεια
2427 1399 2488 1452 τὸ
2546 1398 2729 1452 κακόνο
2785 1399 2874 1452 καὶ
2925 1417 3058 1474 προς
3108 1402 3207 1470 τήν
3256 1401 3512 1472 τοιαύτην
3562 1411 3663 1472 τῆς
3726 1404 3820 1458 έν-

2147 1485 2300 1548 νοίας
2330 1484 2589 1541 ἀπόδοσιν
2625 1489 2785 1549 ὁπᾶς
2832 1488 2954 1564 περῖ
3003 1488 3198 1544 τούτου
3250 1491 3450 1554 σκοπὸς
3491 1493 3681 1566 ὁρᾶται
3716 1499 3818 1548 τοῦ

2151 1575 2381 1651 Πατρός.

2221 1753 2382 1810 Ἀλλ’
2404 1755 2477 1817 ὡς
2506 1751 2770 1829 ἔλλειψις.
2806 1761 2929 1817 Πῶς
2959 1763 3156 1812 νοεῖται
3185 1758 3248 1812 τὸ
3279 1759 3462 1814 κακόν.

2218 1841 2291 1916 [δ]
2341 1849 2368 1914 §
2424 1846 2582 1902 XXV.
2645 1843 2798 1902 Ἀλλ’
2859 1843 2974 1900 οὐδ’
3031 1845 3081 1901 ἐν
3144 1848 3330 1914 ζώοις.
3387 1849 3510 1905 ’Ὁτι
3567 1847 3695 1904 οὔτε
3760 1849 3817 1904 ἐν

2149 1934 2308 2002 ζώοις
2340 1932 2561 2008 ἀλόγοις
2611 1933 2720 1989 ἐστὶ
2769 1935 2831 1989 τὸ
2886 1935 3072 2006 κακὸν,
3124 1935 3238 1990 ἐπεὶ
3291 1938 3428 2008 μήτε
3458 1937 3612 2014 φύσει
3663 1940 3814 1994 κακά

2145 2021 2299 2090 εἷ’σιν,
2333 2021 2457 2076 ἀλλ’
2503 2020 2625 2077 οὔτε
2670 2025 2724 2078 αἱ
2774 2022 2985 2097 σχέσεις
3017 2024 3190 2078 αὐτῶν
3237 2025 3417 2092 κακαὶ,
3450 2029 3564 2080 οἷον
3600 2029 3809 2099 θυμὸς,

2141 2108 2420 2182 ἐπιθυμία,
2455 2110 2718 2188 φαντασία
2750 2115 3049 2186 προπεττςς.

2215 2201 2283 2269 [ε]
2342 2197 2404 2254 Εἰ
2459 2199 2562 2274 γὰρ
2620 2199 2855 2261 ἀνέλοις.
2909 2203 3031 2257 ’Ὁτι
3092 2201 3311 2275 φυσικαί
3369 2203 3500 2256 εἰσιν
3555 2205 3610 2257 αἱ
3668 2207 3808 2280 σχέ-

2142 2307 2250 2348 σεις
2281 2291 2384 2341 τῶν
2435 2286 2676 2362 ἀλόγων,
2728 2289 2906 2360 ὥσπερ
2959 2288 3135 2344 λέοντι
3181 2291 3270 2344 καὶ
3321 2290 3564 2365 ἑρπετοῖς
3616 2294 3644 2347 ὁ
3704 2297 3806 2347 Ou-

2145 2375 2266 2448 μὸς,
2305 2375 2395 2430 καὶ
2444 2377 2562 2430 κυσὶ
2615 2378 2674 2430 τὸ
2729 2375 3038 2432 ἃλακτικόν·
3089 2377 3208 2442 ὅθεν
3259 2379 3332 2440 ὡς
3384 2381 3624 2456 φυσικαὶ,
3670 2380 3810 2437 οὔτε

2141 2465 2298 2519 κακαί
2312 2509 2323 2522 .

2216 2557 2288 2626 [ς]
2323 2555 2569 2628 ΞΧΧνΙ.
2601 2551 2756 2610 Ἀλλ’
2809 2552 2925 2609 οὐδ’
2983 2555 3034 2610 ἐν
3110 2560 3176 2629 τῇ
3238 2554 3371 2631 ὅλῃ.
3459 2557 3628 2620 Φύσις
3687 2559 3810 2614 ἐστὶ

2141 2645 2258 2706 καθ’
2302 2640 2406 2712 ἕξιν
2454 2643 2568 2713 θείᾳ
2611 2643 2778 2717 τέχνῃ
2832 2643 2906 2705 εἷς
2957 2645 3158 2718 γένεσιν
3209 2650 3497 2718 προϊοῦσα,
3539 2648 3605 2715 ἧς
3652 2650 3811 2712 θείας

2139 2731 2341 2806 τέχνης
2388 2733 2453 2786 τὰ
2499 2730 2911 2804 ἀποτελέσματα
2960 2735 3098 2808 φυτά
3145 2755 3202 2788 τε
3249 2736 3337 2788 καὶ
3386 2741 3496 2803 ζῶα
3540 2737 3631 2790 καὶ
3663 2759 3808 2812 καρ-

2140 2820 2234 2874 ποὶ
2264 2821 2353 2875 καὶ
2401 2826 2506 2875 τῶν
2567 2823 2858 2895 στοιχείων
2919 2821 2995 2885 εἷς
3047 2820 3270 2892 ἄλληλα
3326 2819 3647 2895 μεταϐολαὶ,
3706 2832 3805 2881 καὶ

2141 2908 2286 2969 ὅλως
2340 2910 2456 2963 καθ’
2511 2909 2702 2977 ἑαυτὴν
2761 2912 2796 2978 ἡ
2857 2909 3020 2963 οὐσία
3083 2915 3189 2964 τῶν
3250 2912 3529 2985 φυομένων
3565 2955 3579 2979 ,
3641 2913 3803 2990 ἀρχή

2139 2999 2405 3067 κινήσεως
2477 2996 2607 3052 οῦσα
2665 2997 2752 3052 καὶ
2811 2999 3068 3060 στάσεως.
3132 3001 3331 3074 Ὥσπερ
3390 2999 3485 3054 οὖν
3540 3000 3627 3055 ἐπὶ
3683 3009 3806 3057 τῶν

2139 3085 2542 3159 κηροπλάστων
2619 3086 2708 3140 καὶ
2779 3091 2885 3140 τῶν
2969 3088 3064 3150 τὰς
3133 3085 3436 3151 πλαστικὰς
3495 3091 3803 3160 μετιόντων

2140 3177 2334 3249 τέχνας
2381 3173 2462 3230 δεῖ
2509 3174 2645 3230 εἶναί
2692 3197 2744 3230 τι
2791 3173 2844 3229 έν
2889 3174 3072 3237 αὐτοῖς
3127 3175 3303 3249 μένον,
3348 3178 3590 3232 τουτέστι
3623 3177 3804 3254 λόγον

2140 3265 2227 3318 καὶ
2291 3269 2435 3331 νοῦν,
2477 3266 2528 3318 οἳ
2587 3261 2675 3317 διὰ
2733 3268 2936 3339 χειρῶν
2990 3265 3204 3319 ποιοῦσι
3264 3267 3328 3319 τὰ
3381 3265 3579 3320 ἑαυτῶν
3642 3265 3803 3343 ἔργω

2141 3353 2284 3408 οὕτω
2315 3354 2400 3407 καὶ
2436 3352 2523 3406 ἐπὶ
2551 3359 2651 3421 τῆς
2681 3351 2888 3429 φύσεως
2919 3357 3027 3407 τῶν
3081 3353 3249 3424 ὅλων,
3282 3352 3390 3408 ἔστι
3441 3376 3494 3408 τι
3526 3354 3578 3410 ἐν
3612 3356 3809 3420 αὐτοῖς

2145 3441 2326 3513 μένον,
2375 3443 2616 3496 τουτέστι
2664 3443 2698 3509 ἠ
2754 3438 3005 3513 δύναμις,
3062 3441 3124 3496 οὐ
3169 3439 3257 3497 διὰ
3313 3448 3513 3518 χειρῶν
3565 3443 3803 3518 ἐργαζο-

2144 3531 2300 3601 μένη,
2374 3529 2519 3584 ἀλλά
2594 3527 2858 3604 βούλησις
2932 3531 3019 3584 καὶ
3081 3527 3360 3600 διανόησις
3435 3531 3566 3586 οῦσα
3632 3541 3800 3602 Θεοῦ,

2138 3630 2405 3694 προϊοῦσα
2461 3619 2576 3672 οἱον
2614 3619 2782 3692 τέχνη
2835 3617 2910 3679 είς
2958 3617 3158 3694 γένεσιν
3204 3625 3312 3674 τῶν
3363 3622 3666 3696 φυομένων·
3734 3624 3804 3678 οὐ

2137 3708 2235 3783 γὰρ
2287 3705 2452 3762 δεῖται
2583 3707 2737 3784 φύσις
2788 3712 2950 3762 τινῶν
3004 3707 3294 3778 μενόντων,
3357 3709 3551 3781 ἐτέρων
3609 3708 3668 3765 δὲ
3719 3713 3804 3773 ὡς

2136 3794 2485 3868 κινουμένων³
2547 3798 2580 3864 ἡ
2614 3798 2716 3870 γὰρ
2775 3795 2878 3860 ὕλη
2932 3795 3072 3848 ἐστὶν
3133 3799 3164 3864 ἡ
3225 3797 3301 3858 εἰς
3352 3797 3556 3871 γένεσιν
3607 3821 3803 3854 κινου-

2141 3885 2296 3956 μένη·
2329 3885 2390 3938 τὸ
2422 3881 2479 3938 δῖε
2517 3888 2697 3938 κινοῦν
2747 3883 2913 3950 αὐτὴν
2949 3885 2976 3938 ὁ
3007 3884 3263 3953 ἀκίνητός
3308 3887 3418 3940 ἑστι
3461 3884 3632 3959 λόγος
3676 3889 3704 3942 ὁ
3743 3889 3797 3943 ἐν

2137 3977 2214 4044 τῷ
2259 3972 2394 4044 ὅλῳ,
2447 3973 2503 4033 ὅς
2557 3971 2696 4026 ἐστιν
2744 3974 2777 4040 ἡ
2823 3971 2934 4025 Θεία
2979 3973 3149 4046 τέχνη
3179 4015 3192 4039 ,
3236 3975 3296 4041 ἢν
3349 3972 3555 4051 ἔφημεν
3608 3976 3798 4048 φύσιν,

2163 4059 2214 4082 Ὓδ
2257 4082 2276 4096 ρ
2342 4059 2367 4096 ‘7
2534 4060 2546 4080 ν
2664 4062 2676 4080 \
2763 4060 2808 4106 ἰ
2856 4060 2881 4078 (θ
3113 4061 3127 4081 \
3209 4059 3259 4081 Ἀ
3372 4081 3383 4092 .
3468 4063 3478 4080 Ι
3567 4065 3578 4080 ‘
3699 4065 3714 4084 ν
3777 4068 3792 4084 \

2139 4079 2275 4121 ειοος
2308 4081 2459 4128 oua,
2493 4081 2554 4116 ου
2609 4083 2718 4130 μην
2761 4081 2808 4132 ε,
2855 4058 2992 4129 υλης
3039 4082 3128 4115 και
3182 4078 3360 4124 ειοους
3426 4084 3477 4117 τι
3518 4085 3622 4139 γαρ
3656 4086 3801 4134 αυτη

2139 4149 2277 4218 ὕλης
2311 4147 2411 4216 δεῖ,
2447 4155 2653 4221 θερμῆς
2683 4149 2715 4216 ἢ
2751 4152 2966 4222 ψυχρᾶς
3001 4169 3013 4216 ;
3047 4153 3080 4217 ἡ
3115 4149 3218 4225 γάρ
3269 4148 3799 4228 δεδημιουργημένη

2138 4237 2243 4306 ὕλη
2293 4241 2452 4290 τοῦτο
2503 4238 2652 4310 φάρει
2697 4238 2746 4291 ὲν
2799 4238 2982 4309 ἑαυτῇ·
3017 4238 3077 4291 ού
3121 4239 3222 4312 γὰρ
3273 4235 3359 4292 δεῖ
3404 4244 3510 4314 πῦρ
3559 4242 3807 4315 προσελο

2139 4331 2266 4394 θεῖν,
2293 4324 2383 4378 τίνσι
2412 4329 2518 4398 πῦρ
2555 4328 2586 4394 ἡ
2620 4323 2725 4394 ῦλη
2773 4326 3016 4399 γένηται,
3069 4326 3214 4381 ἀλλά
3263 4326 3446 4402 λόγον⁶
3499 4329 3528 4382 ὃ
3576 4331 3668 4384 καὶ
3703 4353 3810 4401 ση-

2143 4415 2291 4486 μεῖόν
2324 4413 2464 4468 ἐστιν
2499 4414 2560 4468 ού
2615 4415 2806 4487 μικρὸν
2859 4418 2954 4468 τοῦ
2998 4414 3088 4469 καὶ
3121 4415 3172 4469 ἐν
3206 4421 3320 4477 τοῖς
3357 4422 3518 4485 ζωοις
3560 4420 3651 4472 καὶ
3679 4425 3806 4482 τοῖς

383 4510 492 4571 est,
526 4511 590 4559 ut
623 4505 864 4560 materia
907 4505 1008 4559 ﬁat
1058 4503 1234 4574 ignis,
1270 4504 1370 4559 sed
1404 4503 1645 4557 verbum
1698 4520 1800 4558 seu
1852 4504 2027 4558 ratio-

2181 4508 2350 4563 υτοῖς,
2381 4502 2505 4563 τοὺς
2556 4501 2755 4576 λόγους
2790 4503 2922 4556 εἶναι
2971 4503 3101 4563 τοὺς
3132 4504 3454 4572 ποιητικοὺς
3511 4508 3649 4560 κατᾶ
3695 4510 3805 4577 τὴν

385 4611 552 4660 nem;
585 4594 740 4664 quod
771 4593 948 4648 etiam
977 4594 1208 4663 signum
1242 4597 1332 4646 est
1361 4609 1477 4646 non
1522 4608 1789 4662 parvum,
1811 4609 1941 4647 esse
1973 4594 2029 4646 in

387 4683 748 4740 animalibus
778 4686 835 4737 et
869 4681 1087 4754 plantis
1131 4681 1385 4737 rationes
1418 4697 1542 4752 qua:
1593 4681 1851 4736 efﬁciant
1880 4685 1944 4735 ut
1973 4682 2030 4736 in

387 4778 597 4828 natura
628 4771 778 4826 ratio
801 4771 1043 4837 haereat;
1080 4771 1334 4825 rationes
1357 4787 1488 4826 vero
1509 4787 1636 4839 quae
1663 4786 1796 4825 cum
1831 4771 2034 4826 formis

384 4879 585 4918 eorum
648 4877 780 4931 quae
826 4861 1115 4927 videnlur,
1149 4865 1367 4914 natura:
1419 4875 1548 4914 esse
1606 4861 1873 4929 germina
1929 4877 2031 4914 seu

386 4949 708 5006 immobilis
741 4965 807 5003 ac
838 4948 897 5003 in
939 4948 1068 5020 ipsa
1101 4948 1373 5003 haerentis
1405 4948 1567 5002 verbi
1615 4963 1715 5000 seu
1768 4947 2030 5002 rationis.

387 5039 688 5103 Quomodo
735 5038 912 5108 igitur
941 5037 996 5092 in
1033 5039 1309 5093 universa
1361 5040 1572 5090 natura
1622 5033 1865 5099 malum,
1899 5052 2033 5091 cum

386 5127 686 5182 naturales
718 5126 838 5181 sint
887 5126 1141 5181 rationes
1174 5126 1229 5179 in
1265 5122 1570 5188 creaturis,
1604 5137 1708 5177 nec
1749 5122 1807 5178 in
1839 5121 2034 5194 aliquo

385 5214 493 5268 toti
525 5224 766 5281 naturai,
800 5231 926 5284 quae
955 5231 1022 5269 ex
1055 5215 1207 5269 bono
1239 5218 1347 5279 est,
1381 5211 1831 5267 contrarientur.
1856 5213 1910 5266 Si
1946 5229 2034 5267 er-

386 5315 459 5370 go
492 5300 959 5354 demonstratum
993 5307 1082 5356 est
1111 5302 1442 5356 universam
1483 5304 1754 5355 naturam
1787 5317 1854 5354 ex
1885 5300 2035 5356 bono

385 5401 536 5452 esse,
567 5385 940 5457 singularum
972 5393 1168 5444 autem
1201 5392 1598 5443 creaturarum
1632 5387 1888 5444 rationes
1920 5404 2034 5442 non

2141 4591 2294 4667 φύσιν
2331 4592 2461 4644 εἶναι
2493 4589 2658 4664 λόγον
2707 4590 2799 4644 τὸν
2855 4591 3104 4663 μένονταο
3154 4591 3353 4666 λόγους
3405 4590 3461 4648 δὲ
3503 4595 3632 4658 τοὺς
3664 4597 3809 4652 κατᾶ

2139 4681 2232 4740 τὰς
2286 4679 2498 4756 μορφὰς
2539 4683 2644 4732 τῶν
2692 4679 2984 4752 ὁρωμένων
3034 4687 3133 4748 τῆς
3173 4679 3379 4756 φύσεως
3425 4683 3555 4736 εῖναι
3599 4689 3804 4758 γεννήο

2147 4789 2307 4840 ματα,
2360 4765 2482 4836 ἤτοι
2540 4771 2636 4820 τοῦ
2691 4769 2807 4820 κατ’
2863 4767 3029 4834 αὐτὴν
3090 4770 3346 4839 ἀκινήτου
3397 4771 3486 4824 καὶ
3536 4773 3808 4843 μένοντος

2144 4855 2336 4931 λόγου.
2373 4859 2494 4916 Ηῶς
2527 4856 2615 4909 οῦν
2649 4854 2702 4909 ἐν
2733 4857 2802 4926 τῇ
2850 4855 3089 4919 καθόλου
3143 4858 3296 4934 φύσει
3349 4859 3412 4913 τὸ
3459 4861 3651 4929 κακὸν,
3692 4868 3807 4916 τῶν

2142 4945 2196 5000 έν
2236 4950 2351 5006 τοῖς
2382 4942 2838 5018 δημιουργήμασι
2888 4941 3065 5018 λόγων
3117 4951 3358 5023 φυσικῶν
3394 4943 3588 5018 ὄντων,
3621 4952 3714 5005 καὶ
3746 4950 3806 5005 ἓν

2144 5031 2316 5089 οὐδενὶ
2349 5032 2768 5106 ἐναντιουμᾶνων
2816 5036 2884 5107 τῇ
2935 5030 3038 5106 δλῃ
3086 5033 3238 5110 φύσει
3289 5033 3338 5105 ἐξ
3370 5035 3573 5110 ἀγαθοῦ
3619 5036 3807 5113 οὗσῃς

2143 5123 2207 5181 Εἰ
2238 5123 2417 5178 τοίνυν
2447 5119 2820 5177 ἀποδέδεικται
2868 5123 2968 5190 τὴν
3017 5121 3257 5187 καθόλου
3283 5124 3438 5201 φύσιν
3475 5124 3535 5179 ἐκ
3562 5125 3811 5200 τάγαθοῦ

2145 5213 2297 5267 εἶναι·
2345 5211 2470 5272 τοὺς
2522 5208 2579 5265 δὲ
2633 5211 2752 5264 καθ’
2796 5208 3018 5266 ἕκαστον
3071 5211 3121 5266 ἐν
3175 5218 3290 5274 τοῖς
3344 5211 3811 5289 δημιουργήμασι

2145 5297 2340 5370 λόγους
2376 5297 2452 5367 μὴ
2505 5295 2870 5367 ἐναντιοῦσθαι
2900 5300 2969 5370 τῇ
3000 5294 3240 5360 καθόλου
3288 5297 3466 5372 φύσει,
3512 5298 3813 5374 πρόδηλον

2145 5385 2219 5446 ὡς
2251 5379 2376 5438 οὐδὲ
2408 5381 2459 5436 ἐν
2493 5382 2645 5456 φύσει
2694 5385 2756 5438 τὸ
2799 5384 2986 5439 κακόνο
3018 5389 3180 5440 τοῦτο
3212 5382 3269 5440 δὲ
3297 5391 3376 5441 τῶ
3407 5385 3573 5459 καλῷ
3596 5390 3618 5424 ⁶
3650 5388 3818 5444 ἐναν-

1364 5529 1606 5585 νΑΒΙίΕ
1646 5529 2032 5588 LECTIONES
2069 5528 2158 5585 ΒΤ
2197 5526 2761 5586 GORRECTIONES.

456 5599 477 5634 ⁸
504 5600 610 5651 τῶν
644 5594 847 5654 καλῶν.
