4000 6200
239 333 346 389 297

1019 337 1076 388 S.
1117 335 1386 389 MAXIMI
1423 335 1728 389 SCHOLIA
1763 335 1838 387 IN
1878 332 2008 386 LIB.
2051 333 2146 384 DE
2186 334 2454 388 DIVINIS
2491 333 2907 389 NOMINIBUS.

3560 335 3664 388 298

240 458 375 515 τίον·
410 457 610 514 οὖκοῦν
643 457 745 513 οὐκ
792 452 903 512 ἔστι
951 457 1012 512 τὸ
1058 457 1244 527 κακὸν,
1279 454 1404 511 οὐδὶ
1451 455 1502 511 ἐν
1534 460 1614 529 τῷ
1642 453 1903 511 καθόλου.

2026 455 2364 511 contrariari
2400 455 2680 513 universae
2711 461 2932 512 naturae
2977 458 3351 515 manifestum
3398 463 3507 528 est,
3559 478 3664 517 ne-

244 550 328 606 Τᾶ.
368 545 424 603 δὲ
468 547 520 602 ἐν
578 553 697 610 τοῖς
751 549 868 602 κατ’
925 544 1066 608 εἶδος
1123 553 1222 615 τῆς
1270 543 1634 623 δημιουργίας
1668 545 1904 615 ἐναντία,

247 636 355 693 εἴτε
414 637 467 693 ἐν
512 639 787 713 κράσεσιν,
840 636 945 692 εἷ’τε
997 635 1048 692 ἐν
1111 637 1294 705 ζώοις,
1342 637 1433 689 καὶ
1491 635 1733 704 λοιποῖς,
1796 637 1905 709 οὐχ

246 729 459 786 ἑαυτοῖς
503 727 606 782 εἶσι
657 726 804 800 παρὰ
851 725 1031 805 φύσιν,
1063 723 1211 781 ἀλλὰ
1257 730 1375 787 τοῖς
1425 723 1620 787 ἄλλοις
1646 728 1685 760 ⁷·
1721 724 1771 778 ἐν
1826 726 1905 787 οἷς

248 816 304 874 δὲ
332 817 481 890 παρὰ
511 816 670 892 φύσιν
721 814 1078 889 πλημμελῶς
1129 815 1400 891 φέρονται,
1429 819 1526 868 τοῦ
1573 815 1707 868 κατὰ
1747 814 1900 891 φόσιν

246 907 385 961 ἐστὶν
415 905 685 974 ἀσθένεια,
721 905 782 960 οὗ
817 906 925 978 μὴν
975 909 1138 960 τοῦτο
1178 905 1364 959 κακόν·
1400 902 1562 958 κακία
1609 901 1666 958 δὲ
1702 903 1900 976 τάξεως

251 994 467 1068 μᾶλλόν
502 995 638 1052 ἐστι.

315 1175 431 1242 Τῆς
462 1171 708 1228 καθόλου
732 1173 960 1248 φύσεως.
990 1169 1242 1228 Καθόλου
1270 1169 1424 1248 φύσιν
1445 1170 1544 1238 τήν
1579 1167 1718 1233 θείαν
1744 1169 1897 1246 φόσιν

243 1262 428 1318 καλεῖ.

319 1351 394 1426 [ζ]
427 1350 500 1408 Εἴ
545 1351 650 1426 γάρ
692 1351 744 1404 οἱ
793 1351 1009 1409 πάντες.
1062 1347 1281 1420 Πάντες,
1331 1347 1516 1426 φησὶν,
1569 1347 1620 1401 οἳ
1657 1351 1756 1412 τῆς
1797 1345 1900 1424 φύ-

241 1461 380 1501 σεως
429 1438 613 1514 λόγοι,
663 1439 830 1513 ἤγουν
883 1439 937 1492 αἱ
986 1437 1150 1492 αἶ“τίαι
1215 1438 1335 1501 καθ’
1393 1435 1452 1498 ἃς
1503 1435 1755 1511 γεγόνασι
1810 1437 1903 1490 καὶ

245 1529 373 1597 εἰσ),
424 1529 574 1602 παρά
619 1534 718 1596 τῆς
767 1527 910 1590 θείας
965 1525 1175 1604 φύσεως
1220 1526 1576 1601 ὑπάρχουσιν,
1606 1527 1686 1596 ἣν,
1720 1525 1792 1586 ὡς
1832 1523 1901 1580 εἷ’-

248 1637 430 1693 ρηται,
475 1615 718 1671 καθόλου
769 1615 945 1683 καλεῖ,
998 1612 1184 1685 ἐπειδὴ
1235 1613 1285 1685 ἐξ
1333 1615 1503 1682 αὐτῆς
1553 1609 1650 1687 ἔφυ
1679 1616 1744 1668 τὰ
1775 1613 1897 1668 ὅλα·

248 1707 384 1776 ὅλην
443 1703 502 1760 δὶ
556 1705 712 1782 φύσιν
770 1705 945 1760 πάντα
997 1703 1064 1758 τὰ
1119 1705 1220 1758 ὑπὸ
1285 1707 1380 1757 τοῦ
1434 1707 1568 1758 Θεοῦ
1623 1704 1901 1758 κτισθέντα

246 1793 518 1851 ἐκάλεσεν.
570 1790 740 1850 Οὐδὲν
793 1793 883 1846 οὖν
929 1791 1068 1847 ἐστιν
1128 1791 1180 1847 ἐν
1227 1796 1296 1865 τῇ
1348 1792 1523 1896 φόρει,
1579 1791 1709 1866 ὅπερ
1769 1791 1898 1847 ὅλον
1931 1830 1977 1896 Β

246 1883 402 1945 ὅλοις
450 1881 766 1937 ἀντίκειται·
821 1882 884 1936 τὸ
940 1884 1041 1957 γάρ
1089 1903 1195 1936 τινι
1241 1887 1349 1937 τῶν
1402 1877 1570 1936 ὄντων
1603 1881 1749 1956 παρὰ
1797 1882 1896 1949 τήν

249 1974 415 2027 αὐτοῦ
475 1972 633 2049 φύσιν
696 1971 862 2045 ὲτέρῳ
919 1969 1078 2045 φύσις
1150 1971 1281 2026 ἔστί·
1343 1975 1503 2026 τοῦτο
1563 1970 1620 2025 δὲ
1673 1972 1896 2045 ἀγαθόν.

243 2061 400 2134 Ilion
431 2061 524 2115 οὗν
553 2061 707 2138 φύσιι
741 2059 804 2113 τὸ
854 2060 929 2130 μὴ
983 2059 1161 2132 μένειν
1211 2059 1292 2136 ἐφ’
1341 2059 1419 2120 οἶς
1462 2060 1672 2134 γέγονε,
1712 2058 1895 2114 κακόν·

243 2155 409 2205 τοῦτο
440 2149 542 2225 γὰρ
575 2148 675 2227 ἔφη
706 2147 954 2224 στέρησιν
987 2153 1094 2203 τῶν
1125 2155 1224 2216 τῆς
1255 2148 1486 2226 φύσεως,
1517 2149 1579 2202 τὸ
1630 2149 1704 2221 μή
1751 2147 1897 2203 ἐκτε-

247 2239 362 2294 λεῖν
411 2239 532 2293 καθ’
574 2239 866 2293 ὁποιανοῦν
900 2236 1072 2291 αἰτίαν
1104 2238 1168 2291 τὰ
1199 2235 1279 2314 ἐφ’
1325 2240 1407 2300 οἷς
1453 2237 1714 2313 παρήχθη
1764 2237 1901 2311 πρὸς

243 2331 399 2405 γὲννη
410 2349 518 2383 σιν.

317 2508 458 2580 [7,]§
507 2505 733 2562 XXVII.
793 2503 948 2560 Ἀλλ’
1008 2502 1120 2559 οὐδ’
1174 2505 1224 2558 ἐν
1286 2505 1519 2578 σώματι.
1578 2506 1780 2580 Ὥσπερ
1838 2505 1898 2560 τὸ

240 2596 456 2657 κάλλος
527 2593 836 2667 συμμετρία
911 2593 1021 2649 ἐστὶ
1099 2593 1279 2666 μελῶν
1351 2593 1441 2648 καὶ
1519 2598 1698 2670 μερῶν
1767 2596 1902 2668 μετὰ

243 2684 531 2759 εὐχροίας,
593 2683 766 2747 οὕτως
822 2683 1015 2757 αἶσχος
1071 2682 1412 2758 ἀσυμμετρία
1468 2681 1578 2737 ἐστὶ
1629 2687 1738 2737 τῶν
1804 2683 1898 2738 αὖ·

239 2777 374 2829 τῶν.

316 2864 394 2937 [θ]
443 2859 633 2919 Αἴτιον
678 2865 746 2935 τῇ
798 2864 973 2935 ψυχῇ.
1026 2858 1246 2930 Ἐπειδή
1305 2881 1448 2921 τινες
1503 2865 1610 2915 τῶν
1672 2858 1897 2938 φιλοσό-

246 2973 364 3024 φων
420 2950 606 3028 φασὶν,
657 2949 717 3004 ἐκ
762 2954 860 3004 τοῦ
911 2947 1114 3023 ἀλόγου
1160 2947 1259 3014 τῆς
1312 2952 1497 3024 ψυχῆς
1549 2948 1764 3022 μέρους,
1795 2947 1898 3023 ὕλῃ

244 3040 334 3094 καὶ
395 3041 610 3112 σώματι
693 3037 1074 3112 μεμιγμένου,
1139 3037 1409 3114 ῥεπούσης
1475 3037 1556 3092 ἐπ’
1614 3038 1744 3092 αὐτὸ
1798 3045 1898 3107 τῆς

248 3134 452 3204 ψυχῆς,
484 3129 554 3183 τὰ
583 3128 723 3182 κακὰ
751 3132 1026 3202 πράττειν,
1069 3127 1143 3188 ὡς
1167 3127 1429 3200 ’ἀνωτίρω
1463 3124 1704 3198 διῆλθεν,
1754 3148 1898 3201 παγ-

2017 561 2129 615 que
2159 545 2217 600 in
2253 549 2462 601 natura
2487 547 2707 601 malum
2741 547 3012 613 esse,hoc
3035 551 3228 603 autem
3260 547 3503 620 pulchro
3527 566 3665 606 con-

2015 636 2262 690 trarium
2299 653 2310 689 :
2345 652 2482 708 ergo
2515 653 2628 690 non
2659 640 2750 690 est
2777 636 3011 703 malum,
3057 651 3245 708 neque
3277 637 3334 690 in
3369 637 3662 694 universo.

2014 724 2148 787 Quae
2182 730 2376 780 autem
2431 725 2487 779 in
2534 726 2842 796 speciebus
2891 730 3294 781 creaturarum
3349 727 3660 792 contraria,

2013 813 2131 868 sive
2164 813 2223 868 in
2263 815 2691 884 temperie,sive
2718 814 2776 870 in
2804 814 3244 881 animalibus,et
3273 815 3660 888 reliquis,non

2013 903 2274 958 suntsibi
2299 909 2504 974 praeter
2520 905 2922 973 naturam,sed
2940 903 3100 971 aliis;
3118 905 3174 959 in
3193 921 3322 976 quis
3338 910 3660 976 praeterna-

2013 997 2203 1045 turam
2220 992 2428 1046 vitiose
2443 993 2565 1046 feru
2576 996 2878 1060 ntur,natu
2890 991 3030 1046 ralis
3045 992 3282 1063 quidem
3297 997 3387 1048 est
3402 992 3660 1048 imbecil-

2011 1078 2188 1148 litas;
2223 1086 2281 1134 at
2304 1081 2412 1135 hoc
2446 1097 2558 1136 non
2586 1080 2937 1146 malum,sed
2955 1081 3150 1154 potius
3185 1082 3656 1138 ordinisvitium.

2082 1170 2360 1226 Universae
2391 1174 2634 1226 naturae.
2673 1169 3011 1226 Universum
3057 1175 3347 1241 naturam,
3391 1172 3655 1227 divinam

2008 1262 2174 1312 vocat
2205 1264 2500 1313 naturam.

2079 1347 2142 1402 Si
2168 1349 2317 1402 enim
2346 1363 2550 1402 omnes.
2585 1348 2822 1418 Omnes,
2855 1349 3068 1421 inquit,
3122 1353 3354 1405 natura
3403 1350 3656 1406 rationes

2011 1451 2110 1489 seu
2145 1437 2653 1500 eausm,scundum
2679 1454 2826 1509 quas
2859 1438 3098 1494 fuerunt
3128 1443 3186 1493 et
3220 1443 3376 1508 sunt,
3409 1439 3658 1497 adivina

2010 1528 2222 1579 natura
2269 1529 2496 1596 (quam,
2545 1530 2611 1580 ut
2666 1527 2887 1581 dictum
2939 1532 3050 1592 est,
3101 1515 3420 1582 universam
3466 1528 3654 1598 vocat)

2011 1612 2180 1682 fiunt,
2213 1613 2490 1684 quoniam
2535 1631 2602 1669 ex
2637 1615 2764 1686 ipsa
2814 1616 3100 1686 producta
3147 1620 3286 1671 sunt
3343 1616 3656 1685 universa;

2011 1702 2346 1756 universam
2374 1718 2510 1758 vero
2540 1707 2812 1758 naturam
2845 1705 3046 1758 omnia
3087 1721 3120 1760 a
3170 1705 3285 1760 Deo
3333 1709 3528 1760 creata
3554 1721 3658 1760 vo-

2011 1791 2180 1845 cavit.
2214 1791 2367 1845 Nihil
2403 1791 2583 1863 igitur
2610 1796 2698 1846 est
2728 1791 2785 1846 in
2819 1797 3048 1862 natura,
3081 1794 3233 1850 I59
3276 1796 3430 1864 quod
3470 1798 3653 1849 totum

2008 1880 2147 1935 totis
2205 1886 2576 1952 opponatur;
2628 1883 2778 1952 quod
2841 1882 2996 1937 enim
3045 1882 3217 1937 alicui
3273 1888 3480 1954 praeter
3526 1885 3654 1954 ejus

2009 1977 2273 2024 naturam
2309 1974 2416 2036 est,
2453 1970 2615 2025 alteri
2650 1976 2858 2026 natura
2890 1976 2997 2037 est,
3033 1971 3141 2026 hoc
3164 1977 3357 2026 autem
3392 1973 3650 2027 bonum:

2008 2057 2165 2112 omni
2199 2073 2334 2129 ergo
2368 2063 2591 2113 naturae
2618 2059 2834 2114 malum
2858 2065 3078 2116 estnon
3110 2061 3325 2116 haerere
3355 2060 3411 2114 in
3439 2062 3655 2132 quibus

2007 2148 2292 2218 producta
2331 2153 2456 2214 est;
2490 2148 2599 2202 hoc
2643 2148 2801 2203 enim
2849 2149 3210 2205 naturalium
3265 2151 3651 2221 privationem

2014 2236 2181 2305 dixit,
2221 2253 2334 2291 non
2368 2253 2804 2306 consummare,
2838 2255 3190 2309 quacunque
3238 2255 3303 2294 ex
3371 2255 3550 2294 causa
3597 2240 3654 2294 id

2007 2325 2254 2396 accidat,
2282 2342 2349 2381 ea
2380 2331 2616 2399 propter
2665 2344 2791 2398 quae
2838 2327 2896 2381 in
2947 2327 3322 2399 generatione
3371 2329 3658 2399 producta

2008 2415 2263 2469 fuerunt.

2078 2505 2105 2570 §
2147 2503 2378 2559 XXVII.
2437 2507 2629 2560 Verum
2675 2521 2776 2560 nec
2820 2506 2879 2559 in
2928 2506 3264 2577 corporibus.
3316 2505 3480 2561 Sicut
3528 2505 3654 2578 pul-

2008 2591 2278 2648 chritudo
2309 2598 2397 2648 est
2427 2595 2819 2650 membrorum
2850 2599 2905 2649 et
2937 2595 3192 2665 partium
3226 2611 3357 2649 cum
3392 2595 3545 2649 bono
3565 2611 3655 2650 co-

2011 2680 2132 2736 lore
2180 2683 2458 2753 symetria
2507 2700 2607 2739 seu
2657 2683 2976 2755 proportio,
3032 2684 3112 2738 ita
3176 2685 3517 2739 deformitas
3565 2689 3656 2740 est

2006 2773 2346 2826 eorumdem
2383 2772 2774 2844 proportionis
2807 2773 3091 2828 defectus.

2048 2860 2257 2915 -ϐαιιςα
2279 2863 2502 2918 animm.
2537 2861 2820 2926 Quoniam
2855 2862 3336 2935 philosophorum
3371 2863 3656 2934 aliquidi-

2006 2953 2166 3016 cunt,
2200 2965 2268 3004 ex
2299 2950 2619 3004 irrationali
2654 2956 2815 3022 parte
2849 2951 3079 3016 animm,
3132 2951 3380 3006 materia
3421 2968 3485 3007 ac
3518 2969 3648 3007 cor-

2007 3038 2133 3108 pori
2166 3038 2446 3108 permista
2478 3039 2673 3094 anima
2704 3038 2762 3092 in
2797 3040 2852 3093 id
2886 3044 3179 3111 vergente,
3228 3039 3383 3094 mala
3413 3041 3558 3105 fieri,
3588 3044 3653 3094 ut

2007 3127 2280 3198 superius
2313 3127 2740 3196 disseruimus;
2776 3128 3012 3182 divinus
3044 3128 3356 3200 Dionysius
3388 3129 3660 3199 pulcher-

245 3197 428 3279 κάλ-ᾡς
459 3219 488 3271 ὁ
539 3222 686 3279 θεῖος
735 3197 1015 3278 Διονύσιος
1058 3214 1175 3269 λύει
1228 3215 1290 3268 τὸ
1323 3197 1654 3290 ἐπαπόρημα
1693 3197 1762 3270 νέκ
1789 3197 1895 3269 τῶν

2026 3216 2157 3269 sime
2188 3214 2433 3270 dubium
2467 3215 2639 3271 solvit
2670 3233 2738 3272 ex
2770 3217 2904 3272 aliis
2937 3218 3294 3288 incorporeis
3326 3223 3383 3273 et
3412 3236 3655 3290 prorsus

248 3306 434 3362 ἄλλων
478 3308 499 3341 ⁸
538 3303 844 3377 ἀσωμάτων
896 3303 985 3358 καὶ
1035 3303 1245 3379 ἆμιγῶν
1302 3305 1555 3375 σώματος
1600 3305 1797 3374 πάντη,
1845 3305 1896 3358 οἳ

245 3397 334 3451 καὶ
393 3393 522 3470 δίχα
578 3395 856 3466 σώματος,
919 3390 1161 3466 ἐλλείψει
1213 3396 1309 3446 τοῦ
1367 3392 1568 3467 ἀγαθοῦ
1634 3392 1899 3466 πλημμε-

255 3483 427 3540 λοῦσι.

322 3573 756 3651 Παρυιρίστασθαι
824 3571 1037 3627 κακίαν.
1111 3573 1232 3628 Ὅτι
1312 3568 1530 3625 δυνατὸν
1605 3571 1694 3625 καὶ
1778 3570 1901 3626 ἄνευ

253 3664 510 3735 σώματος
566 3660 998 3739 παρυφίστασθαι
1063 3660 1279 3730 κακίαν,
1337 3659 1411 3722 ὡς
1489 3657 1540 3714 ἐν
1613 3664 1728 3721 τοῖς
1785 3656 1903 3714 δαί-

262 3773 410 3823 μοσι.

328 3840 427 3894 Καὶ
460 3839 680 3910 σώμασι
711 3838 896 3895 κακόν.
923 3837 986 3892 Τί
1017 3837 1127 3892 ἇστι
1157 3836 1342 3892 κακόν.

328 3929 632 3997 ξΧΧνΙΠ.
665 3928 734 3980 ’Ἠ
798 3923 938 3997 μηδὲ
987 3925 1050 3979 τὸ
1102 3926 1330 3998 πάσχειν
1387 3922 1641 3987 δύνασθαι
1690 3927 1808 3981 καθ’
1856 3926 1908 3980 ἒ-

258 4020 448 4086 αυτῆν.
483 4014 736 4088 Εῧλογον
771 4011 1146 4088 ἆπιδρομάδην
1186 4012 1430 4077 ἐκθέσθαι
1477 4013 1572 4074 τὰς
1623 4012 1775 4084 δόξας
1803 4019 1908 4069 τῶν

261 4103 529 4179 λεγόντων
557 4105 658 4171 τήν
693 4101 831 4172 ὕλην
865 4105 941 4173 μὴ
974 4100 1152 4170 ὃν,καὶ
1184 4107 1299 4163 πῶς
1328 4101 1587 4157 καλοῦσιν
1632 4103 1798 4172 αὐτὴν
1837 4104 1910 4175 μὴ

260 4195 344 4260 δν,
369 4192 457 4247 ’ἱνα
486 4193 577 4246 καὶ
631 4193 682 4246 οἱ
735 4189 1100 4266 συλλογισμοὶ
1145 4195 1240 4245 τοῦ
1289 4191 1436 4246 Θείου
1469 4193 1749 4246 Διονυσίου
1779 4213 1914 4262 νοη-

265 4284 417 4337 θῶσι.
472 4281 743 4336 Καλοῦσιν
796 4279 886 4334 οὖν
936 4281 1034 4347 τήν
1077 4279 1213 4349 ὕλην
1261 4282 1336 4352 μή
1388 4279 1447 4335 ὃν
1495 4281 1553 4336 ἐκ
1596 4285 1692 4336 τοῦ
1735 4282 1915 4336 τοιού-

261 4393 378 4425 του·
412 4372 543 4448 φασὶ
575 4371 704 4444 γὰρ,
737 4369 820 4422 ὅτι
849 4370 912 4423 τὸ
951 4369 1030 4440 ὃν,
1063 4369 1091 4424 ὅ
1122 4369 1261 4424 ἐστιν
1311 4370 1361 4424 ἐν
1390 4375 1506 4431 τοῖς
1551 4377 1768 4439 νοητοῖς
1803 4369 1918 4425 δια-

263 4460 516 4532 κόσμοις,
552 4458 614 4512 ἐκ
639 4463 736 4512 τοῦ
765 4459 988 4530 πρώτου
1016 4463 1114 4526 τοῦ
1146 4459 1250 4512 ὐπὸ
1298 4460 1359 4512 τὸ
1409 4460 1466 4514 ὃν
1502 4455 1656 4521 ὄντος
1690 4459 1916 4533 ἐγένετο.

2011 3303 2308 3359 mistionis
2339 3305 2696 3374 expertibus,
2729 3305 2826 3377 qui
2861 3306 3036 3361 etiam
3071 3305 3194 3362 sine
3226 3323 3487 3380 corpore,
3522 3308 3656 3364 boni

2011 3391 2238 3447 defectu
2276 3398 2534 3464 peccant.

2083 3569 2374 3627 Adhaerere
2426 3571 2720 3626 malitiam.
2782 3571 3073 3627 Possibile
3125 3588 3254 3627 esse
3301 3573 3476 3628 etiam
3527 3575 3653 3630 sine

2013 3674 2251 3729 corpore
2283 3657 2564 3713 malitiam
2599 3658 2917 3715 subsistere
2947 3659 3145 3727 videri,
3181 3662 3334 3716 sicut
3363 3662 3422 3716 in
3447 3662 3655 3718 daemo-

2016 3747 2212 3802 nibus.

2090 3837 2153 3890 Et
2186 3835 2504 3905 corporibus
2529 3837 2768 3891 malum.
2803 3836 2950 3900 Quid
2985 3836 3061 3892 sit
3091 3836 3334 3893 malum.

2089 3925 2398 3993 §XXVIIL
2468 3926 2596 3993 Quae
2645 3941 2744 3981 nec
2789 3925 2846 3980 id
2893 3927 3072 3997 ipsum
3121 3927 3281 3982 habet
3347 3927 3488 3998 quod
3531 3929 3662 3998 pati

2017 4018 2202 4085 possit.
2237 4016 2698 4070 Consentaneum
2731 4020 2822 4070 est
2853 4016 3063 4071 rationi
3104 4033 3306 4072 eorum
3353 4018 3663 4089 Opiniones

2025 4104 2239 4158 cursim
2273 4119 2581 4174 exponere,
2615 4104 2712 4175 qui
2748 4105 2951 4159 dicunt
2987 4107 3296 4161 materiam
3333 4124 3442 4162 non
3476 4112 3669 4175 ens,et

2025 4192 2318 4262 quomodo
2349 4196 2557 4246 vocent
2601 4193 2789 4262 ipsam
2825 4209 2940 4246 non
2989 4209 3117 4257 ens,
3169 4198 3233 4248 ut
3280 4194 3454 4249 etiam
3486 4195 3668 4266 syllo-

2027 4281 2199 4352 gismi
2232 4280 2411 4334 divini
2443 4280 2704 4352 Dionysii
2748 4280 3169 4353 intelligantur.
3217 4283 3441 4338 Vocant
3488 4284 3671 4353 igitur

2032 4370 2335 4424 materiam
2366 4386 2480 4424 non
2509 4385 2613 4424 ens
2642 4369 2743 4424 tali
2776 4371 2847 4424 de
2877 4387 3056 4424 causa
3086 4388 3098 4424 :
3134 4371 3338 4424 dicunt
3384 4371 3562 4438 enim,
3611 4371 3668 4424 id

2031 4476 2135 4514 ens
2163 4460 2315 4531 quod
2352 4463 2441 4512 est
2471 4458 2530 4512 in
2563 4457 3035 4528 intelligibilibus
3075 4461 3436 4514 ornamentis
3477 4475 3581 4514 seu
3613 4475 3674 4514 a-

266 4549 416 4604 Ἐπεὶ
449 4549 542 4602 οὖν
576 4546 782 4610 ὶκεῖνος
815 4547 945 4621 ὑπὲρ
973 4547 1036 4600 τὸ
1086 4544 1143 4600 ὄν
1198 4546 1330 4614 ἐστι,
1378 4548 1440 4601 τὸ
1472 4543 1529 4601 ὅν
1585 4546 1635 4618 ἐξ
1669 4549 1831 4602 αὑτοῦ
1861 4548 1903 4602 ὃ·

2032 4548 2190 4614 stris,
2224 4564 2258 4601 a
2287 4547 2477 4618 primo
2509 4553 2640 4601 ente
2673 4548 2824 4618 quod
2858 4564 2962 4602 ens
3007 4552 3264 4618 superat,
3317 4548 3674 4619 productum

264 4637 478 4707 ὖκλήθη
528 4633 712 4709 ἕτερον
763 4635 820 4690 ὃν
870 4639 967 4690 τοῦ
1016 4631 1171 4696 ὄντος
1219 4637 1336 4699 καθ’
1393 4631 1679 4691 ὑπόϐασιν·
1711 4638 1773 4691 τὸ
1820 4637 1920 4712 γὰρ

262 4728 353 4793 ὃν,
385 4728 412 4780 ὃ
445 4724 695 4799 λέγουσι,
728 4725 827 4792 τὴν
857 4728 965 4778 τῶν
992 4729 1202 4793 νοητῶν
1231 4725 1367 4794 ὕλην
1403 4724 1926 4800 όνομάζουσι,λόγῳ

268 4816 429 4887 μόνῳ
459 4815 766 4888 θεωρητῆν,
800 4815 860 4882 ἦν
907 4814 992 4867 καὶ
1037 4813 1202 4882 αὐτὴν
1251 4811 1395 4874 εἶδος
1440 4816 1527 4868 καὶ
1564 4816 1708 4883 ζωήν
1745 4835 1924 4891 φασιν,

262 4904 444 4959 οἱονεὶ
494 4903 558 4957 τὸ
610 4901 967 4973 ὑποκείμενον
1004 4907 1123 4963 ταῖς
1173 4908 1396 4970 νδηταῖς
1446 4901 1675 4963 οὐσίαις·
1722 4905 1820 4971 τήν
1872 4901 1928 4957 δὲ

263 4995 329 5048 ἐν
383 4998 500 5055 τοῖς
557 4990 843 5059 αἰσθητοῖς
903 4990 1055 5062 ὕλην,
1116 4993 1190 5054 ὡς
1240 4989 1395 5060 ἐνδεῆ
1443 4991 1654 5046 πάντων
1711 4993 1818 5046 τῶν
1876 4993 1926 5046 ἓν

260 5087 393 5141 τοῖς
422 5085 660 5147 νοητοῖς·
697 5076 821 5133 οὔτε
868 5080 971 5153 γὰρ
1025 5077 1190 5148 εἶδος,
1237 5079 1358 5135 οὕτε
1410 5082 1522 5150 ζωὴ
1574 5079 1732 5150 αὐτή.
1783 5081 1931 5156 Ἐγέ-

260 5191 399 5226 νετο
433 5169 487 5225 δὲ
529 5169 690 5238 αὕτη»
743 5169 816 5229 ὥς
868 5189 1048 5244 φασιν,
1105 5169 1208 5223 ὑπὸ
1251 5174 1348 5224 τοῦ
1396 5165 1570 5240 ὄντος,
1613 5170 1670 5223 ὃν
1730 5167 1930 5247 ἔφησαν

259 5260 519 5334 γενέσθαι
582 5258 688 5311 ἀπὸ
754 5261 851 5310 τοῦ
924 5258 1142 5332 πρώτου
1213 5258 1302 5312 καὶ
1377 5258 1716 5334 ὑπερόντος·

1798 5254 1935 5314 ὥστε

261 5347 463 5420 ἕτερον
495 5346 662 5415 αὐτὴν
697 5347 859 5400 οὖσαν
898 5351 993 5400 τοῦ
1030 5342 1186 5408 ὄντος
1235 5347 1298 5402 οὑ
1355 5345 1602 5421 λέγουσιν
1654 5346 1819 5415 αὐτὴν
1869 5349 1937 5401 εῖτ

2033 4639 2160 4703 est;
2193 4635 2472 4706 quoniam
2505 4633 2685 4704 igitur
2713 4633 2812 4688 ille
2854 4639 2942 4689 est
2972 4650 3153 4706 supra
3200 4650 3324 4700 ens,
3377 4634 3520 4688 illud
3571 4651 3676 4689 ens

2035 4725 2186 4793 quod
2219 4726 2290 4778 ab
2321 4724 2448 4795 ipso
2485 4722 2762 4794 procedit,
2779 4728 3046 4778 vocatum
3084 4722 3193 4777 fuit
3223 4723 3517 4777 diversum
3550 4740 3676 4790 ens,

2038 4814 2110 4868 ab
2142 4818 2274 4867 ente
2306 4813 2360 4866 in
2388 4812 2694 4881 subjecto:
2730 4828 2833 4866 ens
2850 4812 3006 4866 enim
3033 4812 3187 4882 quod
3216 4812 3438 4876 dicunt,
3473 4811 3681 4865 intelli-

2038 4901 2302 4973 gibilium
2339 4901 2646 4955 materiam
2680 4899 2999 4971 appellant,
3037 4899 3261 4954 ratione
3312 4899 3438 4954 sola
3475 4899 3680 4955 visibi-

2039 4992 2151 5047 lem
2180 5011 2192 5058 ;
2227 5007 2399 5061 quam
2432 4991 2608 5044 etiam
2645 4990 2889 5044 formam
2925 4994 2980 5043 et
3011 4989 3189 5043 vitam
3241 4988 3460 5059 dicunt,
3506 4989 3682 5043 veluti

2043 5082 2192 5152 quod
2226 5079 2697 5150 intelligibilibus
2729 5078 3043 5147 subjicitur
3062 5078 3358 5148 essentiis,
3376 5080 3682 5135 materiam

2042 5186 2173 5223 vero
2205 5167 2572 5222 sensibilium
2611 5171 2675 5220 ut
2707 5165 2968 5236 indigam
2989 5165 3254 5222 omnium
3279 5184 3404 5238 qua:
3433 5168 3682 5225 inintel-

2045 5258 2406 5329 ligibilibus;
2441 5273 2508 5312 ea
2539 5256 2693 5311 enim
2727 5272 2912 5327 neque
2948 5257 3132 5312 forma
3171 5273 3362 5330 neque
3404 5259 3522 5314 vita
3575 5264 3684 5316 est.

2043 5348 2173 5403 Haec
2202 5351 2399 5411 autem
2432 5346 2717 5416 producta
2747 5345 2880 5417 fuit,
2913 5349 2978 5401 ut
3010 5346 3196 5415 aiunt,
3230 5348 3302 5404 ab
3333 5353 3486 5419 ente,
3511 5366 3684 5422 quem

1258 5479 1264 5484 Α
1300 5525 1532 5584 VARIZE
1571 5526 1956 5585 LECTIONES
1996 5526 2084 5584 ET
2120 5523 2678 5584 CORRECTIONES.

359 5653 382 5686 ’⁷
416 5649 632 5726 ἀλόγοις
707 5650 728 5685 ⁸
759 5648 1016 5728 ἀγγέλων.

610 5780 873 5842 Parnm.
921 5781 1032 5842 Gn.
1076 5779 1178 5844 ιν.

3292 5780 3371 5841 10
