4000 6200
369 310 478 363 290

1211 313 1578 365 APPENDIX
1620 313 1715 364 AD
1752 311 1993 364 OPERA
2031 313 2089 363 8.
2133 312 2442 368 DIONYBII
2480 310 2983 369 AREOPAGITJE.

3671 313 3768 369 300

377 434 650 488 dixerunt
681 449 713 488 a
743 431 933 504 primo
964 437 1020 487 et
1051 449 1328 504 supremo
1361 436 1492 489 ente
1548 433 1812 505 genitum
1839 452 1853 501 ;
1893 450 2022 504 pro-

2141 452 2246 500 ναι,
2277 433 2359 501 ὃν,
2391 431 2539 489 ἀλλὰ
2591 434 2666 505 μή
2723 426 2802 485 ἔν’
2833 430 2960 508 φασὶ
3008 430 3109 507 γὰρ
3140 437 3342 508 χρῆναι
3382 433 3481 502 τὴν
3514 430 3769 490 ὑπόϐασιν

378 527 576 594 pterea
605 538 758 585 eam,
790 520 1012 576 scilicet
1062 521 1391 594 materiam,
1443 539 1578 578 cum
1627 523 1705 578 sit
1763 522 1920 578 aliud
1951 523 2023 577 ab

377 616 530 675 ente,
564 627 676 665 non
711 611 915 665 dicunt
945 611 1128 681 ipsum
1164 627 1291 666 esse
1320 628 1423 666 ens
1472 613 1573 666 sed
1608 629 1722 666 non
1755 628 1898 680 ens;
1931 612 2024 666 di-

379 703 519 754 cunt
548 699 704 753 enim
738 704 1003 770 oportere
1035 700 1367 768 subjectum
1417 701 1592 756 etiam
1645 702 1713 756 ad
1767 707 2025 756 extrema

387 788 740 860 pertingere,
773 789 1019 859 ideoque
1050 789 1252 843 dicunt
1286 789 1594 844 materiam
1626 790 1766 860 quid
1799 791 1870 845 ab
1893 795 2025 845 ente

379 883 437 933 et
468 878 710 947 pulchro
759 878 1077 944 diversum,
1129 894 1261 932 cum
1311 894 1500 948 neque
1547 878 1860 950 pulchrum
1909 880 2021 946 sit;

382 968 548 1021 aiunt
577 966 758 1038 igitur
789 966 934 1020 nihil
965 967 1224 1021 efﬁcacia
1253 983 1352 1021 seu
1375 967 1712 1038 operatione
1735 983 1862 1022 esse
1883 987 1896 1035 ;
1921 969 2022 1023 sed

383 1055 661 1111 omnibus
689 1072 814 1126 quae
847 1055 1051 1126 inipsa
1084 1055 1634 1121 conveniunt,160
1667 1061 1732 1111 ut
1762 1057 1949 1112 forma
1971 1060 2026 1111 et

382 1144 667 1218 qualitate
693 1144 944 1216 privari;
981 1160 1169 1215 neque
1203 1146 1359 1200 enim
1393 1145 1648 1217 seipsam
1685 1147 1742 1200 in
1765 1147 2023 1217 aliquam

380 1235 634 1308 speciem
667 1235 953 1301 etl‘ormat,
988 1235 1146 1290 velut
1183 1236 1335 1303 caeli,
1384 1242 1572 1305 terrae,
1625 1236 1800 1304 aeris,
1836 1254 2022 1308 aquae,

381 1324 747 1392 animalium,
780 1329 1098 1391 astrorum,
1133 1340 1321 1395 neque
1351 1325 1631 1396 qualitate
1692 1326 1891 1395 afficit,
1925 1327 2024 1381 sed

381 1415 452 1469 ab
480 1414 592 1468 alio
623 1415 695 1469 ad
722 1413 842 1468 haec
889 1413 1262 1484 disponitur;
1295 1418 1357 1468 ut
1404 1415 1582 1485 igitur
1626 1415 1774 1469 nihil
1829 1433 2024 1470 rerum

383 1503 746 1559 exsistcnsin
766 1502 1211 1573 seipsa,scilicet
1242 1504 1440 1558 formae
1473 1509 1530 1558 et
1559 1505 2025 1574 qualitatis,cum

382 1597 612 1647 tantum
643 1593 858 1648 virtute
909 1592 1028 1647 haec
1060 1592 1288 1659 habeat,
1340 1593 1394 1646 id
1450 1597 1535 1647 est
1585 1595 1655 1648 ad
1692 1595 1937 1649 formam
1972 1600 2029 1650 et

383 1681 727 1752 qualitatem
760 1681 968 1739 elevari
1004 1681 1228 1752 possit;
1265 1697 1379 1736 non
1406 1697 1541 1737 vero
1563 1683 1898 1752 operatione
1931 1682 2028 1737 ali-

383 1771 525 1843 quid
559 1771 769 1826 horum
802 1771 1111 1840 sit,merito
1142 1775 1232 1824 est
1264 1787 1374 1824 non
1407 1787 1672 1834 ens,cum
1705 1788 1807 1842 per
1833 1788 1892 1826 se
1909 1773 2029 1826 efﬂ-

384 1860 542 1915 cacia
589 1876 690 1914 seu
743 1859 1076 1930 operatione
1125 1875 1241 1912 non
1292 1858 1407 1926 sit;
1466 1866 1826 1930 quaprOpter
1875 1860 2033 1915 velut

389 1951 575 2004 forma
607 1964 670 2003 ac
704 1947 988 2018 qualitate
1019 1963 1247 2016 carens,
1279 1952 1336 2001 et
1365 1964 1478 2002 non
1512 1964 1616 2002 ens
1650 1948 2033 2020 omniumque

388 2038 684 2109 indigens,
717 2037 788 2091 ab
821 2036 967 2108 ipsis
1007 2040 1210 2091 vocata
1259 2041 1349 2091 est
1380 2037 1624 2092 malum.
1675 2037 1806 2092 Hzec
1855 2038 2035 2109 igitur

391 2127 623 2182 solvens
655 2126 888 2181 divinus
913 2125 1224 2196 Dionysius
1258 2125 1339 2179 ait
1380 2143 1392 2179 :
1437 2126 1735 2189 Quomodo
1788 2128 2034 2182 materia

391 2214 615 2270 malum
650 2215 950 2285 producet,
985 2230 1111 2284 quae
1145 2229 1387 2284 prorsus
1431 2229 1546 2268 non
1589 2217 1677 2268 est
1727 2213 2034 2268 efﬁcacia?

390 2305 712 2375 producere
763 2303 919 2358 enim
970 2307 1058 2358 est
1107 2302 1418 2370 efﬁcacia;
1472 2301 1614 2373 quin
1685 2318 1874 2374 neque
1923 2301 2032 2357 ali-

391 2394 534 2464 quid
569 2393 689 2463 pati
719 2391 893 2459 valet,
927 2408 1028 2463 per
1049 2391 1302 2462 seipsam
1347 2391 1539 2446 solum
1587 2391 1876 2446 exsistens
1911 2407 1924 2446 :
1959 2393 2032 2447 ab

388 2482 501 2537 alio
533 2481 690 2536 enim
725 2498 826 2551 per
857 2497 963 2536 nos
993 2481 1052 2535 in
1096 2481 1333 2535 formam
1369 2484 1426 2534 et
1462 2480 1801 2548 qualitatem
1836 2479 2030 2550 dispo-

389 2572 584 2632 nitur;
620 2586 733 2624 non
767 2569 985 2640 patitur
1015 2585 1151 2639 ergo
1185 2585 1319 2623 cum
1353 2573 1443 2624 est
1473 2567 1756 2623 solitaria.
1791 2567 1851 2624 Si
1899 2586 2031 2625 vero

386 2676 512 2715 eam
544 2675 659 2713 non
692 2674 820 2714 esse
854 2656 1069 2725 dicitis,
1103 2673 1235 2712 cum
1269 2655 1675 2727 nihilprorsus
1709 2657 1809 2723 sit,
1845 2674 2034 2729 neque

388 2747 609 2803 malum
642 2747 753 2802 erit
776 2761 962 2817 neque
984 2747 1203 2801 bonum
1233 2763 1244 2800 :
1279 2745 1328 2800 si
1352 2750 1545 2800 autem
1574 2746 1650 2799 sit
1667 2761 1772 2800 ens
1793 2746 2031 2817 aliquod

389 2842 492 2890 aut
522 2853 590 2892 ex
623 2839 734 2891 Deo
766 2840 874 2904 est,
907 2839 1009 2890 aut
1038 2852 1106 2890 ex
1137 2835 1350 2905 seipsa,
1371 2839 1470 2888 aut
1501 2850 1571 2888 ex
1604 2833 1716 2888 alio
1746 2835 2030 2906 principio

2131 521 2220 576 καὶ
2257 521 2558 596 μέχριτῶν
2612 521 2856 595 ἐσχάτων
2901 518 3061 586 ἱέναι,
3111 520 3199 574 καὶ
3252 518 3343 575 διὰ
3387 526 3547 577 τοῦτο
3596 520 3768 593 ἕτερόν

2134 632 2259 688 φασι
2313 612 2411 679 τὴν
2464 608 2601 680 ὕλην
2650 614 2746 664 τοῦ
2790 605 2968 676 ὄντος,
3016 609 3106 664 καὶ
3154 613 3250 665 τοῦ
3301 609 3493 679 καλοῦ,
3527 613 3601 675 ὡς
3638 612 3770 684 μηδέ

2132 699 2298 754 καλὸν
2341 699 2494 756 εἶναι.
2546 696 2711 756 Οὐδὲν
2763 700 2854 753 οῦν
2905 719 3063 776 φασιν
3114 699 3280 767 αὐτὴν
3331 701 3568 775 ἐνεργείᾳ
3619 701 3766 770 εἶναι,

2133 786 2278 843 ἀλλὰ
2320 790 2532 842 πάντων
2592 788 2907 863 ἐστερῆσθαι
2955 791 3062 842 τῶν
3110 788 3193 842 ἐπ’
3243 788 3411 858 αὐτῆς
3457 785 3773 862 συμϐαινόν-

2132 897 2262 944 των,
2321 881 2434 932 οἴον
2485 875 2661 939 ε’ίδους
2723 877 2812 932 καὶ
2870 876 3188 947 ποιότητος
3240 875 3363 933 οὕτε
3421 880 3525 953 γὰρ
3585 881 3770 948 ἐαυτῆν

2137 972 2346 1041 μορφοῖ
2375 966 2452 1028 εἷς
2494 965 2655 1031 εἶδος,
2703 969 2819 1020 οἷον
2869 964 3122 1040 οὐρανοῦ,
3163 973 3290 1041 γῆς,
3334 967 3516 1041 ἀέρος,
3565 966 3773 1039 ὕδατος,

2138 1057 2317 1124 ζώων,
2351 1055 2609 1130 ἀστέρων,
2651 1053 2774 1110 οὔτε
2826 1061 3000 1128 ποιοῖ,
3053 1055 3182 1111 ἀλλ’
3230 1057 3279 1126 ἐξ
3329 1057 3515 1131 ἐτέρου
3558 1064 3777 1129 κοσμεῖ-

2133 1165 2220 1198 ται
2278 1143 2352 1206 είς
2407 1150 2594 1202 ταῦτα.
2651 1146 2738 1206 Ὠς
2770 1145 2858 1198 οὖν
2919 1141 3070 1198 οὐδὲν
3124 1145 3257 1199 οὖσα
3311 1150 3420 1199 τῶν
3480 1141 3652 1200 ὄντων
3701 1147 3775 1201 ἐπ’

2133 1231 2293 1306 αὐτῇ,
2327 1230 2505 1296 ε’ίδους
2551 1233 2676 1309 φασὶ
2723 1232 2815 1287 καὶ
2863 1234 3179 1304 ποιότητος,
3230 1233 3393 1307 μόνον
3449 1231 3507 1289 δὲ
3556 1233 3777 1307 δυνάμει

2135 1323 2267 1377 οῦσα
2321 1326 2509 1390 ταῦτα,
2570 1323 2842 1378 τουτέστιν
2900 1323 2976 1384 εἰς
3018 1319 3160 1384 εἶδος
3207 1323 3297 1377 καὶ
3349 1324 3623 1394 ποιότητα
3679 1326 3778 1379 ἐνε-

2135 1417 2339 1485 χθῆναι
2388 1408 2680 1482 δυναμένη,
2737 1410 2800 1464 οὐ
2843 1411 2950 1483 μὴν
2998 1410 3238 1485 ἐνεργείᾳ
3278 1433 3329 1466 τι
3381 1413 3512 1467 οῦσα
3549 1413 3780 1482 τούτων,

2137 1499 2358 1562 εἰκότως
2392 1501 2466 1571 μὴ
2522 1496 2578 1552 ὅν
2631 1500 2762 1572 ἐπι,
2804 1501 2923 1563 καθ’
2971 1498 3166 1569 ἑαυτὴν
3216 1498 3453 1574 ἐνεργείᾳ
3498 1503 3576 1573 μὴ
3635 1503 3785 1556 οὖσα-

2137 1585 2222 1642 διὸ
2251 1587 2339 1641 καὶ
2373 1588 2446 1649 ὡς
2477 1585 2706 1649 ἀνείδεος
2754 1589 2842 1642 καὶ
2896 1588 2972 1650 ὡς
3020 1586 3232 1661 ἄποιος,
3275 1591 3367 1644 καὶ
3423 1592 3498 1661 μὴ
3545 1589 3648 1660 ὣν,
3696 1591 3782 1645 καὶ

2138 1677 2212 1739 ὡς
2240 1678 2450 1732 πάντων
2485 1675 2693 1749 ἐνδεὴς,
2728 1676 2934 1748 ἐκλήθη
2967 1679 3130 1732 κακὸν
3178 1680 3303 1752 παρ’
3354 1678 3554 1736 αὐτῶν.
3608 1683 3784 1737 Ταῦτα

2139 1767 2230 1821 οὗν
2283 1766 2429 1821 λύων
2479 1768 2506 1822 ὁ
2560 1771 2701 1830 θεῖος
2752 1766 3028 1828 Διονύσιός
3082 1789 3236 1845 φησι.
3270 1772 3391 1829 Πῶς
3419 1771 3642 1839 ποιήσει
3692 1790 3781 1824 κα-

2140 1857 2232 1910 κὸν
2265 1857 2298 1924 ἠ
2331 1855 2461 1926 ὕλη,
2493 1857 2527 1925 ἡ
2569 1855 2847 1918 παντελῶς
2897 1857 2970 1929 μὴ
3013 1857 3146 1911 οὖσα
3173 1860 3242 1930 τῇ
3287 1856 3544 1934 ἐνεργείᾳ,
3577 1859 3645 1914 τὸ
3687 1861 3784 1933 γὰρ

2141 1950 2316 1999 ποιεῖν
2363 1943 2628 2019 ἐνεργείας
2678 1944 2842 2000 ἐστίν’
2891 1943 3037 2000 ἀλλά
3087 1943 3229 2018 μηδὲ
3275 1947 3505 2022 πάσχειν
3542 1968 3598 2001 τι
3633 1945 3788 2002 δυνα-

2147 2034 2306 2106 μένη,
2354 2035 2471 2087 καθ’
2520 2032 2713 2101 ἑαυτὴν
2770 2034 2932 2106 μόνον
2994 2034 3143 2088 οὖσα·
3197 2033 3248 2104 ἐξ
3288 2033 3470 2111 ἐτέρου
3515 2038 3622 2111 γὰρ
3677 2037 3787 2099 καθ’

2144 2125 2291 2195 ἡμᾶς
2331 2127 2614 2194 κοσμεῖται
2665 2122 2740 2184 εἰς
2796 2120 2938 2183 εἶδος
2986 2121 3074 2176 καὶ
3131 2122 3422 2193 ποιότητα’
3477 2124 3539 2178 οὐ
3586 2127 3786 2200 πάσχει

2142 2212 2232 2266 οῦν
2260 2212 2378 2274 καθ’
2412 2211 2603 2278 ἐαυτήν
2657 2211 2810 2266 οὗσα.
2845 2210 2912 2267 Εἴ
2957 2208 3013 2264 δὲ
3060 2211 3134 2282 μὴ
3186 2209 3244 2266 ὃν
3275 2212 3446 2280 αὐτὴν
3478 2210 3690 2286 λέγετε,
3721 2214 3789 2275 ὡς

2140 2298 2418 2361 παντελῶς
2468 2298 2620 2354 οὐδὲν
2673 2300 2856 2367 οὖσαν,
2909 2296 3032 2353 οὔτε
3080 2300 3240 2354 κακὸν
3300 2299 3447 2355 ἔσται
3497 2299 3622 2357 οὔτε
3660 2303 3787 2377 ἀγα-

2140 2389 2256 2444 θόν’
2306 2388 2350 2442 εί
2391 2387 2447 2444 δέ
2490 2387 2599 2443 ἐστί
2647 2411 2700 2443 τι
2749 2387 2829 2457 ὃν,
2863 2390 2897 2460 ἢ
2934 2389 2992 2443 ἐκ
3044 2394 3178 2443 Θεοῦ
3224 2388 3363 2444 ἐστιν
3415 2389 3450 2459 ἢ
3488 2389 3538 2460 ἐξ
3569 2391 3785 2461 ἐαυτῆς,

2139 2480 2173 2547 ἣ
2203 2479 2252 2551 ἐξ
2285 2479 2466 2553 ἐτέρας
2517 2478 2719 2552 ἀρχῆς,
2761 2478 2850 2531 καὶ
2896 2477 3030 2547 αὑτῆ
3081 2478 3170 2532 καὶ
3203 2479 3230 2532 ὁ
3263 2478 3414 2540 Θεός’
3449 2479 3493 2534 εἰ
3542 2477 3601 2534 δε
3629 2480 3786 2554 ἀναγο

2139 2573 2292 2622 καῖον
2325 2568 2358 2636 ἠ
2411 2565 2540 2637 ὕλη,
2583 2566 2657 2628 ὠς
2704 2565 3168 2642 συμπληρωτικὸν
3198 2571 3219 2604 θ
3246 2567 3482 2641 κόσμου,
3531 2573 3656 2631 πῶς
3703 2590 3789 2623 κα-

2139 2656 2231 2710 κὸν
2266 2657 2299 2724 ἡ
2335 2654 2440 2722 ὕλη
2474 2675 2487 2723 ;
2521 2657 2689 2730 Ὅρος
2718 2656 2820 2731 γὰρ
2853 2655 3167 2730 ἀναγκαίου,
3212 2653 3411 2726 ἀίδιον,
3459 2655 3688 2728 ἄληθες,
3721 2657 3789 2719 ὠς

2141 2745 2448 2824 ὠφέλιμον,
2482 2744 2569 2800 οθία
2599 2745 2740 2800 ἐστὶν
2771 2748 2804 2815 ἡ
2834 2746 2995 2820 ἀρετὴ
3030 2745 3340 2825 ὠφελοῦσα.
3382 2746 3560 2806 ’Ἄλλο
3609 2752 3700 2804 οὗν
3731 2752 3790 2805 τὸ

2142 2835 2328 2906 κακὸν,
2362 2835 2451 2890 καὶ
2485 2833 2625 2892 ἄλλο
2654 2835 2716 2890 τὸ
2749 2836 3064 2910 ἀναγκαῖον.

394 2929 452 2980 et
476 2925 606 2996 ipsa
635 2929 693 2979 et
739 2927 888 2979 Deus
918 2929 1006 2979 est
1037 2943 1054 2978 :
1085 2925 1133 2979 si
1163 2941 1294 2979 vero
1343 2923 1741 2979 necessarium
1787 2924 1864 2980 sit
1915 2927 2156 2991 materia
2207 2932 2272 2982 ut
2321 2927 2544 2998 aliquid
2595 2927 2747 2997 quod
2799 2929 3088 2983 mundum
3140 2927 3453 3001 compleat,
3505 2932 3793 3002 quomodo

392 3013 638 3068 materia
668 3017 756 3068 est
789 3012 1007 3067 malum
1033 3013 1059 3067 ?
1089 3012 1350 3068 deﬁnitio
1379 3011 1533 3067 enim
1559 3013 1895 3079 necessarii,
1929 3018 2234 3086 aeternum,
2265 3033 2493 3087 verum,
2526 3020 2808 3088 tanquam
2835 3015 2999 3088 utile,
3043 3016 3196 3073 sicut
3223 3017 3410 3074 virtus
3459 3023 3549 3075 est
3581 3019 3746 3076 utilis
3777 3036 3791 3074 :

392 3117 529 3174 ergo
560 3100 717 3156 aliud
760 3105 851 3156 est
881 3100 1104 3156 malum
1135 3106 1193 3157 et
1222 3101 1378 3156 aliud
1413 3103 1835 3158 necessarium.

462 3217 667 3272 Malum
703 3217 852 3271 enim
884 3233 994 3287 qua
1032 3219 1189 3288 parte
1237 3217 1469 3272 malum.
1513 3221 1783 3272 Evertens
1832 3235 2031 3274 eorum

2219 3220 2297 3275 Τὸ
2351 3219 2453 3295 γὰρ
2512 3219 2674 3274 κακὸν
2734 3218 2770 3294 ᾗ
2825 3220 3010 3277 κακόν.
3073 3221 3414 3296 Ἀνατρέπων
3483 3223 3576 3284 τὰς
3642 3221 3792 3296 δόξας

394 3305 698 3376 opiniones
723 3306 823 3376 qui
856 3306 1078 3373 dicunt,
1131 3305 1432 3361 materiam
1467 3321 1596 3360 esse
1627 3307 1871 3375 malum,
1906 3308 1988 3362 ait
2019 3325 2032 3362 :

393 3396 694 3458 Quomodo
708 3395 850 3466 igitu
863 3412 964 3449 rex
977 3395 1532 3466 materiageneratur
1543 3400 1598 3450 ct
1613 3396 1764 3450 nutri
1777 3398 2036 3466 turquod

393 3502 461 3539 ex
491 3489 646 3539 terra
667 3484 950 3552 nascitur,
967 3483 1177 3554 plantae
1207 3489 1263 3539 et
1291 3483 1568 3540 animalia
1601 3486 1623 3538 ?
1653 3490 1710 3539 et
1741 3484 1860 3539 haec
1883 3485 2035 3539 enim

393 3591 460 3629 ex
493 3575 678 3628 forma
713 3578 770 3628 et
819 3573 1062 3628 materia
1111 3578 1248 3629 sunt
1279 3592 1290 3629 :
1327 3575 1619 3645 quomodo
1669 3573 1852 3645 igitur
1883 3576 2036 3644 quod

395 3679 498 3733 per
527 3680 587 3717 se
619 3661 840 3717 malum
874 3667 961 3718 est
992 3668 1230 3734 generat
1260 3669 1316 3717 et
1369 3663 1553 3717 nutrit
1602 3679 1788 3734 neque
1838 3665 2036 3717 statim

395 3752 721 3823 corrumpit
745 3769 809 3806 ac
825 3751 1223 3823 corrumpitur
1243 3751 1269 3805 ?
1301 3752 1420 3807 haec
1451 3757 1538 3806 est
1567 3753 1722 3807 enim
1756 3751 2038 3807 habitudo

398 3841 537 3896 mali
573 3858 585 3894 :
619 3858 817 3896 verum
852 3858 1042 3913 neque
1073 3842 1161 3910 (ut
1191 3842 1481 3912 quosdam
1507 3842 1722 3897 sentire
1769 3842 2038 3911 superius

397 3929 675 4001 diximus)
703 3930 948 3984 materia
981 3930 1036 3984 in
1073 3929 1361 3984 malitiam
1413 3931 1638 3985 animas
1664 3931 1905 3984 attrahit
1940 3947 2041 3999 per

396 4015 734 4070 irrationem
771 4017 981 4071 animae
1016 4023 1262 4088 partem,
1290 4019 1442 4088 quod
1492 4020 1666 4074 mista
1714 4019 1790 4074 sit
1821 4020 1878 4073 in
1914 4035 2039 4074 cor-

396 4119 533 4172 pore
567 4104 713 4172 parti
735 4103 942 4157 animm
968 4105 1189 4160 ratione
1210 4107 1428 4160 carenti
1456 4125 1468 4167 :
1505 4107 1671 4162 multi
1703 4108 1860 4162 enim
1888 4108 2038 4163 hanc

395 4194 615 4260 partem
647 4190 1019 4258 domuerunt,
1054 4197 1116 4245 ut
1147 4195 1334 4247 sancti
1368 4180 1505 4260 Dei;
1539 4196 1818 4265 quoniam
1839 4203 2034 4253 autem

391 4280 631 4351 quidam
654 4277 1176 4350 gentiliumdicunt
1216 4287 1523 4351 propterea
1552 4283 1760 4338 coelum
1793 4289 1849 4339 et
1879 4291 2038 4342 astra

392 4386 507 4423 non
539 4370 858 4438 corrumpi,
893 4368 1031 4438 quia
1080 4386 1146 4422 ex
1196 4369 1416 4440 puriori
1464 4372 1746 4441 producta
1802 4374 2038 4429 fuerunt

392 4458 657 4523 materia,
691 4473 758 4512 ea
802 4461 998 4512 autem
1049 4475 1176 4529 qua:
1221 4459 1702 4529 corruptibilibus
1751 4462 2037 4519 inhaerent

391 4546 754 4618 corporibus,
785 4563 853 4602 ex
883 4547 1148 4617 subjecta
1195 4557 1250 4601 et
1298 4548 1582 4604 crassiore
1625 4551 1866 4607 materia
1897 4569 2036 4622 pro-

392 4637 548 4702 duci,
581 4653 712 4690 cum
747 4636 1076 4690 necessario
1108 4635 1166 4690 in
1201 4636 1582 4693 fundamento
1614 4645 1938 4695 crcatorum
1962 4643 2037 4697 sit

391 4731 669 4791 extrema,
719 4723 894 4779 talem
960 4725 1230 4791 evadere;
1285 4725 1530 4796 ideoque
1593 4729 1864 4784 inferiora
1914 4748 2034 4785 cor-

394 4819 771 4886 rumpuntur,
810 4812 1167 4882 minimeque
1210 4818 1388 4881 stant,
1436 4817 1591 4884 quod
1643 4834 1756 4872 non
1804 4821 2036 4890 possint

329 4955 342 4962 -
393 4903 624 4958 fundari
689 4903 1050 4973 ﬁrmiterque
1116 4917 1249 4957 cum
1299 4903 1511 4974 seipsis
1574 4904 1810 4973 haerere,
1881 4908 2034 4962 sicut

390 4991 600 5046 coelum
633 4996 688 5046 et
718 4997 894 5046 astra.
929 4991 987 5046 Si
1021 4990 1202 5062 igitur
1234 4993 1564 5047 necessario
1607 4993 1690 5048 sic
1721 4996 1843 5063 fiat,
1879 4998 2024 5052 IBI

390 5081 683 5148 quomodo
715 5081 959 5136 materia
994 5085 1084 5135 est
1116 5080 1359 5150 malum,
1393 5097 1525 5136 cum
1569 5086 1892 5140 secundum
1926 5103 2031 5143 nos

390 5169 448 5221 in
502 5185 564 5222 se
604 5169 1005 5225 necessarium
1073 5171 1326 5226 habeat?
1374 5174 1500 5226 Non
1556 5171 1737 5243 igitur
1785 5176 2031 5232 materia

390 5253 636 5311 malum.

2149 3312 2254 3362 τῶν
2293 3305 2561 3384 λεγόντων
2608 3309 2769 3363 κακὸν
2823 3309 2956 3365 εἶναι
2998 3311 3097 3379 τήν
3139 3309 3301 3380 ὕλην,
3343 3313 3497 3388 φησί·
3533 3317 3659 3376 Πῶς
3707 3315 3791 3367 οὖν

2149 3397 2199 3466 ἐξ
2250 3396 2388 3467 ὕλης
2439 3403 2685 3474 γεννᾶται
2737 3399 2826 3452 καὶ
2873 3399 3121 3476 τρέφεται
3163 3400 3195 3468 ἠ
3252 3393 3470 3476 ἔκφυσις
3531 3405 3637 3454 τῶν
3690 3399 3791 3454 ἀπὸ

2147 3492 2272 3560 γῆς,
2325 3486 2463 3561 φυτὰ
2515 3488 2602 3541 καὶ
2665 3491 2776 3556 ζῶα
2810 3517 2824 3556 ς
2855 3487 2944 3542 καὶ
2991 3492 3158 3543 ταῦτα
3201 3491 3302 3564 γὰρ
3357 3489 3408 3559 ἐξ
3465 3487 3645 3552 εἴδους
3702 3492 3788 3544 καὶ

2148 3574 2288 3645 ὕλης
2332 3574 2453 3631 εἶσί.
2487 3576 2556 3630 Τὸ
2609 3575 2698 3629 οὗν
2751 3577 3047 3632 αὑτόκακον
3081 3581 3195 3639 πῶς
3239 3583 3398 3651 γεννᾷ
3444 3579 3535 3632 καὶ
3583 3581 3791 3654 τρέφει,

2146 3665 2234 3718 καὶ
2267 3664 2365 3718 οὑκ
2413 3663 2568 3728 εὐθὺς
2609 3665 2815 3742 φθείρει
2863 3666 2952 3720 καὶ
3002 3666 3270 3744 φθείρεται
3306 3686 3319 3735 ;
3355 3666 3488 3736 αὕτη
3534 3667 3637 3742 γὰρ
3688 3665 3793 3737 ἕξις

2145 3757 2241 3807 τοῦ
2266 3757 2453 3807 κακοῦ⁸
2497 3751 2623 3808 ἀλλ’
2670 3751 2812 3825 οὔτε,
2864 3755 2937 3816 ὠς
2986 3753 3190 3832 ἔφημεν
3238 3757 3348 3810 ἄνω
3395 3755 3570 3830 λέγειν
3619 3758 3790 3825 τινας,

2148 3842 2431 3916 ἐφέλκεται
2465 3843 2542 3906 εἷς
2573 3843 2759 3898 κακίαν
2791 3844 2886 3908 τὰς
2915 3847 3086 3919 ψυκᾶς
3119 3848 3152 3915 ἠ
3188 3845 3293 3916 ὕλη
3331 3843 3418 3900 ’διά
3461 3851 3557 3901 τοῦ
3591 3845 3793 3922 ἀλόγου

2153 3930 2350 4005 μέρους
2389 3937 2490 3999 τῆς
2534 3935 2738 4007 ψυχῆς,
2785 3929 2870 3986 διὰ
2915 3937 3011 3987 τοῦ
3067 3933 3321 4006 σώματος
3375 3934 3685 4009 μεμιγμένη
3719 3939 3794 4004 τῷ

2148 4018 2333 4095 ἀλόγῳ
2362 4026 2460 4088 τῆς
2513 4024 2717 4094 ψυχῆς·
2763 4019 2967 4076 πολλοὶ
3008 4021 3110 4096 γὰρ
3143 4022 3440 4096 ἐκράτησαν
3485 4021 3581 4076 τοῦ
3611 4024 3794 4076 τοιού.

2145 4129 2242 4162 του
2295 4109 2509 4183 μέρους,
2552 4108 2625 4169 ὠς
2673 4110 2724 4162 o't
2775 4110 2915 4185 ἅγιοι
2964 4114 3060 4163 τοῦ
3097 4115 3253 4166 Θεοῦ.
3285 4108 3505 4179 Ἐπειδὴ
3558 4109 3616 4166 δέ
3656 4107 3792 4166 ἔτιοι

2145 4201 2251 4252 τῶν
2300 4196 2576 4268 Ἑλλήνων
2629 4199 2777 4274 φασὶ,
2831 4196 2921 4254 διὰ
2970 4203 3132 4254 τοῦτο
3188 4200 3278 4253 τὸν
3329 4199 3558 4273 οὐρανὸν
3596 4199 3686 4254 καί
3730 4202 3795 4254 τὰ

2146 4288 2311 4359 ἄστρα
2358 4288 2432 4358 μή
2499 4287 2826 4364 φθείρεσθαι,
2878 4285 2968 4342 διὰ
3031 4289 3092 4342 τὸ
3152 4287 3212 4342 ἐκ
3255 4291 3352 4342 τοῦ
3410 4287 3794 4363 καθαρωτέρου

2143 4382 2242 4444 τῆς
2298 4375 2435 4446 ὕλης
2479 4377 2723 4452 γενέσθαι
2797 4377 2863 4432 τὰ
2918 4375 2975 4432 δὲ
3032 4383 3282 4452 προσεχῆ
3341 4383 3457 4439 τοῖς
3531 4379 3794 4455 φθαρτοῖς

2145 4465 2390 4536 σώμασιν
2447 4463 2507 4519 ἐκ
2552 4472 2651 4534 τῆς
2722 4466 3077 4538 ὑποστάθμης
3141 4465 3229 4520 καὶ
3285 4463 3596 4540 παχυτέρας
3657 4465 3796 4536 ὕλης

2069 4591 2112 4654 D
2146 4552 2362 4630 λέγουσι
2431 4556 2695 4630 γενέσθαι·
2777 4557 3080 4630 ἀναγκαίως
3154 4557 3273 4610 καθ’
3351 4551 3613 4610 ὑπόϐασιν
3687 4560 3796 4611 τῶν

2143 4645 2464 4698 κτισθέντων
2512 4644 2746 4720 ἐσχάτην
2803 4647 2985 4716 οὖσαν,
3045 4640 3320 4715 ἀποϐῆναι
3370 4645 3651 4715 τοιαύτην·
3706 4643 3794 4700 διὸ

2144 4733 2230 4786 καὶ
2290 4733 2593 4809 φθείρονται
2671 4736 2730 4789 τὰ
2803 4736 3104 4810 κατώτερα,
3163 4735 3252 4789 καὶ
3332 4733 3641 4799 ἀστατοῦσι,
3715 4738 3789 4807 μὴ

2145 4819 2409 4894 δυνάμενα
2458 4821 2706 4896 ἱδρῦσθαι
2761 4823 2849 4878 καὶ
2913 4817 3146 4899 βεϐαίως
3209 4820 3354 4898 ἔχειν
3421 4822 3505 4893 ἐφ’
3560 4824 3793 4898 ἐιιιυτοῖς⁹

2143 4909 2216 4971 ὠς
2267 4912 2294 4964 ὁ
2355 4911 2583 4985 οὐρανὸς
2640 4912 2729 4966 καὶ
2803 4913 2870 4966 τὰ
2937 4913 3151 4988 ἄστρα.
3208 4911 3273 4965 Εἴ
3331 4911 3421 4965 οὗν
3486 4911 3792 4986 ἀναγκαίως

2143 4999 2284 5052 οὕτω
2344 5001 2554 5074 γέγονε,
2612 5004 2730 5063 πῶς
2778 5002 2811 5070 ἡ
2846 4999 2951 5070 ὕλη
3000 5000 3186 5066 κακὸν,
3245 4995 3450 5075 ἔχουσα
3479 5001 3599 5054 καθ’
3647 5003 3794 5073 ἡμᾶς

2141 5087 2192 5141 ἐν
2245 5089 2405 5162 ἐαυτῇ
2447 5091 2506 5143 τὸ
2558 5091 2843 5163 ἀναγκαῖον
2881 5109 2894 5159 ;
2927 5091 3044 5146 υὺκ
3093 5089 3182 5144 οὗν
3234 5087 3534 5163 [οὐδαμῶς]
3596 5092 3630 5159 ἠ
3682 5087 3790 5160 ὕλη

2138 5177 2324 5233 κακόν.

1381 5442 1620 5501 VARI/E
1659 5443 2060 5504 LECTIONES
2101 5447 2191 5501 ET
2232 5445 2790 5506 CORRECTIONES.

462 5613 482 5648 θ
512 5606 974 5684 συμπληρωτικὴ.
