4000 6200
284 355 387 410 301

354 478 612 547 ἓΧΧΙΧ.
673 479 738 535 Ἦ
788 479 1039 553 στέρησις
1094 479 1231 534 κατὰ
1288 476 1513 552 δύναμιν
1550 520 1563 534 .

288 588 370 630 σις
398 567 501 622 οὐκ
528 564 674 623 ἐστιν
710 568 1004 632 ὑπόστασις
1049 589 1156 636 τις,
1186 567 1335 624 ἀλλὰ
1380 568 1504 637 περὶ
1534 568 1595 622 τὸ
1640 565 1938 641 ἕστερημό-

287 676 374 711 νον
404 660 504 711 τοῦ
533 661 789 731 παρεῖναι
829 655 1133 734 πεφυκότος
1180 656 1269 711 καὶ
1318 651 1713 720 ἐπιϐάλλοντος
1761 652 1938 717 εἷ’δους

285 744 515 819 γίνεται,
578 746 653 807 ὡς
707 745 796 800 καὶ
846 744 1088 809 ἐνταῦθα·
1150 750 1389 820 μερικῶς
1444 747 1547 822 γὰρ
1602 753 1703 814 τῆς
1753 747 1941 818 στερή-

288 854 425 896 σεως
459 831 627 905 οὔσης
659 833 709 888 ἐν
740 839 809 909 τῇ
860 833 967 910 ὕλη
1018 839 1116 890 τοῦ
1167 832 1364 902 εἷ’δους,
1413 830 1563 890 ἔσται
1612 839 1709 889 τοῦ
1737 836 1939 911 ἀγαθοῦ

284 943 338 977 τι
370 921 424 977 ἐν
456 922 617 999 αὐτῇ,
648 924 783 988 καθὸ
832 924 922 978 καί
977 921 1155 984 εἶ’δους
1202 924 1292 979 καὶ
1320 924 1530 997 κόσμου
1566 922 1687 1004 ἐρᾷ,
1731 924 1822 979 καὶ
1855 921 1940 978 δὲ-

284 1032 445 1088 χεται
478 1017 648 1068 ταῦτα
695 1014 769 1075 ὡς
822 1013 1016 1089 ἀγαθά.
1047 1014 1118 1068 Τὸ
1151 1010 1209 1068 δὲ
1240 1012 1541 1068 αὐτόκακον
1589 1012 1710 1068 οὕτε
1741 1012 1940 1089 ἀγαθοῦ

288 1101 584 1174 μετουσίαν
637 1099 874 1177 δέχεται,
926 1100 1011 1157 διὸ
1059 1099 1185 1157 οὕτε
1238 1101 1395 1156 ἐστίν’
1447 1103 1617 1179 ἡγὰρ
1667 1100 1942 1170 παντελὴς

287 1191 546 1264 στέρησις
600 1191 688 1247 καὶ
738 1190 869 1246 αὐτὸ
906 1192 970 1246 τὸ
1019 1190 1373 1265 ὑποκείμενον
1407 1195 1567 1265 σῶμα
1608 1191 1833 1268 φθείρει,
1867 1192 1943 1255 ὡς

286 1279 437 1354 μηδὲ
466 1281 623 1337 νόσον
668 1284 713 1319 ¹⁰
740 1277 818 1336 ἔτι
865 1282 1171 1354 ὑπομεῖναν
1225 1280 1344 1344 ὅθεν
1393 1280 1482 1336 καὶ
1529 1278 1799 1354 ἀδόναμον
1846 1279 1941 1334 αὐ-

280 1371 386 1438 τὴν
438 1370 609 1426 εἶπεν·
657 1372 692 1441 ἠ
745 1367 803 1426 δὲ
855 1371 1076 1446 μερικθμ
1108 1370 1182 1432 ὡς
1224 1368 1428 1445 ἔχουσά
1471 1391 1523 1425 τι
1570 1373 1668 1426 τοῦ
1714 1369 1940 1445 ἀγαθοῦ,

285 1457 522 1532 δύναμιν
551 1457 767 1536 λέγεται
797 1456 969 1535 ἔχειν.

357 1549 588 1619 ςΧΧΧ.
646 1548 821 1605 Ἀλλὰ
868 1548 1000 1613 καθὸ
1063 1547 1124 1603 οὗ
1177 1544 1472 1618 παντελής.
1526 1548 1693 1622 “Ορος
1753 1546 1941 1602 σύντο-

286 1659 393 1711 μσς
425 1642 530 1692 τοῦ
556 1641 750 1708 κακοῦ,
783 1636 867 1693 ὅτι
916 1636 977 1692 οὐ
1028 1638 1165 1693 κατά
1215 1636 1395 1715 φύσιν,
1429 1634 1575 1692 ἀλλά
1619 1638 1755 1692 κατὰ
1787 1656 1938 1713 μερι-

280 1729 389 1796 κήν
420 1724 668 1801 ἔλλειψιν
698 1731 795 1782 τοῦ
826 1727 1027 1803 ἀγαθοῦ
1049 1726 1183 1783 ἐστι.

1038 357 1097 408 S.
1137 355 1413 412 MAXIM!
1447 356 1755 412 SCHOLIA
1793 356 1867 410 IN
1906 356 2039 409 LIB.
2082 358 2178 409 DE
2215 357 2489 411 DIVINIS
2527 355 2939 414 NOMINIBUS.

3593 366 3701 420 302

1623 479 1684 535 'H
1750 477 1941 550 στερη·
1972 477 2027 545 Α
2125 480 2153 545 §
2183 478 2380 535 XXIV.
2415 480 2664 537 Ρνίυαίίο
2694 483 2754 537 vi
2779 498 2902 537 ma.
2936 483 3189 540 Privatio
3220 502 3334 541 non
3378 492 3469 544 est
3497 489 3698 563 aliqua

2049 568 2455 640 subsistentia,
2508 571 2608 626 sed
2654 569 2829 626 estin
2863 589 2930 626 eo
2974 574 3127 644 quod
3178 574 3443 646 privatur
3489 579 3691 649 forma,

2049 675 2176 729 quae
2211 676 2467 730 praesens
2500 676 2628 716 esse
2663 665 2853 731 potest
2894 667 2950 716 et
2982 661 3209 731 nititur,
3262 669 3326 719 ut
3354 664 3528 721 etiam
3562 668 3689 738 hic;

2050 748 2097 801 si
2131 747 2288 802 enim
2322 747 2564 818 privatio
2597 749 2792 805 formae
2827 751 2884 805 in
2916 752 3161 807 materia
3189 752 3265 808 sit
3295 755 3689 826 particularis,

2050 835 2267 907 aliquid
2300 837 2358 892 in
2395 854 2462 893 ea
2492 838 2629 893 boni
2662 839 2795 905 erit,
2829 844 3121 910 quatenus
3152 847 3209 896 et
3240 842 3487 899 formam
3514 851 3569 901 et
3590 863 3688 902 or-

2050 932 2254 980 natum
2281 926 2470 998 capit;
2504 933 2679 998 atque
2704 927 2823 982 haec
2843 935 2908 985 ut
2941 930 3092 984 bona
3118 931 3560 1002 suscipit.Quod
3583 952 3690 991 au-

2048 1018 2165 1069 tem
2191 1032 2292 1086 per
2320 1032 2380 1070 se
2412 1016 2895 1081 malum,nullam
2932 1018 3062 1071 boni
3082 1022 3559 1077 communionem
3588 1026 3690 1078 ad-

2053 1104 2437 1175 mittit,quare
2467 1120 2657 1176 neque
2687 1110 2777 1161 est
2804 1122 2817 1168 ;
2851 1106 3122 1162 absoluta
3153 1109 3311 1163 enim
3346 1111 3590 1181 privatio
3617 1112 3697 1168 ita

2050 1194 2225 1248 etiam
2260 1210 2431 1249 suum
2465 1194 2795 1264 subjectum
2827 1211 3042 1266 corpus
3086 1200 3433 1269 corrumpit,
3486 1204 3550 1255 ut
3597 1218 3697 1257 ne-

2052 1282 2493 1353 queatamplius
2513 1285 2782 1338 morbum
2807 1284 3097 1340 sustinere
3128 1303 3141 1340 :
3164 1288 3318 1341 unde
3342 1288 3529 1357 ipsam
3555 1306 3694 1361 quo-

2052 1388 2165 1442 que
2196 1372 2415 1427 viribus
2445 1388 2641 1428 carere
2672 1372 2980 1444 dixerunt;
3027 1375 3396 1445 particularis
3450 1394 3584 1434 vero
3633 1383 3697 1434 ut

2051 1461 2273 1532 aliquid
2302 1460 2442 1516 boni
2475 1462 2805 1533 possidens,
2837 1462 2956 1518 vim
2990 1463 3202 1519 habere
3233 1464 3467 1521 dicitur.

2120 1551 2352 1620 §XXX.
2386 1552 2489 1608 Sed
2525 1552 2829 1606 secundum
2876 1552 3014 1623 quod
3072 1569 3183 1607 non
3227 1556 3303 1609 est
3351 1555 3691 1612 omnimodo.

2049 1640 2246 1696 Brevis
2277 1641 2538 1697 definitio
2571 1639 2895 1713 mali,quod
2928 1658 3043 1697 non
3077 1642 3156 1697 sit
3185 1642 3242 1697 in
3277 1645 3690 1709 natura,sedin

2049 1728 2390 1800 particulari
2424 1729 2561 1785 boni
2592 1731 2845 1786 defectu.

362 1818 440 1889 [α]
485 1815 583 1871 Καὶ
643 1818 744 1885 τῆς
798 1815 936 1887 ὅλης
974 1814 1169 1878 αἰτίας.
1217 1816 1393 1886 ’Ὁλην
1442 1814 1613 1870 αἰτίαν
1671 1816 1770 1885 τήν
1827 1818 1934 1870 τῶν

2122 1821 2184 1874 Et
2213 1835 2283 1874 ex
2312 1820 2524 1887 integra
2543 1820 2982 1876 causa.Causain
3014 1824 3193 1876 totam
3223 1824 3391 1876 vocat
3414 1823 3691 1893 quzeuni-

286 1901 437 1958 ὅλων
487 1903 642 1981 φησί.
693 1904 771 1960 Τὸ
823 1901 881 1959 δὶ
931 1905 1151 1977 μερικὸν
1204 1902 1434 1981 ε’ίρηκεν,
1479 1902 1572 1959 ’ίνα
1599 1905 1661 1959 τὸ
1700 1903 1940 1968 καθόλου

284 1992 477 2067 ἀνέλῃ
508 1994 789 2063 παντελὴς
847 1992 952 2070 γὰρ
1005 1991 1255 2069 ἔλλειψις
1282 1995 1346 2049 τὸ
1399 1995 1475 2069 μή
1522 1994 1654 2049 εἶναι
1687 1993 1941 2064 συνίστη-

284 2102 395 2139 σιν.

359 2167 517 2227 Οἶδεν
570 2171 599 2225 ὁ
646 2171 775 2233 Θεὸς
830 2191 892 2225 το
950 2171 1136 2227 κακόν.
1193 2170 1291 2226 Καὶ
1346 2172 1411 2226 τὰ
1470 2169 1745 2247 λεγόμενα
1799 2173 1939 2228 κακὰ

278 2256 423 2314 οἶδεν
479 2260 508 2313 ὁ
564 2260 693 2321 Θεὸς
724 2253 832 2315 ἔσθ’
865 2261 953 2315 ὅτε
985 2260 1058 2322 ὠς
1108 2259 1298 2335 ἀγαθά.
1332 2261 1478 2316 Κατὰ
1528 2259 1585 2315 δὲ
1626 2266 1716 2315 νῦν
1749 2281 1933 2339 φησιν,

278 2350 400 2403 οἷον
433 2346 743 2422 πολέμους,
791 2349 987 2411 νόσους
1030 2347 1398 2417 παιδευτικὰς,
1443 2350 1699 2412 θανὶτους
1749 2351 1935 2406 καὶτὰ

272 2441 522 2492 τοιαῦταο
556 2437 875 2511 νομίζονται
905 2439 1005 2512 γὰρ
1055 2440 1192 2513 ⁴ἡμῖν
1232 2440 1391 2494 κακά·
1424 2438 1526 2494 εἰσὶ
1576 2437 1633 2494 δὲ
1678 2437 1934 2512 δυνάμεις

277 2528 614 2601 ἀγαθοποιοῦ
645 2527 845 2591 αἰτίας·
878 2528 968 2583 καὶ
997 2530 1100 2604 γὰρ
1133 2526 1222 2583 διὰ
1270 2533 1377 2583 τῶν
1425 2528 1728 2602 εἰρημένων
1765 2531 1932 2601 μετεὶς

273 2637 399 2672 νοια
426 2616 518 2671 καὶ
552 2616 840 2691 ἐπίγνωσις
874 2622 1033 2685 Θεοῦ,
1063 2617 1152 2672 καὶ
1201 2613 1470 2680 εὐσεϐείας
1515 2623 1636 2680 τοῖς
1677 2617 1928 2673 πλείοσιν

273 2704 488 2781 ἐγένετο
546 2706 841 2786 πρόφασις,
888 2706 977 2762 καὶ
1036 2706 1088 2762 ἐν
1146 2713 1264 2769 τοῖς
1322 2709 1630 2785 προφήταις
1677 2711 1712 2778 ἠ
1769 2707 1929 2763 κακία

269 2793 497 2850 παιδεία
524 2795 761 2871 Λέγεται.
796 2796 1097 2872 Ἀνάγνωθι
1126 2796 1190 2852 τὸ
1218 2791 1302 2852 κε’
1325 2796 1640 2872 κεφάλαιον.

462 2974 599 3045 Παρ’
651 2973 797 3046 αὖτῷ
843 2976 898 3029 αἱ
952 2974 1137 3030 αἶ’τίαι.
1190 2974 1351 3032 Attia
1393 2979 1489 3030 τοῦ
1538 2975 1589 3031 ἐν
1637 2979 1717 3047 τῷ
1766 2974 1926 3031 ἀσελ-

273 3061 479 3137 γαίνιιν
507 3067 683 3117 κακοῦ
708 3065 744 3131 ἡ
778 3063 1037 3136 ἐπιθυμία
1066 3065 1211 3139 παρᾶ
1246 3064 1409 3139 λόγον
1440 3066 1740 3133 κινηθεῖσα.
1775 3062 1928 3121 Ἀλλ’

275 3149 413 3217 αὐτὴ
462 3152 496 3219 ἡ
559 3149 820 3222 ἐπιθυμία
868 3148 1097 3223 δύναμις
1149 3151 1473 3225 ἆγαθοποιὸς
1524 3150 1772 3226 λογικοῖς
1831 3154 1925 3223 μὲν

2051 1924 2347 1964 versorum
2392 1914 2501 1963 est.
2549 1909 2704 1964 Dixit
2769 1914 2964 1965 autem
3016 1910 3390 1981 particulare,
3447 1917 3512 1966 ut
3562 1912 3694 1967 uni-

2048 1996 2271 2053 versale
2298 1998 2555 2054 auferret
2587 2014 2599 2053 :
2636 1998 2905 2055 absoluta
2923 1999 3079 2055 enim
3104 2000 3353 2057 defectio
3375 2001 3694 2058 exsistendi

2048 2086 2435 2161 privationem
2467 2087 2793 2143 constituit.

2119 2177 2380 2247 Cognovit
2412 2177 2552 2231 Deus
2582 2177 2813 2231 malum.
2848 2176 3002 2232 Deus
3050 2177 3228 2233 etiam
3275 2193 3343 2234 ea
3375 2196 3502 2251 quae
3538 2180 3694 2236 mala

2046 2267 2323 2322 dicuntur
2342 2267 2501 2321 novit
2528 2267 2913 2337 ;quandoque
2938 2264 3090 2320 mala
3112 2272 3392 2337 tanquam
3420 2268 3572 2323 bona
3591 2287 3691 2340 ap-

2043 2355 2240 2428 pellat,
2275 2360 2338 2409 ut
2367 2353 2543 2417 bella,
2576 2354 2940 2425 morbos,qui
2974 2371 3165 2409 mores
3196 2355 3685 2427 corrigant,mor-

2040 2449 2129 2499 tes
2160 2451 2217 2499 et
2244 2443 2863 2514 similia.Ruputantur
2893 2442 3098 2498 enima
3126 2444 3295 2499 nobis
3330 2446 3482 2501 mala
3513 2451 3690 2513 ;sunt

2042 2538 2240 2591 autem
2261 2534 2412 2588 vires
2435 2548 2625 2587 causaa
2646 2535 2863 2587 bonum
2884 2534 3213 2604 praestantis
3238 2551 3250 2599 ;
3274 2551 3406 2589 nam
3425 2551 3526 2606 per
3548 2552 3689 2606 pra:-

2039 2624 2195 2679 dicta
2226 2622 2569 2695 pcenitentia
2600 2625 2657 2676 et
2689 2620 2784 2675 Dei
2817 2620 3070 2693 cognitio
3119 2622 3463 2693 acquiritur,
3498 2623 3685 2695 pluri-

2038 2713 2265 2783 busque
2307 2709 2541 2781 pietatis
2584 2710 2812 2765 occasio
2862 2710 2991 2776 fuit,
3045 2716 3222 2783 atque
3268 2711 3328 2766 in
3379 2712 3682 2784 prophetis

2036 2801 2283 2866 malitia,
2317 2798 2629 2870 disciplina
2659 2815 2762 2855 seu
2790 2798 3089 2870 castigatio
3122 2799 3358 2855 dicitur.
3403 2800 3550 2874 Lege
3582 2817 3683 2857 ca-

2037 2894 2144 2962 put
2170 2890 2260 2943 22.

2105 2984 2281 3035 Penes
2312 2979 2489 3049 ipsum
2521 2993 2718 3032 causae.
2752 2976 2942 3036 Causa
2963 2977 3101 3032 mali
3133 2977 3192 3031 in
3226 2976 3579 3034 lasciviendo
3599 2982 3688 3033 est

2036 3065 2513 3138 concupiscentia
2546 3071 2756 3137 prteter
2784 3065 3072 3121 rationem
3110 3072 3286 3122 mota.
3321 3069 3454 3137 Ipsa
3486 3069 3681 3122 tamen

2036 3155 2512 3228 concupiscentia
2541 3158 2633 3209 est
2674 3154 2921 3210 facultas
2971 3154 3106 3210 boni
3150 3155 3412 3211 effectrix
3455 3156 3682 3212 ratione

277 3238 416 3312 πρὸς
447 3238 510 3293 τὸ
544 3236 615 3292 δι’
665 3239 835 3308 αὐτῆς
890 3240 1026 3316 πρὸς
1073 3240 1134 3296 τὸ
1184 3237 1353 3302 ὅντως
1399 3239 1756 3296 ἀνατείνεσθαι
1791 3242 1927 3315 ἀγα-

2054 3247 2271 3318 ιυίόοω
2306 3244 2627 3314 utentibus,
2664 3248 2726 3299 ut
2754 3260 2855 3316 per
2886 3245 3070 3315 ipsam
3106 3261 3343 3315 sursum
3379 3244 3450 3299 ad
3481 3261 3678 3300 verum

278 3327 393 3391 θόν⁸
426 3326 651 3403 ἀλόγοις
690 3325 747 3382 δὲ
792 3329 928 3403 πρὸς
976 3324 1148 3405 ὄρεξιν
1188 3327 1297 3385 τῶν
1344 3326 1664 3399 ἐπιτηδείων
1713 3335 1812 3398 τῆς
1842 3330 1925 3383 οἱ-

277 3416 425 3479 κείας
459 3414 749 3490 διαμονῆς.

346 3597 422 3671 [γ]
486 3595 548 3652 Ei
608 3593 667 3651 δὲ
720 3596 784 3651 τὸ
837 3597 999 3652 κακὸν
1058 3594 1266 3653 ἀίδιον.
1326 3601 1503 3652 Ταῦτα
1557 3599 1695 3654 κατὰ
1751 3600 1925 3656 Μανι-

274 3685 451 3760 χαίων
480 3680 735 3762 ἔλεγχος,
766 3686 856 3741 καὶ
885 3693 984 3754 τῆς
1015 3683 1176 3757 δόξης
1206 3686 1384 3741 αὐτῶν
1417 3686 1796 3763 ἀνατροπή.Εἷ
1825 3688 1924 3763 γὰρ

272 3775 363 3830 καὶ
399 3776 574 3847 μήπω
604 3777 640 3842 ἠ
674 3772 897 3850 αἵρεσις,
925 3774 1073 3830 ἀλλὰ
1117 3773 1574 3852 προφυλακτικῶς
1605 3777 1922 3848 ἐνεπνεόσθη

274 3864 341 3918 τὰ
368 3864 475 3931 τήν
505 3861 723 3934 πλάνην
755 3865 937 3919 αὐτῶν
968 3862 1353 3936 ἀνατρέποντα.
1387 3865 1546 3929 Ἴσως
1570 3863 1627 3921 δὲ
1656 3868 1744 3921 καὶ
1787 3866 1925 3944 πρός

275 3972 428 4014 τινας
456 3957 569 4008 τῶν
594 3950 787 4025 ἶξωθεν
820 3950 977 4026 δόξας
1007 3952 1072 4008 τὰ
1098 3957 1341 4010 τοιαῦτα.

349 4127 433 4203 [ὃ]
481 4133 590 4183 [liv
649 4129 712 4184 τὸ
769 4133 906 4184 κατὰ
959 4132 1139 4209 φύσιν.
1199 4132 1491 4188 Τουτέστιν
1553 4133 1657 4187 οὐκ
1712 4130 1931 4187 ἄτακτοι

282 4224 388 4274 τῶν
422 4220 637 4294 φύσεων
691 4219 743 4272 οἱ
798 4218 976 4292 λόγοι⁹
1025 4217 1211 4276 ⁴ἕπεται
1258 4220 1315 4275 δὲ
1361 4220 1441 4293 τῷ
1486 4242 1622 4276 κατα
1664 4223 1819 4300 φύσιν
1872 4223 1935 4277 τὸ

280 4308 614 4382 ὡρισμένον·
667 4308 794 4382 ὅρος
844 4307 946 4383 γάρ
998 4308 1106 4363 ἐστι
1156 4310 1245 4364 καὶ
1280 4312 1308 4365 ὁ
1340 4309 1726 4383 ἐρμηνευτικὸς
1771 4310 1934 4386 λόγος

279 4405 377 4467 τῆς
411 4396 599 4460 οὐσίας
631 4401 741 4451 τῶν
771 4399 1126 4472 πραγμάτων,
1160 4400 1249 4454 καί
1289 4400 1352 4454 τὸ
1380 4400 1432 4454 τί
1464 4399 1527 4466 ἦν
1559 4400 1693 4455 εἶναι
1727 4397 1935 4473 δηλῶν,

280 4490 372 4541 τοῦ
397 4486 451 4542 τί
479 4487 552 4555 ἦν
597 4484 732 4541 εἶναι
781 4490 860 4557 τῷ
906 4487 960 4540 τί
993 4486 1133 4541 ἐστιν
1186 4486 1272 4542 ἶσα
1323 4485 1637 4561 δυναμένου.
1684 4494 1796 4544 Πᾶν
1844 4487 1936 4543 οὖν

2035 3337 2255 3391 bonum
2286 3334 2570 3403 tendant;
2603 3332 2828 3388 ratione
2858 3348 2989 3387 vero
3040 3332 3297 3405 privaiis,
3331 3336 3396 3388 ut
3439 3350 3505 3389 ea
3551 3349 3679 3406 quae

2036 3426 2107 3480 ad
2141 3424 2436 3497 propriam
2468 3439 2639 3480 suam
2684 3421 3180 3478 conservationem
3222 3422 3468 3492 faciunt,
3497 3439 3677 3495 appe-

2033 3518 2181 3570 tant.

2109 3602 2257 3671 Quod
2286 3604 2339 3657 εἰ
2367 3602 2574 3655 malum
2601 3604 2870 3655 aeternum
2899 3599 3120 3655 est.Hoc
3150 3604 3564 3670 argumentum
3587 3603 3677 3656 est;

2036 3696 2239 3747 contra
2271 3689 2641 3756 Manicliaaos,
2677 3686 3134 3759 Opinionemque
3176 3704 3377 3742 eorum
3430 3688 3635 3743 evertit
3668 3704 3681 3741 :

2037 3780 2144 3836 etsi
2178 3779 2334 3834 enim
2358 3792 2463 3831 nec
2486 3777 2627 3831 dum
2662 3775 2903 3831 haeresis
2936 3780 3284 3840 orta,tamen
3321 3776 3391 3830 ad
3427 3791 3683 3845 praecau-

2036 3869 2256 3924 tionem
2291 3864 2676 3935 inspiratione
2702 3863 2926 3934 accepit
2956 3880 3099 3933 quas:
3134 3865 3397 3933 ipsorum
3429 3880 3685 3919 errorem

2040 3959 2385 4014 everterent.
2417 3954 2707 4009 Fortassis
2737 3952 2917 4009 etiam
2948 3951 3070 4007 haec
3113 3955 3250 4007 sunt
3280 3957 3482 4009 contra
3513 3969 3690 4025 quas-

2044 4049 2180 4103 dam
2214 4041 2586 4099 ethnicorum
2618 4040 2948 4113 opiniones.

2115 4135 2285 4190 Omnc
2316 4132 2459 4204 quod
2490 4134 2566 4186 est
2589 4130 2885 4185 secundum
2913 4138 3201 4185 naturam.
3226 4131 3287 4186 ld
3320 4134 3410 4186 est
3442 4130 3695 4186 rationes

2046 4229 2392 4281 naturarum
2421 4238 2535 4276 non
2562 4219 2908 4274 inordinate
2935 4238 2949 4289 ;
2983 4220 3136 4292 quod
3158 4226 3353 4277 autem
3387 4220 3695 4275 definitum

2045 4318 2156 4384 est,
2183 4311 2453 4382 sequitur
2481 4309 2536 4364 id
2574 4308 2724 4380 quod
2766 4308 3035 4364 naturale
3083 4313 3210 4376 est,
3242 4309 3505 4364 deﬁnitio
3538 4308 3696 4362 enim

2046 4407 2135 4459 est
2166 4402 2315 4457 ratio
2346 4396 2664 4456 essentiam
2700 4413 2893 4451 rerum
2927 4396 3247 4469 explicans,
3281 4401 3338 4451 et
3368 4396 3522 4467 quod
3555 4395 3696 4465 quid

2048 4496 2138 4547 est
2186 4489 2518 4549 declarans.
2569 4487 2723 4542 16‘!
2774 4485 2873 4541 illo
2924 4486 2976 4540 τί
3026 4485 3093 4553 ἦν
3128 4482 3261 4538 είναι
3313 4485 3467 4539 idem
3515 4484 3698 4555 signi-

246 4602 251 4611 ι
280 4578 339 4629 τὸ
370 4575 510 4631 κατὰ
543 4574 702 4653 φύσιν
736 4573 785 4645 ἐξ
818 4573 992 4636 αἰτίας
1039 4575 1350 4649 ὠρισμὲνης
1379 4575 1515 4649 ἐστὶ,
1548 4575 1617 4631 δι’
1667 4579 1729 4646 ἣν
1762 4577 1934 4633 αἰτίαν

2054 4581 2258 4637 licente
2291 4577 2443 4650 quod
2475 4574 2529 4629 τί
2561 4574 2724 4630 ἐστιν.
2759 4577 2940 4630 Omne
2973 4574 3154 4646 igitur
3184 4574 3334 4644 quod
3371 4578 3458 4627 est
3489 4590 3698 4629 serun-

283 4667 487 4737 γίνεται
518 4665 583 4718 τὸ
608 4664 916 4739 γενόμενον.
944 4664 1009 4721 Εἰ
1042 4665 1134 4719 οὗν
1164 4666 1225 4719 τὸ
1263 4666 1453 4738 κακὸν,
1501 4666 1732 4720 ἀναίτιόν
1775 4666 1936 4737 ἐστιν,

286 4755 352 4808 οὐ
384 4754 491 4827 γὰρ
524 4750 614 4806 διά
661 4774 714 4807 τι
755 4757 1002 4828 γὲγονεν,
1051 4755 1275 4817 εἰκότως
1324 4755 1415 4809 καὶ
1466 4755 1518 4811 ἐν
1570 4755 1834 4831 ἀοριστίᾳ’
1877 4758 1940 4810 οὖ

288 4842 388 4917 γάρ
420 4841 533 4897 ἐστι
576 4842 742 4897 αὐτοῦ
792 4843 971 4917 λόγος,
1004 4845 1066 4898 τὸ
1112 4844 1164 4899 τί
1215 4844 1281 4913 ἦν
1331 4845 1469 4900 εἶναι
1520 4844 1855 4921 ἑρμηνεύων,
1888 4846 1939 4916 ἐξ

288 4929 553 5005 ἀνάγκης,
604 4930 731 4987 οὐδὲ
768 4933 905 4988 κατᾶ
959 4939 1137 5011 φύσεν,
1180 4935 1243 4989 Εἰ
1294 4932 1388 4990 οὗν
1437 4937 1583 5009 παρὰ
1624 4934 1800 5013 φύσιν,
1833 4935 1942 5010 οὐχ

287 5017 392 5092 ἕξει
441 5018 494 5075 ἐν
544 5024 611 5095 τῇ
664 5021 817 5099 φύσει
869 5021 1031 5097 λόγος
1086 5028 1153 5092 ¹¹,
1204 5024 1278 5086 ὡς
1327 5021 1451 5079 οὔτε
1499 5023 1553 5079 ἐν
1603 5028 1670 5098 τῇ
1701 5024 1870 5100 τέχνῃ
1903 5028 1937 5095 ἡ

291 5108 537 5184 ἀτεχνία.

360 5376 429 5450 [ε]
459 5376 526 5432 Εἴ
573 5377 671 5451 μὲν
724 5376 918 5455 φύσει.
966 5376 1037 5436 Et
1096 5390 1172 5451 μη
1221 5378 1361 5435 κατᾶ
1407 5381 1659 5456 στέρησιν
1712 5385 1941 5457 μερικὴν

2050 4672 2187 4725 dum
2226 4672 2520 4734 naturam,
2556 4682 2626 4719 ex
2667 4664 2947 4718 distincta
2993 4680 3168 4717 causa
3218 4666 3326 4726 est,
3375 4678 3476 4731 per
3525 4679 3699 4732 quam

2049 4774 2287 4814 causam
2319 4772 2465 4828 opus
2498 4755 2836 4827 perficitur;
2872 4754 2920 4805 si
2955 4753 3132 4823 igitur
3152 4750 3369 4805 malum
3405 4767 3583 4805 causa
3607 4767 3699 4804 ca-

2050 4852 2157 4914 ret,
2180 4864 2211 4901 ει
2244 4845 2405 4900 nullo
2438 4844 2596 4899 enim
2626 4844 2979 4915 productum
3013 4840 3342 4906 est,merito
3368 4856 3470 4893 nec
3494 4839 3701 4894 delini-

2050 4942 2175 4992 tum
2210 4939 2459 5003 est,cum
2484 4932 2646 4988 nulla
2671 4932 2748 4987 sit
2776 4933 2904 4998 ejus
2922 4929 3069 4984 ratio
3104 4946 3229 5000 quae
3260 4928 3578 4983 essentiam
3602 4929 3704 4982 de-

2049 5028 2277 5082 claret:
2317 5022 2644 5079 neccssario
2679 5020 2965 5090 sequitur,
3014 5034 3199 5088 neque
3248 5018 3571 5085 secundum
3603 5034 3704 5070 na-

2049 5120 2249 5171 turam
2273 5113 2592 5181 exsistere;
2623 5110 2672 5165 si
2698 5108 2893 5163 autem
2913 5112 3116 5163 contra
3136 5110 3563 5173 naturam,tum
3587 5123 3702 5159 non

2057 5203 2293 5261 habebit
2323 5202 2381 5258 in
2417 5205 2630 5256 natura
2659 5200 2973 5264 rationem,
3007 5194 3158 5251 sicut
3188 5210 3378 5267 neque
3410 5194 3553 5251 artis
3583 5195 3706 5266 pri—

2050 5294 2206 5351 vatio
2237 5293 2295 5347 in
2328 5296 2470 5347 arte.

2123 5382 2407 5456 Siquidem
2434 5375 2793 5435 natura.Nisi
2827 5376 3023 5433 anima
3057 5375 3397 5452 particulari
3428 5375 3568 5433 boni
3590 5373 3706 5450 pri-

1296 5552 1530 5616 VARIJE
1570 5556 1969 5617 LECTIONES
2006 5556 2100 5615 ET
2141 5548 2697 5614 CORBECTIONES.

365 5670 412 5708 ¹⁰
439 5666 523 5727 ὅν.
601 5671 647 5708 ﬂ
678 5662 862 5745 λόγον.
