4000 6200
358 342 462 396 303
1174 340 1543 393 APPENDIX
1582 339 1677 391 AD
1714 337 1955 392 OPERA
1990 339 2049 391 S.
2091 336 2409 392 DIONYSII
2450 339 2947 396 AREOPOGITE.
3619 352 3704 409 304

355 464 584 521 vatione
615 464 986 536 depravatur,
1018 462 1089 518 ab
1121 465 1284 518 extra
1322 460 1592 518 essentiae
1644 477 1764 518 suas
1815 460 1935 517 alie:

2125 462 2214 513 τοῦ
2244 457 2444 535 ἀγαθοῦ
2489 460 2771 518 κακῦνεται
2820 462 2997 539 ψυχὴ,
3045 458 3233 534 ἔξωθεν
3280 471 3375 536 τῆς
3423 469 3590 533 οὐσίας
3629 474 3705 528 αὖ·

359 552 557 625 aliquo
568 551 1039 620 adveniente,sed
1063 551 1214 606 bono
1235 549 1504 607 essentiae
1520 566 1642 606 suae
1656 549 1939 622 privabitu

2129 553 2238 617 τῆς,
2271 546 2398 603 ἀλλ’
2435 548 2735 626 ἀλλοτρίου
2762 552 2905 613 τινὸς
2934 546 3429 625 ἐπισυμϐαίνοντος,
3457 550 3587 613 ἔσται
3628 569 3709 631 τῆς

361 647 540 715 atque
575 641 796 697 malum
830 640 941 696 erit
971 640 1081 712 ipsi
1113 639 1447 706 essentiale,
1490 645 1547 695 et
1577 640 1869 711 quomodo
1901 655 1941 694 61

2131 636 2305 699 >ὐσίας
2337 636 2505 707 αὐτῆς
2535 642 2569 709 ἠ
2602 642 2853 716 στέρησις
2875 643 2970 694 τοῦ
3013 640 3236 715 ἀγαθοῦ,
3265 642 3351 696 καὶ
3391 638 3527 700 ἔσται
3551 647 3711 704 οὖσιῶο

366 733 565 787 anima
591 732 618 787 ?
648 727 1014 802 nequeenim
1045 729 1362 798 vivet,nam
1388 729 1568 785 vitam
1598 746 1713 785 non
1746 729 1946 784 habebf

2127 723 2208 814 ξες
2236 725 2371 792 αὐτῆ
2414 728 2476 782 τὸ
2520 728 2706 783 κακόν·
2734 729 2824 783 καὶ
2883 733 3001 792 πῶς
3048 725 3195 784 ἔσται
3245 734 3392 806 ψυχή
3426 751 3440 802 ;
3470 732 3580 791 οὔτε
3625 738 3707 814 γὰρ

364 820 483 876 vita
513 823 708 876 autem
741 825 831 875 est
860 821 1078 874 bonum
1108 835 1120 873 :
1157 818 1207 873 si
1239 834 1371 892 vero
1404 819 1481 874 sit
1511 817 1729 888 anima,
1765 818 1944 875 bonui

2131 809 2264 870 ἔσται
2318 820 2482 885 ζῶσα’
2526 818 2591 872 οὑ
2640 819 2743 893 γὰρ
2790 814 2893 889 ἕξει
2946 820 3108 889 ζωήν⁸
3156 821 3346 897 ἀγαθὸν
3397 819 3451 876 δέ
3496 809 3711 895 {maelii

366 910 425 966 id
453 913 541 965 est
568 909 768 975 vitam,
803 907 1112 980 participat
1143 924 1156 962 :
1190 923 1326 979 ergo
1359 907 1535 963 etiam
1559 907 1779 962 bonum
1808 922 1946 963 88861

2133 901 2180 958 εὶ
2209 906 2362 980 ψυχή
2395 905 2530 977 ἐστι,
2564 905 2782 982 μετέχει
2812 911 2908 962 τοῦ
2941 908 3166 983 ἀγαθοῦ,
3196 910 3431 964 τουτέστι
3465 916 3613 981 ζωῆς’
3643 913 3713 968 οὗ·

367 998 505 1055 tiale
535 997 794 1065 habebit,
830 1012 944 1053 non
968 1002 1162 1052 autem
1188 996 1687 1067 malum,ideoque
1718 997 1852 1052 boni
1877 1013 1944 1069 sp

2135 990 2313 1055 τιῶδες
2343 994 2432 1049 οὖν
2465 991 2569 1066 ἕξει
2618 995 2680 1050 τὸ
2728 995 2950 1070 ἀγαθὸν,
2981 996 3071 1051 καὶ
3121 996 3182 1052 οὐ
3225 998 3286 1052 τὸ
3332 998 3506 1054 κακόν
3546 997 3715 1055 διὸκαὶ

259 1109 271 1120 ·
369 1088 644 1159 ciempras
676 1103 739 1142 se
761 1086 909 1142 ferre
926 1085 1581 1142 dicitur.lmbecillitate
1600 1102 1733 1141 vero
1758 1103 1839 1158 ρι’(

2135 1081 2452 1157 Ξιγαθοειδής
2499 1081 2740 1160 λέγεται.
2790 1084 3068 1158 Ἀσθενείᾳ
3118 1083 3177 1141 δὶ
3221 1089 3288 1161 τῇ
3318 1088 3527 1163 περὶτὰ
3554 1087 3715 1160 οἰκεῖα,

370 1176 700 1233 secundum
732 1178 1005 1230 naturam
1038 1175 1334 1246 operando
1365 1175 1808 1246 depravatur,ut
1837 1172 1950 1229 imb

2138 1171 2258 1226 ιατὰ
2286 1172 2443 1250 φύσιν
2491 1171 2726 1249 ἐνεργεῖν
2775 1172 3083 1243 κακόνεται,
3112 1176 3189 1237 ὦς
3236 1176 3455 1244 ἀσθενὴς
3493 1176 3573 1230 καὶ
3601 1175 3718 1231 εὐκί-

368 1264 504 1321 cilla
532 1268 712 1335 atque
734 1263 805 1319 ad
822 1263 1129 1334 passiones
1152 1278 1481 1335 propensa:
1514 1262 1888 1319 imbecillitas
1911 1281 1944 1319 a

2138 1281 2287 1330 νητος
2317 1259 2449 1315 οὖσα
2492 1262 2630 1337 πρὸς
2676 1261 2743 1317 τὰ
2790 1261 2957 1333 πάθη.
3007 1262 3273 1320 Ἀσθένεια
3324 1260 3379 1318 δὲ
3426 1267 3593 1338 ψυχῆς
3632 1263 3718 1340 οὐχ

369 1363 482 1410 tem
515 1352 747 1421 animos,
783 1369 899 1409 non
926 1356 1018 1408 est
1047 1351 1199 1409 sicut
1228 1351 1288 1407 in
1329 1353 1673 1425 corporibus
1724 1353 1949 1426 pingue:

2139 1348 2199 1411 ὗς
2224 1349 2312 1404 ἐπὶ
2343 1351 2612 1423 σωμάτων
2657 1351 2911 1427 παχύτης
2957 1353 2993 1423 ἢ
3039 1349 3298 1427 ἷσχνότης
3329 1351 3405 1413 εἷς
3431 1352 3521 1421 τὴν
3567 1352 3719 1406 οὐσίαν

368 1447 470 1499 aut
500 1442 728 1499 exilitas
760 1441 819 1496 in
851 1443 979 1512 ejus
1011 1441 1289 1511 essentia,
1320 1441 1422 1498 sed
1453 1441 1755 1498 inclinatio
1787 1444 1857 1498 ad
1892 1460 1948 1497 m

2136 1438 2315 1508 αὐτῆς,
2373 1436 2502 1493 ἀλλ’
2552 1436 2641 1494 ἐπὶ
2696 1440 2764 1493 τὰ
2823 1438 2985 1495 ὑλικὰ
3039 1439 3129 1494 καὶ
3184 1438 3477 1516 πρόσκαιρα
3526 1436 3716 1501 ἔνδοσις·

366 1531 598 1589 terialia
636 1534 695 1587 et
748 1531 1143 1602 temporaria;
1177 1546 1292 1585 une
1337 1531 1509 1586 etiam
1557 1531 1770 1585 vitiose
1815 1535 1946 1602 post

2141 1526 2243 1591 ἕθεν
2277 1527 2366 1581 καὶ
2400 1524 2756 1601 πλημμελῶς
2786 1526 2982 1584 λοιπὸν
3012 1532 3260 1585 κινεῖται.
3290 1530 3512 1603 Ἕκγονα
3539 1526 3591 1582 δὲ
3620 1526 3721 1582 ταύ-

370 1623 637 1676 movetur
683 1618 911 1691 Ἐκγονα
959 1633 1092 1674 vero
1146 1619 1273 1689 ejus
1319 1635 1422 1674 seu
1474 1620 1649 1686 fetus,
1703 1635 1880 1691 opera
1908 1619 1943 1674 h

2137 1637 2224 1688 της
2274 1615 2497 1680 ἐνταῦθα
2534 1618 2601 1672 τὰ
2647 1620 2932 1690 ποιήματα
2971 1617 3141 1693 λέγει.
3179 1617 3482 1691 Σημείωσαι
3513 1614 3565 1672 δὲ
3600 1616 3717 1685 ὅτιὴ

367 1709 495 1764 loco
526 1710 692 1765 vocat
722 1725 735 1776 ;
773 1711 907 1763 nota
935 1722 1068 1763 vero
1099 1706 1420 1763 efficaciam
1453 1707 1899 1780 animas,utpote
1920 1724 1947 1763 a

2140 1706 2366 1782 ἑνέργιια
2391 1711 2492 1774 τῆς
2524 1709 2710 1782 ψυχῆς
2742 1706 2841 1761 οὐκ
2867 1704 2986 1783 ἔχει
3013 1708 3077 1762 τὸ
3109 1701 3505 1781 ἀμετάϐλητον,
3524 1705 3589 1767 ὡς
3608 1725 3720 1778 συμ-

372 1799 676 1853 cedentem
708 1800 765 1853 et
794 1796 1183 1867 recedentem,
1227 1812 1342 1852 non
1376 1795 1592 1853 habere
1624 1797 1952 1854 immutabi]

1451 1795 1592 1853 .bere
1624 1796 2017 1854 immutabili-
2046 1834 2093 1898 B
2126 1789 2385 1850 ϐαίνουσα
2412 1796 2500 1850 καὶ
2536 1790 3031 1869 ἆποσυμϐαίνουσα.

374 1890 579 1942 tatem.

444 1974 545 2031 Sin
572 1990 672 2047 per
699 1974 958 2031 actiones.
989 1972 1064 2029 Ut
1095 1972 1297 2046 paucis
1320 1972 1719 2043 absolvemus,
1750 1974 1873 2031 haec
1894 1975 2024 2046 ejus

2204 1971 2269 2028 Et
2296 1968 2353 2026 δὲ
2396 1975 2518 2035 ταῖς
2562 1970 2874 2047 ἐνεργείαις.
2923 1973 3041 2029 Ἵνα
3082 1971 3121 2047 ᾖ
3168 1973 3196 2027 ὁ
3244 1976 3369 2035 νοῦς
3418 1970 3467 2027 ἐν
3514 1965 3727 2043 συντόμῳ

376 2069 467 2122 est
497 2063 828 2120 sententia:
860 2066 1131 2119 naturam
1163 2061 1374 2118 animas
1406 2078 1535 2119 esse
1566 2063 1802 2130 bonum,
1835 2080 1953 2135 qua

2149 2059 2329 2124 ›ὕτως’
2363 2062 2398 2130 ἡ
2455 2060 2611 2138 φύσις
2664 2067 2766 2130 τῆς
2821 2064 3008 2137 ψυχῆς
3067 2061 3269 2138 ἀγαθὴ,
3327 2057 3506 2129 ἐπειδὴ
3556 2058 3608 2114 ἐκ
3652 2060 3729 2112 τοῦ

373 2152 688 2226 doquidem
714 2169 747 2208 a
768 2150 919 2208 bono
944 2151 1227 2224 producta
1247 2151 1599 2223 sit,ejusque
1621 2152 1880 2208 actiones
1897 2169 1953 2207 es

2153 2150 2336 2224 ίγαθοῦ
2366 2151 2653 2226 παρήχθη,
2685 2149 2776 2204 καὶ
2805 2151 2862 2204 αἱ
2909 2148 3169 2227 ἐνέργειαι
3217 2149 3380 2220 αὐτῆς
3412 2146 3601 2224 ἀγαθαί’
3621 2147 3733 2219 ὁρῶ-

374 2243 563 2299 bonas
589 2259 602 2298 :
621 2241 890 2297 videmus
911 2242 1066 2296 enim
1080 2239 1235 2296 viros
1247 2240 1464 2313 probos
1487 2240 1599 2296 sibi
1624 2241 1954 2297 convenient

2150 2259 2235 2311 μεν
2264 2238 2368 2314 γὰρ
2415 2237 2540 2301 τοὺς
2589 2237 2822 2313 ἀγαθοὺς
2852 2234 3050 2311 ἄνδρας
3092 2239 3439 2317 ἐνεργοῦντας
3482 2237 3545 2291 τὰ
3571 2234 3730 2290 οἰκεῖα·

374 2330 601 2404 operari
628 2347 644 2400 ;
676 2346 743 2386 ex
776 2329 1074 2386 eversione
1094 2334 1151 2385 et
1172 2328 1404 2386 defectu
1420 2329 1554 2385 boni
1581 2330 1742 2386 subit
1776 2329 1954 2386 malui

2156 2347 2198 2382 ικ
2225 2333 2581 2404 παρατροπῆς
2611 2325 2669 2382 δὲ
2713 2328 2803 2383 καὶ
2851 2326 3151 2403 ἐλλείψεως
3198 2332 3294 2384 τοῦ
3333 2327 3525 2403 ἀγαθοῦ
3551 2342 3736 2400 παρεισ-

381 2437 518 2493 ergo
551 2418 771 2477 malum
805 2435 997 2492 neque
1025 2422 1112 2476 est
1143 2418 1203 2475 in
1236 2423 1474 2491 natura,
1508 2436 1695 2492 neque
1736 2420 1961 2477 subsiet

2154 2414 2279 2472 iam
2318 2418 2380 2472 τὸ
2434 2418 2619 2474 κακόν.
2651 2414 2858 2476 Οὒκοῦν
2909 2415 3009 2472 οῦκ
3055 2416 3107 2472 ἐν
3160 2417 3335 2497 φύσει,
3367 2412 3490 2471 οὑδὶ
3531 2412 3734 2469 ἐνοόσιον

2137 2505 2199 2561 τὸ
2228 2505 2412 2562 κακόν.

447 2600 474 2666 §
502 2596 738 2655 XXXII.
765 2597 826 2653 Si
848 2598 983 2654 bono
1011 2597 1246 2654 malum.
1282 2597 1469 2654 Multa
1499 2602 1640 2655 sunt
1671 2598 1770 2655 uni
1795 2602 2027 2657 contra-

2208 2597 2495 2664 §XXXIL
2548 2596 2626 2668 [ς]
2681 2592 2751 2652 Εἴ
2800 2598 2883 2668 τῷ
2938 2595 3126 2670 ἀγαθῷ
3185 2595 3248 2649 τδ
3302 2590 3502 2649 κακόν.
3551 2591 3629 2660 Τῷ
3673 2582 3740 2640 ἑνὶ

377 2687 499 2756 ria;
534 2702 673 2759 ergo
704 2686 754 2742 si
814 2686 916 2742 uni
965 2689 1021 2742 et
1065 2686 1233 2742 bonae
1276 2703 1466 2743 causa;
1517 2687 1876 2744 contrarium
1910 2689 1956 2743 si

2162 2682 2348 2738 ναντία
2373 2682 2440 2737 τὰ
2467 2679 2676 2738 πολλά·
2709 2683 2905 2738 οὐκοῦν
2956 2682 3004 2737 εἴ
3044 2688 3125 2755 τῷ
3163 2682 3248 2738 ἑνὶ
3296 2680 3386 2737 καὶ
3414 2679 3586 2756 ἀγαθῷ
3613 2672 3741 2745 αἷτίφ

378 2775 588 2848 multa,
611 2775 764 2833 malo
796 2775 993 2832 multae
1024 2780 1403 2833 eruntcausaa
1429 2795 1444 2847 ;
1477 2781 1651 2849 atque
1683 2778 1828 2845 si,ut
1848 2794 1956 2849 sup

2157 2770 2374 2827 ιναντίον
2402 2772 2473 2828 τὰ
2499 2770 2705 2836 πολλὰ,
2736 2769 2882 2826 α’ίτια
2913 2770 3105 2828 πολλὰ
3131 2776 3220 2846 τῷ
3247 2774 3414 2842 κακῷ*
3445 2767 3551 2837 καὶ,
3576 2764 3616 2820 εἰ
3652 2765 3737 2816 τῶν

378 2864 661 2932 diximus,
694 2864 952 2921 rationes
983 2871 1040 2922 et
1062 2864 1369 2922 facultates
1393 2871 1535 2922 sunt
1566 2881 1757 2922 rerum
1790 2871 1958 2921 natur

2158 2862 2271 2915 ιατὰ
2298 2859 2473 2939 φύσιν,
2524 2861 2599 2924 ὡς
2648 2858 2758 2915 ἅνω
2804 2858 2960 2938 ἔφην,
3018 2859 3180 2936 λόγοι
3236 2859 3326 2917 καὶ
3378 2856 3614 2929 δυνάμεις
3658 2849 3738 2907 εἶσὶ

379 2952 528 3007 lium
560 2954 1032 3010 convenientium
1059 2955 1604 3021 eﬂ‘ectrices,vitiosi
1637 2955 1894 3028 profecto
1922 2973 1956 3011 n

2161 2949 2200 3004 ’ἃ
2228 2950 2512 3020 ποιητικὰ,
2559 2953 2668 3004 τῶν
2718 2949 2863 3025 παρὰ
2911 2950 3068 3025 φύσιν
3100 2949 3369 3020 ποιητικὰ
3410 2948 3463 3003 αἱ
3506 2944 3741 3016 πλημμε-

381 3040 667 3097 turalium
699 3048 894 3099 motus
914 3059 983 3099 ex
1003 3043 1408 3101 imbecillitate
1434 3044 1849 3117 facultatisque
1870 3045 1961 3101 det

2162 3045 2252 3104 ιεῖς
2276 3044 2384 3097 τῶν
2415 3040 2551 3095 κατὰ
2579 3040 2734 3119 φύσιν
2764 3043 3004 3112 κινήσεις
3035 3040 3086 3112 ἐξ
3130 3040 3402 3107 ἀσθενείας
3453 3038 3535 3093 καὶ
3582 3030 3742 3088 ἀδυνα-

378 3135 476 3187 ctu
509 3132 938 3202 provenientes,
970 3133 1265 3190 contraria
1298 3138 1522 3191 natura
1538 3135 1958 3207 producunt,qt

2165 3129 2263 3194 ιίας
2302 3125 2717 3204 συμϐαίνουσαν
2773 3127 2843 3184 δι’
2883 3127 2958 3184 ὦν
3006 3129 3100 3185 καὶ
3145 3128 3537 3209 παρυφίσταται
3578 3121 3634 3178 τὸ
3672 3138 3745 3209 αα·

379 3221 490 3275 bus
521 3220 697 3275 etiam
724 3219 944 3275 malum
969 3222 1407 3294 quodammodo
1424 3202 1749 3279 subsistere
1766 3202 1957 3278 videt‘u

2158 3219 2251 3276 ιόν.
2282 3202 2438 3274 Ποιεῖ
2463 3216 2521 3274 δὲ
2548 3218 2687 3273 κακὰ
2732 3216 2840 3273 ἔσθ’
2894 3216 2984 3275 ὅτι
3029 3218 3123 3274 καὶ
3175 3202 3326 3291 μίξις
3370 3220 3473 3272 τῶν
3503 3207 3738 3285 ἀνομοίων

382 3326 555 3379 porro
587 3310 940 3382 quandoque
974 3310 1151 3367 etiam
1202 3312 1424 3368 malum
1461 3316 1738 3384 operatur
1767 3312 1962 3368 dissirr

2166 3307 2505 3383 σύμμετρος,
2536 3306 2661 3362 ὅταν
2694 3306 2731 3376 ἢ
2758 3308 2822 3362 τὸ
2861 3308 3060 3383 θερμὸν
3094 3307 3129 3377 ἢ
3159 3310 3227 3364 τὸ
3273 3306 3503 3383 ψυχρὸν,
3533 3301 3567 3371 ἢ
3595 3299 3648 3354 τὸ
3673 3297 3746 3384 ξητ

377 3397 523 3454 lium
556 3381 684 3454 sine
713 3381 1057 3455 commensu
1091 3399 1310 3467 mistio,
1343 3417 1480 3456 cum
1512 3405 1614 3456 aut
1643 3401 1957 3466 calidum,a

2166 3398 2254 3465 ev,
2285 3398 2321 3468 ἢ
2351 3381 2414 3451 τὸ
2467 3396 2630 3471 ὑγρόν
2662 3393 2829 3451 πλέον
2860 3381 2966 3451 τῶν
3009 3395 3199 3453 ἄλλων
3234 3381 3498 3474 κρατήσῃο
3529 3390 3637 3446 ὅθεν
3673 3381 3746 3441 καὶ

382 3488 685 3561 frigidum,
718 3495 821 3545 aut
864 3491 1107 3561 siccum,
1153 3492 1308 3547 163
1355 3497 1458 3546 aut
1504 3491 1841 3562 humidum,
1894 3491 1962 3560 pl‘

2170 3484 2286 3540 όσοι
2313 3482 2604 3547 πολλάκις.
2629 3489 2753 3546 Πῶς
2783 3481 2842 3539 δὲ
2870 3484 3091 3556 συσταίη
3123 3473 3316 3554 κακὸν,
3346 3487 3452 3538 τῶν
3480 3473 3745 3562 γενομένῳν

382 3560 512 3633 aliis
532 3579 872 3636 dominatur
889 3597 902 3649 ;
920 3560 1141 3636 undeet
1159 3581 1346 3637 morbi
1363 3560 1962 3652 frequentes.Quomo:

2165 3574 2413 3644 πάντων,
2444 3572 2518 3635 ὠς
2565 3571 2927 3644 ἐποιήθησαν,
2976 3572 3249 3646 μενόντων
3285 3596 3300 3645 ς
3330 3575 3493 3629 ταῦτα
3543 3566 3627 3641 μὶν
3665 3560 3745 3638 γὰρ

381 3670 578 3724 autem
612 3667 1037 3735 malum,rebus
1069 3668 1344 3725 omnibus
1367 3668 1520 3725 sicut
1552 3666 1715 3725 factas
1747 3675 1961 3725 suntm

2170 3664 2489 3734 κκινήσεως
2543 3661 2856 3739 βουλήματι
2909 3660 3043 3719 Θεοῦ
3091 3665 3386 3739 παρήχθη,
3436 3657 3523 3715 καὶ
3558 3653 3750 3721 ἀκίνητα

379 3757 1013 3828 nentibus,consistat?
1034 3758 1119 3813 his
1141 3759 1295 3814 enim
1318 3775 1385 3814 ex
1409 3763 1568 3814 motu
1598 3757 1699 3815 Dei
1730 3758 1959 3814 volunta

2170 3773 2188 3807 ν
2226 3756 2345 3817 τοῖς
2382 3748 2548 3815 ἰδίοις
2595 3750 2746 3827 ὅροις
2795 3750 2941 3826 μένει
2990 3753 3199 3808 ἑστῶτα
3244 3752 3339 3808 καὶ
3409 3740 3750 3821 πεπερασμένα

380 3847 679 3916 productas
709 3839 942 3917 sunt,ac
972 3848 1033 3902 in
1064 3848 1334 3903 terminis
1367 3847 1620 3921 propriis
1653 3852 1893 3903 manent
1914 3847 1960 3902 in

2170 3862 2191 3896 ν
2232 3845 2311 3914 τῷ
2358 3844 2494 3913 Θεῷ·
2544 3841 2606 3895 τὸ
2655 3838 2714 3895 δὲ
2754 3840 2961 3896 τούτων
3014 3839 3285 3901 ἐναντίον.
3350 3839 3414 3895 τὸ
3465 3834 3750 3921 sortiantur,

378 3938 712 4003 motas,cum
731 3940 888 3991 stent
908 3939 966 3990 et
997 3937 1385 3992 terminentur
1417 3937 1475 3991 in
1508 3936 1643 3993 Deo.
1680 3936 1897 3992 Harum
1922 3953 1953 3992 a

2174 3951 2384 3994 στατον,
2414 3930 2505 3984 καὶ
2533 3929 2699 4004 πὲρας
2726 3929 2830 3984 οὑκ
2858 3925 2987 4005 ἔχον
3020 3928 3143 3986 οὕτε
3173 3927 3505 4004 ὡρισμένον,
3528 3925 3596 3979 ὧν
3621 3915 3750 4005 οὗδὶν

376 4025 493 4075 tem
526 4024 909 4091 contrarium,
948 4040 1159 4095 nempe
1189 4026 1383 4096 ipsum
1413 4042 1518 4097 per
1547 4042 1608 4081 se
1632 4024 1876 4096 malum,
1911 4042 1956 4080 ni

2172 4039 2186 4072 δ
2235 4022 2304 4093 τῇ
2358 4003 2688 4094 δημιουργίᾳ
2727 4003 2965 4095 ὁρῶμεν.
3007 4022 3131 4081 Ηῶς
3187 4020 3280 4074 οὖν
3336 4015 3676 4073 ἐνυπόστατον
3702 4003 3752 4059 τὸ

378 4112 467 4164 est
496 4107 726 4178 stabile,
760 4125 867 4166 nec
891 4111 1211 4167 terminum
1242 4112 1440 4184 habet,
1475 4130 1667 4185 neque
1713 4113 2026 4170 deﬁnitum
2139 4107 2303 4162 κακόν
2342 4126 2355 4177 ;

378 4200 488 4263 est,
521 4212 773 4269 quorum
805 4198 1034 4254 nullum
1058 4201 1115 4254 in
1140 4201 1352 4256 creatis
1383 4201 1651 4258 videmus
1688 4218 1701 4257 :
1736 4203 2031 4275 quomodo

378 4285 562 4359 igitur
592 4286 813 4342 malum
845 4288 1169 4345 subsistere
1203 4292 1393 4361 potest
1418 4293 1439 4345 Ρ

450 4374 709 4432 Rationes
732 4392 797 4432 ac
820 4377 1135 4449 facultates.
1182 4358 1242 4433 Id
1294 4381 1384 4434 est
1413 4395 1527 4433 non
1578 4380 1903 4435 secundum
1936 4396 2028 4435 ra-

2213 4377 2280 4450 [ζ]
2315 4376 2484 4450 Λόγοι
2541 4371 2630 4428 καίὶ
2686 4369 2964 4448 δυνάμεις.
3023 4371 3316 4431 Τουτέστιν
3379 4372 3444 4427 οὗ
3501 4364 3629 4425 κατᾶ
3674 4358 3759 4418 λό-

378 4461 596 4518 tionem
631 4461 891 4536 aliquam
922 4467 1143 4520 natura:
1176 4464 1700 4535 necessariam,aut
1738 4467 1954 4523 essenti

2179 4485 2232 4520 ον
2273 4465 2560 4539 ἀναγκαῖον
2599 4466 2669 4537 τῇ
2728 4461 2904 4541 φύσει,
2962 4463 2999 4532 ἢ
3057 4462 3179 4517 τινὰ
3235 4458 3480 4529 οὖσιώδη
3542 4452 3759 4541 ἰδιότητα

379 4549 492 4607 lem
517 4553 838 4623 quamdam
862 4553 1278 4625 proprietatem
1299 4553 1421 4610 haec
1451 4555 1650 4611 animo
1669 4560 1809 4612 sunt
1831 4572 1959 4612 coni

2179 4557 2300 4608 ιῦτα
2347 4550 2651 4629 λογίζεσθαι
2700 4539 2836 4627 χρή.
2868 4551 3026 4622 Μίξιν
3079 4548 3136 4606 δὲ
3162 4555 3271 4607 τῶν
3320 4546 3597 4622 ἀνομοίων
3627 4539 3759 4631 οἶμαι

378 4639 620 4711 pienda;
650 4641 905 4698 arbitror
929 4646 1259 4714 autem,per
1287 4643 1603 4699 mistionem
1634 4644 1958 4700 dissimilia:

2180 4649 2323 4712 ιῆσαι
2353 4643 2449 4710 τὴν
2477 4646 2584 4696 τῶν
2630 4644 2869 4718 φυσικῶν
2918 4639 3198 4713 δυνάμεων
3228 4639 3321 4696 ἐπὶ
3365 4640 3435 4694 τὰ
3474 4636 3549 4711 μὴ
3579 4628 3760 4709 προσή-

378 4728 704 4801 intelligere
734 4730 1096 4786 naturalium
1147 4730 1521 4799 facultatum,
1548 4733 1617 4787 ad
1652 4749 1720 4789 ea
1749 4750 1877 4806 quae
1909 4751 1958 4789 ni

2178 4752 2299 4787 οντα
2336 4731 2571 4802 κίνησιν,
2616 4729 2747 4804 ὅπερ
2779 4730 2813 4798 ἠ
2847 4728 3076 4804 ἀμετρία
3132 4735 3303 4799 ποιεῖ,
3339 4730 3416 4802 μή
3454 4724 3620 4799 λόγῳ,
3648 4736 3758 4806 apd-

377 4818 755 4888 conveniunt,
780 4820 1279 4892 motionem,quod
1312 4820 1693 4894 intemperies
1725 4827 1957 4894 operatu

2183 4820 2409 4893 »υμὲνων
2448 4800 2563 4873 τῶν.
2603 4800 3048 4887 κινήσεων-εἵσω
3103 4816 3283 4891 μένειν
3336 4800 3445 4871 τῶν
3502 4813 3658 4887 ὅρων,
3696 4800 3763 4879 ἔφ’

377 4921 510 4963 cum
542 4912 739 4965 motus
767 4926 882 4965 non
907 4914 1200 4980 coguntur
1219 4909 1443 4965 ratione
1478 4911 1632 4966 intra
1656 4911 1957 4979 terminos,

1064 4914 1200 4963 ntur
1219 4909 1443 4965 ratione
1478 4911 1632 4966 intra
1656 4911 2026 4979 terminos,in
2136 4911 2219 4973 οἷς
2248 4908 2337 4963 καὶ
2366 4908 2634 4983 γεγόνασι.

377 4995 591 5065 quibus
622 4998 889 5068 producti
921 5000 1079 5067 sunt,
1115 5013 1371 5054 manere.

449 5086 713 5141 Omnium
754 5090 921 5143 etiam
969 5087 1267 5143 malorum.
1322 5085 1602 5143 Omnium
1651 5088 1938 5145 bonorum
1971 5093 2029 5146 et

2208 5085 2426 5141 Ηάντων
2486 5085 2577 5139 καὶ
2629 5087 2742 5138 τῶν
2796 5086 2975 5138 κακῶν
3012 5125 3025 5139 .
3075 5084 3200 5141 Ὅτι
3258 5083 3479 5138 πάντων
3540 5078 3623 5135 καὶ
3676 5075 3762 5126 τῶν

379 5171 668 5228 malorum
692 5175 1044 5246 principium
1069 5181 1125 5231 et
1142 5176 1317 5231 tinem
1339 5191 1469 5231 esse
1490 5176 1959 5248 bonum,quonia

2185 5176 2313 5229 ικῶν
2362 5174 2507 5248 ἀρχῆ
2557 5170 2646 5227 καὶ
2688 5170 2852 5234 τέλος
2900 5169 3011 5225 ἐστὶ
3058 5171 3120 5226 τὸ
3177 5171 3403 5247 ἀγαθὸν,
3455 5164 3640 5234 ἐπειδὴ
3689 5166 3765 5248 xei

380 5258 667 5329 quidquid
706 5263 975 5331 facimus,
1030 5266 1248 5320 bonum
1299 5264 1487 5322 facere
1538 5246 1936 5335 arbitramur;

2191 5270 2238 5316 ἰν
2291 5266 2571 5325 ποιοῦντες
2617 5263 2682 5329 ¹²,
2715 5260 2918 5335 ἀγαθὸν
2968 5264 3145 5313 ποιεῖν
3192 5258 3523 5333 νομίζομεν·
3570 5252 3655 5309 καὶ
3702 5246 3771 5302 δτι

380 5345 601 5402 malum
636 5364 751 5404 non
773 5350 988 5407 habere
1018 5353 1493 5423 subsistentiam,
1546 5355 1647 5411 sed
1682 5355 1800 5411 fere
1826 5356 1960 5413 subs

2188 5351 2424 5406 τόστασιν
2481 5350 2579 5405 οὑκ
2633 5343 2750 5424 ἔχει
2805 5349 2868 5403 τὸ
2919 5348 3103 5419 κακὸν,
3159 5347 3309 5404 ἀλλὰ
3355 5343 3768 5423 παρυπόστασιν,

1382 5526 1619 5584 VARl/E
1659 5526 2047 5587 LECTIONES
2086 5524 2172 5583 ET
2211 5523 2768 5581 CORRECTIONES.

448 5644 492 5679 ¹²
518 5642 679 5699 κακὸν
712 5647 1013 5708 ποιοῦντες.
