4000 6200
303 325 411 380 305

1067 333 1126 386 S.
1168 332 1442 387 MAXIM!
1479 333 1784 388 SCHOLIA
1823 335 1894 386 IN
1935 333 2068 386 LIB.
2109 335 2203 386 DE
2242 336 2513 388 DIVINIS
2551 335 2959 394 NOMINIBUS.

3619 338 3724 394 306

299 451 396 501 τοῦ
425 447 628 522 ἀγαθοῦ
658 445 832 516 ἕνεκα,
867 450 954 504 καὶ
990 451 1100 526 οὐχ
1129 452 1321 507 ἑαυτοῦ
1351 453 1658 527 γινόμενον.
1695 456 1872 510 Τοῦτο
1905 449 1950 508 δί

2077 455 2373 524 stentiam,
2399 456 2537 512 boni
2562 473 2738 512 causa
2778 473 2891 512 non
2930 474 3063 513 vero
3089 458 3177 513 sui
3207 458 3443 528 factum,
3468 458 3578 515 hoc
3618 477 3724 516 au-

300 535 390 589 καὶ
423 534 678 611 ἀνωτέρω
711 537 1030 612 εἰρήκαμεν,
1063 541 1144 594 ὅτι
1175 539 1236 596 οὐ
1261 542 1397 618 πρὸς
1429 543 1490 596 τὸ
1530 542 1692 597 κακὸν
1725 543 1958 618 ὁρῶντες

299 628 460 679 τοῦτο
491 624 828 698 πράττομεν,
859 626 1006 683 ἀλλᾶ
1061 626 1342 694 δοκοῦντες
1400 632 1597 708 ἀγαθὸν
1657 637 1856 701 ποιεῖν,
1912 630 1956 685 εἰ

297 715 388 768 καὶ
420 716 454 783 ἡ
490 710 711 778 ἔκϐασις
736 716 1052 772 τούναντίον
1087 717 1372 778 δείκνυσιν.

372 804 497 860 ’Ὁτι
531 809 629 858 τοῦ
662 806 861 882 ἀγαθοῦ
891 804 1061 865 ἕνεκα.
1096 810 1163 865 Ὀ
1196 811 1309 864 εἶπε
1333 812 1422 865 καὶ
1455 809 1505 865 έν
1549 817 1629 884 τῷ
1679 813 1784 886 πρὸ
1831 809 1954 866 τοῦ-

298 913 395 946 του
427 892 736 970 κεφαλαίῳ,
772 893 862 950 διὰ
885 897 946 951 τὸ
980 898 1198 973 ἀγαθὸν,
1232 897 1422 968 ἐπειδή
1453 903 1750 974 νομίζομεν
1785 901 1812 954 ὃ
1863 921 1958 954 πο-

307 986 390 1035 ιοῦ
399 1003 495 1053 μεν
526 983 751 1056 ἀγαθόν.

369 1072 463 1141 Τῷ
520 1066 639 1125 ἕντι
671 1069 728 1127 δὲ
778 1072 878 1128 οῦκ
929 1075 1111 1148 ὀρθόν.
1155 1076 1460 1155 Ἐφιὲμενοι
1503 1079 1604 1154 γὰρ
1665 1080 1802 1133 κατά
1856 1076 1954 1155 φύς

296 1180 379 1213 σιν
413 1160 505 1214 καὶ
538 1157 767 1234 δύναμιν
796 1167 891 1218 τοῦ
920 1167 1126 1239 ῃγαθοῦ
1184 1165 1423 1239 ἐκτικὴν,
1485 1169 1791 1243 πράττομεν
1847 1166 1955 1221 ἔσθ’

298 1247 390 1302 ὅτε
421 1249 746 1323 ἀγνοοῦντες
775 1252 838 1306 τὸ
883 1254 1068 1326 κακὸν,
1125 1256 1154 1309 ’ὀ
1212 1257 1347 1328 ἡμῖν
1385 1257 1478 1328 μὲν
1530 1256 1806 1330 νομίζεται
1855 1278 1955 1311 κα-

295 1337 417 1406 λὸν,
477 1343 548 1412 τῇ
582 1336 636 1394 δέ
668 1339 903 1413 ἀληθείᾳ
936 1343 1046 1397 ἐστὶ
1087 1345 1275 1399 κακόν·
1339 1345 1393 1399 τί
1438 1349 1577 1421 γάρ;
1621 1347 1725 1414 ὅτι,
1775 1368 1954 1419 τιμω-

296 1430 521 1500 ροῦντες
551 1432 630 1499 τῷ
660 1427 1001 1504 ἠδικημένῳ,
1037 1432 1334 1507 φονεύομεν
1382 1433 1486 1489 ἔσθ’
1542 1434 1631 1490 ὅτε
1683 1435 1775 1490 τὸν
1836 1433 1954 1490 ἀδι-

294 1517 541 1584 κήσαντα
576 1518 652 1590 μὴ
687 1516 834 1589 ἄξιον
875 1516 1003 1576 ὄντα
1060 1523 1310 1581 θανάτου.
1369 1522 1528 1581 Οὕτω
1557 1524 1686 1593 νόει,
1744 1523 1832 1580 καὶ
1891 1523 1953 1579 οὖ

299 1603 550 1681 σφάλλῃ.

373 1695 662 1769 Στὲρησις,
715 1694 817 1772 ἄρα
847 1697 982 1755 ἔστί.
1027 1703 1354 1774 Θαυμασίως
1403 1697 1596 1773 ἔδειξεν
1647 1702 1951 1758 ἀνυπόστα-

2069 549 2185 598 tem
2207 545 2384 600 etiam
2421 545 2696 616 superius
2720 545 3000 614 diximus,
3033 547 3313 602 nimirum
3337 549 3490 618 quod
3522 566 3633 604 non
3653 551 3718 606 ad

2077 633 2299 689 malum
2331 635 2710 706 respicientes
2735 635 2954 706 aliquid
2983 653 3248 708 agamus,
3275 638 3724 706 sedjudicantes

2067 723 2288 778 bonum
2321 724 2568 795 operari,
2604 726 2712 780 etsi
2746 725 2938 779 exitus
2967 724 3323 779 contrarium
3357 727 3642 782 ostendat.

2140 813 2276 879 Quia
2311 815 2439 867 boni
2467 813 2690 885 gratia.
2717 814 2880 880 Quod
2907 813 3050 868 dixit
3081 812 3327 867 etiamin
3360 815 3720 884 praecedente

2068 901 2276 972 capite,
2304 898 2390 954 διὰ
2413 901 2472 955 τὸ
2508 903 2728 975 ἀγαθόν,
2763 908 3000 975 propter
3023 903 3263 971 bonum,
3290 902 3427 974 quia
3478 903 3719 960 arbitra-

2067 1007 2202 1046 mur
2232 991 2288 1047 id
2326 992 2479 1062 quod
2516 993 2762 1048 facimus
2796 1010 2923 1047 esse
2956 993 3194 1047 bonum.

2137 1082 2340 1136 Revera
2369 1085 2556 1136 autem
2579 1098 2687 1136 non
2721 1085 2948 1137 rectum.
2969 1082 3280 1153 Cupientes
3305 1081 3459 1136 enim
3494 1080 3716 1152 aliquid

2069 1170 2395 1226 secundum
2451 1176 2721 1226 naturam
2757 1176 2811 1227 et
2839 1171 3117 1225 virtutem
3153 1172 3288 1226 boni
3329 1170 3719 1241 habitualem,

2066 1258 2386 1330 aliquando
2411 1259 2587 1314 nescii
2623 1259 2846 1315 malum
2875 1259 3370 1331 operamur,quod
3396 1260 3566 1314 nobis
3590 1261 3720 1330 qui~

2067 1348 2199 1403 dem
2231 1348 2452 1404 bonum
2483 1349 2734 1416 videtur,
2768 1353 3169 1404 verumtamen
3203 1353 3292 1403 est
3324 1347 3543 1403 malum
3571 1367 3584 1404 :
3613 1367 3718 1403 cur

2065 1439 2220 1492 enim
2249 1438 2275 1491 ?
2303 1439 2455 1509 quod
2493 1438 2709 1508 injuria
2737 1438 3006 1493 affectum
3039 1437 3428 1506 vindicantes,
3455 1438 3715 1508 quando-

2064 1543 2176 1597 que
2209 1542 2341 1582 eum
2374 1527 2472 1598 qui
2508 1527 2780 1598 injuriam
2810 1528 2944 1582 fecit
2977 1532 3160 1581 morte
3189 1525 3498 1597 indignum
3529 1524 3713 1580 inter-

2061 1615 2307 1670 fecimus
2343 1633 2355 1670 :
2393 1615 2475 1670 sic
2506 1614 2790 1688 intellige,
2823 1621 2879 1670 et
2910 1633 3022 1670 non
3057 1631 3235 1670 erras.

2133 1705 2356 1760 Privato
2393 1721 2520 1775 ergo
2554 1709 2649 1760 est.
2678 1704 2946 1759 Ostendit
2969 1704 3318 1759 mirabiliter
3339 1702 3562 1757 malum
3595 1720 3710 1758 non

294 1801 390 1836 τον
421 1783 514 1836 τὸν
568 1785 754 1853 κακὸν,
807 1787 1056 1862 στέρησιν
1087 1787 1375 1863 ἀποδείξας
1415 1797 1522 1846 τῶν
1555 1789 1606 1846 ἐν
1660 1791 1802 1862 τάξει
1859 1791 1949 1847 καὶ

318 1891 322 1892 ,
351 1870 365 1888 Ι
508 1873 572 1892 επ
600 1870 644 1892 θ’.
772 1873 783 1892 1
1045 1878 1058 1892 v
1197 1880 1210 1892 ι
1290 1890 1311 1892 ,ν
1379 1880 1388 1892 ο
1669 1881 1682 1892 ι
1905 1880 1914 1892 ι

2075 1793 2404 1860 subsistere,
2430 1795 2890 1848 demonstrando
2913 1810 3041 1848 esse
3059 1792 3444 1864 privationem
3476 1792 3712 1847 ordina-

298 1870 475 1928 ωόσει.
508 1873 572 1926 Ἡ
596 1870 654 1927 δὲ
701 1873 949 1950 στέρησις
1001 1878 1104 1932 οὐκ
1150 1880 1602 1953 αὐτοϋπόστασις,
1653 1881 1728 1942 ὡς
1787 1880 1944 1955 προὲ·

297 1981 503 2037 φημεν,
539 1960 688 2016 ἀλλά
714 1964 775 2017 τὸ
805 1967 1040 2042 πεφυκὸς
1070 1968 1158 2022 καὶ
1199 1963 1497 2024 ἐπιϐάλλον
1559 1976 1806 2046 παρεῖναι
1870 1971 1944 2042 μὴ

295 2049 468 2122 παρόν
507 2070 519 2082 ’
585 2052 704 2114 ὅθεν
750 2054 837 2107 καὶ
893 2055 1182 2130 ἁμαρτίαν,
1241 2059 1516 2112 τουτέστιν
1570 2059 1810 2129 ἀτευξίαν
1857 2058 1948 2114 καὶ

297 2137 616 2193 ἀπόπτωσίν
656 2162 776 2195 τινα
825 2147 923 2196 τοῦ
972 2147 1372 2219 προσήκοντος,
1421 2147 1551 2202 αὐτὸ
1601 2148 1662 2203 τὸ
1703 2152 1803 2214 τῆς
1827 2169 1947 2203 στε-

297 2230 512 2302 ρήσεως
541 2229 722 2302 καλεῖ,
772 2233 860 2285 καὶ
908 2230 1166 2302 ἄσκοπον,
1211 2235 1326 2290 ἀντὶ
1356 2240 1475 2305 τοῦ,
1509 2238 1654 2308 παρά
1680 2239 1771 2292 τὸν
1823 2259 1946 2292 σκο-

293 2319 393 2371 πὸν
457 2316 696 2391 βάλλον,
730 2318 788 2374 ἐκ
830 2329 1136 2398 μεταφορᾶς
1193 2329 1300 2378 τῶν
1359 2325 1705 2394 τοξευόντων·
1766 2327 1946 2402 ὥσπερ

293 2405 392 2481 γὰρ
426 2405 652 2476 ἐκεῖνοι,
685 2409 1139 2485 ἑπιτυγχάνοντες
1192 2411 1288 2466 τοῦ
1320 2419 1545 2485 σκοποῦ,
1581 2414 1820 2469 τουτέστι
1852 2420 1946 2470 τοῦ

301 2494 532 2566 σημείου
568 2495 648 2573 ἐφ⁴
675 2497 703 2550 ’ὀ
734 2498 1066 2569 τοξεύουσιν,
1098 2501 1126 2554 ’ὁ
1177 2498 1243 2571 δὴ
1303 2503 1390 2557 καὶ
1451 2505 1650 2565 σκοπὸς
1707 2503 1945 2579 λέγεται,

295 2581 481 2643 καλῶς
512 2583 790 2657 προΐασιν·
826 2584 1000 2649 οὕτως
1041 2589 1091 2642 οἱ
1125 2587 1225 2658 ἔξω
1256 2594 1351 2644 τοῦ
1393 2594 1598 2646 σκοποῦ
1641 2591 1951 2662 τοξεύοντες

296 2671 671 2746 ἁμαρτάνουσι
691 2677 734 2710 ¹³
763 2679 860 2729 τοῦ
892 2678 1290 2750 προσήκοντος.

369 2762 467 2816 Καὶ
525 2763 785 2838 ἁμαρτία.
839 2767 910 2820 Τὸ
968 2767 1208 2844 ἁμαρτίά
1241 2771 1316 2842 μὴ
1368 2773 1574 2846 νοήσῃς
1601 2773 1698 2840 τὴν
1726 2772 1948 2845 γενομέ-

294 2870 392 2919 νην
447 2849 500 2904 ἐν
553 2854 713 2924 ἡμῖν,
776 2857 890 2909 οἷον
941 2857 1220 2932 μοιχείαν,
1269 2860 1303 2928 ἣ
1357 2857 1591 2931 ἀδικίαν,
1639 2864 1672 2931 ἣ
1729 2859 1869 2917 ἄλλο
1899 2883 1951 2915 τι

295 2943 569 2994 τοιοῦτονο
626 2939 755 2996 ἀλλ’
808 2943 837 2997 ’ὀ
888 2942 1054 3018 λέγει,
1108 2949 1356 3003 τοιοῦτόν
1415 2947 1546 3003 ἐστι·
1609 2952 1720 3006 Τοῦ
1750 2949 1950 3026 ἀγαθοῦ

293 3028 379 3082 καὶ
439 3037 540 3098 τῆς
596 3031 733 3086 κατὰ
787 3032 943 3106 φύσιν
1002 3037 1270 3107 κινήσεως
1311 3036 1436 3107 ἤτοι
1464 3039 1662 3109 τάξεως
1718 3038 1951 3114 ἀποτυγ-

295 3118 582 3192 χάνοντες,
629 3120 904 3198 φερόμεθα
935 3123 1012 3185 εἷς
1037 3125 1136 3193 τήν
1187 3126 1334 3203 παρὰ
1381 3127 1535 3207 φύσιν
1586 3127 1808 3202 ἄλογον,
1860 3122 1949 3184 καὶ

2062 1887 2250 1937 torum
2274 1887 2330 1937 et
2354 1882 2715 1937 naturalium
2747 1900 2759 1938 :
2786 1883 3034 1953 privatio
3055 1887 3250 1937 autem
3279 1899 3390 1936 non
3424 1885 3512 1936 est
3533 1881 3710 1951 (sicut

2059 1971 2233 2026 etiam
2267 1975 2400 2027 ante
2431 1973 2712 2041 diximus)
2747 1989 2849 2043 per
2897 1975 2973 2027 se'
3003 1971 3360 2039 substantia,
3413 1971 3511 2026 sed
3559 1971 3711 2039 quod

2061 2067 2263 2131 aptum
2306 2066 2363 2114 et
2400 2061 2596 2115 nitens
2631 2063 2839 2116 adesse
2873 2078 2984 2116 non
3019 2061 3186 2115 adest
3218 2077 3229 2114 :
3264 2061 3514 2130 ideoque
3544 2059 3715 2133 ἀμαρ-

2057 2148 2196 2215 τίαν,
2231 2149 2285 2203 id
2320 2155 2408 2204 est
2441 2150 2870 2205 aberrationem
2895 2166 2961 2204 ac
3001 2148 3436 2220 prolapsionern
3461 2165 3715 2204 aconve-

2059 2238 2263 2305 nienti,
2299 2240 2683 2309 privationem
2717 2243 2906 2305 vocat,
2931 2242 2985 2293 et
3009 2233 3243 2290 ἄσκοπον
3270 2254 3370 2308 pro
3408 2237 3561 2291 ultra
3592 2254 3714 2291 sco-

2059 2343 2197 2396 pum
2237 2327 2577 2396 jacieutem,
2622 2331 2861 2398 sumpta
2907 2344 2941 2382 a
2987 2327 3307 2397 sagittariis
3369 2325 3713 2396 metaphora

2058 2415 2211 2469 sicut
2239 2417 2395 2471 enim
2428 2416 2512 2470 illi
2540 2416 2900 2487 attingentes
2960 2431 3226 2485 scopum,
3263 2415 3317 2468 id
3354 2419 3442 2468 est
3473 2414 3709 2483 signum

2058 2504 2212 2559 164
2243 2505 2300 2559 in
2333 2506 2484 2577 quod
2511 2504 2872 2575 jaculantur,
2906 2504 3058 2574 quod
3110 2504 3284 2557 etiam
3318 2499 3518 2561 σκοπός
3567 2502 3710 2556 dici-

2058 2598 2178 2664 tur,
2211 2594 2355 2650 bene
2387 2595 2732 2666 procedunt,
2756 2594 2838 2648 ita
2860 2592 2958 2665 qui
2987 2597 3150 2648 extra
3175 2608 3418 2662 scopum
3443 2591 3712 2662 jaculan-

2059 2687 2178 2752 tur,
2212 2699 2245 2736 a
2275 2683 2640 2738 convenienti
2676 2683 2972 2737 aberrant.

2131 2774 2195 2826 Et
2225 2777 2532 2844 peccatum.
2575 2773 2682 2827 Per
2727 2775 3006 2843 peccatum
3055 2788 3169 2826 non
3221 2769 3520 2841 intelligas
3562 2768 3710 2824 illud

2061 2862 2212 2933 quod
2259 2862 2318 2916 in
2351 2862 2520 2917 nobis
2553 2863 2767 2916 factum
2816 2865 2926 2930 est,
2975 2860 3156 2915 veluti
3188 2859 3574 2921 adulterium,
3605 2862 3708 2912 aut

2060 2950 2439 3021 injustitiam,
2473 2955 2573 3005 aut
2591 2950 2746 3005 aliud
2778 2949 2915 3021 quid
2942 2948 3166 3016 simile;
3215 2949 3314 3004 sed
3340 2948 3450 3003 hoc
3472 2948 3595 3002 vult
3617 2945 3711 3000 di-

2061 3056 2190 3096 cere
2213 3056 2226 3094 :
2253 3058 2286 3095 a
2308 3040 2459 3096 bono
2485 3045 2542 3096 et
2582 3039 2833 3094 naturali
2868 3043 3027 3094 motu
3061 3055 3162 3094 seu
3193 3037 3396 3092 ordine
3429 3037 3707 3092 aberran-

2060 3133 2171 3200 tes,
2207 3129 2449 3185 ferimur
2481 3130 2538 3184 in
2563 3146 2689 3184 eam
2721 3145 2846 3200 quae
2874 3132 3076 3183 contra
3101 3131 3371 3181 naturam
3407 3129 3516 3194 est,
3562 3124 3714 3179 irra-

295 3209 672 3280 παντελῆ,καὶ
708 3213 956 3270 ἀνούσιον
990 3198 1338 3294 ἀνυπαρξίάψ
1390 3198 1508 3276 δθεν
1558 3221 1647 3276 καὶ
1705 3198 1941 3294 μηδαμῆ

2075 3219 2360 3288 ,ionalem,
2394 3224 2448 3274 et
2479 3220 2833 3288 absolutam,
2864 3235 2928 3273 ac
2959 3217 3086 3272 sine
3109 3215 3442 3272 substantia
3463 3215 3712 3270 existen-

301 3295 468 3370 μηδὲν
502 3299 562 3355 δν
594 3299 737 3378 λέγει
769 3303 832 3359 τὸ
864 3305 1050 3362 κακόν.

369 3481 450 3537 Οὐ
479 3479 656 3537 πάντα
684 3489 840 3552 πᾶσι,
903 3484 1070 3547 Θείως
1120 3485 1214 3547 τὰς
1269 3481 1558 3550 ὑποϐἀσεις
1613 3493 1718 3542 τῶν
1775 3489 1826 3544 ἐν
1880 3490 1949 3564 τῇ

303 3567 644 3646 δημιουργίᾳ
692 3569 966 3628 διέσωσεν·
1019 3576 1047 3628 ὁ
1087 3577 1180 3647 μὲν
1230 3576 1331 3652 γάρ
1374 3582 1521 3646 νοῦς,
1570 3579 1690 3641 καθ’
1746 3579 1802 3632 ’ὸν
1865 3580 1953 3635 οὖ⁹

300 3659 520 3714 σίωνται
555 3661 607 3714 οἱ
651 3663 790 3716 θεῖοι
839 3663 957 3725 νὸες
996 3663 1084 3718 καὶ
1132 3667 1304 3732 πάντη
1334 3664 1514 3736 iiii/tor,
1551 3666 1817 3742 ἀνώτερος
1849 3673 1949 3742 ψυ-

299 3750 407 3822 χῆς
465 3745 630 3805 ἐστιν.
677 3751 733 3804 '0
772 3750 862 3805 οῦν
913 3751 1162 3827 ἄγγελος,
1223 3755 1250 3808 ὁ
1310 3756 1458 3831 παρά
1516 3758 1608 3811 τὸν
1659 3756 1948 3832 ἀγαθοειδῆ

297 3835 421 3890 νοῦν
475 3839 742 3910 κινηθεὶς,
776 3837 986 3912 δαίμων
1019 3837 1217 3912 ἀπέϐη·
1272 3847 1306 3912 ἡ
1344 3841 1400 3899 δὲ
1430 3847 1606 3920 ψυχὴ,
1634 3846 1768 3900 καθὸ
1793 3847 1953 3920 νοερᾶ

297 3925 382 3979 καὶ
411 3925 644 4000 λογική,
677 3928 740 3982 οὐ
773 3930 911 3983 κατά
961 3928 1125 4005 λόγον
1146 3935 1260 3970 ¹⁴σ¹⁶
1309 3932 1598 4007 ἐνεργοῦσα
1625 3936 1715 3990 τὸν
1754 3931 1950 3990 ὑποϐε-

301 4008 507 4083 ϐηκότα
541 4019 665 4068 νοῦν
695 4017 785 4070 τὸν
817 4019 1034 4090 νοητὸν,
1069 4019 1130 4074 οὗ
1169 4019 1370 4096 ἐνεργεῖ
1415 4023 1481 4077 τὰ
1530 4023 1723 4076 οἷ’κεῖα·
1777 4024 1843 4078 τά
1895 4021 1952 4077 δὶ

302 4103 525 4175 σώματα
558 4103 626 4158 τά
653 4100 1034 4176 ὑποϐεϐηκότα
1062 4108 1152 4163 τὸν
1185 4112 1370 4185 νοερὸν
1406 4111 1568 4188 λόγον
1598 4112 1744 4189 παρά
1791 4113 1948 4188 φύσιν

303 4191 608 4266 εὑρεθέντα,
639 4193 738 4248 οὐκ
763 4192 1024 4270 ἔρρωνται
1057 4197 1134 4260 εἷς
1163 4199 1231 4253 τὰ
1261 4199 1486 4258 ἑαυτῶν.

369 4371 492 4430 Πῶς
527 4367 678 4432 ὅλως
707 4372 776 4426 τὰ
827 4374 985 4432 κακά.
1033 4375 1098 4431 Ei
1150 4375 1383 4452 πρόνοια
1413 4375 1464 4431 ἐν
1496 4383 1650 4452 πᾶσι,
1705 4377 1949 4454 οὐδαμοῦ

303 4455 448 4533 φύσει
481 4458 546 4512 τὸ
577 4459 766 4516 κακόν.

2060 3308 2151 3362 tias
2202 3308 2586 3378 privationem
2638 3325 2650 3363 :
2700 3307 2949 3378 ideoque
2985 3306 3127 3361 dicit
3157 3304 3377 3360 malum
3410 3319 3707 3375 nusquam

2059 3397 2180 3451 ullo
2215 3399 2386 3452 modo
2417 3413 2566 3452 esse.

2131 3487 2248 3540 Non
2278 3487 2467 3542 omnia
2496 3485 2766 3541 omnibus.
2818 3483 3023 3539 Divine
3053 3484 3271 3555 gradus
3304 3484 3706 3536 creaturarum

2060 3574 2332 3630 servavit:
2356 3575 2754 3640 mensenim,a
2771 3573 3212 3644 quaessentiam
3230 3570 3524 3642 accipiunt
3540 3585 3706 3624 men-

2060 3667 2149 3716 tes
2202 3663 2408 3716 divinae
2456 3667 2512 3717 et
2559 3679 2802 3734 prorsus
2841 3658 3281 3723 immateriales,
3317 3658 3584 3728 superior
3622 3661 3712 3711 est

2060 3755 2278 3821 anima;
2313 3751 2556 3822 angelus
2588 3751 2792 3822 igitur,
2825 3749 2923 3820 qui
2956 3753 3164 3820 printer
3197 3752 3451 3801 mentem
3485 3745 3705 3799 bonum

2062 3862 2176 3918 pra:
2201 3861 2262 3899 se
2291 3843 2566 3896 ferentem
2587 3843 2869 3908 movetur,
2895 3839 3120 3891 daemon
3148 3834 3358 3899 evadit;
3383 3833 3580 3887 anima
3612 3849 3711 3887 au-

2059 3939 2174 3990 tem
2192 3938 2484 4004 quatenus
2509 3928 2840 3999 intelligens
2865 3943 2928 3982 ac
2955 3925 3412 3993 rationalis,non
3438 3937 3712 3977 exercens

2060 4023 2389 4080 secundum
2417 4019 2705 4074 rationem
2733 4017 3058 4087 subjectam
3095 4017 3349 4068 mentem
3378 4010 3718 4082 intelligibi-

2059 4113 2196 4180 lem,
2230 4128 2346 4167 non
2378 4112 2649 4181 operatur
2681 4106 2954 4178 propria;
3007 4120 3253 4175 corpora
3307 4117 3442 4156 vero
3494 4099 3716 4154 intelli-

2059 4202 2219 4275 genti
2255 4200 2478 4256 ratione
2527 4196 2826 4266 inferiora,
2877 4197 3086 4266 praeter
3135 4197 3409 4249 naturam
3461 4189 3716 4255 inventa,

2061 4309 2177 4348 non
2209 4289 2405 4346 valent
2433 4288 2491 4342 in
2525 4285 2758 4357 seipsis.

2133 4379 2404 4450 Quomodo
2433 4379 2551 4434 sint
2580 4377 2776 4432 animo
2805 4374 2977 4429 mala.
3013 4373 3072 4429 Si
3105 4368 3471 4444 providentia
3501 4367 3560 4422 in
3593 4383 3718 4422 om-

2061 4471 2259 4535 nibus,
2293 4483 2588 4538 nusquam
2623 4469 2837 4519 natura
2869 4462 3112 4517 malum.

367 4549 681 4614 §XXXIIL
745 4548 924 4606 Ἀλλά
978 4552 1069 4607 καὶ
1124 4559 1241 4616 τοῖς
1290 4557 1627 4630 γινομένοις.
1686 4559 1806 4615 ’Ότι
1861 4558 1950 4613 καὶ

2134 4557 2406 4632 ἓΧΧΙΙΙ.
2441 4557 2585 4624 Quin
2633 4556 2809 4610 etiam
2849 4554 2920 4607 iis
2974 4550 3069 4622 qui
3099 4559 3245 4604 sunt.
3303 4548 3484 4602 Deum
3539 4544 3716 4600 etiam

299 4640 411 4695 τοῖς
438 4636 754 4708 γινομένοις
796 4640 887 4694 καὶ
918 4644 1303 4715 νομιζομένοις
1333 4651 1523 4707 κακοῖς
1556 4647 1951 4722 ἀγαθοπρεπῶς

301 4723 567 4864 ἔὲἶρηται
601 4727 630 4780 ὁ
663 4728 795 4790 Θεὸς
825 4729 961 4804 πρὸς
1003 4727 1292 4808 διόρθωσιν
1343 4736 1376 4804 ἢ
1433 4733 1698 4812 ὠφέλειαν
1730 4737 1892 4809 ἡμῶν
1919 4737 1953 4806 ἢ

326 4831 353 4863 τ
387 4834 520 4864 οων-

326 4815 520 4887 τέρων,

367 4904 436 4958 ’Ἡ
468 4901 660 4958 ἄλλων
692 4907 726 4974 ἢ
758 4905 965 4977 ἷδικήν.
997 4910 1144 4984 Ηρὸς
1175 4910 1304 4974 τοὺς
1335 4911 1620 4986 λέγοντας,
1665 4915 1746 4967 δτι
1779 4912 1949 4988 ἐχρῆν

302 4991 450 5061 ἡμᾶς
476 4993 570 5046 καὶ
602 4994 831 5057 ἄκοντας
865 4998 994 5052 εἶναι
1028 4999 1284 5074 ἀγαθούς.

367 5081 649 5155 οἳχρῆναί
713 5106 840 5157 φασι
910 5089 1010 5156 τήν
1093 5089 1374 5162 πρόνοιαν.
1458 5091 1774 5163 Σημείωσαι
1833 5097 1950 5155 πῶς

303 5165 626 5239 έπιπὶήττει
676 5178 795 5234 τοῖς
851 5173 1089 5250 λέγουσι·
1153 5177 1250 5231 Διά
1305 5177 1356 5231 τί
1401 5179 1503 5253 γὰρ
1567 5181 1642 5252 μὴ
1703 5179 1953 5247 ἐποίησεν

300 5256 442 5326 ἡμᾶς
474 5258 503 5311 ὁ
535 5259 666 5322 Θεὸς
695 5259 890 5334 οὕτως,
917 5261 1028 5334 ἵνα,
1085 5263 1182 5319 κᾶν
1231 5264 1501 5339 θέλωμεν,
1569 5269 1644 5340 μή
1704 5270 1952 5344 ἁμαρτά-

299 5363 512 5417 νωμενς
563 5352 729 5403 τοῦτο
762 5351 861 5426 γὰρ
895 5350 1048 5408 οὐδὲν
1095 5350 1277 5430 ἕτερόν
1330 5355 1468 5410 ἐστιν
1515 5356 1548 5424 ἢ
1597 5354 1794 5433 λέγειν’
1857 5359 1954 5412 Διά

2065 4648 2136 4703 iis
2161 4647 2262 4719 qui
2294 4650 2550 4702 suntaut
2572 4646 2892 4699 censentur
2911 4639 3073 4707 mali,
3109 4639 3203 4710 pia
3227 4654 3336 4693 sua
3354 4633 3718 4706 benignitate

2063 4737 2132 4792 ad
2167 4733 2586 4791 correctionem
2620 4735 2675 4786 et
2701 4729 3014 4786 utilitatem
3042 4731 3301 4783 nostram
3335 4727 3436 4778 aut
3467 4721 3714 4777 aliorum

2064 4825 2170 4880 uti.

2133 4915 2235 4969 Aut
2265 4914 2528 4977 aliorum,
2568 4911 2651 4966 vel
2679 4907 2986 4982 propriam.
3020 4905 3235 4960 Contra
3264 4917 3363 4957 eos
3395 4899 3717 4972 quidicunt

2061 5021 2167 5059 nos
2201 5003 2410 5058 debere
2443 5001 2618 5056 etiam
2652 4998 2865 5053 invitos
2889 5011 3018 5050 esse
3043 4995 3251 5048 bonos.

2134 5093 2238 5160 Qui
2267 5093 2427 5146 aiunt
2455 5089 2649 5144 debere
2673 5085 3105 5158 providentiam.
3141 5081 3289 5135 Nota
3310 5077 3599 5147 quomodo
3622 5075 3716 5130 in-

2061 5185 2261 5251 crepat
2283 5181 2566 5244 dicentes,
2592 5177 2706 5231 Cur
2736 5175 2892 5229 Deus
2923 5187 3039 5226 non
3066 5170 3148 5224 ita
3173 5167 3306 5222 fecit
3328 5184 3454 5232 nos,
3487 5169 3573 5231 ut,
3606 5164 3716 5219 etsi

2059 5269 2331 5336 velimus,
2359 5283 2474 5321 non
2505 5279 2851 5337 peccemus;
2897 5261 3006 5315 hoc
3039 5258 3192 5314 enim
3243 5256 3401 5311 aliud
3449 5254 3597 5309 nihil
3629 5259 3717 5308 est

2060 5373 2237 5429 quam
2268 5356 2480 5422 dicere,
2513 5354 2702 5417 Quare
2725 5367 2831 5407 nos
2856 5348 3076 5406 mentis
3098 5351 3156 5403 et
3184 5345 3431 5402 rationis
3453 5347 3718 5415 expertes

1320 5541 1552 5598 VARI/1‘3
1591 5541 1976 5600 LECTIONES
2015 5540 2105 5596 ET
2141 5537 2706 5595 CORRECTIONES.

379 5668 422 5703 ¹³
453 5666 629 5733 οὕτως
661 5670 715 5724 οἱ
747 5668 847 5742 ἔξω
875 5677 975 5742 τῆς
1012 5668 1269 5743 ἀληθείας
1302 5670 1626 5747 βάλλοντες,
1661 5674 2046 5752 ἁμαρτάνουσι.
2125 5672 2250 5715 ¹⁸·¹⁸
2275 5662 2472 5745 λογική
2501 5668 2638 5728 κατὰ
2669 5666 2854 5744 λόγον.
