4000 6200
254 303 364 361 307

1081 309 1445 366 APPENDIX
1480 310 1579 363 AD
1616 307 1856 362 OPEBA
1890 307 1950 360 Β.
1988 303 2304 361 DIONYSH
2341 303 2848 362 AREOPAGI’I‘B.

3564 304 3680 361 308

258 446 375 486 non
400 430 643 502 creavit;
686 432 737 488 si
778 432 933 489 enim
962 433 1290 490 necessario
1313 433 1384 489 ad
1418 432 1694 489 virtutem
1724 430 1898 487 duce-

2031 423 2175 501 τίμὴ
2205 426 2412 500 ἀνόητα
2456 429 2546 484 καὶ
2595 426 2769 506 ἄλογα
2820 429 2971 502 ἡμᾶς
3019 426 3282 499 ἒποίησες
3331 429 3394 484 τὸ
3451 428 3559 505 γὰρ
3618 426 3675 499 ἐξ

258 537 688 595 remur,neque
714 538 817 580 nos
840 523 1224 596 imperatores
1247 524 1531 595 quosdam
1555 538 1755 579 eorum
1778 537 1904 593 quas

260 609 320 663 in
347 610 515 666 nobis
542 616 683 666 sunt
714 614 1085 681 ostendisset,
1113 630 1302 686 neque
1346 617 1616 668 naturam
1642 615 1903 666 nostram

262 698 686 771 intelligentem
711 717 839 757 esse
862 704 1249 775 permisisset,
1276 702 1331 757 id
1353 704 1442 757 est
1482 698 1903 771 intelligentem

264 787 556 857 animam;
589 790 778 845 aufert
800 791 953 846 enim
980 790 1308 847 libertatem
1334 795 1617 855 nostram,
1641 795 1697 843 et
1720 804 1908 859 neque

262 876 363 932 Dei
396 877 586 949 imago
616 880 860 947 erimus,
894 895 1082 951 neque
1113 880 1311 935 anima
1341 880 1570 935 ratione
1601 883 1657 933 et
1686 876 1910 932 intelle—

264 970 359 1020 ctu
393 967 659 1038 praedita,
687 974 744 1024 et
788 973 1001 1024 natura
1030 986 1272 1040 prorsus
1303 973 1734 1041 corrumpetur,
1766 967 1905 1022 dum

182 1064 185 1075 '
263 1071 378 1110 non
414 1061 504 1111 est
534 1058 687 1129 quod
722 1057 911 1130 ipsam
970 1075 1100 1114 esse
1151 1058 1479 1132 oportebat.
1521 1059 1681 1125 Quod
1715 1062 1908 1114 autem

265 1143 364 1213 ait,
390 1142 780 1215 αὐτοκινήτων,
805 1147 1023 1202 dictum
1059 1164 1189 1204 esse
1219 1165 1321 1220 pro
1355 1148 1430 1205 iis
1462 1166 1589 1220 qua:
1620 1164 1741 1203 suae
1771 1149 1911 1201 sunt

264 1235 571 1303 potestatis
601 1243 651 1290 et
673 1235 905 1309 imperii
929 1236 1400 1310 intelligendum;
1427 1255 1541 1293 non
1564 1242 1759 1299 autem
1808 1252 1909 1307 pro

264 1322 336 1377 iis
369 1322 469 1395 qui
499 1322 721 1395 seipsos
765 1335 1016 1394 movent,
1050 1326 1228 1382 veluti
1280 1327 1560 1383 animalia
1590 1328 1657 1382 ad
1704 1326 1911 1382 distin-

264 1411 513 1468 ctionem
541 1412 959 1486 immobilium,
985 1419 1050 1470 ut
1072 1416 1380 1472 domorum
1406 1420 1463 1472 et
1495 1415 1915 1482 montium,aut

267 1517 469 1556 eorum
487 1519 612 1573 quae
630 1504 700 1557 ab
715 1501 847 1559 aliis
869 1509 1199 1573 moventur,
1238 1510 1302 1560 ut
1337 1505 1601 1576 lapidum
1637 1509 1693 1561 et
1721 1504 1911 1575 ligno-

266 1607 397 1645 rum
424 1608 437 1646 :
462 1591 757 1647 disserens
798 1594 953 1649 enim
978 1595 1047 1649 de
1069 1595 1280 1650 virtute
1310 1594 1724 1664 αὐτοκινήτους,
1756 1594 1904 1650 105

266 1693 372 1734 seu
392 1679 491 1750 qui
523 1680 755 1752 proprio
787 1687 1095 1738 moventur
1128 1684 1369 1739 arbitrio
1391 1683 1740 1755 assumpsit,
1764 1699 1910 1754 quo-
1972 1738 1977 1743 ,

265 1783 398 1822 rum
435 1768 515 1822 ait
543 1770 1044 1826 accommodatam
1084 1770 1532 1843 providentiam,
1573 1776 1637 1827 ut
1673 1776 1731 1827 et
1777 1788 1906 1827 eam

266 1873 392 1927 qua:
422 1856 482 1911 in
503 1855 629 1929 lege
659 1875 725 1913 ac
756 1858 1079 1930 prophetis,
1106 1865 1163 1915 et
1194 1859 1523 1930 beneﬁciis,
1558 1859 1710 1916 sicut
1732 1860 1907 1915 etiam

261 1945 580 2017 Apostolus
610 1948 764 2018 apud
795 1947 1178 2004 Athenienses
1209 1949 1567 2005 concionans
1597 1949 1872 2005 declarat.

336 2037 542 2092 Invitos
568 2052 686 2091 uos.
721 2035 969 2093 Pulchre
999 2054 1201 2095 eorum
1231 2039 1517 2094 rationem
1552 2038 1776 2105 evertit,
1808 2038 1910 2111 qui

264 2123 467 2180 dicunt
495 2129 763 2196 oportere
794 2143 902 2182 nos
932 2127 1105 2183 etiam
1134 2127 1347 2183 invitos
1379 2134 1437 2184 et
1465 2146 1533 2184 ex
1562 2129 1909 2184 necessitate

262 2230 393 2270 esse
423 2214 644 2282 bonos;
675 2214 784 2271 hoc
816 2215 971 2272 enim
1012 2222 1163 2272 esset
1203 2218 1471 2274 essentia:
1520 2223 1733 2274 nostra
1780 2234 1905 2274 cor-

263 2302 481 2375 ruptio,
509 2304 837 2360 auferretur
865 2305 1018 2361 enim
1055 2306 1303 2362 liberum
1334 2307 1667 2362 arbitrium.

334 2394 441 2448 Per
467 2409 524 2448 se
550 2395 859 2451 mobilium.
894 2395 990 2451 Gr.
1040 2398 1148 2448 τῶν
1178 2393 1572 2465 αὐτοκινήτων.
1635 2397 1741 2453 Pro
1779 2394 1907 2459 τοὺς

263 2478 640 2552 αὖτεξουσίων,
675 2483 747 2538 iis
779 2483 877 2555 qui
912 2501 1018 2540 suo
1047 2483 1250 2540 vivunt
1293 2485 1555 2556 arbitrio,
1602 2486 1755 2543 sicut
1801 2488 1907 2542 ad-

256 2571 464 2642 jacens
494 2572 753 2628 declarat
783 2573 1211 2645 paragraphus.

333 2658 363 2732 §
395 2660 637 2716 XXXIV.
661 2661 726 2716 Et
756 2664 1007 2718 mutatio.
1041 2666 1190 2717 Nota
1247 2663 1588 2735 incorporea
1635 2669 1693 2720 et
1725 2670 1905 2722 mate-

261 2748 360 2803 ria
391 2749 649 2819 expertia
681 2749 919 2816 mutari,
955 2750 1093 2805 dum
1130 2767 1243 2806 non
1277 2757 1516 2807 manent
1563 2753 1803 2809 omnino
1845 2754 1902 2809 in

261 2834 398 2890 boni
429 2837 769 2898 identitate:
796 2838 1011 2894 bonum
1043 2840 1223 2910 enim,
1271 2845 1335 2895 ut
1374 2856 1604 2913 semper
1654 2847 1820 2898 stans
1850 2848 1907 2899 et

261 2923 489 2993 ﬁmum,
513 2925 669 2981 idem
689 2934 908 2996 manet;
935 2928 1089 2999 quod
1112 2945 1246 2985 vero
1281 2934 1570 2999 mutatur,
1606 2948 1720 2987 non
1749 2931 1902 2988 idem

261 3018 481 3067 manet.

332 3104 394 3155 In
426 3101 664 3159 scicntia
702 3120 825 3159 vero
866 3114 1168 3174 peccantes.
1218 3106 1362 3162 Vide
1394 3109 1685 3179 quomodo
1743 3109 1899 3166 istud

2015 515 2251 593 ἀνάγκης
2305 520 2454 592 ἡμᾶς
2483 519 2700 591 ἄγεσθαι
2752 517 2836 574 ἐπ’
2894 518 3091 595 ἀρετήν
3152 515 3278 573 οὔτε
3333 518 3671 594 αὐτοκράτο-

2018 608 2113 682 ράς
2143 628 2287 668 τινας
2328 609 2475 680 ἡμᾶς
2507 605 2714 662 ἐδείκνυ
2752 612 2859 661 τῶν
2907 608 3026 672 καθ’
3077 607 3323 676 ἑαυτοὺς,
3385 604 3510 662 οὕτε
3565 607 3669 675 τήν

2016 698 2204 771 νοεράν
2246 698 2407 767 ἡμῶν
2458 696 2614 773 φύσιν
2675 698 2810 752 εῖναι
2868 697 3209 773 συνεχώρει,
3260 702 3506 752 τουτέστι
3566 698 3669 766 τήν

2015 786 2204 859 νοεράν
2250 788 2456 861 ψυχήν·
2506 784 2663 841 ἄνελε
2703 787 2806 863 γάρ
2844 789 3003 859 ἡμῶν
3056 787 3119 841 τὸ
3151 786 3519 857 αὐτεξούσιον,
3576 786 3674 840 καὶ

2018 871 2140 929 οὕτε
2197 873 2357 930 εἰκὼν
2416 879 2550 930 Θεοῦ
2609 874 2882 948 ἐσόμεθα,
2942 871 3066 930 οὔτε
3111 875 3266 950 ψυχὴ
3317 874 3516 951 λογική
3576 875 3672 929 καὶ

2017 964 2197 1038 νοερὰ,
2249 963 2337 1018 καὶ
2367 968 2445 1036 τῷ
2503 960 2615 1018 ὄντι
2675 965 3007 1041 φθαρήσεται
3058 966 3093 1033 ἡ
3154 963 3333 1041 φύσις,
3384 962 3485 1018 οὐκ
3533 962 3676 1018 οῦσα

2019 1052 2151 1127 ὅπερ
2202 1050 2307 1107 ἔδει
2339 1052 2506 1122 αὐτήν
2542 1055 2698 1110 εἶναι.
2739 1057 2910 1129 ’Ὀπερ
2936 1050 2995 1108 δέ
3026 1074 3209 1131 φησιν,
3270 1053 3675 1123 αὐτοκινήτῶν,

2020 1141 2137 1196 ἀντὶ
2198 1146 2294 1196 τοῦ
2352 1142 2751 1214 αὐτεξουσίων,
2801 1143 2893 1197 καὶ
2952 1141 3363 1217 αὐτοκρατόρων
3419 1142 3683 1217 εἰρῆσθαι

2018 1229 2265 1299 νοητέον·
2316 1230 2378 1285 οὐ
2422 1232 2525 1306 γὰρ
2567 1236 2676 1285 τῶν
2708 1229 2930 1292 ἑαυτοὺς
2959 1231 3275 1298 κινούντων,
3320 1231 3434 1285 οἷον
3492 1229 3681 1303 ἐμψύ-

2022 1338 2162 1394 χων,
2218 1318 2354 1391 πρὸς
2409 1316 2826 1389 ἀντιδιαστολήν
2884 1322 2991 1373 τῶν
3038 1318 3333 1390 ἀκινήτων,
3383 1319 3458 1380 ὼς
3501 1314 3680 1373 οἷ’κων

2019 1407 2110 1462 καὶ
2165 1409 2327 1485 ὁρῶν·
2386 1409 2421 1477 ἢ
2483 1409 2906 1483 ἓτεροκινητων,
2965 1408 3039 1470 ὡς
3096 1406 3266 1472 λίθων
3319 1407 3410 1462 καὶ
3469 1406 3680 1478 ξύλων.

2020 1497 2149 1571 Περὶ
2207 1496 2310 1573 γὰρ
2377 1497 2572 1573 ἀρετῆς
2643 1494 3031 1572 διαλεγόμενος
3077 1494 3208 1559 τοὺς
3276 1494 3685 1567 αὐτοκινήτους

2019 1582 2347 1659 παρέλαϐεν,
2403 1588 2478 1639 ὧν
2509 1608 2639 1661 φησι
2697 1587 3007 1663 πρόσφορον
3065 1587 3164 1654 τήν
3223 1584 3501 1661 πρόνοιαν,
3549 1588 3679 1641 οἷον

2017 1674 2117 1743 τήν
2178 1671 2267 1728 διὰ
2321 1673 2495 1747 νόμου
2542 1673 2631 1730 καὶ
2678 1679 2996 1753 προφητῶν,
3040 1675 3139 1744 τὴν
3192 1671 3282 1729 διὰ
3318 1678 3427 1729 τῶν
3455 1673 3683 1752 εὐεργε-

2022 1768 2178 1833 σιῶν,
2222 1762 2296 1826 ὼς
2340 1764 2428 1818 καὶ
2479 1763 2507 1818 6
2557 1762 2896 1827 Ἀπόστολος
2930 1761 3117 1836 δηλοῖ,
3152 1760 3485 1841 δημηγορῶν
3538 1755 3687 1839 παρ’

2022 1852 2358 1923 Ἀθηναίοις.

2086 2034 2354 2096 ’Ἀκοντας
2402 2036 2586 2107 ἡμᾶς.
2633 2032 2829 2096 Καλῶς
2889 2032 3142 2109 ἀνέτρεψε
3194 2032 3288 2088 τὸν
3333 2031 3492 2107 λόγον
3549 2038 3675 2087 τῶν

2020 2120 2316 2197 λεγόντων,
2365 2122 2448 2178 ὅτι
2497 2123 2666 2199 ἐχρῆν
2715 2125 2863 2196 ἡμᾶς
2905 2122 2993 2177 καὶ
3039 2120 3263 2184 ἄκοντας
3304 2121 3393 2176 καὶ
3426 2122 3681 2198 ἀνάγκης

2018 2213 2153 2265 εῖναι
2185 2210 2411 2275 καλούς⁶
2439 2216 2600 2266 τοῦτο
2628 2212 2729 2287 γὰρ
2760 2211 2935 2286 φθορά
2976 2210 3041 2281 ἦν
3094 2212 3256 2285 ἡμῶν
3305 2214 3404 2276 τῆς
3452 2210 3674 2273 οὐσίας·

2017 2300 2260 2382 ἀνῄρητο
2289 2300 2389 2376 γὰρ
2420 2298 2482 2356 ἂν
2511 2301 2572 2355 τὸ
2604 2299 2965 2370 αὐτεξούσιον.

2088 2392 2211 2446 Τῶν
2242 2390 2630 2461 αὐτοκινήτων.
2662 2391 2811 2445 ’Λντὶ
2844 2393 2941 2444 τοῦ
2971 2393 3104 2458 τῶν,
3130 2387 3504 2461 αὐτεξουσίων,
3528 2388 3607 2450 ὡς
3629 2391 3677 2458 ἡ

2017 2480 2388 2555 παρακειμένη
2424 2477 2590 2550 δηλοῖ
2617 2481 2970 2558 παραγραφή.

2086 2663 2114 2729 §
2162 2660 2428 2717 XXXIV.
2488 2657 2587 2712 Καὶ
2644 2654 2945 2721 ἀλλοίωσις
2980 2700 2992 2712 .
3052 2657 3369 2730 Σημείωσαι
3427 2655 3509 2712 δτι
3569 2658 3675 2713 καὶ

2013 2748 2080 2802 τὰ
2110 2748 2372 2820 ἀσώματα
2419 2746 2599 2802 καὶτὰ
2631 2745 2770 2802 ἅϋλα
2799 2744 3142 2815 ἀλλοιοῦται,
3198 2748 3275 2820 μή
3323 2747 3547 2821 μένοντα
3605 2746 3668 2802 ἐν

2013 2840 2081 2909 τῇ
2107 2842 2204 2891 τοῦ
2234 2836 2435 2913 ἀγαθοῦ
2467 2834 2744 2898 ὁλοτελῶς
2763 2834 3073 2906 ταύτότητι·
3096 2835 3160 2891 τὸ
3193 2836 3288 2908 μὲν
3321 2836 3426 2912 γὰρ
3457 2835 3667 2911 ἀγαθὸν

2012 2925 2231 2995 ταύτὸν,
2263 2926 2337 2990 ὼς
2365 2924 2447 2981 ἀεὶ
2474 2926 2641 2988 ἑστὼς
2682 2925 2773 2980 καὶ
2826 2920 3064 3000 βέϐαιον·
3114 2924 3178 2980 τὸ
3218 2922 3276 2981 δὶ
3320 2925 3667 3001 τρεπόμενον

2013 3014 2075 3070 οὐ
2105 3014 2320 3073 ταύτόν.

2084 3095 2169 3159 Ἐν
2216 3105 2413 3181 γνώσει
2472 3103 2529 3161 δὲ
2567 3105 2998 3182 ἁμαρτάνοντας.
3048 3106 3187 3179 Ὅρα
3226 3108 3344 3169 πῶς
3373 3103 3668 3177 ἂρμηνεύει

260 3189 714 3262 interpretetur:
747 3193 842 3247 Vm
874 3193 1039 3249 vobis
1070 3212 1204 3250 cum
1246 3197 1575 3268 cognitione
1608 3200 1899 3269 peccanti-

2031 3195 2095 3249 τό·
2131 3193 2268 3250 Οὐαὶ
2295 3200 2411 3257 τοῖς
2445 3194 2495 3250 ἐν
2527 3198 2724 3271 γνώσει
2758 3196 3148 3271 ἁμαρτάνουσι,
3176 3193 3265 3249 καὶ
3296 3193 3378 3249 τό·
3415 3194 3475 3251 Ὀ
3528 3190 3671 3248 δοῦ-

262 3279 395 3335 bus.
430 3281 539 3335 Et:
585 3282 784 3337 Servus
836 3284 1013 3338 sciens
1068 3284 1383 3340 voluntaten
1429 3286 1646 3342 domini
1692 3290 1800 3357 sui,
1859 3294 1912 3346 et

264 3384 376 3424 non
403 3370 619 3441 faciens
649 3387 790 3443 eam,
822 3372 1103 3444 vapulabit
1131 3374 1320 3428 multis
1351 3376 1487 3445 (ελ).

338 3458 462 3516 Sive
506 3462 775 3527 scientiae,
827 3460 925 3519 Gr.
974 3459 1009 3529 ἢ
1055 3467 1157 3530 τῆς
1202 3461 1455 3537 γνώσεως
1513 3464 1680 3521 Forte
1738 3471 1908 3522 vocat

260 3551 458 3623 γνῶσιν
480 3550 868 3622 cognitionem
902 3568 1030 3622 qua)
1062 3554 1328 3607 doctrina
1349 3553 1693 3625 acquiritur,
1728 3573 1904 3627 quam

260 3638 475 3694 oblivio
508 3640 842 3711 frequenter
885 3640 1201 3696 obscurare
1260 3647 1464 3714 potest,
1498 3660 1676 3715 quam
1725 3647 1903 3701 etiam

258 3729 529 3800 superius
559 3730 702 3785 dixit
743 3748 811 3785 ex
863 3729 1066 3786 auditu
1109 3731 1313 3803 gigni;
1345 3733 1739 3805 cognitionem
1770 3752 1903 3791 vero

256 3816 545 3874 oblivione
577 3824 894 3887 carentem,
921 3820 1279 3875 censendum
1314 3836 1439 3877 eam
1474 3839 1598 3893 qua;
1631 3838 1697 3879 ex
1733 3830 1900 3880 natu-

255 3905 363 3962 rali
398 3907 795 3979 meditatione,
830 3913 934 3964 aut
958 3907 1355 3966 illustratione
1386 3911 1512 3966 sine
1542 3913 1777 3968 doctore
1808 3914 1903 3969 in-

254 3991 453 4049 haaret.

336 4082 529 4136 Verum
558 4082 679 4138 haec
708 4084 925 4153 quidem
955 4086 1133 4142 nobis.
1167 4086 1314 4142 Nota
1343 4086 1503 4142 aliud
1535 4104 1770 4160 quoque
1811 4090 1901 4162 ip-

256 4171 383 4226 sius
404 4187 531 4227 esse
561 4188 711 4245 opus
733 4173 980 4244 dejusto
1002 4180 1059 4231 et
1093 4176 1531 4247 divinojudicio
1553 4220 1567 4246 ,
1602 4186 1740 4234 nota
1769 4197 1901 4236 vero

256 4264 432 4333 caput
461 4261 569 4316 hoc
599 4261 896 4319 continere
923 4264 993 4318 23
1013 4262 1407 4337 syllogismos,
1432 4266 1903 4325 demonstrantes

255 4349 476 4406 malum
508 4367 624 4407 non
656 4365 786 4407 esse
815 4368 946 4408 ens.

890 4548 967 4605 IN
1004 4549 1159 4606 CAP.
1202 4551 1263 4608 V.

325 4638 430 4710 §I.
461 4639 576 4694 Non
620 4639 1236 4711 supersubstantialem.
1282 4640 1522 4713 Antiqui
1565 4644 1742 4700 Deum
1792 4662 1895 4702 vo-

259 4727 473 4783 cabant
504 4745 700 4795 unum,
750 4746 865 4786 non
918 4734 1199 4802 tanquam
1242 4733 1470 4788 numeri
1506 4732 1892 4808 principium;

256 4817 357 4871 sed
391 4817 530 4888 quia
561 4818 632 4873 ab
655 4819 931 4874 omnibus
973 4823 1232 4875 secretus
1264 4826 1372 4891 est,
1406 4822 1671 4894 nihilque
1722 4825 1894 4880 habet

254 4921 456 4961 eorum
488 4923 614 4978 quae
647 4912 780 4979 post
809 4907 1004 4980 ipsum
1040 4908 1275 4965 fuerunt
1294 4909 1385 4965 cui
1417 4918 1893 4985 connumeretur,

254 4994 397 5064 quin
429 4995 605 5051 etiam
638 4997 791 5067 quod
824 4999 1269 5071 compositionis
1304 5016 1507 5071 expers
1538 5017 1605 5056 ac
1648 5002 1897 5073 simplex

253 5082 358 5149 sit;
395 5083 502 5139 hoc
527 5089 723 5142 autem
753 5104 869 5143 non
900 5093 1275 5160 repraesentat
1303 5105 1433 5161 qua:
1456 5088 1534 5143 sit
1562 5089 1658 5144 Dei
1693 5105 1897 5147 essen-

251 5171 353 5238 tia;
376 5174 635 5229 essentia
666 5176 819 5231 enim
852 5176 1168 5250 imprOprie
1199 5178 1270 5234 de
1301 5178 1418 5234 Deo
1450 5177 1704 5247 dicatur,
1757 5197 1893 5237 nam

251 5263 764 5330 superessentialis
797 5270 905 5322 est.

331 5347 675 5408 Subslantiae
702 5351 915 5423 deiﬁca?
938 5356 1281 5425 principum,
1315 5354 1413 5410 Gr.
1446 5356 1744 5435 θεαρχικῆς
1800 5356 1896 5412 οὐ·

1930 4549 1979 4614 D

2020 3281 2116 3346 λος
2150 3284 2177 3338 ὁ
2236 3282 2395 3347 εἲδὼς
2450 3286 2511 3340 τὸ
2567 3283 2783 3357 θὲλημα
2823 3287 2921 3339 τοῦ
2968 3282 3160 3359 κυρίου
3203 3283 3394 3353 αὐτοῦ,
3443 3283 3533 3338 καὶ
3580 3285 3667 3357 μὴ

2016 3377 2188 3427 ποιῶν
2221 3372 2371 3443 αὐτὸ,
2406 3371 2694 3450 δαρήσεται
2719 3372 2954 3437 πολλάς.

2088 3463 2159 3517 Ἠ
2205 3469 2304 3533 τῆς
2347 3462 2619 3539 γνώσεως.
2671 3463 2872 3517 Γνῶσίν
2924 3483 3086 3540 φησιν
3137 3459 3269 3524 ἴσως
3316 3463 3416 3531 τὴν
3460 3459 3519 3516 ἐκ
3580 3459 3671 3517 δι-

2017 3548 2311 3616 δασκαλίας
2338 3553 2797 3629 προσγινομένην,
2828 3551 2894 3621 ἥν
2926 3552 3016 3606 καὶ
3060 3549 3205 3622 λήθη
3238 3549 3510 3612 πολλάκις
3564 3549 3668 3606 δύ-

2012 3662 2165 3696 ναται
2214 3642 2557 3718 ἀμαυρῶσαι,
2610 3644 2670 3712 ἦν
2724 3643 2810 3697 καὶ
2873 3640 3121 3718 ἀνωτέρω
3170 3640 3333 3712 φησὶν
3384 3640 3434 3714 ἐξ
3481 3640 3666 3712 ἀκοῆς

2014 3728 2353 3806 ἐγγίνεσθαι·
2397 3729 2634 3802 ἄληστον
2684 3728 2741 3786 δὶ
2786 3730 2884 3800 τὴν
2928 3734 3123 3806 γνῶσιν
3184 3730 3397 3801 οἰητέον
3440 3732 3539 3800 τὴν
3599 3730 3671 3789 ἐκ

2010 3825 2242 3895 φυσικῆς
2271 3820 2494 3894 θεωρίας
2522 3821 2556 3890 ἢ
2585 3818 2914 3894 ἐλλάμψεως
2945 3817 3247 3883 ἀδιδάκτως
3289 3820 3664 3897 προσγινομέ-

2005 3930 2123 3978 νην.

2080 4088 2254 4146 Ἀλλά
2278 4092 2445 4144 ταῦτα
2496 4088 2589 4163 μὶν
2635 4090 2794 4161 ἡμῖν.
2858 4086 3199 4162 Σημείωσαι,
3230 4085 3314 4142 ὅτι
3362 4086 3452 4143 καὶ
3510 4083 3664 4143 ἄλλο

2009 4177 2149 4233 ἐστὶν
2179 4177 2343 4233 αὐτοῦ
2373 4177 2650 4254 σύνταγμα
2673 4178 2796 4254 περὶ
2830 4174 3039 4233 δικαίου
3069 4176 3159 4232 καὶ
3189 4177 3335 4241 θείου
3366 4173 3670 4248 δικαιωτη-

2009 4267 2150 4340 ρίου·
2185 4268 2490 4340 σημείωσαι
2521 4265 2599 4339 δὲ,
2629 4266 2718 4321 καὶ
2767 4267 2849 4322 ὅτι
2897 4263 3066 4323 εἷ’κοσι
3117 4266 3208 4322 καὶ
3252 4271 3402 4341 τρεῖς
3449 4263 3666 4321 συλλο-

2006 4354 2238 4432 γισμοὺς
2268 4353 2385 4432 ἔχει
2413 4356 2475 4411 τὸ
2502 4354 2796 4435 κεφάλαιον
2846 4359 3031 4427 τοῦτο,
3077 4351 3521 4427 ἀποδεικνύντας,
3574 4356 3663 4411 ὅτι

2012 4446 2115 4501 οὐκ
2161 4440 2303 4500 ἔστιν
2336 4444 2393 4501 6'v
2423 4445 2487 4501 τὸ
2516 4446 2700 4504 κακόν.

2502 4557 2617 4607 ΕΙΣ
2655 4553 2741 4610 ΤΟ
2779 4558 3038 4610 ΚΕΦΔΛ.
3069 4558 3145 4612 Ε’.

2076 4643 2182 4716 §I.
2247 4641 2319 4697 Οὐ
2364 4642 2463 4711 τὴν
2505 4641 2847 4718 ὑπερούσιον.
2895 4642 2991 4699 Ἕν
3037 4640 3323 4714 ὠνόμασαν
3376 4641 3469 4697 τὸν
3524 4645 3663 4699 Θεὸν

2006 4732 2057 4786 οἱ
2087 4728 2257 4786 πάλαι
2289 4730 2397 4806 οὐχ
2424 4731 2497 4793 ὡς
2529 4730 2773 4804 ἀριθμῶν
2807 4730 3009 4806 ἀρχὴν,
3054 4728 3199 4785 ἀλλὰ
3224 4727 3313 4785 διὰ
3341 4730 3404 4785 τὸ
3435 4732 3662 4787 πάντων

2006 4820 2336 4896 ἐξῃρῆσθαι,
2384 4819 2474 4874 καὶ
2533 4816 2702 4892 μηδὲν
2758 4814 2903 4894 ἔχειν
2978 4820 3479 4893 συναριθμούμενον
3543 4827 3656 4877 τῶν

2010 4910 2120 4983 μετ’
2167 4909 2350 4975 αὐτὸν,
2400 4908 2545 4964 ἀλλά
2587 4908 2677 4963 καὶ
2723 4906 2814 4963 διὰ
2852 4909 2914 4963 τὸ
2944 4907 3229 4972 ἀσύνθετον
3279 4907 3369 4964 καὶ
3421 4909 3663 4966 ἀπλοῦν·

2007 5000 2067 5053 ού
2096 5003 2261 5054 τοῦτο
2294 4996 2350 5053 δὲ
2379 4997 2690 5073 παρίστησι,
2731 4998 2816 5062 τίς
2861 4999 2896 5067 ἡ
2926 4996 3084 5052 οὐσία
3113 5002 3210 5053 τοῦ
3242 5002 3394 5053 Θεοῦ·
3452 4999 3669 5072 κυρίως

2003 5094 2103 5162 γᾶρ
2130 5088 2287 5143 οὐσία
2331 5087 2417 5142 ἐπὶ
2475 5091 2607 5143 Θεοῦ
2665 5086 2766 5142 οὐκ
2812 5086 2871 5143 ’ἀν
2906 5084 3142 5164 λέγοιτο·
3179 5084 3423 5163 ἔστιγὰρ
3491 5088 3671 5165 ὑπερ-

2006 5180 2209 5239 ούσιος.

2075 5359 2383 5429 Θεαρχικῆς
2455 5354 2775 5432 οὐσιαρχίας
2807 5399 2820 5412 .
2907 5353 3241 5431 Οὐσιαρχίαν
3326 5355 3456 5433 φησὶ
3540 5357 3645 5426 τὴν

253 5438 531 5512 σιαρχίας.
556 5436 891 5517 Οὐσιαρχίαν
923 5456 1028 5498 seu
1059 5442 1327 5501 essentia:
1348 5444 1705 5520 principium
1728 5450 1893 5506 vocat

2031 5444 2179 5515 πάσης
2209 5442 2386 5518 ἀρχὴν
2421 5442 2611 5509 οὐσίας
2660 5444 2751 5501 καὶ
2792 5442 2990 5502 αἰτίαν·
3041 5444 3180 5514 αὐτὴ
3233 5443 3333 5521 γὰρ
3374 5446 3411 5515 ἠ
3449 5445 3666 5518 Θεότης

322 5623 439 5697 (ιι)
468 5626 607 5681 Luc.
636 5637 739 5695 xu,
770 5621 861 5680 47.
