4000 6200
244 329 348 383 309

1008 331 1068 381 8.
1108 327 1382 383 MAXIMI
1423 329 1726 383 SCHOLIA
1765 329 1837 380 IN
1878 329 1908 378 Ι.

2049 329 2144 380 DE
2182 330 2452 382 DIVIle
2491 331 2899 384 NOMINIBUS.

3550 330 3671 383 310:

250 452 379 525 ὑπὲρ
413 455 588 506 πᾶσαν
622 448 838 516 οὐσίαν,
871 447 1112 526 Πρόοδον
1157 448 1214 505 δὲ
1267 450 1367 518 τὴν
1429 449 1573 506 Θείαν
1631 449 1897 526 ἐνέργειαν

2028 468 2252 507 :ausam
2285 455 2341 508 et
2379 452 2735 525 principium
2763 454 2954 508 omnis
2984 455 3251 510 essentia:
3279 473 3292 521 ;
3324 455 3453 525 ipsa
3494 455 3650 510 enim

250 539 416 616 λέγει,
451 537 575 608 ἥτις
604 545 778 594 πᾶσαν
807 539 992 594 οὐσίαν
1024 541 1324 616 παρήγαγε.

319 808 415 863 Καὶ
451 809 554 881 γὰρ
585 809 621 876 ἡ
655 807 892 881 τάγαθοῦ
943 806 1238 879 θεωνυμία.
1274 812 1395 868 Πῶς
1447 807 1642 880 ἀγαθὸς
1687 805 1897 882 λέγεται

248 898 275 950 6
307 895 458 956 Θεὸς.
490 897 633 970 ’Ὁρα
665 893 722 949 δὲ
753 901 868 956 πῶς
898 916 1029 972 φησι
1061 896 1122 949 τὸ
1173 895 1388 967 ἀγαθὸν,
1421 892 1546 964 ἤτοι
1594 896 1692 962 τὴν
1738 895 1900 948 αὐτοῦ

250 985 583 1056 θεωνυμίαν,
610 985 933 1040 ἐκτείνεσθαι
975 985 1050 1047 εἷς
1081 985 1148 1038 τὰ
1177 982 1304 1039 ὅντα
1349 984 1538 1050 πάντα,
1571 983 1658 1038 xui
1711 983 1786 1044 εἰς
1835 983 1900 1037 τὰ

249 1077 350 1130 οὐκ
397 1071 526 1128 ὄντα
578 1076 709 1129 εἶναι
747 1092 759 1105 °
793 1075 856 1129 τὸ
913 1071 970 1128 δὲ
1024 1074 1080 1128 ἓν
1142 1075 1273 1148 ὑπὲρ
1325 1073 1391 1128 τὰ
1438 1070 1564 1127 ὄντα
1625 1074 1777 1137 εἶναι,
1810 1071 1898 1126 καὶ

254 1165 718 1239 ὑπερεκτείνεσθαι
749 1160 878 1238 αὐτὸ
911 1182 925 1196 '
970 1165 1068 1232 τήν
1121 1161 1176 1218 δὲ
1231 1165 1374 1232 ζωὴν
1426 1163 1556 1235 ὑπὲρ
1604 1162 1671 1216 τὰ
1729 1167 1903 1230 ζῶντα

250 1254 384 1308 εἶναι
421 1273 435 1284 ’
469 1254 560 1308 καὶ
589 1254 687 1322 τὴν
723 1253 911 1331 σοφίαν
946 1253 1078 1328 ὑπὶρ
1123 1252 1188 1306 τὰ
1234 1253 1393 1327 νοερὰ
1434 1251 1522 1306 xui
1569 1248 1762 1327 λογικᾶ
1809 1249 1900 1304 καὶ

249 1342 541 1410 αἲσθητικᾶ
573 1340 918 1406 ἐκτείνεσθαι,
950 1341 1025 1404 ὡς
1059 1343 1190 1395 εἶναι
1224 1338 1417 1410 δῆλον,
1452 1342 1534 1395 ὅτι
1571 1341 1634 1394 τὸ
1679 1339 1900 1414 ἀγαθὸν,

248 1431 527 1486 τουτέστιν
560 1431 589 1484 ὁ
623 1431 770 1500 Θεὸς,
802 1432 891 1485 xui
916 1435 1014 1485 τοῦ
1045 1427 1224 1500 ὄντος,
1255 1429 1344 1484 xui
1378 1435 1543 1501 ζωῆς,
1577 1429 1666 1483 καὶ
1706 1426 1899 1503 σοφίας

251 1519 423 1575 αἴτιον
463 1541 475 1556 υ
507 1521 572 1575 τὸ
619 1518 673 1574 δὲ
726 1519 804 1589 ὃν,
841 1525 986 1589 ζωῆς
1024 1519 1114 1574 καὶ
1147 1519 1334 1597 σοφίας
1391 1517 1584 1591 αἴτιον,
1615 1523 1732 1582 τοῖς
1782 1517 1901 1572 οὖσι

249 1612 358 1665 νόει
391 1609 715 1674 ἀκολούθως
746 1611 881 1683 [τοῖς
915 1609 1181 1683 λοιποῖς].

327 1877 425 1931 Καὲ
487 1875 565 1938 εἷς
619 1876 686 1931 τὰ
719 1879 762 1914 ¹⁶
819 1876 918 1931 οὐκ
973 1872 1101 1930 ὅντα
1155 1875 1467 1931 ἐκτείνεται.
1527 1874 1632 1930 Καὶ
1709 1873 1787 1937 εἲς
1841 1876 1907 1928 τὰ

259 1967 355 2018 οὐκ
384 1963 516 2018 ὄντα
545 1962 831 2018 ἐκτείνεται
861 1965 922 2018 τὸ
953 1963 1176 2038 ἀγαθὸν,
1208 1962 1280 2024 ὠς
1310 1962 1385 2023 εἰς
1429 1963 1492 2017 τὸ
1537 1963 1670 2017 εἶναι
1701 1962 1902 2018 καλοῦν

257 2053 387 2107 αὐτά
422 2073 435 2086 ο
473 2053 506 2121 ἢ
539 2053 629 2107 xui
669 2054 807 2107 κατὰ
835 2053 896 2107 τὸ
929 2051 1215 2126 εἰρημένον
1265 2051 1412 2123 αὐτῷ
1466 2055 1545 2122 τῷ
1599 2051 1787 2126 Πατρὶ,
1822 2053 1904 2105 ὅτι

258 2143 342 2197 καὶ
375 2141 508 2197 αὐτὸ
538 2142 601 2196 τὸ
627 2142 702 2214 μὴ
738 2140 794 2196 ὃν
827 2139 1018 2207 καλὸν,
1045 2140 1170 2195 ὅταν
1224 2141 1274 2195 ἐν
1326 2145 1441 2211 Θεῷ
1491 2137 1581 2194 διὰ
1625 2140 1688 2194 τὸ
1741 2141 1904 2214 ὑπερ-

259 2232 436 2286 ούσιον
469 2239 764 2306 θεωρῆται.
797 2234 965 2288 "Ov-cu
998 2227 1056 2285 δὶ
1084 2231 1150 2284 τὰ
1183 2229 1282 2284 οὐκ
1311 2225 1441 2282 ὄντα
1502 2227 1666 2283 alma
1715 2251 1900 2306 φησιν,

258 2322 328 2382 ὡς
358 2321 640 2383 πολλάκις
689 2318 1043 2392 ἐδηλώσαμεν
1095 2316 1207 2374 ἅνω
1241 2336 1254 2350 ’
1287 2318 1322 2387 ἢ
1369 2317 1566 2389 οὕτως,
1598 2316 1785 2387 ἐπειδή
1839 2318 1901 2372 οὐ

257 2411 648 2487 περιγρᾶφεται
703 2410 859 2481 τόπῳ
913 2410 940 2464 6
996 2408 1150 2478 Θεὸς,
1181 2407 1406 2468 εἷ’κότως
1455 2409 1585 2484 φησί
1636 2407 1725 2461 xui
1771 2408 1902 2482 ὑπὲρ

255 2502 318 2554 τὰ
341 2499 443 2554 οὐκ
482 2497 614 2554 ὄντα
655 2497 813 2554 αὐτὸν
872 2499 1022 2571 εἶναι,
1069 2495 1162 2552 ’ἱνα
1201 2495 1344 2571 δείξῃ
1389 2497 1452 2551 τὸ
1506 2495 1902 2572 ἀπερίγραπτον

256 2588 444 2648 αὗτοῦ.

331 2768 428 2823 Καὶ
486 2767 620 2842 ὑπὶρ
677 2768 745 2822 τὰ
804 2769 996 2835 ζῶντα.
1049 2765 1518 2837 Ἐπισημήνασθαι
1576 2763 1713 2838 χρὴ,
1766 2766 1906 2832 πῶς,

263 2858 385 2913 ὅταν
449 2857 547 2931 μὶν
603 2855 728 2930 περὶ
785 2855 1031 2931 ἀγγέλων
1081 2856 1210 2932 φησὶ
1271 2853 1360 2909 xui
1418 2854 1737 2927 ἀνθρώπων,
1783 2851 1911 2915 τοὺς

264 2947 530 3024 ἀγγέλους
558 2947 730 3015 νοητά
759 2967 890 3023 φησι
927 2964 939 2978 ·
971 2945 1065 3008 τὰς
1096 2941 1152 2998 δὲ
1182 2944 1450 3018 ἡμετέρας
1481 2942 1662 3017 ψυχὰς
1701 2941 1908 3016 νοερᾶς,

263 3037 336 3099 ὡς
366 3035 642 3097 πολλάκις
692 3035 946 3111 ἀνωτέρω
995 3035 1429 3108 παριττήσαμεν,
1459 3032 1549 3086 καὶ
1595 3032 1689 3092 τὰς
1736 3032 1908 3107 ἑρμη-

260 3127 402 3187 νείας
441 3123 722 3197 ἐκθέμενοι
747 3128 843 3179 τοῦ
872 3127 1073 3193 νοητοῦ
1109 3121 1200 3177 καὶ
1243 3126 1450 3196 νοεροῦ.
1489 3125 1591 3175 Νὖν
1646 3118 1692 3174 δ’
1723 3117 1910 3188 ἐπειδή

2008 540 2292 596 Divinitas
2319 546 2409 596 est
2437 559 2614 613 supra
2637 558 2870 597 omnem
2894 543 3232 597 essentiam.
3258 537 3497 614 Ηρὸοδον
3520 561 3652 599 vero

2009 646 2110 684 seu
2144 632 2579 701 progressionem
2628 637 2789 686 vocat
2836 630 3094 686 divinam
3129 632 3476 698 efficaciam,
3525 649 3652 702 quia

2010 719 2345 774 universam
2380 720 2696 775 essentiam
2731 721 3024 792 produxit.

2081 810 2234 864 166
2293 809 2576 882 Siquidem
2628 827 2826 865 nomen
2876 811 3004 865 boni
3051 811 3114 865 de
3167 817 3294 866 Deo.
3355 811 3654 874 Quomodo

2009 898 2164 954 Deus
2186 899 2414 954 dicatur
2435 899 2644 954 bonus.
2671 901 2813 954 Vide
2845 909 3042 955 autem
3073 901 3364 972 quomodo
3397 901 3539 955 dicit
3573 901 3658 954 bo-

2011 1003 2143 1042 num
2193 1005 2294 1043 seu
2341 989 2603 1043 divinum
2658 992 2785 1059 ejus
2838 1006 3048 1044 nomen
3082 989 3311 1044 extendi
3355 989 3427 1043 ad
3461 989 3659 1043 omnia

2011 1095 2136 1147 quae
2170 1089 2308 1133 sunt
2361 1083 2418 1132 et
2474 1096 2600 1149 quin
2651 1095 2765 1133 non
2811 1084 2969 1146 sunt,
3003 1083 3178 1149 atque
3227 1095 3405 1150 supra
3434 1095 3501 1132 ea
3532 1094 3658 1147 quas

2011 1183 2127 1221 non
2161 1173 2300 1221 sunt
2329 1184 2490 1235 esse;
2526 1184 2699 1222 unum
2726 1184 2856 1222 vero
2889 1184 3018 1222 esse
3040 1184 3218 1237 supra
3247 1184 3313 1222 ea
3345 1184 3471 1237 qua:
3495 1171 3656 1234 sunt,

2010 1255 2326 1327 ipsumque
2359 1256 2608 1312 ulterius
2640 1257 2944 1327 protendi:
2967 1255 3141 1311 vitam
3164 1260 3353 1311 autem
3379 1271 3659 1327 superare

2009 1345 2210 1400 omnia
2231 1363 2356 1416 quis
2387 1346 2608 1415 vivunt,
2649 1351 2705 1400 et
2724 1344 3058 1416 sapientiam
3091 1361 3269 1416 supra
3302 1343 3500 1400 omnia
3530 1361 3655 1415 quae

2010 1433 2369 1506 intelligunt,
2401 1439 2457 1489 ct
2488 1452 2614 1505 qua
2664 1435 2888 1490 ratione
2941 1439 2996 1489 et
3027 1452 3151 1506 quze
3198 1451 3374 1489 sensu
3408 1438 3657 1490 utuntur

2012 1525 2269 1590 extendi,
2303 1525 2384 1579 ita
2415 1530 2476 1578 ut
2509 1525 2885 1579 manifestum
2923 1523 3000 1578 sit
3029 1525 3178 1594 quod
3213 1528 3436 1590 bonum,
3469 1523 3527 1576 id
3568 1531 3658 1578 est

2012 1615 2188 1679 Deus,
2213 1614 2291 1669 sit
2306 1630 2484 1668 causa
2500 1617 2555 1668 et
2587 1615 2714 1683 ejus
2746 1614 2899 1684 quod
2933 1619 3040 1679 est,
3074 1618 3131 1668 et
3152 1613 3278 1668 vitae
3326 1617 3383 1668 et
3430 1612 3659 1683 sapien-

2013 1704 2138 1769 tiae;
2175 1702 2316 1756 illud
2351 1705 2547 1756 autem
2582 1703 2736 1773 quod
2769 1707 2879 1767 est,
2912 1702 3042 1756 vita:
3073 1708 3129 1756 et
3181 1701 3482 1773 sapientia:
3528 1718 3660 1755 cau-

1938 1827 1984 1891 Β
2016 1807 2164 1856 sam,
2190 1789 2450 1860 intellige
2480 1789 2550 1843 ad
2585 1806 2674 1843 res
2703 1791 3158 1845 accommodate.

2086 1879 2256 1949 Atque
2279 1878 2348 1932 ad
2377 1894 2440 1932 ea
2471 1895 2585 1948 quae
2613 1893 2724 1932 non
2753 1886 2881 1933 sunt
2909 1878 3238 1934 extenditur.
3272 1883 3461 1950 Atque
3493 1879 3565 1932 ad
3593 1895 3658 1932 ea

2016 1985 2143 2038 qua:
2178 1985 2292 2022 non
2326 1973 2465 2051 sunt
2487 1968 2820 2022 extenditur
2848 1969 3088 2037 bonum,
3126 1973 3403 2038 tanquam
3442 1969 3569 2039 ipsa
3596 1974 3662 2022 ut

2015 2059 2137 2112 sint
2163 2073 2402 2122 vocans,
2430 2062 2530 2112 aut
2551 2057 2721 2127 juxta
2753 2056 2918 2124 illud,
2945 2058 3099 2128 quod
3125 2057 3292 2112 Pater
3322 2057 3462 2112 alibi
3493 2057 3657 2122 dixit,

2015 2147 2153 2216 quia
2181 2145 2357 2201 etiam
2394 2145 2451 2199 id
2485 2147 2641 2216 quod
2695 2163 2807 2200 non
2842 2146 3077 2200 exsistit
3127 2153 3213 2200 est
3247 2146 3489 2210 bonum,
3527 2162 3660 2200 cum

2012 2235 2070 2289 in
2117 2240 2226 2290 Deo
2270 2242 2506 2305 propter
2544 2236 2814 2289 essentia
2871 2250 3174 2289 excessum
3235 2235 3659 2289 consideratur.

2012 2324 2179 2378 Ὄντα
2213 2340 2342 2378 vero
2372 2326 2535 2378 vocat
2555 2341 2623 2378 ea
2649 2338 2778 2393 quas
2813 2339 2928 2378 non
2960 2328 3098 2378 sunt
3132 2322 3480 2390 materialia,
3509 2323 3663 2377 sicut

2017 2429 2168 2483 saepe
2225 2411 2498 2482 superius
2556 2411 3026 2479 declaravimus;
3084 2415 3187 2466 aut
3242 2412 3346 2478 sic,
3381 2412 3659 2482 quoniam

2015 2502 2170 2557 Deus
2226 2502 2351 2556 loco
2400 2518 2515 2556 non
2573 2499 3106 2568 circumscribitur,
3140 2501 3346 2554 merito
3397 2500 3475 2554 ait
3525 2515 3660 2554 eum

2015 2591 2193 2646 etiam
2219 2606 2397 2661 supra
2419 2605 2488 2645 ea
2517 2606 2644 2660 quas
2673 2605 2785 2644 non
2819 2593 2958 2644 sunt
2987 2605 3136 2655 esse,
3169 2592 3233 2644 ut
3273 2588 3544 2644 ostendat
3592 2587 3661 2641 il-

2014 2680 2138 2736 lum
2165 2680 2408 2735 minime
2429 2678 2837 2734 circumscribi
2862 2694 3051 2750 posse.

2087 2772 2152 2825 Et
2181 2785 2349 2840 supra
2377 2770 2638 2824 viventia.
2691 2768 2999 2823 Advertere
3049 2770 3298 2839 oportet,
3348 2767 3663 2838 quomodo,

2019 2859 2255 2931 quando
2281 2859 2351 2912 de
2382 2857 2606 2928 angelis
2638 2861 2696 2912 et
2726 2855 3070 2911 hominibus
3115 2855 3396 2926 loquitur,
3428 2855 3667 2927 angelos

2018 2953 2181 3004 vocet
2195 2944 2363 3015 νοητά
2386 2963 2487 3002 seu
2513 2961 2639 3017 quae
2668 2945 3058 3016 intelliguntur
3081 2961 3095 3011 ;
3131 2950 3364 3000 nostras
3384 2959 3518 2998 vero
3541 2943 3668 2998 ani-

2020 3054 2149 3092 mas
2170 3035 2358 3110 νοεράς
2389 3052 2490 3092 seu
2522 3050 2647 3107 qum
2663 3035 3003 3106 intellig-unt,
3027 3033 3181 3089 sicut
3212 3034 3546 3104 frequenter
3570 3049 3667 3088 su-

2023 3128 2219 3198 perius
2253 3125 2824 3196 repraesentavimus,
2856 3125 3000 3179 dum
3043 3123 3550 3195 interpretationes
3573 3124 3668 3174 τοῦ

261 3215 383 3288 περὶ
424 3219 522 3268 τοῦ
573 3217 707 3269 Θεοῦ
737 3213 952 3287 πρῶτόν
1003 3233 1187 3288 φησιν,
1222 3211 1445 3272 εἷ’κότως
1491 3210 1581 3265 καὶ
1631 3209 1757 3272 τοὺς
1812 3210 1908 3284 ἀγ-

2028 3218 2217 3284 νοητοῦ
2247 3221 2303 3270 et
2331 3217 2524 3287 νοεροῦ
2545 3215 2983 3285 exponebamus
3010 3231 3022 3268 :
3054 3229 3212 3268 nunc
3234 3229 3366 3267 vero
3390 3211 3668 3282 quoniam

260 3302 458 3379 γὲλους
484 3304 605 3375 μεθ’
635 3305 795 3375 ἡμῶν
826 3300 1048 3376 vespa-5;
1077 3322 1263 3375 φησιν,
1295 3302 1386 3355 ἅτε
1433 3300 1521 3354 καὶ
1567 3298 1762 3360 αὐτοὺς
1823 3295 1910 3352 διᾶ

261 3398 356 3448 τοῦ
413 3399 558 3448 νοεῖν
618 3391 708 3446 τὸν
767 3393 917 3458 Θεὸν,
951 3389 1075 3445 ὅσον
1135 3391 1252 3444 οἷόν
1310 3410 1387 3458 τε,
1418 3389 1785 3465 τρεφομένους
1839 3392 1908 3462 τῇ

264 3485 468 3554 νοήσει,
501 3486 582 3554 τῷ
610 3480 970 3558 ἐπεστράφθαι
1000 3479 1086 3534 ἐπὶ
1120 3481 1219 3549 τήν
1271 3479 1414 3543 Θείαν
1458 3478 1670 3556 σοφίαν,
1703 3479 1776 3539 ὡς
1822 3478 1911 3532 καὶ

265 3573 318 3626 ui
349 3573 685 3646 ἀνθρώπιναι
716 3569 892 3644 ψυχαί
927 3587 940 3602 ⁵
984 3568 1072 3624 καὶ
1102 3569 1168 3623 τὰ
1223 3568 1508 3637 αἰσθητικά
1547 3565 1624 3635 δὲ,
1672 3567 1912 3621 τουτὲστι

261 3661 328 3715 τὰ
352 3659 549 3736 ἄλογα.
577 3662 838 3734 Ἐμψυχα
889 3655 946 3713 δὲ
975 3657 1127 3730 ὅμως
1157 3657 1330 3712 πάντα
1387 3657 1576 3735 σοφίας
1626 3657 1913 3731 μετέχουσι

265 3748 434 3820 θείας,
489 3749 582 3803 xui
631 3748 681 3802 ἐν
739 3754 855 3804 "cui:
914 3753 1164 3822 φυσικαῖς
1213 3746 1387 3801 αὐτῶν
1443 3747 1662 3819 ὁρμαῖς,
1697 3746 1770 3806 ὡς
1825 3744 1914 3798 xui

265 3839 292 3893 6
347 3840 495 3892 θεῖος
558 3836 841 3898 Βασίλειος
891 3836 943 3890 ἐν
1011 3839 1080 3908 τῇ
1137 3836 1457 3908 Ἐξαημέρῳ
1514 3833 1767 3904 δείκνυσι,
1825 3833 1916 3886 καὶ

266 3927 398 3981 αὐτὸ
459 3923 519 3980 δὲ
573 3927 636 3981 τὸ
695 3926 746 3980 ἂν
795 3924 956 4002 σοφίᾳ
1011 3923 1251 3999 γενέσθαι
1303 3927 1476 3978 πάντα
1513 3923 1736 3978 κατὰτὸ
1767 3921 1915 3996 εἴρη-

269 4016 450 4086 μὲνοψ
487 4015 670 4070 Πάντα
700 4014 753 4069 ἐν
786 4013 947 4092 σοφίᾳ
975 4012 1254 4084 ἐποίησας.
1281 4014 1340 4070 Ἣ
1394 4010 1451 4068 δὲ
1493 4011 1651 4088 σοφία
1699 4010 1839 4065 ἐστὶν
1890 4010 1918 4063 6

267 4103 387 4167 Υἱὸς
441 4105 469 4160 ὁ
504 4102 580 4157 ὥν
616 4123 630 4136 ·
663 4105 838 4159 πάντα
870 4101 960 4158 οὖν
994 4101 1044 4157 ἐν
1075 4103 1155 4175 τῷ
1189 4103 1298 4174 Υἱῷ
1347 4107 1426 4174 τῷ
1481 4097 1592 4156 ὄντι
1649 4098 1915 4175 ἐγένοντο,

270 4192 452 4268 φησίν.

340 4465 366 4532 §
398 4467 466 4517 II.
500 4461 940 4536 Ἐκφαντορικάς.
976 4455 1395 4536 Ἐκφαντορικάς
1427 4478 1559 4534 φησι
1597 4458 1694 4520 τὰς
1739 4457 1922 4534 ἐκφαιο

272 4549 465 4612 νοῦσας
493 4549 621 4619 ἤτοι
652 4549 1008 4626 παριστάσας.

344 4732 461 4797 Τῆς
497 4728 632 4802 ὑπὲρ
689 4732 861 4781 πᾶσαν
895 4725 1222 4800 ἆγαθότητα.
1267 4723 1585 4796 Σημείωσαι
1616 4723 1700 4779 ὅτι
1738 4725 1924 4789 καλῶς

276 4819 535 4893 Λέγομιν,
556 4816 638 4872 ὅτι
670 4815 810 4870 ἐστὶν
845 4816 975 4890 ὑπὲρ
1006 4820 1177 4870 πᾶσαν
1211 4814 1522 4889 ἀγαθότητα
1549 4813 1638 4868 καὶ
1671 4814 1920 4883 θεότητα’

276 4902 676 4978 ὁποϐεϐηκυίας
709 4903 800 4960 οὖν
834 4903 1089 4970 θεότητας
1133 4903 1334 4973 νόησον
1389 4901 1632 4978 ἀγγέλων
1684 4904 1774 4957 xui
1830 4903 1919 4957 ἀν-

274 4997 504 5072 θρώπων
537 4993 760 5049 δικαίων
773 5036 786 5050 .
1447 5044 1474 5054 ,

340 5087 430 5142 Ἐν
512 5081 871 5159 ἀποκρύφοις.
929 5087 1016 5145 Ὠς
1085 5080 1147 5136 τό
1199 5099 1213 5112 ⁶
1261 5084 1458 5145 Ἕθετο
1525 5081 1718 5144 σκότος
1755 5082 1920 5136 ἀπο-

271 5177 480 5250 κρυφὴν
540 5173 706 5229 αὐτοῦ
739 5193 752 5207 ο
802 5171 892 5227 xui
948 5169 1114 5226 πάλιν
1142 5191 1154 5204 ·
1219 5171 1304 5226 Ἐν
1365 5170 1666 5247 ἀποκρύφῳ
1727 5185 1920 5225 καται-

273 5262 450 5339 γίδος.

349 5410 426 5483 (ιι)
455 5407 609 5467 Psal.
645 5423 768 5479 cm,
799 5405 888 5462 24.
967 5403 1041 5478 (υ)
1073 5403 1230 5461 Psal.
1263 5420 1403 5474 xvn,
1437 5405 1523 5460 12.

2022 3305 2209 3377 primo
2241 3312 2299 3360 et
2330 3303 2689 3375 pricipaliler
2717 3305 2784 3357 de
2836 3302 3274 3373 Deovloquitur,
3318 3301 3523 3356 merito
3565 3317 3667 3354 an-

2021 3394 2182 3466 gelos
2214 3394 2368 3449 sicut
2397 3397 2452 3448 et
2482 3409 2586 3447 nos
2617 3392 2760 3448 dicit
2813 3388 3055 3464 νοερούς,
3111 3390 3280 3462 quasi
3329 3390 3504 3444 etiam
3555 3387 3669 3459 ipsi

2023 3485 2205 3540 Deum
2236 3481 2639 3553 intelligendo,
2673 3486 2958 3552 quantum
2991 3481 3113 3535 ﬁeri
3149 3484 3357 3550 potest,
3405 3477 3668 3533 intellec-

2022 3574 2178 3628 tione
2204 3571 2611 3641 alantur,quia
2642 3571 2713 3625 ad
2745 3569 2999 3624 divinam
3031 3568 3379 3638 sapientiam
3405 3567 3670 3622 conversi

2026 3667 2184 3730 sunt,
2218 3661 2370 3716 sicut
2417 3665 2473 3714 et
2519 3659 2820 3714 hominum
2879 3657 3108 3722 animis,
3167 3663 3342 3726 atque
3390 3654 3455 3707 τὰ
3485 3653 3672 3721 αἰσθη-

2025 3749 2168 3815 taxat,
2202 3749 2257 3804 id
2292 3754 2382 3804 est
2413 3748 2658 3804 rationis
2689 3747 2966 3819 expertia.
3000 3745 3269 3800 Animata
3297 3759 3433 3798 vero
3473 3743 3671 3798 omnia

2030 3839 2245 3912 pariter
2303 3838 2559 3892 divinam
2604 3836 2779 3892 etiam
2832 3836 3188 3906 participant
3227 3833 3576 3904 sapientiam
3610 3831 3670 3886 in

2027 3928 2153 3982 suis
2185 3926 2554 3982 naturalibus
2586 3923 3100 3997 propensiombus,
3125 3922 3280 3978 sicut
3310 3921 3544 3976 divinus
3566 3921 3670 3976 Ba-

2029 4016 2198 4072 silius
2229 4014 2485 4072 ostendit
2515 4015 2573 4069 in
2606 4016 2964 4082 Ilexaemero,
3005 4017 3181 4083 atque
3203 4011 3346 4067 illud
3371 4011 3587 4082 ipsum,
3615 4010 3671 4064 in

2029 4105 2316 4176 sapientia
2338 4106 2487 4159 facta
2508 4118 2637 4158 esse
2668 4101 2885 4169 omnia,
2909 4101 3235 4157 secundum
3268 4101 3632 4172 Scripturam
3658 4116 3672 4155 :

2029 4195 2232 4252 Omnia
2261 4194 2324 4250 in
2351 4195 2604 4264 sapienti:
2631 4193 2815 4264 fecisti
2845 4193 2944 4262 (ιι).
2999 4191 3296 4263 Sapientia
3346 4196 3536 4246 antem
3589 4194 3677 4246 est

2029 4283 2231 4348 Filius,
2263 4281 2364 4354 qui
2393 4287 2516 4351 est;
2551 4281 2972 4353 omniaigitur,
2994 4279 3212 4352 inquit,
3243 4284 3410 4336 erant
3438 4279 3495 4334 in
3531 4279 3675 4334 Filio

2030 4373 2125 4444 qui
2159 4377 2270 4427 est.

2102 4461 2232 4533 §II.
2266 4461 2752 4531 Manifestatorias.
2812 4461 2911 4516 Gr.
2972 4456 3381 4536 ἐκφαντορικάς.
3444 4455 3675 4530 Ἐκφαν-

1950 4548 2248 4636 υτορικάς
2303 4554 2469 4606 vocat
2499 4566 2597 4605 eas
2655 4566 2780 4620 qua:
2837 4548 3139 4605 declarant
3192 4562 3294 4602 seu
3354 4561 3674 4616 repraesen-

2025 4644 2174 4695 tant.

2106 4729 2238 4796 Quae
2265 4745 2438 4799 supra
2469 4743 2684 4784 omnem
2715 4727 3028 4782 bonitatem.
3063 4726 3210 4780 Nota
3252 4740 3358 4778 nos
3406 4727 3562 4778 recte
3593 4724 3675 4778 di-

2032 4833 2159 4872 cere
2190 4817 2343 4886 quod
2375 4833 2612 4871 omnem
2643 4821 2882 4886 superet
2913 4816 3231 4869 bonitatem
3265 4816 3320 4866 et
3363 4812 3672 4880 deitatem;

2031 4921 2168 4976 ergo
2195 4922 2297 4977 per
2322 4905 2590 4960 subditas
2621 4905 2866 4959 deitates
2896 4901 3156 4973 intellige
3177 4899 3519 4972 angelorum
3543 4902 3674 4971 jus-

2031 4999 2344 5065 torumque
2372 4994 2563 5048 viroru
2577 5010 2630 5051 m
2658 4992 2923 5047 deitates.

2103 5085 2250 5138 167
2306 5085 2370 5138 In
2418 5081 2773 5138 absconditis.
2826 5079 2898 5134 Ut
2957 5079 3101 5133 illud
3137 5095 3149 5133 :
3182 5079 3371 5133 Posuit
3425 5080 3680 5134 tenebras

2031 5173 2326 5228 latibulum
2343 5188 2503 5228 suum
2535 5171 2629 5242 (v);
2663 5173 2718 5224 et
2749 5183 2993 5224 rursus:
3020 5171 3090 5224 In
3118 5167 3442 5223 abscondito
3469 5174 3678 5240 tempe-

2029 5263 2188 5317 statis
2206 5261 2307 5333 (az).

1601 5403 1684 5477 (ω)
1713 5403 1865 5461 Psal.
1902 5420 2068 5473 ων,
2097 5405 2151 5462 8.

1289 5546 1529 5604 νΑΒΙιΕ
1565 5546 1961 5606 LECTIONES
1996 5547 2089 5604 ET
2128 5542 2671 5604 CORRECTIONES

355 5651 402 5690 “
427 5647 496 5708 τὰ
523 5647 683 5709 αὐτά.
