  <div class='ocr_page' id='page_1' title='image "/cluster/home/n/w/nwhite01/storage/ocr_20150623/4/hvd.32044073426538/165.png"; bbox 0 0 4000 6200; ppageno 0'>
   <div class='ocr_carea' id='block_1_1' title="bbox 368 310 470 364">
    <p class='ocr_par' dir='ltr' id='par_1_1' title="bbox 368 310 470 364">
     <span class='ocr_line' id='line_1_1' title="bbox 368 310 470 364; baseline 0 0"><span class='ocrx_word' id='word_1_1' title='bbox 368 310 470 364; x_wconf 86' lang='grc'>311</span> 
     </span>
    </p>
   </div>
   <div class='ocr_carea' id='block_1_2' title="bbox 1187 308 2961 368">
    <p class='ocr_par' dir='ltr' id='par_1_2' title="bbox 1187 308 2961 368">
     <span class='ocr_line' id='line_1_2' title="bbox 1187 308 2961 368; baseline -0.002 -2"><span class='ocrx_word' id='word_1_2' title='bbox 1187 312 1556 366; x_wconf 78' lang='grc' dir='ltr'>ΔΡΡΕΝΒΙΧ</span> <span class='ocrx_word' id='word_1_3' title='bbox 1593 312 1690 366; x_wconf 77' lang='grc' dir='ltr'>ΔΙ)</span> <span class='ocrx_word' id='word_1_4' title='bbox 1727 310 1966 365; x_wconf 79' lang='lat' dir='ltr'><strong>OPERA</strong></span> <span class='ocrx_word' id='word_1_5' title='bbox 2002 310 2061 363; x_wconf 85' lang='lat'>8.</span> <span class='ocrx_word' id='word_1_6' title='bbox 2102 308 2417 365; x_wconf 82' lang='lat' dir='ltr'>DIONYSII</span> <span class='ocrx_word' id='word_1_7' title='bbox 2458 311 2961 368; x_wconf 68' lang='lat' dir='ltr'>AREOPAGITE.</span> 
     </span>
    </p>
   </div>
   <div class='ocr_carea' id='block_1_3' title="bbox 3663 315 3754 370">
    <p class='ocr_par' dir='ltr' id='par_1_3' title="bbox 3663 315 3754 370">
     <span class='ocr_line' id='line_1_3' title="bbox 3663 315 3754 370; baseline 0.022 -2"><span class='ocrx_word' id='word_1_8' title='bbox 3663 315 3754 370; x_wconf 80' lang='grc'>312</span> 
     </span>
    </p>
   </div>
   <div class='ocr_carea' id='block_1_4' title="bbox 448 429 2030 510">
    <p class='ocr_par' dir='ltr' id='par_1_4' title="bbox 448 431 2019 506">
     <span class='ocr_line' id='line_1_4' title="bbox 448 431 2019 506; baseline -0.001 -18"><span class='ocrx_word' id='word_1_9' title='bbox 448 435 512 488; x_wconf 80' lang='lat' dir='ltr'>Et</span> <span class='ocrx_word' id='word_1_10' title='bbox 537 446 728 488; x_wconf 73' lang='lat' dir='ltr'>sensus</span> <span class='ocrx_word' id='word_1_11' title='bbox 754 431 1114 504; x_wconf 79' lang='lat' dir='ltr'>participant.</span> <span class='ocrx_word' id='word_1_12' title='bbox 1148 433 1434 499; x_wconf 83' lang='lat' dir='ltr'>Quoniam</span> <span class='ocrx_word' id='word_1_13' title='bbox 1459 434 1633 506; x_wconf 88' lang='lat' dir='ltr'>paulo</span> <span class='ocrx_word' id='word_1_14' title='bbox 1673 436 1806 489; x_wconf 82' lang='lat' dir='ltr'>ante</span> <span class='ocrx_word' id='word_1_15' title='bbox 1855 433 2019 488; x_wconf 88' lang='lat' dir='ltr'>visus</span> 
     </span>
    </p>
   </div>
   <div class='ocr_carea' id='block_1_5' title="bbox 2143 429 3754 510">
    <p class='ocr_par' dir='ltr' id='par_1_5' title="bbox 2204 429 3754 510">
     <span class='ocr_line' id='line_1_5' title="bbox 2204 429 3754 510; baseline 0.003 -26"><span class='ocrx_word' id='word_1_16' title='bbox 2204 429 2301 484; x_wconf 83' lang='lat' dir='ltr'>Kui</span> <span class='ocrx_word' id='word_1_17' title='bbox 2369 431 2673 502; x_wconf 70' lang='grc' dir='ltr'>αἰσθήσεως</span> <span class='ocrx_word' id='word_1_18' title='bbox 2725 430 3159 510; x_wconf 80' lang='grc' dir='ltr'>μετειληφότων.</span> <span class='ocrx_word' id='word_1_19' title='bbox 3221 430 3438 501; x_wconf 67' lang='grc' dir='ltr'>Ἐπειδὴ</span> <span class='ocrx_word' id='word_1_20' title='bbox 3506 432 3606 506; x_wconf 81' lang='grc' dir='ltr'>πρὸ</span> <span class='ocrx_word' id='word_1_21' title='bbox 3676 457 3754 507; x_wconf 85' lang='grc' dir='ltr'>μι-</span> 
     </span>
    </p>
   </div>
   <div class='ocr_carea' id='block_1_6' title="bbox 371 520 2022 600">
    <p class='ocr_par' dir='ltr' id='par_1_6' title="bbox 371 520 2022 600">
     <span class='ocr_line' id='line_1_6' title="bbox 371 520 2022 600; baseline 0.001 -25"><span class='ocrx_word' id='word_1_22' title='bbox 371 524 461 576; x_wconf 84' lang='lat' dir='ltr'>est</span> <span class='ocrx_word' id='word_1_23' title='bbox 492 520 702 592; x_wconf 83' lang='lat' dir='ltr'>dicere,</span> <span class='ocrx_word' id='word_1_24' title='bbox 750 522 971 600; x_wconf 75' lang='lat' dir='ltr'>bonum</span> <span class='ocrx_word' id='word_1_25' title='bbox 1015 539 1147 578; x_wconf 91' lang='lat' dir='ltr'>esse</span> <span class='ocrx_word' id='word_1_26' title='bbox 1185 523 1540 594; x_wconf 75' lang='lat' dir='ltr'>subjectum,</span> <span class='ocrx_word' id='word_1_27' title='bbox 1574 539 1704 578; x_wconf 89' lang='lat' dir='ltr'>cum</span> <span class='ocrx_word' id='word_1_28' title='bbox 1736 522 1882 578; x_wconf 84' lang='lat' dir='ltr'>dixit</span> <span class='ocrx_word' id='word_1_29' title='bbox 1910 537 2022 577; x_wconf 83' lang='lat' dir='ltr'>esse</span> 
     </span>
    </p>
   </div>
   <div class='ocr_carea' id='block_1_7' title="bbox 372 610 2022 684">
    <p class='ocr_par' dir='ltr' id='par_1_7' title="bbox 372 610 2022 684">
     <span class='ocr_line' id='line_1_7' title="bbox 372 610 2022 684; baseline 0.001 -19"><span class='ocrx_word' id='word_1_30' title='bbox 372 612 488 682; x_wconf 76' lang='lat' dir='ltr'>ejus</span> <span class='ocrx_word' id='word_1_31' title='bbox 526 610 666 683; x_wconf 81' lang='lat' dir='ltr'>quod</span> <span class='ocrx_word' id='word_1_32' title='bbox 697 616 773 666; x_wconf 76' lang='lat' dir='ltr'>est</span> <span class='ocrx_word' id='word_1_33' title='bbox 801 628 1050 682; x_wconf 79' lang='lat' dir='ltr'>causam,</span> <span class='ocrx_word' id='word_1_34' title='bbox 1075 617 1131 667; x_wconf 87' lang='lat' dir='ltr'>et</span> <span class='ocrx_word' id='word_1_35' title='bbox 1156 613 1233 667; x_wconf 90' lang='lat' dir='ltr'>ita</span> <span class='ocrx_word' id='word_1_36' title='bbox 1256 613 1557 684; x_wconf 81' lang='lat' dir='ltr'>deinceps,</span> <span class='ocrx_word' id='word_1_37' title='bbox 1583 629 1653 667; x_wconf 89' lang='lat' dir='ltr'>ne</span> <span class='ocrx_word' id='word_1_38' title='bbox 1676 612 1775 684; x_wconf 88' lang='lat' dir='ltr'>qui</span> <span class='ocrx_word' id='word_1_39' title='bbox 1800 613 2022 682; x_wconf 83' lang='lat' dir='ltr'>absque</span> 
     </span>
    </p>
   </div>
   <div class='ocr_carea' id='block_1_8' title="bbox 373 699 2020 774">
    <p class='ocr_par' dir='ltr' id='par_1_8' title="bbox 373 699 2020 774">
     <span class='ocr_line' id='line_1_8' title="bbox 373 699 2020 774; baseline 0.001 -21"><span class='ocrx_word' id='word_1_40' title='bbox 373 699 672 756; x_wconf 90' lang='lat' dir='ltr'>intellectu</span> <span class='ocrx_word' id='word_1_41' title='bbox 699 701 958 773; x_wconf 81' lang='lat' dir='ltr'>legerent</span> <span class='ocrx_word' id='word_1_42' title='bbox 981 702 1349 758; x_wconf 69' lang='lat' dir='ltr'>occasionem</span> <span class='ocrx_word' id='word_1_43' title='bbox 1375 702 1656 774; x_wconf 80' lang='lat' dir='ltr'>arguendi</span> <span class='ocrx_word' id='word_1_44' title='bbox 1679 702 2020 773; x_wconf 73' lang='lat' dir='ltr'>reperirent,</span> 
     </span>
    </p>
   </div>
   <div class='ocr_carea' id='block_1_9' title="bbox 373 789 2022 861">
    <p class='ocr_par' dir='ltr' id='par_1_9' title="bbox 373 789 2022 861">
     <span class='ocr_line' id='line_1_9' title="bbox 373 789 2022 861; baseline 0.001 -19"><span class='ocrx_word' id='word_1_45' title='bbox 373 789 456 843; x_wconf 85' lang='lat' dir='ltr'>ait</span> <span class='ocrx_word' id='word_1_46' title='bbox 491 807 502 844; x_wconf 92' lang='lat'><strong>:</strong></span> <span class='ocrx_word' id='word_1_47' title='bbox 549 791 668 845; x_wconf 80' lang='lat' dir='ltr'>Non</span> <span class='ocrx_word' id='word_1_48' title='bbox 699 797 885 846; x_wconf 76' lang='lat' dir='ltr'>autem</span> <span class='ocrx_word' id='word_1_49' title='bbox 916 791 1073 846; x_wconf 76' lang='lat' dir='ltr'>aliud</span> <span class='ocrx_word' id='word_1_50' title='bbox 1105 808 1215 846; x_wconf 76' lang='lat' dir='ltr'>esse</span> <span class='ocrx_word' id='word_1_51' title='bbox 1268 792 1487 858; x_wconf 77' lang='lat' dir='ltr'>bonum,</span> <span class='ocrx_word' id='word_1_52' title='bbox 1521 797 1574 846; x_wconf 78' lang='lat' dir='ltr'>et</span> <span class='ocrx_word' id='word_1_53' title='bbox 1605 791 1763 846; x_wconf 69' lang='lat' dir='ltr'>aliud</span> <span class='ocrx_word' id='word_1_54' title='bbox 1795 791 1851 845; x_wconf 76' lang='lat' dir='ltr'>id</span> <span class='ocrx_word' id='word_1_55' title='bbox 1883 789 2022 861; x_wconf 85' lang='lat' dir='ltr'>quod</span> 
     </span>
    </p>
   </div>
   <div class='ocr_carea' id='block_1_10' title="bbox 372 880 2020 952">
    <p class='ocr_par' dir='ltr' id='par_1_10' title="bbox 372 880 2020 952">
     <span class='ocr_line' id='line_1_10' title="bbox 372 880 2020 952; baseline 0.001 -20"><span class='ocrx_word' id='word_1_56' title='bbox 372 887 472 934; x_wconf 82' lang='lat' dir='ltr'>est.</span> <span class='ocrx_word' id='word_1_57' title='bbox 507 883 698 950; x_wconf 80' lang='lat' dir='ltr'>Atque</span> <span class='ocrx_word' id='word_1_58' title='bbox 724 881 961 950; x_wconf 91' lang='lat' dir='ltr'>iterum,</span> <span class='ocrx_word' id='word_1_59' title='bbox 1006 880 1163 935; x_wconf 86' lang='lat' dir='ltr'>aliud</span> <span class='ocrx_word' id='word_1_60' title='bbox 1197 880 1396 948; x_wconf 87' lang='lat' dir='ltr'>vitam;</span> <span class='ocrx_word' id='word_1_61' title='bbox 1434 897 1613 952; x_wconf 89' lang='lat' dir='ltr'>quam</span> <span class='ocrx_word' id='word_1_62' title='bbox 1647 880 2020 952; x_wconf 80' lang='lat' dir='ltr'>sapientiam,</span> 
     </span>
    </p>
   </div>
   <div class='ocr_carea' id='block_1_11' title="bbox 375 968 2022 1040">
    <p class='ocr_par' dir='ltr' id='par_1_11' title="bbox 375 968 2022 1040">
     <span class='ocr_line' id='line_1_11' title="bbox 375 968 2022 1040; baseline 0.001 -19"><span class='ocrx_word' id='word_1_63' title='bbox 375 983 554 1022; x_wconf 90' lang='lat' dir='ltr'>unam</span> <span class='ocrx_word' id='word_1_64' title='bbox 587 968 878 1040; x_wconf 81' lang='lat' dir='ltr'>siquidem</span> <span class='ocrx_word' id='word_1_65' title='bbox 913 970 1176 1024; x_wconf 91' lang='lat' dir='ltr'>omnium</span> <span class='ocrx_word' id='word_1_66' title='bbox 1211 987 1340 1026; x_wconf 89' lang='lat' dir='ltr'>esse</span> <span class='ocrx_word' id='word_1_67' title='bbox 1365 986 1628 1035; x_wconf 81' lang='lat' dir='ltr'>causam,</span> <span class='ocrx_word' id='word_1_68' title='bbox 1652 973 1706 1025; x_wconf 88' lang='lat' dir='ltr'>et</span> <span class='ocrx_word' id='word_1_69' title='bbox 1728 987 1840 1024; x_wconf 90' lang='lat' dir='ltr'>non</span> <span class='ocrx_word' id='word_1_70' title='bbox 1866 968 2022 1024; x_wconf 86' lang='lat' dir='ltr'>mul-</span> 
     </span>
    </p>
   </div>
   <div class='ocr_carea' id='block_1_12' title="bbox 373 1057 2023 1130">
    <p class='ocr_par' dir='ltr' id='par_1_12' title="bbox 373 1057 2023 1130">
     <span class='ocr_line' id='line_1_12' title="bbox 373 1057 2023 1130; baseline 0.001 -20"><span class='ocrx_word' id='word_1_71' title='bbox 373 1059 486 1122; x_wconf 86' lang='lat' dir='ltr'>tas,</span> <span class='ocrx_word' id='word_1_72' title='bbox 513 1061 686 1128; x_wconf 87' lang='lat' dir='ltr'>atque</span> <span class='ocrx_word' id='word_1_73' title='bbox 706 1057 910 1112; x_wconf 89' lang='lat' dir='ltr'>merito</span> <span class='ocrx_word' id='word_1_74' title='bbox 935 1075 1112 1113; x_wconf 89' lang='lat' dir='ltr'>unam</span> <span class='ocrx_word' id='word_1_75' title='bbox 1140 1058 1423 1114; x_wconf 89' lang='lat' dir='ltr'>Deitatem</span> <span class='ocrx_word' id='word_1_76' title='bbox 1449 1075 1578 1130; x_wconf 72' lang='lat' dir='ltr'>qua:</span> <span class='ocrx_word' id='word_1_77' title='bbox 1603 1057 1876 1114; x_wconf 86' lang='lat' dir='ltr'>universa</span> <span class='ocrx_word' id='word_1_78' title='bbox 1897 1074 2023 1129; x_wconf 91' lang='lat' dir='ltr'>pro-</span> 
     </span>
    </p>
   </div>
   <div class='ocr_carea' id='block_1_13' title="bbox 379 1145 2024 1218">
    <p class='ocr_par' dir='ltr' id='par_1_13' title="bbox 379 1145 2024 1218">
     <span class='ocr_line' id='line_1_13' title="bbox 379 1145 2024 1218; baseline 0 -18"><span class='ocrx_word' id='word_1_79' title='bbox 379 1145 567 1216; x_wconf 83' lang='lat' dir='ltr'>duxit,</span> <span class='ocrx_word' id='word_1_80' title='bbox 592 1151 855 1202; x_wconf 89' lang='lat' dir='ltr'>sanctam</span> <span class='ocrx_word' id='word_1_81' title='bbox 880 1163 985 1202; x_wconf 90' lang='lat' dir='ltr'>nec</span> <span class='ocrx_word' id='word_1_82' title='bbox 1012 1164 1127 1202; x_wconf 90' lang='lat' dir='ltr'>non</span> <span class='ocrx_word' id='word_1_83' title='bbox 1151 1147 1380 1203; x_wconf 90' lang='lat' dir='ltr'>beatam</span> <span class='ocrx_word' id='word_1_84' title='bbox 1420 1147 1790 1218; x_wconf 79' lang='lat' dir='ltr'>Trinitatem,</span> <span class='ocrx_word' id='word_1_85' title='bbox 1824 1151 1883 1202; x_wconf 89' lang='lat' dir='ltr'>et</span> <span class='ocrx_word' id='word_1_86' title='bbox 1913 1146 2024 1201; x_wconf 90' lang='lat' dir='ltr'>mi-</span> 
     </span>
    </p>
   </div>
   <div class='ocr_carea' id='block_1_14' title="bbox 378 1234 2024 1305">
    <p class='ocr_par' dir='ltr' id='par_1_14' title="bbox 378 1234 2024 1305">
     <span class='ocr_line' id='line_1_14' title="bbox 378 1234 2024 1305; baseline 0 -15"><span class='ocrx_word' id='word_1_87' title='bbox 378 1234 539 1290; x_wconf 80' lang='lat' dir='ltr'>nime</span> <span class='ocrx_word' id='word_1_88' title='bbox 573 1234 787 1290; x_wconf 89' lang='lat' dir='ltr'>multas</span> <span class='ocrx_word' id='word_1_89' title='bbox 813 1236 1150 1292; x_wconf 79' lang='lat' dir='ltr'>divinitatea</span> <span class='ocrx_word' id='word_1_90' title='bbox 1173 1236 1480 1292; x_wconf 87' lang='lat' dir='ltr'>creatrices</span> <span class='ocrx_word' id='word_1_91' title='bbox 1507 1255 1520 1305; x_wconf 89' lang='lat'><strong>;</strong></span> <span class='ocrx_word' id='word_1_92' title='bbox 1552 1237 1662 1292; x_wconf 92' lang='lat' dir='ltr'>hoc</span> <span class='ocrx_word' id='word_1_93' title='bbox 1693 1242 1886 1292; x_wconf 84' lang='lat' dir='ltr'>autem</span> <span class='ocrx_word' id='word_1_94' title='bbox 1910 1253 2024 1291; x_wconf 86' lang='lat' dir='ltr'>non</span> 
     </span>
    </p>
   </div>
   <div class='ocr_carea' id='block_1_15' title="bbox 380 1324 2025 1398">
    <p class='ocr_par' dir='ltr' id='par_1_15' title="bbox 380 1324 2025 1398">
     <span class='ocr_line' id='line_1_15' title="bbox 380 1324 2025 1398; baseline 0.001 -20"><span class='ocrx_word' id='word_1_95' title='bbox 380 1341 810 1395; x_wconf 88' lang='lat' dir='ltr'>supervacanee</span> <span class='ocrx_word' id='word_1_96' title='bbox 838 1324 1007 1394; x_wconf 85' lang='lat' dir='ltr'>dixit,</span> <span class='ocrx_word' id='word_1_97' title='bbox 1041 1327 1140 1381; x_wconf 89' lang='lat' dir='ltr'>sed</span> <span class='ocrx_word' id='word_1_98' title='bbox 1164 1329 1390 1382; x_wconf 56' lang='lat' dir='ltr'>Graecos</span> <span class='ocrx_word' id='word_1_99' title='bbox 1413 1325 1709 1398; x_wconf 85' lang='lat' dir='ltr'>stringens</span> <span class='ocrx_word' id='word_1_100' title='bbox 1731 1325 2025 1397; x_wconf 86' lang='lat' dir='ltr'>sapientes</span> 
     </span>
    </p>
   </div>
   <div class='ocr_carea' id='block_1_16' title="bbox 379 1412 2027 1485">
    <p class='ocr_par' dir='ltr' id='par_1_16' title="bbox 379 1412 2027 1485">
     <span class='ocr_line' id='line_1_16' title="bbox 379 1412 2027 1485; baseline 0.002 -19"><span class='ocrx_word' id='word_1_101' title='bbox 379 1416 437 1467; x_wconf 85' lang='lat' dir='ltr'>et</span> <span class='ocrx_word' id='word_1_102' title='bbox 465 1412 764 1470; x_wconf 74' lang='lat' dir='ltr'>haereticos</span> <span class='ocrx_word' id='word_1_103' title='bbox 803 1413 1063 1470; x_wconf 88' lang='lat' dir='ltr'>Simonis</span> <span class='ocrx_word' id='word_1_104' title='bbox 1115 1420 1456 1480; x_wconf 81' lang='lat' dir='ltr'>sectatores,</span> <span class='ocrx_word' id='word_1_105' title='bbox 1491 1415 1590 1485; x_wconf 89' lang='lat' dir='ltr'>qui</span> <span class='ocrx_word' id='word_1_106' title='bbox 1641 1414 1845 1470; x_wconf 90' lang='lat' dir='ltr'>dicunt</span> <span class='ocrx_word' id='word_1_107' title='bbox 1888 1415 2027 1470; x_wconf 90' lang='lat' dir='ltr'>deos</span> 
     </span>
    </p>
   </div>
   <div class='ocr_carea' id='block_1_17' title="bbox 379 1503 2027 1577">
    <p class='ocr_par' dir='ltr' id='par_1_17' title="bbox 379 1503 2027 1577">
     <span class='ocr_line' id='line_1_17' title="bbox 379 1503 2027 1577; baseline 0.001 -20"><span class='ocrx_word' id='word_1_108' title='bbox 379 1503 584 1558; x_wconf 89' lang='lat' dir='ltr'>mundi</span> <span class='ocrx_word' id='word_1_109' title='bbox 617 1503 1014 1571; x_wconf 80' lang='lat' dir='ltr'>fabricatores,</span> <span class='ocrx_word' id='word_1_110' title='bbox 1048 1514 1264 1577; x_wconf 80' lang='lat' dir='ltr'>quanto</span> <span class='ocrx_word' id='word_1_111' title='bbox 1310 1505 1614 1560; x_wconf 81' lang='lat' dir='ltr'>inferiores</span> <span class='ocrx_word' id='word_1_112' title='bbox 1656 1509 1816 1570; x_wconf 90' lang='lat' dir='ltr'>sunt,</span> <span class='ocrx_word' id='word_1_113' title='bbox 1866 1507 2027 1559; x_wconf 87' lang='lat' dir='ltr'>tanto</span> 
     </span>
    </p>
   </div>
   <div class='ocr_carea' id='block_1_18' title="bbox 383 1593 2028 1665">
    <p class='ocr_par' dir='ltr' id='par_1_18' title="bbox 383 1593 2028 1665">
     <span class='ocr_line' id='line_1_18' title="bbox 383 1593 2028 1665; baseline 0.001 -18"><span class='ocrx_word' id='word_1_114' title='bbox 383 1609 618 1664; x_wconf 88' lang='lat' dir='ltr'>quoque</span> <span class='ocrx_word' id='word_1_115' title='bbox 672 1593 1028 1649; x_wconf 77' lang='lat' dir='ltr'>infirmiores</span> <span class='ocrx_word' id='word_1_116' title='bbox 1081 1595 1402 1665; x_wconf 87' lang='lat' dir='ltr'>producere</span> <span class='ocrx_word' id='word_1_117' title='bbox 1454 1598 1792 1662; x_wconf 88' lang='lat' dir='ltr'>creaturas,</span> <span class='ocrx_word' id='word_1_118' title='bbox 1850 1593 2028 1648; x_wconf 88' lang='lat' dir='ltr'>etiam</span> 
     </span>
    </p>
   </div>
   <div class='ocr_carea' id='block_1_19' title="bbox 384 1682 2032 1754">
    <p class='ocr_par' dir='ltr' id='par_1_19' title="bbox 384 1682 2032 1754">
     <span class='ocr_line' id='line_1_19' title="bbox 384 1682 2032 1754; baseline 0.001 -18"><span class='ocrx_word' id='word_1_119' title='bbox 384 1699 574 1754; x_wconf 88' lang='lat' dir='ltr'>usque</span> <span class='ocrx_word' id='word_1_120' title='bbox 608 1683 680 1737; x_wconf 89' lang='lat' dir='ltr'>ad</span> <span class='ocrx_word' id='word_1_121' title='bbox 715 1683 982 1738; x_wconf 88' lang='lat' dir='ltr'>omnium</span> <span class='ocrx_word' id='word_1_122' title='bbox 1016 1683 1494 1753; x_wconf 83' lang='lat' dir='ltr'>fundamentum,</span> <span class='ocrx_word' id='word_1_123' title='bbox 1528 1688 1588 1739; x_wconf 89' lang='lat' dir='ltr'>ut</span> <span class='ocrx_word' id='word_1_124' title='bbox 1629 1682 1820 1750; x_wconf 89' lang='lat' dir='ltr'>aiunt,</span> <span class='ocrx_word' id='word_1_125' title='bbox 1851 1682 1909 1737; x_wconf 90' lang='lat' dir='ltr'>id</span> <span class='ocrx_word' id='word_1_126' title='bbox 1941 1687 2032 1738; x_wconf 87' lang='lat' dir='ltr'>est</span> 
     </span>
    </p>
   </div>
   <div class='ocr_carea' id='block_1_20' title="bbox 387 1770 716 1826">
    <p class='ocr_par' dir='ltr' id='par_1_20' title="bbox 387 1770 716 1826">
     <span class='ocr_line' id='line_1_20' title="bbox 387 1770 716 1826; baseline 0 0"><span class='ocrx_word' id='word_1_127' title='bbox 387 1770 716 1826; x_wconf 87' lang='lat' dir='ltr'>materiam.</span> 
     </span>
    </p>
   </div>
   <div class='ocr_carea' id='block_1_21' title="bbox 458 1861 2032 1933">
    <p class='ocr_par' dir='ltr' id='par_1_21' title="bbox 458 1861 2032 1933">
     <span class='ocr_line' id='line_1_21' title="bbox 458 1861 2032 1933; baseline -0.001 -15"><span class='ocrx_word' id='word_1_128' title='bbox 458 1863 520 1918; x_wconf 81' lang='lat' dir='ltr'>Et</span> <span class='ocrx_word' id='word_1_129' title='bbox 545 1861 686 1917; x_wconf 87' lang='lat' dir='ltr'>hanc</span> <span class='ocrx_word' id='word_1_130' title='bbox 713 1861 934 1932; x_wconf 76' lang='lat' dir='ltr'>quidem</span> <span class='ocrx_word' id='word_1_131' title='bbox 963 1878 1094 1918; x_wconf 78' lang='lat' dir='ltr'>esse.</span> <span class='ocrx_word' id='word_1_132' title='bbox 1117 1862 1258 1918; x_wconf 93' lang='lat' dir='ltr'>Boni</span> <span class='ocrx_word' id='word_1_133' title='bbox 1285 1861 1737 1933; x_wconf 85' lang='lat' dir='ltr'>appellationem</span> <span class='ocrx_word' id='word_1_134' title='bbox 1766 1861 2032 1932; x_wconf 61' lang='lat' dir='ltr'>perfectae</span> 
     </span>
    </p>
   </div>
   <div class='ocr_carea' id='block_1_22' title="bbox 390 1950 2032 2022">
    <p class='ocr_par' dir='ltr' id='par_1_22' title="bbox 390 1950 2032 2022">
     <span class='ocr_line' id='line_1_22' title="bbox 390 1950 2032 2022; baseline 0 -17"><span class='ocrx_word' id='word_1_135' title='bbox 390 1950 627 2006; x_wconf 87' lang='lat' dir='ltr'>omnino</span> <span class='ocrx_word' id='word_1_136' title='bbox 651 1951 1028 2022; x_wconf 72' lang='lat' dir='ltr'>providentia:</span> <span class='ocrx_word' id='word_1_137' title='bbox 1052 1951 1488 2017; x_wconf 89' lang='lat' dir='ltr'>declarativam,</span> <span class='ocrx_word' id='word_1_138' title='bbox 1509 1950 1753 2019; x_wconf 89' lang='lat' dir='ltr'>aitesse;</span> <span class='ocrx_word' id='word_1_139' title='bbox 1775 1950 2032 2020; x_wconf 87' lang='lat' dir='ltr'>reliquas</span> 
     </span>
    </p>
   </div>
   <div class='ocr_carea' id='block_1_23' title="bbox 387 2039 2030 2112">
    <p class='ocr_par' dir='ltr' id='par_1_23' title="bbox 387 2039 2030 2112">
     <span class='ocr_line' id='line_1_23' title="bbox 387 2039 2030 2112; baseline 0 -19"><span class='ocrx_word' id='word_1_140' title='bbox 387 2056 523 2094; x_wconf 87' lang='lat' dir='ltr'>vero</span> <span class='ocrx_word' id='word_1_141' title='bbox 557 2039 964 2111; x_wconf 87' lang='lat' dir='ltr'>particulares,</span> <span class='ocrx_word' id='word_1_142' title='bbox 996 2045 1059 2094; x_wconf 92' lang='lat' dir='ltr'>ut</span> <span class='ocrx_word' id='word_1_143' title='bbox 1088 2041 1264 2096; x_wconf 86' lang='lat' dir='ltr'>vitam</span> <span class='ocrx_word' id='word_1_144' title='bbox 1303 2043 1360 2096; x_wconf 79' lang='lat' dir='ltr'>et</span> <span class='ocrx_word' id='word_1_145' title='bbox 1390 2039 1741 2112; x_wconf 85' lang='lat' dir='ltr'>sapientiam</span> <span class='ocrx_word' id='word_1_146' title='bbox 1774 2044 1831 2095; x_wconf 91' lang='lat' dir='ltr'>et</span> <span class='ocrx_word' id='word_1_147' title='bbox 1857 2039 2030 2094; x_wconf 82' lang='lat' dir='ltr'>ratio-</span> 
     </span>
    </p>
   </div>
   <div class='ocr_carea' id='block_1_24' title="bbox 389 2129 2030 2202">
    <p class='ocr_par' dir='ltr' id='par_1_24' title="bbox 389 2129 2030 2202">
     <span class='ocr_line' id='line_1_24' title="bbox 389 2129 2030 2202; baseline 0 -19"><span class='ocrx_word' id='word_1_148' title='bbox 389 2145 548 2197; x_wconf 86' lang='lat' dir='ltr'>nem;</span> <span class='ocrx_word' id='word_1_149' title='bbox 581 2145 714 2184; x_wconf 89' lang='lat' dir='ltr'>nam</span> <span class='ocrx_word' id='word_1_150' title='bbox 747 2146 840 2185; x_wconf 91' lang='lat' dir='ltr'>res</span> <span class='ocrx_word' id='word_1_151' title='bbox 872 2146 1070 2185; x_wconf 91' lang='lat' dir='ltr'>omnes</span> <span class='ocrx_word' id='word_1_152' title='bbox 1103 2147 1204 2202; x_wconf 87' lang='lat' dir='ltr'>per</span> <span class='ocrx_word' id='word_1_153' title='bbox 1230 2129 1334 2184; x_wconf 90' lang='lat' dir='ltr'>Dei</span> <span class='ocrx_word' id='word_1_154' title='bbox 1385 2129 1704 2185; x_wconf 84' lang='lat' dir='ltr'>bonitatem</span> <span class='ocrx_word' id='word_1_155' title='bbox 1738 2129 2030 2201; x_wconf 67' lang='lat' dir='ltr'>productae</span> 
     </span>
    </p>
   </div>
   <div class='ocr_carea' id='block_1_25' title="bbox 390 2218 2029 2290">
    <p class='ocr_par' dir='ltr' id='par_1_25' title="bbox 390 2218 2029 2290">
     <span class='ocr_line' id='line_1_25' title="bbox 390 2218 2029 2290; baseline -0.001 -17"><span class='ocrx_word' id='word_1_156' title='bbox 390 2227 530 2273; x_wconf 85' lang='lat' dir='ltr'>sunt</span> <span class='ocrx_word' id='word_1_157' title='bbox 561 2226 623 2274; x_wconf 92' lang='lat' dir='ltr'>ut</span> <span class='ocrx_word' id='word_1_158' title='bbox 653 2218 990 2289; x_wconf 84' lang='lat' dir='ltr'>existerent,</span> <span class='ocrx_word' id='word_1_159' title='bbox 1023 2223 1278 2290; x_wconf 89' lang='lat' dir='ltr'>suntque</span> <span class='ocrx_word' id='word_1_160' title='bbox 1309 2219 1470 2274; x_wconf 77' lang='lat' dir='ltr'>bonae</span> <span class='ocrx_word' id='word_1_161' title='bbox 1503 2235 1605 2274; x_wconf 90' lang='lat' dir='ltr'>seu</span> <span class='ocrx_word' id='word_1_162' title='bbox 1637 2218 1805 2273; x_wconf 86' lang='lat' dir='ltr'>valde</span> <span class='ocrx_word' id='word_1_163' title='bbox 1836 2218 2029 2286; x_wconf 70' lang='lat' dir='ltr'>bonae;</span> 
     </span>
    </p>
   </div>
   <div class='ocr_carea' id='block_1_26' title="bbox 387 2308 2030 2380">
    <p class='ocr_par' dir='ltr' id='par_1_26' title="bbox 387 2308 2030 2380">
     <span class='ocr_line' id='line_1_26' title="bbox 387 2308 2030 2380; baseline 0.001 -18"><span class='ocrx_word' id='word_1_164' title='bbox 387 2325 501 2363; x_wconf 90' lang='lat' dir='ltr'>non</span> <span class='ocrx_word' id='word_1_165' title='bbox 535 2311 730 2364; x_wconf 87' lang='lat' dir='ltr'>autem</span> <span class='ocrx_word' id='word_1_166' title='bbox 763 2325 968 2364; x_wconf 91' lang='lat' dir='ltr'>omnes</span> <span class='ocrx_word' id='word_1_167' title='bbox 1012 2309 1189 2364; x_wconf 88' lang='lat' dir='ltr'>vitam</span> <span class='ocrx_word' id='word_1_168' title='bbox 1222 2311 1277 2364; x_wconf 92' lang='lat' dir='ltr'>et</span> <span class='ocrx_word' id='word_1_169' title='bbox 1319 2308 1668 2380; x_wconf 86' lang='lat' dir='ltr'>sapientiam</span> <span class='ocrx_word' id='word_1_170' title='bbox 1714 2312 1815 2363; x_wconf 90' lang='lat' dir='ltr'>aut</span> <span class='ocrx_word' id='word_1_171' title='bbox 1857 2308 2030 2363; x_wconf 87' lang='lat' dir='ltr'>ratio-</span> 
     </span>
    </p>
   </div>
   <div class='ocr_carea' id='block_1_27' title="bbox 386 2397 2031 2469">
    <p class='ocr_par' dir='ltr' id='par_1_27' title="bbox 386 2397 2031 2469">
     <span class='ocr_line' id='line_1_27' title="bbox 386 2397 2031 2469; baseline -0.001 -17"><span class='ocrx_word' id='word_1_172' title='bbox 386 2413 520 2452; x_wconf 89' lang='lat' dir='ltr'>nem</span> <span class='ocrx_word' id='word_1_173' title='bbox 572 2397 951 2469; x_wconf 85' lang='lat' dir='ltr'>participant,</span> <span class='ocrx_word' id='word_1_174' title='bbox 986 2397 1233 2468; x_wconf 88' lang='lat' dir='ltr'>ideoque</span> <span class='ocrx_word' id='word_1_175' title='bbox 1270 2397 1562 2468; x_wconf 85' lang='lat' dir='ltr'>ejusmodi</span> <span class='ocrx_word' id='word_1_176' title='bbox 1609 2397 2031 2469; x_wconf 83' lang='lat' dir='ltr'>appellationes</span> 
     </span>
    </p>
   </div>
   <div class='ocr_carea' id='block_1_28' title="bbox 383 2481 2031 2560">
    <p class='ocr_par' dir='ltr' id='par_1_28' title="bbox 383 2481 2031 2560">
     <span class='ocr_line' id='line_1_28' title="bbox 383 2481 2031 2560; baseline 0 -18"><span class='ocrx_word' id='word_1_177' title='bbox 383 2485 454 2542; x_wconf 86' lang='lat' dir='ltr'>ad</span> <span class='ocrx_word' id='word_1_178' title='bbox 487 2486 752 2557; x_wconf 68' lang='lat' dir='ltr'>perfectae</span> <span class='ocrx_word' id='word_1_179' title='bbox 783 2486 1219 2542; x_wconf 87' lang='lat' dir='ltr'>distinctionem</span> <span class='ocrx_word' id='word_1_180' title='bbox 1250 2487 1467 2558; x_wconf 84' lang='lat' dir='ltr'>posuit.</span> <span class='ocrx_word' id='word_1_181' title='bbox 1502 2481 1871 2560; x_wconf 83' lang='grc' dir='ltr'>Ὁλικωτέρας</span> <span class='ocrx_word' id='word_1_182' title='bbox 1899 2503 2031 2542; x_wconf 90' lang='lat' dir='ltr'>vero</span> 
     </span>
    </p>
   </div>
   <div class='ocr_carea' id='block_1_29' title="bbox 384 2575 2034 2648">
    <p class='ocr_par' dir='ltr' id='par_1_29' title="bbox 384 2575 2034 2648">
     <span class='ocr_line' id='line_1_29' title="bbox 384 2575 2034 2648; baseline 0 -19"><span class='ocrx_word' id='word_1_183' title='bbox 384 2591 484 2629; x_wconf 90' lang='lat' dir='ltr'>seu</span> <span class='ocrx_word' id='word_1_184' title='bbox 519 2576 910 2647; x_wconf 84' lang='lat' dir='ltr'>generaliores</span> <span class='ocrx_word' id='word_1_185' title='bbox 928 2581 1214 2632; x_wconf 87' lang='lat' dir='ltr'>vocateas</span> <span class='ocrx_word' id='word_1_186' title='bbox 1247 2593 1372 2648; x_wconf 73' lang='lat' dir='ltr'>quae</span> <span class='ocrx_word' id='word_1_187' title='bbox 1406 2576 1463 2630; x_wconf 89' lang='lat' dir='ltr'>in</span> <span class='ocrx_word' id='word_1_188' title='bbox 1489 2575 1757 2647; x_wconf 84' lang='lat' dir='ltr'>pluribus</span> <span class='ocrx_word' id='word_1_189' title='bbox 1790 2593 2034 2631; x_wconf 86' lang='lat' dir='ltr'>cernun-</span> 
     </span>
    </p>
   </div>
   <div class='ocr_carea' id='block_1_30' title="bbox 383 2665 2035 2735">
    <p class='ocr_par' dir='ltr' id='par_1_30' title="bbox 383 2665 2035 2735">
     <span class='ocr_line' id='line_1_30' title="bbox 383 2665 2035 2735; baseline 0.001 -18"><span class='ocrx_word' id='word_1_190' title='bbox 383 2668 500 2725; x_wconf 87' lang='lat' dir='ltr'>tur,</span> <span class='ocrx_word' id='word_1_191' title='bbox 523 2668 587 2718; x_wconf 90' lang='lat' dir='ltr'>ut</span> <span class='ocrx_word' id='word_1_192' title='bbox 637 2665 837 2734; x_wconf 83' lang='lat' dir='ltr'>vilam;</span> <span class='ocrx_word' id='word_1_193' title='bbox 879 2665 1141 2734; x_wconf 88' lang='lat' dir='ltr'>pervenit</span> <span class='ocrx_word' id='word_1_194' title='bbox 1171 2665 1326 2718; x_wconf 87' lang='lat' dir='ltr'>enim</span> <span class='ocrx_word' id='word_1_195' title='bbox 1380 2681 1569 2735; x_wconf 90' lang='lat' dir='ltr'>usque</span> <span class='ocrx_word' id='word_1_196' title='bbox 1619 2665 1689 2719; x_wconf 90' lang='lat' dir='ltr'>ad</span> <span class='ocrx_word' id='word_1_197' title='bbox 1726 2665 1955 2735; x_wconf 84' lang='lat' dir='ltr'>plantas</span> <span class='ocrx_word' id='word_1_198' title='bbox 1978 2668 2035 2719; x_wconf 90' lang='lat' dir='ltr'>et</span> 
     </span>
    </p>
   </div>
   <div class='ocr_carea' id='block_1_31' title="bbox 385 2751 2034 2824">
    <p class='ocr_par' dir='ltr' id='par_1_31' title="bbox 385 2751 2034 2824">
     <span class='ocr_line' id='line_1_31' title="bbox 385 2751 2034 2824; baseline 0 -18"><span class='ocrx_word' id='word_1_199' title='bbox 385 2751 663 2806; x_wconf 82' lang='lat' dir='ltr'>animalia</span> <span class='ocrx_word' id='word_1_200' title='bbox 692 2752 1002 2807; x_wconf 87' lang='lat' dir='ltr'>rationalia</span> <span class='ocrx_word' id='word_1_201' title='bbox 1034 2751 1392 2822; x_wconf 85' lang='lat' dir='ltr'>rationisque</span> <span class='ocrx_word' id='word_1_202' title='bbox 1412 2753 1673 2824; x_wconf 85' lang='lat' dir='ltr'>expertia</span> <span class='ocrx_word' id='word_1_203' title='bbox 1700 2771 1711 2811; x_wconf 90' lang='lat'><strong>:</strong></span> <span class='ocrx_word' id='word_1_204' title='bbox 1745 2753 2034 2824; x_wconf 87' lang='lat' dir='ltr'>sapientia</span> 
     </span>
    </p>
   </div>
   <div class='ocr_carea' id='block_1_32' title="bbox 386 2840 2031 2911">
    <p class='ocr_par' dir='ltr' id='par_1_32' title="bbox 386 2840 2031 2911">
     <span class='ocr_line' id='line_1_32' title="bbox 386 2840 2031 2911; baseline 0.001 -15"><span class='ocrx_word' id='word_1_205' title='bbox 386 2846 581 2896; x_wconf 90' lang='lat' dir='ltr'>autem</span> <span class='ocrx_word' id='word_1_206' title='bbox 613 2845 669 2895; x_wconf 86' lang='lat' dir='ltr'>et</span> <span class='ocrx_word' id='word_1_207' title='bbox 700 2840 846 2896; x_wconf 88' lang='lat' dir='ltr'>ratio</span> <span class='ocrx_word' id='word_1_208' title='bbox 879 2840 1265 2911; x_wconf 88' lang='lat' dir='ltr'>particularcs</span> <span class='ocrx_word' id='word_1_209' title='bbox 1299 2841 1524 2910; x_wconf 72' lang='lat' dir='ltr'>magis;</span> <span class='ocrx_word' id='word_1_210' title='bbox 1568 2858 1704 2896; x_wconf 88' lang='lat' dir='ltr'>nam</span> <span class='ocrx_word' id='word_1_211' title='bbox 1738 2841 1824 2896; x_wconf 76' lang='lat' dir='ltr'>hae</span> <span class='ocrx_word' id='word_1_212' title='bbox 1857 2841 1916 2896; x_wconf 92' lang='lat' dir='ltr'>in</span> <span class='ocrx_word' id='word_1_213' title='bbox 1941 2859 2031 2897; x_wconf 88' lang='lat' dir='ltr'>so-</span> 
     </span>
    </p>
   </div>
   <div class='ocr_carea' id='block_1_33' title="bbox 384 2927 1642 3000">
    <p class='ocr_par' dir='ltr' id='par_1_33' title="bbox 384 2927 1642 3000">
     <span class='ocr_line' id='line_1_33' title="bbox 384 2927 1642 3000; baseline 0.002 -18"><span class='ocrx_word' id='word_1_214' title='bbox 384 2927 458 2984; x_wconf 89' lang='lat' dir='ltr'>lis</span> <span class='ocrx_word' id='word_1_215' title='bbox 492 2928 736 2984; x_wconf 88' lang='lat' dir='ltr'>rationis</span> <span class='ocrx_word' id='word_1_216' title='bbox 768 2929 1153 3000; x_wconf 82' lang='lat' dir='ltr'>participibus</span> <span class='ocrx_word' id='word_1_217' title='bbox 1183 2929 1642 3000; x_wconf 86' lang='lat' dir='ltr'>conspiciuntur.</span> 
     </span>
    </p>
   </div>
   <div class='ocr_carea' id='block_1_34' title="bbox 455 3017 2036 3090">
    <p class='ocr_par' dir='ltr' id='par_1_34' title="bbox 455 3017 2036 3090">
     <span class='ocr_line' id='line_1_34' title="bbox 455 3017 2036 3090; baseline 0.003 -20"><span class='ocrx_word' id='word_1_218' title='bbox 455 3019 612 3085; x_wconf 87' lang='lat' dir='ltr'><strong>§III.</strong></span> <span class='ocrx_word' id='word_1_219' title='bbox 655 3018 728 3072; x_wconf 88' lang='lat' dir='ltr'>Ac</span> <span class='ocrx_word' id='word_1_220' title='bbox 754 3021 888 3074; x_wconf 69' lang='lat' dir='ltr'>vitae</span> <span class='ocrx_word' id='word_1_221' title='bbox 914 3020 1264 3088; x_wconf 69' lang='lat' dir='ltr'>sapientiam.</span> <span class='ocrx_word' id='word_1_222' title='bbox 1316 3018 1458 3073; x_wconf 89' lang='lat' dir='ltr'>Cum</span> <span class='ocrx_word' id='word_1_223' title='bbox 1508 3017 1681 3090; x_wconf 87' lang='lat' dir='ltr'>paulo</span> <span class='ocrx_word' id='word_1_224' title='bbox 1732 3019 2036 3074; x_wconf 84' lang='lat' dir='ltr'>obscurior</span> 
     </span>
    </p>
   </div>
   <div class='ocr_carea' id='block_1_35' title="bbox 383 3105 2037 3172">
    <p class='ocr_par' dir='ltr' id='par_1_35' title="bbox 383 3105 2037 3172">
     <span class='ocr_line' id='line_1_35' title="bbox 383 3105 2037 3172; baseline 0.001 -10"><span class='ocrx_word' id='word_1_225' title='bbox 383 3107 463 3162; x_wconf 88' lang='lat' dir='ltr'>sit</span> <span class='ocrx_word' id='word_1_226' title='bbox 492 3122 704 3171; x_wconf 89' lang='lat' dir='ltr'>sermo,</span> <span class='ocrx_word' id='word_1_227' title='bbox 731 3106 983 3161; x_wconf 88' lang='lat' dir='ltr'>arbitror</span> <span class='ocrx_word' id='word_1_228' title='bbox 1001 3105 1177 3161; x_wconf 86' lang='lat' dir='ltr'>talem</span> <span class='ocrx_word' id='word_1_229' title='bbox 1220 3107 1520 3162; x_wconf 85' lang='lat' dir='ltr'>insinuare</span> <span class='ocrx_word' id='word_1_230' title='bbox 1561 3107 1936 3172; x_wconf 86' lang='lat' dir='ltr'>sententiam,</span> <span class='ocrx_word' id='word_1_231' title='bbox 1972 3112 2037 3163; x_wconf 88' lang='lat' dir='ltr'>ut</span> 
     </span>
    </p>
   </div>
   <div class='ocr_carea' id='block_1_36' title="bbox 384 3174 2108 3268">
    <p class='ocr_par' dir='ltr' id='par_1_36' title="bbox 384 3174 2108 3268">
     <span class='ocr_line' id='line_1_36' title="bbox 384 3174 2108 3268; baseline -0.002 -17"><span class='ocrx_word' id='word_1_232' title='bbox 384 3194 1216 3267; x_wconf 85' lang='lat' dir='ltr'>aliquodubitanteacdicente</span> <span class='ocrx_word' id='word_1_233' title='bbox 1252 3213 1264 3251; x_wconf 91' lang='lat'><strong>:</strong></span> <span class='ocrx_word' id='word_1_234' title='bbox 1298 3199 1432 3266; x_wconf 89' lang='lat' dir='ltr'>Cur,</span> <span class='ocrx_word' id='word_1_235' title='bbox 1457 3197 1692 3251; x_wconf 86' lang='lat' dir='ltr'>nomine</span> <span class='ocrx_word' id='word_1_236' title='bbox 1727 3197 1915 3268; x_wconf 74' lang='lat' dir='ltr'>ipsius</span> <span class='ocrx_word' id='word_1_237' title='bbox 1935 3200 2032 3250; x_wconf 85' lang='grc' dir='ltr'>τοῦ</span> <span class='ocrx_word' id='word_1_238' title='bbox 2064 3174 2108 3242; x_wconf 70' lang='grc' dir='ltr'>Ο</span> 
     </span>
    </p>
   </div>
   <div class='ocr_carea' id='block_1_37' title="bbox 383 3278 2033 3356">
    <p class='ocr_par' dir='ltr' id='par_1_37' title="bbox 383 3278 2033 3356">
     <span class='ocr_line' id='line_1_37' title="bbox 383 3278 2033 3356; baseline 0.004 -20"><span class='ocrx_word' id='word_1_239' title='bbox 383 3278 537 3345; x_wconf 78' lang='grc' dir='ltr'>ὄντος</span> <span class='ocrx_word' id='word_1_240' title='bbox 581 3301 684 3340; x_wconf 91' lang='lat' dir='ltr'>seu</span> <span class='ocrx_word' id='word_1_241' title='bbox 732 3285 876 3340; x_wconf 60' lang='lat' dir='ltr'>e&#39;ntz&#39;s</span> <span class='ocrx_word' id='word_1_242' title='bbox 933 3289 1247 3355; x_wconf 88' lang='lat' dir='ltr'>superante</span> <span class='ocrx_word' id='word_1_243' title='bbox 1297 3287 1425 3342; x_wconf 69' lang='lat' dir='ltr'>vitae</span> <span class='ocrx_word' id='word_1_244' title='bbox 1471 3284 1942 3356; x_wconf 88' lang='lat' dir='ltr'>appellationem,</span> <span class='ocrx_word' id='word_1_245' title='bbox 1975 3289 2033 3342; x_wconf 89' lang='lat' dir='ltr'>et</span> 
     </span>
    </p>
   </div>
   <div class='ocr_carea' id='block_1_38' title="bbox 383 3373 2031 3446">
    <p class='ocr_par' dir='ltr' id='par_1_38' title="bbox 383 3373 2031 3446">
     <span class='ocr_line' id='line_1_38' title="bbox 383 3373 2031 3446; baseline 0 -17"><span class='ocrx_word' id='word_1_246' title='bbox 383 3391 590 3429; x_wconf 87' lang='lat' dir='ltr'>rursus</span> <span class='ocrx_word' id='word_1_247' title='bbox 614 3374 846 3429; x_wconf 89' lang='lat' dir='ltr'>nomine</span> <span class='ocrx_word' id='word_1_248' title='bbox 871 3373 995 3429; x_wconf 70' lang='lat' dir='ltr'>vita:</span> <span class='ocrx_word' id='word_1_249' title='bbox 1020 3378 1332 3446; x_wconf 69' lang='lat' dir='ltr'>praestante</span> <span class='ocrx_word' id='word_1_250' title='bbox 1353 3374 1835 3445; x_wconf 83' lang='lat' dir='ltr'>sapientiae,sicut</span> <span class='ocrx_word' id='word_1_251' title='bbox 1856 3373 2031 3429; x_wconf 90' lang='lat' dir='ltr'>etiam</span> 
     </span>
    </p>
   </div>
   <div class='ocr_carea' id='block_1_39' title="bbox 385 3462 2033 3534">
    <p class='ocr_par' dir='ltr' id='par_1_39' title="bbox 385 3462 2033 3534">
     <span class='ocr_line' id='line_1_39' title="bbox 385 3462 2033 3534; baseline 0 -16"><span class='ocrx_word' id='word_1_252' title='bbox 385 3463 526 3518; x_wconf 88' lang='lat' dir='ltr'>ordo</span> <span class='ocrx_word' id='word_1_253' title='bbox 574 3463 702 3534; x_wconf 87' lang='lat' dir='ltr'>ipse</span> <span class='ocrx_word' id='word_1_254' title='bbox 758 3462 868 3518; x_wconf 90' lang='lat' dir='ltr'>hoc</span> <span class='ocrx_word' id='word_1_255' title='bbox 922 3462 1204 3532; x_wconf 87' lang='lat' dir='ltr'>postulat,</span> <span class='ocrx_word' id='word_1_256' title='bbox 1237 3463 1732 3534; x_wconf 88' lang='lat' dir='ltr'>quemadmodum</span> <span class='ocrx_word' id='word_1_257' title='bbox 1787 3463 2033 3534; x_wconf 82' lang='lat' dir='ltr'>ipsemet</span> 
     </span>
    </p>
   </div>
   <div class='ocr_carea' id='block_1_40' title="bbox 393 3551 2036 3624">
    <p class='ocr_par' dir='ltr' id='par_1_40' title="bbox 393 3551 2036 3624">
     <span class='ocr_line' id='line_1_40' title="bbox 393 3551 2036 3624; baseline -0.001 -16"><span class='ocrx_word' id='word_1_258' title='bbox 393 3551 571 3624; x_wconf 90' lang='lat' dir='ltr'>paulo</span> <span class='ocrx_word' id='word_1_259' title='bbox 623 3557 759 3608; x_wconf 87' lang='lat' dir='ltr'>ante</span> <span class='ocrx_word' id='word_1_260' title='bbox 793 3552 1112 3608; x_wconf 83' lang='lat' dir='ltr'>declaravit</span> <span class='ocrx_word' id='word_1_261' title='bbox 1152 3552 1418 3619; x_wconf 88' lang='lat' dir='ltr'>dicendo,</span> <span class='ocrx_word' id='word_1_262' title='bbox 1450 3557 1505 3607; x_wconf 87' lang='lat' dir='ltr'>et</span> <span class='ocrx_word' id='word_1_263' title='bbox 1527 3569 1628 3608; x_wconf 88' lang='lat' dir='ltr'>ens</span> <span class='ocrx_word' id='word_1_264' title='bbox 1661 3557 1717 3608; x_wconf 90' lang='lat' dir='ltr'>et</span> <span class='ocrx_word' id='word_1_265' title='bbox 1745 3554 1949 3620; x_wconf 86' lang='lat' dir='ltr'>vitam,</span> <span class='ocrx_word' id='word_1_266' title='bbox 1979 3556 2036 3607; x_wconf 92' lang='lat' dir='ltr'>et</span> 
     </span>
    </p>
   </div>
   <div class='ocr_carea' id='block_1_41' title="bbox 389 3641 2032 3713">
    <p class='ocr_par' dir='ltr' id='par_1_41' title="bbox 389 3641 2032 3713">
     <span class='ocr_line' id='line_1_41' title="bbox 389 3641 2032 3713; baseline 0 -17"><span class='ocrx_word' id='word_1_267' title='bbox 389 3641 738 3713; x_wconf 87' lang='lat' dir='ltr'>sapientiam</span> <span class='ocrx_word' id='word_1_268' title='bbox 765 3642 1031 3698; x_wconf 61' lang='lat' dir='ltr'>essentia:</span> <span class='ocrx_word' id='word_1_269' title='bbox 1050 3641 1486 3710; x_wconf 82' lang='lat' dir='ltr'>eil‘ectricem,ct</span> <span class='ocrx_word' id='word_1_270' title='bbox 1515 3641 1642 3695; x_wconf 63' lang='lat' dir='ltr'>vitae</span> <span class='ocrx_word' id='word_1_271' title='bbox 1665 3641 2032 3710; x_wconf 83' lang='lat' dir='ltr'>ell&#39;ectricem,</span> 
     </span>
    </p>
   </div>
   <div class='ocr_carea' id='block_1_42' title="bbox 385 3730 2036 3804">
    <p class='ocr_par' dir='ltr' id='par_1_42' title="bbox 385 3730 2036 3804">
     <span class='ocr_line' id='line_1_42' title="bbox 385 3730 2036 3804; baseline 0 -18"><span class='ocrx_word' id='word_1_272' title='bbox 385 3737 444 3787; x_wconf 90' lang='lat' dir='ltr'>et</span> <span class='ocrx_word' id='word_1_273' title='bbox 465 3732 763 3804; x_wconf 67' lang='lat' dir='ltr'>sapientiae</span> <span class='ocrx_word' id='word_1_274' title='bbox 786 3733 1094 3802; x_wconf 86' lang='lat' dir='ltr'>datricem,</span> <span class='ocrx_word' id='word_1_275' title='bbox 1127 3731 1394 3787; x_wconf 80' lang='lat' dir='ltr'>essentiae</span> <span class='ocrx_word' id='word_1_276' title='bbox 1440 3735 1774 3795; x_wconf 87' lang='lat' dir='ltr'>causam,et</span> <span class='ocrx_word' id='word_1_277' title='bbox 1793 3730 1944 3800; x_wconf 71' lang='lat' dir='ltr'>vitae,</span> <span class='ocrx_word' id='word_1_278' title='bbox 1977 3735 2036 3787; x_wconf 89' lang='lat' dir='ltr'>et</span> 
     </span>
    </p>
   </div>
   <div class='ocr_carea' id='block_1_43' title="bbox 385 3821 2030 3892">
    <p class='ocr_par' dir='ltr' id='par_1_43' title="bbox 385 3821 2030 3892">
     <span class='ocr_line' id='line_1_43' title="bbox 385 3821 2030 3892; baseline -0.002 -15"><span class='ocrx_word' id='word_1_279' title='bbox 385 3821 619 3889; x_wconf 87' lang='lat' dir='ltr'>mentis,</span> <span class='ocrx_word' id='word_1_280' title='bbox 653 3826 711 3877; x_wconf 92' lang='lat' dir='ltr'>et</span> <span class='ocrx_word' id='word_1_281' title='bbox 768 3821 1013 3878; x_wconf 87' lang='lat' dir='ltr'>rationis</span> <span class='ocrx_word' id='word_1_282' title='bbox 1064 3821 1415 3892; x_wconf 88' lang='lat' dir='ltr'>participum</span> <span class='ocrx_word' id='word_1_283' title='bbox 1451 3825 1621 3891; x_wconf 85' lang='lat' dir='ltr'>atque</span> <span class='ocrx_word' id='word_1_284' title='bbox 1652 3837 1884 3886; x_wconf 90' lang='lat' dir='ltr'>sensus,</span> <span class='ocrx_word' id='word_1_285' title='bbox 1919 3837 2030 3875; x_wconf 90' lang='lat' dir='ltr'>non</span> 
     </span>
    </p>
   </div>
   <div class='ocr_carea' id='block_1_44' title="bbox 383 3909 2033 3980">
    <p class='ocr_par' dir='ltr' id='par_1_44' title="bbox 383 3909 2033 3980">
     <span class='ocr_line' id='line_1_44' title="bbox 383 3909 2033 3980; baseline -0.001 -16"><span class='ocrx_word' id='word_1_286' title='bbox 383 3909 640 3980; x_wconf 89' lang='lat' dir='ltr'>amplius</span> <span class='ocrx_word' id='word_1_287' title='bbox 672 3911 934 3965; x_wconf 90' lang='lat' dir='ltr'>ordinem</span> <span class='ocrx_word' id='word_1_288' title='bbox 971 3910 1128 3966; x_wconf 90' lang='lat' dir='ltr'>hunc</span> <span class='ocrx_word' id='word_1_289' title='bbox 1161 3910 1218 3964; x_wconf 92' lang='lat' dir='ltr'>in</span> <span class='ocrx_word' id='word_1_290' title='bbox 1250 3911 1424 3965; x_wconf 90' lang='lat' dir='ltr'>rebus</span> <span class='ocrx_word' id='word_1_291' title='bbox 1447 3910 1713 3964; x_wconf 89' lang='lat' dir='ltr'>videmus</span> <span class='ocrx_word' id='word_1_292' title='bbox 1738 3909 1764 3962; x_wconf 86' lang='lat'>‘?</span> <span class='ocrx_word' id='word_1_293' title='bbox 1797 3909 2033 3980; x_wconf 78' lang='lat' dir='ltr'>Oportet</span> 
     </span>
    </p>
   </div>
   <div class='ocr_carea' id='block_1_45' title="bbox 383 3998 2037 4070">
    <p class='ocr_par' dir='ltr' id='par_1_45' title="bbox 383 3998 2037 4070">
     <span class='ocr_line' id='line_1_45' title="bbox 383 3998 2037 4070; baseline 0.001 -20"><span class='ocrx_word' id='word_1_294' title='bbox 383 3998 536 4051; x_wconf 91' lang='lat' dir='ltr'>enim</span> <span class='ocrx_word' id='word_1_295' title='bbox 572 3999 895 4053; x_wconf 89' lang='lat' dir='ltr'>secundum</span> <span class='ocrx_word' id='word_1_296' title='bbox 929 4000 1118 4054; x_wconf 90' lang='lat' dir='ltr'>dictos</span> <span class='ocrx_word' id='word_1_297' title='bbox 1150 4003 1267 4053; x_wconf 89' lang='lat' dir='ltr'>ate</span> <span class='ocrx_word' id='word_1_298' title='bbox 1308 3999 1550 4070; x_wconf 85' lang='lat' dir='ltr'>gradus,</span> <span class='ocrx_word' id='word_1_299' title='bbox 1595 4015 1662 4053; x_wconf 90' lang='lat' dir='ltr'>ea</span> <span class='ocrx_word' id='word_1_300' title='bbox 1711 4015 1837 4069; x_wconf 64' lang='lat' dir='ltr'>qua:</span> <span class='ocrx_word' id='word_1_301' title='bbox 1889 3998 2037 4053; x_wconf 82' lang='lat' dir='ltr'>exsi-</span> 
     </span>
    </p>
   </div>
   <div class='ocr_carea' id='block_1_46' title="bbox 382 4085 2038 4158">
    <p class='ocr_par' dir='ltr' id='par_1_46' title="bbox 382 4085 2038 4158">
     <span class='ocr_line' id='line_1_46' title="bbox 382 4085 2038 4158; baseline 0.001 -19"><span class='ocrx_word' id='word_1_302' title='bbox 382 4087 547 4139; x_wconf 84' lang='lat' dir='ltr'>stunt</span> <span class='ocrx_word' id='word_1_303' title='bbox 566 4085 752 4154; x_wconf 83' lang='lat' dir='ltr'>magis</span> <span class='ocrx_word' id='word_1_304' title='bbox 775 4086 847 4140; x_wconf 90' lang='lat' dir='ltr'>iis</span> <span class='ocrx_word' id='word_1_305' title='bbox 871 4104 997 4157; x_wconf 74' lang='lat' dir='ltr'>qua:</span> <span class='ocrx_word' id='word_1_306' title='bbox 1029 4087 1230 4141; x_wconf 89' lang='lat' dir='ltr'>vivunt</span> <span class='ocrx_word' id='word_1_307' title='bbox 1250 4095 1301 4142; x_wconf 88' lang='lat' dir='ltr'>et</span> <span class='ocrx_word' id='word_1_308' title='bbox 1323 4085 1589 4140; x_wconf 90' lang='lat' dir='ltr'>sentiunt</span> <span class='ocrx_word' id='word_1_309' title='bbox 1611 4090 1669 4140; x_wconf 90' lang='lat' dir='ltr'>et</span> <span class='ocrx_word' id='word_1_310' title='bbox 1699 4085 2038 4158; x_wconf 84' lang='lat' dir='ltr'>intelligunt</span> 
     </span>
    </p>
   </div>
   <div class='ocr_carea' id='block_1_47' title="bbox 381 4171 2035 4245">
    <p class='ocr_par' dir='ltr' id='par_1_47' title="bbox 381 4171 2035 4245">
     <span class='ocr_line' id='line_1_47' title="bbox 381 4171 2035 4245; baseline 0.001 -19"><span class='ocrx_word' id='word_1_311' title='bbox 381 4176 439 4226; x_wconf 88' lang='lat' dir='ltr'>et</span> <span class='ocrx_word' id='word_1_312' title='bbox 468 4171 913 4243; x_wconf 87' lang='lat' dir='ltr'>ratiocinantur,</span> <span class='ocrx_word' id='word_1_313' title='bbox 945 4174 1002 4228; x_wconf 89' lang='lat' dir='ltr'>id</span> <span class='ocrx_word' id='word_1_314' title='bbox 1038 4178 1126 4228; x_wconf 90' lang='lat' dir='ltr'>est</span> <span class='ocrx_word' id='word_1_315' title='bbox 1157 4177 1406 4227; x_wconf 90' lang='lat' dir='ltr'>mentem</span> <span class='ocrx_word' id='word_1_316' title='bbox 1441 4189 1506 4227; x_wconf 90' lang='lat' dir='ltr'>ac</span> <span class='ocrx_word' id='word_1_317' title='bbox 1540 4174 1818 4228; x_wconf 85' lang='lat' dir='ltr'>rationem</span> <span class='ocrx_word' id='word_1_318' title='bbox 1854 4174 2035 4245; x_wconf 86' lang='lat' dir='ltr'>parti-</span> 
     </span>
    </p>
   </div>
   <div class='ocr_carea' id='block_1_48' title="bbox 384 4260 2033 4332">
    <p class='ocr_par' dir='ltr' id='par_1_48' title="bbox 384 4260 2033 4332">
     <span class='ocr_line' id='line_1_48' title="bbox 384 4260 2033 4332; baseline 0 -16"><span class='ocrx_word' id='word_1_319' title='bbox 384 4260 743 4332; x_wconf 89' lang='lat' dir='ltr'>cipantibus,</span> <span class='ocrx_word' id='word_1_320' title='bbox 771 4261 887 4316; x_wconf 91' lang='lat' dir='ltr'>Deo</span> <span class='ocrx_word' id='word_1_321' title='bbox 919 4261 1160 4332; x_wconf 90' lang='lat' dir='ltr'>propius</span> <span class='ocrx_word' id='word_1_322' title='bbox 1211 4260 1362 4314; x_wconf 81' lang='lat'>168</span> <span class='ocrx_word' id='word_1_323' title='bbox 1415 4261 1711 4326; x_wconf 82' lang='lat' dir='ltr'>accedere;</span> <span class='ocrx_word' id='word_1_324' title='bbox 1745 4278 1859 4316; x_wconf 92' lang='lat' dir='ltr'>non</span> <span class='ocrx_word' id='word_1_325' title='bbox 1911 4279 2033 4316; x_wconf 85' lang='lat' dir='ltr'>am-</span> 
     </span>
    </p>
   </div>
   <div class='ocr_carea' id='block_1_49' title="bbox 383 4348 2032 4420">
    <p class='ocr_par' dir='ltr' id='par_1_49' title="bbox 383 4348 2032 4420">
     <span class='ocr_line' id='line_1_49' title="bbox 383 4348 2032 4420; baseline 0.002 -17"><span class='ocrx_word' id='word_1_326' title='bbox 383 4348 540 4420; x_wconf 89' lang='lat' dir='ltr'>plius</span> <span class='ocrx_word' id='word_1_327' title='bbox 572 4353 770 4405; x_wconf 87' lang='lat' dir='ltr'>autem</span> <span class='ocrx_word' id='word_1_328' title='bbox 802 4349 908 4420; x_wconf 88' lang='lat' dir='ltr'>sic,</span> <span class='ocrx_word' id='word_1_329' title='bbox 944 4350 1044 4405; x_wconf 91' lang='lat' dir='ltr'>sed</span> <span class='ocrx_word' id='word_1_330' title='bbox 1077 4349 1436 4404; x_wconf 91' lang='lat' dir='ltr'>contrarium</span> <span class='ocrx_word' id='word_1_331' title='bbox 1469 4353 1558 4403; x_wconf 88' lang='lat' dir='ltr'>est</span> <span class='ocrx_word' id='word_1_332' title='bbox 1585 4365 1598 4415; x_wconf 89' lang='lat'><strong>;</strong></span> <span class='ocrx_word' id='word_1_333' title='bbox 1659 4349 1836 4404; x_wconf 89' lang='lat' dir='ltr'>veluti</span> <span class='ocrx_word' id='word_1_334' title='bbox 1869 4351 2032 4416; x_wconf 70' lang='lat' dir='ltr'>coelo,</span> 
     </span>
    </p>
   </div>
   <div class='ocr_carea' id='block_1_50' title="bbox 381 4437 2034 4509">
    <p class='ocr_par' dir='ltr' id='par_1_50' title="bbox 381 4437 2034 4509">
     <span class='ocr_line' id='line_1_50' title="bbox 381 4437 2034 4509; baseline 0 -15"><span class='ocrx_word' id='word_1_335' title='bbox 381 4442 438 4494; x_wconf 89' lang='lat' dir='ltr'>et</span> <span class='ocrx_word' id='word_1_336' title='bbox 469 4437 665 4504; x_wconf 86' lang='lat' dir='ltr'>astris,</span> <span class='ocrx_word' id='word_1_337' title='bbox 697 4441 753 4494; x_wconf 88' lang='lat' dir='ltr'>et</span> <span class='ocrx_word' id='word_1_338' title='bbox 782 4441 958 4503; x_wconf 89' lang='lat' dir='ltr'>terra,</span> <span class='ocrx_word' id='word_1_339' title='bbox 994 4442 1051 4492; x_wconf 94' lang='lat' dir='ltr'>et</span> <span class='ocrx_word' id='word_1_340' title='bbox 1070 4453 1242 4508; x_wconf 86' lang='lat' dir='ltr'>aqua,</span> <span class='ocrx_word' id='word_1_341' title='bbox 1275 4445 1328 4492; x_wconf 72' lang='lat' dir='ltr'>et.</span> <span class='ocrx_word' id='word_1_342' title='bbox 1361 4453 1512 4500; x_wconf 85' lang='lat' dir='ltr'>aere,</span> <span class='ocrx_word' id='word_1_343' title='bbox 1546 4442 1602 4490; x_wconf 88' lang='lat' dir='ltr'>et</span> <span class='ocrx_word' id='word_1_344' title='bbox 1645 4437 1716 4491; x_wconf 90' lang='lat' dir='ltr'>iis</span> <span class='ocrx_word' id='word_1_345' title='bbox 1775 4455 1901 4509; x_wconf 70' lang='lat' dir='ltr'>quae</span> <span class='ocrx_word' id='word_1_346' title='bbox 1943 4456 2034 4494; x_wconf 87' lang='lat' dir='ltr'>ex-</span> 
     </span>
    </p>
   </div>
   <div class='ocr_carea' id='block_1_51' title="bbox 2062 1807 2109 1872">
    <p class='ocr_par' dir='ltr' id='par_1_51' title="bbox 2062 1807 2109 1872">
     <span class='ocr_line' id='line_1_51' title="bbox 2062 1807 2109 1872; baseline 0 0"><span class='ocrx_word' id='word_1_347' title='bbox 2062 1807 2109 1872; x_wconf 90' lang='lat' dir='ltr'><strong>B</strong></span> 
     </span>
    </p>
   </div>
   <div class='ocr_carea' id='block_1_52' title="bbox 2129 515 3755 596">
    <p class='ocr_par' dir='ltr' id='par_1_52' title="bbox 2129 515 3755 596">
     <span class='ocr_line' id='line_1_52' title="bbox 2129 515 3755 596; baseline 0.003 -23"><span class='ocrx_word' id='word_1_348' title='bbox 2129 524 2261 595; x_wconf 85' lang='grc' dir='ltr'>κροῦ</span> <span class='ocrx_word' id='word_1_349' title='bbox 2314 515 2460 593; x_wconf 77' lang='grc' dir='ltr'>ἔδοξέ</span> <span class='ocrx_word' id='word_1_350' title='bbox 2507 543 2623 581; x_wconf 85' lang='grc' dir='ltr'>πως</span> <span class='ocrx_word' id='word_1_351' title='bbox 2672 516 2933 576; x_wconf 74' lang='grc' dir='ltr'>ὑπόϐασιν</span> <span class='ocrx_word' id='word_1_352' title='bbox 2990 520 3166 595; x_wconf 81' lang='grc' dir='ltr'>λέγειν</span> <span class='ocrx_word' id='word_1_353' title='bbox 3228 521 3291 576; x_wconf 83' lang='grc' dir='ltr'>τὸ</span> <span class='ocrx_word' id='word_1_354' title='bbox 3349 521 3558 596; x_wconf 79' lang='grc' dir='ltr'>ἀγαθὸν,</span> <span class='ocrx_word' id='word_1_355' title='bbox 3609 523 3755 578; x_wconf 75' lang='grc' dir='ltr'>εἰπὼν</span> 
     </span>
    </p>
   </div>
   <div class='ocr_carea' id='block_1_53' title="bbox 2127 605 3754 683">
    <p class='ocr_par' dir='ltr' id='par_1_53' title="bbox 2127 605 3754 683">
     <span class='ocr_line' id='line_1_53' title="bbox 2127 605 3754 683; baseline 0.002 -20"><span class='ocrx_word' id='word_1_356' title='bbox 2127 614 2224 664; x_wconf 85' lang='grc' dir='ltr'>τοῦ</span> <span class='ocrx_word' id='word_1_357' title='bbox 2281 605 2436 672; x_wconf 76' lang='grc' dir='ltr'>ὄντος</span> <span class='ocrx_word' id='word_1_358' title='bbox 2497 609 2693 678; x_wconf 59' lang='grc' dir='ltr'>αἷίτιον,</span> <span class='ocrx_word' id='word_1_359' title='bbox 2752 611 2840 665; x_wconf 86' lang='grc' dir='ltr'>καὶ</span> <span class='ocrx_word' id='word_1_360' title='bbox 2893 610 3036 664; x_wconf 74' lang='grc' dir='ltr'>οὕτω</span> <span class='ocrx_word' id='word_1_361' title='bbox 3106 611 3357 680; x_wconf 79' lang='grc' dir='ltr'>καθεξῆς,</span> <span class='ocrx_word' id='word_1_362' title='bbox 3414 611 3500 664; x_wconf 87' lang='grc' dir='ltr'>ἳνα</span> <span class='ocrx_word' id='word_1_363' title='bbox 3581 614 3650 683; x_wconf 75' lang='grc' dir='ltr'>μὴ</span> <span class='ocrx_word' id='word_1_364' title='bbox 3713 615 3754 667; x_wconf 74' lang='lat' dir='ltr'>oi</span> 
     </span>
    </p>
   </div>
   <div class='ocr_carea' id='block_1_54' title="bbox 2130 698 3754 777">
    <p class='ocr_par' dir='ltr' id='par_1_54' title="bbox 2130 698 3754 777">
     <span class='ocr_line' id='line_1_54' title="bbox 2130 698 3754 777; baseline 0 -24"><span class='ocrx_word' id='word_1_365' title='bbox 2130 698 2399 761; x_wconf 81' lang='grc' dir='ltr'>ἀσυνέτως</span> <span class='ocrx_word' id='word_1_366' title='bbox 2434 700 2891 774; x_wconf 80' lang='grc' dir='ltr'>ἀναγινώσκοντες</span> <span class='ocrx_word' id='word_1_367' title='bbox 2937 698 3132 776; x_wconf 69' lang='grc' dir='ltr'>εὕρωσι</span> <span class='ocrx_word' id='word_1_368' title='bbox 3197 699 3453 772; x_wconf 75' lang='grc' dir='ltr'>μέμψεως</span> <span class='ocrx_word' id='word_1_369' title='bbox 3499 700 3754 777; x_wconf 66' lang='grc' dir='ltr'>ἀφορμὴν,</span> 
     </span>
    </p>
   </div>
   <div class='ocr_carea' id='block_1_55' title="bbox 2131 786 3758 864">
    <p class='ocr_par' dir='ltr' id='par_1_55' title="bbox 2131 786 3758 864">
     <span class='ocr_line' id='line_1_55' title="bbox 2131 786 3758 864; baseline 0.001 -22"><span class='ocrx_word' id='word_1_370' title='bbox 2131 788 2314 864; x_wconf 75' lang='grc' dir='ltr'>φησίν·</span> <span class='ocrx_word' id='word_1_371' title='bbox 2345 788 2460 846; x_wconf 74' lang='grc' dir='ltr'>Οὐκ</span> <span class='ocrx_word' id='word_1_372' title='bbox 2512 787 2654 844; x_wconf 80' lang='grc' dir='ltr'>ἄλλο</span> <span class='ocrx_word' id='word_1_373' title='bbox 2705 786 2762 843; x_wconf 77' lang='grc' dir='ltr'>δὶ</span> <span class='ocrx_word' id='word_1_374' title='bbox 2809 788 2941 843; x_wconf 76' lang='grc' dir='ltr'>εἶναι</span> <span class='ocrx_word' id='word_1_375' title='bbox 2990 789 3050 843; x_wconf 88' lang='grc' dir='ltr'>τὸ</span> <span class='ocrx_word' id='word_1_376' title='bbox 3103 788 3330 862; x_wconf 85' lang='grc' dir='ltr'>ἀγαθὸν,</span> <span class='ocrx_word' id='word_1_377' title='bbox 3389 788 3476 842; x_wconf 85' lang='grc' dir='ltr'>καὶ</span> <span class='ocrx_word' id='word_1_378' title='bbox 3535 787 3668 843; x_wconf 77' lang='grc' dir='ltr'>ἄλλο</span> <span class='ocrx_word' id='word_1_379' title='bbox 3707 793 3758 844; x_wconf 81' lang='grc' dir='ltr'>τὸ</span> 
     </span>
    </p>
   </div>
   <div class='ocr_carea' id='block_1_56' title="bbox 2131 873 3759 955">
    <p class='ocr_par' dir='ltr' id='par_1_56' title="bbox 2131 873 3759 955">
     <span class='ocr_line' id='line_1_56' title="bbox 2131 873 3759 955; baseline 0.002 -25"><span class='ocrx_word' id='word_1_380' title='bbox 2131 873 2187 930; x_wconf 71' lang='grc' dir='ltr'>ὅν</span> <span class='ocrx_word' id='word_1_381' title='bbox 2220 894 2233 907; x_wconf 87' lang='grc'>⁶</span> <span class='ocrx_word' id='word_1_382' title='bbox 2261 878 2347 931; x_wconf 84' lang='lat' dir='ltr'>xui</span> <span class='ocrx_word' id='word_1_383' title='bbox 2379 875 2444 930; x_wconf 76' lang='grc' dir='ltr'>αὖ</span> <span class='ocrx_word' id='word_1_384' title='bbox 2476 876 2666 944; x_wconf 88' lang='grc' dir='ltr'>πάλιν,</span> <span class='ocrx_word' id='word_1_385' title='bbox 2700 876 2840 932; x_wconf 75' lang='grc' dir='ltr'>ἄλλο</span> <span class='ocrx_word' id='word_1_386' title='bbox 2880 878 2978 945; x_wconf 73' lang='grc' dir='ltr'>τήν</span> <span class='ocrx_word' id='word_1_387' title='bbox 3026 883 3194 948; x_wconf 83' lang='grc' dir='ltr'>ζωην,</span> <span class='ocrx_word' id='word_1_388' title='bbox 3227 876 3263 946; x_wconf 72' lang='grc' dir='ltr'><strong>ἢ</strong></span> <span class='ocrx_word' id='word_1_389' title='bbox 3293 877 3391 945; x_wconf 80' lang='grc' dir='ltr'>τήν</span> <span class='ocrx_word' id='word_1_390' title='bbox 3445 879 3625 955; x_wconf 75' lang='grc' dir='ltr'>σοφίαν</span> <span class='ocrx_word' id='word_1_391' title='bbox 3659 898 3671 910; x_wconf 72' lang='grc'><strong><em>⁸</em></strong></span> <span class='ocrx_word' id='word_1_392' title='bbox 3711 879 3759 933; x_wconf 74' lang='grc' dir='ltr'>ἓν</span> 
     </span>
    </p>
   </div>
   <div class='ocr_carea' id='block_1_57' title="bbox 2129 963 3758 1040">
    <p class='ocr_par' dir='ltr' id='par_1_57' title="bbox 2129 963 3758 1040">
     <span class='ocr_line' id='line_1_57' title="bbox 2129 963 3758 1040; baseline 0.002 -22"><span class='ocrx_word' id='word_1_393' title='bbox 2129 965 2229 1040; x_wconf 71' lang='grc' dir='ltr'>γὰρ</span> <span class='ocrx_word' id='word_1_394' title='bbox 2289 966 2420 1019; x_wconf 61' lang='grc' dir='ltr'>εἶναι</span> <span class='ocrx_word' id='word_1_395' title='bbox 2471 969 2576 1019; x_wconf 90' lang='grc' dir='ltr'>τῶν</span> <span class='ocrx_word' id='word_1_396' title='bbox 2639 967 2887 1020; x_wconf 79' lang='grc' dir='ltr'>ἁπάντων</span> <span class='ocrx_word' id='word_1_397' title='bbox 2947 963 3144 1033; x_wconf 56' lang='grc' dir='ltr'>αἴτιον,</span> <span class='ocrx_word' id='word_1_398' title='bbox 3176 964 3267 1018; x_wconf 85' lang='grc' dir='ltr'>καὶ</span> <span class='ocrx_word' id='word_1_399' title='bbox 3325 964 3386 1018; x_wconf 77' lang='grc' dir='ltr'>οὑ</span> <span class='ocrx_word' id='word_1_400' title='bbox 3434 963 3635 1034; x_wconf 78' lang='grc' dir='ltr'>πολλὰ,</span> <span class='ocrx_word' id='word_1_401' title='bbox 3682 967 3758 1021; x_wconf 79' lang='grc' dir='ltr'>καὶ</span> 
     </span>
    </p>
   </div>
   <div class='ocr_carea' id='block_1_58' title="bbox 2135 1053 3759 1130">
    <p class='ocr_par' dir='ltr' id='par_1_58' title="bbox 2135 1053 3759 1130">
     <span class='ocr_line' id='line_1_58' title="bbox 2135 1053 3759 1130; baseline 0.001 -22"><span class='ocrx_word' id='word_1_402' title='bbox 2135 1054 2263 1126; x_wconf 90' lang='grc' dir='ltr'>μίαν</span> <span class='ocrx_word' id='word_1_403' title='bbox 2296 1053 2521 1116; x_wconf 73' lang='grc' dir='ltr'>εῗκότως</span> <span class='ocrx_word' id='word_1_404' title='bbox 2554 1053 2785 1123; x_wconf 81' lang='grc' dir='ltr'>θεότητα</span> <span class='ocrx_word' id='word_1_405' title='bbox 2834 1054 3008 1108; x_wconf 86' lang='grc' dir='ltr'>πάντα</span> <span class='ocrx_word' id='word_1_406' title='bbox 3067 1055 3435 1128; x_wconf 74' lang='grc' dir='ltr'>παράγουσαν,</span> <span class='ocrx_word' id='word_1_407' title='bbox 3468 1055 3568 1123; x_wconf 81' lang='grc' dir='ltr'>τήν</span> <span class='ocrx_word' id='word_1_408' title='bbox 3621 1055 3759 1130; x_wconf 81' lang='grc' dir='ltr'>ἁγίαν</span> 
     </span>
    </p>
   </div>
   <div class='ocr_carea' id='block_1_59' title="bbox 2135 1140 3762 1218">
    <p class='ocr_par' dir='ltr' id='par_1_59' title="bbox 2135 1140 3762 1218">
     <span class='ocr_line' id='line_1_59' title="bbox 2135 1140 3762 1218; baseline 0.001 -22"><span class='ocrx_word' id='word_1_409' title='bbox 2135 1143 2225 1197; x_wconf 83' lang='grc' dir='ltr'>καὶ</span> <span class='ocrx_word' id='word_1_410' title='bbox 2283 1143 2547 1218; x_wconf 74' lang='grc' dir='ltr'>μακαρίαν</span> <span class='ocrx_word' id='word_1_411' title='bbox 2584 1147 2625 1179; x_wconf 79' lang='grc'>¹’¹</span> <span class='ocrx_word' id='word_1_412' title='bbox 2684 1140 2913 1216; x_wconf 79' lang='grc' dir='ltr'>Τριάδα,</span> <span class='ocrx_word' id='word_1_413' title='bbox 2967 1143 3056 1198; x_wconf 81' lang='grc' dir='ltr'>καὶ</span> <span class='ocrx_word' id='word_1_414' title='bbox 3119 1143 3206 1215; x_wconf 29' lang='grc' dir='ltr'>μὴ,</span> <span class='ocrx_word' id='word_1_415' title='bbox 3256 1141 3471 1207; x_wconf 80' lang='grc' dir='ltr'>πολλὰς</span> <span class='ocrx_word' id='word_1_416' title='bbox 3528 1143 3762 1214; x_wconf 86' lang='grc' dir='ltr'>θεότητας</span> 
     </span>
    </p>
   </div>
   <div class='ocr_carea' id='block_1_60' title="bbox 2138 1229 3763 1308">
    <p class='ocr_par' dir='ltr' id='par_1_60' title="bbox 2138 1229 3763 1308">
     <span class='ocr_line' id='line_1_60' title="bbox 2138 1229 3763 1308; baseline 0.001 -22"><span class='ocrx_word' id='word_1_417' title='bbox 2138 1229 2542 1308; x_wconf 73' lang='grc' dir='ltr'>δημιουργούς⁹</span> <span class='ocrx_word' id='word_1_418' title='bbox 2579 1236 2742 1287; x_wconf 87' lang='grc' dir='ltr'>τοῦτο</span> <span class='ocrx_word' id='word_1_419' title='bbox 2775 1229 2832 1287; x_wconf 71' lang='grc' dir='ltr'>δὲ</span> <span class='ocrx_word' id='word_1_420' title='bbox 2865 1231 2926 1286; x_wconf 84' lang='grc' dir='ltr'>οὑ</span> <span class='ocrx_word' id='word_1_421' title='bbox 2954 1235 3219 1308; x_wconf 84' lang='grc' dir='ltr'>περίττῶς</span> <span class='ocrx_word' id='word_1_422' title='bbox 3267 1233 3433 1301; x_wconf 71' lang='grc' dir='ltr'>εἶπεν,</span> <span class='ocrx_word' id='word_1_423' title='bbox 3465 1231 3609 1286; x_wconf 78' lang='grc' dir='ltr'>ἀλλὰ</span> <span class='ocrx_word' id='word_1_424' title='bbox 3649 1245 3763 1296; x_wconf 82' lang='grc' dir='ltr'>καθ-</span> 
     </span>
    </p>
   </div>
   <div class='ocr_carea' id='block_1_61' title="bbox 2137 1320 3762 1398">
    <p class='ocr_par' dir='ltr' id='par_1_61' title="bbox 2137 1320 3762 1398">
     <span class='ocr_line' id='line_1_61' title="bbox 2137 1320 3762 1398; baseline 0 -22"><span class='ocrx_word' id='word_1_425' title='bbox 2137 1320 2443 1394; x_wconf 76' lang='grc' dir='ltr'>απτόμενος</span> <span class='ocrx_word' id='word_1_426' title='bbox 2501 1326 2607 1376; x_wconf 88' lang='grc' dir='ltr'>τῶν</span> <span class='ocrx_word' id='word_1_427' title='bbox 2669 1322 2796 1394; x_wconf 73' lang='grc' dir='ltr'>παρ’</span> <span class='ocrx_word' id='word_1_428' title='bbox 2851 1320 3089 1392; x_wconf 83' lang='grc' dir='ltr'>Ἕλλησι</span> <span class='ocrx_word' id='word_1_429' title='bbox 3152 1325 3356 1398; x_wconf 73' lang='grc' dir='ltr'>σοφῶν,</span> <span class='ocrx_word' id='word_1_430' title='bbox 3387 1321 3478 1376; x_wconf 86' lang='lat' dir='ltr'>xui</span> <span class='ocrx_word' id='word_1_431' title='bbox 3529 1327 3632 1376; x_wconf 90' lang='grc' dir='ltr'>τῶν</span> <span class='ocrx_word' id='word_1_432' title='bbox 3674 1323 3762 1376; x_wconf 82' lang='grc' dir='ltr'>ἀπὸ</span> 
     </span>
    </p>
   </div>
   <div class='ocr_carea' id='block_1_62' title="bbox 2140 1410 3763 1490">
    <p class='ocr_par' dir='ltr' id='par_1_62' title="bbox 2140 1410 3763 1490">
     <span class='ocr_line' id='line_1_62' title="bbox 2140 1410 3763 1490; baseline 0.001 -25"><span class='ocrx_word' id='word_1_433' title='bbox 2140 1410 2392 1483; x_wconf 86' lang='grc' dir='ltr'>Σίμωνος</span> <span class='ocrx_word' id='word_1_434' title='bbox 2449 1412 2756 1485; x_wconf 80' lang='grc' dir='ltr'>αἱρετικῶν,</span> <span class='ocrx_word' id='word_1_435' title='bbox 2811 1411 2889 1479; x_wconf 82' lang='grc' dir='ltr'>οἳ,</span> <span class='ocrx_word' id='word_1_436' title='bbox 2951 1411 3327 1484; x_wconf 82' lang='grc' dir='ltr'>κοσμοποιοὺς</span> <span class='ocrx_word' id='word_1_437' title='bbox 3397 1433 3526 1490; x_wconf 71' lang='grc' dir='ltr'>φασι</span> <span class='ocrx_word' id='word_1_438' title='bbox 3608 1411 3763 1480; x_wconf 75' lang='grc' dir='ltr'>θεοὺς,</span> 
     </span>
    </p>
   </div>
   <div class='ocr_carea' id='block_1_63' title="bbox 2137 1495 3765 1576">
    <p class='ocr_par' dir='ltr' id='par_1_63' title="bbox 2137 1495 3765 1576">
     <span class='ocr_line' id='line_1_63' title="bbox 2137 1495 3765 1576; baseline 0.001 -21"><span class='ocrx_word' id='word_1_439' title='bbox 2137 1501 2364 1555; x_wconf 83' lang='grc' dir='ltr'>καθόσον</span> <span class='ocrx_word' id='word_1_440' title='bbox 2427 1495 2822 1571; x_wconf 70' lang='grc' dir='ltr'>ὑποϐεϐήκασι,</span> <span class='ocrx_word' id='word_1_441' title='bbox 2859 1505 3118 1556; x_wconf 88' lang='grc' dir='ltr'>τοσοῦτον</span> <span class='ocrx_word' id='word_1_442' title='bbox 3174 1501 3266 1556; x_wconf 84' lang='lat' dir='ltr'>xui</span> <span class='ocrx_word' id='word_1_443' title='bbox 3323 1502 3390 1556; x_wconf 75' lang='grc' dir='ltr'>τὰ</span> <span class='ocrx_word' id='word_1_444' title='bbox 3440 1501 3765 1576; x_wconf 83' lang='grc' dir='ltr'>ἀσθενέστερα</span> 
     </span>
    </p>
   </div>
   <div class='ocr_carea' id='block_1_64' title="bbox 2137 1581 3762 1666">
    <p class='ocr_par' dir='ltr' id='par_1_64' title="bbox 2137 1587 3762 1666">
     <span class='ocr_line' id='line_1_64' title="bbox 2137 1587 3762 1666; baseline -0.001 -21"><span class='ocrx_word' id='word_1_445' title='bbox 2137 1594 2244 1645; x_wconf 90' lang='grc' dir='ltr'>τῶν</span> <span class='ocrx_word' id='word_1_446' title='bbox 2273 1589 2582 1663; x_wconf 79' lang='grc' dir='ltr'>κτισμάτων</span> <span class='ocrx_word' id='word_1_447' title='bbox 2604 1592 2968 1666; x_wconf 84' lang='grc' dir='ltr'>παράγοντας.</span> <span class='ocrx_word' id='word_1_448' title='bbox 2999 1587 3102 1652; x_wconf 72' lang='grc' dir='ltr'>ἕως</span> <span class='ocrx_word' id='word_1_449' title='bbox 3128 1590 3219 1644; x_wconf 78' lang='grc' dir='ltr'>καὶ</span> <span class='ocrx_word' id='word_1_450' title='bbox 3250 1598 3351 1660; x_wconf 80' lang='grc' dir='ltr'>τῆς</span> <span class='ocrx_word' id='word_1_451' title='bbox 3377 1592 3485 1646; x_wconf 87' lang='grc' dir='ltr'>τών</span> <span class='ocrx_word' id='word_1_452' title='bbox 3538 1592 3762 1646; x_wconf 86' lang='grc' dir='ltr'>ἁπάντων</span> 
     </span>
    </p>
   </div>
   <div class='ocr_carea' id='block_1_65' title="bbox 2142 1679 3394 1757">
    <p class='ocr_par' dir='ltr' id='par_1_65' title="bbox 2142 1679 3394 1757">
     <span class='ocr_line' id='line_1_65' title="bbox 2142 1679 3394 1757; baseline 0.002 -23"><span class='ocrx_word' id='word_1_453' title='bbox 2142 1680 2518 1753; x_wconf 86' lang='grc' dir='ltr'>ὑποστάθμης,</span> <span class='ocrx_word' id='word_1_454' title='bbox 2545 1679 2619 1742; x_wconf 80' lang='grc' dir='ltr'>ὥς</span> <span class='ocrx_word' id='word_1_455' title='bbox 2651 1702 2796 1757; x_wconf 73' lang='grc' dir='ltr'>φασι,</span> <span class='ocrx_word' id='word_1_456' title='bbox 2830 1682 3075 1735; x_wconf 87' lang='grc' dir='ltr'>τουτέστι</span> <span class='ocrx_word' id='word_1_457' title='bbox 3104 1687 3204 1750; x_wconf 82' lang='grc' dir='ltr'>τῆς</span> <span class='ocrx_word' id='word_1_458' title='bbox 3237 1679 3394 1752; x_wconf 71' lang='grc' dir='ltr'>ὕλης.</span> 
     </span>
    </p>
   </div>
   <div class='ocr_carea' id='block_1_66' title="bbox 2214 1856 3764 1932">
    <p class='ocr_par' dir='ltr' id='par_1_66' title="bbox 2214 1856 3764 1932">
     <span class='ocr_line' id='line_1_66' title="bbox 2214 1856 3764 1932; baseline 0 -17"><span class='ocrx_word' id='word_1_459' title='bbox 2214 1859 2317 1915; x_wconf 86' lang='grc' dir='ltr'>Καὶ</span> <span class='ocrx_word' id='word_1_460' title='bbox 2373 1859 2475 1927; x_wconf 74' lang='grc' dir='ltr'>τὴν</span> <span class='ocrx_word' id='word_1_461' title='bbox 2537 1858 2630 1930; x_wconf 81' lang='grc' dir='ltr'>μὶν</span> <span class='ocrx_word' id='word_1_462' title='bbox 2691 1858 2848 1915; x_wconf 78' lang='grc' dir='ltr'>εἶναι.</span> <span class='ocrx_word' id='word_1_463' title='bbox 2883 1861 2998 1928; x_wconf 83' lang='grc' dir='ltr'>Τὴν</span> <span class='ocrx_word' id='word_1_464' title='bbox 3058 1863 3155 1914; x_wconf 87' lang='grc' dir='ltr'>τοῦ</span> <span class='ocrx_word' id='word_1_465' title='bbox 3210 1856 3412 1932; x_wconf 83' lang='grc' dir='ltr'>ἀγαθοῦ</span> <span class='ocrx_word' id='word_1_466' title='bbox 3473 1858 3764 1932; x_wconf 64' lang='grc' dir='ltr'>ἐπωνυμίαν</span> 
     </span>
    </p>
   </div>
   <div class='ocr_carea' id='block_1_67' title="bbox 2141 1945 3770 2024">
    <p class='ocr_par' dir='ltr' id='par_1_67' title="bbox 2141 1945 3770 2024">
     <span class='ocr_line' id='line_1_67' title="bbox 2141 1945 3770 2024; baseline 0 -22"><span class='ocrx_word' id='word_1_467' title='bbox 2141 1945 2438 2009; x_wconf 76' lang='grc' dir='ltr'>παντελοῦς</span> <span class='ocrx_word' id='word_1_468' title='bbox 2467 1948 2729 2022; x_wconf 85' lang='grc' dir='ltr'>προνοίας</span> <span class='ocrx_word' id='word_1_469' title='bbox 2761 1945 3013 2016; x_wconf 78' lang='grc' dir='ltr'>δεκτικὴν</span> <span class='ocrx_word' id='word_1_470' title='bbox 3047 1946 3179 2002; x_wconf 76' lang='grc' dir='ltr'>εἶναί</span> <span class='ocrx_word' id='word_1_471' title='bbox 3211 1969 3342 2024; x_wconf 78' lang='grc' dir='ltr'>φησι</span> <span class='ocrx_word' id='word_1_472' title='bbox 3378 1969 3390 1982; x_wconf 78' lang='grc' dir='ltr'>ο</span> <span class='ocrx_word' id='word_1_473' title='bbox 3425 1949 3526 2010; x_wconf 79' lang='grc' dir='ltr'>τὰς</span> <span class='ocrx_word' id='word_1_474' title='bbox 3577 1945 3630 2003; x_wconf 59' lang='grc' dir='ltr'>δέ</span> <span class='ocrx_word' id='word_1_475' title='bbox 3673 1960 3770 2004; x_wconf 80' lang='grc' dir='ltr'>Λοι-</span> 
     </span>
    </p>
   </div>
   <div class='ocr_carea' id='block_1_68' title="bbox 2140 2035 3770 2113">
    <p class='ocr_par' dir='ltr' id='par_1_68' title="bbox 2140 2035 3770 2113">
     <span class='ocr_line' id='line_1_68' title="bbox 2140 2035 3770 2113; baseline 0.001 -24"><span class='ocrx_word' id='word_1_476' title='bbox 2140 2037 2262 2107; x_wconf 78' lang='grc' dir='ltr'>πάς,</span> <span class='ocrx_word' id='word_1_477' title='bbox 2301 2037 2544 2111; x_wconf 84' lang='grc' dir='ltr'>μερικάς,</span> <span class='ocrx_word' id='word_1_478' title='bbox 2579 2039 2693 2091; x_wconf 82' lang='grc' dir='ltr'>οἷον</span> <span class='ocrx_word' id='word_1_479' title='bbox 2729 2036 2873 2105; x_wconf 75' lang='grc' dir='ltr'>ζωὴν</span> <span class='ocrx_word' id='word_1_480' title='bbox 2922 2035 3011 2090; x_wconf 87' lang='lat' dir='ltr'>xui</span> <span class='ocrx_word' id='word_1_481' title='bbox 3063 2037 3281 2113; x_wconf 78' lang='grc' dir='ltr'>σοφίαν,</span> <span class='ocrx_word' id='word_1_482' title='bbox 3313 2037 3401 2091; x_wconf 87' lang='lat' dir='ltr'>xui</span> <span class='ocrx_word' id='word_1_483' title='bbox 3455 2037 3615 2112; x_wconf 87' lang='grc' dir='ltr'>λόγον</span> <span class='ocrx_word' id='word_1_484' title='bbox 3652 2057 3663 2069; x_wconf 91' lang='grc'><strong>·</strong></span> <span class='ocrx_word' id='word_1_485' title='bbox 3691 2038 3770 2092; x_wconf 80' lang='lat' dir='ltr'>xui</span> 
     </span>
    </p>
   </div>
   <div class='ocr_carea' id='block_1_69' title="bbox 2141 2121 3766 2202">
    <p class='ocr_par' dir='ltr' id='par_1_69' title="bbox 2141 2121 3766 2202">
     <span class='ocr_line' id='line_1_69' title="bbox 2141 2121 3766 2202; baseline 0 -22"><span class='ocrx_word' id='word_1_486' title='bbox 2141 2125 2310 2180; x_wconf 88' lang='grc' dir='ltr'>πάντα</span> <span class='ocrx_word' id='word_1_487' title='bbox 2343 2125 2440 2197; x_wconf 71' lang='grc' dir='ltr'>μὲν</span> <span class='ocrx_word' id='word_1_488' title='bbox 2469 2127 2570 2201; x_wconf 79' lang='grc' dir='ltr'>γὰρ</span> <span class='ocrx_word' id='word_1_489' title='bbox 2603 2126 2668 2180; x_wconf 79' lang='grc' dir='ltr'>τά</span> <span class='ocrx_word' id='word_1_490' title='bbox 2699 2121 2828 2180; x_wconf 73' lang='grc' dir='ltr'>ὄντα</span> <span class='ocrx_word' id='word_1_491' title='bbox 2875 2122 2947 2179; x_wconf 80' lang='grc' dir='ltr'>δι’</span> <span class='ocrx_word' id='word_1_492' title='bbox 2978 2125 3290 2201; x_wconf 87' lang='grc' dir='ltr'>ἀγαθότητα</span> <span class='ocrx_word' id='word_1_493' title='bbox 3337 2130 3472 2182; x_wconf 87' lang='grc' dir='ltr'>Θεοῦ</span> <span class='ocrx_word' id='word_1_494' title='bbox 3525 2128 3766 2202; x_wconf 77' lang='grc' dir='ltr'>παρήχθη</span> 
     </span>
    </p>
   </div>
   <div class='ocr_carea' id='block_1_70' title="bbox 2140 2211 3769 2290">
    <p class='ocr_par' dir='ltr' id='par_1_70' title="bbox 2140 2211 3769 2290">
     <span class='ocr_line' id='line_1_70' title="bbox 2140 2211 3769 2290; baseline 0.001 -22"><span class='ocrx_word' id='word_1_495' title='bbox 2140 2214 2275 2290; x_wconf 86' lang='grc' dir='ltr'>πρὸς</span> <span class='ocrx_word' id='word_1_496' title='bbox 2307 2212 2554 2284; x_wconf 76' lang='grc' dir='ltr'>ὕπαρξιν,</span> <span class='ocrx_word' id='word_1_497' title='bbox 2586 2214 2675 2268; x_wconf 87' lang='grc' dir='ltr'>καί</span> <span class='ocrx_word' id='word_1_498' title='bbox 2723 2214 2855 2268; x_wconf 80' lang='grc' dir='ltr'>εἰσιν</span> <span class='ocrx_word' id='word_1_499' title='bbox 2911 2214 3100 2288; x_wconf 74' lang='grc' dir='ltr'>ἀγαθὰ,</span> <span class='ocrx_word' id='word_1_500' title='bbox 3135 2211 3260 2284; x_wconf 72' lang='grc' dir='ltr'>ἤτοι</span> <span class='ocrx_word' id='word_1_501' title='bbox 3309 2213 3453 2270; x_wconf 81' lang='grc' dir='ltr'>καλὰ</span> <span class='ocrx_word' id='word_1_502' title='bbox 3499 2213 3622 2270; x_wconf 83' lang='grc' dir='ltr'>λίαν</span> <span class='ocrx_word' id='word_1_503' title='bbox 3655 2236 3668 2250; x_wconf 73' lang='grc' dir='ltr'>ο</span> <span class='ocrx_word' id='word_1_504' title='bbox 3715 2217 3769 2270; x_wconf 75' lang='grc' dir='ltr'>οὑ</span> 
     </span>
    </p>
   </div>
   <div class='ocr_carea' id='block_1_71' title="bbox 2140 2301 3772 2381">
    <p class='ocr_par' dir='ltr' id='par_1_71' title="bbox 2140 2301 3772 2381">
     <span class='ocr_line' id='line_1_71' title="bbox 2140 2301 3772 2381; baseline 0.001 -24"><span class='ocrx_word' id='word_1_505' title='bbox 2140 2304 2313 2358; x_wconf 85' lang='grc' dir='ltr'>πάντα</span> <span class='ocrx_word' id='word_1_506' title='bbox 2347 2301 2404 2357; x_wconf 73' lang='grc' dir='ltr'>δὲ</span> <span class='ocrx_word' id='word_1_507' title='bbox 2439 2305 2581 2372; x_wconf 79' lang='grc' dir='ltr'>ζωῆς</span> <span class='ocrx_word' id='word_1_508' title='bbox 2611 2304 2646 2373; x_wconf 71' lang='grc' dir='ltr'><strong>ἢ</strong></span> <span class='ocrx_word' id='word_1_509' title='bbox 2681 2302 2848 2379; x_wconf 87' lang='grc' dir='ltr'>λόγου</span> <span class='ocrx_word' id='word_1_510' title='bbox 2879 2305 2914 2372; x_wconf 76' lang='grc' dir='ltr'><strong>ἢ</strong></span> <span class='ocrx_word' id='word_1_511' title='bbox 2949 2302 3140 2381; x_wconf 75' lang='grc' dir='ltr'>σοφίας</span> <span class='ocrx_word' id='word_1_512' title='bbox 3192 2304 3484 2378; x_wconf 75' lang='grc' dir='ltr'>μετέχουσι</span> <span class='ocrx_word' id='word_1_513' title='bbox 3521 2324 3535 2338; x_wconf 76' lang='grc' dir='ltr'>ο</span> <span class='ocrx_word' id='word_1_514' title='bbox 3573 2303 3652 2360; x_wconf 81' lang='grc' dir='ltr'>διὸ</span> <span class='ocrx_word' id='word_1_515' title='bbox 3690 2305 3772 2366; x_wconf 73' lang='grc' dir='ltr'>τὰς</span> 
     </span>
    </p>
   </div>
   <div class='ocr_carea' id='block_1_72' title="bbox 2141 2389 3770 2466">
    <p class='ocr_par' dir='ltr' id='par_1_72' title="bbox 2141 2389 3770 2466">
     <span class='ocr_line' id='line_1_72' title="bbox 2141 2389 3770 2466; baseline 0 -19"><span class='ocrx_word' id='word_1_516' title='bbox 2141 2393 2394 2456; x_wconf 81' lang='grc' dir='ltr'>τοιαύτας</span> <span class='ocrx_word' id='word_1_517' title='bbox 2422 2391 2734 2466; x_wconf 76' lang='grc' dir='ltr'>ἐπωνυμίας</span> <span class='ocrx_word' id='word_1_518' title='bbox 2765 2393 2900 2447; x_wconf 85' lang='grc' dir='ltr'>κατά</span> <span class='ocrx_word' id='word_1_519' title='bbox 2957 2389 3372 2461; x_wconf 82' lang='grc' dir='ltr'>ἀντιδιαστολήν</span> <span class='ocrx_word' id='word_1_520' title='bbox 3432 2400 3537 2462; x_wconf 84' lang='grc' dir='ltr'>τῆς</span> <span class='ocrx_word' id='word_1_521' title='bbox 3599 2413 3770 2448; x_wconf 63' lang='grc' dir='ltr'>παντο-</span> 
     </span>
    </p>
   </div>
   <div class='ocr_carea' id='block_1_73' title="bbox 2143 2479 3771 2558">
    <p class='ocr_par' dir='ltr' id='par_1_73' title="bbox 2143 2479 3771 2558">
     <span class='ocr_line' id='line_1_73' title="bbox 2143 2479 3771 2558; baseline -0.001 -20"><span class='ocrx_word' id='word_1_522' title='bbox 2143 2482 2275 2545; x_wconf 89' lang='grc' dir='ltr'>λοῦς</span> <span class='ocrx_word' id='word_1_523' title='bbox 2313 2482 2572 2544; x_wconf 75' lang='grc' dir='ltr'>τέθεικεν.</span> <span class='ocrx_word' id='word_1_524' title='bbox 2628 2479 2995 2557; x_wconf 84' lang='grc' dir='ltr'>Ὀλικωτέρας</span> <span class='ocrx_word' id='word_1_525' title='bbox 3039 2479 3095 2536; x_wconf 85' lang='grc' dir='ltr'>δέ</span> <span class='ocrx_word' id='word_1_526' title='bbox 3145 2503 3275 2558; x_wconf 75' lang='grc' dir='ltr'>φησι</span> <span class='ocrx_word' id='word_1_527' title='bbox 3304 2481 3398 2543; x_wconf 76' lang='grc' dir='ltr'>τὰς</span> <span class='ocrx_word' id='word_1_528' title='bbox 3460 2482 3550 2537; x_wconf 83' lang='grc' dir='ltr'>ἐπὶ</span> <span class='ocrx_word' id='word_1_529' title='bbox 3602 2479 3771 2537; x_wconf 84' lang='grc' dir='ltr'>πλειό-</span> 
     </span>
    </p>
   </div>
   <div class='ocr_carea' id='block_1_74' title="bbox 2140 2570 3772 2650">
    <p class='ocr_par' dir='ltr' id='par_1_74' title="bbox 2140 2570 3772 2650">
     <span class='ocr_line' id='line_1_74' title="bbox 2140 2570 3772 2650; baseline -0.001 -25"><span class='ocrx_word' id='word_1_530' title='bbox 2140 2593 2245 2626; x_wconf 83' lang='grc' dir='ltr'>νων</span> <span class='ocrx_word' id='word_1_531' title='bbox 2281 2570 2683 2644; x_wconf 70' lang='grc' dir='ltr'>θεωρουμένας,</span> <span class='ocrx_word' id='word_1_532' title='bbox 2715 2575 2828 2626; x_wconf 81' lang='grc' dir='ltr'>οἷον</span> <span class='ocrx_word' id='word_1_533' title='bbox 2861 2574 3006 2642; x_wconf 75' lang='grc' dir='ltr'>ζωήν</span> <span class='ocrx_word' id='word_1_534' title='bbox 3043 2590 3056 2604; x_wconf 77' lang='grc'><em>’</em></span> <span class='ocrx_word' id='word_1_535' title='bbox 3090 2572 3276 2646; x_wconf 80' lang='grc' dir='ltr'>φθάνει</span> <span class='ocrx_word' id='word_1_536' title='bbox 3325 2571 3427 2647; x_wconf 78' lang='grc' dir='ltr'>γὰρ</span> <span class='ocrx_word' id='word_1_537' title='bbox 3478 2571 3568 2627; x_wconf 66' lang='grc' dir='ltr'>ἰπὶ</span> <span class='ocrx_word' id='word_1_538' title='bbox 3615 2577 3772 2650; x_wconf 69' lang='grc' dir='ltr'>φυτῶν</span> 
     </span>
    </p>
   </div>
   <div class='ocr_carea' id='block_1_75' title="bbox 2140 2657 3771 2738">
    <p class='ocr_par' dir='ltr' id='par_1_75' title="bbox 2140 2657 3771 2738">
     <span class='ocr_line' id='line_1_75' title="bbox 2140 2657 3771 2738; baseline 0 -24"><span class='ocrx_word' id='word_1_539' title='bbox 2140 2661 2230 2715; x_wconf 86' lang='grc' dir='ltr'>καὶ</span> <span class='ocrx_word' id='word_1_540' title='bbox 2267 2662 2436 2730; x_wconf 86' lang='grc' dir='ltr'>ζώων,</span> <span class='ocrx_word' id='word_1_541' title='bbox 2473 2659 2708 2735; x_wconf 69' lang='grc' dir='ltr'>λογικῶν</span> <span class='ocrx_word' id='word_1_542' title='bbox 2741 2681 2798 2715; x_wconf 88' lang='grc' dir='ltr'>τε</span> <span class='ocrx_word' id='word_1_543' title='bbox 2827 2660 2917 2714; x_wconf 92' lang='lat' dir='ltr'>xui</span> <span class='ocrx_word' id='word_1_544' title='bbox 2947 2657 3160 2736; x_wconf 83' lang='grc' dir='ltr'>ἀλόγων</span> <span class='ocrx_word' id='word_1_545' title='bbox 3197 2679 3209 2692; x_wconf 89' lang='grc'><strong>·</strong></span> <span class='ocrx_word' id='word_1_546' title='bbox 3245 2661 3404 2738; x_wconf 67' lang='grc' dir='ltr'>σοφία</span> <span class='ocrx_word' id='word_1_547' title='bbox 3447 2658 3503 2715; x_wconf 71' lang='grc' dir='ltr'><strong>δί</strong></span> <span class='ocrx_word' id='word_1_548' title='bbox 3554 2662 3637 2717; x_wconf 88' lang='lat' dir='ltr'>xui</span> <span class='ocrx_word' id='word_1_549' title='bbox 3687 2660 3771 2715; x_wconf 74' lang='grc' dir='ltr'>λόε-</span> 
     </span>
    </p>
   </div>
   <div class='ocr_carea' id='block_1_76' title="bbox 2143 2745 3772 2827">
    <p class='ocr_par' dir='ltr' id='par_1_76' title="bbox 2143 2745 3772 2827">
     <span class='ocr_line' id='line_1_76' title="bbox 2143 2745 3772 2827; baseline -0.001 -23"><span class='ocrx_word' id='word_1_550' title='bbox 2143 2771 2240 2823; x_wconf 90' lang='grc' dir='ltr'>γος</span> <span class='ocrx_word' id='word_1_551' title='bbox 2295 2750 2652 2825; x_wconf 73' lang='grc' dir='ltr'>μιρικώτεραι</span> <span class='ocrx_word' id='word_1_552' title='bbox 2682 2769 2696 2782; x_wconf 89' lang='grc'><strong>·</strong></span> <span class='ocrx_word' id='word_1_553' title='bbox 2749 2749 2836 2804; x_wconf 78' lang='grc' dir='ltr'>ἐπὶ</span> <span class='ocrx_word' id='word_1_554' title='bbox 2894 2745 3072 2821; x_wconf 89' lang='grc' dir='ltr'>μὸνων</span> <span class='ocrx_word' id='word_1_555' title='bbox 3122 2748 3224 2825; x_wconf 75' lang='grc' dir='ltr'>γὰρ</span> <span class='ocrx_word' id='word_1_556' title='bbox 3279 2745 3511 2825; x_wconf 81' lang='grc' dir='ltr'>λογικῶν</span> <span class='ocrx_word' id='word_1_557' title='bbox 3567 2751 3772 2827; x_wconf 81' lang='grc' dir='ltr'>ὁρῶνται</span> 
     </span>
    </p>
   </div>
   <div class='ocr_carea' id='block_1_77' title="bbox 2141 2860 2328 2894">
    <p class='ocr_par' dir='ltr' id='par_1_77' title="bbox 2141 2860 2328 2894">
     <span class='ocr_line' id='line_1_77' title="bbox 2141 2860 2328 2894; baseline 0.005 -1"><span class='ocrx_word' id='word_1_558' title='bbox 2141 2860 2328 2894; x_wconf 85' lang='grc' dir='ltr'>ταυτα.</span> 
     </span>
    </p>
   </div>
   <div class='ocr_carea' id='block_1_78' title="bbox 2217 3015 3776 3096">
    <p class='ocr_par' dir='ltr' id='par_1_78' title="bbox 2217 3015 3776 3096">
     <span class='ocr_line' id='line_1_78' title="bbox 2217 3015 3776 3096; baseline -0.001 -24"><span class='ocrx_word' id='word_1_559' title='bbox 2217 3017 2373 3087; x_wconf 85' lang='lat' dir='ltr'>§lIl.</span> <span class='ocrx_word' id='word_1_560' title='bbox 2436 3019 2533 3071; x_wconf 79' lang='grc' dir='ltr'>Καὶ</span> <span class='ocrx_word' id='word_1_561' title='bbox 2584 3024 2683 3087; x_wconf 82' lang='grc' dir='ltr'>τῆς</span> <span class='ocrx_word' id='word_1_562' title='bbox 2747 3021 2892 3087; x_wconf 83' lang='grc' dir='ltr'>ζωῆς</span> <span class='ocrx_word' id='word_1_563' title='bbox 2977 3018 3078 3087; x_wconf 82' lang='grc' dir='ltr'>τήν</span> <span class='ocrx_word' id='word_1_564' title='bbox 3133 3016 3348 3091; x_wconf 75' lang='grc' dir='ltr'>σοφίαν.</span> <span class='ocrx_word' id='word_1_565' title='bbox 3409 3015 3776 3096; x_wconf 77' lang='grc' dir='ltr'>Ἀσαφέστερόν</span> 
     </span>
    </p>
   </div>
   <div class='ocr_carea' id='block_1_79' title="bbox 2144 3103 3773 3180">
    <p class='ocr_par' dir='ltr' id='par_1_79' title="bbox 2144 3103 3773 3180">
     <span class='ocr_line' id='line_1_79' title="bbox 2144 3103 3773 3180; baseline 0 -21"><span class='ocrx_word' id='word_1_566' title='bbox 2144 3127 2260 3167; x_wconf 88' lang='grc' dir='ltr'>πως</span> <span class='ocrx_word' id='word_1_567' title='bbox 2344 3103 2668 3179; x_wconf 77' lang='grc' dir='ltr'>ἐγκειμένης</span> <span class='ocrx_word' id='word_1_568' title='bbox 2722 3112 2820 3175; x_wconf 75' lang='grc' dir='ltr'>τῆς</span> <span class='ocrx_word' id='word_1_569' title='bbox 2881 3105 3112 3180; x_wconf 78' lang='grc' dir='ltr'>ῥήσεως,</span> <span class='ocrx_word' id='word_1_570' title='bbox 3174 3105 3327 3178; x_wconf 76' lang='grc' dir='ltr'>οἶμαι</span> <span class='ocrx_word' id='word_1_571' title='bbox 3379 3105 3444 3160; x_wconf 84' lang='grc' dir='ltr'>τὸ</span> <span class='ocrx_word' id='word_1_572' title='bbox 3497 3104 3773 3179; x_wconf 81' lang='grc' dir='ltr'>λεγόμενον</span> 
     </span>
    </p>
   </div>
   <div class='ocr_carea' id='block_1_80' title="bbox 2142 3191 3774 3271">
    <p class='ocr_par' dir='ltr' id='par_1_80' title="bbox 2142 3191 3774 3271">
     <span class='ocr_line' id='line_1_80' title="bbox 2142 3191 3774 3271; baseline -0.001 -22"><span class='ocrx_word' id='word_1_573' title='bbox 2142 3191 2387 3249; x_wconf 88' lang='grc' dir='ltr'>τοιοῦτόν</span> <span class='ocrx_word' id='word_1_574' title='bbox 2414 3215 2534 3248; x_wconf 88' lang='grc' dir='ltr'>τινα</span> <span class='ocrx_word' id='word_1_575' title='bbox 2563 3199 2683 3248; x_wconf 89' lang='grc' dir='ltr'>νοῦν</span> <span class='ocrx_word' id='word_1_576' title='bbox 2721 3193 3033 3271; x_wconf 76' lang='grc' dir='ltr'>ὑποφαίνειν</span> <span class='ocrx_word' id='word_1_577' title='bbox 3061 3213 3074 3225; x_wconf 88' lang='grc'><strong>·</strong></span> <span class='ocrx_word' id='word_1_578' title='bbox 3109 3191 3185 3255; x_wconf 80' lang='grc' dir='ltr'>ὥς</span> <span class='ocrx_word' id='word_1_579' title='bbox 3212 3214 3358 3256; x_wconf 83' lang='grc' dir='ltr'>τινος</span> <span class='ocrx_word' id='word_1_580' title='bbox 3383 3192 3774 3268; x_wconf 77' lang='grc' dir='ltr'>ἰπαποροῦντος</span> 
     </span>
    </p>
   </div>
   <div class='ocr_carea' id='block_1_81' title="bbox 2141 3279 3773 3358">
    <p class='ocr_par' dir='ltr' id='par_1_81' title="bbox 2141 3279 3773 3358">
     <span class='ocr_line' id='line_1_81' title="bbox 2141 3279 3773 3358; baseline -0.001 -19"><span class='ocrx_word' id='word_1_581' title='bbox 2141 3284 2230 3340; x_wconf 86' lang='grc' dir='ltr'>καὶ</span> <span class='ocrx_word' id='word_1_582' title='bbox 2273 3282 2527 3358; x_wconf 79' lang='grc' dir='ltr'>λέγοντος</span> <span class='ocrx_word' id='word_1_583' title='bbox 2562 3302 2575 3314; x_wconf 91' lang='grc'><strong>·</strong></span> <span class='ocrx_word' id='word_1_584' title='bbox 2611 3283 2708 3337; x_wconf 83' lang='grc' dir='ltr'>Διὰ</span> <span class='ocrx_word' id='word_1_585' title='bbox 2735 3283 2808 3350; x_wconf 88' lang='grc' dir='ltr'>τί,</span> <span class='ocrx_word' id='word_1_586' title='bbox 2840 3286 2938 3337; x_wconf 85' lang='grc' dir='ltr'>τοῦ</span> <span class='ocrx_word' id='word_1_587' title='bbox 2971 3283 3237 3355; x_wconf 87' lang='grc' dir='ltr'>ὀνόματος</span> <span class='ocrx_word' id='word_1_588' title='bbox 3268 3281 3432 3338; x_wconf 84' lang='grc' dir='ltr'>αὑτοῦ</span> <span class='ocrx_word' id='word_1_589' title='bbox 3480 3283 3579 3337; x_wconf 89' lang='grc' dir='ltr'>τοῦ</span> <span class='ocrx_word' id='word_1_590' title='bbox 3635 3279 3773 3344; x_wconf 75' lang='grc' dir='ltr'>ὄντος</span> 
     </span>
    </p>
   </div>
   <div class='ocr_carea' id='block_1_82' title="bbox 2144 3369 3774 3447">
    <p class='ocr_par' dir='ltr' id='par_1_82' title="bbox 2144 3369 3774 3447">
     <span class='ocr_line' id='line_1_82' title="bbox 2144 3369 3774 3447; baseline -0.002 -21"><span class='ocrx_word' id='word_1_591' title='bbox 2144 3371 2505 3447; x_wconf 72' lang='grc' dir='ltr'>ὑπερέχοντος</span> <span class='ocrx_word' id='word_1_592' title='bbox 2550 3379 2648 3440; x_wconf 81' lang='grc' dir='ltr'>τῆς</span> <span class='ocrx_word' id='word_1_593' title='bbox 2713 3377 2859 3440; x_wconf 84' lang='grc' dir='ltr'>ζωῆς</span> <span class='ocrx_word' id='word_1_594' title='bbox 2904 3373 3002 3438; x_wconf 72' lang='grc' dir='ltr'>τήν</span> <span class='ocrx_word' id='word_1_595' title='bbox 3056 3370 3444 3447; x_wconf 85' lang='grc' dir='ltr'>προσηγορίαν,</span> <span class='ocrx_word' id='word_1_596' title='bbox 3477 3372 3570 3426; x_wconf 87' lang='lat' dir='ltr'>xui</span> <span class='ocrx_word' id='word_1_597' title='bbox 3626 3369 3774 3427; x_wconf 85' lang='grc' dir='ltr'>πάλιν</span> 
     </span>
    </p>
   </div>
   <div class='ocr_carea' id='block_1_83' title="bbox 2143 3460 3774 3534">
    <p class='ocr_par' dir='ltr' id='par_1_83' title="bbox 2143 3460 3774 3534">
     <span class='ocr_line' id='line_1_83' title="bbox 2143 3460 3774 3534; baseline 0 -20"><span class='ocrx_word' id='word_1_598' title='bbox 2143 3466 2237 3515; x_wconf 87' lang='grc' dir='ltr'>τοῦ</span> <span class='ocrx_word' id='word_1_599' title='bbox 2268 3461 2536 3533; x_wconf 78' lang='grc' dir='ltr'>ὀνόματος</span> <span class='ocrx_word' id='word_1_600' title='bbox 2559 3467 2659 3529; x_wconf 79' lang='grc' dir='ltr'>τῆς</span> <span class='ocrx_word' id='word_1_601' title='bbox 2693 3464 2837 3529; x_wconf 82' lang='grc' dir='ltr'>ζωῆς</span> <span class='ocrx_word' id='word_1_602' title='bbox 2871 3460 3266 3534; x_wconf 81' lang='grc' dir='ltr'>ὑπεραίροντος</span> <span class='ocrx_word' id='word_1_603' title='bbox 3319 3461 3418 3528; x_wconf 71' lang='grc' dir='ltr'>τὴν</span> <span class='ocrx_word' id='word_1_604' title='bbox 3450 3461 3662 3534; x_wconf 79' lang='grc' dir='ltr'>σοφίαν,</span> <span class='ocrx_word' id='word_1_605' title='bbox 3694 3461 3774 3514; x_wconf 73' lang='grc' dir='ltr'>ἅτε</span> 
     </span>
    </p>
   </div>
   <div class='ocr_carea' id='block_1_84' title="bbox 2141 3549 3770 3624">
    <p class='ocr_par' dir='ltr' id='par_1_84' title="bbox 2141 3549 3770 3624">
     <span class='ocr_line' id='line_1_84' title="bbox 2141 3549 3770 3624; baseline -0.001 -19"><span class='ocrx_word' id='word_1_606' title='bbox 2141 3550 2231 3605; x_wconf 84' lang='grc' dir='ltr'>καὶ</span> <span class='ocrx_word' id='word_1_607' title='bbox 2261 3556 2359 3619; x_wconf 81' lang='grc' dir='ltr'>τῆς</span> <span class='ocrx_word' id='word_1_608' title='bbox 2391 3550 2590 3619; x_wconf 80' lang='grc' dir='ltr'>τάξεως</span> <span class='ocrx_word' id='word_1_609' title='bbox 2621 3554 2782 3604; x_wconf 85' lang='grc' dir='ltr'>τοῦτο</span> <span class='ocrx_word' id='word_1_610' title='bbox 2818 3549 3178 3618; x_wconf 75' lang='grc' dir='ltr'>ἀπαιτούσης,</span> <span class='ocrx_word' id='word_1_611' title='bbox 3211 3550 3284 3612; x_wconf 84' lang='grc' dir='ltr'>ὡς</span> <span class='ocrx_word' id='word_1_612' title='bbox 3332 3551 3422 3605; x_wconf 87' lang='grc' dir='ltr'>καὶ</span> <span class='ocrx_word' id='word_1_613' title='bbox 3474 3549 3634 3612; x_wconf 84' lang='grc' dir='ltr'>αὑτὸς</span> <span class='ocrx_word' id='word_1_614' title='bbox 3677 3551 3770 3624; x_wconf 85' lang='grc' dir='ltr'>πρὸ</span> 
     </span>
    </p>
   </div>
   <div class='ocr_carea' id='block_1_85' title="bbox 2148 3635 3782 3714">
    <p class='ocr_par' dir='ltr' id='par_1_85' title="bbox 2148 3635 3782 3714">
     <span class='ocr_line' id='line_1_85' title="bbox 2148 3635 3782 3714; baseline 0 -22"><span class='ocrx_word' id='word_1_615' title='bbox 2148 3639 2398 3714; x_wconf 80' lang='grc' dir='ltr'>βραχέως</span> <span class='ocrx_word' id='word_1_616' title='bbox 2429 3635 2703 3708; x_wconf 78' lang='grc' dir='ltr'>ἐδήλωσεν</span> <span class='ocrx_word' id='word_1_617' title='bbox 2752 3637 2942 3708; x_wconf 77' lang='grc' dir='ltr'>εἷ’πὼν,</span> <span class='ocrx_word' id='word_1_618' title='bbox 2974 3637 3064 3693; x_wconf 85' lang='grc' dir='ltr'>καὶ</span> <span class='ocrx_word' id='word_1_619' title='bbox 3116 3639 3200 3711; x_wconf 79' lang='grc' dir='ltr'>ὃν,</span> <span class='ocrx_word' id='word_1_620' title='bbox 3231 3639 3319 3693; x_wconf 87' lang='grc' dir='ltr'>καὶ</span> <span class='ocrx_word' id='word_1_621' title='bbox 3368 3641 3535 3708; x_wconf 81' lang='grc' dir='ltr'>ζωὴν,</span> <span class='ocrx_word' id='word_1_622' title='bbox 3570 3639 3658 3695; x_wconf 87' lang='grc' dir='ltr'>καὶ</span> <span class='ocrx_word' id='word_1_623' title='bbox 3705 3659 3782 3693; x_wconf 68' lang='grc' dir='ltr'>σοι</span> 
     </span>
    </p>
   </div>
   <div class='ocr_carea' id='block_1_86' title="bbox 2143 3725 3784 3805">
    <p class='ocr_par' dir='ltr' id='par_1_86' title="bbox 2143 3725 3784 3805">
     <span class='ocr_line' id='line_1_86' title="bbox 2143 3725 3784 3805; baseline 0 -25"><span class='ocrx_word' id='word_1_624' title='bbox 2143 3728 2267 3805; x_wconf 74' lang='grc' dir='ltr'>φίαν</span> <span class='ocrx_word' id='word_1_625' title='bbox 2298 3727 2395 3795; x_wconf 78' lang='grc' dir='ltr'>τὴν</span> <span class='ocrx_word' id='word_1_626' title='bbox 2429 3726 2767 3794; x_wconf 84' lang='grc' dir='ltr'>οὑσιοποιὸν,</span> <span class='ocrx_word' id='word_1_627' title='bbox 2797 3727 2888 3782; x_wconf 88' lang='lat' dir='ltr'>xui</span> <span class='ocrx_word' id='word_1_628' title='bbox 2922 3727 3212 3798; x_wconf 84' lang='grc' dir='ltr'>ζωοποιὸν,</span> <span class='ocrx_word' id='word_1_629' title='bbox 3245 3727 3335 3782; x_wconf 80' lang='grc' dir='ltr'>καὶ</span> <span class='ocrx_word' id='word_1_630' title='bbox 3385 3725 3677 3804; x_wconf 80' lang='grc' dir='ltr'>σοφοδότιν</span> <span class='ocrx_word' id='word_1_631' title='bbox 3710 3726 3784 3781; x_wconf 83' lang='lat' dir='ltr'>ui-</span> 
     </span>
    </p>
   </div>
   <div class='ocr_carea' id='block_1_87' title="bbox 2142 3814 3790 3892">
    <p class='ocr_par' dir='ltr' id='par_1_87' title="bbox 2142 3814 3790 3892">
     <span class='ocr_line' id='line_1_87' title="bbox 2142 3814 3790 3892; baseline 0 -22"><span class='ocrx_word' id='word_1_632' title='bbox 2142 3816 2254 3870; x_wconf 84' lang='grc' dir='ltr'>τίαν</span> <span class='ocrx_word' id='word_1_633' title='bbox 2283 3821 2390 3870; x_wconf 85' lang='grc' dir='ltr'>τῶν</span> <span class='ocrx_word' id='word_1_634' title='bbox 2426 3815 2631 3888; x_wconf 77' lang='grc' dir='ltr'>οὐσίας,</span> <span class='ocrx_word' id='word_1_635' title='bbox 2661 3815 2750 3870; x_wconf 85' lang='lat' dir='ltr'>xui</span> <span class='ocrx_word' id='word_1_636' title='bbox 2812 3820 2979 3887; x_wconf 84' lang='grc' dir='ltr'>ζωῆς,</span> <span class='ocrx_word' id='word_1_637' title='bbox 3014 3815 3103 3870; x_wconf 83' lang='grc' dir='ltr'>καὶ</span> <span class='ocrx_word' id='word_1_638' title='bbox 3158 3821 3271 3882; x_wconf 84' lang='grc' dir='ltr'>νοῦ,</span> <span class='ocrx_word' id='word_1_639' title='bbox 3303 3816 3393 3870; x_wconf 80' lang='grc' dir='ltr'>καὶ</span> <span class='ocrx_word' id='word_1_640' title='bbox 3447 3814 3624 3892; x_wconf 86' lang='grc' dir='ltr'>λόγου</span> <span class='ocrx_word' id='word_1_641' title='bbox 3673 3837 3790 3889; x_wconf 85' lang='grc' dir='ltr'>μετ-</span> 
     </span>
    </p>
   </div>
   <div class='ocr_carea' id='block_1_88' title="bbox 2144 3903 3785 3980">
    <p class='ocr_par' dir='ltr' id='par_1_88' title="bbox 2144 3903 3785 3980">
     <span class='ocr_line' id='line_1_88' title="bbox 2144 3903 3785 3980; baseline -0.002 -20"><span class='ocrx_word' id='word_1_642' title='bbox 2144 3904 2472 3980; x_wconf 70' lang='grc' dir='ltr'>ειληφότων,</span> <span class='ocrx_word' id='word_1_643' title='bbox 2521 3904 2611 3958; x_wconf 87' lang='grc' dir='ltr'>καὶ</span> <span class='ocrx_word' id='word_1_644' title='bbox 2661 3903 2984 3975; x_wconf 74' lang='grc' dir='ltr'>αἰσθήσεως,</span> <span class='ocrx_word' id='word_1_645' title='bbox 3018 3903 3196 3959; x_wconf 76' lang='grc' dir='ltr'>οὐκέτι</span> <span class='ocrx_word' id='word_1_646' title='bbox 3243 3907 3342 3974; x_wconf 76' lang='grc' dir='ltr'>τὴν</span> <span class='ocrx_word' id='word_1_647' title='bbox 3401 3906 3550 3977; x_wconf 80' lang='grc' dir='ltr'>τάξιν</span> <span class='ocrx_word' id='word_1_648' title='bbox 3599 3905 3785 3974; x_wconf 76' lang='grc' dir='ltr'>ταύτην</span> 
     </span>
    </p>
   </div>
   <div class='ocr_carea' id='block_1_89' title="bbox 2146 3991 3786 4069">
    <p class='ocr_par' dir='ltr' id='par_1_89' title="bbox 2146 3991 3786 4069">
     <span class='ocr_line' id='line_1_89' title="bbox 2146 3991 3786 4069; baseline 0.002 -22"><span class='ocrx_word' id='word_1_649' title='bbox 2146 3995 2358 4067; x_wconf 80' lang='grc' dir='ltr'>ὁρῶμεν</span> <span class='ocrx_word' id='word_1_650' title='bbox 2401 3992 2452 4048; x_wconf 73' lang='grc' dir='ltr'>ἰν</span> <span class='ocrx_word' id='word_1_651' title='bbox 2514 3999 2630 4055; x_wconf 83' lang='grc' dir='ltr'>τοῖς</span> <span class='ocrx_word' id='word_1_652' title='bbox 2663 3992 2779 4048; x_wconf 83' lang='grc' dir='ltr'>οῦσι</span> <span class='ocrx_word' id='word_1_653' title='bbox 2810 4012 2822 4061; x_wconf 91' lang='lat'><strong>;</strong></span> <span class='ocrx_word' id='word_1_654' title='bbox 2860 3991 2977 4047; x_wconf 78' lang='grc' dir='ltr'>δέον</span> <span class='ocrx_word' id='word_1_655' title='bbox 3000 3993 3101 4069; x_wconf 79' lang='grc' dir='ltr'>γὰρ</span> <span class='ocrx_word' id='word_1_656' title='bbox 3133 3995 3267 4048; x_wconf 86' lang='grc' dir='ltr'>κατὰ</span> <span class='ocrx_word' id='word_1_657' title='bbox 3296 3993 3424 4058; x_wconf 79' lang='grc' dir='ltr'>τοὺς</span> <span class='ocrx_word' id='word_1_658' title='bbox 3476 3994 3786 4069; x_wconf 75' lang='grc' dir='ltr'>εἰρημένους</span> 
     </span>
    </p>
   </div>
   <div class='ocr_carea' id='block_1_90' title="bbox 2148 4079 3788 4157">
    <p class='ocr_par' dir='ltr' id='par_1_90' title="bbox 2148 4079 3788 4157">
     <span class='ocr_line' id='line_1_90' title="bbox 2148 4079 3788 4157; baseline -0.002 -21"><span class='ocrx_word' id='word_1_659' title='bbox 2148 4083 2249 4137; x_wconf 86' lang='grc' dir='ltr'>ὑπὸ</span> <span class='ocrx_word' id='word_1_660' title='bbox 2306 4086 2401 4136; x_wconf 89' lang='grc' dir='ltr'>σοῦ</span> <span class='ocrx_word' id='word_1_661' title='bbox 2464 4081 2730 4157; x_wconf 81' lang='grc' dir='ltr'>βαθμοὺς,</span> <span class='ocrx_word' id='word_1_662' title='bbox 2762 4084 2827 4137; x_wconf 79' lang='grc' dir='ltr'>τά</span> <span class='ocrx_word' id='word_1_663' title='bbox 2887 4079 3016 4136; x_wconf 76' lang='grc' dir='ltr'>ὄντα</span> <span class='ocrx_word' id='word_1_664' title='bbox 3067 4079 3233 4137; x_wconf 82' lang='grc' dir='ltr'>πλέον</span> <span class='ocrx_word' id='word_1_665' title='bbox 3295 4087 3399 4136; x_wconf 85' lang='grc' dir='ltr'>τῶν</span> <span class='ocrx_word' id='word_1_666' title='bbox 3437 4083 3678 4152; x_wconf 85' lang='grc' dir='ltr'>ζώντων,</span> <span class='ocrx_word' id='word_1_667' title='bbox 3707 4081 3788 4136; x_wconf 85' lang='grc' dir='ltr'>καὶ</span> 
     </span>
    </p>
   </div>
   <div class='ocr_carea' id='block_1_91' title="bbox 2142 4169 3784 4246">
    <p class='ocr_par' dir='ltr' id='par_1_91' title="bbox 2142 4169 3784 4246">
     <span class='ocr_line' id='line_1_91' title="bbox 2142 4169 3784 4246; baseline -0.002 -20"><span class='ocrx_word' id='word_1_668' title='bbox 2142 4176 2249 4226; x_wconf 89' lang='grc' dir='ltr'>τῶν</span> <span class='ocrx_word' id='word_1_669' title='bbox 2310 4170 2739 4243; x_wconf 71' lang='grc' dir='ltr'>αἰσθανομένων,</span> <span class='ocrx_word' id='word_1_670' title='bbox 2788 4171 2877 4226; x_wconf 88' lang='lat' dir='ltr'>xui</span> <span class='ocrx_word' id='word_1_671' title='bbox 2938 4175 3044 4226; x_wconf 86' lang='grc' dir='ltr'>τῶν</span> <span class='ocrx_word' id='word_1_672' title='bbox 3105 4175 3328 4245; x_wconf 89' lang='grc' dir='ltr'>νοερῶν,</span> <span class='ocrx_word' id='word_1_673' title='bbox 3387 4171 3479 4226; x_wconf 87' lang='grc' dir='ltr'>καὶ</span> <span class='ocrx_word' id='word_1_674' title='bbox 3533 4169 3784 4246; x_wconf 81' lang='grc' dir='ltr'>λογικῶν,</span> 
     </span>
    </p>
   </div>
   <div class='ocr_carea' id='block_1_92' title="bbox 2142 4258 3783 4337">
    <p class='ocr_par' dir='ltr' id='par_1_92' title="bbox 2142 4258 3783 4337">
     <span class='ocr_line' id='line_1_92' title="bbox 2142 4258 3783 4337; baseline -0.002 -23"><span class='ocrx_word' id='word_1_675' title='bbox 2142 4260 2383 4314; x_wconf 82' lang='grc' dir='ltr'>τουτέστι</span> <span class='ocrx_word' id='word_1_676' title='bbox 2414 4263 2510 4314; x_wconf 88' lang='grc' dir='ltr'>τοῦ</span> <span class='ocrx_word' id='word_1_677' title='bbox 2543 4263 2643 4313; x_wconf 86' lang='grc' dir='ltr'>νοῦ</span> <span class='ocrx_word' id='word_1_678' title='bbox 2672 4260 2763 4314; x_wconf 82' lang='grc' dir='ltr'>καὶ</span> <span class='ocrx_word' id='word_1_679' title='bbox 2807 4258 2973 4334; x_wconf 88' lang='grc' dir='ltr'>λόγου</span> <span class='ocrx_word' id='word_1_680' title='bbox 3009 4259 3445 4337; x_wconf 70' lang='grc' dir='ltr'>μιτειληφότων,</span> <span class='ocrx_word' id='word_1_681' title='bbox 3473 4258 3783 4330; x_wconf 80' lang='grc' dir='ltr'>πλησιάζειν</span> 
     </span>
    </p>
   </div>
   <div class='ocr_carea' id='block_1_93' title="bbox 2145 4346 3785 4421">
    <p class='ocr_par' dir='ltr' id='par_1_93' title="bbox 2145 4346 3785 4421">
     <span class='ocr_line' id='line_1_93' title="bbox 2145 4346 3785 4421; baseline -0.002 -19"><span class='ocrx_word' id='word_1_682' title='bbox 2145 4353 2262 4420; x_wconf 85' lang='grc' dir='ltr'>Θεῷ</span> <span class='ocrx_word' id='word_1_683' title='bbox 2295 4367 2307 4379; x_wconf 88' lang='grc'><em>’</em></span> <span class='ocrx_word' id='word_1_684' title='bbox 2351 4349 2533 4403; x_wconf 80' lang='grc' dir='ltr'>οὐκέτι</span> <span class='ocrx_word' id='word_1_685' title='bbox 2583 4349 2677 4421; x_wconf 82' lang='grc' dir='ltr'>μὶν</span> <span class='ocrx_word' id='word_1_686' title='bbox 2739 4348 2933 4421; x_wconf 76' lang='grc' dir='ltr'>οὕτως,</span> <span class='ocrx_word' id='word_1_687' title='bbox 2968 4347 3019 4419; x_wconf 78' lang='grc' dir='ltr'>ἐξ</span> <span class='ocrx_word' id='word_1_688' title='bbox 3077 4349 3320 4404; x_wconf 66' lang='grc' dir='ltr'>ἐναντίοι)</span> <span class='ocrx_word' id='word_1_689' title='bbox 3361 4346 3418 4404; x_wconf 79' lang='grc' dir='ltr'>δέ</span> <span class='ocrx_word' id='word_1_690' title='bbox 3477 4348 3644 4419; x_wconf 71' lang='grc' dir='ltr'>ἐστιν,</span> <span class='ocrx_word' id='word_1_691' title='bbox 3677 4350 3785 4402; x_wconf 63' lang='grc' dir='ltr'>οἷον</span> 
     </span>
    </p>
   </div>
   <div class='ocr_carea' id='block_1_94' title="bbox 2144 4435 3787 4513">
    <p class='ocr_par' dir='ltr' id='par_1_94' title="bbox 2144 4435 3787 4513">
     <span class='ocr_line' id='line_1_94' title="bbox 2144 4435 3787 4513; baseline 0.003 -22"><span class='ocrx_word' id='word_1_692' title='bbox 2144 4436 2392 4513; x_wconf 73' lang='grc' dir='ltr'>οὐρανοῦ,</span> <span class='ocrx_word' id='word_1_693' title='bbox 2420 4438 2508 4492; x_wconf 86' lang='lat' dir='ltr'>xui</span> <span class='ocrx_word' id='word_1_694' title='bbox 2543 4438 2782 4512; x_wconf 82' lang='grc' dir='ltr'>ἄστρων,</span> <span class='ocrx_word' id='word_1_695' title='bbox 2813 4439 2903 4492; x_wconf 86' lang='lat' dir='ltr'>xui</span> <span class='ocrx_word' id='word_1_696' title='bbox 2934 4444 3061 4511; x_wconf 79' lang='grc' dir='ltr'>γῆς,</span> <span class='ocrx_word' id='word_1_697' title='bbox 3096 4437 3186 4492; x_wconf 85' lang='grc' dir='ltr'>καὶ</span> <span class='ocrx_word' id='word_1_698' title='bbox 3231 4435 3446 4506; x_wconf 80' lang='grc' dir='ltr'>ὕδατος,</span> <span class='ocrx_word' id='word_1_699' title='bbox 3478 4439 3570 4493; x_wconf 88' lang='lat' dir='ltr'>xui</span> <span class='ocrx_word' id='word_1_700' title='bbox 3621 4437 3787 4512; x_wconf 78' lang='grc' dir='ltr'>ἀέρος,</span> 
     </span>
    </p>
   </div>
   <div class='ocr_carea' id='block_1_95' title="bbox 383 4525 2030 4605">
    <p class='ocr_par' dir='ltr' id='par_1_95' title="bbox 383 4525 2030 4599">
     <span class='ocr_line' id='line_1_95' title="bbox 383 4525 2030 4599; baseline -0.001 -17"><span class='ocrx_word' id='word_1_701' title='bbox 383 4526 533 4599; x_wconf 87' lang='lat' dir='ltr'>ipsis</span> <span class='ocrx_word' id='word_1_702' title='bbox 556 4527 844 4594; x_wconf 88' lang='lat' dir='ltr'>oriuntur,</span> <span class='ocrx_word' id='word_1_703' title='bbox 875 4526 1176 4581; x_wconf 88' lang='lat' dir='ltr'>vicinioria</span> <span class='ocrx_word' id='word_1_704' title='bbox 1207 4530 1346 4582; x_wconf 91' lang='lat' dir='ltr'>sunt</span> <span class='ocrx_word' id='word_1_705' title='bbox 1376 4525 1528 4580; x_wconf 89' lang='lat' dir='ltr'>circa</span> <span class='ocrx_word' id='word_1_706' title='bbox 1576 4525 1675 4581; x_wconf 87' lang='lat' dir='ltr'>Dei</span> <span class='ocrx_word' id='word_1_707' title='bbox 1721 4527 2030 4597; x_wconf 90' lang='lat' dir='ltr'>providen-</span> 
     </span>
    </p>
   </div>
   <div class='ocr_carea' id='block_1_96' title="bbox 2143 4525 3786 4605">
    <p class='ocr_par' dir='ltr' id='par_1_96' title="bbox 2143 4525 3786 4603">
     <span class='ocr_line' id='line_1_96' title="bbox 2143 4525 3786 4603; baseline -0.001 -23"><span class='ocrx_word' id='word_1_708' title='bbox 2143 4527 2228 4581; x_wconf 86' lang='lat' dir='ltr'>xui</span> <span class='ocrx_word' id='word_1_709' title='bbox 2286 4530 2395 4582; x_wconf 87' lang='grc' dir='ltr'>τῶν</span> <span class='ocrx_word' id='word_1_710' title='bbox 2441 4527 2491 4596; x_wconf 76' lang='grc' dir='ltr'>ἐξ</span> <span class='ocrx_word' id='word_1_711' title='bbox 2543 4526 2716 4580; x_wconf 83' lang='grc' dir='ltr'>αὐτῶν</span> <span class='ocrx_word' id='word_1_712' title='bbox 2787 4525 3155 4601; x_wconf 85' lang='grc' dir='ltr'>πλησιαίτερα</span> <span class='ocrx_word' id='word_1_713' title='bbox 3199 4528 3323 4602; x_wconf 85' lang='grc' dir='ltr'>περὶ</span> <span class='ocrx_word' id='word_1_714' title='bbox 3381 4528 3482 4596; x_wconf 77' lang='grc' dir='ltr'>τήν</span> <span class='ocrx_word' id='word_1_715' title='bbox 3533 4528 3786 4603; x_wconf 80' lang='grc' dir='ltr'>πρόνοιαν</span> 
     </span>
    </p>
   </div>
   <div class='ocr_carea' id='block_1_97' title="bbox 384 4615 2034 4687">
    <p class='ocr_par' dir='ltr' id='par_1_97' title="bbox 384 4615 2034 4687">
     <span class='ocr_line' id='line_1_97' title="bbox 384 4615 2034 4687; baseline 0.001 -16"><span class='ocrx_word' id='word_1_716' title='bbox 384 4617 530 4672; x_wconf 87' lang='lat' dir='ltr'>tiam</span> <span class='ocrx_word' id='word_1_717' title='bbox 562 4633 629 4671; x_wconf 91' lang='lat' dir='ltr'>ea</span> <span class='ocrx_word' id='word_1_718' title='bbox 657 4633 782 4687; x_wconf 61' lang='lat' dir='ltr'>qua</span> <span class='ocrx_word' id='word_1_719' title='bbox 813 4615 1035 4683; x_wconf 87' lang='lat' dir='ltr'>vivunt,</span> <span class='ocrx_word' id='word_1_720' title='bbox 1069 4615 1176 4670; x_wconf 88' lang='lat' dir='ltr'>etsi</span> <span class='ocrx_word' id='word_1_721' title='bbox 1203 4616 1320 4669; x_wconf 86' lang='lat' dir='ltr'>vita</span> <span class='ocrx_word' id='word_1_722' title='bbox 1361 4615 1683 4686; x_wconf 82' lang='lat' dir='ltr'>vegetativa</span> <span class='ocrx_word' id='word_1_723' title='bbox 1719 4617 1934 4683; x_wconf 84' lang='lat' dir='ltr'>vivant,</span> <span class='ocrx_word' id='word_1_724' title='bbox 1970 4623 2034 4672; x_wconf 90' lang='lat' dir='ltr'>ut</span> 
     </span>
    </p>
   </div>
   <div class='ocr_carea' id='block_1_98' title="bbox 385 4703 2032 4776">
    <p class='ocr_par' dir='ltr' id='par_1_98' title="bbox 385 4703 2032 4776">
     <span class='ocr_line' id='line_1_98' title="bbox 385 4703 2032 4776; baseline 0.001 -17"><span class='ocrx_word' id='word_1_725' title='bbox 385 4705 597 4776; x_wconf 67' lang='lat' dir='ltr'>planta:</span> <span class='ocrx_word' id='word_1_726' title='bbox 623 4708 679 4760; x_wconf 87' lang='lat' dir='ltr'>et</span> <span class='ocrx_word' id='word_1_727' title='bbox 700 4705 936 4773; x_wconf 87' lang='lat' dir='ltr'>similia,</span> <span class='ocrx_word' id='word_1_728' title='bbox 958 4703 1403 4775; x_wconf 77' lang='lat' dir='ltr'>viventibusque</span> <span class='ocrx_word' id='word_1_729' title='bbox 1425 4704 1706 4759; x_wconf 85' lang='lat' dir='ltr'>viciniora</span> <span class='ocrx_word' id='word_1_730' title='bbox 1737 4710 1875 4760; x_wconf 88' lang='lat' dir='ltr'>sunt</span> <span class='ocrx_word' id='word_1_731' title='bbox 1906 4723 2032 4761; x_wconf 87' lang='lat' dir='ltr'>sen-</span> 
     </span>
    </p>
   </div>
   <div class='ocr_carea' id='block_1_99' title="bbox 387 4792 2031 4864">
    <p class='ocr_par' dir='ltr' id='par_1_99' title="bbox 387 4792 2031 4864">
     <span class='ocr_line' id='line_1_99' title="bbox 387 4792 2031 4864; baseline 0.001 -16"><span class='ocrx_word' id='word_1_732' title='bbox 387 4794 539 4864; x_wconf 90' lang='lat' dir='ltr'>silia,</span> <span class='ocrx_word' id='word_1_733' title='bbox 573 4794 627 4848; x_wconf 89' lang='lat' dir='ltr'>id</span> <span class='ocrx_word' id='word_1_734' title='bbox 651 4797 739 4849; x_wconf 89' lang='lat' dir='ltr'>est</span> <span class='ocrx_word' id='word_1_735' title='bbox 766 4794 1013 4849; x_wconf 88' lang='lat' dir='ltr'>rationis</span> <span class='ocrx_word' id='word_1_736' title='bbox 1058 4794 1339 4864; x_wconf 84' lang='lat' dir='ltr'>expertia;</span> <span class='ocrx_word' id='word_1_737' title='bbox 1388 4792 1603 4864; x_wconf 89' lang='lat' dir='ltr'>plantis</span> <span class='ocrx_word' id='word_1_738' title='bbox 1629 4794 1782 4849; x_wconf 90' lang='lat' dir='ltr'>enim</span> <span class='ocrx_word' id='word_1_739' title='bbox 1810 4812 1874 4851; x_wconf 90' lang='lat' dir='ltr'>ac</span> <span class='ocrx_word' id='word_1_740' title='bbox 1899 4795 2031 4850; x_wconf 89' lang='lat' dir='ltr'>her-</span> 
     </span>
    </p>
   </div>
   <div class='ocr_carea' id='block_1_100' title="bbox 383 4882 2032 4955">
    <p class='ocr_par' dir='ltr' id='par_1_100' title="bbox 383 4882 2032 4955">
     <span class='ocr_line' id='line_1_100' title="bbox 383 4882 2032 4955; baseline 0.001 -17"><span class='ocrx_word' id='word_1_741' title='bbox 383 4883 495 4950; x_wconf 86' lang='lat' dir='ltr'>bis,</span> <span class='ocrx_word' id='word_1_742' title='bbox 531 4884 873 4954; x_wconf 86' lang='lat' dir='ltr'>pretiosiora</span> <span class='ocrx_word' id='word_1_743' title='bbox 903 4887 1039 4938; x_wconf 90' lang='lat' dir='ltr'>sunt</span> <span class='ocrx_word' id='word_1_744' title='bbox 1069 4884 1127 4936; x_wconf 90' lang='lat' dir='ltr'>in</span> <span class='ocrx_word' id='word_1_745' title='bbox 1174 4882 1289 4937; x_wconf 90' lang='lat' dir='ltr'>vita</span> <span class='ocrx_word' id='word_1_746' title='bbox 1321 4883 1547 4938; x_wconf 89' lang='lat' dir='ltr'>ratione</span> <span class='ocrx_word' id='word_1_747' title='bbox 1577 4885 1852 4955; x_wconf 85' lang='lat' dir='ltr'>carentia,</span> <span class='ocrx_word' id='word_1_748' title='bbox 1885 4900 2032 4954; x_wconf 88' lang='lat' dir='ltr'>qua-</span> 
     </span>
    </p>
   </div>
   <div class='ocr_carea' id='block_1_101' title="bbox 383 4972 2031 5044">
    <p class='ocr_par' dir='ltr' id='par_1_101' title="bbox 383 4972 2031 5044">
     <span class='ocr_line' id='line_1_101' title="bbox 383 4972 2031 5044; baseline 0.001 -19"><span class='ocrx_word' id='word_1_749' title='bbox 383 4976 558 5027; x_wconf 88' lang='lat' dir='ltr'>tenus</span> <span class='ocrx_word' id='word_1_750' title='bbox 593 4973 764 5028; x_wconf 82' lang='lat' dir='ltr'>etium</span> <span class='ocrx_word' id='word_1_751' title='bbox 788 4977 1018 5028; x_wconf 89' lang='lat' dir='ltr'>tantum</span> <span class='ocrx_word' id='word_1_752' title='bbox 1052 4973 1314 5027; x_wconf 88' lang='lat' dir='ltr'>sentiunt</span> <span class='ocrx_word' id='word_1_753' title='bbox 1349 4972 1567 5044; x_wconf 91' lang='lat' dir='ltr'>plantis</span> <span class='ocrx_word' id='word_1_754' title='bbox 1598 4972 1741 5026; x_wconf 88' lang='lat' dir='ltr'>nihil</span> <span class='ocrx_word' id='word_1_755' title='bbox 1777 4975 2031 5028; x_wconf 87' lang='lat' dir='ltr'>sentien-</span> 
     </span>
    </p>
   </div>
   <div class='ocr_carea' id='block_1_102' title="bbox 384 5061 2033 5133">
    <p class='ocr_par' dir='ltr' id='par_1_102' title="bbox 384 5061 2033 5133">
     <span class='ocr_line' id='line_1_102' title="bbox 384 5061 2033 5133; baseline 0.001 -19"><span class='ocrx_word' id='word_1_756' title='bbox 384 5062 565 5130; x_wconf 80' lang='lat' dir='ltr'>tibus;</span> <span class='ocrx_word' id='word_1_757' title='bbox 604 5079 731 5133; x_wconf 73' lang='lat' dir='ltr'>quze</span> <span class='ocrx_word' id='word_1_758' title='bbox 763 5067 956 5117; x_wconf 88' lang='lat' dir='ltr'>autem</span> <span class='ocrx_word' id='word_1_759' title='bbox 993 5061 1217 5117; x_wconf 87' lang='lat' dir='ltr'>ratione</span> <span class='ocrx_word' id='word_1_760' title='bbox 1269 5065 1515 5116; x_wconf 90' lang='lat' dir='ltr'>utuntur</span> <span class='ocrx_word' id='word_1_761' title='bbox 1561 5061 1844 5116; x_wconf 90' lang='lat' dir='ltr'>viciniora</span> <span class='ocrx_word' id='word_1_762' title='bbox 1892 5066 2033 5117; x_wconf 88' lang='lat' dir='ltr'>sunt</span> 
     </span>
    </p>
   </div>
   <div class='ocr_carea' id='block_1_103' title="bbox 382 5149 2034 5221">
    <p class='ocr_par' dir='ltr' id='par_1_103' title="bbox 382 5149 2034 5221">
     <span class='ocr_line' id='line_1_103' title="bbox 382 5149 2034 5221; baseline 0.003 -19"><span class='ocrx_word' id='word_1_763' title='bbox 382 5153 498 5205; x_wconf 91' lang='lat' dir='ltr'>Deo</span> <span class='ocrx_word' id='word_1_764' title='bbox 530 5151 870 5221; x_wconf 87' lang='lat' dir='ltr'>sensilibus,</span> <span class='ocrx_word' id='word_1_765' title='bbox 919 5149 1334 5205; x_wconf 88' lang='lat' dir='ltr'>rationabilius</span> <span class='ocrx_word' id='word_1_766' title='bbox 1376 5167 1510 5204; x_wconf 90' lang='lat' dir='ltr'>vero</span> <span class='ocrx_word' id='word_1_767' title='bbox 1559 5155 1808 5217; x_wconf 90' lang='lat' dir='ltr'>mentes,</span> <span class='ocrx_word' id='word_1_768' title='bbox 1839 5150 1898 5206; x_wconf 93' lang='lat' dir='ltr'>id</span> <span class='ocrx_word' id='word_1_769' title='bbox 1944 5156 2034 5207; x_wconf 87' lang='lat' dir='ltr'>est</span> 
     </span>
    </p>
   </div>
   <div class='ocr_carea' id='block_1_104' title="bbox 384 5238 2032 5311">
    <p class='ocr_par' dir='ltr' id='par_1_104' title="bbox 384 5238 2032 5311">
     <span class='ocr_line' id='line_1_104' title="bbox 384 5238 2032 5311; baseline 0.002 -19"><span class='ocrx_word' id='word_1_770' title='bbox 384 5238 714 5308; x_wconf 88' lang='lat' dir='ltr'>superiores</span> <span class='ocrx_word' id='word_1_771' title='bbox 746 5241 965 5293; x_wconf 91' lang='lat' dir='ltr'>mundo</span> <span class='ocrx_word' id='word_1_772' title='bbox 983 5239 1248 5304; x_wconf 89' lang='lat' dir='ltr'>virtutes,</span> <span class='ocrx_word' id='word_1_773' title='bbox 1273 5243 1337 5294; x_wconf 91' lang='lat' dir='ltr'>ut</span> <span class='ocrx_word' id='word_1_774' title='bbox 1357 5238 1526 5293; x_wconf 90' lang='lat' dir='ltr'>nobis</span> <span class='ocrx_word' id='word_1_775' title='bbox 1547 5239 1646 5311; x_wconf 91' lang='lat' dir='ltr'>qui</span> <span class='ocrx_word' id='word_1_776' title='bbox 1673 5238 1896 5296; x_wconf 88' lang='lat' dir='ltr'>ratione</span> <span class='ocrx_word' id='word_1_777' title='bbox 1919 5241 2032 5296; x_wconf 90' lang='lat' dir='ltr'>uti-</span> 
     </span>
    </p>
   </div>
   <div class='ocr_carea' id='block_1_105' title="bbox 385 5326 2030 5402">
    <p class='ocr_par' dir='ltr' id='par_1_105' title="bbox 385 5326 2030 5402">
     <span class='ocr_line' id='line_1_105' title="bbox 385 5326 2030 5402; baseline 0.002 -22"><span class='ocrx_word' id='word_1_778' title='bbox 385 5341 521 5381; x_wconf 88' lang='lat' dir='ltr'>mur</span> <span class='ocrx_word' id='word_1_779' title='bbox 551 5326 904 5398; x_wconf 88' lang='lat' dir='ltr'>superiores,</span> <span class='ocrx_word' id='word_1_780' title='bbox 927 5327 1426 5384; x_wconf 87' lang='lat' dir='ltr'>immaterialitate</span> <span class='ocrx_word' id='word_1_781' title='bbox 1467 5332 1642 5400; x_wconf 86' lang='lat' dir='ltr'>atque</span> <span class='ocrx_word' id='word_1_782' title='bbox 1664 5329 2030 5402; x_wconf 75' lang='lat' dir='ltr'>intelligendi</span> 
     </span>
    </p>
   </div>
   <div class='ocr_carea' id='block_1_106' title="bbox 2141 4614 3788 4693">
    <p class='ocr_par' dir='ltr' id='par_1_106' title="bbox 2141 4614 3788 4693">
     <span class='ocr_line' id='line_1_106' title="bbox 2141 4614 3788 4693; baseline -0.002 -24"><span class='ocrx_word' id='word_1_783' title='bbox 2141 4619 2238 4669; x_wconf 89' lang='grc' dir='ltr'>τοῦ</span> <span class='ocrx_word' id='word_1_784' title='bbox 2270 4618 2402 4669; x_wconf 88' lang='grc' dir='ltr'>Θεοῦ</span> <span class='ocrx_word' id='word_1_785' title='bbox 2443 4615 2510 4668; x_wconf 80' lang='grc' dir='ltr'>τὰ</span> <span class='ocrx_word' id='word_1_786' title='bbox 2553 4619 2746 4683; x_wconf 86' lang='grc' dir='ltr'>ζῶντα,</span> <span class='ocrx_word' id='word_1_787' title='bbox 2780 4615 2825 4668; x_wconf 78' lang='grc' dir='ltr'>εἷ</span> <span class='ocrx_word' id='word_1_788' title='bbox 2864 4615 2952 4669; x_wconf 90' lang='lat' dir='ltr'>xui</span> <span class='ocrx_word' id='word_1_789' title='bbox 3002 4615 3103 4684; x_wconf 73' lang='grc' dir='ltr'>τὴν</span> <span class='ocrx_word' id='word_1_790' title='bbox 3147 4615 3374 4693; x_wconf 73' lang='grc' dir='ltr'>φυτικὴν</span> <span class='ocrx_word' id='word_1_791' title='bbox 3442 4619 3572 4684; x_wconf 90' lang='grc' dir='ltr'>ζῶσι</span> <span class='ocrx_word' id='word_1_792' title='bbox 3627 4614 3788 4684; x_wconf 71' lang='grc' dir='ltr'>ζωὴν,</span> 
     </span>
    </p>
   </div>
   <div class='ocr_carea' id='block_1_107' title="bbox 2143 4702 3781 4780">
    <p class='ocr_par' dir='ltr' id='par_1_107' title="bbox 2143 4702 3781 4780">
     <span class='ocr_line' id='line_1_107' title="bbox 2143 4702 3781 4780; baseline 0 -24"><span class='ocrx_word' id='word_1_793' title='bbox 2143 4705 2231 4757; x_wconf 81' lang='grc' dir='ltr'>οἷα</span> <span class='ocrx_word' id='word_1_794' title='bbox 2276 4704 2342 4756; x_wconf 76' lang='grc' dir='ltr'>τὰ</span> <span class='ocrx_word' id='word_1_795' title='bbox 2385 4703 2522 4780; x_wconf 78' lang='grc' dir='ltr'>φυτᾶ</span> <span class='ocrx_word' id='word_1_796' title='bbox 2567 4702 2656 4757; x_wconf 85' lang='grc' dir='ltr'>καὶ</span> <span class='ocrx_word' id='word_1_797' title='bbox 2702 4703 2768 4757; x_wconf 79' lang='grc' dir='ltr'>τὰ</span> <span class='ocrx_word' id='word_1_798' title='bbox 2814 4707 3056 4773; x_wconf 88' lang='grc' dir='ltr'>τοιαῦτα,</span> <span class='ocrx_word' id='word_1_799' title='bbox 3095 4703 3183 4758; x_wconf 86' lang='grc' dir='ltr'>καὶ</span> <span class='ocrx_word' id='word_1_800' title='bbox 3233 4708 3342 4758; x_wconf 88' lang='grc' dir='ltr'>τῶν</span> <span class='ocrx_word' id='word_1_801' title='bbox 3384 4704 3600 4772; x_wconf 80' lang='grc' dir='ltr'>ζώντων</span> <span class='ocrx_word' id='word_1_802' title='bbox 3643 4718 3781 4771; x_wconf 67' lang='grc' dir='ltr'>πλη-</span> 
     </span>
    </p>
   </div>
   <div class='ocr_carea' id='block_1_108' title="bbox 2143 4790 3782 4867">
    <p class='ocr_par' dir='ltr' id='par_1_108' title="bbox 2143 4790 3782 4867">
     <span class='ocr_line' id='line_1_108' title="bbox 2143 4790 3782 4867; baseline -0.001 -22"><span class='ocrx_word' id='word_1_803' title='bbox 2143 4792 2384 4867; x_wconf 89' lang='grc' dir='ltr'>σιαίτερα</span> <span class='ocrx_word' id='word_1_804' title='bbox 2411 4793 2477 4846; x_wconf 78' lang='grc' dir='ltr'>τὰ</span> <span class='ocrx_word' id='word_1_805' title='bbox 2507 4790 2816 4862; x_wconf 75' lang='grc' dir='ltr'>αἰσθητικά,</span> <span class='ocrx_word' id='word_1_806' title='bbox 2845 4790 3089 4846; x_wconf 86' lang='grc' dir='ltr'>τουτέστι</span> <span class='ocrx_word' id='word_1_807' title='bbox 3151 4792 3219 4846; x_wconf 73' lang='grc' dir='ltr'>τὰ</span> <span class='ocrx_word' id='word_1_808' title='bbox 3270 4790 3448 4866; x_wconf 71' lang='grc' dir='ltr'>ἄλογα</span> <span class='ocrx_word' id='word_1_809' title='bbox 3482 4811 3495 4825; x_wconf 88' lang='grc'><strong>·</strong></span> <span class='ocrx_word' id='word_1_810' title='bbox 3528 4797 3637 4846; x_wconf 88' lang='grc' dir='ltr'>τῶν</span> <span class='ocrx_word' id='word_1_811' title='bbox 3690 4792 3782 4866; x_wconf 78' lang='grc' dir='ltr'>γὰρ</span> 
     </span>
    </p>
   </div>
   <div class='ocr_carea' id='block_1_109' title="bbox 2143 4879 3778 4959">
    <p class='ocr_par' dir='ltr' id='par_1_109' title="bbox 2143 4879 3778 4959">
     <span class='ocr_line' id='line_1_109' title="bbox 2143 4879 3778 4959; baseline -0.001 -25"><span class='ocrx_word' id='word_1_812' title='bbox 2143 4885 2321 4959; x_wconf 79' lang='grc' dir='ltr'>φυτῶν</span> <span class='ocrx_word' id='word_1_813' title='bbox 2370 4881 2458 4935; x_wconf 87' lang='grc' dir='ltr'>καὶ</span> <span class='ocrx_word' id='word_1_814' title='bbox 2523 4882 2764 4955; x_wconf 76' lang='grc' dir='ltr'>βοτανῶν</span> <span class='ocrx_word' id='word_1_815' title='bbox 2816 4882 3118 4952; x_wconf 85' lang='grc' dir='ltr'>τιμιώτερα</span> <span class='ocrx_word' id='word_1_816' title='bbox 3173 4879 3224 4934; x_wconf 80' lang='grc' dir='ltr'>ἐν</span> <span class='ocrx_word' id='word_1_817' title='bbox 3296 4883 3409 4955; x_wconf 84' lang='grc' dir='ltr'>ζωῇ</span> <span class='ocrx_word' id='word_1_818' title='bbox 3469 4879 3536 4935; x_wconf 68' lang='grc' dir='ltr'>τὰ</span> <span class='ocrx_word' id='word_1_819' title='bbox 3588 4879 3778 4954; x_wconf 78' lang='grc' dir='ltr'>ἄλογα,</span> 
     </span>
    </p>
   </div>
   <div class='ocr_carea' id='block_1_110' title="bbox 2140 4967 3786 5047">
    <p class='ocr_par' dir='ltr' id='par_1_110' title="bbox 2140 4967 3786 5047">
     <span class='ocr_line' id='line_1_110' title="bbox 2140 4967 3786 5047; baseline -0.002 -24"><span class='ocrx_word' id='word_1_820' title='bbox 2140 4972 2259 5033; x_wconf 78' lang='grc' dir='ltr'>καθ’</span> <span class='ocrx_word' id='word_1_821' title='bbox 2289 4969 2317 5023; x_wconf 80' lang='grc' dir='ltr'><strong>ὃ</strong></span> <span class='ocrx_word' id='word_1_822' title='bbox 2347 4967 2442 5024; x_wconf 71' lang='grc' dir='ltr'>κᾶν</span> <span class='ocrx_word' id='word_1_823' title='bbox 2480 4969 2640 5043; x_wconf 82' lang='grc' dir='ltr'>μόνον</span> <span class='ocrx_word' id='word_1_824' title='bbox 2674 4968 3055 5038; x_wconf 72' lang='grc' dir='ltr'>αἰσθάνωνται,</span> <span class='ocrx_word' id='word_1_825' title='bbox 3085 4974 3193 5023; x_wconf 82' lang='grc' dir='ltr'>τῶν</span> <span class='ocrx_word' id='word_1_826' title='bbox 3235 4975 3414 5047; x_wconf 75' lang='grc' dir='ltr'>φυτῶν</span> <span class='ocrx_word' id='word_1_827' title='bbox 3472 4970 3548 5041; x_wconf 79' lang='grc' dir='ltr'>μὴ</span> <span class='ocrx_word' id='word_1_828' title='bbox 3605 4970 3786 5023; x_wconf 65' lang='grc' dir='ltr'>αῗσθα-</span> 
     </span>
    </p>
   </div>
   <div class='ocr_carea' id='block_1_111' title="bbox 2141 5055 3788 5133">
    <p class='ocr_par' dir='ltr' id='par_1_111' title="bbox 2141 5055 3788 5133">
     <span class='ocr_line' id='line_1_111' title="bbox 2141 5055 3788 5133; baseline -0.002 -21"><span class='ocrx_word' id='word_1_829' title='bbox 2141 5059 2379 5130; x_wconf 82' lang='grc' dir='ltr'>νομένων</span> <span class='ocrx_word' id='word_1_830' title='bbox 2416 5077 2428 5090; x_wconf 90' lang='grc'><strong>·</strong></span> <span class='ocrx_word' id='word_1_831' title='bbox 2461 5063 2568 5112; x_wconf 86' lang='grc' dir='ltr'>τῶν</span> <span class='ocrx_word' id='word_1_832' title='bbox 2631 5057 2688 5112; x_wconf 75' lang='grc' dir='ltr'>δὲ</span> <span class='ocrx_word' id='word_1_833' title='bbox 2743 5058 3071 5127; x_wconf 81' lang='grc' dir='ltr'>αἰσθητικῶν</span> <span class='ocrx_word' id='word_1_834' title='bbox 3128 5057 3388 5133; x_wconf 71' lang='grc' dir='ltr'>ἐγγύτερα</span> <span class='ocrx_word' id='word_1_835' title='bbox 3429 5063 3510 5130; x_wconf 75' lang='grc' dir='ltr'>τῷ</span> <span class='ocrx_word' id='word_1_836' title='bbox 3561 5062 3680 5129; x_wconf 86' lang='grc' dir='ltr'>Θεῷ</span> <span class='ocrx_word' id='word_1_837' title='bbox 3728 5055 3788 5110; x_wconf 73' lang='grc' dir='ltr'>τὰ</span> 
     </span>
    </p>
   </div>
   <div class='ocr_carea' id='block_1_112' title="bbox 2143 5143 3778 5221">
    <p class='ocr_par' dir='ltr' id='par_1_112' title="bbox 2143 5143 3778 5221">
     <span class='ocr_line' id='line_1_112' title="bbox 2143 5143 3778 5221; baseline -0.002 -19"><span class='ocrx_word' id='word_1_838' title='bbox 2143 5147 2336 5221; x_wconf 61' lang='grc' dir='ltr'>λογικά</span> <span class='ocrx_word' id='word_1_839' title='bbox 2372 5167 2386 5181; x_wconf 86' lang='grc'><strong>·</strong></span> <span class='ocrx_word' id='word_1_840' title='bbox 2413 5151 2519 5200; x_wconf 88' lang='grc' dir='ltr'>τῶν</span> <span class='ocrx_word' id='word_1_841' title='bbox 2574 5143 2630 5200; x_wconf 74' lang='grc' dir='ltr'>δὲ</span> <span class='ocrx_word' id='word_1_842' title='bbox 2682 5145 2918 5220; x_wconf 80' lang='grc' dir='ltr'>λογικῶν</span> <span class='ocrx_word' id='word_1_843' title='bbox 2955 5149 3008 5201; x_wconf 76' lang='grc' dir='ltr'>οἱ</span> <span class='ocrx_word' id='word_1_844' title='bbox 3037 5147 3177 5213; x_wconf 87' lang='grc' dir='ltr'>νόες,</span> <span class='ocrx_word' id='word_1_845' title='bbox 3209 5147 3482 5202; x_wconf 86' lang='grc' dir='ltr'>τουτέστιν</span> <span class='ocrx_word' id='word_1_846' title='bbox 3546 5148 3599 5201; x_wconf 78' lang='grc' dir='ltr'>αἱ</span> <span class='ocrx_word' id='word_1_847' title='bbox 3656 5145 3778 5220; x_wconf 76' lang='grc' dir='ltr'>ὑπὲρ</span> 
     </span>
    </p>
   </div>
   <div class='ocr_carea' id='block_1_113' title="bbox 2140 5233 3779 5310">
    <p class='ocr_par' dir='ltr' id='par_1_113' title="bbox 2140 5233 3779 5310">
     <span class='ocr_line' id='line_1_113' title="bbox 2140 5233 3779 5310; baseline -0.002 -20"><span class='ocrx_word' id='word_1_848' title='bbox 2140 5237 2361 5307; x_wconf 88' lang='grc' dir='ltr'>κόσμιοι</span> <span class='ocrx_word' id='word_1_849' title='bbox 2391 5233 2667 5307; x_wconf 86' lang='grc' dir='ltr'>δυνάμεις,</span> <span class='ocrx_word' id='word_1_850' title='bbox 2701 5235 2776 5296; x_wconf 83' lang='grc' dir='ltr'>ὡς</span> <span class='ocrx_word' id='word_1_851' title='bbox 2817 5238 2977 5309; x_wconf 81' lang='grc' dir='ltr'>ἡμῶν</span> <span class='ocrx_word' id='word_1_852' title='bbox 3022 5241 3130 5290; x_wconf 87' lang='grc' dir='ltr'>τῶν</span> <span class='ocrx_word' id='word_1_853' title='bbox 3193 5233 3434 5310; x_wconf 84' lang='grc' dir='ltr'>λογικῶν</span> <span class='ocrx_word' id='word_1_854' title='bbox 3499 5236 3779 5310; x_wconf 82' lang='grc' dir='ltr'>άνώτεραι,</span> 
     </span>
    </p>
   </div>
   <div class='ocr_carea' id='block_1_114' title="bbox 2141 5322 3782 5405">
    <p class='ocr_par' dir='ltr' id='par_1_114' title="bbox 2141 5322 3782 5405">
     <span class='ocr_line' id='line_1_114' title="bbox 2141 5322 3782 5405; baseline -0.001 -22"><span class='ocrx_word' id='word_1_855' title='bbox 2141 5327 2366 5383; x_wconf 74' lang='grc' dir='ltr'>κατὰτὸ</span> <span class='ocrx_word' id='word_1_856' title='bbox 2397 5322 2562 5381; x_wconf 71' lang='grc' dir='ltr'>ἄυλον</span> <span class='ocrx_word' id='word_1_857' title='bbox 2612 5327 2702 5380; x_wconf 85' lang='grc' dir='ltr'>καὶ</span> <span class='ocrx_word' id='word_1_858' title='bbox 2751 5328 2937 5403; x_wconf 88' lang='grc' dir='ltr'>νοερὸν</span> <span class='ocrx_word' id='word_1_859' title='bbox 2989 5327 3293 5405; x_wconf 83' lang='grc' dir='ltr'>ἐγγίζουσαι</span> <span class='ocrx_word' id='word_1_860' title='bbox 3356 5324 3568 5402; x_wconf 83' lang='grc' dir='ltr'>μᾶλλον</span> <span class='ocrx_word' id='word_1_861' title='bbox 3628 5327 3782 5400; x_wconf 74' lang='grc' dir='ltr'>ἡμῶν</span> 
     </span>
    </p>
   </div>
   <div class='ocr_carea' id='block_1_115' title="bbox 1375 5506 2767 5567">
    <p class='ocr_par' dir='ltr' id='par_1_115' title="bbox 1375 5506 2767 5567">
     <span class='ocr_line' id='line_1_115' title="bbox 1375 5506 2767 5567; baseline 0.003 -5"><span class='ocrx_word' id='word_1_862' title='bbox 1375 5507 1622 5564; x_wconf 78' lang='lat' dir='ltr'>VARle</span> <span class='ocrx_word' id='word_1_863' title='bbox 1661 5509 2052 5567; x_wconf 88' lang='lat' dir='ltr'>LECTIONES</span> <span class='ocrx_word' id='word_1_864' title='bbox 2091 5508 2180 5566; x_wconf 90' lang='lat' dir='ltr'>ET</span> <span class='ocrx_word' id='word_1_865' title='bbox 2215 5506 2767 5566; x_wconf 78' lang='lat' dir='ltr'>GORRECTIONES.</span> 
     </span>
    </p>
   </div>
   <div class='ocr_carea' id='block_1_116' title="bbox 458 5624 852 5704">
    <p class='ocr_par' dir='ltr' id='par_1_116' title="bbox 458 5624 852 5704">
     <span class='ocr_line' id='line_1_116' title="bbox 458 5624 852 5704; baseline -0.005 -20"><span class='ocrx_word' id='word_1_866' title='bbox 458 5631 500 5667; x_wconf 86' lang='grc'>¹⁷</span> <span class='ocrx_word' id='word_1_867' title='bbox 532 5624 852 5704; x_wconf 78' lang='grc' dir='ltr'>ὁμοούσιον.</span> 
     </span>
    </p>
   </div>
  </div>
