4000 6200
253 338 357 393 313

1009 345 1067 396 S.
1107 343 1377 397 MAXIMI
1414 341 1718 396 SCHOLIA
1755 341 1830 394 IN
1869 341 2000 394 LIB.
2041 344 2138 396 DE
2174 344 2449 399 DIVINIS
2486 346 2899 404 NOMINIBUS.

3553 355 3657 408 314

251 463 333 530 τῷ
366 462 482 530 Θεῷ
508 479 521 492 ·
555 458 736 514 καίτοι
769 457 879 514 ἔδει
904 460 967 514 τὸ
999 460 1238 516 ἐναντίον
1268 462 1334 516 τὰ
1373 458 1500 516 ὅντα
1527 461 1616 515 καὶ
1643 460 1902 532 μειζόνων

2022 463 2296 520 facultate
2329 474 2468 521 sunt
2493 467 2658 523 nobis
2682 470 2798 525 Deo
2818 471 3019 525 vicina:
3045 472 3260 544 magis;
3306 477 3468 547 atqui
3489 494 3658 548 opor-

257 544 475 622 δωρεῶν
531 547 882 604 ἀπολαύοντα
941 554 1037 604 105
1089 553 1222 605 Θεοῦ
1275 551 1404 625 ὑπὲρ
1461 551 1527 604 τὰ
1552 548 1696 604 ἄλλα
1749 549 1902 619 εἶναι,

257 640 372 691 οἷον
403 638 495 691 τὸν
530 637 784 712 οὐρανὸν,
812 641 880 693 τὰ
911 640 1076 715 ἄστρα
1115 638 1204 693 καὶ
1244 640 1311 693 τὰ
1351 644 1594 694 τοιαῦτα.
1625 639 1723 692 Καὶ
1767 637 1901 708 αὕτη

259 728 356 799 μὶν
401 729 437 794 ἡ
491 726 828 803 ἆπαπόρησις
865 747 876 759 ⁶
917 727 1109 783 λοιπὸν
1167 727 1258 782 05v
1310 729 1656 804 ἀποκρίνεται
1690 729 1717 782 ὁ
1760 733 1901 790 θεῖος

257 815 538 878 Διονῦσιος
584 815 644 870 ἐκ
698 821 796 871 105
837 822 953 890 νοῦ,
984 817 1072 872 καὶ
1113 822 1206 872 τοῦ
1241 817 1437 893 λόγου,
1466 817 1554 871 καὶ
1585 823 1683 885 τῆς
1717 816 1906 886 αἰσθή-

256 926 393 966 σεως
452 906 570 959 καθ’
622 901 884 960 ὑπόϐασιν
944 908 1029 960 καὶ
1093 908 1187 968 τὰς
1243 908 1604 981 προτιμήσεις
1649 908 1854 960 τάττων
1887 925 1898 936 ⁸

254 993 430 1055 οὕτως
465 994 710 1067 εὑρήσεις
747 996 881 1067 μετᾶ
915 995 1037 1068 μίαν
1073 993 1279 1053 σελίδα.

331 1083 519 1139 Καίτοι
578 1078 684 1138 ἔδει
745 1086 812 1138 τὰ
856 1089 964 1140 τῶν
1027 1087 1314 1158 μειζόνων.
1365 1083 1624 1153 Μείζονας
1699 1081 1902 1157 δωρεάς

253 1192 392 1248 φησι
426 1171 520 1233 τὰς
551 1171 636 1226 ἐπὶ
688 1171 932 1228 πλεόνων
988 1173 1384 1250 θεωρουμένας,
1419 1176 1533 1228 οἷον
1591 1173 1654 1227 τὸ
1706 1173 1762 1227 ’ὀν
1815 1171 1903 1226 καὶ

255 1262 360 1329 τὴν
396 1262 543 1332 ζωήν
580 1283 592 1295 ·
623 1259 770 1316 ἀλλὰ
816 1262 879 1317 τὰ
927 1263 1132 1318 τούτων
1194 1263 1356 1337 μόνον
1394 1265 1694 1338 μετέχοντα
1725 1262 1828 1316 οὐκ
1852 1261 1901 1315 έν

247 1349 502 1423 πρώτοις
531 1350 622 1405 καὶ
670 1351 993 1426 κρείττοσιν,
1024 1350 1152 1407 ἀλλ’
1183 1352 1235 1407 έν
1289 1359 1404 1415 τοῖς
1454 1353 1673 1422 ἥττοσιν
1731 1352 1902 1426 ὁρῶν-

247 1457 366 1510 ται,
400 1436 589 1509 ἐπειδή
638 1439 704 1494 τὰ
762 1442 859 1513 μὲν
904 1442 1258 1518 ὑπερέχοντα,
1294 1443 1384 1496 καὶ
1439 1443 1535 1504 τὰς
1586 1446 1692 1496 τῶν
1754 1440 1903 1517 ὑφει-

253 1528 438 1601 μένων
473 1523 693 1603 ἔχουσιν
725 1527 1002 1601 ἰδιότητας
1025 1535 1122 1585 105
1154 1532 1308 1602 εἶναι,
1338 1535 1436 1586 105
1477 1535 1596 1604 ζῇν,
1629 1529 1718 1584 καὶ
1771 1528 1906 1582 κατᾶ

247 1620 418 1671 10510
451 1616 752 1690 κρείττονα,
787 1617 950 1674 εἷ’καί
1003 1617 1090 1674 διὰ
1141 1619 1519 1694 μερικωτέρων
1577 1617 1902 1690 ἐπωνυμιῶν

251 1705 598 1778 σημαίνοντα
624 1726 636 1739 ·
668 1707 737 1761 τὰ
769 1705 825 1761 δέ
854 1713 960 1762 τῶν
997 1706 1339 1784 ὁλικωτέρων
1373 1709 1437 1762 οὐ
1491 1709 1779 1781 μετέχουσι
1806 1712 1906 1774 τῆς

248 1799 364 1850 τῶν
417 1796 743 1870 κρειττόνων
791 1796 1087 1869 ἴδιότητος,
1137 1799 1379 1853 τουτέστι
1426 1797 1636 1875 σοφίας,
1668 1797 1754 1851 καὶ
1809 1792 1905 1848 λό-

249 1906 360 1958 γου
417 1885 511 1939 καὶ
581 1886 948 1960 νοερόττιτος’
1009 1889 1098 1941 καὶ
1153 1888 1288 1942 κατὰ
1337 1891 1497 1942 τοῦτο
1547 1887 1768 1956 ἥττονα,
1828 1882 1902 1944 ὡς

249 1973 529 2045 ἡττόνων,
561 1972 736 2050 ἤγουν
767 1975 1116 2052 ὀλιγωτέρων
1173 1974 1390 2050 δωρεῶν
1444 1977 1765 2051 μετέχοντα,
1797 1973 1901 2028 ὥσ-

249 2083 358 2138 περ
407 2063 501 2116 οὖν
554 2065 619 2118 τὰ
660 2061 835 2141 ἕτερα,
885 2065 961 2128 ὠς
1000 2065 1292 2135 πλειόνων,
1339 2067 1427 2120 καὶ
1475 2067 1761 2140 κρείττονα
1814 2062 1903 2117 καὶ

248 2156 372 2223 Θεῷ
403 2150 792 2227 πλησιαίτερα,

323 2241 429 2297 Καὶ
491 2247 652 2310 ζῶσιν
715 2245 844 2320 ὑπὲρ
889 2246 958 2300 τὰ
1011 2243 1174 2300 ἄλλα.
1236 2247 1360 2302 Ὅτι
1418 2247 1484 2299 τὰ
1547 2242 1906 2319 ὑπερκείμενα

248 2332 341 2384 καὶ
381 2331 598 2403 μᾶλλον
631 2337 747 2406 Θεῴ
776 2334 1149 2405 πλησιάζοντα
1179 2335 1394 2409 λέγεται
1452 2332 1625 2389 πλέον
1677 2337 1771 2407 ζῇν
1799 2337 1906 2387 τῶν

252 2416 712 2492 ὑποϐεϐηκότων,
746 2426 860 2479 οἷον
891 2427 944 2480 οἱ
976 2427 1111 2480 Θεῖοι
1161 2425 1277 2486 νόες
1329 2425 1458 2498 ὑπὲρ
1513 2427 1660 2496 ἡμᾶς
1717 2427 1900 2492 ζῶσιν,

253 2509 332 2572 ὡς
371 2509 588 2582 μᾶλλον
622 2511 738 2586 Θεῷ
767 2514 1181 2584 πλησιάζοντες.
1218 2512 1388 2571 Πάλιν
1417 2516 1582 2586 ἡμεῖς
1631 2512 1706 2574 ὠς
1752 2509 1909 2586 λογι-

249 2599 367 2668 κοὶ,
399 2602 508 2652 τῶν
540 2599 756 2675 ἀλόγων
787 2603 952 2657 πλέον
978 2601 1251 2677 λεγόμεθα
1283 2606 1394 2676 ζῇν·
1421 2601 1586 2656 πάλιν
1615 2600 1683 2654 τὰ
1713 2598 1909 2674 ἄλογα,

251 2687 331 2749 ὠς
370 2687 622 2759 αἶ’σθησιν
650 2689 869 2764 ἔχοντα,
901 2690 1068 2746 πλέον
1104 2695 1168 2765 ζῇ
1199 2696 1306 2746 τῶν
1357 2696 1560 2768 φυτῶν,
1593 2689 1668 2751 ὡς
1720 2686 1910 2758 αἶ’σθη-

251 2798 340 2830 σιν
378 2778 456 2850 μή
489 2777 753 2854 ἐχόντων,
784 2779 928 2836 ἀλλὰ
961 2782 1131 2855 μόνην
1167 2783 1266 2851 τήν
1301 2782 1528 2858 φυτικὴν
1562 2780 1728 2849 ζωήν.

327 2870 359 2936 §
389 2869 485 2924 IV.
518 2869 580 2922 Ὁ
638 2868 710 2922 ὣν
769 2869 902 2925 ὅλου
947 2875 1043 2925 105
1091 2871 1244 2928 εἶναι,
1279 2871 1355 2927 Τὸ
1386 2872 1467 2941 ὃν,
1501 2869 1588 2923 ἐπὶ
1634 2871 1729 2923 105
1779 2871 1911 2922 Θεοῦ

253 2954 590 3030 λεγόμενον,
626 2957 761 3014 ὅλου
790 2954 1113 3031 συλλήϐδην
1143 2964 1239 3015 τοῦ
1271 2959 1404 3014 εἶναι
1450 2959 1720 3034 ὑπέρεστιο
1751 2961 1911 3012 τοῦτο
1959 2955 1966 2961 ’

253 3046 369 3120 γάρ
419 3069 580 3124 φησιν
633 3049 978 3124 ὑπερούσιον,
1035 3049 1150 3104 ἀντὶ
1207 3053 1303 3104 105
1355 3048 1485 3125 ὑπὲρ
1514 3050 1576 3103 τὸ
1607 3047 1659 3102 ἐν
1711 3047 1910 3122 γενέσει

252 3131 318 3192 ὃν
362 3156 374 3169 ·
428 3139 491 3192 τὸ
547 3138 648 3212 γὰρ
725 3136 782 3193 ὂν
859 3138 1050 3193 οὐσία·
1113 3139 1218 3194 ἀπὸ
1293 3140 1394 3214 γὰρ
1477 3141 1574 3192 105
1657 3139 1794 3191 εῖναι
1848 3137 1911 3190 τὸ

2013 553 2172 608 tebat
2203 555 2583 622 contrarium,
2617 556 2899 614 nimirum
2931 577 3023 615 res
3065 577 3190 632 quae
3211 564 3532 632 majoribus
3557 567 3657 623 Dei

2013 642 2184 698 donis
2233 645 2509 700 fruuntur
2539 645 2671 701 aliis
2702 649 2980 714 eminere,
3015 650 3191 705 veluti
3239 653 3471 722 cmlum,
3503 661 3660 710 astra

2013 747 2077 786 ac
2109 732 2348 801 similia,
2371 739 2546 804 atque
2567 734 2673 789 hoc
2691 736 2928 806 quidem
2953 738 3231 808 dubium;
3257 750 3457 811 postea
3480 742 3660 814 igitur

2013 821 2325 889 respondet
2355 822 2588 876 divinus
2619 823 2934 891 Dionysius
2985 841 3052 879 ex
3103 832 3318 890 mente,
3347 834 3404 882 et
3435 830 3660 886 ratione

2013 913 2070 963 et
2095 925 2294 973 sensu,
2329 910 2385 963 in
2420 911 2705 966 descensu
2739 912 2914 967 etiam
2948 915 3318 984 praestantiae
3347 919 3658 986 ordinans;

2012 995 2097 1051 ita
2128 998 2378 1068 reperies
2411 1008 2540 1069 post
2573 1017 2748 1055 unam
2779 1002 3076 1073 paginam.

2084 1087 2250 1158 Atqui
2274 1087 2494 1143 decebat
2517 1106 2586 1144 ea
2614 1105 2740 1163 quae
2767 1091 3002 1158 maiora.
3053 1093 3273 1165 Majora
3316 1095 3469 1152 dona
3497 1103 3663 1153 vocat

2016 1191 2146 1246 quae
2196 1176 2254 1231 in
2306 1177 2571 1248 pluribus
2611 1188 2944 1248 cernuntur,
2979 1187 3202 1238 utesse
3249 1188 3306 1238 et
3344 1187 3569 1254 vivere;
3605 1193 3664 1242 at

2017 1281 2142 1336 quae
2175 1265 2266 1320 his
2297 1270 2528 1322 tantum
2560 1267 2931 1340 participant,
2963 1287 3078 1324 non
3111 1276 3247 1325 sunt
3274 1272 3331 1326 in
3365 1274 3573 1344 primis
3605 1280 3664 1330 et

2015 1355 2540 1425 praestantioribus,
2571 1373 2774 1412 verum
2806 1358 2864 1412 in
2897 1358 3198 1414 vilioribus
3228 1361 3612 1418 advertuntur
3645 1382 3658 1418 :

2015 1444 2291 1514 quoniam
2339 1462 2470 1516 qua:
2516 1445 2808 1501 excellunt
2835 1447 3051 1502 habent
3099 1449 3272 1504 etiam
3316 1450 3658 1508 inferiorum

2015 1535 2394 1606 proprietates
2449 1538 2790 1608 exsistendi,
2821 1538 3074 1606 vivendi,
3108 1544 3164 1594 et
3211 1541 3269 1594 in
3319 1541 3427 1597 hoc
3475 1543 3662 1598 excel-

2019 1622 2300 1691 lunt,etsi
2330 1625 2433 1680 illa
2462 1627 2652 1698 magis
2681 1628 3136 1698 particularibus
3166 1629 3535 1686 declarentur
3565 1649 3663 1702 ap-

2017 1713 2465 1784 pellationibus;
2490 1715 2611 1770 haec
2638 1733 2773 1772 vero
2803 1717 3263 1788 generalioribus
3287 1737 3399 1774 non
3425 1722 3666 1792 partici-

1940 1842 1983 1906 Β
2018 1807 2159 1873 pant
2188 1804 2592 1875 superioribus
2637 1807 3116 1877 proprietatibus,
3151 1807 3204 1861 id
3238 1813 3327 1862 est
3357 1810 3664 1881 sapientia,

2014 1896 2070 1948 et
2092 1894 2315 1948 ratione
2337 1898 2394 1949 et
2414 1894 2926 1966 intellectu,atque
2947 1895 3162 1951 idcirco
3194 1897 3471 1953 inferiora
3502 1904 3661 1965 sunt,

2017 1987 2080 2037 ut
2112 1983 2442 2039 minoribus
2474 2000 2574 2039 seu
2609 1985 2986 2056 paucioribus
3018 1985 3188 2040 donis
3230 1986 3664 2058 participantia,

2015 2073 2509 2142 quemadmodum
2535 2073 2668 2142 alia,
2694 2074 3040 2144 utpluribus
3074 2075 3666 2148 participantia,pra3-

2016 2162 2302 2218 stantiora
2333 2169 2472 2219 sunt
2503 2169 2677 2235 atque
2709 2165 2822 2219 Deo
2852 2164 3153 2220 viciniora.

2091 2253 2461 2308 Excellentius
2507 2268 2630 2323 qua’
2676 2256 2862 2308 vivant
2892 2253 3040 2308 aliis.
3073 2254 3388 2324 Superiora
3435 2273 3500 2311 ac
3550 2258 3665 2312 Deo

2016 2340 2251 2412 propria
2281 2341 2424 2396 dicit
2455 2342 2644 2414 magis
2675 2342 2864 2397 vivere
2893 2342 3287 2411 inferioribus,
3321 2344 3494 2399 veluti
3528 2346 3666 2400 divi-

2019 2448 2107 2485 na:
2140 2435 2364 2486 mentes
2397 2432 2770 2502 prestantius
2791 2431 2958 2486 nobis
2981 2432 3275 2501 vivunt,ut
3295 2433 3409 2488 Deo
3431 2435 3665 2506 propio-

2020 2536 2134 2574 res.
2168 2519 2395 2574 Rursus
2436 2537 2543 2575 nos
2587 2525 2651 2575 ut
2697 2521 2921 2576 ratione
2952 2522 3199 2592 praediti,
3232 2523 3486 2578 dicimur
3536 2524 3665 2593 plus

2017 2612 2206 2667 vivere
2238 2612 2456 2678 brutis;
2490 2612 2700 2666 iterum
2735 2613 2925 2680 bruta,
2961 2617 3026 2666 ut
3052 2629 3229 2668 sensu
3261 2614 3667 2686 praedita,plus

2019 2698 2223 2754 vivunt
2279 2699 2517 2769 plantis,
2564 2703 2760 2770 utpote
2818 2716 2995 2755 sensu
3055 2700 3378 2772 destitutis,
3424 2702 3666 2773 solaque

2019 2787 2137 2842 vita
2165 2789 2490 2860 vegetativa
2517 2788 2846 2844 instructis.

2089 2877 2238 2946 §IV.
2274 2878 2379 2946 Qui
2425 2881 2504 2933 est
2552 2878 2717 2934 totius
2764 2895 2895 2934 esse.
2938 2879 3100 2944 Quod
3149 2882 3238 2934 est
3286 2881 3357 2934 de
3405 2880 3520 2936 Deo
3579 2881 3668 2935 di-

2022 2971 2459 3037 ctum,superat
2486 2971 2675 3022 totum
2710 2969 2861 3038 quod
2894 2971 2982 3022 est
3010 2967 3306 3023 collective
3338 2972 3668 3039 sumptum;

2023 3056 2132 3112 hoc
2187 3057 2340 3112 enim
2403 3057 2597 3127 inquit
2652 3056 3252 3129 supersubstantiale,
3316 3075 3420 3130 pro
3493 3075 3674 3130 supra

2023 3163 2129 3201 ens
2161 3147 2508 3217 productum
2537 3166 2550 3214 ;
2580 3162 2685 3202 ens
2714 3147 2870 3201 enim
2915 3146 3171 3202 essentia
3205 3163 3216 3201 :
3269 3164 3406 3202 nam
3439 3149 3511 3202 ab
3544 3163 3674 3202 esse

255 3226 442 3303 ὄνομα
525 3237 797 3307 παρῆκται
886 3236 985 3299 τῆς
1065 3229 1271 3292 οὐσίας.
1330 3231 1389 3286 Ὀ
1467 3226 1557 3283 οὖν
1632 3227 1780 3299 Θεὸς,
1838 3225 1905 3289 ὠς

2024 3212 2234 3289 nomen
2267 3212 2880 3288 essentia-deductum
2909 3238 3018 3288 est.
3042 3234 3190 3304 Ergo
3222 3235 3396 3304 Deus,
3421 3235 3672 3290 utetiam

252 3320 355 3374 καὶ
440 3323 535 3373 105
621 3321 758 3373 εἶναι
847 3317 1230 3393 ὑπερκείμενος
1310 3319 1390 3391 (τὸ
1472 3319 1574 3392 γὰρ
1660 3320 1795 3371 εἶναι
1856 3315 1905 3388 ἐξ

255 3409 446 3475 αἶτίας,
472 3409 615 3471 τινὸς
649 3406 817 3479 δηλοῖ
862 3408 937 3470 εἰς
993 3409 1054 3463 τὸ
1086 3411 1218 3463 εἶναι
1251 3408 1524 3482 ἀχθῆναι),
1556 3405 1627 3460 ὣν
1676 3407 1909 3481 ὑπερου-

259 3499 398 3560 σίως
426 3504 644 3553 νοεῖται”
681 3495 764 3552 διὸ
793 3498 882 3552 καὶ
912 3497 1046 3552 αἰὼν
1080 3496 1295 3572 λέγεται
1328 3499 1462 3551 εἶναι
1490 3501 1598 3550 τῶν
1628 3496 1910 3571 παρηγμέ-

260 3611 377 3644 νων
413 3588 501 3643 ὑπ’
532 3587 694 3642 αὐτοῦ
723 3587 956 3642 αἰώνων·
980 3587 1110 3662 ὅπερ
1143 3589 1244 3662 γὰρ
1281 3586 1417 3659 μήὸε
1448 3586 1536 3654 ἦν,
1574 3587 1711 3658 μήτε
1741 3584 1909 3652 ἔσται,

252 3674 536 3733 ἀλλ’ἓστι
585 3679 772 3750 μόνον,
814 3678 975 3732 10510
1034 3677 1199 3738 ἑστὼς
1252 3674 1379 3752 ἔχον
1435 3677 1497 3730 τὸ
1529 3678 1686 3744 εἶναι,
1715 3675 1776 3728 τὸ
1833 3675 1908 3747 μὴ

255 3763 634 3841 μεταϐάλλειν
668 3767 742 3831 εἰς
772 3769 833 3822 τὸ
867 3765 1033 3838 ἔσται,
1067 3767 1196 3839 μήτ’
1225 3765 1289 3820 αὖ
1343 3759 1763 3838 μεταϐεϐηκέναι
1804 3764 1910 3818 ἀπὸ

246 3861 359 3911 τοῦ
390 3857 479 3927 [ἦν
513 3855 588 3918 εἷς
616 3857 698 3929 τὸ]
733 3851 866 3925 ἔστι,
898 3855 1061 3910 τοῦτό
1094 3853 1230 3910 ἐστιν
1267 3854 1400 3909 αἰών
1433 3873 1445 3886 ·
1483 3853 1543 3908 οὗ
1587 3854 1688 3928 γὰρ
1742 3854 1910 3925 μόνον

248 3945 323 4000 τὰ
353 3941 482 3999 ὄντα
507 3947 678 4000 πάντα
706 3944 788 4000 δεῖ
817 3951 1067 4019 παρεῖναι
1115 3949 1194 4016 τῷ
1237 3945 1394 3999 παντὶ
1452 3945 1539 3998 καὶ
1591 3942 1728 4015 ὅλῳ,
1764 3941 1909 3997 ἀλλὰ

247 4035 349 4089 καὶ
381 4036 444 4089 τὸ
479 4033 646 4108 μηδὲν
681 4040 774 4090 105
804 4056 936 4089 ποτε
970 4036 1044 4108 μή
1088 4031 1243 4096 ὄντος
1278 4057 1288 4068 ·
1319 4030 1444 4088 οὐδὲ
1491 4034 1593 4108 γάρ
1642 4053 1690 4086 τι
1737 4051 1908 4106 προσ-

249 4127 479 4199 γέγονεν
540 4125 708 4197 αὐτῷ,
740 4125 816 4197 μή
861 4123 918 4179 ὃν
969 4124 1254 4200 πρότερον.
1285 4121 1434 4193 Αὕτη
1487 4121 1576 4177 05v
1605 4124 1639 4192 ἡ
1675 4119 1909 4185 διάθεσις

249 4215 348 4268 καὶ
395 4213 550 4292 σρῦσις
597 4213 826 4270 καλοῖτο
873 4213 956 4287 ἂν,
988 4216 1078 4268 καὶ
1123 4211 1204 4283 εἶῆ
1250 4211 1382 4268 αἰών
1419 4232 1431 4245 ’
1467 4211 1600 4267 αἲὼν
1651 4212 1752 4287 γὰρ
1801 4210 1907 4265 ἀπὸ

248 4308 360 4358 τοῦ
388 4304 470 4358 ἀεὶ
496 4302 651 4368 ὄντος
683 4302 915 4379 εἴρηται.
949 4301 1022 4358 Εἴ
1042 4324 1126 4364 τις
1155 4301 1245 4358 οὖν
1280 4300 1422 4356 οὕτω
1463 4303 1554 4356 τὸν
1604 4301 1775 4356 αἰῶνα
1823 4298 1909 4355 λέ-

250 4415 346 4469 τοι
413 4394 557 4463 ζωὴν
617 4391 861 4468 ἄπειρον,
892 4397 971 4465 τῷ
1028 4397 1200 4446 πᾶσαν
1260 4389 1368 4462 ἤδη
1397 4393 1556 4462 εἶναι,
1587 4391 1676 4445 καὶ
1739 4387 1908 4464 μηδὲν

252 4481 572 4538 ἀναλίσκειν
605 4481 771 4551 αὐτῆς
799 4487 878 4554 τῷ
922 4479 1382 4558 παρεληλυθέναι,
1421 4477 1550 4553 μηδ’
1589 4478 1654 4534 αὖ
1710 4481 1904 4553 μένειν,

2016 3307 2147 3393 ipso
2179 3339 2307 3377 esse
2338 3322 2605 3393 superior
2634 3323 2768 3392 (esse
2799 3324 2954 3378 enim
3007 3322 3266 3378 declarat
3322 3324 3671 3394 productum

2020 3412 2172 3466 169
2209 3412 2390 3468 fuisse
2420 3413 2492 3467 ab
2525 3411 2724 3482 aliqua
2753 3429 2932 3467 causa
2967 3413 3039 3467 ad
3089 3413 3536 3483 exsistendum),
3570 3413 3672 3485 qui

2021 3504 2131 3568 est,
2155 3518 2336 3572 supra
2353 3501 2673 3556 essentiam
2692 3500 3077 3571 intelligitur;
3112 3501 3240 3556 ideo
3259 3501 3432 3557 etiam
3459 3502 3674 3556 dicitur

2022 3605 2151 3645 esse
2176 3591 2470 3646 aeternitas
2503 3591 2846 3645 sazculorum
2872 3592 2943 3645 ab
2965 3607 3030 3645 eo
3050 3592 3489 3660 productorum;
3515 3593 3669 3662 quod

2023 3677 2176 3733 enim
2211 3696 2394 3749 neque
2420 3683 2565 3746 erat,
2602 3695 2786 3749 neque
2833 3683 2962 3746 erit,
2996 3679 3095 3733 sed
3144 3683 3370 3733 tantum
3419 3684 3527 3743 est,
3561 3680 3668 3734 ha-

2019 3766 2167 3822 bens
2196 3769 2306 3823 hoc
2337 3785 2464 3824 esse
2497 3769 2848 3832 consistens,
2879 3783 2993 3821 non
3042 3768 3256 3821 mutari
3290 3768 3346 3821 in
3380 3768 3664 3834 futurum,

2020 3876 2207 3930 neque
2232 3863 2434 3914 contra
2482 3859 2552 3912 ab
2600 3874 2727 3912 esse
2774 3857 2854 3927 [in
2888 3855 2998 3928 est]
3047 3855 3408 3925 transivisse,
3444 3857 3548 3912 hoc
3579 3862 3668 3912 est

2019 3949 2335 4005 aeternitas.
2370 3948 2493 4002 Non
2525 3947 2678 4009 enim
2712 3950 2942 3999 tantum
2989 3945 3148 4000 entia
3195 3946 3393 4002 omnia
3443 3950 3669 4016 oportet

2020 4039 2224 4094 adesse
2256 4038 2414 4090 omni
2447 4039 2504 4090 et
2533 4035 2660 4103 toti,
2683 4035 2782 4089 sed
2815 4033 2994 4088 etiam
3023 4033 3166 4088 nihil
3199 4035 3328 4104 ejus
3349 4035 3502 4105 quod
3528 4033 3667 4090 alibi

2019 4144 2132 4182 non
2168 4130 2287 4194 est;
2322 4122 2681 4196 nequeenim
2701 4122 2923 4192 aliquid
2957 4122 3071 4192 ipsi
3096 4121 3286 4177 adfuit
3315 4122 3470 4193 quod
3503 4121 3668 4194 prius

2018 4232 2132 4271 non
2163 4216 2392 4270 fuisset.
2429 4215 2556 4269 llaec
2582 4212 2763 4284 igitur
2795 4211 3104 4283 dispositio
3135 4217 3189 4267 et
3221 4215 3451 4279 natura,
3474 4211 3668 4266 vocari

2024 4310 2224 4376 posset
2254 4309 2427 4375 atque
2459 4306 2611 4358 esset
2641 4304 2960 4363 aeternitas;
3005 4298 3135 4353 αἰών
3170 4301 3325 4356 enim
3358 4301 3428 4355 ab
3462 4298 3541 4352 ἀεί
3575 4293 3667 4351 ὅν-

2015 4413 2108 4454 τος
2138 4409 2240 4449 seu
2271 4392 2418 4463 quod
2445 4407 2658 4462 semper
2674 4394 2765 4456 sit,
2789 4390 3024 4445 dicitur.
3050 4389 3108 4444 Si
3127 4388 3305 4459 igitur
3320 4386 3668 4459 aliquisista

2019 4483 2243 4539 ratione
2293 4482 2506 4538 dixerit
2536 4481 2918 4536 aeternitatem
2950 4481 3127 4534 vitam
3161 4477 3476 4546 inﬁnitam,
3509 4475 3664 4547 quod

301 4573 316 4588 ν
422 4571 468 4625 ἃὶ
569 4570 594 4592 ν
719 4577 745 4588 σν
847 4591 859 4604 ⁸
898 4571 911 4590 Ὶ
999 4571 1010 4586 ‘
1121 4568 1171 4602 θλ
1230 4569 1242 4587 \
1344 4567 1367 4606 3’
1495 4573 1520 4583 ’ν
1566 4570 1577 4586 1
1633 4568 1644 4588 Ι
1816 4569 1827 4588 Ι
1897 4568 1905 4586 Ι

253 4593 365 4626 ουκ
467 4595 481 4624 ι
539 4593 624 4641 ειη
676 4593 820 4626 πασα
893 4591 1055 4646 εγγυς
1117 4587 1173 4624 0:.
1216 4573 1280 4624 ὰυ
1314 4591 1396 4640 ε.η
1428 4590 1524 4624 του
1559 4571 1826 4644 οριζεσθαι
1856 4590 1905 4622 τι

2022 4577 2136 4628 tota
2160 4574 2283 4643 jam
2313 4571 2410 4636 sit,
2445 4569 2706 4641 nihilque
2753 4570 2880 4639 ejus
2922 4572 3306 4624 consumatur
3350 4564 3662 4636 praeterito,

250 4661 418 4717 αἰών.
451 4662 659 4717 Ἐκεῖνο
690 4664 818 4735 γοῦν
873 4659 1012 4714 ἐστιν
1064 4658 1308 4735 ἄπειρον,
1339 4659 1399 4713 τὸ
1451 4660 1526 4732 μή
1575 4658 1854 4714 ἐπιλεῖπον
1892 4679 1904 4692 ’

247 4750 350 4804 καὶ
379 4755 542 4804 10510
573 4752 799 4824 κυρίως,
831 4752 913 4805 ὅτι
950 4747 1118 4823 μηδὲν
1145 4749 1334 4804 ἑαυτοῦ
1377 4749 1653 4804 ἀναλίσκει
1688 4766 1701 4780 ’
1734 4748 1906 4811 οὕτως

253 4840 354 4895 οὖν
389 4841 416 4894 ὁ
448 4840 579 4902 Θεὸς
604 4840 694 4893 καὶ
747 4839 902 4908 αἰὼν,
935 4840 1025 4893 καὶ
1056 4839 1260 4901 αῗῶνας
1305 4842 1504 4895 ποιῶν.
1539 4838 1680 4895 Αἷὼν
1726 4837 1904 4892 τοίνυν

250 4930 402 4985 ἐστὶν
439 4930 499 4984 οὐ
531 4931 592 4984 τὸ
624 4930 1005 5003 ὑποκείμενον,
1039 4927 1183 4983 ἆλλά
1218 4929 1280 4984 τὸ
1322 4928 1372 4998 ἐξ
1422 4928 1585 4982 αὐτοῦ
1628 4932 1723 4982 105
1772 4928 1908 4982 ὑπο-

248 5019 518 5091 κειμένου
551 5017 835 5090 ἐκλάμπον
871 5037 884 5050 ·
917 5019 985 5072 τὰ
1016 5017 1104 5072 οὖν
1132 5017 1302 5088 νοητὰ
1331 5019 1419 5072 καὶ
1467 5018 1533 5071 τὰ
1575 5019 1650 5089 μὴ
1704 5017 1912 5092 ὁρώμε-

248 5130 323 5163 να
351 5109 490 5163 κατὰ
530 5108 622 5162 τὸν
655 5107 996 5163 ’Λπόστολον
1032 5107 1246 5162 αἰώνια’
1281 5106 1499 5160 αἶώνιον
1547 5103 1603 5160 δὲ
1662 5107 1764 5161 οὐκ
1813 5106 1910 5160 αὐ-

243 5198 350 5259 τός
393 5196 536 5252 ἰστιν
583 5199 611 5251 ὁ
653 5196 809 5268 αἰὼν,
843 5193 987 5252 ἀλλὰ
1034 5197 1095 5250 τὸ
1139 5196 1333 5258 αἰῶνος
1386 5194 1634 5270 μετέχον,
1665 5198 1909 5249 τουτέστι

241 5295 358 5357 τῆς
417 5283 742 5341 ἀδιαστάτου
792 5287 884 5340 καὶ
946 5284 1174 5362 ἀπείρου
1235 5291 1397 5355 ζωῆς.
1430 5287 1516 5348 Ὡς
1549 5283 1639 5340 05v
1671 5285 1757 5338 καὶ
1804 5289 1912 5338 τῶν

248 5377 484 5445 αἷῶνος,
542 5376 788 5431 τουτέστι
846 5380 942 5431 105
994 5375 1073 5431 ἀεὶ
1136 5371 1291 5438 ὄντος
1369 5374 1733 5451 μετεχόντων,
1792 5376 1912 5436 καθ’

246 5465 567 5539 ὁμοιότητα
586 5465 800 5521 αἰώνων
838 5464 1149 5542 λεγομένων
1183 5464 1419 5535 ποιητὴς
1449 5464 1476 5520 ὁ
1498 5465 1646 5533 Θεὸς,
1672 5482 1909 5534 πεποιη-

334 5683 414 5759 (y)
437 5682 606 5744 Rom.
639 5699 680 5755 ι,
710 5683 802 5738 20.

2019 4678 2208 4733 neque
2239 4666 2441 4717 contra
2474 4660 2671 4715 futuro
2697 4676 2710 4725 ;
2745 4675 2858 4712 non
2888 4657 3042 4713 enim
3067 4661 3223 4712 esset
3240 4660 3361 4710 tota
3380 4671 3408 4708 μ
3429 4655 3665 4709 accede-

2020 4755 2108 4807 ret
2139 4767 2269 4805 vero
2301 4751 2370 4804 ad
2404 4748 2800 4804 definiendum
2829 4746 2968 4817 quid
3002 4746 3079 4801 sit
3109 4742 3538 4799 mternitalela
3560 4742 3666 4811 igi-

2021 4845 2115 4895 tur
2146 4845 2234 4894 est
2265 4838 2517 4903 inﬁnita,
2546 4854 2660 4892 non
2694 4835 2970 4891 deficiens
2998 4852 3011 4900 ;
3065 4838 3236 4905 atque
3268 4833 3378 4886 hoc
3411 4831 3664 4903 proprie,

2019 4930 2154 5000 quia
2186 4927 2330 4982 nihil
2364 4927 2455 4982 sui
2487 4926 2816 4983 consumit:
2848 4925 2928 4979 ita
2963 4923 3142 4995 igitur
3172 4922 3326 4976 Deus
3356 4924 3412 4976 et
3441 4920 3670 4975 aeterni-

2019 5023 2130 5086 tas,
2167 5016 2679 5086 asternitatumque
2711 5014 3016 5079 conditor;
3058 5027 3192 5081 ergo
3241 5009 3536 5064 mternitas
3580 5015 3669 5064 est

2020 5125 2136 5162 non
2168 5108 2524 5177 subjectum,
2557 5105 2652 5160 sed
2689 5103 2843 5173 quod
2878 5117 2945 5154 ex
2977 5101 3101 5170 ipso
3133 5099 3396 5168 subjecto
3441 5098 3663 5166 elucet;

2019 5213 2155 5269 ergo
2186 5189 3051 5265 inintelligibiliaetinvisibilia
3071 5188 3396 5245 secundum
3425 5189 3669 5258 Aposto-

2018 5283 2143 5340 lum
2175 5290 2388 5340 aeterna
2410 5284 2509 5354 (y);
2536 5286 2817 5335 asternum
2841 5283 2948 5345 est,
2974 5295 3086 5332 non
3119 5295 3252 5333 vero
3283 5276 3412 5348 ipsa
3442 5275 3671 5332 aeterni-

2020 5377 2133 5441 tas,
2160 5374 2257 5428 sed
2282 5371 2670 5427 aaternitatem
2695 5367 3074 5440 participans,
3099 5367 3158 5423 id
3189 5370 3278 5423 est
3311 5366 3556 5422 minime
3585 5365 3673 5420 di-

2020 5463 2232 5519 stantis
2263 5477 2366 5518 seu
2396 5459 2702 5532 praesentis
2751 5457 3114 5530 infinitaeque
3164 5457 3292 5512 vitae
3351 5457 3667 5528 particeps.
