4000 6200
397 280 501 335 315

1222 282 1586 335 APPENDIX
1627 283 1722 334 AD
1760 279 2000 334 OPERA
2037 283 2096 334 S.
2138 280 2453 334 DIONYSII
2491 280 2991 336 AREOPAGITE.
3654 285 3738 339 316

397 405 909 469 Quemadmodum
945 403 1124 476 igitur
1152 405 1306 460 Deus
1338 405 1603 459 conditor
1643 419 1846 460 eorum
1878 403 2053 458 etiam

2179 402 2316 456 κέναι
2371 401 2500 465 τοὺς
2555 400 2753 464 αῗῶνας
2814 403 3030 478 Λὲγεται
3077 401 3194 458 ἀντὶ
3226 406 3318 458 τοῦ
3355 405 3418 458 τὰ
3442 406 3610 474 νοητὰ,
3637 406 3740 462 αἰὼν

397 511 525 564 quae
547 493 956 564 aeternitatem,
981 494 1034 548 id
1068 498 1158 549 est
1187 493 1332 549 illud
1362 496 1517 566 quod
1551 510 1783 565 semper
1814 498 2058 564 est,par-

396 583 664 654 ticipant,
690 587 746 637 et
764 582 1152 638 similitudine
1185 585 1439 654 quadam
1473 583 2056 638 aeternitatcsdicun-

396 678 512 738 tur,
548 673 932 727 aeternitatem
966 689 1196 728 creasse
1227 673 1444 728 dicitur
1494 689 1595 744 pro
1640 671 2054 743 intelligibilia.

397 778 529 815 cum
581 761 661 816 sit
707 777 907 816 eorum
960 764 1274 828 aeternitas,
1307 767 1480 829 atque
1512 765 1924 828 conservator;
1973 759 2059 814 ita

399 852 574 906 etiam
608 857 842 921 tempus
873 851 1091 905 dicitur
1123 851 1220 921 qui
1251 852 1535 922 temporis
1567 867 1797 920 expers,
1823 855 1886 904 ut
1915 854 2059 904 tem-

399 957 606 1011 porum
639 946 873 1007 auctor;
909 941 1062 1010 quod
1097 939 1250 994 enim
1286 940 1343 994 in
1378 939 1852 1010 intelligibilibus
1893 944 2056 994 aeter-

398 1029 553 1084 nitas
581 1045 683 1083 seu
717 1045 922 1095 avum,
946 1028 1089 1082 illud
1127 1029 1317 1100 ipsum
1351 1034 1440 1084 est
1471 1029 1526 1083 in
1562 1029 1882 1084 sensilibus
1904 1034 2054 1082 tem-

399 1135 548 1188 pus:
583 1117 737 1172 sicut
767 1117 946 1188 igitur
977 1117 1231 1172 visibilia
1275 1124 1414 1172 sunt
1464 1119 1754 1190 imagines
1784 1117 2057 1171 invisibi-

398 1206 543 1262 lium
575 1212 632 1261 et
668 1206 1155 1276 intelligibilinm,
1179 1224 1244 1262 ac
1266 1207 1649 1262 aaternitatem
1682 1205 1932 1261 dicimus
1953 1204 2056 1260 mi-

398 1297 553 1351 nime
585 1299 933 1350 trementem
969 1295 1128 1350 illam
1163 1300 1337 1367 atque
1371 1295 1549 1350 simul
1581 1301 1762 1351 totam
1781 1297 1967 1350 vitam
1992 1311 2059 1350 ac

398 1384 688 1440 inlinitam
742 1383 1013 1456 protinus
1059 1385 1418 1456 omninoque
1476 1385 1730 1450 ﬁrmam,
1764 1401 1830 1440 ac
1860 1385 1917 1438 in
1944 1399 2060 1439 uno

397 1478 574 1544 atque
620 1490 722 1544 per
773 1489 956 1528 unum
986 1477 1239 1528 stantem
1268 1491 1280 1529 :
1315 1474 1399 1528 sic
1431 1474 1608 1530 etiam
1643 1478 1899 1545 tempus,
1933 1477 2060 1528 tum

399 1563 638 1631 quidem
671 1561 729 1615 in
763 1577 828 1616 eo
863 1563 1017 1632 quod
1043 1579 1279 1634 semper
1305 1569 1396 1619 cst
1425 1564 2060 1635 requiescere,appare-

399 1668 460 1704 re
491 1667 624 1704 vero
658 1649 714 1704 in
749 1651 1032 1720 subjecto,
1069 1653 1303 1722 quando
1345 1653 1518 1707 etiam
1553 1657 1755 1723 postea
1787 1657 2058 1707 naturam

398 1737 690 1794 visibilem
725 1740 1036 1810 procedere
1065 1742 1387 1811 oportebat.
1423 1744 1626 1812 Itaque
1683 1757 2055 1811 progressum

400 1825 605 1882 divinae
638 1827 919 1882 bonitatis
951 1829 1021 1882 ad
1056 1828 1294 1884 sensilia
1339 1834 1401 1883 ut
1444 1846 1508 1884 ea
1555 1831 1863 1900 producat,
1890 1845 2059 1885 voca-

402 1932 536 1970 mus
565 1921 839 1987 tempus;
893 1933 1008 1971 non
1059 1918 1216 1972 enim
1272 1923 1468 1974 motus
1499 1918 1948 1973 interstitiorum
1985 1919 2057 1973 ad

401 2009 596 2076 partes
628 2010 686 2060 et
714 2011 1094 2077 tempestates
1119 2011 1176 2061 et
1199 2013 1400 2062 noctes
1422 2012 1479 2062 et
1502 2008 1650 2075 dies,
1676 2012 1765 2062 est
1799 2013 2059 2079 tempus,

399 2095 499 2148 sed
521 2094 784 2164 ejusdem
805 2111 938 2149 cum
959 2099 1219 2166 tempore
1239 2096 1496 2152 nominis
1520 2117 1533 2164 ;
1560 2097 2059 2167 quemadmodum

401 2183 555 2238 enim
609 2184 763 2254 quod
820 2190 1124 2240 mensurat
1151 2190 1207 2240 et
1240 2191 1636 2251 mensuratur,
1666 2186 1928 2241 solemus
1959 2202 2062 2241 eo-

402 2271 532 2326 dem
567 2273 863 2344 appellare
912 2273 1186 2328 nomine:
1241 2275 1319 2328 ita
1368 2275 1566 2340 etiam,
1619 2275 1734 2344 hic,
1785 2273 1961 2329 veluti
2014 2275 2062 2329 si

401 2361 559 2430 quod
595 2362 789 2417 cubito
821 2363 1292 2420 mensuravimus
1326 2366 1480 2420 I70
1511 2365 1630 2420 sive
1661 2365 2061 2435 pavimentum

2167 490 2345 544 αὐτῶν
2380 489 2477 559 ὢν,
2511 491 2601 544 καὶ
2634 491 2926 565 συνοχεύςο
2963 490 3105 546 οὕτω
3135 491 3222 545 καὶ
3254 490 3438 565 χρόνος
3489 493 3514 546 6
3555 491 3742 568 ἃχρονος

2168 577 2400 652 λέγεται,
2435 581 2527 634 ἅτε
2553 581 2642 634 καὶ
2671 579 2886 655 χρόνων
2922 578 3093 642 αἴτιος
3111 599 3123 612 ·
3159 582 3286 654 ὅπερ
3315 581 3410 655 γὰρ
3441 580 3489 636 ἐν
3516 587 3617 644 τοῖς
3642 604 3742 653 νοη-

2163 674 2282 732 τοῖς
2333 668 2488 736 αἶὼν,
2541 670 2703 724 τοῦτό
2761 668 2900 723 ἐστιν
2958 669 3008 723 ἐν
3062 675 3178 730 τοῖς
3249 669 3518 740 αἶ’σῦητοῖς
3567 670 3744 746 χρόνος.

2166 760 2369 834 Ὥσπερ
2402 757 2492 812 οῦν
2521 759 2588 812 τὰ
2609 758 2861 831 ὁρώμενα
2887 758 3087 822 εἰκόνες
3117 758 3220 813 εἶσὶ
3259 764 3364 812 τῶν
3412 759 3628 834 ἀοράτων
3677 761 3746 815 καὶ

2165 853 2402 919 νοητῶν,
2433 848 2522 902 καὶ
2569 848 2741 902 αἰῶνα
2793 847 3026 922 λέγομεν
3068 849 3165 916 τῆν
3207 849 3408 924 ἀτρεμῆ
3458 846 3640 916 ἐκείνην
3677 851 3748 904 καὶ

2167 938 2307 1009 ὁμοῦ
2335 941 2507 990 πᾶσαν
2544 937 2711 1007 ζωὴν,
2743 936 2832 990 καὶ
2865 933 3085 1011 ἄπειρον
3138 935 3246 1005 ἤδη
3295 936 3381 991 καὶ
3427 937 3601 1004 ἀκλινῆ
3643 937 3749 991 πάν-

2165 1046 2256 1095 τη,
2285 1025 2373 1080 καὶ
2423 1025 2474 1078 ὲν
2527 1025 2624 1092 ἐνὶ,
2658 1025 2746 1080 καὶ
2787 1029 3132 1101 προεστῶσαν
3168 1045 3180 1056 ·
3216 1025 3354 1080 οὕτω
3399 1026 3482 1078 καί
3521 1025 3604 1079 τὸν
3641 1025 3750 1100 χρό-

2166 1135 2279 1186 νον,
2310 1114 2436 1169 τότε
2469 1116 2566 1187 μὶν
2598 1113 2650 1169 ἐν
2679 1119 2758 1186 τῷ
2807 1114 2889 1168 ἀεὶ
2939 1110 3052 1168 ὄντι
3105 1113 3475 1180 ἀναπαύεσθαι,
3506 1111 3751 1190 ἐκφανῆναι

2167 1201 2224 1259 δὲ
2275 1206 2394 1268 καθ’
2451 1199 2736 1269 ὑπόϐασιν,
2791 1203 2879 1258 ὅτε
2925 1204 3015 1257 καὶ
3090 1202 3306 1278 ὕστερον
3371 1201 3518 1279 φύσιν
3589 1204 3749 1277 ὁρατὴν

2167 1293 2341 1368 ἐχρῆν
2373 1291 2682 1368 προελθεῖν.
2716 1294 2832 1362 Τῆν
2865 1290 2956 1346 οὗν
2988 1291 3064 1354 εἷς
3094 1292 3161 1347 τὰ
3191 1291 3417 1361 αἰσθητὰ
3437 1287 3652 1365 πρόοδον
3676 1294 3753 1354 τῆς

2170 1380 2245 1444 εἷς
2271 1382 2335 1436 τὸ
2371 1386 2532 1436 ταῦτα
2563 1378 2921 1456 δημιουργεῖν
2957 1380 3287 1456 ἀγαθότητος
3318 1380 3412 1435 τοῦ
3442 1383 3564 1434 Θεοῦ
3601 1377 3760 1433 καλοῦο

2173 1491 2266 1544 μεν
2315 1470 2538 1548 χρόνονο
2592 1471 2656 1526 ού
2697 1491 2798 1547 γαρ
2847 1473 2881 1540 ἡ
2927 1469 3139 1540 κίνησις
3180 1475 3290 1524 τῶν
3339 1469 3414 1530 εἷς
3474 1468 3649 1544 μοίρας
3686 1469 3754 1522 καὶ

2171 1560 2314 1634 ὥρας
2351 1561 2442 1614 καὶ
2490 1560 2683 1621 νύκτας
2731 1559 2820 1614 καὶ
2857 1558 3070 1634 ἡμέρας
3109 1557 3456 1625 διαστάσεων,
3482 1561 3627 1612 τοῦτο
3654 1555 3758 1630 χρό-

2169 1670 2283 1717 νος,
2317 1647 2443 1703 ἀλλ’
2475 1650 2770 1721 ὁμώνυμον
2801 1653 2880 1720 τῷ
2908 1649 3096 1723 χρόνῳ
3126 1667 3138 1680 ·
3169 1646 3346 1719 ὥσπερ
3375 1648 3472 1722 γὰρ
3491 1649 3548 1700 τὸ
3574 1648 3760 1718 μετροῦν

2169 1737 2258 1792 καὶ
2320 1737 2684 1812 μετρούμενον
2737 1737 3003 1809 εἰώθαμεν
3065 1737 3374 1810 ὁμωνύμως
3419 1734 3611 1805 καλεῖν,
3651 1732 3762 1786 οῧτω

2169 1825 2259 1880 καὶ
2293 1824 2518 1880 ἐνταῦθα
2551 1845 2563 1858 ·
2601 1827 2738 1897 οἷον,
2773 1824 2858 1880 ἐὰν
2889 1827 2952 1880 τὸ
2997 1826 3098 1880 ὑπὸ
3147 1826 3374 1899 πήχεως
3426 1822 3762 1897 μετρούμενον,

2170 1912 2276 1969 εἶ’τε
2307 1910 2528 1992 ἔδαφος,
2561 1913 2667 1970 εἴτε
2697 1921 2908 1989 τεῖχος,
2932 1914 2967 1984 ἢ
2999 1912 3206 1989 ἕτερον,
3237 1920 3420 1988 πῆχυν
3462 1911 3685 1988 λέγομεν.
3711 1911 3761 1966 Ai

2169 2009 2300 2078 γοῦν
2327 2009 2434 2058 τῶν
2465 2003 2698 2078 ἀστέρων
2743 2005 2930 2080 φοραὶ,
2960 2003 3094 2058 κατὰ
3145 2007 3210 2058 τὸ
3267 2003 3562 2076 εἰρημὲνον,
3590 2002 3760 2054 Ἔστω·

2171 2115 2263 2148 σαν
2321 2092 2398 2154 εἷς
2457 2099 2658 2165 σημεῖα
2715 2092 2804 2146 καὶ
2864 2092 2941 2154 εἷς
2999 2092 3246 2168 καιροὺς,
3278 2093 3367 2146 καὶ
3411 2090 3482 2152 εἷς
3511 2087 3760 2153 ἐνιαυτοὺς,

2171 2182 2309 2255 πρὸς
2343 2180 2628 2254 διορισμὸν
2659 2182 2747 2236 καὶ
2793 2179 3035 2252 δήλωσιν
3077 2184 3216 2254 ἡμῖν
3253 2182 3446 2256 ἐναργῆ
3490 2181 3620 2252 παρὰ
3659 2180 3765 2231 Θεοῦ

2173 2270 2440 2346 ἐγένοντο.
2473 2273 2534 2326 Ὀ
2588 2268 2679 2324 οὖν
2737 2270 2826 2324 καὶ
2882 2275 3050 2325 ταῦτα
3103 2268 3378 2340 διατάξας,
3409 2267 3557 2330 αὐτὸς
3600 2265 3652 2320 ἂν
3699 2262 3764 2331 εἴη

2176 2359 2546 2434 ὑπεραιωνίως
2577 2359 2666 2413 καὶ
2697 2359 2950 2434 ἆχρόνως
2979 2364 3147 2414 ταῦτα
3169 2359 3246 2422 ὡς
3277 2358 3468 2420 αἴτιος.

413 2450 535 2504 sive
563 2466 799 2506 murum
832 2457 934 2506 aut
962 2452 1117 2508 aliud
1153 2453 1414 2509 cubitum
1450 2453 1724 2508 dicimus.
1756 2453 1949 2508 Motus
1999 2451 2176 2523 igitur
2233 2456 2550 2516 astrorum,
2611 2451 2934 2505 secundum
2994 2450 3140 2504 illud
3201 2449 3512 2520 Scriptura:
3543 2463 3556 2502 :
3601 2445 3705 2501 Sint
3731 2443 3773 2498 in

407 2540 567 2608 signa
597 2547 651 2594 et
679 2542 740 2594 in
767 2546 1018 2613 tempora
1043 2549 1095 2597 et
1127 2545 1187 2597 in
1215 2559 1386 2598 annos
1419 2543 1510 2614 (τ),
1547 2541 1680 2598 facti
1712 2547 1854 2598 sunt
1885 2558 1918 2597 a
1947 2541 2064 2597 Deo
2095 2541 2167 2596 ad
2200 2539 2600 2595 definitionem
2631 2545 2686 2594 et
2718 2539 3248 2595 manifestationem
3281 2539 3449 2594 nobis
3477 2537 3773 2594 evidentem:

409 2625 460 2682 is
488 2644 624 2699 ergo
659 2628 759 2700 qui
794 2629 916 2686 haec
947 2631 1259 2700 disposuit,
1286 2636 1484 2701 posset
1513 2631 1634 2687 haec
1663 2647 1791 2688 esse
1822 2648 2002 2703 supra
2031 2630 2413 2686 aeternitatem
2446 2634 2621 2698 atque
2651 2628 2779 2684 sine
2806 2634 3071 2700 tempore
3100 2633 3164 2682 ut
3194 2645 3392 2684 causa.

484 2722 550 2774 Et
578 2734 754 2790 neque
783 2723 922 2774 erat.
956 2721 1153 2792 Neque
1183 2725 1318 2788 erat,
1353 2737 1539 2791 neque
1591 2726 1687 2786 est,
1722 2737 1914 2793 neque
1961 2720 2067 2776 erit

414 2806 647 2878 proprie
677 2807 748 2862 de
778 2807 896 2864 Deo
945 2807 1182 2877 dicitur,
1210 2809 1364 2864 Deus
1406 2809 1562 2864 enim
1615 2809 1736 2864 haec
1789 2813 2066 2880 superat;

411 2894 628 2950 dicitur
655 2911 790 2951 vero
821 2897 992 2952 etiam
1030 2897 1147 2952 haec
1195 2915 1343 2968 esse,
1377 2902 1684 2969 propterea
1735 2898 1889 2969 quod
1942 2898 2068 2969 ipse

413 2984 740 3039 secundum
773 3001 1007 3041 omnem
1037 2985 1445 3057 cogitationem
1494 2985 2068 3058 superessentialiter

410 3071 659 3128 exsistit.

2252 2717 2355 2773 Καὶ
2388 2713 2510 2772 οὔτε
2538 2717 2628 2785 ἦν’
2661 2718 2783 2774 ’Ότι
2815 2713 2939 2772 οὔτε
2983 2717 3044 2772 τὸ
3093 2716 3186 2784 ἦν,
3221 2712 3345 2772 οὔτε
3398 2716 3457 2769 τὸ
3510 2710 3656 2779 ἔστιν,
3680 2707 3774 2764 οὔτε

2176 2805 2238 2860 τὸ
2288 2803 2433 2859 ἔσται
2491 2804 2696 2879 κυρίως
2751 2803 2958 2879 λέγεται
3019 2803 3108 2859 ἐπὶ
3155 2809 3294 2859 Θεοῦ
3327 2825 3339 2839 ·
3375 2803 3502 2878 ὑπὲρ
3529 2802 3618 2877 γὰρ
3643 2801 3774 2853 ταῦτα

2178 2895 2206 2948 6
2265 2893 2418 2954 Θεός.
2451 2893 2675 2968 Λέγεται
2736 2890 2793 2947 δὲ
2850 2894 2938 2947 καὶ
2994 2897 3160 2948 ταῦτα
3221 2890 3311 2947 διὰ
3363 2892 3426 2946 τὸ
3477 2889 3600 2945 κατὰ
3635 2893 3772 2941 πᾶσαν

2177 2982 2416 3037 ἐπίνοιαν
2453 2981 2782 3058 ὑπερουσίως
2811 2981 2971 3037 αὐτὸν
3006 2981 3162 3038 εἶναι.

2247 3069 2384 3129 Οὔτε
2431 3072 2518 3140 ἦν.
2570 3069 2763 3135 Καλῶς
2797 3070 2985 3139 εἶπεν,
3019 3068 3142 3126 οὔτε
3189 3071 3255 3140 ἦν
3299 3089 3312 3102 ·
3345 3070 3406 3125 τὸ
3461 3067 3556 3142 γὰρ
3604 3066 3662 3134 ἦν
3698 3061 3775 3131 δη·

481 3162 661 3233 Neque
690 3170 830 3218 erat.
855 3163 1028 3219 Recto
1060 3163 1228 3230 dixit,
1259 3179 1429 3236 neque
1457 3167 1594 3220 erat.
1628 3164 1773 3220 Nam
1809 3171 1934 3220 erat
1965 3164 2062 3219 de-

2180 3159 2414 3216 λωτικόν
2443 3160 2553 3215 ἐστι
2587 3161 2808 3235 χρόνου.
2844 3161 2995 3216 Ἐστι
3029 3157 3086 3214 δὲ
3115 3159 3144 3214 6
3170 3159 3317 3222 Θεὸς,
3351 3157 3440 3214 καὶ
3490 3156 3609 3231 ὑπὲρ
3634 3154 3686 3207 τὸ
3707 3152 3777 3219 ἦν,

411 3249 760 3306 clarativum
785 3257 873 3306 est
897 3253 1201 3324 temporis.
1228 3253 1381 3307 Deus
1411 3270 1545 3309 vero
1576 3258 1665 3309 est
1687 3253 1860 3308 etiam
1894 3269 2074 3323 supra

410 3343 556 3404 erat,
583 3341 636 3393 id
665 3345 753 3395 est
775 3356 954 3410 supra
978 3346 1234 3411 tempus.
1260 3344 1330 3396 At
1352 3342 1540 3396 dices:
1569 3345 1637 3396 Et
1659 3341 1952 3412 quomodo
1974 3341 2071 3396 lia-

413 3428 584 3483 betur
615 3430 684 3484 de
717 3429 816 3484 Dei
847 3429 1070 3485 Verbo:
1107 3432 1169 3486 In
1200 3430 1480 3502 principio
1510 3434 1628 3486 erat
1663 3432 1899 3486 Verbum
1945 3430 2019 3501 (a)
2039 3429 2074 3483 ?

413 3517 556 3572 Ecce
587 3519 739 3572 enim
774 3518 868 3572 hic
901 3518 1152 3574 habetur
1180 3529 1330 3574 erat:
1356 3535 1508 3591 saepe
1543 3519 1816 3586 dicimus,
1843 3519 2068 3573 Patrem

414 3622 543 3662 esse
575 3607 929 3678 principium
979 3613 1036 3663 et
1082 3625 1317 3663 causam
1353 3610 1654 3677 omnium;
1713 3609 1840 3664 ideo
1893 3609 2073 3679 igitur

415 3696 514 3760 ait,
541 3697 600 3750 In
632 3696 908 3768 principio
939 3702 1057 3752 erat
1082 3698 1332 3765 Verbum,
1365 3698 1641 3768 quoniam
1679 3696 1860 3752 Filius
1891 3703 1980 3752 est
2011 3697 2069 3752 in

415 3783 600 3840 Patre.
632 3786 778 3856 Ergo
812 3787 957 3842 bene
990 3786 1174 3842 dixit:
1225 3789 1287 3842 In
1325 3786 1604 3858 principio
1634 3795 1760 3842 erat
1793 3787 2020 3841 Verbum
2047 3803 2066 3840 :

414 3889 585 3943 porro
617 3874 744 3940 erit,
777 3875 999 3931 clarum
1053 3879 1163 3940 est,
1205 3876 1314 3931 hoc
1367 3876 1522 3930 enim
1569 3876 1863 3947 significat
1914 3875 2066 3947 quod

415 3976 571 4014 nunc
603 3978 717 4016 non
750 3963 845 4028 sit,
879 3964 979 4018 sed
1015 3963 1328 4035 aliquando
1382 3965 1512 4033 erit,
1545 3965 1700 4037 quod
1733 3965 1804 4021 de
1833 3964 1948 4021 Deo
1980 3964 2068 4019 di-

415 4062 544 4102 cere
573 4047 824 4119 impium
855 4056 912 4106 et
940 4051 1227 4122 ineptum.

485 4137 592 4190 Aut
638 4138 825 4208 potius
871 4155 978 4194 non
1029 4144 1127 4195 est.
1171 4140 1655 4196 Subaudiendum
1714 4143 1890 4198 etiam
1950 4142 2071 4197 haec

417 4224 631 4295 quibus
682 4226 914 4297 proprie
963 4227 1308 4299 adjungitur
1355 4236 1494 4294 erat,
1527 4234 1585 4284 et
1632 4246 1758 4301 quae
1808 4229 1860 4285 ei
1906 4231 2068 4300 adja-

415 4319 587 4382 cent;
624 4319 726 4370 aut
763 4314 933 4370 aliter
988 4316 1435 4386 intelligendum
1489 4321 1556 4372 ut
1595 4333 1776 4388 supra
1833 4335 2067 4374 omnem

413 4402 605 4474 ipsius
680 4420 792 4460 esse
865 4404 1283 4475 cogitationem
1355 4421 1421 4460 ac
1495 4405 1900 4477 imagitionem
1972 4424 2069 4462 ex-

2179 3250 2452 3304 τουτέστιν
2509 3249 2640 3324 ὑπὲρ
2686 3248 2909 3322 χρόνον.
2955 3250 3126 3325 Ἐρεῖς
3174 3246 3291 3302 οῦν·
3347 3247 3443 3303 Καὶ
3486 3250 3591 3306 πῶς
3643 3246 3779 3296 κεῖται

2180 3338 2302 3410 περὶ
2351 3342 2448 3391 τοῦ
2497 3341 2630 3392 Θεοῦ
2684 3337 2887 3412 Λόγου·
2925 3338 3013 3394 Ἐν
3065 3337 3213 3411 ἀρχῇ
3264 3337 3334 3406 ἧν
3387 3339 3414 3391 6
3445 3335 3646 3408 Λόγος;
3675 3326 3781 3383 Ἰδοὺ

2180 3427 2282 3502 γὰρ
2317 3425 2538 3481 ἐνταῦθα
2567 3432 2742 3480 κεῖται
2769 3427 2832 3482 τὸ
2862 3427 2928 3495 ἦν
2965 3445 2976 3457 ·
3013 3424 3286 3486 πολλάκις
3321 3425 3565 3501 λὲγομεν,
3597 3421 3670 3475 δτι
3709 3418 3784 3492 dp—

2180 3517 2256 3590 χὴ
2289 3514 2379 3569 καὶ
2419 3515 2564 3569 αἰτία
2595 3516 2809 3570 πάντων
2844 3517 2871 3570 6
2904 3516 3089 3588 Πατήρ
3118 3534 3128 3546 ·
3165 3511 3254 3568 διὰ
3285 3519 3454 3569 τοῦτο
3483 3511 3592 3582 οὖν,
3613 3511 3687 3563 Ἐν
3706 3507 3783 3577 ἀρ-

2179 3609 2257 3679 χῇ
2301 3606 2391 3673 ἦν,
2439 3603 2624 3682 φησίν,
2659 3605 2686 3659 6
2730 3605 2926 3678 Λόγος,
2959 3601 3146 3672 ἐπειδὴ
3180 3605 3208 3657 6
3240 3604 3367 3664 Υἱὸς
3426 3601 3476 3657 ἐν
3533 3605 3604 3671 τῷ
3649 3590 3785 3667 Πατρί

2181 3693 2314 3749 ἐστι.
2370 3693 2560 3755 Καλῶς
2611 3692 2703 3747 οῦν
2752 3693 2927 3748 εἶπεν·
2981 3695 3069 3749 Ἐν
3113 3692 3261 3768 ἀρχῇ
3303 3693 3371 3761 ἦν
3423 3693 3450 3746 6
3499 3691 3696 3762 Λόγος·
3736 3683 3784 3736 τί)

2180 3781 2238 3837 δὲ
2297 3778 2442 3837 ἔσται
2501 3783 2663 3859 σαφές
2709 3780 2840 3837 ἐστι.
2867 3785 3043 3838 Τοῦτο
3083 3781 3182 3857 γὰρ
3230 3778 3420 3851 δηλοῖ,
3454 3778 3533 3834 ὅτι
3583 3781 3665 3831 νῦν
3709 3770 3786 3826 οὐκ

2179 3867 2341 3937 ἔστιν,
2375 3868 2500 3924 ἀλλ’
2533 3864 2678 3924 ἔσται
2711 3869 2864 3942 ποτὶ,
2891 3870 3023 3945 ὅπερ
3055 3867 3144 3923 ἐπὶ
3185 3872 3319 3923 Θεοῦ
3379 3865 3554 3943 λέγειν
3608 3861 3785 3918 ἀνόσιον

2178 3959 2268 4013 καὶ
2299 3957 2646 4035 ἀπρόσφορον
2661 3999 2675 4017 .

2251 4134 2480 4195 Μᾶλλον
2515 4135 2596 4205 δὲ,
2627 4134 2750 4192 οὔτε
2778 4134 2912 4194 ἐστί.
2933 4137 3448 4212 Προσυπακουστὲον
3475 4134 3561 4192 καὶ
3587 4136 3735 4188 ταῦτα
3755 4128 3786 4165 ι·

2180 4227 2262 4288 οἷς
2299 4225 2608 4302 ἐπιλέγεται
2647 4224 2851 4301 κυρίως
2897 4227 2959 4281 τὸ
3011 4224 3239 4302 ἐγένετο,
3271 4225 3362 4281 καὶ
3419 4226 3486 4280 τὰ
3539 4223 3625 4278 σὺν
3670 4217 3789 4286 αὐτῷ

2177 4312 2404 4387 κείμενα
2437 4333 2449 4347 ·
2479 4317 2513 4385 ἢ
2547 4313 2635 4370 καὶ
2684 4313 2879 4389 ἑτέρως
2918 4313 3162 4384 νοητὲον,
3196 4313 3270 4375 ὡς
3325 4314 3458 4386 ὑπὲρ
3505 4317 3664 4367 πᾶσαν
3713 4307 3791 4360 τοῦ

2205 4403 2228 4456 ἶ
2343 4398 2366 4422 ”
2501 4403 2510 4420 ⁸
2741 4403 2755 4422 ‘
3021 4403 3034 4456 ί
3160 4404 3173 4424 ⁸
3247 4404 3256 4421 ’
3616 4397 3655 4416 Μ
3768 4396 3788 4406 ”

2179 4423 2202 4457 ι
2227 4425 2308 4457 ναι
2341 4423 2545 4458 εννοιαν
2576 4425 2634 4460 τε
2667 4425 2758 4458 και
2809 4424 3012 4478 φαντασ
3038 4424 3098 4458 αν
3154 4423 3445 4479 υπαρχων.
3473 4403 3569 4456 Διὰ
3613 4417 3665 4454 οε
3714 4414 3791 4449 του

414 4494 650 4549 sistens.
684 4494 938 4551 Dicendo
982 4499 1177 4550 autem
1226 4492 1292 4546 τὰ
1339 4487 1490 4561 ὄντα,
1521 4495 1778 4550 declarat
1823 4513 1891 4552 ea
1941 4513 2062 4553 0m-

2179 4493 2346 4547 εἱπεῖν
2377 4489 2602 4548 τὰόντα
2631 4492 2691 4547 τὸ
2724 4491 2871 4555 ὅλως
2925 4492 3059 4548 αὐτὰ
3113 4492 3250 4568 πρὸς
3311 4492 3535 4567 ὕπαρξιν
3586 4489 3788 4562 ἀχθῆναι

2185 4578 2560 4589 -.ᾼίμμ
2703 4581 3101 4589 ....-
3248 4577 3376 4589 μ..
3685 4572 3749 4589 ,ς

411 4582 551 4638 nino
582 4583 654 4638 ad
687 4582 1083 4639 exsistentiam
1117 4583 1407 4638 adducta:
1447 4582 1589 4638 illud
1623 4600 1753 4640 vero
1793 4591 1846 4641 et
1887 4586 2065 4659 ipsum

409 4687 525 4727 esse
553 4688 744 4726 eorum
775 4688 893 4742 qua
922 4681 1052 4728 sunt
1084 4688 1408 4744 apponens,
1433 4671 1666 4729 illorum
1691 4689 2064 4745 perseveran-

410 4759 551 4815 tiam
586 4761 958 4832 significavit.

485 4850 609 4921 ἓν.
638 4852 836 4921 Estque
884 4853 1068 4922 ipsum
1114 4867 1213 4923 per
1253 4867 1330 4905 se.
1374 4851 1615 4907 Minime
1659 4853 2063 4909 arbitrandum

409 4944 516 5007 est,
551 4938 670 4995 haec
703 4941 816 4995 dici
851 4941 921 4995 de
953 4941 1216 4995 omnium
1265 4957 1464 5007 causa,
1494 4940 1594 4996 sed
1627 4943 1698 4996 de
1730 4942 1800 4998 iis
1832 4961 1958 5014 quae
1992 4945 2064 5002 ab

408 5025 536 5096 ipso
569 5045 669 5100 per
699 5031 1054 5085 creationem
1104 5029 1440 5084 subsistunt
1489 5029 1961 5101 intelligibilibus
2010 5039 2067 5090 et

407 5113 894 5189 intelligentibus,
966 5125 1144 5190 atque
1206 5117 1526 5174 sensilibus
1561 5135 1785 5175 necnon
1819 5123 2062 5181 caeteris.

407 5203 570 5260 Sicut
598 5207 755 5262 enim
778 5213 912 5264 ante
942 5207 1224 5278 diximus,
1248 5207 1404 5264 Deus
1434 5211 1524 5264 est
1555 5213 1689 5266 ante
1719 5225 1833 5268 esse
1853 5229 1874 5269 :
1925 5230 2064 5270 nam

481 5360 553 5434 (π)
582 5359 726 5417 Gen.
760 5377 804 5433 ι,
836 5362 923 5418 14.
1000 5363 1266 5438 (a)Joan.
1301 5381 1340 5434 1,
1376 5362 1425 5420 Ι.

2180 4579 2367 4652 δηλοῖ.
2399 4581 2470 4636 Τὸ
2517 4578 2574 4636 δὲ
2629 4581 2719 4637 καὶ
2779 4581 2907 4636 αὐτὸ
2955 4583 3018 4637 τὸ
3053 4583 3312 4637 εἶναιτῶν
3349 4577 3518 4636 ὄντων
3549 4572 3792 4655 προσθεὶς,

2171 4671 2271 4740 τὴν
2303 4668 2569 4746 διαμονὴν
2603 4670 2778 4726 αὐτῶν
2812 4670 3071 4745 ἐσήμανι.

2245 4858 2372 4923 §V.
2406 4855 2510 4909 Καὶ
2558 4849 2698 4908 ἔστιν
2749 4852 2878 4908 αύτό
2925 4853 3042 4907 καθ’
3069 4850 3219 4908 αὐτό.
3267 4855 3442 4905 Ταῦτα
3491 4849 3551 4904 οὗ
3600 4845 3676 4902 δεῖ
3717 4862 3791 4895 νο-

2179 4944 2354 5016 μίζειν
2409 4943 2532 5018 περὶ
2589 4947 2685 4997 τοῦ
2733 4946 2840 4996 τῶν
2883 4942 3126 4997 ἁπάντων
3169 4939 3342 4995 αἰτίου
3375 4937 3646 5014 λέγεσθαι,
3675 4929 3796 4989 ἀλλὰ

2173 5032 2298 5108 περὶ
2329 5037 2437 5087 τῶν
2473 5029 2523 5100 ἐξ
2554 5031 2719 5085 αὐτοῦ
2769 5028 3177 5108 δημιουργικῶς
3224 5027 3570 5085 ὑποστάντων
3617 5025 3797 5095 νοητῶν

2172 5143 2230 5177 τε
2261 5122 2351 5177 καὶ
2393 5125 2623 5192 νοερῶν,
2655 5121 2742 5174 καὶ
2783 5119 3080 5190 αἰσθητῶν,
3113 5119 3202 5175 καὶ
3263 5117 3496 5175 λοιπῶν⁵
3530 5115 3665 5173 καθὰ
3711 5110 3797 5189 γὰρ

2171 5211 2603 5287 προειρήκαμεν.
2639 5209 2668 5265 6
2696 5209 2825 5273 Θεὸς
2876 5211 2983 5286 πρὸ
3019 5214 3115 5267 τοῦ
3158 5208 3292 5266 εἶναι
3329 5228 3342 5243 ο
3400 5209 3490 5265 καὶ
3547 5207 3670 5284 γάρ.
3705 5202 3797 5258 ἔστι

1407 5507 1659 5567 νΑιιιΑι
1697 5509 2095 5568 LECTIONES
2128 5507 2221 5565 ET
2259 5509 2813 5571 GORRECTIONES.

478 5605 523 5643 ¹⁸
545 5603 680 5662 κατᾶ
705 5608 891 5663 ταῦτα.
