4000 6200
223 348 331 404 317

989 355 1046 406 S.
1087 355 1355 441 MAXIMI
1391 355 1693 411 SCHOLIA
1731 358 1806 410 IN
1844 357 1978 410 LIB.
2019 359 2116 410 DE
2155 358 2426 412 DIVINIS
2463 357 2876 415 NOMINIBUS.

3533 361 3640 416 318

224 468 438 543 προών·
468 469 531 523 τὸ
588 468 648 523 δὲ
703 469 839 524 εἶναι
897 473 1011 526 οἷον
1069 469 1298 550 ἔμφασιν
1345 473 1462 549 ἔχει
1510 476 1630 528 τινα
1671 486 1868 549 προϋπ-

1994 481 2082 530 est
2113 477 2297 550 προών
2332 495 2431 533 seu
2459 479 2888 549 prmexsistens;
2930 497 3058 536 esse
3088 485 3278 535 autem
3313 481 3490 538 habet
3519 482 3641 538 vel-

226 558 383 620 όντος
439 557 634 614 αἰτίου.
681 559 877 633 Προὼν
930 562 1024 632 μὲν
1068 563 1158 616 οῦν
1223 561 1435 638 λέγεται
1492 565 1519 618 ὁ
1569 564 1696 624 Θεὸς
1728 608 1743 631 ,
1793 565 1882 617 καὶ

227 645 426 702 λοιπὸν
461 647 680 722 λέγεται
729 649 818 703 καὶ
865 647 960 718 ὣν,
1013 651 1086 712 ὡς
1139 653 1386 707 ἁπάντων
1441 651 1633 715 α’ίτιος·
1669 654 1780 707 εἶτα
1823 653 1882 706 τὸ

225 736 362 789 εἶναι
392 738 462 790 τά
515 735 689 792 πάντα
721 737 773 807 ἐξ
826 740 1013 795 αὑτοῦ.
1055 741 1123 794 Τὸ
1173 741 1263 794 οῦν
1315 742 1445 796 εἶναι
1494 743 1611 797 κατ’
1643 742 1878 797 ἐπίνοιαν

225 825 285 879 ἐκ
323 834 570 902 μετοχῆς
607 829 808 898 ὑπέστη
860 834 955 882 τοῦ
1001 836 1247 904 προεῖναι
1297 831 1483 900 αὑτοῦ,
1519 832 1623 907 οὑχ
1671 833 1746 894 ὡς
1787 853 1880 906 με·

223 917 502 985 ρισθέντος
533 921 630 970 τοῦ
662 921 796 971 Θεοῦ
827 917 904 979 εἰς
933 920 995 972 τὸ
1027 921 1161 972 εἶναι
1211 920 1298 974 καὶ
1331 927 1597 994 προεῖναι,
1631 921 1778 976 ἀλλὰ
1818 922 1881 975 τὸ

222 1002 446 1075 οέλημα
500 1005 668 1059 αὑτοῦ
721 1011 784 1061 τὸ
843 1009 1151 1082 παραγαγὸν
1205 1009 1282 1072 εἲς
1326 1011 1387 1064 τὸ
1429 1011 1562 1064 εἶναι
1615 1011 1680 1064 τὰ
1731 1007 1878 1078 ὄντα,

221 1097 387 1146 τοῦτο
420 1093 641 1170 λέγεται
692 1097 828 1150 εἶναι
871 1100 1214 1172 προϋποστάν
1261 1100 1312 1153 ἐν
1345 1104 1424 1170 τῷ
1464 1105 1600 1172 Θεῷ,
1633 1099 1720 1154 καὶ
1751 1099 1876 1154 τοὺ-

219 1202 319 1235 του
350 1187 449 1236 τοῦ
480 1184 624 1238 θείου
676 1185 986 1258 θελήματος
1033 1187 1109 1250 εἰς
1155 1189 1218 1242 τὸ
1268 1189 1398 1242 εἶναι
1428 1189 1598 1243 κτίσιν
1648 1209 1878 1265 προορι-

221 1270 472 1340 σθέντος,
507 1273 734 1337 εἰκότως
765 1276 870 1350 πρὸ
898 1280 1008 1331 τῶν
1040 1275 1250 1346 ἄλλων,
1286 1279 1359 1332 ὧν
1395 1280 1612 1354 μετέχει
1642 1279 1708 1333 τα
1752 1275 1879 1332 ὄντα

214 1365 319 1415 τοῦ
351 1366 512 1429 Θεοῦ,
544 1358 880 1438 πρεσϐυτέρα
925 1386 1006 1427 τις
1054 1364 1202 1441 ἀρχή
1299 1371 1397 1421 τοῦ
1447 1369 1600 1430 εἶναι,
1650 1366 1878 1422 ἐπινοεῖ-

217 1470 308 1503 ται
341 1448 506 1512 αὐτὸς
537 1452 566 1505 ὁ
596 1453 754 1514 Θεός·
793 1458 1009 1524 πρῶτον
1058 1453 1157 1528 γάρ
1208 1454 1318 1508 ἐστί
1366 1476 1440 1526 τι,
1472 1457 1561 1510 καὶ
1613 1457 1737 1510 τότε
1766 1455 1876 1510 ἐστὶ

218 1539 312 1594 καὶ
369 1541 508 1610 ζωή,
556 1541 645 1596 καὶ
697 1541 870 1620 σοφία.
914 1544 982 1600 Οἱ
1028 1548 1156 1620 γοῦν
1205 1545 1427 1618 ἀόρατοι
1473 1546 1561 1599 καὶ
1611 1545 1878 1600 ἀνώτατοι

221 1630 344 1691 νόες
379 1633 602 1704 πρῶτον
656 1636 754 1686 τοῦ
798 1633 930 1687 εἶναι
972 1633 1260 1708 μετέσχον,
1289 1634 1378 1688 καὶ
1427 1635 1570 1688 οὕτω
1613 1637 1755 1703 ζωῆς
1788 1635 1875 1689 καὶ

223 1717 442 1793 σοφίας.
473 1723 676 1793 ’Ὠσπερ
708 1721 808 1795 γὰρ
844 1721 922 1799 ἐφ’
949 1723 1112 1794 ἡμῶν
1144 1724 1336 1798 πρώτη
1380 1745 1460 1786 τις
1513 1723 1712 1794 ὑπέστη
1746 1723 1876 1795 ὕλη,

221 1807 314 1884 ἀφ’
361 1809 429 1876 ἧς
480 1807 661 1882 ἐσμέν·
715 1809 858 1865 οὕτω
903 1811 996 1866 καὶ
1055 1811 1141 1866 ἐπὶ
1192 1818 1298 1867 τῶν
1350 1813 1654 1887 ἀσωμάτων
1711 1818 1874 1882 νοῶν,
1910 1855 1955 1918 Β

230 1896 272 1918 κ’
377 1897 390 1916 \
427 1896 484 1918 9"
686 1904 707 1914 θ
869 1899 882 1918 ν
932 1901 946 1918 \
1021 1902 1034 1917 \
1075 1899 1102 1918 Q‘
1172 1901 1186 1918 9
1248 1904 1256 1917 ο
1428 1900 1452 1918 ἢ
1490 1903 1503 1918 \
1543 1908 1568 1918 υ
1627 1909 1652 1918 α.
1735 1901 1786 1918 wh

222 1896 392 1951 οἱονεὶ
426 1896 559 1965 ὕλη,
591 1904 793 1953 νοεῖται
824 1899 954 1955 αὑτὸ
981 1902 1044 1955 τὸ
1075 1899 1133 1955 ὃν
1169 1901 1392 1956 ἑκάστου
1425 1900 1512 1956 διὰ
1543 1908 1686 1971 ζωῆς
1709 1901 1877 1971 εἶδος,

217 1987 310 2040 καὶ
342 1988 461 2040 καθ’
492 1988 520 2041 ’ὁ
550 1988 812 2042 οὑσίωται
862 1989 942 2051 εἷς
995 1992 1140 2060 ζωὴν
1188 1991 1278 2046 καὶ
1327 1991 1520 2052 σοφίαν
1554 1991 1641 2045 καὶ
1675 1992 1872 2063 ὁμοιό-

216 2097 378 2146 τητα.
415 2078 756 2148 Ὁμοιότητα
786 2076 960 2134 δὲκαὶ
1011 2077 1122 2134 ἅνω
1167 2079 1522 2153 διεξήλθομεν
1568 2081 1656 2136 καὶ
1686 2082 1876 2136 ταύτό-

218 2185 380 2234 τητα,
436 2167 535 2226 τὰς
592 2166 906 2241 ἀναγωγοὸς
966 2167 1052 2223 έπί
1113 2171 1240 2224 Θεὸν
1297 2167 1579 2244 δυνάμεις,
1639 2172 1757 2234 καθ’
1811 2172 1870 2233 ἂς

219 2255 543 2325 ὁμοιοῦνται
587 2256 734 2329 αὑτῷ
777 2264 1069 2333 προσεχεῖς
1119 2260 1267 2330 αὑτῷ
1306 2260 1482 2328 οὖσαι,
1527 2261 1616 2314 καί
1665 2259 1872 2314 τούτων

214 2346 337 2405 καθ’
387 2339 650 2398 ὑπόϐασιν
707 2347 997 2421 μετέχουσι
1046 2347 1112 2402 τὰ
1147 2348 1280 2420 μετὰ
1324 2347 1490 2403 ταῦτα
1529 2354 1744 2422 πρῶτον
1776 2351 1865 2403 καὶ

211 2431 352 2485 αὑτὰ
397 2437 497 2486 τοῦ
547 2433 681 2488 εἶναι
733 2436 1052 2511 μετέχοντα.
1086 2437 1285 2512 Ἀρχὰς
1332 2435 1390 2492 δὲ
1431 2443 1538 2492 τῶν
1573 2435 1742 2492 ὄντων
1774 2439 1869 2499 τὰς

209 2523 440 2594 πρώτας
501 2523 806 2586 ὑποπάσας
857 2524 908 2580 ἐν
956 2529 1025 2599 τῇ
1071 2526 1238 2582 κτίσει
1287 2526 1470 2588 οὐσίας
1518 2527 1740 2596 νόησον,
1772 2527 1862 2602 ἀρο

212 2610 323 2682 χὰς
356 2608 680 2684 λεγομένας,
731 2613 855 2689 οὐχ’
909 2613 990 2669 ὅτι
1041 2613 1092 2685 ἐξ
1140 2615 1315 2669 αὐτῶν
1360 2617 1425 2670 τὰ
1477 2613 1620 2686 ὄντα,
1655 2615 1729 2676 ὠς
1760 2616 1865 2669 ἀπὸ

212 2699 530 2773 στοιχείων,
564 2699 689 2756 ἀλλ’
719 2701 823 2774 ὅτι,
866 2703 1004 2766 καθὰ
1053 2701 1286 2778 ε’ίρηται,
1329 2705 1436 2778 πρὸ
1465 2709 1571 2759 τῶν
1626 2705 1740 2778 μετ’
1771 2703 1864 2758 αὑ-

205 2789 307 2851 τάς
337 2787 885 2866 ἐδημιουργήθησαν·
921 2794 1031 2848 οἷον
1066 2793 1152 2848 ἐπὶ
1188 2795 1281 2867 μὲν
1313 2799 1421 2849 τῶν
1449 2799 1663 2865 νοητῶν
1714 2794 1860 2868 ἀρχὴ

205 2878 440 2942 κτίσεως
470 2881 677 2954 θρόνοι,
709 2882 798 2936 καὶ
850 2882 992 2939 οὕτω
1034 2884 1099 2938 τὰ
1149 2884 1293 2956 ὲξῆςθ
1320 2884 1406 2940 ἐπὶ
1448 2882 1504 2939 δὲ
1532 2889 1638 2939 τῶν
1675 2884 1865 2954 αἰσθη-

207 2971 321 3021 τῶν
378 2967 530 3044 ἀρχὴ
582 2970 806 3033 κτίσεως
863 2972 1086 3047 οὐρανὸς
1144 2973 1232 3028 καὶ
1291 2977 1382 3048 γῆ·
1433 2975 1520 3030 Ἑν
1569 2966 1727 3048 ἀρχῇ
1763 2973 1864 3048 γὰρ

209 3055 466 3127 ἰποίησεν
527 3060 554 3114 6
605 3061 734 3125 Θεὸς
787 3063 878 3116 τὸν
959 3062 1181 3139 οὐρανὸν
1253 3063 1342 3119 καὶ
1417 3065 1516 3133 τήν
1573 3070 1697 3139 γῆν·
1755 3067 1862 3118 τῶν

206 3148 308 3222 γὰρ
369 3147 641 3218 αἶσθητῶν
693 3151 1069 3225 πρωτόκτιστα
1121 3151 1307 3210 ταῦτα.
1371 3153 1496 3209 Εἶτα
1554 3153 1640 3207 καὶ
1675 3149 1864 3213 ἄλλως

209 3235 264 3287 αἱ
295 3232 375 3289 ἰδέ
543 3236 557 3256 ‘
632 3238 643 3257 ‘
852 3237 874 3256 "
913 3239 925 3258 '
1189 3241 1196 3258 '
1435 3241 1447 3258 ‘
1813 3240 1826 3258 ’

355 3257 435 3289 ιαι
468 3257 558 3290 και
587 3257 654 3292 τα
697 3253 1126 3314 παραοειγματα,
1163 3243 1296 3316 ἅπερ
1349 3239 1449 3294 εἰσι
1499 3242 1714 3310 νοήσεις
1767 3261 1862 3294 αυ-

1995 567 2079 620 uti
2107 568 2429 638 quamdam
2479 568 3038 624 demonstrationem
3090 585 3280 624 causae
3329 586 3456 640 quae
3507 578 3643 626 ante

1993 655 2284 710 subsistit.
2301 659 2500 727 Itaque
2517 657 2669 712 Deus
2684 656 3116 729 diciturnpotbv,
3133 675 3197 712 ac
3221 660 3474 729 denique
3496 660 3641 713 dici-

1991 746 2088 796 tur
2117 745 2288 798 etiam
2322 741 2417 810 ὥν,
2455 750 2519 798 ut
2550 745 2812 799 omnium
2849 752 3071 810 auctor,
3107 747 3316 801 deinde
3347 747 3544 801 omnia
3575 765 3644 802 ex

1990 830 2117 902 ipso
2149 849 2295 887 esse.
2332 834 2477 904 Ergo
2508 849 2619 888 esse
2649 836 2975 889 secundum
3033 835 3466 906 cogitationem,
3503 837 3642 891 sub-

1991 920 2147 975 sistit
2179 938 2279 992 per
2311 922 2816 993 participationem
2865 924 2994 993 ejus
3043 926 3197 994 quod
3252 925 3593 995 prmexstitit
3626 941 3640 979 :

1992 1027 2106 1064 non
2138 1013 2290 1080 quod
2326 1011 2478 1066 Deus
2509 1012 2732 1066 divisus
2763 1013 2837 1066 sit
2868 1013 2925 1066 in
2959 1029 3086 1067 esse
3117 1029 3183 1067 ac
3215 1019 3347 1068 ante
3374 1015 3638 1083 esse,sed

1989 1099 2178 1169 ipsius
2211 1099 2480 1154 voluntas
2513 1118 2638 1171 qua:
2684 1118 2776 1155 res
2826 1103 2880 1155 in
2931 1117 3061 1156 esse
3095 1102 3390 1173 produxit,
3425 1102 3644 1157 dicitur

1988 1187 2047 1242 in
2082 1187 2197 1242 Deo
2229 1194 2360 1243 ante
2392 1189 2750 1254 substitisse,
2785 1197 2960 1260 atque
2987 1191 3194 1244 divinas
3230 1191 3409 1262 hujus
3442 1191 3642 1247 volun-

1989 1277 2146 1342 tatis,
2195 1279 2266 1331 ad
2312 1284 2587 1332 creaturas
2643 1279 3046 1334 exsistentiam
3099 1281 3640 1350 prmdeterminatze,

1988 1366 2197 1420 merito
2228 1371 2362 1421 ante
2392 1367 2526 1430 alia,
2561 1367 2774 1436 quibus
2809 1385 2899 1422 res
2933 1373 3044 1422 Deo
3079 1369 3448 1438 participant,
3483 1370 3639 1424 anti-

1987 1456 2162 1526 quius
2193 1455 2423 1524 aliquod
2461 1458 2814 1528 principium
2849 1460 3038 1529 ipsius
3063 1459 3526 1531 esse,Deusipse
3542 1477 3636 1516 co-

1987 1544 2237 1616 gitatur;
2272 1546 2460 1615 primo
2491 1547 2649 1600 enim
2682 1547 2902 1618 aliquid
2935 1554 3043 1615 est,
3069 1565 3134 1603 ac
3159 1554 3283 1604 tum
3316 1553 3407 1604 est
3437 1555 3493 1604 et
3521 1550 3638 1603 vita

1987 1638 2044 1688 et
2093 1633 2401 1704 sapientia.
2433 1637 2576 1689 ΠΙ
2634 1635 2963 1691 Invisibiles
3008 1637 3188 1707 igitur
3236 1654 3303 1692 ac
3349 1653 3636 1708 supremas

1988 1728 2233 1788 mentes,
2270 1724 2456 1794 primo
2491 1723 2916 1794 participurunt
2970 1742 3107 1795 esse,
3140 1731 3316 1797 atque
3350 1726 3430 1780 ita
3459 1728 3636 1780 vitam

1989 1828 2053 1866 ac
2085 1813 2474 1883 sapientiam;
2508 1812 2659 1867 sicut
2689 1814 2843 1867 enim
2870 1813 2926 1867 in
2954 1814 3122 1869 nobis
3153 1815 3341 1884 prima
3371 1816 3635 1882 quadam

1987 1901 2261 1956 subsistit
2291 1902 2531 1956 materia
2562 1917 2628 1955 ex
2661 1919 2775 1972 qua
2805 1904 3136 1968 sumus,ita
3167 1904 3344 1958 etiam
3376 1903 3638 1974 incorpo-

1986 1989 2100 2046 reis
2134 1992 2429 2046 mentibus
2460 1990 2619 2046 velut
2650 1991 2894 2047 materia
2924 1991 3274 2063 intelligitur
3305 1993 3497 2063 ipsum
3531 2009 3634 2048 ens

1983 2080 2162 2134 forma
2189 2081 2476 2150 cujusque
2509 2081 2565 2134 in
2600 2081 2735 2144 vita,
2770 2085 2825 2135 et
2855 2098 2966 2150 quo
2998 2083 3428 2136 substantiatur
3459 2082 3516 2136 in
3547 2084 3632 2137 vi-

1981 2174 2098 2224 tam
2133 2176 2189 2224 et
2219 2171 2567 2241 sapientiam
2593 2176 2647 2224 et
2672 2168 3140 2226 similitudinem.
3168 2172 3340 2226 Porro
3361 2171 3636 2226 similitu-

1980 2259 2177 2314 dinem
2201 2259 2374 2314 etiam
2409 2276 2591 2329 supra
2619 2259 3028 2330 explicuimus,
3049 2265 3222 2330 atque
3243 2261 3631 2323 identitatem,

1977 2350 2222 2403 virtutes
2254 2365 2380 2418 qum
2411 2349 2482 2401 ad
2519 2353 2697 2401 Deum
2731 2365 2966 2402 sursum
2997 2350 3242 2416 ducunt,
3275 2348 3491 2420 quibus
3519 2353 3629 2403 Deo

1978 2437 2384 2492 assimilantur
2405 2437 2544 2491 dum
2580 2437 2688 2506 ipsi
2721 2437 3037 2502 adhaerent,
3053 2454 3117 2490 ac
3141 2437 3232 2491 his
3256 2437 3314 2492 in
3343 2439 3628 2492 descensu

1977 2526 2327 2597 participant
2357 2542 2481 2596 qua:
2506 2530 3004 2595 sequuntur,cum
3027 2525 3152 2596 ipsa
3169 2525 3342 2580 etiam
3370 2525 3625 2596 primum

1975 2631 2104 2670 esse
2137 2615 2504 2685 participant.
2540 2615 2754 2668 Rerum
2785 2619 2979 2668 autem
3031 2613 3336 2684 principia,
3370 2613 3627 2684 intellige

1974 2704 2262 2758 essentias
2295 2720 2421 2773 quae
2457 2703 2643 2773 primo
2677 2705 2732 2756 in
2767 2704 3058 2757 creatione
3080 2703 3622 2773 substiterunt,qua3

1974 2794 2253 2847 dicuntur
2284 2791 2588 2863 principia,
2611 2809 2721 2846 non
2757 2793 2911 2862 quod
2947 2809 3038 2846 res
3068 2809 3137 2846 ex
3167 2792 3312 2862 ipsis
3343 2797 3622 2864 tanquam

1974 2882 2310 2949 elementis;
2343 2882 2442 2936 sed
2473 2881 2632 2951 quia,
2657 2880 2829 2935 sicuti
2858 2881 3080 2935 dictum
3113 2885 3223 2946 est,
3249 2886 3454 2936 creataa
3487 2886 3627 2936 sunt

1974 2977 2108 3027 ante
2143 2971 2531 3043 posteriores;
2561 2969 2721 3024 velut
2770 2970 2827 3024 in
2877 2969 3375 3041 intelligibilibus,
3409 2970 3626 3040 prinei-

1975 3061 2136 3132 pium
2170 3058 2482 3115 creationis
2531 3063 2670 3113 sunt
2721 3059 2937 3126 throni,
2971 3063 3028 3113 et
3075 3058 3155 3113 ita
3198 3058 3513 3129 deinceps;
3566 3059 3624 3112 in

1973 3149 2294 3204 sensilibus
2325 3154 2542 3212 autem,
2573 3149 2928 3218 principium
2978 3148 3292 3202 creationis
3331 3146 3539 3202 ccelum
3573 3153 3626 3202 et

1975 3245 2126 3293 terra
2155 3255 2168 3292 :
2199 3241 2260 3292 In
2289 3235 2565 3309 prim-ipio
2595 3237 2750 3291 enim
2797 3239 3005 3292 creavit
3038 3238 3172 3292 Deus
3202 3238 3397 3291 caelum
3426 3243 3481 3292 et
3511 3242 3624 3292 ter-

203 3323 456 3387 τοτελεῖς
500 3323 669 3380 ἀΐδιοι
715 3332 810 3382 τοῦ
865 3326 1045 3383 ἀϊδίου
1093 3335 1250 3395 Θεοῦ,
1303 3331 1441 3384 καθά
1497 3333 1813 3406 προέφημεν
1844 3373 1857 3398 ,

1979 3345 2114 3383 ram.
2151 3329 2279 3382 Haec
2310 3327 2466 3380 enim
2501 3327 2794 3381 creatione
2845 3326 3150 3402 sensiliuin
3207 3328 3414 3398 prima.
3453 3325 3624 3380 Deni-

204 3411 548 3468 ἐπινοοῦνται
583 3418 751 3471 οἱονεὶ
784 3423 1052 3494 στοιχεῖα,
1084 3419 1173 3473 καὶ
1205 3419 1395 3494 ἀρχαὶ,
1425 3419 1514 3472 καὶ
1561 3418 1665 3486 ὕλη
1701 3416 1865 3479 ἄυλος

203 3502 295 3555 καέ
329 3502 620 3575 ἀσώματος
651 3509 762 3560 τῶν
799 3507 1141 3583 μετεχόντων
1172 3508 1262 3562 καὶ
1294 3507 1468 3562 αὑτῶν
1523 3508 1626 3561 τῶν
1679 3505 1858 3574 ἰδεῶν,

206 3594 326 3646 οἷον
361 3596 469 3646 τῶν
501 3600 888 3669 παραχθεισῶν
939 3596 1244 3668 ἀσωμάτων
1293 3597 1514 3666 τάξεων·
1545 3598 1579 3664 ἡ
1616 3596 1715 3669 γὰρ
1766 3595 1859 3648 αὑ-

203 3683 416 3750 τοζωή,
474 3683 564 3736 καὶ
610 3683 932 3759 αὑτοσοφία,
967 3685 1056 3739 καὶ
1107 3685 1410 3755 σῦτόταξις,
1457 3686 1546 3740 καὶ
1591 3683 1768 3739 τᾶλλα
1796 3684 1862 3738 τὰ

201 3770 256 3824 ἐν
312 3775 433 3840 Θεῷ
475 3769 891 3848 παραδείγματά
932 3774 1088 3844 εἰσιν,
1139 3776 1211 3829 ὧν
1270 3775 1589 3850 μετέχουσιν
1649 3775 1703 3828 αἱ
1762 3771 1862 3843 δη-

206 3861 516 3934 μιουργίαι,
549 3861 624 3922 ὡς
674 3864 908 3934 σημείου
955 3861 1080 3932 ἤτοι
1111 3865 1336 3940 κέντρου
1386 3864 1443 3918 αἱ
1492 3864 1608 3918 κατ’
1657 3861 1860 3916 εὐθεῖαν

198 3949 462 4023 γραμμαὶ
495 3948 583 4004 ἐπὶ
613 3951 704 4005 τὸν
737 3951 942 4007 κύκλον
976 3952 1291 4030 φερόμεναι.

1974 3434 2085 3488 que
2115 3419 2290 3476 etiam
2324 3415 2492 3470 aliter
2522 3415 2677 3470 idem
2711 3421 2768 3470 et
2798 3416 3178 3486 exemplaria,
3211 3433 3333 3484 qua:
3365 3421 3502 3469 sunt
3534 3415 3622 3470 in-

1971 3505 2331 3562 tellectionee
2368 3521 2468 3576 per
2499 3521 2560 3559 se
2591 3505 2857 3574 perfectae
2887 3510 3110 3559 aeterna;
3145 3504 3342 3558 αξιοιιοὶ
3369 3504 3486 3570 Dei,
3510 3504 3626 3558 sic-

1973 3600 2224 3649 utantea
2254 3593 2746 3657 diximus,animo
2777 3593 3190 3662 concipiuntur
3224 3599 3285 3646 ut
3316 3591 3624 3657 elementa,

1973 3689 2030 3739 et
2062 3682 2364 3754 principia,
2398 3689 2454 3736 et
2505 3683 2761 3736 materia:
2792 3697 2995 3751 expers
3028 3686 3196 3749 atque
3231 3680 3355 3734 sine
3386 3696 3624 3748 corpore

1975 3770 2238 3840 materia,
2265 3770 2739 3841 participantium
2777 3770 3156 3840 ipsarumque
3186 3768 3472 3837 idearum,
3495 3773 3622 3821 tan-

1974 3878 2152 3934 quam
2208 3861 2681 3930 incorporeorum
2735 3859 3151 3929 productorum
3201 3857 3493 3910 ordinum.
3530 3855 3623 3911 Si-

1974 3950 2209 4022 quidem
2247 3949 2373 4020 ipsa
2399 3948 2537 4018 vita,
2573 3947 2816 4018 ipsaque
2846 3946 3152 4017 sapientia,
3186 3950 3243 4001 et
3283 3945 3406 4017 ipse
3454 3948 3622 4017 ordo,

212 4044 398 4109 atque
451 4038 570 4095 alia
619 4046 760 4096 sunt
816 4043 875 4098 in
933 4047 1048 4099 Deo
1104 4042 1479 4115 exemplaria,
1513 4058 1762 4115 quorum
1795 4043 2072 4098 creaturas
2099 4038 2433 4111 participes,
2467 4041 2532 4093 ut
2573 4037 2774 4110 puncti
2805 4053 2906 4092 seu
2940 4035 3124 4092 centri
3173 4052 3303 4108 qua:
3352 4043 3507 4090 recta
3550 4034 3620 4091 ad

202 4128 503 4185 circulum
535 4131 804 4187 feruntur
831 4133 1015 4189 lineae.

279 4217 505 4273 Ila".th
557 4217 650 4274 οῦν
691 4219 936 4285 εἰκότως.
987 4223 1194 4294 Ἑαυτῷ
1243 4221 1445 4293 ταύτην
1503 4224 1602 4292 τὴν
1653 4242 1862 4298 προση-

198 4306 401 4381 γορίαν
449 4305 600 4363 ἔθετο
627 4309 655 4362 ὁ
687 4311 835 4381 Θεὸς,
870 4309 1060 4369 εἰπών.
1109 4312 1258 4386 Ἐγώ
1288 4333 1402 4384 ειμι
1435 4313 1461 4366 ὁ
1494 4308 1588 4366 ὤν’
1626 4308 1710 4366 διὸ
1757 4309 1863 4385 πρὸ

199 4400 316 4450 τῶν
346 4394 558 4469 ἄλλων,
592 4399 688 4452 ὅσα
733 4401 856 4475 περὶ
905 4400 1070 4454 αὑτοῦ
1122 4398 1361 4475 λέγεται,
1412 4400 1524 4455 οἶον
1576 4405 1739 4470 ζωῆς,
1772 4401 1859 4454 καὶ

199 4486 428 4559 σοφίας,
459 4486 550 4540 καὶ
597 4492 704 4542 τῶν
735 4487 1028 4557 τοιούτων,
1069 4488 1296 4551 εἰκότως
1336 4487 1734 4564 ἀναγορεύεται.
1769 4490 1863 4558 Τῷ

2041 4221 2228 4277 Merito
2261 4220 2440 4293 igitur
2467 4220 2739 4276 omnibus.
2778 4224 2925 4274 Deus
2960 4219 3071 4274 sibi
3103 4217 3212 4274 hoc
3244 4234 3458 4274 nomen
3509 4216 3619 4272 im-

1975 4311 2325 4382 posuit,cum
2351 4311 2522 4366 dixit:
2548 4311 2653 4380 Ego
2673 4326 2793 4365 sum
2813 4307 3351 4380 quiest(b).(c):ideo
3363 4313 3494 4361 ante
3507 4306 3621 4361 alia

1973 4417 2101 4472 quae
2133 4401 2203 4454 de
2234 4400 2359 4470 ipso
2390 4399 2685 4464 dicuntur,
2711 4398 2889 4453 veluti
2922 4398 3098 4452 vitam
3119 4403 3175 4451 et
3195 4395 3546 4467 sapientiam
3564 4398 3620 4448 et

1973 4489 2134 4558 talia,
2161 4490 2295 4558 jure
2325 4487 2668 4560 appellatur.
2701 4487 2956 4542 Dicendo
2996 4491 3190 4541 autem
3239 4487 3486 4556 προεῖναι
3527 4480 3613 4533 καὶ

201 4571 265 4627 δὲ
323 4573 498 4628 εἰπεῖν
553 4581 800 4648 προεῖναι
856 4577 946 4631 καὶ
1009 4579 1302 4653 ὑπερεῖναι,
1359 4579 1422 4631 τὸ
1477 4574 1712 4652 ἄναρχον
1773 4577 1861 4631 καὶ

1979 4578 2392 4651 ὑπερεῖναι,εθιι
2426 4577 2588 4649 prius
2621 4592 2748 4632 esse
2779 4580 2836 4631 et
2865 4593 3045 4647 supra
3074 4589 3223 4642 esse,
3245 4578 3422 4628 Deum
3456 4570 3616 4642 prin-

200 4661 382 4732 πάντη
418 4661 786 4735 ἀκατανόητον
833 4669 931 4720 τοῦ
980 4667 1111 4721 εἶναι
1141 4667 1233 4721 τὸν
1266 4667 1394 4722 Θεὸν
1430 4666 1768 4742 ὑφηγήσατο,
1801 4667 1857 4726 ὃς

197 4753 292 4806 καὶ
357 4758 438 4824 τῷ
498 4760 828 4830 προορισμῷ
881 4763 980 4825 τῆς
1047 4755 1250 4818 οἰκείας
1305 4755 1546 4832 ἀρῥήτου
1603 4757 1858 4830 γνώσεως

195 4848 660 4915 προϋπεστήσατο
707 4845 769 4898 τὸ
825 4844 970 4908 ὅλως
1009 4846 1141 4900 εἶναι
1188 4845 1255 4900 τὰ
1297 4844 1490 4900 πμάντα’
1535 4843 1714 4916 τούτῳ
1756 4843 1854 4918 γὰρ

196 4931 390 5005 ἀθρόῳ
425 4935 468 4968 ¹⁹
492 4934 629 4987 κατὰ
659 4933 881 5008 πρώτην
912 4930 1230 5008 προσϐολὴν
1266 4929 1552 4989 ἐπιϐάλλει
1587 4934 1614 4988 ὁ
1635 4937 1759 4994 νοῦς
1780 4935 1857 5003 τῷ

195 5019 361 5074 εἶναι·
413 5020 507 5076 εἶθ’
557 5022 704 5076 οὕτω
747 5022 808 5076 τὸ
859 5023 1110 5078 ὁπωσοῦν
1162 5023 1293 5078 εἶναι
1339 5023 1474 5078 αὑτά
1523 5027 1734 5098 θεωρεῖ.
1786 5022 1856 5075 Τὸ

193 5109 292 5162 οὖν
344 5108 538 5172 ἁπλῶς
577 5110 729 5182 εἶναι,
772 5111 836 5165 οὑ
885 5113 947 5166 τὸ
988 5117 1106 5173 πῶς
1155 5112 1291 5166 εἶναι
1340 5110 1637 5182 ἐδήλωσεν,
1691 5110 1853 5165 εἰπὼν

188 5201 322 5253 καθ’
369 5199 504 5254 αὑτὸ
551 5201 613 5254 τὸ
667 5200 824 5272 εἶναι,
869 5198 1053 5278 ὥσπερ
1108 5201 1230 5271 ἑξῆς
1267 5203 1366 5270 τὴν
1422 5201 1726 5269 αὑτοζωήν,
1756 5201 1854 5267 τήν

190 5290 668 5363 αὑτοομοιότητα,
697 5290 788 5345 καὶ
816 5290 883 5346 τὰ
931 5291 1022 5347 σὺν
1065 5291 1252 5354 αὐτοῖς
1289 5291 1479 5360 ιῗπὼν,
1509 5290 1573 5346 τὸ
1604 5288 1750 5352 ὅλως
1783 5291 1858 5344 εἴ-

273 5435 424 5508 (b-c)
453 5435 632 5492 Exod.
667 5453 752 5503 In,
785 5435 873 5493 M.

1970 4667 2124 4738 cipio
2193 4683 2412 4733 carere,
2460 4665 2816 4736 omninoque
2869 4681 2983 4719 non
3017 4661 3443 4732 intelligibilem
3489 4675 3618 4715 esse

1966 4755 2300 4822 declaravit,
2342 4755 2442 4825 qui
2496 4755 2670 4810 etiam
2723 4751 3322 4824 prmdeterminatione
3371 4749 3615 4822 propriae

1966 4844 2276 4899 inet‘i‘abilis
2291 4842 2636 4913 cognitionis
2651 4842 2844 4897 omnia
2862 4841 3448 4912 produxitantequam
3465 4854 3620 4910 pror-

1966 4951 2069 4990 sus
2101 4939 2328 4999 essent;
2357 4949 2524 4988 mens
2554 4932 2710 4988 enim
2747 4932 2932 5002 primo
2968 4932 3185 5000 impetu
3209 4929 3412 4984 huicin
3434 4943 3618 4982 unum

1967 5023 2208 5078 collecto
2241 5039 2367 5078 esse
2396 5022 2718 5088 incumbit;
2767 5026 2968 5090 postea
2992 5019 3076 5074 sic
3105 5018 3233 5088 ipsa
3281 5018 3614 5088 aliquantu-

1967 5112 2089 5167 lum
2122 5129 2246 5168 esse
2275 5112 2478 5167 cernit.
2518 5113 2658 5182 Ergo
2691 5110 3040 5180 simpliciter
3085 5125 3236 5177 esse,
3270 5125 3383 5164 non
3421 5112 3614 5163 autem

1967 5201 2166 5272 aliquo
2199 5202 2370 5257 modo
2403 5218 2524 5256 esse
2553 5197 2886 5266 declaravit,
2909 5215 3042 5252 cum
3076 5199 3221 5253 dixit
3251 5215 3352 5270 per
3382 5215 3443 5254 se
3466 5213 3615 5266 esse;

1967 5291 2122 5348 sicut
2150 5290 2426 5362 deinceps
2459 5306 2590 5346 cum
2622 5289 2812 5360 ipsam
2843 5289 3250 5360 vitam,ipsam
3284 5287 3617 5345 similitudi-

1231 5562 1463 5622 VARIE
1501 5561 1896 5621 LECTIONES
1933 5563 2016 5620 ET
2055 5558 2608 5618 CORRECTIONES.

275 5686 328 5728 ³³
352 5688 522 5744 τοῦτο
550 5681 654 5766 γὰρ
691 5681 920 5762 ἁθρόως.
