4000 6200
417 330 522 384 319

1235 331 1600 384 APPENDIX
1647 331 1742 380 AD
1780 327 2019 381 OPERA
2057 329 2114 380 S.
2158 326 2473 380 DIONYSII
2510 328 3012 384 AREOPAGITE.

3703 329 3794 383 320

417 469 576 517 nem,
597 456 652 506 st
683 468 809 522 quae
841 466 976 505 cum
1008 450 1152 522 ipsis
1182 451 1348 517 dixit,
1372 466 1615 522 prorsus
1637 465 1766 504 esse
1795 448 1975 502 vitam
2006 462 2073 500 ac

2203 466 2270 498 mu
2324 446 2490 516 ζωὴν,
2540 445 2628 500 καὶ
2678 445 2866 509 ἁπλῶς
2914 449 2975 501 τὸ
3027 449 3146 520 ζῇν,
3197 446 3324 523 οὑχὶ
3373 443 3428 502 δὲ
3470 449 3568 516 τὴν
3613 448 3797 505 τοιάνδε

418 539 768 612 simpliciter
785 541 994 604 vivere,
1021 555 1137 594 non
1157 555 1288 594 vero
1322 539 1498 594 talem
1532 541 1709 593 vitam
1741 535 2070 608 explicavit,

419 636 474 686 et
506 630 622 685 alia
648 629 942 696 similiter,
977 630 1086 683 hoc
1118 629 1374 700 primum
1409 626 1709 700 appellant
1738 643 1885 682 esse.

491 721 643 774 I72
679 721 742 773 Et
771 721 823 773 si
849 718 931 773 vis
963 721 1287 774 viventium.
1321 717 1483 772 Sicut
1519 719 1716 787 aliqua
1749 716 1970 771 ratione
2013 713 2072 767 in

419 809 804 881 qualitatibus
824 825 1034 880 nempe
1066 813 1198 862 ante
1228 806 1717 877 subsistuntipsaa
1737 805 2070 875 qualitates,

421 904 622 970 postea
653 899 984 953 accidentes
1017 894 1302 968 qualitate
1332 897 1627 962 afﬁciunt;
1661 895 1934 949 itaetiam
1953 892 2073 946 haec
2123 883 2136 896 ’

418 987 681 1059 intellige
709 987 877 1059 quasi
911 1004 1013 1058 per
1042 1002 1104 1040 se
1135 1002 1414 1058 corporea
1461 985 1666 1040 albedo
1717 983 1944 1054 corpori
1985 983 2075 1035 in-

419 1077 668 1142 haerens,
707 1077 903 1146 ipsum
955 1073 1190 1129 dealbat
1224 1091 1236 1128 :
1288 1074 1374 1129 sic
1405 1073 1584 1128 etiam
1637 1088 1763 1144 quas
1795 1071 1890 1126 hic
1920 1071 2077 1125 dicta

421 1171 563 1222 sunt
593 1182 725 1220 cum
764 1164 1133 1236 proportione
1173 1162 1455 1234 intellige,
1489 1163 1640 1233 quod
1675 1162 1828 1216 Deus
1856 1175 2076 1231 prasex-

422 1255 658 1321 sistens,
695 1269 796 1307 seu
829 1253 967 1322 vita,
989 1257 1200 1308 cuncta
1228 1252 1486 1306 viviﬁcat
1513 1267 1640 1321 quae
1672 1249 1861 1320 ipsam
1896 1246 2076 1319 parti-

423 1344 641 1414 cipant.

492 1433 597 1486 Per
625 1446 681 1486 se
709 1431 1195 1501 participationes.
1230 1427 1711 1500 Participationes
1751 1427 1909 1494 dicit,
1943 1425 2075 1496 qui-

418 1521 530 1575 bus
564 1538 655 1576 res
690 1519 1066 1591 participant,
1092 1525 1152 1574 ut
1183 1519 1374 1591 ipsum
1404 1535 1552 1585 esse,
1579 1521 1681 1573 aut
1700 1517 1835 1586 vita,
1859 1520 1961 1571 aut
1983 1532 2075 1570 sa-

422 1610 664 1682 pientia,
692 1613 812 1672 aut
861 1610 1023 1678 ordo,
1057 1613 1114 1663 et
1163 1613 1390 1678 caetera,
1423 1624 1548 1678 quae
1598 1605 2076 1678 participationes

421 1698 619 1754 divina
651 1703 792 1754 sunt
823 1700 1137 1768 dona,qua
1168 1699 1344 1753 etiam
1377 1696 1665 1768 principia
1698 1711 1895 1751 rerum
1913 1710 2078 1750 voca-

422 1788 526 1844 vit.

492 1881 520 1946 §
550 1877 640 1934 Vl.
663 1883 858 1948 Estque
887 1894 959 1931 ex
990 1878 1108 1946 ipsa
1139 1879 1187 1930 et
1215 1877 1274 1930 in
1305 1877 1447 1946 ipsa.
1473 1878 1560 1928 Ita
1592 1871 2039 1944 intelligendum
2064 1886 2079 1926 :

418 1984 574 2024 mens
588 1983 721 2022 cum
738 1968 814 2022 sit
829 1983 928 2038 per
941 1983 1002 2021 se
1015 1964 1302 2020 excellens
1316 1965 1811 2033 bonitas,totaque
1823 1960 2084 2016 efﬁcacia

421 2058 482 2112 in
500 2057 755 2127 seipsam
771 2072 1068 2121 conversa,
1085 2054 1344 2108 efﬁcacia
1357 2069 1460 2108 seu
1476 2057 1606 2108 actu
1623 2056 1858 2117 est,non
1873 2051 2082 2106 virtute

422 2163 524 2201 seu
543 2144 940 2215 habitu,prius
954 2143 1242 2199 exsistens
1256 2141 1535 2208 amentia,
1555 2145 1755 2212 postea
1767 2146 1897 2195 actu
1915 2156 2081 2195 mens

423 2234 653 2303 effecta;
677 2233 830 2288 unde
843 2232 1020 2288 etiam
1037 2237 1363 2287 tantumest
1383 2248 1548 2286 mens
1564 2247 1732 2302 pura,
1750 2246 1863 2284 non
1880 2245 2082 2300 super-

425 2323 727 2378 inductam
745 2322 969 2377 habens
983 2321 1461 2393 sapientiam,sed
1482 2337 1760 2391 prorsusa
1775 2319 1967 2390 seipsa
1989 2318 2078 2372 in-

422 2410 746 2482 telligit.Sit
763 2411 920 2466 enim
938 2410 1195 2466 essentia
1208 2411 1337 2480 ejus
1352 2410 1464 2465 alia
1479 2414 1569 2464 est
1582 2425 1712 2480 quas
1724 2414 1912 2463 autem
1928 2407 2084 2462 intel-

425 2502 555 2573 ligit
586 2505 726 2556 sunt
757 2501 828 2556 ab
859 2501 985 2571 ipso
1019 2499 1268 2567 diversa,
1293 2499 1418 2569 ipse
1447 2497 1694 2569 intelligi
1729 2496 1933 2567 nequit
1957 2513 2081 2566 ,seu

429 2593 556 2661 ejus
588 2592 876 2658 essentia;
912 2588 962 2644 si
987 2605 1120 2644 vero
1149 2589 1370 2658 aliquid
1405 2589 1638 2656 habet,a
1656 2586 1849 2657 seipso
1881 2585 2077 2655 habet,

427 2697 540 2735 non
567 2681 638 2734 ab
659 2679 804 2745 alio;
824 2678 1086 2734 siautem
1115 2694 1148 2732 a
1171 2677 1387 2748 seipso,
1411 2681 1467 2730 et
1485 2693 1552 2730 ex
1573 2675 1766 2746 seipso
1787 2672 2082 2745 intelligit,

430 2770 556 2840 ipse
587 2773 673 2825 est
703 2785 830 2840 quae
861 2765 1171 2836 intelligit;
1206 2781 1344 2835 ergo
1376 2781 1511 2819 cum
1543 2765 1620 2819 sit
1649 2780 1837 2832 mens,
1875 2767 1939 2817 ut
1983 2761 2084 2833 qui

429 2862 538 2927 est,
563 2874 762 2912 revera
793 2873 882 2911 res
915 2854 1222 2925 intelligit;
1255 2854 1301 2908 si
1335 2857 1530 2907 autem
1562 2851 1823 2923 seipsum
1866 2849 2085 2905 intelli-

433 2961 576 3016 gens
607 2962 699 3002 res
731 2943 1028 3014 intelligit,
1063 2943 1187 3014 ipse
1216 2948 1305 2997 est
1336 2959 1448 3009 res,
1483 2945 1585 2996 aut
1629 2941 1786 2996 enim
1819 2938 1958 2994 alibi
1984 2954 2085 2993 ex-

434 3034 709 3090 sistentes
743 3031 1228 3104 ipsasintelliget,
1254 3035 1355 3086 aut
1384 3032 1441 3084 in
1475 3031 1692 3101 seipso,
1716 3034 1926 3100 utquae
1949 3032 2089 3084 sunt

433 3123 597 3192 ejus;
632 3121 770 3176 alibi
791 3121 1029 3192 quidem
1053 3136 1145 3175 res
1159 3119 1436 3175 exsistere
1458 3119 1786 3190 intelligere
1816 3117 2086 3189 impossi-

2109 1827 2157 1892 B

2184 534 2328 601 ζωήν
2375 533 2730 610 εἰσηγήσατο,
2783 536 2873 591 καὶ
2930 537 2998 591 τὰ
3067 534 3214 592 ἄλλα
3271 533 3327 590 δὲ
3383 536 3606 609 ὁμοίως,
3657 543 3794 593 τοῦτο

2182 627 2396 696 πρῶτον
2433 630 2862 701 κατηγοροῦνται
2892 627 2954 680 τὸ
2987 627 3140 681 εἶναι.

2253 713 2353 766 Καὶ
2389 713 2434 766 al
2469 712 2655 788 βούλει
2702 719 2810 769 τῶν
2863 718 3104 784 ζώντων.
3149 718 3349 788 ’Ὠσπερ
3398 713 3543 788 λόγῳ
3586 716 3686 768 τινὶ
3725 715 3798 769 ἐπὶ

2180 805 2286 854 τῶν
2321 805 2632 871 ποιοτήτων
2685 804 2853 858 οἱονεὶ
2906 802 3225 878 προΰπεισιν
3280 805 3334 858 αἱ
3386 804 3796 873 αὑτοποιότητες”

2184 890 2295 943 εἶτα
2353 886 2744 963 συμϐαίνουσαι
2804 897 3050 948 ποιοῦσιν
3114 889 3278 948 οὕτω·
3332 893 3420 947 καὶ
3475 897 3639 946 ταῦτα
3689 893 3799 961 νὸει,

2188 979 2302 1032 οἷον
2335 981 2368 1048 ἡ
2417 981 2809 1054 αὑτοσώματος
2859 979 3145 1053 λευκότης,
3191 981 3545 1056 ἐπιγενομένη
3597 981 3802 1054 σώματι,

2185 1066 2452 1124 λευκαίνει
2496 1075 2681 1125 τοῦτο·
2730 1071 2874 1126 οὕτω
2922 1071 3011 1125 καὶ
3065 1072 3131 1126 τὰ
3178 1070 3440 1147 εἰρημένα
3483 1069 3590 1126 ὧδε
3633 1070 3802 1140 νόησον

2185 1154 2491 1232 ἀναλόγως,
2541 1159 2625 1213 ὅτι
2673 1161 2935 1235 προϋπὼν
2987 1161 3015 1214 ὁ
3065 1161 3216 1232 θεὸς,
3273 1159 3395 1229 ἤτοι
3445 1163 3480 1229 ἡ
3534 1162 3666 1230 ζωὴ,
3698 1160 3806 1230 ξωοῖ

2185 1244 2359 1300 πάντα
2386 1249 2452 1302 τὰ
2481 1249 2648 1304 αὑτοῦ
2683 1249 3000 1325 μετέχοντα.

2258 1431 2372 1492 Τὰς
2404 1428 2811 1504 αὑτομετοχάς.
2843 1427 3097 1504 Μετοχάς
3127 1449 3312 1506 φησιν,
3347 1430 3420 1482 ὧν
3451 1428 3519 1484 τὰ
3547 1428 3667 1483 ὅντα
3708 1449 3808 1500 μετ-

2186 1518 2426 1595 έχουσιν,
2459 1517 2574 1572 οἷον
2624 1519 2756 1573 αὐτὸ
2803 1517 2866 1572 τὸ
2919 1517 3053 1571 εἶναι
3087 1519 3120 1588 ἢ
3156 1520 3292 1586 ζωὴ,
3322 1520 3358 1588 ἢ
3391 1517 3576 1592 σοφία,
3603 1518 3636 1582 ἢ
3665 1517 3806 1586 τάξις,

2184 1609 2270 1662 καὶ
2303 1608 2371 1662 τὰ
2402 1606 2594 1676 λοιπὰ,
2641 1605 2840 1668 αἳτινες
2890 1608 3120 1682 μετοχαὶ
3170 1612 3307 1670 θεῖαι
3354 1606 3680 1682 τυγχάνουσι
3720 1604 3810 1660 δω-

2187 1698 2323 1773 ρεαὶ,
2353 1697 2412 1759 ἃς
2442 1696 2533 1751 καὶ
2565 1695 2741 1771 ἀρχὰς
2767 1699 2875 1750 τῶν
2906 1691 3073 1752 ὄντων
3101 1694 3342 1753 ἐκάλεσε.

2263 1878 2414 1946 ςνῐ.
2473 1875 2576 1930 Καὶ
2634 1871 2774 1929 ἔστιν
2847 1873 2898 1944 ἐξ
2959 1873 3126 1943 αὐτῆς
3187 1873 3277 1929 καὶ
3333 1873 3385 1927 ἐν
3435 1874 3574 1946 αὑτῇ
3608 1915 3620 1929 .
3678 1870 3812 1928 Οὕτω

2188 1965 2432 2034 νοητέον·
2481 1967 2516 2032 ἡ
2566 1963 3150 2038 αὐτοῦπεραγαθότης,
3197 1967 3326 2026 νοῦς
3378 1963 3533 2030 οὖσα,
3588 1961 3673 2016 καὶ
3726 1958 3812 2029 ὅλη

2191 2054 2448 2130 ἐνέργεια,
2508 2054 2583 2116 εἷς
2632 2055 2828 2123 ἑαυτὴν
2877 2053 3248 2128 ἐστραμμένη,
3294 2053 3538 2129 ἐνεργείᾳ
3579 2052 3728 2118 ἐστὶν,
3764 2051 3814 2104 οὗ

2191 2141 2438 2216 δυνάμει,
2470 2142 2733 2218 πρότερον
2783 2143 2917 2197 οὖσα
2968 2142 3269 2219 ἀφροσύνη,
3305 2144 3415 2197 εἶτα
3451 2146 3580 2203 νοῦς
3598 2140 3818 2215 ἐνεργείᾳ

2188 2232 2476 2308 γινομένη
2538 2231 2655 2286 ὅθεν
2704 2231 2794 2286 καί
2855 2231 2963 2286 ἐστι
3015 2236 3140 2294 νοῦς
3201 2232 3363 2304 μόνον
3416 2231 3685 2304 καθαρὸς,
3738 2228 3820 2282 οὐκ

2192 2321 2502 2376 ἐπείσακτον
2555 2318 2703 2397 ἔχων
2732 2322 2795 2376 τὸ
2844 2327 3079 2398 φρονεῖν,
3113 2318 3261 2375 ἀλλὰ
3284 2323 3408 2394 παρ’
3461 2321 3653 2374 ἑαυτοῦ
3703 2319 3817 2373 πάν-

2189 2433 2297 2473 τως
2325 2416 2457 2466 νοεῖ.
2519 2409 2583 2466 Ei
2613 2411 2712 2486 γὰρ
2744 2412 2778 2478 ἡ
2815 2411 2911 2482 μὶν
2945 2408 3106 2464 οὐσία
3134 2410 3300 2464 αὐτοῦ
3347 2408 3496 2479 ἄλλη
3534 2407 3687 2476 ἐστὶν,
3718 2407 3746 2460 ἃ
3772 2403 3818 2460 δὲ

2190 2505 2307 2553 νοεῖ
2331 2496 2486 2573 ἕτερα
2522 2498 2708 2565 αὐτοῦ,
2740 2499 2899 2560 αὐτὸς
2947 2498 3176 2568 ἀνόητος
3229 2493 3398 2566 ἔσται,
3444 2498 3618 2572 ἤγουν
3665 2498 3696 2565 ἠ
3742 2494 3816 2550 οὗ·

2193 2587 2281 2642 σία
2328 2587 2516 2642 αὐτοῦ·
2565 2587 2610 2641 εἰ
2657 2608 2708 2642 τι
2756 2585 2813 2642 δὶ
2863 2585 3000 2662 ἔχει,
3052 2587 3178 2661 παρ’
3215 2587 3406 2641 ἑαυτοῦ
3437 2583 3580 2661 ἔχει,
3629 2586 3686 2640 οὗ
3712 2585 3816 2657 παρ’

2194 2676 2388 2732 ἄλλου·
2437 2677 2482 2731 εί
2528 2674 2584 2731 δὲ
2628 2678 2754 2752 παρ’
2803 2677 3016 2743 ἑαυτοῦ,
3058 2675 3148 2731 καὶ
3195 2675 3246 2746 ἐξ
3291 2675 3455 2730 αὐτοῦ
3501 2681 3638 2746 νοεῖ,
3678 2674 3817 2733 αὑτός

2193 2765 2334 2820 ἐστιν
2363 2765 2393 2820 ἃ
2421 2771 2554 2822 νοεῖ.
2587 2765 2791 2820 Οὐκοῦν
2820 2769 2944 2827 νοῦς
2977 2763 3071 2835 ὢν,
3109 2761 3280 2826 ὅντως
3308 2769 3425 2819 νοεῖ
3466 2764 3537 2818 τὰ
3596 2761 3716 2819 ὄντα
3758 2764 3816 2822 ὡς

2195 2850 2288 2911 ὥν.
2322 2853 2391 2908 Εἴ
2435 2853 2526 2908 οὖν
2576 2859 2713 2909 νοῶν
2762 2855 2948 2909 ἑαυτὸν
2991 2856 3059 2908 τὰ
3104 2851 3228 2908 ὄντα
3256 2858 3392 2925 νοεῖ,
3423 2853 3587 2915 αὑτός
3616 2852 3719 2907 ἐστι
3757 2852 3813 2904 τὰ

2196 2938 2319 2997 ὅντα
2359 2960 2371 2975 ⁸
2401 2944 2435 3012 ἢ
2493 2943 2593 3018 γὰρ
2649 2944 2872 3018 ἑτέρωθι
2924 2939 3054 2998 ὄντα
3105 2942 3238 2998 αὐτᾶ
3267 2945 3472 3012 νοήσει,
3505 2944 3542 3011 ἢ
3577 2941 3628 2996 ἐν
3653 2942 3818 3010 ἑαοτῷ,

2197 3033 2272 3094 ὡς
2296 3032 2459 3087 αὐτοῦ
2492 3029 2620 3088 ὄντα
2653 3053 2664 3065 ·
2700 3031 2951 3108 ἀλλαχοῦ
3006 3033 3099 3105 μὲν
3160 3028 3289 3086 ὄντα
3347 3030 3437 3086 οῦν
3498 3032 3566 3086 οὗ
3623 3027 3819 3084 δυνατὸν

2197 3128 2393 3191 νοῆσαι
2427 3141 2438 3152 ’
2472 3126 2582 3176 ποῦ
2607 3122 2707 3197 γὰρ
2740 3117 2868 3176 ὅντα
2910 3120 2962 3174 ἐν
3008 3121 3291 3190 αἰσθητοῖς
3317 3139 3328 3188 ;
3359 3120 3425 3175 τὰ
3467 3120 3574 3194 γὰρ
3623 3116 3824 3186 αἲσθητὲ

431 3211 568 3279 bile,
618 3211 714 3266 ubi
773 3210 930 3265 enim
975 3209 1266 3265 exsistunt
1319 3209 1378 3263 in
1439 3185 1802 3264 sensilibus?
1845 3185 2084 3263 sensilia

2203 3211 2300 3266 οὐκ
2357 3211 2488 3265 εἰσὶν
2545 3206 2692 3277 ὄντα,
2734 3212 2825 3265 ἅτε
2869 3210 3074 3286 τρεπτὰ
3121 3205 3270 3278 ὄντα,
3303 3208 3393 3264 καὶ
3441 3208 3719 3284 γινόμενα,
3748 3205 3819 3260 καὶ

431 3302 587 3357 enim
622 3319 734 3355 non
771 3304 930 3365 sunt,
963 3303 1164 3371 utpote
1195 3298 1507 3353 mutationi
1549 3297 1819 3362 obnoxia,
1851 3313 2089 3368 genera-

432 3391 571 3445 bilia
601 3395 657 3445 et
689 3388 1126 3461 corruptibilia;
1160 3403 1296 3459 ergo
1319 3387 1582 3458 seipsum
1615 3390 1668 3441 et
1699 3387 1758 3440 in
1790 3386 1983 3454 seipse
2006 3385 2089 3439 in-

433 3479 662 3550 telligit.
686 3480 970 3543 Quoniam
998 3482 1194 3532 autem
1229 3483 1379 3531 Deus
1409 3481 1498 3531 est
1529 3475 1705 3531 etiam
1734 3491 1928 3530 rerum
1957 3491 2090 3528 con-

433 3569 606 3634 ditor,
642 3567 700 3623 in
734 3584 799 3623 eo
832 3568 984 3640 quod
1019 3568 1267 3622 necdum
1317 3570 1426 3627 est.
1461 3582 1562 3620 eas
1611 3567 1960 3636 cognoscet;
1993 3579 2085 3618 ve-

435 3673 566 3712 rum
615 3657 739 3727 ipse
770 3661 857 3711 est
891 3655 1147 3711 universi
1197 3654 1381 3726 hujus
1432 3653 1837 3726 archetypum,
1869 3657 1928 3708 et
1957 3669 2084 3722 quae

432 3745 706 3817 intelligit
735 3762 850 3800 non
894 3746 965 3800 ab
1016 3745 1146 3801 aliis
1197 3750 1406 3816 typum
1457 3743 1752 3815 accipiens
1798 3741 2096 3813 intelligit.

433 3852 567 3890 curn
602 3834 679 3890 sit
708 3851 907 3889 eorum
943 3852 1068 3905 quas
1101 3839 1240 3890 sunt
1269 3833 1598 3904 exemplar;
1633 3832 1716 3888 sic
1749 3849 1939 3903 neque
1969 3833 2095 3903 ipse

435 3925 495 3978 in
531 3924 674 3990 loco,
697 3940 885 3994 neque
917 3940 983 3979 ea
1020 3941 1141 3993 quae
1176 3923 1234 3978 in
1266 3924 1395 3996 ipso
1421 3923 1579 3978 velut
1610 3922 1667 3977 in
1691 3921 1844 3989 loco;
1873 3922 1973 3977 sed
2001 3921 2101 3976 ha'

436 4012 530 4065 bet
559 4029 627 4066 ea
660 4017 722 4065 ut
753 4013 1012 4082 seipsum
1056 4012 1298 4079 habens,
1327 4011 1590 4083 ipsisque
1623 4011 1937 4076 exsistens,
1973 4026 2099 4065 om-

440 4100 614 4154 nibus
647 4099 886 4170 quidem
911 4099 1089 4154 simul
1118 4100 1561 4168 exsistentibus,
1580 4104 1636 4154 et
1657 4099 2102 4155 indivisibilitcr

439 4188 498 4244 in
530 4187 657 4259 ipso
689 4187 1141 4254 exsistentibus;
1175 4187 1475 4243 distinctis
1508 4191 1726 4254 autem,
1749 4188 1808 4243 in
1835 4188 2098 4244 indivisi-

441 4277 544 4332 bili
575 4275 1033 4332 indivisibiliter.
1052 4276 1190 4346 Ejus
1209 4275 1390 4347 igitur
1418 4275 1804 4346 cogitationes
1827 4281 1968 4331 sunt
1984 4292 2098 4331 res,

445 4384 536 4422 res
563 4370 759 4422 autem
793 4370 933 4420 sunt
963 4364 1207 4436 species.
1254 4365 1628 4435 Cogitationes
1676 4379 1807 4420 vero
1856 4378 1974 4421 nOn
2022 4365 2101 4420 ita

443 4455 918 4527 intelligendum,
951 4453 1108 4524 quod
1141 4458 1456 4525 postquam
1499 4451 1738 4523 aliquod
1771 4457 1912 4509 certi
1945 4454 2104 4525 cogi-

2197 3299 2577 3374 ἀπολλύμενα.
2637 3303 2857 3357 Ἑαυτὸν
2920 3299 3009 3355 οὖν
3071 3299 3174 3375 ἄρα
3211 3299 3300 3355 καὶ
3365 3301 3415 3355 ἐν
3477 3301 3656 3371 ἑαυτῷ
3704 3300 3818 3351 νοεῖ.

2194 3388 2416 3458 Ἐπειδή
2477 3388 2534 3444 δὲ
2588 3389 2678 3445 καὶ
2729 3392 2966 3459 ποιητὴς
3012 3394 3121 3444 τῶν
3174 3385 3342 3444 ὄντων
3377 3387 3516 3444 ἐστὶν
3554 3390 3582 3443 ὁ
3614 3383 3819 3456 Θεὸς,ἐν

2195 3485 2273 3551 τῷ
2309 3481 2475 3551 μήπω
2509 3476 2622 3534 ὄντι
2652 3482 2838 3548 νοήσει
2873 3478 3024 3533 αὐτὼ
3059 3478 3184 3535 ἀλλ’
3213 3479 3373 3540 αὐτὸς
3403 3476 3708 3553 ἀρχέτυπός
3727 3475 3819 3529 ἐστι

2193 3568 2388 3623 τούτου
2418 3573 2515 3622 τοῦ
2545 3569 2745 3630 παντός
2777 3588 2789 3600 ·
2824 3569 2912 3623 καὶ
2944 3569 2975 3622 ἃ
3015 3574 3150 3638 νοεῖ,
3184 3569 3248 3622 οὗ
3293 3567 3496 3628 τόπους
3549 3560 3820 3639 λαμϐάνων

2208 3658 2296 3734 ἀφ’
2353 3658 2571 3730 ὲτὲρων,
2605 3656 2765 3719 αὐτὸς
2816 3656 2888 3711 ὢν
2939 3661 3046 3711 τῶν
3098 3653 3265 3711 ὄντων
3297 3653 3684 3732 παράδειγμαο
3719 3653 3835 3707 ὥστε

2210 3743 2332 3801 οὔτε
2363 3746 2521 3808 αὐτὸς
2555 3745 2608 3801 ἐν
2637 3747 2812 3818 τόπῳ,
2846 3743 2968 3800 οὔτε
3017 3746 3085 3800 τὰ
3128 3744 3180 3800 ὲν
3238 3746 3389 3816 αὐτῷ
3420 3746 3496 3807 ὡς
3551 3744 3602 3798 ἐν
3656 3743 3796 3812 τόπῳ
3821 3757 3832 3770 '

2210 3834 2335 3890 ἀλλ’
2392 3829 2510 3910 ἔχει
2567 3835 2701 3890 αὐτὰ
2747 3835 2822 3896 ὡς
2877 3835 3062 3889 ἑαυτὸν
3125 3830 3293 3910 ἔχων,
3324 3833 3413 3888 καὶ
3470 3831 3606 3886 ἐνὼν
3653 3831 3834 3894 αὐτοῖς,

2209 3926 2420 3979 πάντων
2455 3925 2548 3996 μὶν
2577 3925 2720 3995 ὁμοῦ
2752 3921 2944 3995 ὄντων,
2975 3924 3063 3977 καὶ
3100 3922 3155 3978 ἐν
3195 3923 3388 3997 ἀμερεῖ
3436 3918 3609 3976 ὄντων
3664 3920 3713 3974 ἐν
3758 3916 3838 3971 αὗ-

2207 4019 2287 4085 τῷ
2321 4031 2338 4049 ο
2368 4011 2788 4088 διακεκριμένων
2851 4011 2929 4081 δὲ,
2964 4011 3014 4068 ἐν
3072 4013 3151 4084 τῷ
3215 4013 3408 4085 ἆμιρεῖ
3435 4013 3480 4048 ²⁰
3525 4011 3756 4084 ἀμιρῶς.
3783 4005 3839 4062 Αἱ

2208 4103 2384 4158 τοίνυν
2419 4105 2634 4172 νοήσεις
2665 4101 2828 4158 αὐτοῦ
2860 4101 2961 4157 εἶσι
2990 4103 3057 4156 τὰ
3089 4099 3217 4158 ὅντα
3248 4120 3262 4134 ⁸
3294 4101 3360 4155 τὰ
3391 4099 3447 4154 δὲ
3480 4096 3613 4155 ὄντα
3651 4096 3747 4153 εἰσὶ
3787 4093 3841 4148 τὰ

2211 4189 2355 4262 εἷ’δη.
2403 4193 2633 4261 Νοήσεις
2677 4189 2735 4246 δὶ
2783 4192 2896 4266 οὐχ
2939 4190 3113 4255 οὕτως
3163 4188 3474 4257 ἆκουστέον,
3519 4190 3630 4256 ὅτι,
3675 4181 3839 4247 ἐπειδή

2209 4277 2335 4335 τόδε
2367 4278 2608 4353 ἐνόησεν,
2643 4279 2855 4355 ἐγένετο
2883 4278 3028 4348 τόδε,
3061 4281 3096 4350 ἢ
3142 4279 3253 4334 ἐστὶ
3300 4276 3427 4334 τόδε
3458 4297 3470 4310 ·
3511 4278 3711 4347 ταύτης
3753 4273 3841 4347 γὰρ

2209 4376 2310 4438 τῆς
2353 4371 2594 4440 νοήσεως
2644 4375 3008 4444 προηγεῖσθαι
3056 4367 3138 4423 δεῖ
3166 4363 3463 4441 νοούμενόν
3487 4387 3563 4437 τι,
3590 4364 3683 4420 ’ἱνα
3732 4361 3843 4416 αὐτὸ

2212 4460 2410 4528 νοήσας
2441 4460 2644 4532 ποιήσῃ
2671 4477 2685 4490 ⁸
2721 4455 2869 4512 ἀλλᾶ
2896 4463 3013 4512 νοεῖ
3040 4478 3106 4512 τα
3145 4453 3292 4525 ὄντα,
3323 4459 3414 4511 ἅτε
3461 4456 3650 4510 ἑαυτὸν
3701 4455 3844 4515 νοῶν,

448 4545 772 4614 tavit,illud
805 4543 1000 4614 ipsum
1037 4543 1211 4596 fuerit
1240 4547 1342 4596 aut
1373 4541 1482 4609 sit;
1518 4541 1669 4596 hanc
1700 4541 1858 4597 enim
1891 4543 2082 4614 cogita

2213 4547 2304 4602 καὶ
2331 4553 2449 4611 τοῖς
2479 4547 2656 4601 ἐνοῦσι
2679 4546 3086 4620 συναπτόμενος
3117 4565 3130 4578 ·
3160 4545 3295 4614 αὐτή
3323 4544 3425 4620 γὰρ
3455 4545 3604 4615 αὐτῷ
3649 4545 3682 4612 ἡ
3730 4541 3847 4607 νόη-

444 4635 661 4690 tionem
699 4632 920 4704 aliquid
955 4631 1108 4702 quod
1144 4629 1498 4701 intelligitur
1527 4632 1850 4701 praecedere
1910 4632 2104 4701 debet,

451 4730 514 4779 ut
545 4729 860 4795 postquam
893 4722 1035 4777 illud
1071 4721 1431 4793 cogitaverit,
1452 4720 1658 4788 faciat;
1691 4721 1791 4776 sed
1826 4720 2104 4777 resintel-

443 4813 588 4880 ligit,
625 4819 690 4868 ut
721 4813 982 4883 seipsum
1016 4812 1168 4866 173
1201 4808 1558 4880 intelligens,
1593 4826 1657 4864 ac
1689 4810 2105 4866 inexsistendi-

441 4903 555 4957 bus
590 4903 978 4972 conjunclus;
1015 4901 1142 4972 ipsa
1176 4899 1332 4952 enim
1368 4898 1495 4969 ejus
1518 4899 2108 4969 cogitatio,rebusest

443 4991 779 5063 generatio;
820 4990 972 5062 quod
1004 4989 1184 5059 igitur
1219 4986 1363 5058 ipsis
1396 4987 1570 5053 inest,
1606 4986 1662 5040 id
1715 4993 1803 5043 est
1856 4989 2102 5059 species,

446 5084 622 5149 atque
652 5079 758 5134 hoc
788 5084 878 5134 est
910 5079 1078 5133 idea:
1111 5077 1237 5149 ipse
1270 5092 1400 5131 vero
1433 5091 1564 5131 cum
1616 5080 1776 5132 totus
1806 5077 1884 5132 sit
1915 5094 2103 5137 mens,

443 5173 598 5222 totus
629 5173 718 5224 est
751 5169 1028 5224 scientia:
1061 5184 1187 5238 quae
1231 5183 1364 5222 vero
1387 5183 1454 5221 ex
1479 5164 1603 5237 ipso
1627 5170 1682 5220 et
1703 5166 1762 5220 in
1786 5167 1913 5237 ipso
1939 5185 2104 5224 men-

440 5258 531 5308 tes
562 5257 1159 5327 conlemplationibus
1188 5255 1452 5311 sciencite
1485 5254 1888 5311 similes.Sunt
1910 5265 2104 5313 aulem

443 5342 624 5396 simul
657 5344 827 5399 etiam
864 5347 1152 5402 distinctas
1203 5346 1262 5400 in
1311 5344 1461 5416 ipso,
1496 5349 1562 5400 ut
1600 5343 1799 5401 multae
1847 5345 2104 5402 scientiae

2217 4656 2298 4696 σις
2356 4633 2562 4709 γένεσίς
2622 4633 2732 4688 ἐστι
2788 4640 2905 4697 τοῖς
2958 4632 3097 4690 οὖσι.
3128 4633 3199 4688 Τὸ
3225 4631 3317 4687 οῦν
3373 4632 3488 4687 ἐνὸν
3550 4631 3602 4685 ἐν
3659 4629 3847 4696 αὐτοῖς,

2214 4725 2378 4778 τοῦτό
2413 4723 2524 4779 ἐστι
2556 4724 2616 4778 τὸ
2650 4721 2818 4790 εἶδος,
2851 4722 2940 4776 καὶ
2970 4723 3135 4777 τοῦτό
3165 4721 3358 4791 ἐστινή
3393 4719 3508 4775 ἷδέα
3540 4739 3552 4753 ·
3588 4721 3744 4779 αὐτὸς
3781 4714 3848 4780 δὲ,

2216 4817 2339 4874 νοῦς
2371 4811 2445 4866 ὢν
2471 4812 2620 4883 ὅλος,
2656 4809 2787 4874 ὅλος
2820 4810 2959 4866 ἐστίν
3012 4810 3286 4884 ἐπιστήμη
3325 4830 3338 4844 °
3389 4810 3456 4864 τὰ
3505 4807 3562 4864 δὲ
3611 4808 3663 4879 ἐξ
3706 4807 3850 4862 αὑτοῦ

2216 4902 2307 4956 καὶ
2340 4901 2392 4957 ἐν
2416 4903 2562 4974 αὐτῷ
2593 4896 2713 4963 νὸις
2745 4901 2980 4962 ἐοικότες
3013 4901 3329 4975 θεωρήμασι
3387 4905 3488 4968 τῆς
3537 4898 3850 4968 ἐπιστήμης.

2217 4991 2339 5049 Εἰσὶ
2399 4989 2458 5046 δὲ
2508 4994 2654 5063 ὁμοῦ
2709 4990 2798 5045 καὶ
2841 4987 3223 5065 διακεκριμένα
3267 4987 3318 5042 ἐν
3349 4987 3514 5056 αὐτῷ,
3549 4988 3624 5050 ὡς
3677 4985 3760 5041 καὶ
3808 4982 3852 5035 ἐν

2216 5083 2371 5153 ψυχῇ
2419 5082 2558 5151 ὁμοῦ
2589 5077 2796 5134 πολλαὶ
2862 5079 3161 5151 ὶπιστῆμαι
3214 5075 3390 5146 οὖσαι,
3423 5075 3719 5151 ἂσῦγχυτοι
3767 5071 3852 5144 μὲ-

2214 5188 2388 5235 νουσι,
2421 5165 2510 5220 καί
2543 5166 2815 5242 ἐνεργοῦσι
2845 5164 2947 5238 ἔξω
2978 5168 3114 5223 κατά
3144 5166 3294 5238 μίαν,
3319 5164 3443 5220 ὅταν
3473 5162 3565 5239 δέῃ
3593 5185 3605 5197 ·
3641 5162 3730 5219 καὶ
3759 5161 3850 5214 πά-

2216 5275 2309 5314 σας
2342 5255 2484 5325 ὁμοῦ
2513 5255 2608 5309 τὰς
2643 5252 2899 5327 δυνάμεις
2929 5258 2963 5325 ὴ
3000 5258 3154 5330 ψυχὴ
3188 5252 3238 5308 ἐν
3274 5255 3436 5326 ἑαυτῇ
3489 5249 3628 5327 ἔχει,
3661 5253 3772 5314 καθ’
3802 5249 3853 5307 ἃς

2213 5347 2438 5418 προνοεῖ
2491 5347 2588 5398 τοῦ
2651 5342 2929 5418 σώματος,
2983 5345 3072 5399 καὶ
3125 5341 3280 5417 ὅμως
3343 5341 3666 5418 ἀσυγχύτους
3710 5337 3857 5399 αὐτὰς

1460 5523 1702 5580 VARUE
1740 5522 2135 5582 LEGTIONES
2174 5521 2264 5578 ET
2301 5519 2855 5582 CORRECTIONES.

519 5649 565 5686 ³ο
594 5647 872 5720 Pachym.
905 5645 955 5701 ἐν
990 5642 1139 5721 μὲρει
1168 5647 1400 5716 vitiose,
1435 5648 1574 5720 quia
1603 5649 1798 5722 agitur
1822 5649 1894 5707 de
1919 5650 2134 5722 puncto
2166 5646 2528 5707 indivisibili.
