4000 6200
230 349 330 405 321

997 356 1056 408 S.
1095 355 1364 408 MAXIMI
1404 352 1708 408 SCHOLIA
1749 353 1822 404 IN
1862 353 1994 405 LIB.
2035 355 2131 405 DE
2170 354 2438 411 DIVINIS
2477 357 2891 414 NOMINIBUS.

3543 367 3650 421 3‘22

232 471 370 526 κατὰ
413 471 604 546 καιρὸν
653 466 983 545 προϐάλλει,
1031 474 1130 542 τὴν
1186 473 1282 545 μὶν
1323 474 1554 551 φυσικὴν
1599 471 1890 546 ἐνεργοῦσα

2011 474 2180 529 simul
2213 473 2271 529 in
2305 477 2502 552 anima
2539 480 2906 548 exsistentes,
2950 492 3191 539 manent
3229 503 3343 540 non
3369 494 3649 557 confusa),

232 563 355 632 περὶ
387 562 450 616 τὸ
483 566 645 634 σῶμα
677 559 929 632 δύναμιν,
979 563 1097 616 καθ’
1145 559 1210 631 ἤν
1241 564 1425 640 τρέφει
1458 566 1642 631 τοῦτο,
1676 560 1766 614 καὶ
1799 560 1895 615 αὕ-

235 655 333 723 ξει,
366 649 457 705 καὶ
483 651 623 723 πρὸς
657 653 845 724 γένναν
891 648 1196 720 ἐπιτήδειον
1245 656 1394 706 ποιεῖ
1427 669 1440 683 ⁸
1473 652 1570 719 τήν
1608 647 1665 704 δὲ
1695 649 1893 719 αἴσθη-

231 741 390 807 τικὴν
445 739 654 815 ἆνεργεῖ
720 737 946 811 δύναμιν
1022 742 1142 814 περὶ
1199 736 1403 817 φλέϐας
1457 741 1547 794 καὶ
1607 739 1890 814 ἀρτηρίας,

232 831 321 885 καὶ
369 833 473 899 τήν
501 833 692 905 σάρκα,
736 830 826 884 καὶ
869 831 937 884 τά
982 835 1142 902 νεῦρα
1175 850 1188 863 ⁸
1239 833 1355 886 καθ’
1398 828 1462 900 ἤν
1519 828 1744 904 δύναμιν
1783 833 1890 884 τῶν

232 919 511 990 αἰσθητῶν
542 915 1062 992 ἀντιλαμϐανόμεθα
1095 939 1106 951 ⁸
1153 921 1254 989 τήν
1305 918 1362 976 δὲ
1393 918 1743 992 δοξαστικὴν,
1777 930 1894 982 καθ’

232 1009 297 1077 ἤν
331 1008 507 1082 κρίνει
536 1008 604 1063 τὰ
632 1009 863 1078 αἰσθητά
894 1028 908 1042 ⁸
963 1007 1052 1063 καὶ
1099 1011 1200 1078 τήν
1254 1011 1639 1086 φανταστικὴν,
1682 1009 1800 1071 καθ’
1829 1006 1894 1076 ἦν

233 1099 560 1173 φαντάζεται
589 1098 656 1151 τὰ
701 1096 968 1166 αἰσθητά⁸
1021 1095 1478 1174 ἆναζωγραφικήν
1531 1095 1608 1166 δὲ,
1663 1098 1780 1160 καθ’
1825 1096 1890 1164 ἣν

233 1185 566 1241 ἀναπλάττει
602 1205 614 1217 ⁸
650 1185 738 1240 καὶ
789 1187 1244 1257 μνημονευτικήν,
1294 1188 1415 1250 καθ’
1457 1185 1523 1255 ἥν
1573 1184 1846 1258 μέμνηται
1881 1189 1894 1241 i

233 1275 525 1350 ὀρεκτικήν
591 1272 668 1342 δὲ,
718 1275 837 1338 καθ’
883 1273 949 1342 ἦν
1007 1273 1268 1350 ὀρέγεται,
1324 1275 1412 1330 καὶ
1470 1280 1609 1330 κινεὶ
1664 1278 1726 1328 τὸ
1761 1278 1897 1343 ζῶνν

231 1367 370 1420 κατὰ
397 1364 570 1419 τόπον
605 1382 618 1397 ⁸
669 1363 759 1418 καὶ
809 1361 1143 1435 εἷκαστικήν,
1188 1365 1278 1419 καὶ
1329 1362 1618 1438 θύμοειδῆ,
1650 1363 1739 1418 καὶ
1772 1363 1893 1417 ἐπι-

233 1455 570 1525 θυμητικήν.
606 1453 820 1513 Ταύτας
862 1452 967 1526 γὰρ
1016 1447 1132 1526 ἔχει
1183 1449 1435 1525 δυνάμεις
1491 1454 1705 1525 σώματι
1735 1472 1890 1527 χρω-

236 1541 370 1614 μένη
405 1541 458 1596 ἐν
491 1545 572 1612 τῷ
618 1539 806 1616 ἀλόγῳ
853 1539 1022 1608 αὐτῆς
1074 1541 1247 1616 μέρει.
1297 1540 1448 1597 Μετὰ
1497 1537 1554 1595 δὲ
1607 1541 1829 1604 θάνατον
1861 1541 1888 1594 ὁ

232 1635 357 1691 νοῦς
389 1629 556 1702 μόνος
587 1624 735 1684 ἔσται
769 1628 1020 1703 ἐνεργῶν,
1046 1628 1252 1683 τοῦτων
1285 1629 1586 1704 ἀργουσῶν.

2006 569 2062 617 et
2094 562 2395 634 sigillatim
2422 567 2561 622 foris
2585 574 3064 638 operantur,cum
3099 590 3338 630 necesse
3363 577 3560 646 fuerit;
3595 585 3652 635 et

2003 654 2200 707 anima
2231 670 2438 710 omnes
2469 655 2774 712 facultates
2798 658 2854 711 in
2888 659 3083 731 seipsa
3104 662 3281 717 simul
3303 663 3503 737 habet,
3527 669 3654 740 qui-

2003 740 2114 794 bus
2145 745 2369 813 corpori
2400 745 2907 814 providet,verum
2936 753 3133 804 tamen
3167 749 3324 822 ipsas
3357 753 3484 809 sine
3515 772 3653 811 con-

2001 828 2231 885 fusione
2253 832 2393 886 dum
2418 838 2651 904 tempus
2673 841 2782 904 est,
2805 837 3040 902 exserit,
3059 842 3384 896 naturalem
3412 844 3650 914 quidem

2003 919 2152 974 circa
2186 937 2398 992 corpus
2415 923 3070 993 exercensfacultatem,
3091 928 3416 1000 quaipsum
3444 935 3654 1004 nutrit,

2002 1014 2198 1080 auget,
2223 1015 2398 1081 atque
2419 1017 2620 1082 aptum
2646 1014 2715 1066 ad
2741 1016 3176 1083 generationem
3212 1019 3429 1088 efﬁcit;
3464 1025 3654 1078 sensi-

2003 1095 2116 1151 lem
2151 1114 2280 1154 vero
2313 1106 2537 1156 exercet
2564 1101 2900 1156 facultatem
2935 1103 3090 1159 circa
3132 1122 3330 1173 venas,
3382 1112 3651 1182 arterias,

2009 1202 2243 1241 carnem
2272 1205 2337 1242 ac
2371 1205 2594 1256 nervos,
2629 1207 2745 1260 qua
2794 1191 3069 1247 facultate
3118 1196 3360 1252 sensilia
3401 1202 3651 1272 percipi-

2006 1291 2160 1336 mus;
2193 1277 2471 1347 opinandi
2502 1284 2696 1345 autem
2723 1279 3080 1345 facultatem,
3103 1287 3652 1358 quasensiliajudi-

2004 1369 2115 1434 cat,
2140 1381 2205 1419 ac
2229 1365 2688 1437 imaginativam,
2729 1385 2845 1439 qua
2876 1369 3118 1425 sensilia
3145 1371 3525 1446 imaginatur,
3558 1379 3654 1434 de-

2002 1454 2280 1525 piogendi
2306 1455 2640 1510 facultatem
2671 1473 2787 1526 qua
2809 1458 3054 1530 effingit,
3080 1460 3495 1519 reminiscendi
3519 1483 3652 1522 vero

2000 1542 2337 1598 facultatem
2371 1561 2488 1614 qua
2519 1545 2808 1610 meminit,
2833 1547 3145 1618 appetendi
3171 1554 3363 1606 autem
3395 1570 3512 1624 qua
3542 1573 3651 1626 ap-

1998 1630 2160 1701 petit,
2189 1635 2247 1686 et
2277 1632 2496 1686 animal
2528 1631 2654 1688 loco
2694 1638 2906 1699 movet,
2936 1651 3002 1690 ac
3034 1637 3431 1712 assimilandi,
3457 1647 3514 1697 et
3534 1643 3650 1698 ira-

237 1718 503 1774 seibilem
534 1723 711 1790 atque
739 1717 1258 1788 ooncupiscibilem
1287 1736 1300 1787 ;
1333 1719 1441 1775 has
1462 1719 1617 1775 enim
1652 1719 1828 1775 habet
1860 1717 2164 1774 facultates
2196 1735 2329 1774 cum
2367 1736 2608 1792 corpore
2647 1721 2853 1787 utitur,
2886 1723 2944 1777 in
2977 1741 3086 1778 sua
3118 1726 3364 1783 rationis
3419 1737 3653 1802 experte

235 1814 398 1880 parte
422 1825 436 1875 ;
474 1811 604 1878 post
634 1810 884 1862 mortem
913 1821 1047 1860 vero
1073 1822 1240 1862 mens
1270 1806 1396 1862 sola
1423 1806 1786 1879 operabitur,
1819 1807 1911 1862 his
1940 1809 2335 1864 cessantibus.

305 1941 407 1994 Καὶ
467 1940 534 1993 τά
593 1939 841 1994 ὁπωσοῦν
923 1943 1002 2010 τῷ
1077 1941 1234 1998 εἶναι,

250 2027 738 2102 ὑπεραγαθότητος
784 2048 968 2102 φησιν,
1019 2026 1141 2096 ἥτις
1192 2026 1332 2081 ἐστὶν
1375 2027 1502 2082 αὐτὸ
1531 2029 1592 2082 τὸ
1626 2031 1762 2082 εἶναι
1796 2028 1896 2082 αὗ-

237 2121 338 2172 τοῦ
368 2121 466 2171 τοῦ
511 2120 668 2183 Θεοῦ,
719 2119 755 2185 ἡ
808 2114 1030 2190 ὅπαρξις
1078 2120 1187 2170 τῶν
1239 2112 1428 2185 ὄντων,
1487 2118 1572 2171 καὶ
1626 2116 1891 2186 ἡτούτων

235 2203 496 2277 διαμονή.
527 2205 779 2267 Ἑνὶαίως
822 2205 1008 2281 φησὶν,
1053 2204 1224 2278 ἤγουν
1274 2206 1413 2260 κατὰ
1443 2203 1623 2276 ἁπλῆν
1653 2227 1775 2260 τινα
1802 2207 1892 2261 καὶ

232 2295 581 2369 περιεκτικῆν
640 2298 748 2348 τῶν
808 2292 952 2348 ὅλων
1009 2293 1202 2360 αῗτίαν,
1245 2294 1334 2348 καὶ
1385 2292 1611 2369 ἄσχετον
1648 2315 1660 2328 ⁸
1713 2293 1891 2350 οὐδενὶ

229 2385 331 2458 γὰρ
365 2382 543 2457 λόγῳ,
577 2383 612 2451 ἢ
644 2383 909 2455 νοήματι,
941 2383 1028 2437 καὶ
1063 2383 1344 2456 πράγματι
1380 2381 1495 2458 ἔχει
1521 2384 1583 2438 τὸ
1615 2389 1766 2439 Θεῖον
1791 2385 1888 2452 τήν

231 2473 372 2545 πρὸς
416 2473 484 2526 τά
527 2470 654 2527 ὄντα
702 2471 888 2552 σχέσιν
940 2491 998 2526 τε
1049 2471 1140 2526 καὶ
1188 2472 1474 2526 κοινωνίαν
1513 2491 1526 2505 ⁸
1593 2471 1716 2528 ἀλλ’
1778 2470 1888 2528 ἔστι

226 2561 404 2631 πάντη
438 2562 525 2616 καὶ
571 2559 706 2615 κατᾶ
744 2559 916 2615 πάντα
966 2560 1362 2635 ὑπερηρμὲνον,
1408 2561 1560 2634 μόνῳ
1607 2567 1686 2633 τῷ
1735 2561 1890 2617 συνι-

229 2670 351 2724 χειν
381 2650 475 2703 καὶ
519 2655 869 2723 προνοεῖσθαι
915 2648 1123 2703 τοότων
1174 2649 1567 2727 ίφαπτόμενον,
1604 2651 1678 2712 ὡς
1711 2649 1770 2704 ἄν
1805 2672 1887 2712 τις

227 2736 399 2792 εἷ’ποι.
433 2738 509 2792 Τὰ
538 2735 597 2792 δὲ
643 2739 766 2807 ἑξῆς
818 2735 1187 2812 ὑποδείγματα
1245 2739 1546 2794 πιστωτικά
1587 2737 1682 2794 τοῦ
1719 2738 1885 2814 λόγου

227 2832 328 2883 τοῦ
363 2827 498 2881 εἶναι
530 2826 704 2881 πάντα
732 2825 791 2881 ἐκ
821 2831 975 2896 Θεοῦ,
1029 2829 1104 2890 ὡς
1135 2828 1310 2882 αἰτίου
1350 2835 1450 2897 τῆς
1474 2829 1681 2883 τούτων
1712 2830 1886 2904 ὑπάρ-

229 2917 387 2988 ξεως,
450 2915 594 2970 ἄλλο
651 2917 797 2991 παρὰ
844 2920 1010 2970 ταῦτα
1057 2913 1424 2992 ῧπάρχοντος,
1473 2917 1562 2971 καὶ
1612 2917 1663 2971 ἐν
1716 2917 1888 2990 ἑαυτῷ

229 3005 547 3060 συνεστάναι
575 3003 730 3076 ἄλλῳ
759 3005 905 3080 παρά
931 3010 1100 3060 ταῦτα
1131 3005 1456 3081 ὑπάρχοντι.

301 3121 406 3178 Καὶ
439 3115 557 3196 ἔχει
589 3119 761 3176 πάντα
815 3120 1068 3196 ἀριθμόν.
1117 3122 1178 3178 Ὀ
1223 3120 1323 3196 γὰρ
1377 3122 1609 3197 ἀριθμὸς
1659 3121 1719 3177 ἐκ
1748 3121 1885 3178 πολ·-

226 3209 342 3266 λῶν
377 3207 628 3282 μονάδων
683 3212 1074 3283 συντιθεμένων
1125 3209 1201 3274 εἷς
1245 3212 1472 3285 μέγεθος
1513 3212 1766 3286 παραύξει
1803 3233 1814 3245 ⁸
1851 3216 1883 3282 ἡ

1313 1941 1404 1995 ‘Ex
1459 1941 1556 2007 τῆς
1605 1943 1700 1994 τοῦ
1758 1943 1891 1994 Θεοῦ

2071 1943 2135 1996 Et
2165 1957 2289 2013 quae
2317 1943 2799 2016 quomodocunque
2841 1947 3147 2004 existendo.
3192 1948 3268 2004 Ex
3310 1951 3653 2009 eminentis-

2009 2030 2180 2099 sima,
2201 2032 2414 2103 inquit,
2449 2032 2549 2087 Dei
2582 2034 2863 2102 bonitate,
2891 2054 3020 2109 quas
3043 2043 3131 2093 est
3162 2038 3345 2109 ipsius
3369 2043 3463 2096 Dei
3499 2060 3650 2109 esse,

2007 2136 2200 2174 rerum
2230 2121 2572 2177 exsistentia
2602 2129 2658 2176 et
2688 2127 3138 2195 perseverantia.
3167 2127 3333 2182 Unite
3357 2131 3438 2184 ait
3464 2149 3568 2188 seu
3591 2133 3650 2188 in

2006 2205 2259 2277 simplici
2294 2208 2545 2278 quadam
2581 2213 2634 2263 et
2666 2212 2931 2267 omnium
2964 2214 3426 2285 conprehensiva
3475 2226 3653 2290 atque

2004 2296 2223 2350 invicta
2249 2312 2456 2362 causa;
2493 2297 2653 2353 nulla
2683 2301 2840 2354 enim
2877 2301 3121 2371 ratione,
3150 2307 3250 2358 aut
3274 2306 3650 2376 cogitatione,

2004 2387 2104 2438 aut
2127 2384 2351 2440 actione
2372 2385 2634 2441 divinum
2667 2389 2890 2444 Numen
2919 2407 3050 2445 cum
3077 2392 3252 2448 rebus
3281 2396 3650 2464 conjunctio-

2001 2490 2133 2528 nem
2167 2479 2223 2529 et
2253 2476 2726 2532 communionem
2749 2477 2945 2545 habet,
2971 2480 3069 2534 sed
3094 2485 3182 2535 est
3203 2483 3422 2548 omnia,
3449 2490 3505 2539 et
3526 2502 3652 2540 om-

2001 2561 2176 2617 nibus
2195 2565 2610 2635 supereminet,
2643 2565 2735 2620 his
2767 2567 2892 2621 sola
2937 2571 3382 2626 conservatione
3420 2588 3485 2627 ac
3519 2591 3649 2644 pro-

1999 2651 2278 2720 videntia,
2310 2657 2374 2706 ut
2395 2653 2851 2724 aliquisdixerit,
2875 2656 3200 2725 adhaerens;
3221 2666 3426 2716 caetera
3456 2668 3652 2716 autem

1997 2739 2262 2811 exempla
2321 2741 2492 2795 fidem
2547 2742 2768 2797 faciunt
2815 2746 3076 2800 sermoni
3139 2750 3422 2803 asserenti
3456 2751 3656 2806 omnia

1998 2843 2127 2881 esse
2158 2845 2190 2882 a
2226 2833 2356 2894 Deo,
2393 2835 2455 2883 ut
2488 2829 2700 2885 horum
2735 2832 3090 2888 exsistentise
3122 2853 3320 2903 causa,
3369 2837 3525 2892 aliud
3579 2841 3652 2894 ab

1999 2915 2114 2970 illis
2139 2916 2450 2973 exsistente
2476 2935 2542 2974 ac
2571 2919 2627 2973 in
2657 2920 2870 2992 seipso,
2931 2921 3042 2977 alio
3076 2925 3147 2979 ab
3185 2925 3301 2980 illis
3335 2926 3654 2984 exsistente

1999 3004 2340 3059 consistere.

2069 3119 2232 3174 Habet
2262 3136 2476 3175 omnem
2499 3138 2810 3180 numerum.
2860 3125 3149 3182 Numerus
3175 3127 3331 3182 enim
3357 3145 3426 3184 ex
3451 3129 3654 3187 multis

1998 3208 2352 3264 monadibus
2385 3211 2745 3282 compositus
2778 3214 2988 3270 crescit
3027 3215 3084 3270 in
3131 3217 3599 3289 magnitudinem
3637 3237 3649 3274 :

228 3299 322 3354 οῦν
353 3301 542 3371 μονάς,
576 3299 654 3360 ὡς
702 3297 848 3352 αἰτία
895 3299 1158 3373 ἀριθμῶν,
1212 3296 1463 3361 ὲνοειδῶς
1509 3299 1634 3362 τοὺς
1685 3303 1885 3365 πάντας

2011 3314 2205 3352 tnonas
2239 3297 2441 3369 igitur,
2478 3306 2539 3354 ut
2572 3317 2950 3358 numerorum
2984 3321 3184 3376 causa,
3207 3324 3322 3362 uno
3356 3309 3526 3363 modo
3551 3326 3654 3363 nu-

227 3387 584 3465 περιείληφεν
644 3386 908 3462 ἀριθμούς
942 3406 954 3418 ⁸
1009 3387 1150 3442 οὕτω
1200 3389 1288 3442 καὶ
1352 3388 1415 3443 τὸ
1472 3390 1713 3466 κέντρον,
1769 3391 1894 3460 ἤτοι

232 3483 490 3551 σημεῖον,
521 3478 616 3538 τὰς
642 3473 730 3530 ἐπὶ
760 3476 850 3530 τὸν
883 3473 1082 3530 κύκλον
1117 3475 1321 3538 εὐθείας
1350 3477 1617 3554 περιέχει.

307 3671 405 3726 Καὶ
469 3670 519 3726 ἂν
605 3672 837 3745 κέντρῳ.
915 3675 1090 3727 Ταῦτα
1175 3667 1504 3748 βεϐαιωτικά
1574 3679 1670 3729 τοῦ
1728 3674 1894 3751 λόγου

231 3757 633 3835 ὑποδείγματα.
691 3758 1011 3832 Σημείωσαι
1068 3760 1141 3823 ὡς
1190 3760 1278 3815 καὶ
1330 3761 1435 3816 ἀπὸ
1491 3766 1600 3816 τῶν
1648 3784 1894 3837 γραμμι-

228 3854 344 3904 κῶν
393 3850 462 3904 τὰ
506 3850 630 3923 περὶ
689 3853 824 3905 Θεοῦ
882 3851 1186 3926 σαφηνίζει,
1238 3850 1445 3926 κᾶντρῳ
1503 3851 1664 3906 αὐτὸν
1704 3874 1892 3930 παρει-

226 3943 414 4008 κάζων
427 3981 440 3994 .

303 4041 594 4108 Ἐνοειδῶς
664 4044 972 4116 ἠνωμὲνας.
1041 4042 1112 4098 Τὸ
1179 4044 1430 4108 ὲνοειδῶς
1506 4045 1729 4102 ἐνταῦθα
1801 4047 1894 4103 τὲ-

228 4146 406 4198 θεικεν
457 4133 576 4188 ἀντὶ
630 4137 728 4188 τοῦ
776 4133 965 4196 ἁπλῶς
1019 4134 1110 4188 καὶ
1169 4133 1379 4208 ὁμοίως
1413 4155 1426 4168 ⁸

236 4223 430 4296 ροίως.

310 4327 486 4386 Ἀλλᾶ
533 4330 621 4384 καὶ
683 4328 734 4383 ἄν
791 4333 860 4403 τῇ
919 4328 1023 4404 ὅλῃ
1069 4335 1178 4386 τῶν
1239 4331 1408 4387 ὅλων.
1471 4329 1758 4408 Πρόδηλον
1810 4335 1892 4389 ὅτι

234 4418 287 4474 ἓν
316 4423 398 4490 τῷ
428 4417 547 4490 ὅλῳ
569 4417 635 4472 τά
660 4418 797 4491 μὲρη
835 4435 848 4448 ⁸
883 4417 1075 4473 οὐκοῦν
1135 4421 1188 4474 o't
1245 4419 1295 4474 ἐν
1354 4426 1470 4483 τοῖς
1518 4423 1638 4475 καθ’
1667 4419 1892 4477 ἕκαστον

229 4513 344 4563 τῶν
389 4504 562 4561 ὄντῶν
607 4511 848 4581 φυσικῶς
897 4506 1264 4582 θεωρούμενοι
1305 4513 1412 4563 τῶν
1472 4509 1893 4585 ἰνυπαρχουσῶν

236 4597 426 4657 αὐτοῖς
481 4594 762 4664 δυνάμεων
812 4597 846 4665 ἢ
897 4599 1163 4666 κινήσεων
1227 4595 1383 4674 λόγοι
1441 4597 1493 4653 ἐν
1542 4603 1610 4672 τῇ
1657 4599 1896 4664 καθόλου

234 4680 636 4759 λαμϐανομένη
691 4684 842 4761 φύσει
893 4690 1244 4761 θεωροῦνται,
1293 4689 1454 4762 φησίν
1493 4707 1506 4720 ⁸

231 4772 341 4846 ἔξω
395 4771 724 4851 φιλοσοφίας
779 4775 950 4827 πάντα
1008 4774 1075 4828 τά
1143 4777 1262 4839 καθ’
1321 4777 1519 4830 ἑαυτῶν
1583 4776 1898 4852 ὑπάρχοντα

229 4863 327 4918 καὶ
360 4863 416 4916 ἐν
461 4860 656 4925 ἄλλοις
703 4862 1072 4936 θεωρούμενα,
1120 4863 1151 4916 ἃ
1200 4860 1424 4941 ἔμψυχά
1475 4886 1532 4920 τε
1588 4867 1676 4920 καὶ
1710 4864 1895 4940 ἄψυχᾶ

231 4973 413 5029 φαμεν
450 4970 463 4982 ⁸
511 4955 678 5006 ταῦτα
732 4952 903 5005 πάντα
950 4952 1054 5006 ὑπὸ
1117 4952 1242 5024 μίαν
1300 4974 1634 5029 κατηγοριαν
1667 4953 1894 5030 ἤγαγον,

230 5040 481 5101 εἱπόνυες
513 5038 720 5106 οὐσίαν,
773 5037 824 5093 ἐν
866 5043 946 5110 τῷ
981 5040 1205 5115 τοιαύτῃ
1265 5047 1418 5116 φωνῆ
1458 5037 1896 5117 περιλτμϐάνον-

226 5151 320 5184 ται
353 5128 444 5183 καὶ
473 5129 540 5183 τὰ
586 5134 684 5196 τῆς
715 5128 835 5191 καθ’
880 5124 1104 5182 ἕκαστον
1154 5128 1340 5193 οὐσίας
1395 5129 1688 5203 ἰδιώματα,
1721 5133 1811 5185 καὶ
1846 5132 1898 5186 oi.

229 5218 397 5292 λόγοι
431 5217 733 5292 ἀσύγχυτοι
771 5216 1020 5288 μένοντες
1056 5237 1070 5250 ⁸
1117 5215 1299 5294 ἕτερος
1340 5221 1438 5296 γὰρ
1470 5225 1578 5274 τῶν
1608 5219 1894 5294 ἐμψύχων,

230 5308 327 5362 καὶ
361 5305 532 5368 ἄλλος
559 5310 668 5360 τῶν
703 5305 931 5380 ἀψύχων
966 5306 994 5360 ὁ
1027 5305 1193 5382 λόγος
1227 5328 1238 5340 ⁸
1274 5309 1534 5370 ὡσαύτῶς
1559 5316 1647 5362 καί
1678 5312 1783 5362 τῶν
1817 5309 1899 5361 αἱ·

235 5401 537 5466 σθητικῶν,
588 5393 834 5448 τουτέστι
892 5395 1136 5470 λογικῶν
1181 5417 1239 5451 τε
1288 5399 1377 5451 καὶ
1436 5396 1672 5472 ἀλόγων,
1722 5395 1900 5451 καίτοι

236 5486 376 5541 κατὰ
404 5484 500 5540 τὸν
532 5490 635 5553 τῆς
674 5481 877 5551 οὐσίας,
927 5483 1052 5553 ἤτοι
1100 5490 1198 5541 τοῦ
1256 5484 1446 5548 ἁπλῶς
1494 5487 1626 5542 εἶναι
1659 5507 1901 5556 συνηνω-

246 5574 402 5648 μένοι
455 5572 642 5649 λόγον.
695 5573 776 5630 Τὸ
827 5568 883 5627 δδ
922 5571 973 5627 ἐν
1012 5577 1166 5651 ψυχῇ
1224 5574 1520 5649 μονοειδῶς
1574 5574 1778 5652 εἴρηκε,
1811 5596 1901 5646 ση-

251 5665 460 5735 μαίνων
495 5660 628 5737 μίαδ
659 5663 788 5718 εἶναι
819 5663 917 5732 τὴν
961 5662 1020 5718 ἐκ
1065 5668 1249 5740 ψυχῆς
1292 5664 1640 5742 ἰνδιδομᾶνην
1684 5663 1798 5738 ὅλῳ
1826 5669 1905 5736 τῷ

1506 4136 1570 4191 οὐ
1627 4137 1726 4212 γὰρ
1779 4139 1891 4193 ἕτε-

2008 3403 2199 3441 meros
2232 3404 2436 3443 omnes
2464 3389 2521 3442 in
2555 3406 2616 3444 se
2646 3391 2950 3462 complexa
2993 3399 3081 3448 est
3115 3412 3127 3450 :
3164 3394 3246 3450 ita
3290 3397 3465 3451 etiam
3517 3413 3654 3453 cen-

2007 3480 2165 3530 trum
2199 3493 2300 3532 seu
2328 3483 2637 3549 punctum,
2673 3486 2860 3537 rectas
2890 3481 2950 3537 in
2983 3483 3199 3538 circulo
3250 3484 3437 3542 lineas
3491 3503 3656 3542 com-

2005 3564 2301 3636 plectitur.

2075 3671 2244 3743 Atque
2273 3673 2332 3727 in
2362 3683 2566 3728 centro.
2615 3673 2743 3729 Haec
2786 3675 3054 3748 exempla
3105 3679 3388 3734 rationem
3442 3681 3656 3734 confir-

2007 3765 2204 3827 mant;
2240 3766 2377 3816 nota
2405 3763 2697 3832 quomodo
2729 3763 2906 3819 etiam
2957 3780 3024 3819 ex
3058 3765 3232 3820 lineis
3285 3765 3543 3821 declaret
3589 3784 3656 3823 ea

2003 3864 2130 3920 quas
2163 3855 2344 3904 Deum
2377 3855 2664 3921 spectant,
2697 3851 2890 3923 ipsum
2923 3857 3119 3908 centro
3154 3853 3518 3911 assimilans.

2075 4047 2228 4102 174
2262 4047 2623 4116 Um'formiler
2658 4048 2962 4115 copulatas.
2995 4048 3144 4104 lllud
3199 4066 3305 4107 uno
3354 4051 3509 4107 modo
3562 4053 3658 4108 hic

2005 4135 2221 4206 posuit,
2255 4151 2358 4206 pro
2391 4135 2737 4207 simpliciter
2757 4143 2815 4192 et
2844 4138 3150 4207 similiter;
3192 4157 3308 4196 non
3351 4142 3507 4198 enim
3555 4143 3660 4198 ali-

2006 4230 2114 4280 ter.

2077 4333 2186 4388 lmo
2215 4341 2270 4388 et
2297 4335 2354 4388 in
2387 4338 2502 4388 tota
2533 4337 2745 4389 natura
2774 4337 3043 4392 universi.
3078 4337 3478 4402 Manifestum,
3518 4354 3656 4407 par-

2005 4427 2092 4477 tes
2123 4439 2251 4478 esse
2284 4423 2340 4476 in
2373 4427 2530 4477 toto:
2565 4439 2702 4494 ergo
2733 4425 2989 4480 rationes
3022 4443 3148 4497 quas
3181 4427 3241 4480 in
3274 4426 3528 4497 singulis
3571 4443 3660 4482 re-

2006 4511 2117 4565 bus
2150 4511 2498 4566 naturaliter
2513 4513 2986 4577 considerantur,
3011 4514 3420 4570 inexsistentiu
3435 4531 3486 4568 m
3509 4515 3658 4586 ipsis

2008 4599 2349 4656 facultatum
2372 4606 2469 4654 aut
2496 4606 2784 4666 motuum,
2820 4603 2875 4655 in
2911 4607 3140 4668 natura,
3175 4602 3658 4675 inquit,genera-

1558 4691 1672 4743 οἷον
1719 4689 1769 4743 oi
1796 4697 1894 4758 τῆς
1931 4681 1975 4745 D
2007 4687 2140 4744 liter
2170 4694 2404 4759 sumpta
2436 4690 2904 4758 considerantur;
2932 4690 3109 4746 veluti
3139 4691 3360 4761 profani
3400 4691 3660 4762 philoso-

2013 4779 2106 4848 phi
2142 4777 2340 4832 omnia
2363 4794 2488 4848 quae
2514 4794 2612 4848 per
2637 4795 2696 4832 se
2719 4780 3011 4833 exsistunt
3054 4785 3111 4835 et
3156 4781 3212 4832 in
3241 4780 3370 4834 aliis
3393 4779 3659 4836 conside-

2009 4871 2237 4935 rantur,
2271 4883 2395 4937 quae
2427 4866 2684 4920 animata
2723 4873 2780 4922 et
2831 4869 3038 4922 animas
3087 4869 3347 4937 expertia
3379 4869 3658 4934 dicimus,

2006 4955 2126 5010 haec
2159 4956 2355 5010 omnia
2387 4955 2495 5010 sub
2530 4972 2703 5009 unam
2752 4957 3208 5027 appellationem
3263 4958 3658 5025 adduxerunt,

2008 5045 2268 5099 dicentes
2298 5044 2608 5099 essentiam
2637 5063 2649 5110 ;
2686 5045 2739 5097 in
2774 5045 2871 5098 tali
2914 5062 3051 5100 voce
3097 5045 3571 5118 complectuntur
3602 5052 3658 5102 et

2008 5135 2276 5188 essentia;
2300 5132 2665 5203 singulorum
2702 5134 3104 5203 proprietates,
3157 5139 3212 5188 et
3253 5135 3508 5190 rationes
3541 5153 3655 5190 non

2011 5224 2263 5276 confusa:
2297 5228 2619 5287 manentes;
2669 5221 2783 5276 alia
2814 5224 2969 5276 enim
3005 5223 3426 5289 animatorum,
3464 5229 3519 5278 et
3543 5224 3657 5280 alia

2010 5310 2468 5366 inanimatorum
2492 5309 2936 5377 ratio,similiter
2955 5312 3129 5366 etiam
3156 5311 3548 5381 sensilium,id
3571 5319 3660 5368 est

2012 5397 2409 5464 rationalium,
2443 5402 2499 5452 et
2522 5397 2970 5467 irrationalium;
2995 5399 3105 5455 etsi
3131 5400 3400 5456 essentia:
3432 5417 3533 5456 seu
3569 5401 3661 5474 ip-

2012 5486 2137 5544 sius
2168 5487 2514 5557 simpliciter
2541 5486 2890 5543 exsistentias
2940 5489 3167 5546 ratione
3217 5488 3396 5546 simul
3451 5489 3664 5546 unian-

2014 5581 2146 5632 tur:
2171 5575 2313 5630 illud
2353 5578 2546 5631 autem
2582 5574 2639 5630 in
2682 5575 2878 5633 anima
2911 5595 3028 5636 uno
3062 5581 3230 5636 modo
3263 5580 3427 5647 dixit,
3479 5579 3662 5652 signi-

2021 5667 2201 5723 ficans
2250 5683 2427 5723 unam
2461 5682 2589 5723 esse
2619 5665 2690 5722 ab
2732 5667 2931 5725 anima
2978 5669 3086 5726 toti
3142 5670 3372 5743 corpori
3422 5668 3658 5726 vitalem
