4024 6200
504 328 609 382 323

1327 330 1694 384 APPENDIX
1733 330 1830 383 AD
1866 329 2105 384 OPERA
2141 332 2201 384 Β.
2240 328 2557 386 DIONYSII
2593 331 3091 389 AREOPAGITE.
3739 342 3820 400 324

505 453 867 526 facultatem,
896 454 1052 511 varie
1082 453 1142 509 in
1176 452 1453 510 membris
1490 456 1852 525 operantem,
1905 454 2122 510 attribu

2267 453 2481 526 σώματι
2529 455 2765 524 ζωτικὴν
2808 440 3108 531 ὸύναμιον,
3158 456 3423 521 ποικίλως
3465 457 3736 538 ἰνεργοῦσαν
3779 466 3817 522 ἐν

501 548 647 601 tam.

572 634 603 707 ἒ
628 632 746 689 VII.
778 633 1064 705 Siquidem
1093 633 1436 704 principium
1459 635 1538 688 est
1568 649 1779 689 rerum.
1812 633 1872 688 Si
1924 631 2146 704 princi-

502 724 664 795 pium
698 727 806 788 est,
841 723 899 777 id
931 739 1047 793 quo
1081 739 1172 777 res
1220 723 1469 791 exsistit,
1504 723 1709 778 merito
1762 722 1820 776 in
1880 722 2146 778 omnium

502 810 789 885 principio
819 812 1019 866 omnia
1047 817 1183 865 ante
1214 812 1629 882 substiterunt,
1683 816 1747 866 ut
1792 812 1850 866 in
1905 811 2036 867 idea
2092 815 2150 866 et

498 899 836 973 exemplari,
864 899 1019 955 sicut
1053 906 1186 955 ante
1225 899 1506 967 diximus,
1536 899 1714 956 simul
1735 903 1790 955 et
1811 917 1928 956 uno
1952 900 2145 968 modo,

501 1007 567 1045 ac
589 989 902 1057 contraria,
929 988 1069 1044 utin
1095 990 1232 1059 Deo,
1274 988 1428 1044 sicut
1463 989 1686 1044 dictum
1727 995 1837 1055 est,
1876 988 2144 1044 conside-

497 1084 627 1134 rata
668 1077 961 1149 quomodo
993 1082 1188 1131 autem
1242 1078 1575 1147 conjuncta,
1609 1082 1668 1132 et
1716 1077 2031 1142 contraria,
2067 1078 2147 1133 ita

497 1165 789 1237 intelliges
823 1166 1014 1237 :quod
1048 1169 1322 1220 ornatum
1372 1170 1463 1221 est
1509 1166 1684 1221 habet
1717 1168 1964 1222 formam
1997 1166 2142 1221 divi~

499 1270 647 1323 sam,
682 1258 746 1309 ut
775 1253 835 1308 in
869 1254 1107 1319 mundo,
1143 1254 1283 1309 alibi
1314 1260 1477 1310 astra
1523 1260 1580 1311 et
1619 1255 1757 1309 alibi
1790 1255 2087 1310 hominem
2124 1271 2139 1310 :

494 1345 831 1412 iterumque
857 1341 970 1397 alio
1003 1344 1060 1398 in
1079 1343 1205 1398 loco
1228 1344 1426 1415 ignem
1452 1361 1518 1399 ac
1532 1343 1644 1400 alio
1668 1344 1725 1398 in
1750 1343 1876 1400 loco
1899 1360 2137 1416 aquam;

494 1448 628 1487 cum
662 1431 818 1487 enim
854 1433 974 1487 sint
1013 1434 1327 1502 contraria,
1361 1432 1409 1487 si
1460 1432 1642 1487 simul
1673 1433 1978 1502 exsistent,
2009 1449 2140 1488 cor-

494 1525 885 1592 rumpuntur;
918 1521 978 1575 in
1002 1521 1101 1577 Dei
1127 1528 1323 1576 autem
1346 1521 1819 1592 cogitationibus,
1852 1528 1909 1578 et
1937 1539 2142 1579 omnes

494 1628 587 1667 res
620 1610 796 1667 simul
826 1614 1010 1677 erant,
1058 1615 1116 1665 et
1173 1627 1287 1665 non
1334 1612 1598 1680 confuse,
1630 1628 1822 1682 neque
1868 1611 1930 1668 in
1974 1611 2138 1678 loco;

494 1718 610 1756 non
642 1700 796 1756 enim
859 1703 998 1755 sunt
1046 1716 1311 1770 corpora,
1372 1716 1479 1755 nec
1535 1699 1592 1755 in
1652 1717 1912 1773 corpore,
1948 1702 2045 1756 sed
2078 1700 2139 1756 in

2257 548 2374 604 τοῖς
2410 540 2652 615 μέλεσιν.

2328 638 2507 703 ξνιι.
2543 635 2722 710 Ἀρχὴ
2772 635 2877 710 γάρ
2920 633 3030 690 ἐστι
3076 640 3185 692 τῶν
3235 631 3420 694 ὅντων.
3470 638 3524 694 Εἰ
3569 637 3713 696 αἴτιόν
3736 641 3818 698 ἐστι

2256 723 2318 777 τὸ
2350 720 2419 778 δι’
2442 724 2471 778 ’ὁ
2501 723 2708 799 γίνεται
2738 725 2799 779 τὸ
2847 725 3163 800 γινόμενον,
3213 725 3428 789 εἷ’κότως
3469 726 3518 782 ἰν
3552 734 3620 799 τῷ
3655 728 3820 786 πάντων

2257 807 2415 883 αἶ’τίῳ
2445 811 2614 865 πάντα
2661 811 3091 889 προϋφέστηκεν,
3143 814 3218 875 ὡς
3265 812 3315 868 ἐν
3358 811 3467 886 ίδέα
3508 814 3589 870 καὶ
3624 815 3823 889 παραδεί-

2254 921 2445 971 γματι,
2491 900 2630 954 καθά
2684 901 3002 979 προὲφημεν
3053 904 3195 975 ὁμοῦ
3245 903 3330 958 καὶ
3381 901 3631 974 ἐνοειδῶς,
3675 906 3747 960 καὶ
3776 908 3823 961 τὰ

2255 987 2488 1057 ἐναντία,
2523 989 2597 1052 ὡς
2628 987 2681 1044 ἐν
2729 994 2808 1062 τῷ
2846 995 2964 1063 Θεῷ
3020 988 3232 1068 εἷ’ρηται
3286 990 3705 1068 ἐπιθεωρούμενα.
3730 1000 3823 1058 Πῶς

2256 1074 2314 1131 δὲ
2342 1078 2430 1132 καὶ
2488 1077 2810 1151 ἡνωμένως,
2860 1080 2945 1134 καὶ
3001 1080 3212 1135 ἐναντία
3236 1083 3305 1154 ³1,
3360 1078 3498 1136 οὕτω
3536 1084 3823 1151 νοήσεις⁰τὸ

2252 1167 2532 1239 κοσμηθὲν
2589 1161 2704 1243 ἔχει
2762 1168 2825 1222 τὸ
2896 1166 3041 1233 εἶδος
3108 1167 3516 1245 μεμερισμένον,
3571 1170 3637 1232 ὡς
3686 1169 3729 1225 ἐν
3767 1177 3825 1244 τῷ

2251 1255 2467 1328 κόσμῳ,
2502 1253 2755 1331 ἀλλαχοῦ
2805 1259 2872 1311 τὰ
2918 1255 3105 1330 ἄστρα,
3141 1259 3228 1314 καὶ
3284 1257 3527 1335 ἀλλαχοῦ
3560 1260 3641 1314 τὸν
3670 1258 3823 1334 ἄνθρω-

2251 1366 2351 1399 πον
2387 1364 2399 1376 ·
2433 1344 2524 1400 καί
2579 1347 2734 1410 αὗθις
2790 1346 2935 1423 ἄλλῃ
2993 1348 3057 1402 τὸ
3111 1352 3240 1424 πῦρ,
3298 1347 3387 1403 καὶ
3434 1347 3570 1423 ἄλλῃ
3608 1349 3664 1404 τὸ
3699 1347 3825 1425 ὕδωρ.

2252 1434 2496 1491 Ἐναντία
2523 1434 2629 1509 γὰρ
2671 1435 2820 1508 ὄντα,
2873 1434 2964 1491 ἐὰν
3017 1437 3159 1510 ὁμοῦ
3214 1438 3488 1512 γένωνται,
3534 1439 3829 1516 συμφθείρον-

2249 1542 2335 1578 ται
2372 1540 2385 1555 ·
2420 1523 2471 1577 ἐν
2533 1521 2590 1579 δὲ
2645 1528 2767 1588 ταῖς
2823 1527 3044 1597 νοήσεσι
3087 1530 3186 1580 τοῦ
3234 1531 3369 1582 Θεοῦ
3416 1525 3503 1581 καὶ
3551 1527 3704 1581 πάντα
3724 1528 3830 1600 ὁμοῦ

2250 1613 2388 1682 ἦσαν
2420 1609 2546 1668 ὄντα
2574 1612 2666 1669 καὶ
2694 1614 3043 1689 ἀσυγχύτως,
3093 1614 3182 1670 καὶ
3235 1616 3335 1671 οὐκ
3381 1617 3432 1671 ἓν
3478 1613 3622 1688 τόπῳ
3643 1634 3655 1647 ·
3683 1615 3828 1689 οὐγὰρ

2252 1702 2477 1776 σώματά
2508 1703 2659 1775 εἶσιν,
2694 1703 2819 1760 οὕτε
2850 1703 2902 1758 ἐν
2948 1703 3185 1778 σώματι,
3216 1703 3344 1760 ἀλλ’
3392 1703 3443 1760 ἐν
3473 1701 3655 1767 ἀϊδίοις
3679 1706 3831 1774 νοήσε-

491 1789 723 1846 aaternis
748 1789 1206 1859 cogitationibus
1238 1805 1368 1860 quae
1391 1793 1533 1844 sunt
1553 1790 1908 1860 exemplaria
1941 1807 1954 1846 :
1985 1791 2129 1847 unde

2252 1813 2355 1862 σιν,
2410 1789 2609 1854 α’ίτινές
2665 1792 2767 1847 εἰσι
2843 1791 3297 1870 παραδείγματα·
3361 1794 3477 1858 ὅθεν
3530 1792 3613 1848 καὶ
3659 1795 3827 1848 πάντων

490 1880 664 1934 etiam
699 1878 879 1933 Deum
916 1879 1181 1933 omnium
1213 1882 1303 1934 est
1333 1879 1713 1950 principium;
1747 1895 1884 1933 nam
1918 1878 2135 1951 princi~

488 1967 652 2037 pium
678 1972 768 2021 est
795 1965 1074 2035 quidquid
1105 1969 1241 2021 ante
1273 1966 1542 2022 effectum
1567 1982 1738 2021 suum
1763 1967 2045 2035 substitit,
2070 1982 2136 2021 ac

485 2056 547 2110 in
597 2053 728 2110 aliis
761 2055 904 2110 ordo
934 2058 1024 2109 est
1054 2070 1256 2109 eorum
1291 2070 1417 2126 quas
1468 2053 1623 2108 velut
1657 2054 1923 2110 ordinata
1953 2060 2130 2127 sunt;

492 2144 634 2199 ordo
665 2149 861 2198 autem
893 2147 983 2198 est
1011 2142 1280 2198 efficacia
1312 2142 1726 2199 similitudinis
1748 2146 2012 2199 omnium
2044 2162 2131 2201 re-

488 2248 616 2288 rum
649 2232 801 2287 inter
848 2248 932 2298 se,
964 2237 1021 2287 et
1068 2231 1563 2288 commensuratio
1621 2232 1909 2289 exsistens
1957 2251 2135 2291 causa

488 2320 924 2377 communionis
955 2338 1149 2376 rerum
1183 2321 1438 2376 universi
1466 2321 1619 2376 inter
1649 2338 1740 2391 se;
1772 2323 1913 2393 quin
1954 2323 2131 2378 etiam

484 2411 643 2467 Deus
671 2415 762 2466 est
787 2414 977 2465 status
1008 2410 1202 2466 omnis
1227 2415 1283 2465 et
1313 2415 1509 2465 motus
1540 2410 1734 2466 omnis
1764 2428 1981 2467 rerum.
2001 2412 2131 2467 Haec

485 2504 681 2555 autem
714 2498 940 2555 diverse
971 2499 1353 2571 intelligenda
1386 2516 1399 2555 :
1432 2500 1727 2570 siquidem
1760 2500 1819 2555 in
1852 2500 2129 2573 intelligi-

483 2589 705 2646 bilibus
723 2593 781 2644 et
799 2587 1506 2660 intelligentibus,natura
1522 2605 1655 2643 cum
1680 2590 1755 2644 sit
1774 2590 2129 2661 principium

488 2682 682 2733 motus
712 2687 769 2733 et
793 2682 1004 2742 status,
1030 2693 1130 2732 seu
1152 2677 1388 2748 quietis,
1421 2676 1576 2733 idem
1597 2678 1755 2733 enim
1788 2684 1897 2747 est,
1930 2680 2125 2735 effica-

484 2767 631 2822 ciam
665 2766 954 2834 declarat;
986 2782 1121 2821 nam
1156 2770 1353 2821 motus
1384 2767 1484 2837 qui
1518 2767 1574 2820 in
1609 2767 1950 2824 ministeriis
1982 2769 2127 2823 divi-

483 2857 576 2911 nis
619 2857 759 2912 175
798 2872 863 2911 ac
894 2855 1239 2911 inferiorum
1280 2855 1776 2912 instructionibus
1814 2856 2010 2913 vitalis
2041 2863 2131 2914 est

482 2944 762 3010 efﬁcacia,
794 2950 853 2999 et
873 2945 1040 3015 quies
1070 2949 1247 3014 atque
1277 2949 1490 3014 status,
1522 2961 1657 3000 cum
1690 2945 1769 3000 sit
1789 2951 2040 3001 aaternus
2070 2952 2129 3003 et

483 3032 729 3087 minime
770 3032 1099 3101 mutabilis,
1150 3031 1409 3088 declarat
1459 3038 1687 3089 mentes
1736 3035 1849 3089 sibi
1896 3037 2129 3108 propria

480 3120 729 3192 operari,
760 3137 827 3176 ac
858 3121 1069 3175 divinis
1099 3122 1348 3193 impleri;
1376 3123 1434 3177 in
1457 3123 1779 3179 sensilibus
1802 3129 1992 3181 autem
2019 3143 2125 3181 na-

2248 1881 2394 1956 ἆρχή
2428 1882 2455 1935 6
2488 1882 2618 1943 Θεός
2649 1900 2662 1913 ’
2694 1882 2841 1958 ἀρχὴ
2876 1883 2974 1957 γοὶρ
3026 1883 3136 1937 ἐστι
3190 1888 3292 1937 πᾶν
3339 1883 3403 1938 τὸ
3432 1883 3745 1962 προϋφεστὼς
3764 1882 3834 1937 τοῦ

2241 1968 2534 2045 γινομένου
2566 1989 2579 2003 ⁸
2613 1970 2703 2025 καὶ
2734 1971 2872 2045 πρὸς
2923 1976 3041 2033 τοῖς
3086 1969 3303 2040 ἄλλοις,
3354 1972 3445 2028 καὶ
3473 1970 3611 2045 τάξις
3636 1970 3730 2027 ἐστῖ
3752 1976 3831 2026 τῶν

2244 2059 2318 2121 ὡς
2342 2058 2687 2134 τεταγμένων
2722 2078 2735 2091 ·
2794 2059 2942 2130 τάξις
2985 2057 3042 2116 δὲ
3091 2059 3233 2115 ἐστιν
3294 2059 3508 2137 ἐργασία
3556 2057 3832 2133 ὁμοιότητος

2241 2147 2378 2222 πρὸς
2409 2146 2636 2218 ἄλληλα
2663 2149 2878 2202 πάντων
2910 2153 3018 2203 τῶν
3070 2143 3264 2219 ὅντων,
3295 2149 3387 2205 καὶ
3415 2149 3694 2223 συμμετρία
3716 2168 3825 2224 γινο-

2245 2233 2379 2308 μένη
2411 2234 2559 2290 αἰτία
2612 2234 2900 2297 κοινωνίας
2955 2241 3062 2291 τῶν
3122 2238 3258 2314 πρὸς
3305 2234 3528 2309 ἄλληλα
3566 2237 3825 2297 παντὸςτώ

2241 2320 2418 2393 ὄντος,
2477 2322 2624 2381 ἀλλᾶ
2680 2326 2768 2380 καὶ
2842 2331 2989 2381 πᾶσα
3058 2325 3259 2394 στάσις,
3335 2327 3428 2382 καὶ
3491 2332 3623 2382 πᾶσα
3665 2325 3828 2395 κίνησις

2246 2412 2358 2468 ἐστι
2391 2418 2497 2468 τῶν
2529 2413 2699 2469 ὄντων
2728 2415 2755 2469 6
2787 2414 2942 2477 Θεός.
2996 2410 3280 2494 Διαφόρως
3334 2413 3393 2471 δὲ
3420 2416 3607 2480 ταύτας
3630 2415 3824 2484 νοτ,τέον·

2238 2503 2328 2558 καὶ
2360 2502 2448 2557 ὲπὶ
2480 2503 2574 2576 μὲν
2605 2507 2713 2558 τῶν
2753 2507 2967 2572 νοητῶν
3023 2505 3116 2560 καὶ
3170 2509 3279 2559 τῶν
3337 2510 3555 2580 νοερῶν,
3609 2506 3635 2574 ἢ
3686 2501 3823 2580 φύσις,

2239 2591 2387 2666 ἀρχὴ
2445 2592 2579 2646 οὗσα
2634 2593 2900 2662 κινήσεως
2969 2592 3060 2647 καὶ
3116 2591 3379 2663 στάσεως,
3452 2592 3571 2664 ἤτοι
3625 2592 3826 2667 ἠρεμίας.

2236 2681 2430 2735 ταύτὸν
2460 2682 2562 2757 γάρ
2612 2679 2745 2749 ἐστι,
2793 2680 3066 2756 ἒγέργειαν
3118 2678 3286 2752 δηλοῖ
3322 2702 3334 2715 ’
3369 2681 3405 2753 ἦ
3453 2703 3511 2738 τε
3545 2682 3642 2758 γὰρ
3664 2678 3830 2748 κίνησις

2242 2771 2276 2838 ἡ
2306 2768 2382 2831 εἰς
2412 2766 2689 2833 διακονίας
2725 2768 2868 2833 θείας
2916 2768 3006 2824 καὶ
3058 2766 3412 2834 διδασκαλίας
3461 2775 3564 2826 τῶν
3608 2762 3829 2836 ὑποϐεϐη-

2237 2858 2412 2913 κότων
2443 2855 2685 2935 ἐνέργειᾶ
2732 2857 2843 2912 ἐστι
2909 2859 3137 2929 ςωτική,
3197 2858 3232 2928 ἥ
3283 2880 3345 2915 τε
3394 2859 3593 2936 ἠρεμία
3633 2855 3828 2913 natati-

2238 2969 2321 3009 σις
2372 2947 2593 3011 αἱώνιος
2650 2948 2783 3001 οὖσα
2832 2948 2923 3003 καὶ
2976 2945 3261 3021 ἄτρεπτος,
3311 2949 3382 3004 τὰ
3432 2948 3599 3004 οἰκεῖα
3640 2946 3827 3021 ἐνεργεῖν

2238 3033 2403 3106 δηλοῖ
2424 3034 2551 3100 τοὺς
2575 3034 2720 3106 νόας,
2751 3034 2842 3091 καὶ
2900 3041 3007 3092 τῶν
3061 3036 3216 3102 θείων
3267 3036 3637 3116 ἐμφορεῖσθαι.
3665 3029 3829 3093 Ἐπὶδὶ

2234 3123 2341 3181 τῶν
2373 3125 2645 3197 αἰσθητῶν
2680 3128 2714 3196 ἡ
2761 3124 2917 3204 φύσις
2970 3126 3118 3203 ἀρχὴ
3171 3127 3303 3182 οὗσα
3347 3130 3604 3199 κινήσεως
3631 3123 3708 3180 καὶ
3733 3124 3828 3177 στά-

478 3214 612 3264 tura
633 3209 922 3265 exsistens
944 3192 1298 3281 principium
1326 3216 1517 3266 motus
1533 3216 1589 3266 et
1613 3218 1801 3269 status
1824 3230 1926 3269 seu
1958 3216 2122 3286 quie-

2241 3236 2392 3284 σεως,
2426 3192 2550 3284 ἦτοι
2602 3192 2857 3289 ἠρεμίας.
2908 3192 3015 3284 τήν.
3220 3192 3647 3287 κίνησιντδηλοῖ
3694 3213 3756 3274 εἷς
3784 3210 3829 3263 τὸ

481 3299 557 3353 tis
586 3303 807 3354 motum
843 3299 1078 3369 quidem
1112 3298 1370 3355 declarat
1427 3301 1485 3355 in
1534 3302 1915 3373 productione
1951 3320 1964 3357 ε
2008 3307 2123 3359 sta-

481 3392 606 3444 tum
638 3405 768 3443 vero
818 3404 919 3443 seu
976 3389 1255 3460 quietem,
1315 3406 1384 3445 ex
1441 3391 1814 3462 corruptione
1856 3394 2125 3450 essentize

478 3480 582 3532 aut
637 3476 1027 3532 cessationem
1062 3481 1162 3531 aut
1195 3479 1598 3534 mutationem.
1661 3480 1886 3535 Dicitur
1927 3485 2123 3537 autem

478 3566 633 3622 Deus
660 3565 781 3621 haec
812 3582 962 3629 esse,
988 3567 1139 3636 quod
1166 3565 1293 3637 ipse
1314 3568 1885 3639 superessentialiter
1915 3569 1991 3624 sit
2021 3586 2123 3624 au-

478 3660 621 3712 ctor.
655 3655 845 3712 Motus
874 3660 1068 3710 autem
1106 3656 1239 3726 Deo,
1272 3662 1361 3711 est
1391 3656 1452 3712 in
1493 3657 1785 3729 benignus
1814 3658 2124 3729 providen.

474 3744 569 3799 tia
591 3761 899 3816 processus
921 3744 979 3798 in
1005 3760 1071 3799 ea
1112 3760 1240 3815 quae
1273 3762 1341 3800 ex
1372 3745 1500 3817 ipso
1531 3750 1587 3800 et
1618 3762 1719 3818 per
1750 3747 1976 3819 ipsum;
2011 3750 2125 3801 sta-

475 3838 572 3890 tus
602 3852 757 3902 vero,
787 3838 846 3890 et
877 3850 1105 3906 semper
1126 3835 1326 3890 eodem
1352 3835 1526 3891 modo
1549 3852 1611 3890 se
1630 3835 1863 3903 habere,
1900 3853 1967 3891 ac
1997 3835 2124 3892 sine

476 3940 736 3993 egressu,
770 3924 1128 3995 incognitam
1160 3923 1250 3977 sui
1284 3924 1472 3994 ipsius
1506 3927 1763 3995 quietem
1801 3925 1854 3979 in
1889 3925 2123 3995 intrepi-

476 4012 612 4065 dam
636 4012 823 4066 turbm
843 4012 1195 4067 vacuitatem
1222 4013 1885 4083 possidere.Notandum
1902 4020 2118 4082 autem,

474 4116 609 4155 eum
632 4099 1031 4171 intelligibiles
1046 4101 1350 4156 facultates
1364 4107 1612 4156 aeternas
1626 4109 2122 4171 vocasse,utaater-

476 4189 717 4244 nitatem
743 4188 1190 4261 participantes;
1217 4190 1522 4261 Scriptura
1544 4190 1698 4245 enim
1724 4191 1831 4246 hoc
1864 4192 2073 4248 asserit
2106 4209 2117 4248 :

477 4280 614 4347 Quae
633 4281 782 4335 enim
817 4278 1098 4345 videntur,
1124 4280 1454 4350 temporalia
1473 4284 1625 4341 sunt;
1659 4294 1785 4350 qua?
1804 4287 1987 4335 autem
2010 4296 2121 4335 non

472 4368 754 4432 videntur,
783 4371 995 4423 aeterna
1012 4367 1323 4438 sunt(d).ln
1349 4367 1480 4423 aliis
1501 4385 1635 4423 vero
1656 4368 1962 4424 existentia
1983 4374 2123 4423 sunt

473 4458 648 4513 veluti
700 4455 1005 4523 sanctitas,
1038 4456 1451 4512 immortalitas
1499 4457 1632 4512 vitae
1679 4457 1965 4513 beatitas:
2002 4459 2119 4513 haec

2231 3304 2363 3358 εἷναι
2385 3305 2715 3379 παραγωγήν
2742 3323 2755 3336 ·
2787 3304 2885 3371 τὴν
2911 3300 2969 3358 δὲ
2992 3303 3197 3375 στάσιν,
3230 3304 3357 3374 ἤτοι
3391 3307 3636 3382 ἠρεμίαν,
3659 3304 3741 3371 τὴν
3766 3298 3832 3354 διὰ

2230 3398 2331 3461 τῆς
2358 3394 2560 3468 φθορᾶς
2587 3397 2684 3448 τοῦ
2707 3393 2839 3447 εἶναι
2867 3391 2903 3462 ἢ
2934 3397 3130 3447 παῦσιν
3155 3395 3190 3464 ἢ
3218 3390 3557 3468 μεταϐολὴν.
3580 3394 3773 3468 Λέγεται
3789 3385 3841 3451 δὶ.

2230 3485 2399 3536 ταῦτα
2430 3481 2564 3536 εἶναι
2596 3482 2625 3536 6
2677 3482 2831 3551 Θεὸς,
2873 3478 2948 3545 ὡς
2998 3479 3173 3546 αἴτιος
3214 3481 3373 3545 αὐτὸς
3435 3484 3686 3558 ὑπάρχων
3713 3480 3834 3551 ὑπερ·

2235 3567 2454 3630 ουσίως.
2489 3569 2711 3639 Κίνησις
2758 3566 2817 3623 δὲ
2860 3569 2946 3624 ἐπὶ
3002 3574 3135 3625 Θεοῦ
3190 3572 3225 3640 ἠ
3273 3570 3351 3635 εἷς
3398 3572 3469 3627 τὰ
3513 3571 3563 3641 ἐξ
3604 3571 3745 3625 αὒτοῦ
3767 3563 3833 3619 καὶ

2237 3654 2307 3711 δι’
2339 3658 2505 3712 αὑτοῦ
2562 3656 2615 3711 ἐν
2667 3658 2962 3733 ἀγαθότητι
2993 3662 3334 3734 προνοητικὴ
3384 3659 3626 3736 πρόοδος
3655 3678 3667 3692 ο
3694 3658 3836 3714 στάσις

2238 3744 2294 3801 δὲ
2322 3747 2385 3801 τὸ
2417 3746 2496 3801 ἀεὶ
2556 3746 2815 3810 ὡσαύτως
2868 3745 3037 3823 ἔχειν,
3089 3748 3180 3803 καὶ
3237 3748 3647 3828 ἀνεκφοιτήτως
3687 3746 3834 3802 ἑαυτυῦ

2232 3836 2331 3904 τήν
2390 3834 2787 3908 ἀνεπίγνωστον
2866 3836 3098 3911 ἠρεμίαν
3156 3838 3246 3892 καὶ
3303 3838 3519 3912 ἀτρεμῆ
3577 3834 3834 3912 ἀοχλησίαν

2229 3923 2539 3991 κεκτῆσθαι.
2583 3920 2933 3995 Σημειωτέον
2980 3921 3059 3991 δὲ,
3108 3924 3192 3979 ὅτι
3243 3925 3339 3988 τὰς
3394 3928 3595 3997 νοητὰς
3625 3923 3835 3994 δυνάμεις

2229 4012 2453 4073 αἰωνίας
2479 4010 2748 4080 ἐκάλεσεν,
2802 4013 2877 4076 ὡς
2926 4012 3122 4075 αἰῶνος
3174 4014 3537 4090 μετεχούσας.
3585 4017 3646 4070 Ἡ
3674 4011 3725 4069 δὲ
3744 4013 3838 4065 τοῦ·

2228 4122 2291 4156 το
2320 4100 2552 4178 λέγουσα
2612 4099 2797 4176 Γρᾶφή
2844 4100 2955 4157 ἐστι
2991 4123 3003 4137 -
3068 4103 3150 4159 Ta‘:
3206 4102 3309 4179 γάρ
3374 4102 3683 4177 βλεπόμενα
3706 4098 3836 4175 πρόσ-
3960 4140 3961 4171 ι

2228 4210 2435 4265 καιρα³
2500 4191 2569 4244 τὰ
2623 4188 2681 4245 δὲ
2767 4192 2844 4263 μὴ
2924 4190 3237 4268 βλεπόμενα
3307 4193 3528 4253 αἰώνια.
3587 4193 3666 4251 Τὰ
3716 4188 3755 4246 δ’
3798 4186 3836 4242 ἒν

2230 4279 2431 4351 ἑτέροις
2492 4278 2809 4354 ὑπάρχοντά
2862 4281 2994 4336 εἷ’σιν
3078 4284 3195 4337 οἷον
3262 4285 3554 4358 ἁγιασμὸς,
3601 4277 3837 4338 ἀθανασία.

2231 4365 2432 4436 εὖξωῖἀ
2463 4386 2475 4400 ·
2510 4372 2678 4423 ταῦτα
2731 4370 2835 4445 γὰρ
2891 4369 2942 4425 ἐν
2995 4376 3218 4441 νοηταῖς
3272 4373 3360 4429 καὶ
3425 4378 3639 4441 νοεραῖς
3665 4368 3839 4424 οὐσίαις

2230 4456 2457 4511 τοιαῦτά
2487 4457 2589 4512 εἶ’σι
2628 4460 2744 4514 κατ’
2797 4457 3036 4515 ἐπίνοιαν
3090 4457 3147 4516 δὲ
3205 4462 3459 4537 Λέγονται
3509 4461 3564 4517 ἐν
3611 4465 3717 4520 τοῖς
3740 4476 3841 4522 νοη-

472 4548 629 4604 enim
661 4546 717 4600 in
755 4543 1229 4614 intelligibilibus
1260 4562 1326 4600 ac
1357 4544 1822 4617 intelligentibus
1842 4547 2116 4602 essentiis

2241 4551 2346 4608 τοῖς
2376 4548 2466 4602 καὶ
2499 4550 2657 4619 ἡμῖν,
2705 4548 2778 4609 ὡς
2826 4549 2939 4603 θεοὶ
2986 4550 3077 4605 καὶ
3126 4550 3304 4624 κύριοι
3344 4552 3437 4607 καὶ
3483 4549 3691 4607 δυνατοὶ
3720 4543 3842 4620 ἰσχύϊ

469 4634 614 4693 talia
642 4638 818 4690 sunt:
843 4633 1124 4688 dicuntur
1154 4639 1349 4689 autem
1382 4634 1734 4705 cogitatione
1760 4650 1889 4690 esse
1920 4635 1979 4689 in
2030 4636 2120 4690 in-

471 4722 881 4795 telligibilibus
899 4738 965 4777 ac
988 4722 1181 4788 nobis,
1210 4727 1273 4777 ut
1304 4723 1385 4777 dii
1426 4729 1482 4778 et
1516 4723 1740 4779 domini
1763 4728 1819 4780 et
1854 4727 2122 4795 potentes

470 4814 685 4869 virtute
704 4811 919 4884 angeli,
952 4827 1017 4868 ac
1046 4811 1494 4884 participatione
1524 4812 1814 4869 homines.

542 4903 731 4958 Omnis
746 4902 1014 4971 deﬁnitio,
1038 4910 1091 4956 et
1120 4909 1315 4956 caetera
1336 4917 1689 4973 quaecunque.
1714 4902 1848 4965 Quae
1874 4919 1939 4957 eo
1963 4903 2115 4974 quod

468 4992 756 5047 exsistant
787 4995 947 5057 sunt,
980 4990 1123 5046 dicit
1155 4989 1356 5045 hiecin
1390 4988 1518 5045 aliis
1550 4989 1920 5045 considerata
1977 4991 2122 5047 exsi-

472 5085 589 5135 ters
609 5085 666 5135 et
697 5097 808 5135 non
844 5080 901 5135 in
936 5097 998 5136 se
1026 5079 1194 5152 ipsis;
1222 5096 1354 5134 nam
1378 5078 1807 5149 essentia:(baac
1834 5080 1990 5134 enim
2022 5098 2118 5136 vo-

470 5170 620 5223 cavit
649 5170 823 5240 entia)
851 5173 990 5226 sunt
1018 5185 1222 5225 eorum
1255 5185 1378 5238 quas
1410 5184 1512 5240 per
1537 5183 1601 5223 se
1631 5166 1944 5236 exsistunt,
1971 5184 2120 5240 quas

471 5254 802 5327 designant,
846 5256 1282 5329 immortalitas,
1334 5255 1646 5329 sapientia,
1696 5257 1862 5325 ordo,
1907 5272 2119 5315 conve-

546 5404 627 5477 (d)
659 5405 705 5461 II
736 5408 867 5465 Cor.
902 5423 979 5479 Iv,
1012 5408 1099 5463 18.

2232 4634 2456 4710 ἄγγελοι
2485 4636 2619 4690 κατὰ
2652 4635 2858 4708 μέθεξιν
2890 4639 2981 4693 καὶ
3012 4637 3309 4715 ἄνθρωποι.

2302 4907 2412 4964 Πᾶς
2445 4900 2591 4978 ὅρος,
2622 4904 2712 4958 καὶ
2770 4904 2836 4958 τὰ
2884 4902 3049 4961 ἄλλα·
3098 4908 3236 4963 Ὅσα
3286 4913 3367 4980 τῷ
3407 4908 3544 4963 εἶναι
3593 4904 3716 4961 ὄντα
3739 4900 3840 4966 εἶσι,

2226 4993 2395 5046 ταῦτά
2444 5012 2604 5065 φησιν
2668 4991 2720 5047 ἐν
2777 4988 2981 5067 ὲτὲροις
3038 4994 3386 5072 θεωρούμενα
3445 4997 3729 5072 ὑπάρχειν,
3775 4986 3844 5043 καὶ

2231 5080 2293 5135 οὓ
2321 5081 2441 5135 καθ’
2466 5081 2628 5136 ἑαυτά
2660 5100 2673 5114 °
2734 5081 2787 5136 αἱ
2846 5083 2950 5160 γὰρ
3002 5083 3180 5140 οὐσίαι
3239 5087 3427 5159 (ταῦτα
3483 5085 3592 5161 γὰρ
3630 5081 3843 5139 ἐκάλεσεν

2229 5171 2403 5242 ὄντα),
2432 5173 2542 5225 τῶν
2572 5171 2690 5234 καθ²
2749 5171 2913 5226 ἑαυτά
2971 5172 3126 5243 εἰσιν,
3181 5174 3395 5241 ἅστινας
3446 5171 3849 5252 χαρακτηρίζω

2227 5278 2329 5331 σιν,
2385 5257 2670 5331 ἀθανασία,
2743 5260 2928 5338 σοφία,
3002 5262 3173 5335 τάξις,
3228 5264 3490 5341 ἀρμονία,
3547 5262 3639 5320 καὶ
3673 5260 3734 5318 τὰ
3775 5256 3848 5310 σὺν

1469 5533 1714 5591 VARIIE
1753 5534 2151 5593 LECTIONES
2190 5535 2279 5592 ET
2314 5533 2884 5597 CORRECTIONES.

548 5657 591 5695 ²¹
618 5654 682 5712 τὸ
714 5652 773 5711 δὲ
802 5650 1032 5712 ἐναντία.
