4024 6200
259 378 355 432 325

981 371 1038 426 S.
1080 371 1349 423 MAXIMI
1385 369 1692 424 SCHOLIA
1730 371 1806 423 IN
1845 371 1978 422 LIB.
2020 369 2115 420 DE
2155 368 2421 420 DIVINIS
2462 368 2870 422 NOMINIBUS.

3531 370 3637 424 326

257 501 438 565 αὐτοῖς,
495 497 621 568 ἅπερ
678 491 730 548 ἐν
791 491 995 567 ὲτὲροις
1040 491 1306 565 ὑπάρχειν
1355 489 1626 567 λέγονται·
1691 489 1870 566 ὥσπερ

2010 490 2229 557 tientia,
2263 494 2321 546 et
2342 490 2416 546 iis
2438 491 2738 561 adjuncta,
2763 506 2890 561 quas
2915 490 3195 545 dicuntur
3218 507 3348 548 esse
3382 494 3442 548 in
3471 493 3636 564 aliis;

257 587 332 642 καὶ
373 585 433 640 τὰ
475 585 585 638 κατ’
613 580 861 652 αἴσθησιν
888 579 1014 655 περὶ
1043 579 1112 634 τα
1150 579 1376 653 σώματα
1421 581 1696 655 ὁρώμενα’
1754 583 1867 634 οἷον

260 680 456 750 χρῶμα,
487 679 696 747 σχῆμα,
747 665 1080 739 πηλικὸτης,
1123 669 1212 723 καὶ
1261 670 1329 723 τὰ
1373 669 1561 740 ὅμοια,
1597 671 1730 744 ἅπερ
1766 689 1872 722 σω-

263 765 419 837 μάτων
462 761 605 822 ἐκτὸς
653 759 996 822 συνίστασθαι
1047 755 1332 812 ἀδύνατον.
1387 757 1567 812 Διεῖλε
1627 755 1684 811 δὲ
1739 756 1875 810 αὐτά

258 857 281 910 6
325 853 493 925 Πατήρ
542 854 646 904 τῶν
690 850 806 904 κατ’
860 847 1119 902 ἐπίνοιανο
1179 851 1342 900 ταῦτα
1403 843 1460 900 δὲ
1505 847 1636 900 εἶναί
1697 867 1869 922 φαμεν

257 944 314 998 τὰ
337 947 398 1015 τῇ
431 942 606 1010 νοήσει
651 931 1202 1009 καταλαμϐανόμενα,
1252 939 1366 990 οἷον
1417 936 1622 1008 νόημα,
1683 935 1870 1010 λόγον,

259 1031 498 1101 αἴσθησιν,
546 1028 636 1083 καὶ
684 1027 751 1081 τὰ
793 1029 1054 1080 τοιαῦτα·
1127 1026 1280 1079 ἅτινα
1325 1028 1394 1098 τῇ
1459 1023 1673 1095 ἐπινοίᾳ
1731 1023 1870 1097 μόνῃ

258 1120 396 1176 οἱονεὶ
422 1123 487 1190 τῇ
543 1117 901 1188 ἐπενθυμήσει
960 1114 1299 1190 γνωρίζομεν
1339 1133 1351 1146 ·
1385 1115 1420 1184 ἢ
1455 1113 1545 1168 καὶ
1578 1114 1696 1168 κατ’
1755 1113 1872 1166 ἐπί-

255 1231 384 1264 νοιαν
412 1207 546 1281 λέγει
575 1208 642 1260 τὰ
673 1205 864 1275 νοητὰ,
895 1203 984 1258 καὶ
1016 1203 1261 1274 αἰσθήσει
1296 1201 1672 1258 ὑποπίπτοντα
1698 1199 1873 1274 μηδα-

259 1303 376 1371 μῶς.

315 1385 512 1455 §VIlI.
551 1383 621 1440 Αἱ
650 1383 838 1452 νοηταὶ
890 1381 980 1436 καὶ
1036 1379 1238 1455 νοεραί.
1301 1378 1623 1453 Σημείωσαι
1685 1377 1761 1448 6‘s,
1797 1379 1880 1433 ὅτι

255 1475 308 1530 τὸ
334 1472 508 1544 νοηταὶ
539 1473 618 1535 ὡς
647 1473 784 1548 πρὸς
815 1473 984 1544 ἡμᾶς·
1017 1471 1078 1524 τὸ
1129 1467 1186 1524 δὲ
1241 1469 1421 1546 νοεραὶ
1471 1469 1546 1532 ὡς
1593 1469 1739 1544 πρὸς
1786 1469 1880 1522 τὸν

259 1565 365 1621 Θεὸν
392 1568 586 1618 νοεῖται
597 1607 613 1621 ,

318 1653 405 1708 Καὶ
431 1653 490 1707 τὸ
523 1651 684 1708 εἶναι.
718 1651 817 1704 Καὶ
843 1649 906 1704 τὸ
939 1647 1190 1713 θεοειδῶς
1222 1651 1382 1705 εἴναι.

321 1742 497 1797 Καὶτά
541 1740 690 1796 ἄλλα
735 1741 930 1794 πάντα.
981 1741 1102 1795 ’Ὁτι
1150 1739 1314 1802 αὐτὸς
1361 1737 1536 1802 αἶ’τιος
1591 1741 1690 1792 106
1745 1739 1882 1791 εἶναι

259 1833 313 1886 τὰ
372 1831 550 1900 πάντα,
621 1830 712 1884 καὶ
776 1829 882 1904 πρὸ
920 1832 1017 1882 106
1065 1831 1224 1896 εἶναι,
1284 1829 1375 1882 ἅτε
1420 1829 1507 1882 καὶ
1565 1825 1700 1893 ίδέα,
1759 1826 1884 1895 ἤτοι

259 1916 566 1993 παράδειγμα
602 1913 676 1972 ὤν
726 1921 825 1972 106
874 1917 1032 1982 εἶναι,
1075 1916 1150 1978 ὡς
1209 1915 1447 1978 ἐντεῦθεν
1474 1913 1762 1984 δηλοῦται·
1821 1915 1883 1969 τὸ

258 2011 344 2083 γὰρ
387 2009 508 2063 αὐτὸ
555 2010 721 2077 εἴναι,
772 2005 872 2060 οὐκ
899 2004 1029 2060 αὐτό
1082 2005 1222 2059 ἐστιν
1252 2006 1279 2059 6
1311 2005 1461 2071 Θεὸς,
1518 2002 1606 2059 διὰ
1632 2005 1695 2059 τὸ
1747 2007 1884 2059 εἴναι

257 2098 333 2151 τὸν
360 2098 499 2164 Θεὸν,
555 2095 708 2151 ἀλλὰ
757 2093 846 2149 διὰ
890 2095 981 2148 τὸν
1028 2093 1182 2164 Θεὸν,
1231 2095 1317 2148 καὶ
1351 2094 1414 2148 τὸ
1445 2096 1583 2148 εἶναι
1614 2092 1746 2162 ἐστὶ,
1793 2093 1883 2148 καὶ

261 2187 460 2261 λέγεται·
511 2184 599 2241 διὸ
648 2183 698 2240 ἐν
745 2189 825 2256 τῷ
873 2187 993 2256 Θεῷ
1045 2182 1156 2238 ἐστι
1203 2182 1266 2238 τὸ
1308 2184 1460 2253 εἶναι,
1511 2183 1585 2245 ὡς
1637 2181 1769 2237 ἰδέω
1822 2182 1883 2237 06

264 2279 352 2347 μὴν
380 2277 406 2329 6
435 2275 586 2344 Θεὸς,
623 2273 675 2328 ἐν
706 2278 788 2345 τῷ
819 2275 958 2328 εἶναι
986 2271 1118 2326 ἐστι·
1171 2273 1278 2347 πρὸ
1327 2273 1430 2346 γὰρ
1458 2276 1556 2326 τοῦ
1606 2274 1738 2326 εἶναι
1792 2274 1881 2340 ἦν·

262 2364 391 2434 ὅμως
444 2361 528 2417 διὰ
587 2363 652 2417 τὸ
701 2361 916 2416 πάντων
960 2360 1134 2422 αἶ’τιος
1184 2363 1340 2431 εἶναι,
1391 2362 1481 2415 καὶ
1533 2358 1886 2436 παραγωγεὺς

263 2449 521 2519 δείκνυται,
553 2451 648 2506 καὶ
681 2447 781 2521 ἔξω
823 2453 1035 2505 πάντων
1084 2449 1248 2521 ἐστὶν,
1291 2451 1364 2512 ὡς
1419 2449 1593 2512 αἶ’τιος
1647 2453 1886 2516 παντων⁹

261 2541 334 2594 καὶ
361 2546 466 2602 τοῖς
495 2544 607 2595 τῶν
635 2541 852 2594 πάντων
884 2539 1223 2615 γνωρίσμασι
1272 2537 1758 2614 προσαγορεύεται,
1809 2539 1886 2600 ὡς

262 2629 318 2682 τὰ
341 2629 499 2684 πᾶντα
520 2628 873 2704 παραγαγών.

324 2720 413 2774 Καὶ
453 2718 622 2773 αὐτοῦ
672 2716 783 2772 ἐστι
831 2717 893 2771 τὸ
945 2717 1103 2771 εἶναι.
1157 2714 1340 2772 A6106
1388 2715 1506 2788 μὲν,
1535 2716 1609 2776 ὡς
1641 2715 1693 2785 ἐξ
1724 2714 1888 2769 αὐτοῦ

263 2813 358 2869 ἔστι
380 2815 438 2870 τὸ
467 2817 628 2870 εἶναι·
662 2813 714 2869 ἐν
747 2813 894 2886 αὖτῷ
925 2811 990 2868 δὲ
1017 2817 1097 2885 τῷ
1129 2819 1503 2885 συντηρεῖσθαι
1544 2814 1672 2888 παρ’
1700 2812 1884 2867 αὐτοῦ·

262 2903 347 2958 οὐκ
370 2904 520 2968 αὐτὸς
551 2903 615 2959 δὲ
642 2908 739 2958 106
772 2904 925 2972 εἶναι,
955 2901 1078 2956 οὐδὲ
1125 2901 1180 2957 ἐν
1210 2907 1288 2974 τῷ
1333 2905 1463 2956 εἶναι
1499 2903 1885 2978 συνεχόμενος·

263 2992 376 3068 ὑπὲρ
404 2995 500 3070 γὰρ
529 2995 598 3049 τὸ
632 2995 768 3048 εἶναι
799 2994 827 3048 6
862 2992 1204 3068 ὑπεροῦσιος.

322 3173 406 3227 Καέ
461 3173 558 3227 οὐκ
619 3169 782 3234 αὐτὸς
834 3171 886 3225 ἐν
945 3175 1023 3242 τῷ
1080 3173 1240 3227 εἶναι.
1282 3173 1797 3246 ῐῐροσυπακουστέον
1831 3173 1884 3228 ἐν

264 3260 565 3338 ἆμῖδοτὲροις
597 3261 663 3315 16
696 3258 890 3327 α’ίτιον,
919 3261 1164 3314 τουτέστι
1194 3261 1257 3314 τὸ
1289 3263 1424 3315 εἶναι
1457 3260 1615 3315 αὐτὸν
1649 3257 1766 3336 ἕχει
1797 3258 1884 3316 αἶ’-

262 3371 382 3418 τιον,
426 3351 511 3405 καὶ
562 3349 700 3424 οὐχὶ
749 3349 931 3418 αὐτὸς,
985 3350 1057 3410 ὡς
1103 3348 1162 3404 ἐκ
1190 3351 1680 3424 προηγουμένης²²
1713 3350 1892 3414 αῗτίας

269 3437 365 3514 ἔχει
393 3440 450 3493 16
481 3443 644 3494 εἶναι.

329 3529 466 3583 Κατὰ
515 3533 695 3583 πᾶσαν
751 3530 856 3582 τῶν
917 3523 1084 3581 ὄντων
1130 3525 1390 3584 ἐπίνοιαν.
1443 3529 1506 3584 Ἠ
1560 3531 1670 3582 τῶν
1721 3525 1891 3583 ὄντων

269 3617 464 3691 Θεωρία,
493 3619 554 3686 ἢν
592 3615 819 3680 ἐνταῦθα
843 3615 1084 3670 ἐπίνοιαν
1114 3615 1354 3687 ἐκάλεσε,
1387 3615 1573 3688 πολλή
1625 3639 1708 3679 τις
1758 3617 1896 3673 οὖσα

263 3706 338 3758 καὶ
389 3706 618 3775 ποικίλη
652 3704 800 3779 πάσῃ
858 3701 1094 3778 ἐπιϐολῇ
1150 3709 1246 3759 106
1303 3710 1422 3772 v06,
1470 3712 1897 3780 προϋπαντῶσαν

266 3793 477 3867 εὑρίσκει
509 3799 612 3850 106
641 3793 818 3848 αἰτίου
848 3795 947 3863 τὴν
975 3789 1200 3864 ἔννοιαν,
1229 3793 1394 3868 ἤγουν
1417 3799 1513 3849 106
1533 3792 1892 3870 δημιουργοῦ·

263 3882 312 3936 τὸ
339 3882 424 3938 06v
455 3882 1036 3952 πολλαπλασιάζεσθαι
1068 3880 1255 3953 δηλοῖ,
1287 3885 1350 3939 τὸ
1395 3883 1445 3938 ἐν
1496 3890 1612 3946 τοῖς
1658 3883 1898 3950 πολλοῖς

263 3971 341 4025 τὸν
372 3973 526 4028 αὐτὸν
558 3969 734 4027 αἷίτιον
771 3975 1112 4048 θεωρεῖσθαι.

328 4063 413 4115 Καὶ
445 4063 507 4117 τὸ
555 4061 695 4128 ἐστὶ,
741 4063 830 4115 καὶ
874 4063 935 4115 τὸ
987 4060 1154 4116 ἔσται.
1205 4064 1381 4136 "Amp
1433 4061 1484 4116 ἑν
1531 4068 1609 4134 τῷ
1652 4064 1758 4138 πρὸ
1808 4063 1897 4116 a6-

263 4154 348 4202 106
377 4149 642 4229 ἀπέφησε,
670 4155 759 4204 νῦν
795 4151 1030 4205 ἐπειπὼν
1081 4156 1161 4222 τῷ
1205 4155 1321 4222 Θεῷ
1357 4152 1659 4226 ἀναγκαίως
1709 4153 1894 4207 ἑαυτὸν

267 4235 563 4309 ἑρμηνεύων
602 4240 740 4294 κατὰ
785 4241 884 4308 τήν
916 4244 1012 4294 106
1063 4239 1241 4294 αἴτίου
1271 4235 1477 4295 ἔννοιαν
1527 4246 1693 4296 ταῦτα
1750 4249 1894 4296 νοεῖν

268 4323 576 4385 ὑποϐάλλει.
611 4330 681 4382 Τὸ
716 4331 808 4400 μὲν
844 4327 934 4382 οὖν
983 4328 1216 4404 ἐγένετο,
1271 4329 1360 4383 καὶ
1417 4330 1613 4404 γίνεται
1665 4330 1753 4384 καί
1805 4353 1899 4406 γε·

266 4417 488 4486 νήσεται,
533 4417 627 4472 ἐπὶ
675 4418 769 4488 μὶν
820 4422 928 4471 τῶν
980 4417 1291 4490 κτισμάτων
1334 4419 1535 4494 κυρίως
1575 4427 1897 4496 κατηγορεῖ-

265 4523 360 4556 ται’
401 4506 467 4560 τὰ
521 4507 618 4578 μὲν
668 4507 770 4581 γὰρ
817 4506 953 4576 ἅπαξ
999 4505 1231 4580 ἐγένετο,
1281 4509 1394 4562 οἷον
1437 4508 1685 4583 οὐρανὸς,
1739 4510 1901 4584 ἅγγε-

1985 584 2128 635 sunt
2159 579 2334 634 etiam
2364 595 2494 650 quas
2527 595 2705 633 sensu
2739 580 2896 634 circa
2947 595 3192 650 corpora
3245 581 3536 650 videntur,
3573 588 3639 638 ut

1984 669 2160 738 color,
2195 669 2400 740 figura,
2436 667 2738 739 quantitas
2767 673 2826 722 et
2856 667 3100 735 similia,
3131 686 3258 740 quas
3299 676 3464 726 extra
3512 688 3638 727 cor~

1987 776 2096 831 pus
2119 758 2442 812 consistere
2462 762 2786 828 nequeunt.
2804 757 2980 812 Porro
3007 761 3180 812 Pater
3199 758 3319 812 haec
3345 758 3548 814 divisit
3570 762 3642 816 ab

1985 848 2082 916 iis,
2101 865 2230 918 qua
2257 853 2395 902 sunt
2416 847 2796 918 cogitatione;
2825 847 2944 901 haec
2994 853 3189 902 autem
3230 849 3490 905 dicimus
3516 867 3644 906 esse

1985 954 2112 1009 quae
2141 936 2544 991 intellectione
2576 937 3182 1008 comprehenduntur,
3214 937 3394 992 veluti
3439 942 3644 1010 cogni-

1987 1027 2227 1092 tionem,
2269 1027 2544 1091 verbum,
2577 1042 2829 1081 sensum
2866 1031 2921 1080 et
2954 1026 3120 1092 talia;
3151 1044 3277 1096 quas
3299 1028 3646 1098 cogitatione

1988 1115 2111 1172 sola
2137 1121 2422 1186 tanquam
2459 1115 2668 1169 reﬂexo
2708 1113 3126 1170 intellectionis
3167 1121 3300 1171 actu
3332 1118 3640 1188 cognosci-

1992 1221 2143 1270 mus;
2165 1204 2458 1258 autetiam
2491 1219 2621 1258 esse
2657 1204 3010 1275 cogitatione
3039 1205 3185 1259 dicit
3217 1205 3640 1278 intelligibilia,

1990 1299 2047 1350 et
2076 1293 2239 1348 nullo
2269 1293 2440 1347 modo
2472 1293 2746 1347 sensibus
2776 1295 3058 1361 subjecta.

2060 1386 2087 1451 §
2120 1382 2622 1437 VIlIJntellectiles
2649 1399 2713 1436 ac
2739 1384 3132 1452 intelligentex.
3156 1383 3302 1438 Nota
3333 1399 3466 1438 vero
3490 1386 3643 1454 quod

1990 1469 2182 1540 νοηταί
2213 1477 2482 1542 respectu
2525 1470 2744 1538 nostri;
2793 1473 2945 1541 quod
3000 1469 3194 1544 νοηραί
3245 1477 3511 1544 respectu
3542 1473 3643 1528 Dei

1993 1561 2365 1631 intelligitur.

2064 1653 2138 1705 Et
2165 1666 2300 1705 esse.
2335 1650 2402 1703 Et
2433 1648 2628 1704 divine
2660 1665 2788 1704 esse
2820 1647 3057 1704 habent.

2065 1742 2128 1794 Et
2157 1740 2272 1794 alia
2301 1738 2508 1794 omnia.
2555 1738 2755 1808 Ipsum
2788 1744 3091 1793 auctorem
3149 1755 3300 1806 esse,
3363 1756 3468 1794 cur
3525 1739 3644 1795 sint

1915 1865 1962 1930 Β
1993 1830 2212 1898 omnia,
2248 1833 2306 1883 ct
2336 1833 2470 1882 ante
2494 1843 2668 1898 quam
2702 1831 2921 1894 essent,
2956 1831 3022 1882 ut
3053 1827 3182 1882 idea
3211 1845 3314 1884 seu
3346 1829 3645 1900 exemplar

1998 1918 2190 1989 ipsius
2213 1917 2596 1980 exsistentiw,
2633 1915 2783 1971 sicut
2810 1915 2945 1969 hinc
2968 1916 3333 1972 declaratur:
3361 1935 3492 1972 nam
3519 1919 3650 1990 ipsa

1994 2007 2335 2063 exsistentia
2357 2023 2473 2059 non
2503 2014 2590 2060 est
2611 2005 2736 2076 ipse
2765 2006 2919 2059 176
2947 2005 3123 2072 Deus,
3156 2006 3294 2077 quia
3346 2007 3500 2062 Deus
3545 2026 3646 2062 ex-

1995 2097 2172 2162 sistit,
2209 2111 2310 2166 per
2339 2094 2523 2149 Deum
2573 2099 2767 2148 autem
2803 2101 2859 2148 et
2889 2095 3232 2150 exsistentia
3275 2101 3384 2164 est,
3410 2101 3467 2152 et
3497 2097 3647 2151 dici-

1995 2191 2126 2251 tur;
2161 2185 2292 2238 ideo
2315 2183 2661 2238 exsistentia
2683 2188 2771 2238 est
2795 2183 2852 2236 in
2880 2183 2994 2237 Deo
3021 2188 3084 2238 ut
3107 2183 3260 2249 idea,
3302 2202 3412 2238 non
3450 2191 3643 2241 autem

1996 2278 2148 2328 Deus
2175 2277 2264 2328 est
2286 2273 2342 2325 in
2371 2272 2499 2342 ipsa
2533 2271 2878 2326 exsistentia
2902 2291 2915 2337 ;
2942 2277 3070 2326 erat
3100 2274 3256 2327 enim
3284 2279 3419 2327 ante
3453 2275 3642 2343 ipsum

1996 2361 2399 2417 exsistentiam
2430 2377 2443 2425 ;
2477 2363 2670 2414 tamen
2697 2360 2837 2429 quia
2858 2365 2946 2414 est
2976 2361 3242 2415 omnium
3264 2363 3486 2426 doctor,
3514 2379 3644 2430 pro-

1996 2452 2202 2506 ductor
2231 2463 2466 2520 quoque
2511 2450 2867 2516 declaratur,
2909 2453 2966 2502 et
2996 2449 3338 2503 nominibus
3379 2451 3643 2504 omnium

1996 2539 2346 2611 appellatur,
2383 2543 2446 2591 ut
2470 2537 2565 2607 qui
2599 2538 2799 2592 omnia
2830 2537 3123 2608 produxit.

2071 2721 2132 2773 Et
2161 2719 2276 2788 ejus
2305 2721 2381 2772 est
2401 2715 2749 2772 exsistentia.
2776 2716 2968 2786 Ipsius
2994 2715 3408 2788 quidem,quia
3429 2732 3496 2771 ex
3518 2717 3645 2787 ipso

1997 2812 2088 2863 est
2117 2807 2497 2861 exsistentia:
2533 2805 2590 2858 in
2623 2819 2690 2857 eo
2719 2820 2872 2869 vero,
2907 2805 3063 2876 quod
3107 2806 3179 2858 ab
3237 2805 3365 2877 ipso
3413 2822 3647 2860 conser-

1997 2901 2184 2964 vetur,
2211 2895 2336 2966 ipse
2367 2911 2483 2950 non
2500 2899 2588 2950 est
2611 2893 2972 2960 exsistentia,
3002 2910 3191 2964 neque
3216 2894 3273 2948 in
3303 2894 3648 2950 exsistentia

1999 2985 2374 3054 continetur;
2397 2988 2485 3039 est
2507 2983 2664 3038 enim
2689 2999 2868 3054 supra
2889 2983 3318 3052 exsistenliam,
3369 2984 3509 3056 quia
3549 3001 3646 3039 su-

2001 3073 2461 3147 peressentialis.

2070 3177 2135 3229 Et
2164 3189 2274 3228 non
2307 3175 2422 3243 ipse
2455 3174 2511 3226 in
2543 3170 2888 3226 exsistentia.
2941 3171 3424 3227 Subaudiendum
3470 3175 3558 3228 est
3585 3171 3645 3226 in

2001 3264 2284 3334 utrisque,
2307 3263 2662 3332 principium;
2692 3260 2746 3313 id
2769 3265 2858 3315 est
2880 3260 3225 3315 exsistentia
3247 3261 3421 3316 habet
3451 3261 3646 3330 ipsum

2001 3357 2320 3420 auctorem,
2356 3367 2544 3422 neque
2578 3350 2702 3421 ipse
2724 3348 2880 3403 velut
2911 3365 2976 3403 ex
3011 3348 3320 3421 principali
3352 3366 3530 3404 causa
3559 3367 3648 3404 ex-

2002 3440 2332 3497 sistentiam
2368 3439 2564 3495 habet.

2074 3539 2388 3594 Secundum
2417 3538 2662 3591 omnium
2714 3551 2928 3603 eorum,
2974 3550 3098 3607 quae
3153 3540 3302 3602 sunt,
3352 3537 3640 3605 cogitatio-

2001 3645 2148 3684 nem.
2179 3625 2604 3697 Contemplatio
2635 3641 2830 3678 rerum
2865 3641 3042 3694 quam
3077 3624 3184 3678 hoc
3227 3624 3352 3678 loco
3413 3622 3648 3676 ἐπίνοιαν

2003 3718 2403 3780 vocavit,cum
2449 3713 2634 3768 multa
2674 3713 2823 3767 sitet
2852 3713 3037 3779 varia,
3079 3711 3301 3766 invenit
3344 3713 3648 3783 cogitatio-

2006 3823 2139 3861 nem
2163 3821 2350 3858 causas
2383 3820 2484 3858 seu
2520 3802 2798 3856 creatoris
2830 3800 2991 3856 omni
3026 3801 3240 3855 mentis
3272 3802 3504 3854 conatui
3531 3800 3650 3854 sive

2006 3893 2314 3950 intentioni
2352 3890 2819 3963 praevenientem,
2867 3889 3010 3943 illud
3062 3889 3241 3959 igitur
3287 3889 3654 3959 multiplicari

2007 3982 2321 4054 significat,
2356 3996 2595 4034 causam
2646 3979 2915 4032 eamdem
2951 3978 3006 4031 in
3041 3977 3243 4032 multis
3275 3977 3653 4033 considerari.

2079 4073 2142 4126 Et
2167 4075 2267 4134 est,
2301 4074 2350 4124 et
2380 4072 2507 4123 erit.
2541 4071 2675 4133 Qua:
2709 4073 2881 4122 antea
2913 4067 3166 4136 negavit,
3218 4083 3373 4121 nunc
3424 4068 3493 4122 de
3540 4067 3656 4124 Deo

2005 4163 2254 4232 loquens
2287 4162 2614 4213 necessario
2647 4155 2908 4226 seipsum
2940 4154 3258 4226 explicans,
3310 4156 3551 4224 subiicit
3595 4172 3658 4212 se

2009 4253 2127 4306 haec
2151 4247 2497 4318 intelligere,
2530 4249 2998 4316 quatenusl)eus
3045 4262 3224 4299 causa
3270 4245 3653 4315 intelligitur;

2008 4355 2145 4408 ergo
2167 4345 2286 4392 erat
2309 4342 2363 4391 et
2385 4344 2465 4390 est
2492 4341 2548 4389 et
2575 4336 2678 4390 erit
2714 4333 2946 4404 proprie
2983 4334 3222 4404 quidem
3263 4335 3332 4388 de
3374 4335 3658 4389 creaturis

2009 4427 2370 4490 enuntiatur;
2401 4423 2600 4494 aliqua
2634 4424 2790 4478 enim
2830 4439 3070 4492 prorsus
3114 4430 3299 4489 erant,
3327 4427 3391 4476 ut
3421 4423 3656 4486 coelum,

2011 4514 2226 4586 angeli,
2252 4513 2358 4579 sol,
2385 4520 2437 4568 et
2461 4511 2621 4575 talia,
2645 4511 2702 4565 in
2742 4512 2954 4582 quibus
3006 4513 3198 4565 locum
3233 4528 3347 4566 non
3382 4510 3553 4565 habet
3583 4516 3658 4566 est

267 4590 368 4663 λοι,
412 4593 576 4663 ἥλιος
609 4596 699 4649 καὶ
730 4595 795 4649 τὰ
830 4599 1076 4665 τοιαῦτα,
1115 4594 1195 4673 ἐφ’
1225 4597 1298 4650 ὧν
1338 4598 1523 4672 χώραν
1571 4597 1672 4651 οὐκ
1701 4594 1819 4673 ἔχει
1841 4599 1887 4652 τέ

2013 4608 2069 4659 et
2097 4603 2232 4664 erit;
2259 4602 2414 4673 quod
2439 4606 2635 4655 autem
2664 4617 2696 4653 a
2727 4598 2939 4653 Davide
2964 4599 3178 4652 dicitur
3207 4617 3218 4654 :
3245 4600 3355 4667 Qui
3382 4600 3523 4669 facit
3557 4617 3657 4653 an-

264 4681 527 4753 yivstai”,
559 4687 865 4759 γενήσεταιο
926 4685 988 4739 τὸ
1047 4682 1105 4738 δὲ
1151 4687 1298 4758 παρὰ
1321 4691 1417 4739 106
1465 4685 1628 4740 Δαυὶδ
1683 4687 1899 4762 λεχθὲν,

265 4769 319 4826 Ὀ
370 4777 540 4826 ποιῶν
600 4772 728 4834 τοὺς
789 4771 1054 4848 ἀγγέλους
1119 4773 1282 4827 αὐτοῦ
1339 4774 1707 4846 πνεν5ματα,ἣ
1770 4777 1904 4829 κατὰ

265 4859 320 4912 τὸ
374 4867 748 4936 συντηρεῖσθαι
797 4860 1060 4931 ληπτέον,
1118 4863 1256 4917 καθὰ
1304 4862 1536 4938 εἷ’ρηται,
1597 4865 1657 4920 Ὀ
1718 4865 1902 4938 Πατήρ

420 4947 443 4970 σ
563 4947 589 4970 »Ι
832 4950 843 4967 ο
1009 4969 1022 4984 ο
1103 4951 1113 4970 r
1281 4954 1294 4968 \
1403 4953 1416 4970 κ
1843 4960 1868 4971 α,

269 4967 365 5017 μου
424 4971 522 5013 εως
555 4971 676 5022 αρτι
717 4950 998 5025 ἐργαζεται
1081 4953 1116 5020 ἠ
1166 4972 1304 5006 κατα
1357 4973 1457 5020 την
1489 4955 1772 5023 συνήθειαν
1803 4975 1904 5022 της

268 5037 491 5113 Γραφῆς⁹
543 5037 972 5113 ὶνηλλαγμὲνως
1015 5041 1114 5108 τήν
1167 5041 1436 5112 σημασίαν
1487 5043 1583 5109 τὴν
1635 5044 1902 5117 χρονικὴν

267 5124 531 5192 πολλάκις
557 5129 931 5204 προαγούσης,
961 5129 1051 5183 καὶ
1071 5129 1185 5183 ἀντῖ
1215 5132 1616 5206 παρῳχηκὸτος
1643 5131 1902 5205 μέλλοντι

263 5216 626 5290 κεχρημένης,
676 5217 765 5272 καὶ
813 5219 877 5272 τὸ
921 5214 1184 5291 ἔμπαλιν.
1237 5219 1360 5275 Ἐπὶ
1410 5219 1616 5275 τούτων
1667 5221 1762 5293 μὲν
1814 5219 1906 5274 06v

327 5371 398 5439 (e)
429 5370 580 5428 Psal.
613 5389 735 5443 cui,
764 5374 819 5428 4.
895 5374 960 5446 (f)
997 5377 1164 5430 Joan.
1199 5389 1254 5444 ν,
1284 5375 1373 5430 17.

2013 4693 2159 4761 gelos
2189 4707 2314 4746 suos
2335 4691 2563 4760 spiritus
2596 4693 2686 4756 (ε),
2713 4692 2813 4740 aut
2845 4687 3193 4757 capiendum
3227 4692 3336 4750 est,
3372 4693 3662 4757 quatenus

2015 4778 2739 4843 conservat,sicutdictum
2762 4783 2849 4830 est
2883 4794 2895 4830 :
2927 4777 3090 4830 Pater
3129 4793 3278 4830 meus
3321 4793 3484 4847 usque
3508 4778 3662 4832 modo

2015 4869 2374 4941 operatur(f);
2392 4867 2668 4936 autjuxta
2689 4865 3174 4921 consuetudinem
3196 4865 3511 4935 Scriptura:
3532 4884 3658 4937 quae

2017 4974 2168 5028 sazpe
2193 4956 2422 5011 inverso
2453 4955 2656 5010 ordine
2695 4953 2976 5023 temporis
3008 4953 3493 5021 significationem
3532 4971 3661 5024 pro-

2019 5049 2128 5102 fert
2158 5056 2208 5101 οι
2243 5063 2344 5116 pro
2371 5043 2659 5116 praeterito
2693 5044 2876 5096 utitur
2909 5043 3102 5095 futuro
3131 5047 3186 5095 et
3211 5047 3448 5108 contra;
3487 5043 3540 5096 in
3573 5045 3663 5097 his

2018 5134 2195 5205 igitur
2241 5134 2475 5203 proprie
2524 5131 2759 5201 quidem
2809 5138 2947 5184 erat.
2994 5129 3144 5184 Sunt
3201 5137 3397 5186 autem
3467 5133 3666 5186 omnia

2016 5240 2142 5293 quae
2165 5225 2520 5292 generantur
2537 5225 2593 5274 et
2613 5222 3098 5288 corrumpuntur,
3125 5223 3182 5274 et
3208 5236 3338 5291 qua
3372 5220 3483 5276 sibi
3518 5221 3665 5276 invi-

1294 5553 1535 5610 VARI/E
1574 5554 1965 5612 LECTIONES
2004 5553 2092 5610 ET
2129 5548 2670 5608 CORRECTIONES

335 5675 380 5708 ”
410 5670 892 5753 προϐεϐλημένης.
971 5680 1016 5715 ³³
1044 5678 1302 5753 γίνεσθαι.
