4024 6200
239 322 346 377 329

1003 322 1060 374 S.
1102 318 1374 374 MAXIM!
1415 317 1722 372 SCHOLIA
1759 317 1833 369 ΙΝ
1875 315 2007 367 LIB.
2049 316 2146 366 DE
2185 311 2455 370 DIVINIS
2493 317 2912 372 NOMINIBUS.

3555 317 3658 370 330

233 445 385 506 Θεός.
420 441 616 505 Καλῶς
650 440 707 497 δὲ
736 439 1008 512 ἀπέδειξεν
1035 441 1095 495 ἐκ
1120 444 1218 495 τοῦ
1256 437 1424 508 ἡλίου
1469 439 1532 492 τὸ
1588 437 1712 512 περὶ
1765 439 1898 490 Θεοῦ

2025 438 2221 493 stravit
2251 438 2513 511 exemplo
2558 438 2698 494 solis
2731 439 2869 510 quid
2906 441 2976 495 dc
3012 441 3121 496 Deo
3153 440 3395 511 cogitari
3427 441 3656 497 debeat.

235 535 561 608 νοούμενον·
598 531 780 605 ὥσπερ
833 531 937 606 γὰρ
984 529 1143 592 αὐτὸς
1182 532 1258 591 εἷς
1310 527 1384 582 ὣν
1436 529 1463 581 6
1507 525 1690 596 ἥλιος,
1724 526 1900 580 πάντα

234 625 300 678 τὰ
359 622 598 693 αἰσθητᾶ
655 625 934 696 ζωογονιῖ,
993 627 1083 674 καί
1165 619 1371 695 τρέφει,
1433 617 1522 671 καὶ
1603 613 1747 685 αὕξε,
1806 613 1898 668 καὶ

234 711 580 780 έναλλάττει,
631 710 904 765 τουτέστιν
963 707 1068 762 ἀπὸ
1131 712 1340 781 μικρῶν
1400 703 1610 780 μεγάλα
1657 709 1828 771 ποιεῖ,
1862 703 1896 771 ἢ

231 801 323 856 καὶ
376 801 486 854 ἀπὸ
546 798 752 874 σπόρου
808 798 870 851 τὸ
930 796 981 867 ἐξ
1041 796 1208 851 αὑτοῦ
1263 795 1531 872 φυόμενον
1595 793 1830 868 βλαστὸν
1862 792 1896 860 ἢ

238 887 486 965 δένδρον,
515 887 604 942 καὶ
654 887 705 942 ἐν
758 893 887 940 πᾶσι
917 890 1035 947 τοῖς
1093 885 1396 960 ὁρωμένοις
1447 882 1582 949 ἐστὶ,
1620 879 1788 954 μηδὲν
1848 879 1899 950 ἐξ

232 979 410 1034 αὐτῶν
477 975 739 1051 ὑπάρχων
777 994 790 1007 ·
851 974 994 1030 οὕτω
1049 975 1140 1028 καὶ
1173 975 1200 1028 6
1251 973 1381 1036 Θεὸς
1441 973 1530 1026 καὶ
1590 971 1757 1025 αὐτοῦ
1802 974 1900 1024 τοῦ

233 1067 432 1139 ἡλίουε
466 1067 553 1120 καὶ
613 1066 829 1120 πάντων
886 1069 993 1118 τῶν
1038 1063 1310 1133 αἰσθητῶν
1365 1062 1452 1116 καὶ
1505 1065 1610 1115 τῶν
1664 1064 1898 1130 νοητῶν,

239 1157 336 1212 καὶ
365 1161 474 1211 τῶν
508 1155 735 1230 νοερῶν,
768 1153 841 1207 ὢν
870 1151 1067 1222 αἴτιος,
1103 1149 1254 1206 οὐδὲν
1289 1151 1348 1206 Ex
1376 1155 1484 1206 τῶν
1540 1146 1712 1204 ὄντων
1765 1147 1897 1219 ἐστί,

231 1244 326 1300 καὶ
377 1245 432 1300 έν
481 1250 600 1306 τοῖς
644 1248 805 1298 πᾶσιν
856 1243 998 1296 ἐστίν
1032 1261 1044 1273 ·
1081 1243 1248 1296 αὐτοῦ
1296 1241 1396 1316 γὰρ
1429 1240 1494 1294 τὰ
1525 1239 1694 1294 πάντα
1746 1237 1897 1310 μετέ-

231 1354 325 1411 χει
361 1353 374 1366 ο
414 1331 504 1387 διὸ
537 1332 626 1386 καὶ
656 1335 691 1401 ἡ
723 1331 909 1408 Γραφή
943 1327 1291 1399 δικαιοσύνης
1319 1329 1518 1385 ’Ἡλιον
1569 1326 1728 1382 αὑτὸν
1775 1327 1898 1380 ὀνο-

243 1425 406 1497 μάζει
417 1466 429 1477 .

309 1507 756 1586 Παραδείγματα.
804 1511 880 1563 Τὰ
922 1504 1355 1583 παραδείγματα,
1405 1507 1558 1560 ἅτινα
1600 1505 1692 1559 καὶ
1756 1501 1899 1565 ἰδέας

228 1596 522 1668 καλοῦσιν,
577 1595 686 1668 ἤδη
747 1599 842 1670 μέν
902 1597 995 1650 καὶ
1045 1597 1300 1670 ἀνωτέρω
1333 1593 1714 1666 ἐδηλώσαμεν,
1751 1592 1898 1653 ὅπως

237 1686 544 1758 ὁρίζονται,
595 1684 679 1740 ὅτι
737 1686 958 1755 ποίησιν
1015 1683 1280 1753 αὐτοτελῆ
1334 1681 1510 1738 ἀίδιον
1570 1687 1665 1737 τοῦ
1722 1680 1899 1736 ἀϊδίου

2005 528 2167 585 Sicut
2200 529 2355 584 enim
2408 529 2534 601 ipse
2591 527 2678 584 sol
2732 545 2864 583 cum
2918 545 3072 583 unus
3121 528 3220 596 sit,
3260 529 3407 584 I78
3460 530 3658 586 omnia

2008 617 2250 673 sensilia
2308 619 2556 673 fecunda
2617 619 2807 674 reddit
2857 623 2914 672 et
2955 617 3076 684 alit,
3131 624 3307 688 atque
3359 624 3565 686 mutat,
3599 619 3656 674 id

2009 713 2099 762 est
2155 724 2222 762 ex
2273 725 2446 779 parvo
2498 724 2712 780 magna
2765 707 2931 777 facit,
2964 711 3066 761 aut
3104 708 3279 762 etiam
3313 723 3380 761 ex
3438 709 3660 764 semine

2009 796 2152 850 illud
2215 797 2368 867 quod
2431 798 2564 852 inde
2628 797 2974 867 producitur
3019 805 3418 868 germen,aut
3469 798 3661 868 arbor,

2011 893 2184 958 atque
2216 888 2274 941 in
2308 887 2583 943 omnibus
2616 887 2950 942 visibilibus
2997 891 3107 954 est,
3140 903 3275 942 cum
3310 886 3455 942 nihil
3489 888 3564 942 sit
3594 905 3664 943 ex

2010 975 2186 1048 ipsis;
2222 977 2306 1032 sic
2337 978 2512 1032 etiam
2557 983 2707 1032 Deus
2737 982 2793 1032 et
2827 977 3016 1048 ipsius
3062 975 3203 1031 solis
3246 981 3304 1032 et
3352 977 3661 1032 sensilium

2011 1067 2274 1120 omnium
2328 1084 2393 1122 ac
2445 1066 2906 1138 intelligibilium
2969 1071 3144 1137 atque
3202 1065 3660 1138 intelligentium

2011 1160 2235 1223 auctor,
2272 1155 2416 1211 nihil
2449 1160 2536 1211 est
2566 1173 2632 1212 ex
2666 1157 2864 1224 rebus,
2891 1160 2946 1210 et
2988 1155 3045 1210 in
3077 1156 3354 1210 omnibus
3385 1161 3502 1224 est;
3537 1173 3660 1210 om-

2011 1245 2109 1299 nia
2139 1245 2294 1299 enim
2330 1247 2521 1315 ipsum
2565 1245 2940 1318 participant,
2973 1245 3103 1300 ideo
3134 1244 3434 1318 Scriptura
3463 1245 3660 1317 ipsum

2012 1333 2269 1405 appellat
2301 1333 2493 1390 Solem
2519 1333 2761 1405 justitiaz
2782 1334 2886 1406 (ἠ).

2081 1511 2466 1580 Exemplaria.
2497 1512 2868 1584 Exemplaria
2897 1528 3026 1583 qua:
3047 1513 3222 1568 etiam
3249 1512 3407 1566 ideas
3430 1518 3661 1582 vocant,

2002 1602 2129 1673 jam
2178 1603 2414 1673 quidem
2475 1619 2657 1673 supra
2703 1602 2881 1656 etiam
2936 1601 3316 1673 exposuimus
3368 1602 3663 1671 quomodo

2009 1692 2388 1760 deﬁniantur,
2425 1692 2576 1762 quod
2615 1691 2806 1745 ideam
2841 1707 2942 1745 seu
2976 1690 3274 1760 exemplar
3304 1691 3480 1757 dicat,
3516 1707 3664 1760 opus

234 1780 372 1831 Θεοῦ
431 1777 532 1844 τὴν
589 1772 756 1842 ἰδέαν,
787 1771 911 1842 ἤτοι
972 1773 1035 1826 τὸ
1087 1769 1431 1848 παράδειγμα
1471 1771 1764 1849 quiat-xui
1822 1770 1900 1823 έν-

295 1866 361 1876 --
501 1866 512 1876 .
873 1861 920 1876 ,..
1013 1862 1024 1876 .
1118 1862 1128 1876 .
1287 1869 1296 1876 .
1413 1860 1426 1876 ι
1656 1860 1669 1875 ι
1762 1864 1798 1876 π,

2025 1799 2068 1834 ιι
2117 1797 2178 1835 se
2214 1781 2536 1852 perfectum
2581 1785 2864 1834 aeternum
2913 1779 3111 1835 aeterni
3161 1778 3286 1836 Dei.
3338 1779 3489 1833 Sane
3538 1779 3670 1849 qui~

229 1866 405 1919 ταῦθα
454 1866 640 1935 μέντοι
685 1861 968 1940 σαφηνίζει
1005 1862 1033 1915 6
1071 1862 1233 1937 μέγας
1276 1860 1553 1920 Διονύσιος
1610 1860 1709 1927 τήν
1762 1864 1899 1933 Γρα-

245 1955 379 2031 γὴν,
412 1949 791 2027 προορισμοὺς
825 1948 1007 2005 χαλῶν
1038 1950 1132 2011 τὰς
1184 1948 1358 2018 ῗδέας,
1385 1949 1757 2022 αἰνιττόμενος
1806 1949 1900 2002 τὸν

245 2046 394 2106 θεῖον
436 2038 675 2109 Παῦλον,
705 2039 764 2100 ’ὸς
809 2038 862 2093 ἐν
911 2043 980 2112 τῇ
1025 2039 1160 2115 πρὸς
1189 2039 1497 2111 Ῥωμαίους
1557 2039 1719 2116 φησίν
1757 2056 1770 2068 ⁸
1804 2036 1906 2099 Οὓς

258 2129 319 2186 δὲ
380 2131 681 2203 προώρισε,
735 2127 962 2189 τούτους
1019 2129 1106 2182 καὶ
1170 2127 1389 2183 ἐκάλεσε
1422 2148 1434 2162 ·
1489 2129 1578 2182 καὶ
1636 2127 1904 2202 ἑτέρωθι⁹

256 2219 569 2294 Προορίσας
624 2221 772 2290 ἡμᾶς
823 2216 873 2271 έν
931 2221 1012 2288 τῷ
1069 2217 1339 2290 θελήματι
1425 2218 1590 2272 αὐτοῦ
1625 2237 1635 2249 ·
1694 2216 1910 2288 θέλημα

254 2309 361 2381 γὰρ
391 2307 483 2361 καὶ
516 2307 854 2381 προορισμὸν
901 2306 967 2359 τὰ
1016 2307 1425 2381 παραδείγματα
1471 2307 1558 2360 καὶ
1613 2306 1709 2368 τὰς
1767 2303 1910 2367 ἰδέας

253 2395 434 2471 λέγει.
471 2397 702 2470 ΙΙαράγει
761 2394 942 2467 μέντοι
996 2396 1086 2449 καὶ
1143 2396 1236 2450 τὸν
1295 2395 1562 2471 μακάριογ
1619 2397 1911 2466 ΚΛήμεντα

252 2485 374 2560 [τᾶν
407 2487 633 2557 Ῥώμης
685 2483 1030 2556 ἐπίσκοπον]⁹
1073 2484 1135 2537 οὗ
1185 2485 1455 2557 μέμνηται
1488 2485 1515 2538 6
1550 2481 1909 2554 Ἀπόστολος,

252 2573 507 2641 εἰπόντα,
541 2573 592 2627 έν
650 2577 766 2633 τοῖς
828 2571 975 2626 οὖσιν
1035 2573 1168 2627 εἶναι
1226 2571 1636 2649 παραδείγματα
1675 2571 1908 2646 ἀρχηγι-

249 2665 474 2738 κώτερα
505 2666 572 2732 ²⁶,
605 2665 724 2717 οἷον
783 2667 887 2717 τῶν
949 2663 1084 2738 πρός
1128 2684 1200 2717 τι.
1240 2666 1571 2739 Σαφέστερον
1624 2661 1680 2716 δὲ
1737 2660 1910 2722 οὕτως

251 2751 404 2807 ἔσται
438 2753 502 2807 τὸ
535 2749 856 2826 λεγόμενον·
885 2750 995 2808 ἔστι
1024 2773 1106 2814 τις
1136 2749 1262 2822 δόξα
1290 2751 1520 2828 γραμμῇ
1550 2752 1912 2820 ἀπεικάζουσα

248 2842 319 2895 τὰ
351 2840 553 2896 πάνταο
589 2840 677 2895 καὶ
707 2847 806 2909 τῆς
837 2843 1097 2916 γραμμῆς
1129 2841 1192 2896 τὸ
1256 2842 1348 2914 μὲν
1411 2843 1517 2894 ἅνω
1577 2842 1740 2914 μέρος
1796 2846 1914 2903 τοῖς

253 2936 486 2999 νοητοῖς
517 2927 856 2984 ἀπαδιδοῦσα
889 2949 899 2960 ·
932 2930 994 2983 τὸ
1027 2927 1084 2984 δὶ
1112 2930 1260 2983 κάτω
1307 2934 1424 2991 τοῖς
1473 2929 1772 3000 αἶ’σθητοῖς.
1811 2929 1910 2984 Καὶ

253 3019 494 3087 τούτων,
527 3025 644 3080 τοῖς
680 3019 774 3092 μὶν
803 3018 1295 3093 ἆρχηγικωτέροις,
1330 3019 1463 3093 ἅπερ
1496 3019 1597 3072 εἶσὶ
1641 3018 1704 3072 τὰ
1759 3015 1914 3079 ἰδίως

255 3108 547 3177 νοητᾶ,τὸ
600 3111 818 3182 πρῶτον
876 3108 966 3161 καὶ
1025 3106 1290 3182 ἀνώτερον
1346 3107 1527 3183 μέρος.
1559 3112 1684 3169 Τοῖς
1740 3104 1796 3160 δὲ
1855 3106 1913 3161 ἐκ

257 3200 369 3250 τῶν
401 3199 644 3267 νοητῶν,
666 3195 728 3250 τὸ
779 3196 892 3267 μετ’
924 3194 1096 3249 έκεῖνο
1132 3214 1142 3226 ·
1179 3196 1272 3250 εἶθ’
1305 3195 1447 3250 οὕτω
1503 3197 1620 3259 καθ’
1653 3193 1913 3250 ὑπόϐασιν
1949 3172 1990 3238 C

255 3291 359 3352 τῆς
393 3286 687 3358 γραμμῆς,
718 3283 784 3338 τὰ
816 3281 958 3339 ἄλλα
993 3305 1006 3318 ’
1040 3281 1205 3353 δεῖξαι
1249 3284 1352 3359 γὰρ
1403 3283 1546 3347 θέλει
1600 3288 1634 3353 ἡ
1687 3284 1912 3354 τοιαύτη

261 3371 417 3443 δόξα,
459 3374 534 3444 μὴ
564 3379 666 3442 τῆς
696 3372 843 3442 ἀξίας
873 3379 972 3441 τῆς
1032 3372 1199 3442 αὐτῆς
1255 3373 1386 3427 εἶναι
1441 3373 1509 3428 τὰ
1566 3375 1757 3441 πάντα,
1793 3372 1918 3428 ἀλ)’

260 3461 314 3532 ἐξ
375 3460 647 3531 ἀλλήλων
709 3455 822 3515 ἔνια
872 3461 1160 3535 γενόμενα,
1193 3464 1309 3516 οἷον
1357 3462 1424 3516 τὰ
1464 3461 1720 3538 ὑφειμένα
1776 3460 1919 3531 ε’ίδη,

256 3556 372 3605 τῶν
430 3548 741 3614 καθολικῶν
782 3550 833 3604 ἐν
886 3547 1221 3625 δημιουργίᾳ
1265 3551 1354 3604 καὶ
1402 3550 1614 3625 ἀρχῶν,
1647 3550 1709 3612 ἃς
1752 3563 1918 3614 καθο-

261 3639 429 3700 λικὰς
487 3639 663 3714 ἀρχὰς
723 3639 1150 3714 ἀρχηγικώτερα
1207 3640 1362 3715 φησί.
1425 3640 1532 3695 Τὸν
1603 3637 1692 3693 οὖν
1774 3637 1917 3714 ἱερὸν

259 3729 572 3800 Κλήμεντά
602 3749 734 3806 ςιησι
794 3726 997 3802 λέγειν,
1031 3727 1162 3782 εἶναι
1219 3728 1309 3782 καὶ
1368 3725 1420 3782 ἐν
1474 3733 1592 3789 τοῖς
1646 3731 1918 3800 ποιήμασι

257 3815 688 3892 παραδείγματα
730 3817 1077 3891 γενικώτερα,
1110 3814 1234 3885 ἤτοι
1289 3814 1436 3879 ἱδέας
1488 3821 1596 3870 τῶν
1650 3816 1786 3890 πρός
1844 3837 1919 3883 τι,

257 3906 383 3960 ἀντὶ
413 3910 514 3959 τοῦ
544 3910 651 3959 τῶν
685 3899 1107 3975 ὑποϐεϐηκύτων
1159 3902 1316 3959 εἱδῶν
1369 3909 1476 3958 τῶν
1527 3906 1664 3979 πρός
1710 3925 1761 3958 τι
1813 3907 1920 3958 τῶν

262 3988 731 4066 ὑπερϐεϐηκότων
775 3991 1078 4068 ὑπόδειγμα
1129 3994 1498 4064 ὑποστάντων,
1530 3996 1643 4046 οἷον
1693 3993 1755 4046 τὸ
1802 3989 1920 4046 ἔνυ-

260 4083 367 4138 λον
432 4088 542 4156 πῦρ
596 4083 734 4157 πρὸς
785 4084 849 4136 τὸ
881 4082 1119 4157 αἰθέριον
1155 4100 1167 4113 ·
1215 4082 1340 4137 ἀλλ’
1382 4083 1443 4137 οὐ
1500 4086 1668 4136 ταῦτα
1724 4081 1922 4155 κυρίως

261 4170 420 4234 ἰδέας
456 4171 620 4248 φησὶν
653 4172 680 4225 6
717 4171 880 4244 μέγας
911 4170 1210 4238 Διονύσιος,
1243 4170 1389 4226 ἀλλὰ
1425 4173 1519 4232 τὰς
1569 4175 1782 4241 νοήσεις
1828 4174 1924 4224 τοῦ

257 4266 455 4316 Θεοῦ·
514 4259 610 4314 κᾶν
689 4261 792 4336 γὰρ
866 4260 1094 4335 λέγηται
1167 4257 1575 4334 παραδείγματα
1633 4261 1683 4314 έν
1733 4260 1923 4329 κτίσει,

261 4351 400 4405 ἀλλ’
433 4350 496 4404 οὗ
527 4351 899 4422 προσκυνητὰ,
933 4349 1007 4410 ὥς
1041 4370 1170 4424 φησι
1205 4353 1439 4414 Μωϋσῆς
1473 4371 1484 4383 ·
1518 4349 1624 4403 ποῦ
1675 4347 1731 4403 δὲ
1759 4354 1928 4403 ταῦτα

260 4440 419 4494 εἶπεν
458 4441 486 4493 6
517 4441 672 4513 ἅγιος
706 4438 968 4510 Κλήμης,
994 4437 1093 4492 οὐκ
1123 4435 1390 4508 ἐδήλωσε.

2019 1870 2148 1924 dem
2181 1869 2289 1924 hoc
2338 1868 2460 1924 loco
2495 1885 2745 1941 magnus
2781 1870 3092 1938 Dionysius
3131 1867 3379 1940 explicat
3407 1867 3668 1938 Scriptu-

2019 1975 2166 2024 ram,
2200 1959 2341 2013 dum
2393 1958 2936 2030 praedestinationes
2968 1962 3137 2013 vocat
3185 1958 3368 2022 ideas,
3402 1956 3665 2011 divinum

2018 2047 2266 2102 Paulum
2309 2047 2644 2117 insinuans,
2677 2047 2776 2118 qui
2828 2046 2886 2101 in
2937 2046 3202 2118 Epistola
3250 2047 3321 2101 ad
3374 2047 3669 2101 Romanos

2021 2137 2145 2191 ait:
2183 2137 2324 2204 Quos
2374 2139 2556 2190 autem
2602 2135 3036 2207 prwdestz'navit,
3085 2136 3180 2190 hos
3227 2139 3274 2190 et
3323 2137 3530 2190 vocavit
3565 2134 3665 2205 (1');

2020 2229 2076 2279 et
2105 2224 2244 2280 alibi
2281 2241 2292 2279 :
2329 2226 2435 2292 Qui
2461 2225 2872 2295 praedestinavit
2902 2241 3000 2278 nos
3029 2226 3090 2279 in
3123 2223 3410 2278 voluntate
3439 2240 3541 2278 sua
3561 2223 3666 2294 (li):

2018 2312 2375 2368 voluntatem
2411 2312 2565 2366 enim
2601 2317 2656 2366 et
2697 2312 3270 2383 praadestinationem
3307 2312 3448 2365 dicit
3477 2327 3670 2365 exem-

2020 2401 2209 2473 plaria
2247 2405 2302 2456 et
2342 2402 2524 2456 ideas.
2559 2402 2738 2455 Ati‘ert
2769 2401 3119 2456 sententiam
3175 2400 3325 2454 beati
3357 2398 3673 2455 Clementis

2021 2490 2290 2562 [Romani
2322 2490 2624 2561 episcopi],
2659 2491 2830 2561 cujus
2879 2488 3149 2544 meminit
3181 2489 3512 2559 Apostolus,
3546 2504 3675 2542 esse

2021 2578 2080 2634 in
2115 2579 2289 2633 rebus
2312 2578 2663 2647 exemplaria
2695 2577 3133 2649 principaliora,
3155 2581 3442 2647 tanquam
3473 2591 3674 2630 eorum

2023 2685 2150 2740 quas
2184 2668 2252 2722 ad
2288 2667 2531 2738 aliquid.
2566 2667 2791 2721 Clarius
2834 2672 3028 2721 autem
3083 2667 3163 2720 ita
3213 2666 3310 2719 fiet
3341 2665 3493 2735 quod
3527 2663 3674 2718 dici-

2023 2763 2157 2825 tur;
2189 2761 2278 2812 est
2308 2757 2505 2828 Opinio
2535 2755 2734 2826 aliqua
2765 2773 2891 2827 qua;
2937 2755 3135 2810 omnia
3164 2754 3328 2808 linea:
3362 2752 3672 2822 assimilat,

2025 2851 2081 2902 et
2112 2846 2470 2918 superiorem
2504 2845 2668 2899 tineae
2693 2851 2914 2916 partem
2943 2843 3418 2916 intelligibilibus
3449 2841 3676 2908 tribuit,

2024 2936 2361 2991 inferiorem
2407 2951 2539 2988 vero
2589 2933 3006 3000 sensibilibus;
3058 2933 3132 2988 iis
3182 2949 3307 3003 quae
3356 2931 3509 2986 inter
3557 2929 3677 2985 haec

2025 3025 2422 3096 principatum
2455 3024 2744 3091 obtinent,
2779 3040 2907 3094 quae
2952 3028 3093 3077 sunt
3132 3021 3362 3093 proprie
3397 3019 3680 3090 intelligi—

2024 3114 2188 3183 bilia,
2222 3114 2473 3184 primam
2507 3129 2573 3168 ac
2606 3113 2969 3184 superiorem
3019 3115 3277 3183 partem;
3333 3127 3459 3181 qua:
3491 3125 3559 3164 ex
3591 3109 3677 3162 in-

2026 3202 2450 3274 telligentibus,
2484 3202 2867 3273 posteriorem
2906 3217 2917 3255 :
2954 3201 3036 3256 sic
3081 3205 3282 3271 postea
3313 3200 3482 3270 juxta
3513 3197 3676 3252 lineae

2027 3293 2402 3359 descensum,
2461 3290 2575 3345 alia
2623 3290 2899 3358 collocat;
2961 3289 3253 3360 siquidem
3304 3287 3441 3342 talis
3483 3284 3682 3356 opinio

2028 3381 2154 3437 vult
2191 3381 2395 3434 docere
2445 3379 2643 3435 omnia
2692 3396 2806 3434 non
2859 3395 2988 3433 esse
3038 3377 3301 3447 ejusdem
3353 3372 3680 3446 dignitatis,

2029 3471 2293 3542 qumdam
2329 3486 2396 3524 ex
2428 3485 2490 3523 se
2523 3472 2728 3522 mutuo
2761 3467 3013 3539 pendere
3036 3465 3195 3520 velut
3226 3464 3521 3534 subjectus
3553 3478 3684 3532 spe-

2031 3561 2149 3614 cies
2205 3560 2275 3612 ab
2327 3556 2760 3612 universalibus
2794 3555 2850 3608 in
2899 3553 3195 3609 creatione
3247 3556 3304 3606 et
3354 3549 3684 3622 principiis,

2029 3665 2158 3719 quae
2194 3645 2478 3717 principia
2521 3643 2875 3699 universalia
2907 3643 3049 3696 dicit
3089 3657 3216 3696 esse.
3251 3639 3570 3703 nobiliora;
3605 3638 3686 3690 ait

2029 3736 2213 3807 igitur
2242 3736 2296 3790 S.
2325 3733 2684 3788 Clementem
2719 3732 2909 3786 dicere
2940 3747 3068 3785 esse
3098 3731 3157 3784 in
3181 3727 3467 3783 creaturis
3497 3741 3684 3780 exem-

2033 3824 2218 3896 plaria
2247 3821 2609 3894 generaliora
2635 3837 2734 3875 seu
2770 3820 2930 3874 ideas
2961 3834 3161 3873 eorum
3198 3833 3323 3887 quae
3356 3815 3426 3869 ad
3458 3812 3680 3884 aliquid

2032 3930 2136 3984 pro
2169 3912 2570 3981 subjectarum
2623 3909 2950 3980 specierum
2986 3909 3053 3962 ad
3105 3905 3361 3975 aliquam
3414 3901 3683 3974 superio-

2034 4018 2164 4056 rum
2196 3998 2495 4069 exemplar
2534 3997 3049 4064 substituentium,
3083 3994 3262 4050 veluti
3309 3993 3462 4063 ignis
3495 3994 3686 4046 mate-

2032 4088 2197 4144 rialis
2229 4089 2298 4142 ad
2333 4087 2682 4152 aethereum;
2715 4101 2913 4139 verum
2939 4084 3060 4138 hanc
3085 4098 3336 4154 magnus
3370 4079 3685 4152 Dionysius

2035 4183 2254 4243 censet,
2297 4193 2411 4231 non
2469 4191 2597 4230 esse
2657 4174 2888 4245 pr0prie
2950 4174 3112 4228 ideas
3170 4172 3268 4227 sed
3315 4169 3416 4225 Dei
3464 4168 3687 4239 cogita-

2034 4267 2258 4333 tiones;
2293 4266 2400 4320 etsi
2435 4265 2589 4319 enim
2624 4263 2896 4318 dicantur
2925 4260 3282 4332 exemplaria
3311 4260 3369 4313 in
3399 4264 3686 4320 creatura,

2038 4373 2153 4410 non
2189 4360 2386 4409 tamen
2422 4352 2655 4408 adorari
2687 4357 2931 4421 queunt,
2965 4351 3118 4406 sicut
3165 4349 3247 4403 ait
3296 4349 3553 4418 Moyses;
3588 4343 3688 4398 ubi

2038 4450 2233 4499 autem
2286 4447 2528 4498 sanctus
2566 4439 2835 4496 Clemens
2885 4439 3002 4494 haec
3050 4436 3282 4505 dixerit,
3333 4451 3449 4489 non
3497 4431 3689 4487 decla-

2038 4533 2205 4586 ravit.

341 4616 773 4693 Παραδείγματα
821 4614 878 4672 δέ
939 4637 1111 4694 φαμεν
1182 4616 1336 4673 εἶναι.
1388 4615 1616 4672 Πλάτων
1681 4619 1774 4689 μὲν
1833 4619 1909 4672 re.

2112 4620 2480 4690 Ememplaria
2537 4633 2662 4672 vero
2717 4617 2950 4670 dicimus
3006 4630 3138 4668 esxe.
3198 4611 3357 4666 Plato
3415 4611 3577 4664 ideas
3635 4611 3692 4662 et

258 4706 426 4766 ἰδέας
487 4707 576 4759 καὶ
634 4707 699 4760 τὰ
755 4703 1167 4780 παραδείγματα
1220 4711 1485 4767 ταπεινῶς
1553 4708 1642 4760 καὶ
1698 4706 1925 4778 ἀναξίως

257 4799 415 4850 Θεοῦ
448 4793 749 4870 έξείληφεν·
785 4795 812 4847 6
847 4792 904 4848 δὶ
947 4796 1131 4866 Ιιατήρ
1176 4795 1246 4865 τῇ
1291 4795 1384 4866 μὲν
1440 4792 1580 4863 λέξει
1631 4794 1927 4868 ἐχρήσατο,

252 4887 372 4951 τὴν
430 4880 488 4936 δὲ
527 4878 733 4936 ἔννοιαν
785 4877 1020 4942 εὐσεϐῶς
1082 4881 1401 4957 ἐξηγήσατο.
1459 4883 1809 4960 Ἀφοριστικὰ
1875 4882 1931 4938 δὲ

257 4973 376 5052 ἔιῳη
443 4971 509 5025 τὰ
569 4973 686 5024 θεῖα
744 4969 1033 5042 θελήματα
1087 4972 1176 5024 καὶ
1235 4973 1518 5043 ποιητικὰ,
1550 4973 1612 5026 τὸ
1675 4973 1794 5044 μέν,
1848 4975 1932 5027 δτι

257 5064 438 5135 μόνῳ
469 5064 551 5132 τῷ
585 5059 875 5133 βούλεσθαι
905 5061 972 5114 τὰ
999 5061 1171 5113 πάντα
1207 5060 1459 5137 ὑφίστησι
1491 5061 1580 5114 καὶ
1631 5067 1782 5115 ποιεῖ
1813 5081 1826 5094 ·
1870 5063 1931 5116 τὸ

259 5149 352 5222 δὲ,
393 5147 488 5203 καὶ
549 5145 638 5202 διὰ
682 5149 746 5203 τὸ
801 5145 1073 5221 ἑτεροειδῆ
1117 5147 1207 5202 καὶ
1258 5145 1490 5226 διάφορα
1545 5149 1612 5203 τὰ
1665 5146 1792 5204 ὄντα
1847 5172 1932 5226 γε·

336 5333 432 5405 (h)
467 5331 602 5388 Mal.
637 5349 715 5400 ιν,
744 5334 799 5388 2.
879 5332 944 5403 (ἱ)
977 5333 1137 5388 Rom.
1169 5348 1294 5402 vm,
1327 5331 1416 5386 30.

1498 5331 1572 5405 (k)
1604 5332 1816 5405 Ephes.
1851 5350 1890 5403 ι,
1923 5335 1980 5391 5.

2039 4708 2399 4779 exemplaria
2439 4705 2744 4760 humiliter
2793 4721 2857 4757 ac
2909 4704 3148 4774 indigne
3197 4701 3311 4755 Deo
3367 4696 3687 4767 usurpavit.

2041 4803 2212 4852 Pater
2266 4801 2458 4851 autem
2497 4795 2648 4849 I79
2683 4793 2933 4848 dictione
2966 4792 3202 4864 quidem
3256 4804 3398 4842 usus
3448 4792 3554 4852 est,
3589 4785 3690 4840 sed

2041 4885 2498 4942 intellectionem
2544 4900 2644 4938 seu
2680 4881 3167 4953 signiﬁcationem
3205 4877 3315 4958 pie
3364 4875 3692 4946 explicavit.

2039 4975 2130 5030 Ait
2163 4991 2296 5027 vero
2350 4971 2577 5026 divinas
2624 4971 2954 5026 voluntates
3003 4967 3357 5022 constituere
3405 4969 3462 5018 et
3512 4964 3698 5016 facere

2044 5064 2352 5129 universa;
2391 5061 2535 5115 illud
2575 5060 2811 5130 quidem
2848 5058 2986 5128 quia
3018 5055 3140 5110 sola
3167 5054 3466 5109 voluntate
3497 5050 3702 5105 statuit

2048 5159 2105 5208 et
2138 5152 2310 5218 facit;
2345 5153 2453 5206 hoc
2486 5166 2621 5205 vero
2668 5149 2814 5219 quia
2839 5163 2928 5201 res
2959 5144 3199 5199 diversa:
3231 5144 3425 5197 forma:
3457 5145 3512 5196 et
3539 5139 3704 5195 ditl‘e-

3240 5370 3253 5398 ι

1279 5513 1518 5570 VARle
1557 5514 1960 5572 LECTIONES
1998 5514 2087 5570 ET
2128 5509 2693 5569 CORRECTIONES.

331 5622 392 5659 ’⁸
431 5619 800 5697 ἀρχικώτερα.

608 5749 873 5813 Punon.
922 5749 1033 5812 Gn.
1079 5747 1182 5812 IV.

3298 5739 3368 5802 11
