4024 6200
323 299 423 352 331
1133 297 1501 352 APPENDIX
1543 301 1640 351 AD
1679 298 1924 351 OPERA
1960 300 2018 351 S.
2059 297 2374 354 DIONYSII
2413 300 2916 375 AREOPAGITB.

3631 299 3744 355 332

325 428 518 480 rentes
551 423 977 495 producuntur.
1010 422 1158 478 Nota
1198 421 1378 494 igitur
1409 423 1562 495 quod
1593 426 1755 479 vocet
1784 437 1975 477 exem-

2100 419 2290 478 ιέσθαι.
2325 423 2642 496 Σημείωσαι
2675 421 2790 495 οὖν,
2823 424 2907 477 ὅτι
2944 421 3356 500 παραδείγματα
3402 424 3562 480 καλεῖ
3612 425 3748 487 τοὺς

325 513 513 587 pluria
555 513 811 570 rationes
859 512 918 567 in
964 517 1078 567 Deo
1130 528 1260 583 qua:
1307 529 1502 568 rerum
1557 511 1846 568 essentias
1896 512 1977 565 fa-

325 604 509 668 ciunt,
569 607 626 659 et
681 601 845 656 unite
900 607 1034 656 ante
1101 602 1357 667 fuerunt,
1420 617 1523 657 seu
1601 600 1977 673 praedestina-

324 693 536 748 tiones.

390 779 756 852 Progreditur
784 779 1007 851 quidem
1037 795 1145 834 non
1182 796 1283 851 per
1307 781 1560 851 propria.
1603 779 1821 834 Beatus
1851 777 1977 834 Cle-

327 887 493 926 mens
526 869 714 940 magis
736 873 974 924 secutus
997 874 1085 924 est
1114 868 1447 939 opinionem
1472 885 1598 939 quas
1625 867 1976 937 dixit,etiam

326 959 386 1014 in
411 959 787 1032 generatione
815 974 1007 1012 rerum
1033 958 1338 1012 sensiliuin
1371 957 1665 1029 principes
1687 957 1977 1028 quasdam

327 1064 456 1103 esse
489 1063 718 1112 causas,
753 1046 1034 1100 nimirum
1077 1044 1541 1117 intelligibilium
1574 1063 1676 1100 seu
1710 1046 1979 1116 incorpo-

329 1152 562 1191 reorum
603 1133 944 1207 angelorum
996 1134 1359 1204 operationes
1407 1150 1508 1189 seu
1565 1133 1979 1205 productiones

325 1227 386 1280 in
419 1224 755 1291 essentiam,
790 1223 1005 1278 habere
1059 1240 1269 1278 causas
1318 1223 1614 1294 principes
1665 1221 1825 1278 ideas
1876 1239 1979 1277 seu

324 1315 426 1371 Dei
484 1313 892 1386 cogitationes:
953 1311 1110 1366 circa
1166 1329 1312 1382 quas
1373 1312 1536 1366 ideas
1594 1311 1978 1382 exemplares.

321 1402 724 1473 intelligibilia
775 1417 904 1456 esse
936 1400 1094 1456 velut
1143 1401 1510 1472 operationes
1563 1400 1870 1471 primariae
1905 1401 1982 1472 [et

323 1493 548 1562 beatas]
582 1497 638 1546 et
671 1490 1029 1561 praecipuas;
1072 1489 1131 1544 in
1178 1489 1498 1544 sensilibus
1530 1494 1725 1544 autem
1762 1489 1979 1561 princi-

326 1598 458 1652 pem
492 1595 756 1646 causam,
790 1595 855 1633 ac
888 1579 1064 1633 beare
1095 1583 1271 1648 atque
1303 1595 1500 1634 creare
1530 1577 1843 1642 valentem,
1874 1578 1983 1632 for-

326 1685 484 1724 mam
537 1668 597 1721 in
647 1667 915 1736 materia,
951 1668 1128 1736 dicta,
1180 1667 1394 1738 inquit,
1440 1666 1668 1739 Opinio;
1705 1683 1836 1721 nam
1887 1683 1982 1720 ra-

323 1757 483 1813 tione
543 1748 767 1810 naturiae
817 1755 876 1809 in
925 1755 1301 1826 generatione
1342 1772 1458 1826 qua
1496 1755 1736 1810 sensilia
1784 1756 1981 1810 formae

327 1845 604 1910 evadunt,
637 1843 775 1899 talis
807 1843 1015 1912 forma,
1049 1843 1266 1914 inquit,
1298 1843 1590 1914 praecipua
1626 1859 1752 1899 esse
1787 1843 1976 1898 debet.

328 1933 617 1989 Fortassis
648 1932 829 2004 igitur
859 1933 1064 1987 beatus
1095 1932 1361 1987 Clemens
1402 1932 1511 1987 hoc
1560 1933 1778 1988 dixisse
1823 1933 1981 1986 vide-

325 2027 468 2078 tur:
507 2023 607 2078 sed
660 2022 780 2077 huic
831 2039 945 2076 non
995 2027 1278 2077 vocantur
1323 2022 1556 2093 proprie
1603 2022 1979 2093 exemplaria,

335 2129 436 2167 seu
461 2112 599 2166 idea:
628 2110 942 2182 principes,
971 2110 1090 2166 sive
1111 2127 1299 2166 causae
1332 2110 1641 2182 primaria.
1669 2112 1793 2165 Haec
1823 2110 1917 2165 eni
1949 2153 1980 2164 ..

333 2219 450 2256 non
481 2218 549 2256 ex
580 2199 747 2270 ipsis,
779 2201 880 2255 sed
927 2216 996 2255 ex
1037 2200 1138 2255 Dei
1185 2198 1656 2271 cogitationibus,
1681 2200 1781 2270 qui
1813 2200 1979 2255 solus

332 2290 690 2346 adorandus.

401 2379 850 2432 Promanalz’onis
903 2394 966 2432 ac
1033 2377 1317 2432 bonitatis.
1382 2377 1758 2449 Progressum
1815 2383 1982 2434 vocat

329 2465 888 2536 contemplationem
923 2483 1054 2537 quae
1107 2484 1220 2522 non
1273 2471 1501 2522 tantum
1535 2467 1687 2522 circa
1718 2483 1780 2522 se
1809 2483 1978 2522 occu-

327 2559 518 2628 patur,
554 2556 653 2610 sed
688 2554 1040 2610 diffunditur
1089 2559 1146 2611 et
1192 2556 1584 2628 progreditur,
1619 2560 1794 2628 atque
1842 2557 1982 2612 facit

329 2649 393 2699 ut
422 2660 514 2698 res
545 2643 890 2700 subsistant.

401 2732 599 2789 Omnia
629 2732 856 2804 quidem
895 2734 956 2787 in
1000 2733 1197 2804 seipsa.
1233 2738 1414 2789 Deum
1465 2733 1525 2788 in
1574 2735 1852 2790 omnibus
1887 2750 1974 2788 re-

333 2823 440 2876 bus
471 2820 784 2890 exsultare,
817 2822 1143 2877 secundum
1194 2821 1339 2876 illud
1374 2822 1586 2892 psalmi
1621 2839 1634 2878 :
1670 2825 1980 2880 Laetabitur

331 2910 594 2965 Dominus
645 2913 706 2965 in
759 2912 1015 2982 operibus
1071 2911 1189 2966 suis
1227 2911 1319 2982 (l);
1372 2916 1429 2966 et
1479 2911 1536 2966 in
1588 2913 1915 2968 Proverbiis
1961 2930 1975 2968 ε

328 3001 446 3071 Ego
510 3016 662 3054 eram
727 3016 834 3071 qua
899 2999 1296 3056 delectabatur.
1357 3000 1506 3055 Illud
1575 3006 1769 3056 autem
1840 3007 1979 3057 ante

329 3089 490 3144 habet
533 3087 641 3144 hoc
683 3085 809 3144 loco
842 3089 1080 3160 ponitur
1125 3105 1252 3160 pro,
1284 3089 1717 3160 praedestinavit
1745 3095 1802 3146 et
1833 3108 1977 3162 pras-

330 3177 503 3249 cepit.

400 3265 624 3322 Omnem
680 3265 1081 3337 duplicitatem.
1133 3266 1424 3333 Quoniam
1475 3266 1656 3339 aliqui
1710 3268 1979 3323 dixerunt

325 3353 488 3410 ideas
546 3359 605 3409 et
664 3353 1021 3425 exemplaria
1076 3371 1177 3425 per
1232 3371 1292 3410 se
1351 3356 1692 3426 subsistere,
1727 3356 1833 3412 hos
1882 3357 1979 3426 qui

325 3444 507 3500 Graeci
541 3446 710 3497 erant
749 3443 924 3498 modo
973 3442 1202 3506 refellit,
1237 3447 1293 3498 et
1322 3443 1432 3511 ait;
1482 3444 1599 3498 nisi
1646 3444 1800 3500 enim
1836 3446 1976 3500 sim-

326 3531 554 3603 pliciter
581 3548 644 3586 ac
677 3531 838 3586 unite
874 3531 1088 3586 fuerint
1121 3532 1282 3602 idem,
1307 3549 1440 3586 cum
1466 3533 1584 3587 sint
1612 3533 1977 3605 cognitiones

325 3619 780 3692 simplicissima
850 3619 1272 3691 simplicissimi
1335 3625 1392 3676 et
1461 3621 1784 3677 unitissimi
1850 3624 1975 3691 Dei,

326 3709 688 3780 compositus
735 3725 876 3764 sane
937 3711 1048 3764 erit
1096 3714 1248 3764 Deus
1297 3727 1364 3765 ex
1412 3709 1728 3782 exemplari
1779 3715 1834 3766 et
1883 3728 1975 3767 se-

326 3799 476 3872 ipso,
529 3799 684 3870 quod
742 3799 1135 3869 duplicitatem
1185 3799 1528 3854 nominavit.
1585 3799 1731 3853 Illud
1780 3805 1973 3855 autem

326 3889 664 3953 delectatur,
725 3891 1010 3942 consonat
1066 3887 1303 3951 Davidi.
1356 3887 1657 3944 Laetabitur
1705 3889 1978 3945 Dominus

332 3980 440 4029 etc.

401 4063 554 4117 180
605 4063 1070 4130 Quemadmodum
1117 4067 1284 4120 etiam
1333 4083 1441 4122 una
1492 4083 1616 4121 vox.
1650 4067 1795 4122 Nota
1844 4083 1975 4138 pro-

330 4149 635 4220 prietalem
667 4150 844 4217 vocis,
880 4153 1033 4222 quod
1068 4169 1198 4207 cum
1251 4155 1328 4208 sit
1376 4155 1717 4226 incorporea
1746 4159 1804 4209 et
1837 4171 1976 4222 una,

329 4255 363 4292 a
422 4236 625 4292 multis
685 4238 902 4308 pariter
959 4241 1214 4304 auditur,
1273 4259 1461 4314 neque
1513 4260 1548 4298 a
1597 4243 1977 4298 multitudine

326 4326 744 4383 consumitur:
779 4327 858 4381 ita
907 4328 1082 4383 etiam
1132 4329 1286 4385 Deus
1337 4331 1641 4402 zsquuliter
1681 4333 1751 4385 ab
1785 4330 1974 4386 omni-

324 4417 434 4472 bus
465 4415 952 4472 communicatur.
991 4417 1137 4474 Illud
1178 4419 1332 4475 enim
1368 4425 1458 4475 est
1488 4436 1596 4475 uno
1628 4419 1786 4475 modo
1818 4438 1834 4473 :
1872 4436 1973 4492 pro

2088 507 2140 563 ἐν
2171 509 2249 582 τῷ
2281 515 2396 582 Θεῷ
2425 515 2532 565 τῶν
2567 505 2734 566 ὄντων
2769 511 3120 576 οὐσιοποιοὺς
3158 514 3245 566 καὶ
3277 512 3488 575 ἕνιαίως
3522 525 3747 589 προυφ-

2087 604 2325 662 εστῶτας
2358 598 2576 674 λόγους,
2608 597 2736 669 ἤτοι
2763 599 3162 676 προορισμούς.

2157 779 2376 854 Ιῐρόεισι
2437 780 2653 852 μὶν,οὐ
2712 777 2802 834 διὰ
2839 779 3327 857 κυρίων.Μᾶλλον
3383 783 3411 836 6
3471 784 3749 858 μακάριος

2086 864 2325 940 Κλήμης
2359 865 2485 942 δόξῃ
2512 868 2619 923 τινὶ
2649 868 3096 939 κατηκολούθησε
3142 868 3399 944 λεγούσῃ,
3431 870 3520 924 καὶ
3553 869 3607 926 ἐν
3665 875 3748 944 τῇ

2086 958 2286 1032 γενέσει
2333 961 2440 1011 τῶν
2499 953 2667 1012 ὄντων
2702 958 2976 1028 αἰσθητῶν
3007 961 3140 1014 εἶναι
3176 958 3409 1033 ἀρχικὰς
3458 981 3608 1022 τινας
3657 960 3752 1014 αἰ-

2086 1045 2228 1114 τίας,
2261 1048 2374 1101 οἷον
2404 1046 2500 1108 τὰς
2539 1051 2647 1101 τῶν
2688 1052 2927 1116 νοητῶν,
2959 1045 3084 1116 ἤτοι
3129 1047 3432 1120 ἀσωμάτων
3489 1047 3747 1125 ἀγγέλων

2091 1134 2357 1211 ἐνεργείας
2415 1133 2539 1204 ἤτοι
2601 1136 2678 1200 εἷς
2735 1135 2916 1191 οὐσίαν
2965 1136 3314 1213 παραγωγὰς,
3345 1137 3519 1199 αἰτίας
3582 1139 3752 1213 ἀρχιο

2089 1224 2187 1287 κάς
2243 1219 2390 1298 ἔχειν
2447 1226 2544 1287 τὰς
2603 1222 2746 1287 ἰδέας
2805 1221 2929 1291 ἤτοι
2983 1227 3197 1295 νοήσεις
3251 1230 3350 1280 τοῦ
3398 1231 3564 1281 Θεοῦ·
3610 1228 3747 1303 περὶ

2091 1312 2154 1374 ἃς
2190 1311 2333 1375 ἰδέας
2373 1311 2875 1389 παραδειγματικάς
2911 1311 3094 1386 οὔσας,
3122 1315 3191 1370 τὰ
3247 1315 3416 1385 νοητᾶ
3470 1319 3608 1370 εἶναι
3666 1321 3752 1379 ὡς

2093 1401 2360 1476 ἐνεργείας
2409 1402 2640 1477 ἀρχικὰς
2699 1403 2810 1476 [καὶ
2867 1401 3272 1476 εὐδαιμονικὰς]
3329 1403 3420 1458 καὶ
3480 1406 3754 1479 ἡγεμονι-

2091 1489 2186 1551 κάς
2217 1508 2231 1522 ⁸
2281 1488 2368 1544 ἐπὶ
2414 1488 2470 1545 δὲ
2516 1495 2622 1545 τῶν
2663 1490 2962 1560 αἰσθητῶν,
2994 1488 3171 1545 αἴτιον
3229 1491 3481 1566 ἀρχικὸν,
3514 1493 3604 1547 καὶ
3647 1492 3749 1547 εὗ-

2094 1575 2433 1650 δαιμονικὸν,
2485 1579 2577 1633 καὶ
2633 1576 3054 1656 δημιουργικὸν,
3111 1581 3174 1634 τὸ
3226 1577 3393 1648 εἶδος,
3426 1581 3487 1635 τὸ
3527 1581 3614 1635 ἰπὶ
3669 1586 3750 1655 τῇ

2093 1665 2197 1741 ὕλῃ
2227 1668 2261 1737 ἠ
2307 1667 2570 1742 εἰρημένη
2621 1668 2752 1746 φησί
2803 1665 2929 1738 δόξα
2957 1689 2969 1702 ·
3010 1668 3103 1724 τὸν
3149 1668 3254 1744 γὰρ
3304 1668 3469 1742 λόγον
3527 1674 3627 1737 τῆς
3689 1670 3754 1726 ἐν

2093 1755 2296 1831 γενέσει
2379 1755 2612 1830 φύσεως,
2662 1757 2783 1810 καθ’
2838 1758 2898 1825 ἢν
2961 1754 3284 1828 εἰδοποιήθη
3355 1758 3421 1812 τὰ
3489 1757 3754 1830 αἰσθητὰ,

2089 1848 2334 1899 τοιοῦτον
2368 1841 2511 1908 εἶδός
2540 1865 2698 1923 φησιν
2732 1844 2954 1920 ἀρκτέον
2975 1848 3039 1903 ³⁷.
3060 1847 3271 1902 Ἔοικεν
3297 1844 3386 1900 οὖν
3408 1844 3550 1921 τάχα
3577 1851 3754 1902 τοῦτο

2092 1932 2363 2008 εἰρηκέναι
2397 1934 2424 1988 6
2478 1934 2744 2010 μακάριος
2803 1931 3037 2006 Κλήμης
3071 1952 3085 1965 ·
3121 1933 3220 1988 οὐκ
3261 1929 3371 1989 ἔστι
3424 1932 3484 1990 δὲ
3539 1935 3756 2011 κυρίως

2088 2025 2256 2076 ταῦτα
2313 2022 2481 2076 εἰπεῖν
2545 2019 2980 2096 παραδείγματα,
3049 2021 3176 2092 ἤτοι
3246 2021 3388 2086 ἰδέας
3455 2025 3746 2096 ἀρκτικὰς,

2088 2108 2256 2185 ἤγουν
2311 2111 2516 2186 ἀρχικὰ
2561 2108 2706 2166 αἶ’τια
2739 2129 2752 2143 °
2803 2110 2863 2165 οὗ
2922 2111 3022 2186 γὰρ
3085 2111 3133 2184 ἐξ
3191 2113 3370 2166 αὐτῶν
3431 2114 3478 2149 ³⁸
3541 2116 3744 2184 ταῦτα,

2090 2198 2213 2254 ἀλλ’
2284 2197 2342 2252 lx
2418 2203 2526 2254 τῶν
2605 2203 2738 2255 Θεοῦ
2809 2197 3073 2270 νοήσεων,
3133 2201 3191 2264 ὃς
3259 2200 3426 2273 μόνος
3492 2220 3744 2275 προσκυ-

2088 2287 2278 2358 νητός.

2161 2373 2406 2452 Προόδου
2475 2375 2564 2431 καὶ
2636 2377 2992 2450 ἀγαθότητος.
3049 2374 3290 2452 Πρόοδόν
3351 2399 3484 2452 φησι
3533 2377 3598 2431 τὸ
3657 2378 3750 2450 μὴ

2094 2463 2256 2537 μόνον
2316 2465 2482 2532 αὐτὴν
2533 2466 2652 2539 περί
2704 2467 2802 2534 τὴν
2857 2465 3023 2531 αὐτῆς
3065 2464 3420 2541 ἀσχολεῖσθαι
3481 2467 3749 2540 Θεωρίαν,

2087 2552 2235 2609 ἀλλὰ
2291 2557 2551 2628 χυθῆναι,
2581 2553 2671 2608 καὶ
2723 2549 3080 2622 ὁδεῦσαι,καὶ
3133 2555 3202 2609 τὰ
3249 2550 3376 2608 ὄντα
3427 2555 3750 2624 ὑποστήσα-

2089 2653 2231 2706 σθαι.

2159 2729 2337 2784 Πάντα
2397 2729 2491 2803 μὲν
2552 2729 2601 2785 ἐν
2662 2730 2850 2805 ἑαυτῇ.
2907 2732 3029 2788 ’Ότι
3088 2729 3175 2784 ἐπὶ
3233 2735 3363 2785 πᾶσι
3408 2735 3524 2792 τοῖς
3581 2729 3744 2784 οὖσιν

2087 2817 2420 2893 ἀγάλλεσθαί
2479 2840 2610 2896 φησι
2660 2819 2753 2874 τὸν
2811 2820 2957 2890 Θεὸν,
2989 2820 3126 2874 κατὰ
3179 2820 3241 2874 τὸ
3271 2818 3546 2893 ψαλμικόν
3579 2838 3593 2851 ⁸
3629 2819 3748 2877 Εὖ-

2089 2909 2447 2982 φρανθήσεται
2518 2906 2720 2981 Κύριος
2790 2905 2878 2962 ἐπὶ
2943 2913 3063 2971 τοῖς
3131 2905 3314 2982 ἔργοις
3384 2909 3548 2962 αὐτοῦ
3586 2926 3600 2939 ⁸
3643 2908 3747 2963 καὶ

2088 2995 2139 3050 ἐν
2208 2997 2584 3072 Παροιμίαις·
2638 2997 2774 3071 Ἐγὼ
2831 2996 2983 3070 ἤμην
3132 3001 3484 3073 προσέχαιρε.
3536 3000 3618 3056 Τὸ
3677 2997 3746 3055 δὲ

2090 3086 2320 3161 προέχει
2368 3085 2592 3142 ἐνταῦθα
2640 3086 2758 3141 ἀντὶ
2809 3085 2907 3142 τοῖ’)
2963 3088 3242 3164 προώρισε
3296 3087 3387 3142 καὶ
3429 3087 3746 3166 προειληφε

2005 3147 2054 3214 C
2090 3147 2283 3232 κὲῖτοῖῖ.

2160 3269 2337 3318 Πᾶσαν
2395 3261 2653 3333 διπλόην.
2715 3261 2937 3334 Ἐπειδή
3019 3284 3162 3327 τινες
3245 3265 3342 3326 τὰς
3427 3261 3568 3327 ἰδέας
3643 3265 3745 3320 καὶ

2087 3351 2154 3405 τὰ
2201 3350 2617 3428 παραδείγματα
2665 3352 2994 3407 ἐνυπόστατα
3038 3349 3268 3428 ἔφησαν,
3297 3353 3521 3416 τούτους
3581 3354 3746 3430 ἑπιρ-

2091 3440 2300 3516 ῥαπίζει
2346 3446 2439 3495 νῦν
2487 3440 2766 3512 Έλληνας
2820 3437 2999 3511 ὄντας,
3033 3441 3123 3496 καί
3173 3462 3356 3520 φησιν·
3392 3443 3458 3499 Εἰ
3504 3443 3608 3518 γὰρ
3656 3446 3744 3515 μὴ

2090 3530 2282 3591 ἁπλῶς
2329 3529 2418 3583 καὶ
2475 3528 2690 3592 ἑνιαίως
2721 3532 2824 3584 εἷεν
2859 3531 2913 3584 αἱ
2946 3527 3104 3600 ἰδέαι,
3134 3532 3350 3600 νοήσεις
3405 3530 3747 3607 ὑπερηπλω-

2092 3618 2242 3691 μέναι
2305 3616 2454 3672 οὖσαι
2511 3621 2608 3672 τοῦ
2665 3615 3137 3692 ὑπερηπλωμένου
3189 3618 3277 3673 καὶ
3313 3620 3743 3694 ὑπερηνωμένου

2088 3711 2245 3778 Θεοῦ,
2277 3705 2527 3769 σύνθετος
2561 3706 2620 3761 ἂν
2653 3705 2736 3776 εἰή
2771 3707 2798 3761 6
2852 3708 2980 3769 Θεὸς
3033 3707 3092 3762 ix
3147 3705 3587 3782 παραδείγματος
3643 3710 3744 3763 καὶ

2088 3795 2300 3868 ἑαυτοῦ,
2333 3795 2464 3872 ὅπερ
2523 3792 2757 3864 διπλόην
2831 3794 3101 3868 ὠνόμασε.
3134 3796 3202 3850 T6
3263 3794 3320 3851 δὲ
3374 3794 3739 3872 ἀγαλλομένη

2088 3889 2368 3961 συμφωνεῖ
2421 3889 2500 3956 τῷ
2555 3878 2757 3938 Δαϐίδ·
2793 3883 3237 3962 Εὖφοανθήσεται
3285 3886 3504 3960 Κύριος,
3537 3887 3625 3940 καὶ
3667 3888 3743 3941 τὰ

2086 3973 2226 4044 éEie-

2158 4061 2402 4136 Καθάπερ
2461 4061 2550 4116 καὶ
2612 4063 2764 4139 φωνὴ
2829 4061 2946 4134 μία.
2985 4061 3303 4135 Σημείωσαι
3349 4063 3412 4118 τὸ
3457 4070 3559 4132 τῆς
3618 4087 3740 4139 φω-

2085 4155 2208 4221 νῆς,
2237 4151 2320 4206 δτι
2349 4150 2641 4222 ἀσώματος
2665 4150 2755 4204 καὶ
2791 4148 2887 4222 μία
2917 4149 3048 4205 οὖσα
3091 4151 3194 4206 ὑπὸ
3237 4150 3464 4207 πολλῶν
3524 4153 3744 4224 ὁμοίως

2087 4238 2357 4310 ἀκούεται,
2387 4239 2474 4294 καὶ
2509 4236 2630 4293 οὔτε
2661 4235 2959 4293 δαπανᾶται
3009 4239 3068 4293 ἐκ
3115 4244 3211 4293 τοῦ
3270 4238 3539 4311 πλήθους.
3573 4242 3741 4298 Οὕτω

2065 4327 2173 4383 ’καὶ
2233 4329 2260 4382 6
2320 4329 2450 4390 Θεὸς
2511 4327 2612 4382 ὑπὸ
2670 4328 2885 4383 πάντων
2945 4326 3136 4397 ἐπίσης
3197 4327 3479 4403 μετέχεεαι
3516 4347 3528 4359 ”
3569 4334 3737 4384 τοῦτο

2082 4417 2181 4492 γάρ
2216 4417 2324 4472 ἐστι
2357 4419 2418 4472 τὸ
2446 4417 2656 4479 ἑνικῶς.
2688 4417 2841 4473 Κατᾶ
2879 4416 3166 4492 ἀναλογίαν
3221 4415 3278 4472 δὲ
3324 4425 3421 4487 τῆς
3475 4416 3742 4492 πίστεως,

321 4505 459 4560 fidei
502 4511 699 4561 autem
760 4507 1006 4574 ratione,
1056 4511 1111 4562 et
1160 4524 1351 4580 neque
1401 4509 1625 4564 divisus
1676 4509 1975 4564 consumi-

2100 4506 2173 4560 ιαὶ
2204 4502 2327 4560 οὕτε
2361 4505 2718 4580 μεριζόμενος
2751 4503 3070 4562 δαπανᾶται.

325 4599 442 4650 tur.

400 4685 463 4740 Ut
492 4685 649 4756 cujus
690 4700 876 4740 causa.
909 4685 1097 4756 Supra
1127 4684 1187 4739 in
1220 4685 1567 4756 praecedenti
1601 4686 1810 4758 capite,
1842 4704 1971 4758 per-

325 4773 470 4827 fecte
505 4772 740 4828 ﬁnalem
785 4790 1020 4828 causam
1071 4773 1438 4843 deﬁnientes,
1473 4775 1814 4832 dicebamus
1845 4793 1974 4833 esse

326 4861 498 4931 cujus
530 4879 712 4917 causa
747 4861 964 4928 aliquid
1001 4861 1083 4916 ﬁt.

397 4953 472 5005 Iit
498 4951 750 5006 omnium
780 4950 1070 5006 terminus.
1106 4950 1379 5007 Termino
1414 4952 1676 5008 omnium
1712 4954 1973 5010 infinitas

325 5047 516 5094 mente
573 5041 910 5112 opponitur.
962 5039 1116 5095 Deus
1165 5056 1296 5095 vero
1353 5044 1444 5096 est
1492 5042 1666 5096 etiam
1725 5043 1973 5098 omnium

322 5129 630 5197 terminus,-
663 5129 807 5183 nihil
842 5129 997 5185 enim
1035 5128 1162 5201 ejus
1203 5129 1571 5201 providentia
1602 5134 1658 5185 et
1689 5136 1974 5202 potestate

394 5347 452 5418 (ι)
483 5347 635 5404 Psal.
667 5365 790 5422 cm,
825 5350 914 5406 31.

2155 4684 2242 4744 Ὧς
2292 4686 2389 4738 τοῦ
2445 4680 2620 4741 ἕνεκα.
2653 4684 2802 4739 Ἀνω
2828 4681 2880 4737 ἐν
2909 4685 2988 4753 τῷ
3043 4682 3148 4757 πρὸ
3199 4681 3393 4738 τούτου
3450 4682 3739 4761 κεφαλαίῳ

2083 4770 2330 4845 εἷ’πομεν,
2362 4773 2586 4834 τελείως
2617 4771 2891 4846 ὁρίσαντες
2921 4768 3160 4843 τελικὸν,
3194 4769 3365 4826 αἴτιον
3396 4773 3534 4826 εἴναι
3564 4772 3628 4826 τὸ
3670 4775 3738 4827 οὗ

2081 4859 2240 4917 ἕνεκα
2265 4862 2324 4916 τὸ
2353 4858 2660 4936 γινόμενον.

2156 4950 2256 5006 Καὶ
2310 4951 2476 5023 πέρας
2533 4947 2772 5005 πάντων.
2808 4953 2900 5020 Τῷ
2955 4947 3144 5023 πέρατι
3203 4944 3419 5009 πάντως
3475 4951 3512 5018 ἡ
3578 4949 3740 5004 ἀπει-

2086 5039 2174 5116 ρία
2261 5039 2672 5094 ἀντεπινοεῖται.
2744 5039 2804 5094 Ὀ
2887 5035 2943 5091 δὲ
3023 5037 3151 5098 Θεὸς
3259 5036 3426 5111 πέρας
3516 5040 3736 5093 πάντων

2085 5127 2240 5184 οὐδὲν
2293 5129 2392 5204 γὰρ
2451 5122 2681 5182 ἐκϐαίνει
2739 5127 2837 5194 τήν
2900 5127 3067 5180 αὐτοῦ
3121 5127 3382 5201 πρόνοιαν
3435 5127 3526 5180 καὶ
3572 5124 3740 5181 δυνα-

1307 5479 1552 5536 VARI/E
1601 5478 1992 5538 LECTIONES
2035 5477 2125 5534 ET
2163 5473 2722 5533 CORREC’I‘IONES.

397 5600 440 5634 2⁷
472 5597 746 5672 ἀρκτικὸν.
825 5601 869 5637 ²⁸
903 5600 1121 5658 ἑαυτῶν.
