4024 6200
283 323 378 376 333
1007 325 1064 374 S.
1105 325 1372 378 MAXIMI
1411 326 1713 380 SCHOLIA
1753 328 1824 379 IN
1866 327 1998 380 LIB.
2039 329 2136 382 DE
2173 331 2448 385 DIVINIS
2488 335 2902 391 NOMINIBUS.
3555 341 3658 394 33ιὶ

287 444 448 498 στείαν
481 461 493 477 ⁸
527 443 612 498 καὶ
667 442 882 518 ἀπειρία
941 441 1019 517 δέ,
1073 443 1185 500 ἒπεί
1235 448 1372 501 κατά
1412 447 1511 516 τήν
1570 445 1712 502 θείαν
1767 454 1874 521 Γρα

2070 453 2308 521 greditur
2342 471 2354 510 :
2399 461 2488 512 est
2517 473 2752 528 quoque
2806 458 3089 527 infinitas,
3125 461 3404 531 quoniam
3451 479 3659 519 secun-

287 536 418 610 φήν⁹
473 532 563 587 Καὶ
611 538 706 602 τῆς
759 535 1020 596 συνέσεως
1077 535 1241 589 αὑτοῦ
1287 535 1386 590 οὐκ
1429 530 1568 591 ἔστιν
1623 536 1854 613 ἀριθμός

2071 559 2155 596 1m
2191 543 2447 600 divinam
2502 547 2855 618 Scripluram
2893 565 2904 601 :
2941 551 3006 603 Et
3051 530 3343 619 sapientiae
3391 552 3510 621 ejus
3555 569 3660 608 non

280 622 359 677 καί
409 619 606 676 πάλιν⁸
668 624 767 677 Καὶ
821 630 923 692 τῆς
1005 624 1281 698 βασιλείας
1346 626 1513 680 αὐτοῦ
1591 625 1689 680 οὐκ
1758 625 1869 680 ἕστο

2072 640 2088 686 ι
2117 649 2377 688 numerus
2407 635 2524 706 (m).
2580 636 2646 689 Et
2695 636 2905 690 iterum
2943 653 2954 691 :
2989 639 3053 692 Et
3083 641 3240 706 regni
3269 641 3387 706 eius
3417 619 3526 696 non
3558 643 3661 697 erit

281 713 450 784 πέρας.
507 711 593 774 Ὠς
651 710 741 765 οῦν
813 711 1186 788 ἀπερίληπτος
1255 714 1344 768 καὶ
1412 711 1631 790 ἄπειρος
1667 734 1679 746 ”
1738 719 1868 769 ταῦτ

2070 724 2143 775 iis
2174 725 2274 790 (τι).
2311 723 2456 795 Ergo
2486 731 2762 794 tanquam
2799 725 3413 796 incomprehensibilis
3444 733 3499 783 et
3525 729 3659 784 inti-

281 801 372 876 γὰρ
401 799 735 875 ὑπερεξόχως
795 799 912 876 ἔχει
963 803 990 858 6
1051 803 1180 865 Θεὸς
1241 805 1328 858 καὶ
1389 804 1564 858 πάντα
1605 799 1870 879 ὑπερϐεϐη

2069 816 2210 876 tus;
2245 811 2365 866 tunc
2398 813 2551 866 enim
2585 813 3074 870 excellentissimo
3094 818 3265 871 modo
3288 817 3462 872 habet
3485 817 3658 886 Deus,

281 890 480 953 κὼςκαί
530 891 694 964 πέρας
752 891 950 953 παντὸς
1008 892 1240 966 πέρατος
1299 891 1370 946 ὥν
1407 911 1419 922 ⁶
1478 892 1554 954 εἰς
1612 893 1768 947 αὐτὸν
1802 893 1869 966 γά

2125 900 2318 955 omnia
2378 903 2757 968 transcendit,
2818 909 2996 975 atque
3041 905 3233 959 omnis
3281 905 3514 961 termini
3573 912 3661 962 est

279 980 336 1034 τα
385 978 548 1032 πάντα
603 984 984 1055 περατοῦνται,
1063 981 1152 1035 καὶ
1237 981 1454 1057 ἀπειρία
1538 983 1648 1036 ἐστι
1727 1002 1868 1051 πασῃ

2075 990 2322 1057 rminus,
2356 990 2415 1045 in
2448 991 2572 1061 ipso
2605 991 2756 1047 enim
2791 994 2986 1048 omnia
3008 995 3420 1064 terminantur,
3447 1013 3511 1050 ac
3535 1013 3656 1050 om-

281 1069 526 1144 ἀπειρίας.
565 1066 664 1124 Κᾶν
716 1070 807 1139 οῦν
864 1069 1082 1143 ἀπειρία
1139 1069 1366 1144 λέγηται
1425 1071 1512 1126 καὶ
1571 1073 1604 1140 ἡ
1665 1068 1793 1141 ὕλη,
1828 1071 1870 1124 ὡ

2079 1096 2105 1133 s
2138 1078 2447 1135 infinitatis
2481 1086 2570 1138 est
2601 1081 2880 1136 infinitas.
2906 1082 3024 1136 Etsi
3057 1083 3235 1154 igitur
3259 1085 3498 1139 materia
3521 1103 3661 1156 quo-

279 1157 348 1212 ἀεῖ
394 1158 1002 1232 μετασχηματιζομένη,
1061 1159 1150 1214 καὶ
1203 1158 1404 1214 ἄλλοτε
1462 1159 1539 1222 εἷς
1588 1158 1732 1215 ἄλλα
1781 1157 1868 1214 εἷ’δί

2074 1185 2123 1222 ie
2157 1169 2384 1223 dicatur
2413 1169 2696 1239 infinitas,
2732 1176 2793 1224 ut
2824 1177 3102 1242 perpetuo
3135 1176 3576 1244 transﬁgurata,
3608 1182 3663 1230 et

276 1242 689 1320 μεταϐάλλουσα,
735 1247 862 1302 ἀλλ’
920 1248 1012 1303 οὗν
1068 1250 1400 1323 πεπέρασται
1451 1248 1503 1303 ἐν
1549 1254 1628 1320 τῷ
1669 1253 1802 1319 Θεῷ,
1854 1270 1865 1303 ε

2074 1257 2328 1327 iquando
2363 1259 2418 1312 in
2472 1258 2616 1313 alias
2668 1259 2887 1314 formas
2937 1265 3184 1328 mutata,
3218 1242 3411 1317 tamen
3445 1264 3504 1318 in
3540 1264 3655 1319 Deo

270 1337 345 1389 καὶ
371 1334 588 1397 ἀστατός
622 1337 730 1390 ἐστι
778 1337 866 1391 καὶ
913 1337 1167 1412 ἀόριστος
1217 1338 1320 1392 ὑπὸ
1376 1343 1510 1393 Θεοῦ
1557 1337 1857 1411 μέταγομέν

2070 1347 2381 1413 rminatur,
2415 1349 2526 1402 etsi
2577 1348 2873 1404 instabilis
2917 1353 2974 1403 et
3024 1350 3330 1405 indefinite.
3360 1352 3418 1405 in
3463 1353 3658 1406 formae

274 1424 338 1484 εἷς
368 1421 680 1486 εἶδοποιίας.
733 1425 835 1481 Καὶ
887 1425 1111 1488 εἰκότως
1169 1427 1196 1480 6
1246 1427 1375 1486 Θε⁴ὀς
1431 1427 1598 1499 πέρας
1657 1424 1767 1480 ἐστῖ
1798 1433 1863 1494 τῆ

2069 1437 2440 1507 ιεοθριίοηοῐη
2477 1437 2854 1503 traducatur;
2887 1443 2943 1492 et
2975 1439 3180 1493 merito
3213 1440 3367 1494 Deus
3398 1445 3485 1495 est
3523 1440 3658 1496 talis

273 1513 506 1583 τοιαῦτης
562 1514 814 1584 ἀπειρίας
876 1514 966 1568 καὶ
1044 1513 1268 1586 ἄπειρος
1341 1521 1457 1576 τοῖς
1541 1513 1732 1590 πέρασι
1790 1520 1862 1569 τῶ

2073 1524 2315 1578 ﬁnitatis
2359 1527 2666 1594 terminus,
2700 1531 2873 1597 atque
2921 1527 3190 1582 inﬁnitus
3240 1529 3526 1584 terminus
3571 1547 3658 1583 re—

271 1598 440 1671 ὅντων,
473 1601 546 1666 ὠς
574 1602 665 1656 καὶ
708 1605 806 1672 τήν
857 1600 995 1673 ὕλην
1055 1601 1105 1674 ἐξ
1148 1603 1252 1658 οὐκ
1300 1605 1465 1658 δντων
1513 1604 1846 1678 παραγαγών

2064 1630 2158 1680 Im,
2211 1615 2362 1685 quod
2415 1614 2590 1669 etiam
2641 1615 2946 1670 materiam
2993 1633 3057 1670 ex
3094 1615 3278 1671 nihilo
3337 1619 3653 1688 producat;

273 1690 387 1763 φησί
428 1692 526 1765 γὰρ
572 1694 610 1760 ἡ
652 1693 835 1766 Γραφή
874 1710 886 1722 '
949 1693 1032 1764 Ἐξ
1092 1693 1259 1747 αὐτοῦ
1311 1691 1404 1747 καί
1459 1690 1529 1746 δι’
1589 1690 1753 1746 αὐτοῦ
1805 1712 1862 1746 κο

2068 1701 2146 1755 xit
2178 1703 2333 1757 enim
2386 1702 2688 1775 Scriptura
2724 1721 2736 1759 :
2770 1705 2852 1759 Ex
2897 1706 3013 1776 ipso
3057 1713 3108 1760 et
3152 1721 3248 1776 per
3295 1706 3477 1776 ipsum
3516 1709 3657 1762 etin

268 1778 332 1840 εἷς
361 1779 510 1834 αὑτὸν
539 1781 611 1834 τά
640 1783 833 1836 πάντα.

327 1869 378 1885 ,η
455 1867 468 1885 .
510 1869 521 1879 .
638 1869 652 1885 .
784 1870 797 1885 .
969 1867 1026 1885 η
1062 1871 1072 1885 .
1240 1871 1282 1885 ..
1371 1870 1382 1885 ,
1651 1869 1666 1885 ς
1779 1870 1789 1885 .

969 1867 1026 1885 Ἇ
1062 1871 1072 1885 ⁹
1240 1871 1282 1885 Η
1371 1870 1382 1885 Ι
1651 1869 1666 1885 ‘
1779 1870 1789 1885 Ι
1926 1821 1973 1885 Β
2006 1792 2120 1885 ipso
2149 1793 2339 1846 omnia
2368 1793 2467 1863 (ο).

327 1869 405 1924 Ἐν
451 1867 526 1923 ἐνὶ
587 1869 716 1944 γὰρ,
769 1870 841 1931 ὡς
891 1867 1188 1932 πολλάκις.
1240 1870 1558 1927 ’Δντίκειται
1613 1869 1675 1924 τὸ
1731 1870 1894 1944 πέρας

2128 1896 2136 1934 ι
2167 1896 2274 1934 uno
2305 1883 2473 1949 enim,
2503 1889 2563 1936 ut
2587 1898 2979 1952 saepenumero.
3026 1882 3186 1939 Finis
3218 1884 3535 1954 opponitur
3565 1884 3656 1938 in-
3715 1897 3717 1900 '

267 1960 325 2029 τῇ
368 1957 582 2032 ἀπειρίᾳ
641 1958 777 2012 κατά
851 1958 1119 2036 ἀπόφασιν
1175 1959 1265 2014 καὶ
1322 1959 1639 2037 κατάφασιν,
1699 1959 1772 2020 ὡς
1834 1980 1856 2012 τ

2068 1967 2220 2022 litati
2253 1970 2576 2025 secundum
2611 1971 2980 2042 negationem
3012 1976 3068 2026 et
3094 1971 3568 2038 afﬁrmationem,
3592 1978 3657 2028 ut

266 2047 438 2116 θνητὸν
469 2050 557 2101 καὶ
608 2047 671 2102 τὸ
730 2049 1010 2104 ἀθάνατον.
1073 2046 1273 2110 Καλῶς
1319 2045 1376 2102 δὲ
1427 2049 1488 2102 τὸ
1539 2049 1611 2110 ὡς
1669 2048 1848 2103 ἀντικε

2068 2055 2244 2111 orlalc
2276 2063 2331 2112 et
2362 2057 2712 2113 immortale.
2765 2064 2942 2114 Porro
2995 2059 3237 2130 pulchre
3266 2059 3434 2130 illud,
3467 2071 3526 2116 ut
3555 2077 3657 2130 op-

272 2137 424 2207 μένων
461 2155 472 2168 ⁸
533 2135 600 2191 οὔ
649 2138 752 2210 γάρ
791 2137 992 2212 κυρίως
1038 2142 1204 2192 ταῦτα
1248 2134 1520 2208 ἀλλήλοις
1577 2137 1861 2192 ἀντίκειται

2066 2148 2180 2201 ’δίια
2212 2145 2335 2200 Non
2369 2148 2526 2202 enim
2574 2149 2804 2218 proprie
2835 2148 2955 2202 haec
3005 2149 3113 2204 sibi
3147 2155 3528 2220 opponuntur
3559 2167 3655 2204 ve-

268 2225 412 2279 οέονεὶ
453 2227 590 2280 κατὰ
650 2227 749 2294 τήν
808 2223 913 2298 ἕξιν
968 2228 1002 2296 ἢ
1063 2227 1332 2301 στέρησιν,
1381 2226 1509 2282 ἀλλ’
1565 2229 1640 2290 ὼς
1683 2225 1857 2301 εἷ’ρητο

2075 2239 2112 2288 ti
2147 2234 2384 2289 habitus
2416 2240 2471 2290 et
2503 2237 2787 2306 privatio;
2829 2237 2958 2304 sed,
2992 2236 3146 2293 sicut
3194 2238 3416 2293 dictum
3451 2244 3562 2305 est,
3597 2246 3657 2293 ut

266 2315 382 2368 κατὰ
407 2313 673 2390 ἀπόφασιν
704 2315 791 2369 καὶ
823 2317 1146 2393 κατάφασιν.

1093 2339 1146 2374 ν.
2005 2323 2235 2394 negatio
2267 2329 2324 2379 et
2350 2325 2679 2379 affirmatio.

327 2404 504 2476 Παρὼν
563 2409 684 2466 τοῖς
765 2411 918 2458 πᾶσι.
1005 2409 1294 2480 Πανταχοῦ
1374 2405 1477 2478 γὰρ
1535 2405 1745 2479 παρὼν,
1803 2404 1893 2458 καὶ

2073 2413 2331 2468 Praesens
2357 2413 2633 2466 omnibus.
2670 2412 2814 2469 Nam
2844 2414 3084 2484 ubique,
3117 2413 3330 2486 inquit,
3373 2431 3653 2485 praesens,

263 2496 361 2552 τοῖς
413 2494 528 2556 καθ’
581 2488 635 2546 ἔν
694 2490 917 2548 ἕκαστον
951 2497 995 2530 ³⁸
1051 2493 1140 2549 καὶ
1195 2500 1313 2555 τοῖς
1365 2499 1525 2548 πᾶσιν
1562 2494 1704 2566 ὁμοῦ
1755 2495 1852 2568 πάξ

2093 2500 2342 2572 singulis
2372 2505 2429 2556 et
2475 2501 2748 2556 omnibus
2795 2501 2973 2556 simul
3007 2503 3225 2574 pariter
3271 2504 3456 2558 adest.
3505 2507 3655 2560 Deus

260 2599 354 2634 εστι
381 2587 468 2635 καῖ
497 2582 734 2654 ὁμοίιος.
781 2582 884 2638 Καὶ
943 2583 1108 2644 ἑστὼς
1167 2579 1223 2636 δέ
1284 2582 1496 2657 λέγεται
1545 2582 1572 2635 6
1623 2582 1774 2649 Θεὸς,
1813 2603 1841 2635 τ

2062 2595 2198 2644 item
2232 2595 2396 2644 stans
2427 2589 2664 2654 dicitur,
2697 2589 2834 2660 quia
2865 2589 2921 2644 in
2957 2607 3022 2644 eo
3057 2590 3217 2645 nulla
3250 2608 3490 2663 prorsus
3525 2608 3651 2645 mu-

258 2669 374 2722 κατά
432 2668 602 2743 μηδὲν
659 2669 805 2733 ὅλως
867 2671 918 2725 έν
967 2671 1112 2744 αὐτῷ
1161 2666 1472 2744 μεταϐολὴν
1524 2671 1841 2745 Θεωρεῖσθαι

2069 2679 2146 2733 tio
2176 2678 2471 2746 cernitur;
2521 2678 2732 2733 moveri
2767 2696 2898 2734 vero
2948 2680 3185 2747 dicitur,
3237 2680 3376 2751 quia
3407 2697 3494 2734 res
3526 2697 3658 2735 con-

258 2758 552 2831 κινούμεηος
591 2757 669 2826 δὲ,
692 2765 772 2832 τῷ
805 2761 1049 2836 συνέχειν
1095 2761 1163 2814 τὰ
1215 2758 1342 2814 ὄντα
1390 2760 1478 2813 καὶ
1512 2765 1792 2833 συντηρεῖν
1827 2763 1846 2795 3

2068 2772 2152 2822 aet
2181 2773 2356 2838 atque
2404 2773 2733 2833 conservat,
2776 2774 2834 2823 et
2883 2768 3000 2822 haec
3050 2769 3284 2839 quidem
3327 2786 3508 2839 supra
3540 2786 3657 2824 om-

260 2848 520 2904 καὶταῦτα
553 2846 616 2904 δὲ
666 2849 798 2922 ὑπὲρ
856 2856 1030 2904 πᾶσαν
1082 2847 1316 2904 ἐπίνοιαν
1349 2853 1392 2887 ³1
1439 2869 1451 2882 ·
1507 2846 1590 2903 διὸ
1639 2848 1727 2904 καὶ
1756 2848 1849 2919 ἐπῆ

2071 2872 2138 2909 :m
2201 2856 2645 2928 cogitationem,
2705 2856 2834 2910 ideo
2888 2858 3178 2927 adjunxit,
3228 2873 3328 2912 nec
3375 2862 3510 2926 stat,
3565 2875 3660 2913 nec

258 2958 375 3011 γαγε
400 2939 459 2992 τὸ
492 2934 622 2993 οὔτε
653 2939 844 3007 ἑστὼς,
878 2937 1003 2993 οὕτε
1032 2937 1378 3011 κινούμενος.

681 2939 844 3007 στὼς,
878 2937 1003 2993 οὕτε
1032 2937 1378 3011 κινούμενος.
2003 2949 2267 3000 movetur.

326 3028 413 3082 Καὶ
468 3029 641 3090 ἑστὼς
691 3029 779 3083 καὶ
853 3028 1198 3102 κινούμενος.
1275 3035 1434 3084 Δοκεῖ
1485 3033 1604 3090 πῶς
1663 3025 1894 3082 ἐναντίον

2076 3037 2151 3088 Et
2196 3042 2348 3088 stans
2407 3037 2457 3088 et
2509 3049 2564 3088 se
2621 3050 2858 3089 movens.
2921 3033 3164 3090 Videtur
3222 3036 3658 3107 quodammodo

264 3119 482 3172 εἶναιτὸ
533 3117 848 3193 εἶρημένον,
896 3119 958 3173 τὸ
1018 3118 1186 3180 ἑστὼς
1244 3120 1332 3173 καὶ
1384 3119 1725 3191 κινούμενος,
1780 3137 1846 3170 κα

2078 3124 2368 3178 ntrarium
2430 3122 2565 3191 dici,
2623 3127 2734 3177 stat
2791 3127 2840 3177 et
2891 3127 3138 3179 movetur
3172 3142 3191 3185 ,·
3249 3142 3352 3180 nec
3405 3129 3510 3179 ,ςισί
3566 3141 3663 3180 nec

264 3207 373 3260 οὒτε
421 3208 612 3275 ἑστὼς,
675 3207 798 3262 οὕτε
880 3208 1237 3279 κινούμενοςα
1313 3212 1430 3268 πῶς
1491 3207 1594 3281 γὰρ
1648 3207 1710 3260 τὸ
1767 3203 1853 3259 αὐτ

2070 3217 2278 3267 θυείαν.
2312 3213 2612 3276 Quomodo
2643 3211 2798 3266 enim
2833 3214 3034 3267 eadem
3077 3230 3169 3268 res
3219 3217 3274 3268 et
3303 3217 3424 3268 stat
3451 3217 3508 3269 et
3539 3231 3659 3267 mo-

263 3302 465 3370 πρᾶγμα
519 3297 617 3351 καὶ
677 3295 892 3350 ἵσταται
951 3296 1038 3350 καὶ
1109 3301 1357 3366 κινεῖται,
1416 3295 1450 3364 ἢ
1507 3293 1629 3350 οὔτε
1684 3292 1852 3348 ἵστατε

2070 3307 2192 3366 tur,
2251 3304 2352 3355 aut
2401 3317 2514 3355 non
2567 3303 2689 3354 stat
2747 3317 2850 3354 nec
2914 3301 3222 3357 movetur?
3270 3302 3414 3356 181
3472 3302 3659 3373 primo

265 3383 370 3439 οὔτε
400 3393 628 3440 κινεῖται
665 3405 678 3452 ;
711 3389 927 3460 πρῶτον
995 3386 1088 3457 μὲν
1145 3383 1205 3438 οὐ
1265 3381 1346 3438 δεῖ
1395 3383 1454 3438 ἐκ
1480 3388 1587 3438 τῶν
1622 3383 1854 3452 αἰσθητᾶ

2068 3391 2240 3444 iidem
2288 3407 2401 3444 non
2453 3393 2680 3461 oportet
2727 3389 2920 3444 divina
2970 3407 3037 3445 ex
3085 3391 3402 3446 sensilibus
3453 3389 3657 3445 intelli-

262 3481 515 3528 κατανοεῖν
569 3474 640 3528 τά
684 3475 820 3544 Θεῖα,
881 3476 914 3544 ἢ
971 3474 1068 3535 τὰς
1122 3471 1332 3536 εἷ’κόνας
1378 3471 1618 3536 ἐντεῦθεν
1673 3468 1851 3544 λαμϐἀ

2070 3496 2160 3543 ire,
2195 3484 2297 3533 aut
2347 3477 2651 3548 imagines,
2683 3493 2785 3532 seu
2839 3478 3061 3548 species
3111 3479 3245 3533 inde
3293 3494 3545 3534 sumere.
3578 3477 3659 3533 Ne

260 3581 386 3614 νειν’
437 3563 531 3617 ’ἱνα
585 3560 644 3616 δὲ
702 3564 778 3635 μή
848 3561 1099 3634 δοξαιμεν
1152 3562 1358 3623 λύσεως
1409 3563 1654 3636 ἀπορεῖν,
1714 3583 1844 3614 στασ

2069 3573 2200 3622 item
2234 3567 2540 3620 videamur
2587 3583 2782 3620 carere
2831 3567 3226 3637 responsione,
3263 3568 3521 3622 diximus
3563 3585 3658 3621 su-

260 3648 464 3722 εἴπομεν
520 3651 576 3706 ἐν
622 3658 740 3713 τοῖς
799 3645 1102 3726 ἔμπροσθεν
1159 3651 1258 3718 τῆν
1312 3651 1538 3724 γένεσιν,
1595 3647 1849 3719 κίνησινέ

2064 3656 2225 3722 srius,
2274 3659 2498 3709 statum
2545 3671 2674 3710 esse
2723 3655 3181 3724 generationem,
3237 3662 3458 3709 motum
3500 3671 3653 3724 vero,

260 3739 348 3804 τὴν
386 3738 689 3795 ἀλλοίωσιν
740 3742 860 3808 ἢτοι
915 3734 1250 3812 μεταϐολήν.
1309 3741 1490 3792 Ἔστιν
1547 3739 1637 3793 οὖν
1691 3739 1718 3793 ὁ
1767 3739 1849 3792 Θεὶ

2068 3743 2409 3798 terationem
2468 3759 2570 3797 seu
2626 3743 3034 3797 mutationem.
3097 3743 3296 3813 Itaque
3357 3745 3510 3796 Deus
3567 3748 3656 3797 est

263 3828 461 3883 πάντων
513 3828 725 3903 γένεσις
760 3847 773 3860 ·
818 3829 896 3883 ἀεὶ
942 3829 1042 3902 γάρ
1088 3833 1255 3882 ταῦτα
1304 3827 1379 3889 εἷς
1425 3828 1486 3880 τὸ
1540 3830 1672 3881 εἶναι
1722 3840 1852 3900 παρτ

2067 3833 2269 3886 nnium
2315 3832 2652 3902 generatio;
2706 3831 2824 3885 haec
2874 3831 3028 3885 enim
3082 3845 3312 3901 semper
3362 3831 3655 3902 producit,

258 3936 363 3990 γει·
426 3918 567 3972 ὥστε
627 3914 849 3984 ἔστηκεν
935 3919 963 3971 6
1041 3917 1212 3978 Θεός·
1300 3921 1525 3971 κινεῖται
1592 3913 1649 3970 δὲ
1706 3913 1847 3969 πάλι

2068 3937 2208 3991 eque
2240 3926 2356 3974 stat
2386 3919 2560 3974 Deus.
2613 3918 2826 3974 Contra
2867 3935 3002 3974 vero
3055 3925 3340 3989 movetur,
3373 3919 3510 3989 quia
3540 3935 3657 3973 0m-

263 4002 389 4059 διότι
443 4009 625 4061 πάντα
685 4006 1154 4082 μετασχηματίζει
1212 4005 1302 4059 καὶ
1361 4003 1584 4059 ἀλλοιοῖ
1641 4004 1777 4078 πρὸς
1834 4025 1852 4057 ’1

2074 4029 2102 4065 a
2153 4009 2534 4064 transformat
2581 4013 2639 4063 et
2689 4013 2878 4063 mutat
2927 4009 2986 4062 in
3039 4008 3270 4075 melius,
3323 4025 3426 4080 per
3467 4009 3657 4080 ipsum

258 4102 487 4166 κρεῖττον
525 4116 536 4128 ·
606 4093 672 4150 δι’
727 4095 890 4149 αὐτοῦ
948 4095 1052 4170 γὰρ
1101 4092 1371 4154 καλλίους
1437 4092 1698 4167 γίγομεθα
1733 4113 1744 4125 ·
1780 4093 1839 4145 ὅθ

2075 4098 2161 4152 .im
2199 4097 2560 4166 pulchriores
2605 4097 2819 4165 ﬁmus;
2872 4097 3118 4169 ideoque
3152 4097 3325 4169 paulo
3359 4103 3493 4152 ante
3524 4097 3664 4152 dicit

259 4185 338 4236 καὶ
396 4185 517 4259 περέ
581 4183 746 4238 αὐτοῦ
805 4184 910 4259 πρὸ
973 4179 1174 4256 μικροῦ
1227 4203 1388 4260 φησιν
1445 4182 1472 4236 ὁ
1525 4187 1668 4245 θεῖος
1719 4189 1840 4235 Διον

2073 4205 2081 4239 2
2132 4202 2198 4240 eo
2248 4184 2478 4239 divinus
2529 4183 2864 4255 Dionysius,
2916 4187 3167 4240 omnium
3216 4201 3404 4240 rerum
3452 4185 3662 4256 princi-

261 4294 385 4344 σιος,
417 4276 640 4328 πάντων
675 4273 823 4348 ἁρχὴ
873 4273 965 4326 καὶ
1021 4269 1248 4341 τελευτὴ
1305 4276 1412 4325 τῶν
1459 4267 1627 4325 ὅντων
1666 4289 1676 4301 ⁸
1711 4271 1771 4324 τὸ
1800 4269 1850 4343 γὲ

2078 4293 2162 4328 um
2191 4278 2241 4328 et
2283 4275 2430 4342 ﬁnis.
2486 4271 2630 4328 lllud
2664 4274 2842 4340 enim,
2894 4289 3068 4345 neque
3114 4279 3240 4342 stat,
3281 4289 3454 4344 neque
3481 4289 3667 4328 move-

260 4361 368 4416 οὔτε
442 4363 636 4429 ἑστὼς,
726 4361 848 4416 οὕτε
951 4361 1298 4433 κινούμενος,
1389 4362 1451 4415 τὸ
1521 4361 1658 4433 πρὸς
1739 4359 1849 4413 αὐτ<

2078 4381 2122 4426 r,
2172 4363 2226 4417 id
2281 4362 2436 4432 quod
2489 4361 2682 4433 ipsum
2738 4364 3034 4433 praecedit,
3085 4364 3339 4434 exponit,
3383 4365 3441 4416 in
3472 4378 3526 4416 se
3554 4379 3667 4414 ma-

263 4447 526 4523 ἒξηγιῖται
576 4451 639 4503 τὸ
705 4449 879 4521 μένων
975 4448 1054 4526 ἐφ’
1139 4449 1352 4506 ἑαυτοῦ.
1428 4450 1514 4502 καὶ
1585 4447 1672 4502 ἐπὶ
1730 4449 1852 4501 πάνπ

2074 4470 2146 4507 ms
2183 4461 2232 4507 et
2265 4451 2334 4507 ad
2385 4453 2572 4506 omnia
2619 4452 3024 4522 progrediens;
3072 4452 3469 4506 communicat
3512 4449 3663 4504 enim

263 4540 462 4606 προϊών
501 4558 513 4570 ·
582 4536 910 4612 μεταδίδωσι
969 4539 1069 4613 γὰρ
1129 4544 1258 4592 πᾶσι
1316 4544 1434 4601 τοῖς
1491 4535 1607 4592 οὖσι
1664 4544 1764 4606 τῆς
1819 4559 1846 4591 ο

2073 4541 2292 4594 nnibus
2325 4541 2498 4593 rebus
2530 4538 2928 4610 integritatem
2965 4540 3280 4608 propriam,
3315 4543 3372 4592 et
3405 4538 3528 4606 ipse
3560 4553 3662 4590 ne-

258 4629 397 4690 κείας
450 4627 743 4697 ὁλότητος,
802 4628 891 4682 καὶ
941 4625 1203 4699 ἄτρεπτος
1259 4628 1348 4681 καὶ
1409 4624 1780 4688 ἀναλλοίωτος
1814 4647 1843 4679 α

2076 4646 2134 4684 1e
2161 4633 2442 4693 mutatur,
2478 4643 2667 4697 neque
2715 4628 3016 4688 διιεῖ-υἱον,
3043 4629 3211 4696 juxta
3254 4627 3617 4697 Scripturam
3655 4641 3665 4678 :

261 4717 346 4777 τός
399 4716 511 4772 ἐστι
578 4719 718 4772 κατὰ
774 4720 835 4772 τὸ
893 4716 1181 4794 εἰρημένον
1223 4737 1234 4748 ο
1298 4717 1374 4770 Σὺ
1431 4714 1487 4770 δέ
1539 4718 1566 4770 6
1625 4717 1787 4778 αὐτὸς
1844 4738 1850 4769 l

2084 4737 2094 4773 ι
2121 4726 2300 4772 autem
2333 4717 2479 4770 idem
2509 4716 2623 4786 ipse
2650 4733 2702 4770 es
2736 4717 2832 4787 (p).
2869 4717 3016 4786 Ergo
3041 4717 3192 4770 Deus
3218 4721 3274 4771 et
3304 4714 3673 4787 progreditur

263 4804 464 4859 Οὐκοῦν
538 4805 629 4858 καὶ
716 4804 928 4880 πρόεισι
1033 4805 1123 4858 καὶ
1231 4804 1310 4880 ἐρ’
1388 4804 1577 4857 ἑαυτοῦ
1662 4803 1805 4876 μένει

1054 4805 1123 4858 ιαὶ
1231 4804 1310 4880 ἐρ’
1388 4804 1577 4857 ἑαυτοῦ
1662 4803 1805 4876 μένει
1885 4804 1911 4856 6
2022 4808 2168 4864 etin
2204 4807 2396 4876 seipso
2430 4809 2643 4861 manet.

265 4895 408 4955 Θεός.

329 4983 468 5040 Οὔτε
503 4981 556 5038 ἔν
591 5005 695 5037 τινι
726 4988 834 5037 τῶν
882 4979 1076 5039 ὄντων.
1123 5014 1191 5024 ——
1240 4981 1354 5041 Οὐκ
1391 4977 1442 5035 ἔν
1493 5003 1601 5036 τινι
1634 4983 1776 5036 εἶπεν
1814 5003 1825 5016 ·
1862 4981 1910 5035 έν

2096 4989 2203 5041 Nec
2233 4987 2310 5038 est
2344 4983 2400 5036 in
2434 4983 2620 5053 aliquo
2636 4999 2827 5038 eorum
2846 4997 2970 5053 quae
2999 4987 3145 5036 sunt.
3176 5012 3241 5022 ——
3265 4982 3377 5036 Non
3401 4988 3478 5035 est
3498 4982 3557 5034 in
3577 4979 3679 5033 ali-

260 5077 382 5126 πΞσι
411 5074 542 5146 γὰρ,
581 5073 668 5127 καὶ
704 5069 791 5127 διὰ
819 5074 882 5126 16
931 5071 982 5126 ἐν
1028 5076 1186 5125 πᾶσιν
1237 5069 1468 5147 ἄσχετον
1491 5092 1503 5104 ·
1542 5071 1780 5133 αἶ’ωνίως
1811 5093 1844 5146 γ

2086 5089 2150 5140 ιο,
2186 5071 2370 5139 dixit;
2405 5087 2538 5125 nam
2570 5071 2627 5124 in
2654 5071 2929 5125 omnibus
2961 5076 3067 5139 est,
3091 5075 3145 5125 et
3170 5071 3226 5124 in
3253 5069 3410 5124 nullo
3435 5067 3675 5124 detineri

259 5158 411 5233 ὄντα,
470 5165 568 5225 τάς
615 5162 1013 5238 ὑπερκοσμίους
1075 5159 1236 5237 φησῖν
1288 5161 1490 5229 οὐσίας,
1553 5159 1644 5215 διὰ
1690 5162 1752 5216 τὸ
1811 5184 1848 5216 π

2090 5166 2256 5224 ptest;
2290 5175 2415 5230 quae
2445 5163 2592 5214 enim
2622 5162 2748 5214 sunt
2777 5164 3012 5225 alterna,
3047 5161 3562 5230 supermundanas
3594 5157 3679 5211 in-

330 5328 431 5397 (m)
459 5327 616 5382 Psal.
648 5343 830 5393 CXLVI,
864 5327 919 5382 5.
995 5326 1078 5396 (η)
1109 5325 1244 5380 Luc.
1281 5342 1320 5392 l,
1349 5325 1439 5381 33.
1518 5324 1589 5394 (ο)
1624 5324 1788 5384 Rom.
1821 5343 1899 5397 x1,
1931 5327 2020 5382 36.
2097 5325 2173 5396 (p)
2209 5321 2356 5378 Psal.
2385 5338 2458 5389 CI,
2490 5321 2578 5376 28.

1282 5512 1524 5568 VAleE
1563 5511 1952 5570 LECTIONES
1993 5515 2082 5570 ET
2123 5508 2681 5569 CORRECTIONES.

345 5649 391 5685 ³⁸
425 5648 559 5729 φησὶ
590 5650 774 5726 παρὼν
806 5651 924 5715 καθ’
951 5645 1196 5706 ἕκαστον.
1275 5651 1320 5686 ⁸ο
1351 5655 1683 5728 συγκρατεῖν.
1786 5655 1829 5690 δί
1863 5648 2093 5709 ἔννοιαν.
