4024 6200
333 259 437 311 333

1152 250 1520 304 APPENDIX
1557 251 1656 304 AD
1693 246 1934 300 OPERA
1969 247 2028 298 Β.
2069 245 2388 302 DIONYSII
2426 251 2927 306 ΑΒΕΟΡΑΟῘΤΛΕ.

3642 251 3746 306 336

327 386 538 458 telligit
568 383 883 448 essentias,
917 382 1058 454 quia
1087 381 1200 436 illa
1250 381 1490 436 fuerunt
1539 382 1673 435 ante
1705 374 1976 449 temporis

2098 375 2198 438 τῆς
2221 377 2316 429 τοῦ
2349 378 2556 452 χρόνου
2603 381 2813 453 φύσεως
2853 380 3098 454 γενέσθαι
3144 379 3304 444 αὐτάς
3335 399 3348 412 ·
3395 375 3600 456 χρόνος
3640 380 3746 456 γάρ

327 483 642 541 naturam;
691 489 828 528 nam
856 477 1094 542 tempus
1147 487 1180 525 a
1228 468 1520 524 creatione
1569 466 1694 524 coeli
1737 469 1794 522 et
1822 469 1989 520 terrea

333 582 410 620 nu
423 569 700 619 meretur.

402 654 465 708 Et
496 653 565 707 ab
595 653 666 707 iis
697 665 819 722 quae
848 653 973 704 sunt
1015 651 1075 704 in
1106 657 1364 720 tempore.
1417 646 1650 702 Dictum
1684 643 1860 699 etiam
1895 659 1991 697 su-

330 743 553 814 perius,
587 745 870 795 internum
918 738 1146 810 proprie
1194 737 1332 803 dici,
1367 753 1479 791 non
1530 736 1720 807 ipsam
1755 731 1989 787 αξιοι-οἰκ

328 829 640 896 tatem,sed
667 827 822 900 quod
846 825 1230 880 aeternitatem
1257 824 1583 895 participat.
1603 821 1749 877 lllud
1771 825 1987 889 autem,

331 917 555 990 aliquid
611 917 880 984 convenit,
943 913 1205 984 intellige
1268 913 1588 968 secundum
1647 909 1985 966 essentiam.

333 1012 483 1062 Nota
514 1022 670 1071 vero,
704 1005 986 1077 quasdam
1023 1019 1114 1058 res
1144 1019 1272 1057 esse
1305 1007 1576 1065 aeternas,
1629 1005 1696 1055 ut
1727 997 1987 1069 angelos,

329 1101 386 1152 et
418 1112 533 1150 non
567 1093 835 1166 protinus
891 1108 1021 1147 esse
1072 1091 1344 1163 principii
1394 1107 1598 1162 expers
1631 1089 1785 1160 quod
1820 1092 1987 1141 aeter-

327 1201 470 1241 num
505 1188 628 1250 est;
661 1182 721 1236 in
757 1179 1029 1252 sequenti
1058 1185 1252 1234 autem
1287 1179 1476 1251 capite
1507 1178 1706 1234 statim
1741 1176 1799 1230 in
1835 1175 1987 1247 prin-

330 1273 481 1346 cipio
512 1271 688 1328 etiam
718 1271 775 1324 in
808 1271 924 1325 Deo
958 1269 1142 1324 utitur
1172 1269 1429 1324 dictione
1459 1268 1679 1324 aeterni.

399 1363 462 1416 Et
494 1376 762 1416 mensurae
791 1375 1001 1414 rerum.
1034 1358 1322 1413 Mensurae
1367 1372 1564 1412 rerum
1596 1358 1734 1410 sunt
1765 1353 1990 1408 interni-

323 1455 475 1506 tates
504 1447 993 1520 intelligibilium,
1026 1453 1083 1502 et
1111 1452 1348 1518 tempus
1380 1445 1691 1502 sensilium
1725 1461 1739 1510 ;
1772 1441 1987 1497 intelli-

327 1539 527 1608 gibilia
548 1538 704 1593 enim
724 1536 879 1592 velut
896 1553 1174 1592 mensura
1194 1535 1516 1591 aeternitate
1543 1535 1982 1600 mensurantur,

329 1627 436 1682 etsi
499 1627 703 1681 eodem
761 1626 998 1680 nomine
1055 1641 1182 1696 qua:
1242 1626 1666 1678 mensurantur
1722 1626 1780 1676 et
1827 1620 1982 1690 quod

2098 461 2204 517 ἀπὸ
2235 471 2334 534 τῆς
2363 469 2459 520 τοῦ
2483 466 2712 544 ούρανοῦ
2738 467 2830 522 καὶ
2859 474 2964 544 γῆς
2996 470 3274 539 ποιήσεως
3307 467 3641 544 ἀριθμεῖται.

2167 642 2237 698 ’Ἡ
2265 647 2372 698 τῶν
2425 649 2720 719 χρονικῶς.
2763 641 2990 719 Εἴρηται
3047 645 3135 700 καὶ
3167 648 3213 683 ³³
3269 644 3547 720 ἀνωτέρω,
3609 645 3752 700 uid)-

2095 750 2209 783 νιον
2244 730 2492 806 λέγεσθαι
2537 733 2737 807 κυρίως
2789 732 2892 788 οῦκ
2942 734 3102 788 αὐτὸν
3144 734 3236 789 τὸν
3287 735 3480 802 αἰῶνα,
3515 732 3664 790 ἀλλᾶ
3691 735 3756 789 τὸ

2096 818 2295 882 αἰῶνος
2328 823 2580 897 μετέχον.
2621 824 2699 879 Τὸ
2744 821 2802 878 δὲ
2849 825 3113 896 προσήκει
3162 845 3215 878 τι
3265 822 3460 892 νόησον
3501 824 3620 878 κατ’
3652 824 3752 878 ού-

2095 931 2235 964 σιαν.
2271 913 2588 984 Σημείωσαι
2619 911 2695 983 δὲ,
2728 914 2811 968 ὅτι
2861 912 2966 968 εἶσί
3004 935 3124 968 τινα
3178 918 3285 969 τῶν
3328 909 3498 967 ὄντων
3532 912 3752 985 αἰώνια,

2096 1001 2209 1055 οἷον
2243 999 2466 1078 ἄγγελοι
2501 1023 2513 1036 ·
2546 1004 2637 1058 καὶ
2669 1004 2752 1058 ὅτι
2805 1003 2866 1058 ού
2911 1005 2973 1058 τὸ
3021 1003 3265 1072 αῗώνιον,
3317 1001 3428 1074 ἤδη
3455 1001 3547 1058 xui
3578 1004 3756 1078 ἄναρ-

2095 1109 2220 1164 χον.
2255 1091 2340 1147 Ἐν
2374 1089 2431 1146 δὲ
2459 1096 2538 1163 τῷ
2591 1091 2780 1169 ἐφεξῆς
2826 1090 3105 1170 κεφαλαίῳ
3163 1092 3322 1156 εὐθὺς
3366 1091 3418 1147 ἐν
3473 1093 3652 1167 ἀρχῇ,
3679 1097 3754 1166 τῇ

2093 1183 2188 1232 τοῦ
2214 1177 2437 1234 αῒωνίου
2468 1183 2622 1258 φωνῇ
2651 1179 2741 1234 καὶ
2777 1179 2863 1235 ἐπὶ
2893 1184 2990 1236 τοῦ
3021 1184 3155 1235 Θεοῦ
3183 1181 3472 1257 κέχρηται.

2166 1356 2356 1411 Καὶτά
2424 1361 2448 1372 ’³
2541 1355 2571 1412 ὅ
3279 1362 3307 1373 ”
3396 1353 3423 1377 ”
3639 1358 3659 1378 ”
3700 1359 3716 1377 ‘

2383 1378 2491 1412 των
2573 1379 2709 1412 ντων
2765 1359 2952 1431 μέτρα.
3007 1359 3186 1434 Μέτρα
3240 1380 3348 1413 των
3393 1380 3566 1414 οντων
3608 1380 3751 1413 εισιν

2095 1445 2146 1498 οἱ
2179 1444 2371 1507 αἰῶνες
2401 1449 2507 1500 τῶν
2540 1451 2776 1517 νοητῶν,
2825 1447 2916 1500 καὶ
2967 1447 2994 1500 6
3040 1444 3241 1521 χρόνος
3282 1450 3387 1501 τῶν
3422 1446 3698 1517 αἶ’σθητῶν
3739 1465 3754 1479 ·

2091 1535 2158 1589 τά
2184 1535 2284 1608 γὰρ
2316 1536 2507 1606 νοητά,
2542 1536 2615 1598 ὡς
2672 1536 2773 1590 ὑπὸ
2829 1537 3028 1612 μέτρου
3090 1541 3364 1609 μετρεῖται
3393 1540 3492 1591 τοῦ
3520 1537 3755 1604 αἰῶνος,

2093 1622 2254 1678 εἶκαὶ
2291 1623 2600 1696 ὁτίωνύμως
2625 1628 2703 1696 τῷ
2745 1628 3032 1699 μετροῦντι
3081 1623 3237 1678 αῗῶνι
3285 1623 3374 1678 καὶ
3417 1625 3488 1679 τὰ
3513 1625 3756 1700 μετρού-

331 1719 635 1770 mensurat
685 1714 1013 1783 afﬁciatur;
1067 1712 1257 1785 angeli
1288 1712 1445 1767 enim
1493 1715 1775 1766 vocantur
1803 1709 1976 1763 etiam

2098 1733 2230 1784 μενα
2262 1711 2509 1789 λέγονται
2543 1733 2557 1747 ο
2592 1713 2786 1775 αἰῶνες
2833 1713 2933 1788 γὰρ
2990 1711 3245 1788 λέγονται
3273 1711 3364 1768 xui
3387 1713 3438 1767 οἱ
3469 1711 3694 1789 ἄγγελοι
3736 1756 3753 1769 .

331 1805 688 1859 acternitates
721 1821 734 1858 :
769 1804 849 1858 ita
881 1808 937 1858 et
965 1819 1100 1857 cum
1134 1801 1474 1868 sensilibus,
1500 1817 1627 1871 quae
1651 1799 1808 1854 enim
1840 1801 1982 1852 tem-

334 1909 474 1964 pore
532 1896 952 1948 mensurantur
999 1891 1203 1945 eodem
1253 1905 1386 1944 cum
1437 1893 1701 1959 tempore
1747 1887 1983 1941 nomine

334 1981 746 2053 appellantur;
781 1986 846 2035 ut
879 1984 1071 2036 motus
1102 1984 1392 2034 astrorum
1426 1984 1483 2032 et
1514 1977 1674 2046 solis,
1699 1982 1754 2031 et
1783 1981 1983 2031 aetates

333 2071 496 2139 vitae;
518 2075 778 2142 tempore
803 2069 960 2125 enim
995 2073 1367 2134 mensuratae,
1400 2071 1662 2138 tempora
1684 2065 1979 2120 dicuntur.

961 2203 1031 2258 IN
1073 2201 1221 2258 CAP.
1263 2202 1358 2258 VI.

403 2323 500 2388 §I.
553 2321 636 2374 Ex
681 2320 1080 2374 conservatrice
1125 2334 1313 2374 causa.
1372 2316 1606 2374 Vocavit
1654 2315 1979 2390 συνοχικήν,

331 2409 472 2480 quia
503 2425 618 2463 non
650 2413 884 2463 tantum
917 2424 1122 2463 eorum
1173 2423 1304 2479 quae
1352 2412 1513 2476 sunt,
1545 2406 1726 2461 vitam
1763 2405 1982 2478 produ-

327 2499 436 2562 xit,
469 2498 571 2552 sed
603 2497 777 2552 etiam
811 2501 877 2551 ut
905 2501 1271 2566 perseverent
1299 2499 1624 2551 conservat.

397 2588 479 2640 Ex
512 2588 633 2656 ipsa
663 2585 832 2639 etiam
861 2584 1084 2641 animae.
1138 2584 1272 2638 Post
1303 2582 1644 2654 angelorum
1676 2581 1852 2636 vitam
1886 2597 1980 2635 or-

322 2675 461 2729 dine
495 2675 652 2745 ponil
685 2673 1018 2728 animarum
1067 2672 1220 2728 182
1273 2676 1630 2739 nostrarum,
1663 2675 1866 2741 utpote
1894 2687 1979 2724 ra-

322 2761 480 2819 tione
511 2762 884 2834 praeditarum
904 2761 1403 2816 immortalitatem
1434 2778 1446 2818 :
1483 2764 1544 2814 at
1573 2766 1707 2831 post
1729 2759 1976 2814 rationa-

322 2851 407 2907 les
452 2852 701 2921 animas,
751 2851 994 2906 adducit
1043 2850 1318 2921 deinceps
1369 2849 1545 2903 vitam
1597 2864 1800 2902 eorum
1847 2865 1976 2918 quze

325 2941 610 2995 sensitiva
655 2939 853 2994 anima
903 2943 959 2992 et
1006 2938 1307 3004 nutritiva,
1361 2952 1460 2991 seu
1512 2936 1833 3008 vegetativa
1871 2954 1974 2992 seu

322 3030 629 3084 brutorum
661 3032 718 3084 et
749 3027 1081 3099 plantarum
1104 3029 1396 3090 constant,
1431 3041 1575 3097 quas
1609 3024 1688 3080 ait
1716 3030 1973 3081 extremo

2093 1799 2236 1854 οὕτω
2267 1800 2356 1856 καὶ
2384 1801 2472 1856 ἐπὶ
2501 1805 2608 1856 τῶν
2661 1801 2932 1872 αΐσθητῶν
2969 1819 2982 1834 ⁸
3029 1802 3096 1856 τὰ
3136 1803 3238 1877 γὰρ
3296 1802 3637 1877 μετρούμενα
3666 1809 3759 1874 τῷ

2092 1889 2280 1963 χρόνῳ
2312 1889 2628 1964 ὁμωνύμως
2677 1891 2872 1966 χρόνοι
2921 1887 3198 1966 λέγονται,
3231 1891 3306 1953 ὥς
3340 1892 3427 1945 καὶ
3460 1893 3495 1960 ἠ
3528 1893 3758 1961 κίνησις

2046 2016 2057 2026 .
2089 1983 2197 2032 τῶν
2219 1976 2451 2055 ἄστρων,
2489 1979 2580 2034 καὶ
2619 1983 2716 2034 τοῦ
2747 1977 2936 2049 ἡλίου,
2966 1979 3054 2034 καὶ
3089 1981 3141 2034 οἱ
3177 1979 3288 2054 βίοι
3322 1999 3336 2012 ⁸
3376 1980 3757 2057 μετρούμενοι

2091 2068 2194 2144 γὰρ
2228 2068 2332 2123 ὑπὸ
2362 2067 2588 2144 χρόνου,
2621 2068 2815 2144 χρόνοι
2851 2066 3128 2143 λέγονται.

2597 2203 2712 2259 ΕΙΣ
2753 2205 2847 2260 ΤΟ
2879 2203 3141 2259 ΚΕΦΑΛ.
3175 2203 3241 2266 ς’.

2161 2321 2270 2387 §I.
2331 2318 2426 2374 Kui
2481 2325 2780 2393 συνοχικῆς
2838 2315 3036 2380 αῗτίας.
3071 2318 3380 2394 Συνοχικήν
3436 2317 3753 2390 ὠνόμασεν,

2090 2405 2165 2468 ὡς
2191 2406 2289 2474 τὴν
2316 2407 2458 2475 ζωὴν
2492 2411 2598 2460 τῶν
2630 2405 2683 2460 ἐν
2718 2411 2836 2469 τοῖς
2887 2406 3037 2462 οὖσιν
3084 2405 3146 2460 ού
3183 2406 3349 2479 μόνον
3382 2403 3745 2482 δημιουργή-

2090 2514 2276 2562 σασαν,
2309 2493 2456 2549 ἀλλᾶ
2489 2495 2578 2548 καὶ
2612 2494 2688 2556 εἷς
2714 2494 2778 2548 τὸ
2809 2491 3081 2566 διαμένειν
3117 2493 3476 2570 συνέχουσαν.

2159 2584 2243 2656 Ἐξ
2276 2582 2443 2652 αὐτῆς
2483 2583 2572 2637 καὶ
2625 2584 2681 2637 αῖ.
2739 2582 2932 2657 ψυχαί.
2993 2582 3144 2639 Μετᾶ
3192 2584 3294 2652 τὴν
3350 2587 3456 2637 τῶν
3490 2582 3750 2660 ἀγγέλων

2089 2673 2256 2740 ζωὴν.
2309 2670 2624 2733 ἀκολούθως
2667 2673 2847 2725 τάττει
2893 2671 2994 2739 τήν
3043 2669 3152 2725 τῶν
3197 2672 3478 2744 ἡμετέρων
3511 2676 3747 2748 ψυχῶν,

2086 2762 2176 2815 ἅτε
2205 2759 2294 2814 καὶ
2327 2758 2566 2835 λογικῶν
2619 2761 2794 2814 οὐσῶν
2840 2757 3130 2823 ἀθανασίαν
3167 2778 3180 2790 ·
3223 2761 3357 2832 μετά
3405 2758 3462 2815 δὲ
3509 2761 3603 2822 τὰς
3638 2760 3746 2816 λοι

2081 2851 2235 2924 γικὰς
2280 2850 2482 2924 ψυχάς,
2535 2848 2719 2925 ἐπάγει
2765 2847 2959 2904 λοιπὸν
2999 2849 3099 2918 τήν
3148 2850 3291 2919 ζωὴν
3341 2856 3439 2920 τῆς
3485 2851 3743 2921 αἰσθητι-

2081 2942 2184 3003 κῆς
2213 2941 2423 3014 ψυχῆς,
2471 2938 2561 2993 καὶ
2618 2945 2717 3007 τῆς
2767 2941 3090 3013 θρεπτικῆς,
3147 2936 3273 3006 ἤτοι
3325 2946 3577 3016 φυτικῆς,
3608 2939 3751 3008 ἤτοι

2079 3031 2187 3082 τῶν
2216 3026 2461 3102 ἀλόγων,
2507 3026 2599 3080 xui
2648 3029 2754 3080 τῶν
2798 3030 3009 3104 φυτῶν,
3067 3025 3129 3089 ἃς
3186 3027 3274 3081 καὶ
3331 3028 3449 3082 κατ’
3502 3025 3746 3104 ἔσχατον

321 3117 567 3190 vestigio
600 3117 772 3188 (quod
824 3131 976 3188 saepe
1025 3119 1196 3171 antea
1240 3115 1642 3186 exposuimus)
1689 3113 1808 3168 vita
1843 3114 1973 3169 frui.

2091 3115 2366 3191 ἀπήχημά
2414 3136 2598 3194 φησιν,
2649 3113 2782 3189 ὅπερ
2812 3103 2940 3170 ίᾶνω
2989 3113 3260 3178 πολλάκις
3285 3103 3746 3192 ήρμηνεύσαμεν.

323 3207 496 3262 Porro
527 3206 653 3260 vita:
677 3206 984 3260 brutorum
1009 3210 1064 3260 et
1085 3203 1416 3276 plantarum
1449 3219 1559 3257 non
1583 3207 1722 3258 sunt
1743 3202 1971 3271 divinae,

320 3296 421 3350 sed
453 3295 608 3366 ignis
641 3293 961 3348 materialis
993 3309 1057 3347 ac
1089 3292 1364 3362 spiritus;
1396 3292 1466 3346 de
1500 3291 1591 3346 bis
1620 3291 1803 3361 igitur
1833 3291 1972 3346 solis

317 3383 621 3447 extremis,
653 3382 806 3438 sicut
838 3381 1064 3436 dictum
1095 3385 1206 3450 est,
1248 3381 1410 3446 vitis,
1444 3379 1658 3450 inquit,
1693 3379 1833 3433 illud
1873 3381 1972 3434 Da-

315 3472 468 3527 vidis
517 3471 968 3542 intelligendum
1003 3474 1092 3525 est
1122 3485 1136 3524 :
1170 3469 1400 3539 Auferes
1444 3469 1705 3538 spiritum
1737 3472 1893 3522 tuum
1922 3477 1972 3522 et

319 3560 588 3629 deﬁcient,
620 3569 676 3616 et
707 3559 765 3614 in
805 3559 1088 3630 pulverem
1139 3574 1302 3612 suum
1350 3560 1708 3612 revertentur.
1744 3556 1972 3612 Emittes

315 3649 575 3720 spiritum
620 3653 778 3703 tuum
825 3656 876 3702 et
929 3647 1279 3716 creabantur,
1333 3653 1383 3700 et
1432 3645 1723 3700 renovabz’s
1769 3644 1972 3714 faciem

317 3747 481 3795 terra:
512 3738 609 3809 (q).
642 3739 722 3793 De
752 3735 876 3792 sola
914 3737 1071 3790 enim
1103 3733 1304 3789 anima
1347 3732 1627 3788 sensitiva
1656 3737 1713 3787 et
1743 3734 1857 3787 vita
1883 3749 1969 3787 ve-

317 3828 570 3899 getativa
600 3826 834 3880 divinus
867 3823 1180 3895 Dionysius
1214 3822 1336 3877 hinc
1387 3822 1582 3876 divina
1614 3823 1784 3877 effata
1814 3837 1972 3876 acce-

317 3917 422 3985 pit.
455 3915 601 3969 Nam
633 3915 703 3968 de
732 3915 848 3968 vita
869 3910 1328 3982 intelligibilium
1355 3915 1455 3965 aut
1484 3915 1708 3977 nostra,
1732 3910 1970 3965 minime

316 4002 439 4056 hazc
491 4001 810 4071 intelligit;
861 4001 1155 4070 siquidem
1206 4015 1340 4054 cum
1387 3999 1539 4054 Deus
1592 4000 1767 4055 vitam
1817 3999 1968 4055 hanc

313 4088 707 4144 essentialiter
745 4087 1139 4143 immortalem
1191 4087 1418 4154 crearit,
1453 4105 1641 4158 neque
1690 4087 1967 4160 intelligi-

313 4177 553 4246 bilibus,
590 4193 778 4247 neque
826 4176 1042 4230 animis
1091 4177 1309 4230 nostris
1350 4191 1551 4230 eorum
1607 4178 1831 4233 auferet
1861 4178 1966 4233 ali-

312 4267 549 4338 quando
582 4265 784 4330 vitam,
806 4264 1086 4336 quoniam
1120 4279 1307 4334 neque
1338 4264 1606 4319 essentiae
1630 4273 1829 4331 erunt;
1864 4270 1963 4323 sed

313 4358 383 4412 de
416 4354 816 4411 animantibus
849 4353 1224 4409 terrestribus
1258 4353 1544 4408 renovatis
1567 4353 1829 4425 loquitur
1860 4356 1965 4412 Da-

2083 3205 2151 3259 Αἱ
2182 3202 2239 3258 δὶ
2272 3205 2404 3273 ζωαὶ
2433 3209 2541 3258 τῶν
2574 3203 2789 3279 ἀλόγων
2822 3204 2911 3258 καὶ
2962 3208 3069 3258 τῶν
3103 3209 3282 3278 φυτῶν
3315 3204 3414 3259 οὐκ
3443 3204 3541 3260 εἶσὶ
3574 3212 3750 3274 θεῖαι,

2082 3291 2227 3348 ἀλλὰ
2255 3296 2351 3346 τοῦ
2382 3291 2575 3346 ἐνύλου
2624 3292 2795 3364 πυρός
2841 3312 2899 3346 τε
2945 3291 3034 3346 καὶ
3089 3291 3413 3364 πνεύματος.
3449 3293 3577 3368 Περὶ
3606 3295 3745 3348 τού-

2078 3401 2187 3434 των
2217 3377 2306 3434 οὗν
2344 3380 2523 3452 μόνων
2558 3383 2665 3433 τῶν
2709 3377 2977 3454 ἐσχάτων,
3025 3381 3100 3442 ὡς
3139 3377 3375 3456 εἴρηται,
3415 3386 3567 3450 ζωῶν
3600 3404 3746 3459 φησι

2079 3469 2140 3522 τό
2197 3473 2293 3523 τοῦ
2353 3465 2516 3522 Δαδῖδ
2599 3466 2887 3543 ε’ίρῆσθαιο
2970 3468 3304 3531 Ἀντανελεῖς
3389 3470 3450 3524 τὸ
3517 3473 3744 3542 πνεῦμά

2082 3579 2179 3611 σου
2211 3561 2278 3625 ³³,
2337 3558 2427 3612 xui
2478 3555 2817 3630 ἐκλείψουσι,
2898 3557 2988 3611 καὶ
3069 3556 3146 3620 εἷς
3200 3560 3293 3612 τὸν
3359 3563 3493 3633 χοῦν
3548 3558 3737 3615 αὐτῶν

2081 3647 2520 3721 ἐπιστρέφουσιν.
2602 3646 3017 3716 Ἐξαποστελεῖς
3123 3649 3185 3702 τὸ
3296 3650 3510 3721 πνεῦμά
3610 3670 3742 3720 σου,

2079 3737 2170 3791 καὶ
2227 3739 2629 3806 κτισθήσονται,
2713 3735 2803 3789 καὶ
2884 3737 3210 3799 ἀνακαινιεῖς
3288 3738 3351 3791 τὸ
3432 3738 3738 3813 πρόσωπον

2077 3832 2179 3895 τῆς
2210 3832 2312 3899 γῆς
2348 3823 2478 3879 ’ἐπὶ
2523 3826 2625 3899 γὰρ
2675 3823 2998 3894 αἰσθητικῆς
3046 3826 3217 3897 μόνης
3265 3829 3449 3900 ψυχῆς
3496 3826 3584 3880 καὶ
3625 3834 3740 3895 τῆς

2079 3921 2306 3992 φυτικῆς
2345 3919 2490 3983 ζωῆς
2534 3917 2697 3968 ταῦτα
2742 3910 2960 3988 ὃέχεται
3013 3914 3081 3968 τά
3138 3916 3254 3968 θεῖα
3303 3913 3466 3989 λόγια
3499 3916 3526 3969 6
3561 3917 3740 3992 μέγας

2079 4003 2357 4065 Διονύσιος
2390 4021 2403 4034 ·
2444 4001 2568 4078 περὶ
2618 4004 2721 4076 γάρ
2767 4009 2866 4070 τῆς
2909 4007 3018 4056 τῶν
3079 4009 3288 4072 νοητῶν
3340 4007 3483 4072 ζωῆς
3630 4013 3742 4074 τῆς

2077 4093 2193 4146 καθ’
2219 4091 2367 4164 ἡμᾶς
2397 4089 2458 4144 ού
2507 4095 2622 4143 νοεῖ
2663 4093 2830 4142 ταῦτα
2863 4110 2875 4122 ·
2918 4089 3018 4156 τὴν
3067 4090 3169 4164 γάρ
3224 4093 3367 4157 ζωήν
3399 4088 3599 4159 ταύτην
3634 4091 3743 4145 οὑ-

2079 4178 2291 4241 σιωδῶς
2349 4176 2769 4253 δημιουργήσας
2836 4177 2913 4239 εἲς
2973 4177 3256 4232 ἀθανασίαν
3320 4181 3347 4232 6
3406 4177 3553 4249 Θεὸς,
3614 4187 3741 4244 τοῖς

2075 4273 2298 4338 νοητοῖς
2329 4266 2418 4321 καὶ
2447 4271 2564 4326 ταῖς
2608 4268 2812 4340 ψυχαῖς
2856 4267 3019 4338 ἡμῶν
3071 4265 3168 4319 οὐκ
3215 4264 3275 4319 ἂν
3317 4265 3510 4344 ἀφέλοι
3548 4267 3738 4323 αὐτῶν

2074 4357 2136 4412 τὸ
2179 4361 2272 4430 ζῇν
2310 4375 2322 4387 .
2385 4354 2502 4410 ἐπεὶ
2551 4351 2676 4409 οὐδέ
2725 4355 2908 4408 οὐσίαι
2962 4350 3198 4423 ἔσονται,
3253 4353 3400 4409 ἀλλὰ
3454 4356 3543 4410 xui
3604 4359 3739 4424 περὶ

311 4445 427 4512 vid,
465 4462 580 4500 non
612 4459 745 4500 vero
777 4444 848 4499 de
881 4443 972 4498 bis
1005 4459 1017 4496 :
1057 4448 1234 4514 atque
1266 4443 1336 4497 de
1369 4442 1485 4498 vita
1507 4444 1838 4500 daemonum
1863 4447 1964 4517 qui

2091 4446 2230 4515 ζώων
2263 4445 2370 4498 ἀπὸ
2402 4450 2505 4519 γῆς
2544 4442 2953 4513 ἀνανεουμὲνων
3005 4442 3165 4520 φησὶν
3217 4443 3246 4496 6
3297 4437 3484 4514 Δαϐὶδ,
3518 4444 3581 4498 ού
3619 4447 3738 4517 μήν

313 4534 471 4590 ultro
504 4534 866 4598 defecerunt,
919 4530 1099 4598 addit,
1141 4547 1264 4586 eam
1297 4547 1528 4603 quoque
1571 4534 1696 4588 sine
1726 4533 1963 4589 interitu

315 4637 785 4693 permansuram,
838 4621 956 4675 Deo
1009 4635 1208 4673 eorum
1257 4621 1556 4675 conditore
1606 4622 1688 4676 ita
1717 4623 1964 4693 volente,

313 4712 584 4783 quamvis
609 4711 720 4782 ipsi
746 4727 778 4764 a
801 4710 916 4764 Deo
939 4708 1289 4763 defecerint:
1316 4709 1447 4763 Sine
1470 4711 1792 4779 poenitentia
1815 4716 1966 4768 enim

312 4809 442 4855 sunt
467 4800 617 4855 dona
650 4799 772 4867 Dei,
807 4797 905 4870 qui
941 4799 1098 4868 ipsos
1147 4814 1180 4850 a
1225 4798 1510 4868 principio
1563 4801 1693 4854 l'ecit
1726 4801 1964 4856 immor-

312 4890 458 4944 tales
487 4907 500 4944 :
525 4899 843 4944 extremam
867 4891 1058 4941 autem
1081 4886 1477 4940 resonantiam
1502 4904 1603 4942 seu
1628 4889 1961 4960 vestigium,

311 4978 474 5048 dicit,
507 4978 908 5032 obscuriorern
959 4974 1088 5028 vitae
1138 4973 1672 5045 participationem,
1703 4983 1760 5032 et
1793 4983 1857 5034 ut
1885 4980 1966 5035 ita

309 5067 521 5133 dicam,
554 5082 757 5137 parum
790 5062 984 5119 vitalis
1019 5061 1310 5117 facultatis
1345 5063 1712 5135 participem.

383 5282 457 5353 (ᾳ)
485 5282 638 5340 Psal.
672 5299 793 5353 cui,
822 5282 916 5352 29,
948 5282 1037 5336 30.

2076 4533 2435 4610 περὶτούτων
2472 4551 2483 4563 '
2516 4532 2607 4585 xui
2661 4530 2785 4604 περὶ
2832 4537 2935 4599 τῆς
2986 4535 3131 4599 ζωῆς
3195 4527 3253 4585 δὲ
3306 4535 3414 4585 τῶν
3465 4533 3738 4598 ἑκουσίως

2077 4618 2399 4678 ἀποϐάντων
2434 4619 2734 4691 δαιμόνων,
2790 4619 2996 4694 ἐπάγει,
3041 4620 3125 4673 ὅτι
3171 4619 3260 4674 xui
3314 4619 3448 4690 αῦτὴ
3483 4618 3738 4694 διαμένει

2077 4713 2406 4784 ἀνώλεθρος,
2433 4714 2528 4764 τοῦ
2559 4709 2841 4769 κτίσαντος
2872 4707 3066 4769 αὐτοὺς
3095 4713 3228 4762 Θεοῦ
3259 4711 3304 4744 ³⁸
3334 4714 3494 4764 τοῦτο
3527 4711 3740 4786 βουλος

2080 4802 2264 4874 μένου,
2315 4799 2410 4854 κ’ὰν
2467 4797 2620 4852 αὐτοὶ
2671 4796 2976 4865 ἀπέστησαν
3035 4801 3133 4851 τοῦ
3181 4802 3356 4852 Θεοῦ·
3417 4800 3734 4874 Ἀμεταμέο

2075 4890 2217 4960 λητα
2247 4889 2347 4964 γάρ
2389 4887 2703 4963 χαρίσματα
2747 4889 2843 4940 τοῦ
2888 4889 3043 4955 Θεοῦ,
3093 4889 3190 4940 τοῦ
3238 4886 3288 4956 ἐξ
3343 4887 3524 4963 ἀρχῆς
3554 4893 3734 4960 ποιή-

2075 5000 2256 5040 σαν·ος
2290 4977 2485 5038 αὐτούς
2524 4974 2817 5036 ἀθανάτους
2854 4993 2866 5007 ³
2917 4973 3143 5050 ἔσχατον
3179 4972 3236 5030 δὲ
3269 4976 3549 5051 ἀπήχημα
3578 4977 3732 5054 λέγει

2070 5071 2169 5138 τὴν
2203 5065 2577 5142 ἀμυδροτέραν
2610 5064 2854 5138 μετοχὴν
2879 5071 2977 5132 τῆς
3011 5066 3154 5132 ζωῆς
3170 5067 3236 5132 ³⁸,
3255 5067 3340 5120 καὶ
3373 5069 3489 5120 οῖον
3524 5067 3696 5122 εἷ’πεῖν
3718 5113 3736 5136 ,

2075 5157 2273 5231 ὀλίγως
2308 5157 2640 5230 μετέχουσαν
2667 5158 2902 5222 ζωτικῆς
2922 5149 3225 5226 δυνάμεως.

1321 5422 1555 5480 νΑΒΙΑι
1592 5423 1986 5484 LECTIONES
2023 5427 2116 5482 ET
2155 5422 2719 5482 CORREC'I‘IONES.

377 5562 423 5595 ³³
452 5556 675 5626 εἷ’πομεν
709 5558 819 5614 xui.
924 5559 970 5594 ³⁸
1001 5556 1197 5614 αὐτῶν.

1295 5560 1342 5593 ³⁸
1372 5557 1517 5631 παρά
1546 5561 1640 5612 τοῦ
1672 5559 1949 5624 κτίσαντος
1979 5560 2145 5632 αὐτὴν
2175 5562 2330 5632 Θεοῦ,

2424 5559 2469 5594 ³³
2497 5561 2595 5612 τοῦ
2632 5559 2725 5630 ζῇν
2737 5599 2750 5612 .
