4024 6200
296 433 401 488 337

1046 443 1106 494 s.
1147 443 1415 495 MAXIM!
1459 428 1768 494 scaeua
1806 439 1880 490 IN
1921 437 2050 488 Lis.
2096 437 2188 488 DE
2229 439 2503 493 DIVINIS
2541 440 2960 496 NOMINIBUS.

3608 446 3714 501 338

368 559 464 620 Ἡς
525 556 1046 634 ἄνταναιρουμένης.
1101 559 1180 618 Τὸ
1259 562 1355 634 μὶν
1433 559 1709 634 ψαλμικὸν
1776 555 1923 634 eme

2125 559 2237 615 Hac
2265 559 2563 617 subtracta.
2595 563 2898 619 Sententia
2940 563 3176 635 quidem
3213 565 3422 636 psalmi
3453 568 3713 641 loquitur

296 646 421 718 περὶ
451 647 770 722 ἀνθρώπων,
804 648 894 703 καὶ
925 657 1025 719 τῆς
1067 648 1377 714 τελευταίας
1431 651 1522 705 καὶ
1580 654 1770 717 κοινῆς
1822 646 1946 700 ἀνα-

295 737 536 799 στάσεως
598 735 764 812 λέγει,
795 739 861 807 ἢν
925 744 1105 816 μικρῷ
1162 739 1392 814 πρόσθεν
1439 742 1756 815 τρανότερον
1789 735 1948 804 τίθη-

294 846 376 877 σιν
440 826 467 878 ὁ
522 828 710 899 Πατήρ
748 846 760 858 ·
807 827 1031 882 ἐνταῦθα
1082 826 1138 883 δὲ
1179 831 1242 884 τὸ
1303 828 1468 905 ῥητὸν
1522 830 1822 904 παρήγαγε,
1855 825 1947 898 τὸν

293 911 460 986 λόγον
492 915 821 988 ποιούμενος
852 917 975 992 περὶ
1010 917 1221 972 πάντων
1259 923 1364 972 τῶν
1396 919 1642 972 ὁπωσοῦν
1672 921 1766 990 ζῇν
1792 915 1944 990 ἐχόν-

289 1023 426 1070 των,
459 1000 670 1064 δεικνὺς
725 1005 800 1076 μὴ
852 1003 1040 1066 ἄλλως
1069 1009 1235 1060 ταῦτα
1265 1005 1372 1074 “ii
1426 1005 1486 1060 ἐκ
1537 1008 1670 1060 Θεοῦ
1726 1003 1789 1057 τὸ
1849 1005 1945 1075 ζῇν

291 1094 617 1163 θεωρεῖσθαι
649 1092 700 1147 ἐν
737 1095 941 1155 αὐτοῖς.
975 1095 1045 1148 Τὸ
1093 1091 1151 1148 δὲ
1193 1094 1624 1170 ἀνταναιρεῖσοαι
1676 1091 1792 1146 ἀντὶ
1848 1093 1945 1144 τοῦ

289 1179 630 1254 κεχωρίσθαι
688 1181 942 1250 τέθεικεν,
1004 1182 1185 1254 ὥσπερ
1252 1183 1341 1237 καὶ
1399 1184 1458 1237 τὸ
1517 1181 1946 1257 έπιστρεφόμενα

293 1268 412 1323 ἀντὶ
441 1274 541 1324 τοῦ
575 1272 878 1346 μετέχοντα
906 1272 1176 1335 Ἁσθενεῖν
1204 1269 1262 1326 δὲ
1297 1276 1464 1327 ταῦτα
1511 1272 1646 1347 πρὸς
1698 1270 1761 1324 τὸ
1818 1289 1944 1341 μετ-

287 1357 440 1430 ἐχειν
474 1358 598 1429 [τῆς
661 1362 804 1427 ζωῆς
850 1359 1072 1431 ταύτης]
1132 1361 1288 1434 φησί,
1328 1357 1418 1414 διὰ
1472 1360 1533 1414 τὸ
1591 1359 1666 1431 μὴ
1728 1353 1940 1413 οἷ’κοθεν

284 1445 374 1499 καὶ
428 1452 558 1521 παρ’
588 1447 790 1501 ἑαυτῶν
843 1444 990 1521 ἔχειν
1048 1449 1147 1514 τήν
1209 1448 1377 1517 ζωὴν,
1407 1445 1534 1502 ἀλλ’
1589 1447 1823 1514 ἐπακτήν
1885 1445 1944 1499 ἐκ

285 1539 423 1590 Θεοῦ
456 1555 470 1567 ο
503 1536 572 1590 τά
599 1537 699 1610 γὰρ
733 1537 856 1591 ὅσον
892 1536 975 1614 ἐφ’
1003 1537 1232 1605 ἑαυτῶν,
1263 1537 1362 1592 οὐκ
1413 1536 1466 1592 ἐν
1522 1541 1600 1609 τῷ
1651 1540 1747 1610 ζῇν
1806 1537 1941 1590 θεω-

284 1625 560 1698 ρούμενα,
584 1629 653 1698 τῇ
689 1622 745 1680 δὲ
773 1626 910 1702 πρὸς
942 1627 1032 1681 τὸν
1065 1627 1194 1681 Θεὸν
1226 1626 1466 1682 ἀναθέσει
1497 1631 1657 1681 τοῦτο
1717 1621 1940 1700 ἔχοντα,

281 1709 491 1788 τρόπον
542 1714 664 1769 τινὰ
717 1715 908 1788 ἀναζῇ,
936 1715 1022 1770 καὶ
1052 1716 1126 1778 ὡς
1159 1715 1318 1778 αὐτός
1351 1737 1505 1794 φησι,
1537 1713 1702 1770 πάλιν
1737 1718 1849 1783 ζῶα
1893 1716 1939 1751 ⁸⁷

280 1803 516 1876 γίνεται.

2058 648 2127 703 de
2159 649 2518 718 hominibus,
2553 656 2610 708 et
2657 657 2955 725 postrema
3003 670 3069 708 ac
3110 656 3408 710 communi
3455 674 3710 716 resurre-

2058 739 2270 809 ctione,
2303 755 2474 810 quam
2505 741 2678 797 Pater
2724 741 2898 814 paulo
2946 747 3081 798 ante
3115 742 3333 800 clarius
3364 746 3531 816 ponit
3559 765 3571 814 ;
3607 749 3714 804 hoc

2058 832 2250 882 autem
2297 828 2422 885 loco
2469 832 2815 887 sententiam
2861 831 3022 887 illam
3072 833 3334 900 adduxit,
3380 851 3712 893 sermonem

2057 916 2275 972 faciens
2341 919 2410 974 de
2469 921 2746 976 omnibus
2809 938 2939 992 qua:
2995 921 3194 993 aliquo
3253 925 3425 978 modo
3491 924 3710 994 vivunt,

2056 1007 2371 1063 ostendens
2419 1008 2540 1064 haec
2581 1027 2691 1065 non
2747 1011 2916 1066 aliter
2959 1023 3136 1082 quam
3171 1028 3239 1066 ex
3290 1019 3402 1069 Deo
3447 1014 3621 1072 vitam
3651 1015 3711 1072 in

2056 1096 2202 1168 ipsis
2251 1099 2631 1155 considerari.
2688 1101 2859 1157 Porro
2891 1104 3118 1172 auferri
3163 1104 3360 1173 posuit
3409 1122 3510 1174 pro
3543 1122 3711 1177 sepa-

2055 1187 2192 1253 rari,
2227 1188 2381 1244 sicut
2408 1205 2668 1245 conversa
2700 1208 2802 1262 pro
2825 1191 3278 1263 participantia;
3312 1193 3393 1247 ait
3423 1209 3555 1249 vero
3586 1194 3708 1250 haec

2055 1275 2346 1332 imbecilli
2377 1277 2434 1331 in
2469 1280 2957 1351 participatione;
2990 1280 3126 1350 quia
3176 1298 3291 1336 non
3324 1282 3395 1336 ab
3427 1281 3710 1340 intrinse.

2052 1381 2138 1431 co,
2173 1369 2230 1420 et
2262 1383 2294 1420 a
2324 1366 2538 1438 seipsis
2565 1368 2740 1423 vitam
2773 1368 3015 1438 habent,
3040 1370 3140 1424 sed
3165 1369 3330 1425 aDeo
3361 1370 3664 1426 inductam
3691 1391 3706 1441 ;

2053 1459 2340 1525 quantum
2389 1456 2545 1511 enim
2595 1457 2668 1511 ad
2719 1457 2848 1529 ipsa
2896 1458 3126 1528 attinet,
3176 1475 3288 1513 non
3321 1458 3379 1513 in
3430 1458 3560 1531 ipsa
3587 1461 3708 1518 vita

2051 1542 2516 1614 considerantur,
2547 1546 2648 1600 sed
2701 1546 3160 1619 transpositione
3208 1547 3265 1602 in
3300 1547 3481 1603 Deum
3526 1551 3705 1606 vitam

2051 1637 2383 1701 consecuta,
2418 1635 2853 1704 quodammodo
2885 1635 3258 1704 reviviscunt,
3291 1640 3370 1704 et,
3399 1637 3552 1694 sicut
3583 1639 3705 1709 ipse

2050 1722 2151 1792 ait,
2183 1724 2386 1779 iterum
2415 1725 2539 1779 viva
2569 1725 2730 1794 ﬁunt.

349 1894 490 1962 §Il.
551 1893 666 1960 Τήν
720 1894 794 1956 ὡς
851 1894 1204 1966 συμμίκτοις.
1263 1893 1586 1968 Θαυμασίως
1644 1896 1818 1949 πάντα
1871 1893 1923 1948 τᾶ

2119 1901 2148 1971 §
2181 1901 2248 1956 Il.
2283 1903 2562 1973 Tanquam
2591 1906 2923 1970 compositis.
2976 1905 3306 1961 Mirandum
3361 1905 3421 1960 in
3453 1906 3698 1962 modum

283 1977 537 2055 δόγματα
569 1982 703 2055 μιτά
732 1982 1026 2058 ὀρθότητος
1059 1981 1317 2041 διδάσκει.
1350 1985 1454 2041 Τὸν
1511 1984 1612 2061 γὰρ
1668 1983 1792 2059 περὶ
1835 1989 1938 2052 τῆς

278 2069 627 2134 ἀναστάσεως
654 2071 860 2145 τρόπον
886 2073 932 2108 ³⁸
960 2077 1051 2126 νῦν
1106 2070 1464 2148 παραδιδοὺς,
1499 2071 1727 2144 θνητοὺς
1761 2075 1805 2109 ³9
1837 2074 1930 2145 μὶν

273 2160 426 2230 ἡμᾶς
453 2159 764 2237 ἀποφαίνει,
798 2161 889 2216 ἅτε
914 2160 964 2232 ἐξ
999 2160 1264 2217 ἀθανάτου
1305 2165 1493 2237 ψυχῆς
1537 2163 1626 2216 καὶ
1687 2164 1930 2234 [θνητοῦ]

270 2248 534 2320 σώματος
586 2244 742 2310 ὄντας
798 2251 1050 2322 θνητοὺς,
1080 2252 1179 2319 τήν
1242 2247 1299 2304 δὲ
1352 2253 1495 2320 ζωὴν
1532 2247 1774 2319 οὐσιώδη
1828 2257 1928 2318 τῆς

266 2339 454 2411 ψυχῆς
512 2335 775 2391 ἐλάττονά
827 2359 958 2414 φησι
1019 2343 1128 2393 τῶν
1184 2338 1488 2414 ἀγγελικῶν
1549 2337 1928 2413 οὐσιῶν,παρ’

261 2423 385 2479 ὅσον
424 2425 597 2495 αὐτὴν
629 2427 721 2480 καὶ
752 2425 1073 2502 ἀγγελοειδῆ
1139 2429 1305 2498 ζωὴν,
1329 2428 1391 2482 οὐ
1450 2430 1558 2501 μὴν
1621 2427 1922 2502 ἀγγελικὴν

259 2513 548 2587 ὀνομάζει,
587 2515 693 2591 οὐχ
724 2515 798 2578 ὠς
849 2515 1311 2593 αὐτοαγγελικήν,
1343 2515 1490 2572 ἀλλά
1541 2523 1870 2593 παρεμφερῆ
1907 2535 1920 2548 ⁸

256 2602 342 2656 καὶ
376 2607 537 2676 ἡμᾶς
574 2605 667 2677 μὲν
701 2610 936 2680 μερικῶς
967 2627 1130 2680 φησιν
1159 2609 1290 2661 εἶναι
1321 2607 1416 2668 τὰς
1445 2605 1668 2681 λογικὰς
1701 2605 1882 2680 ψυχάς
1905 2623 1920 2637 ⁶

259 2691 434 2753 ὅλους
466 2690 524 2747 δὲ
551 2696 700 2766 ἡμᾶς
741 2693 868 2756 τοὺς
928 2693 988 2749 ἐκ
1035 2697 1220 2770 ψυχῆς
1274 2695 1385 2750 καὶ.
1423 2695 1678 2768 σώματος
1721 2690 1879 2757 ὄντας
1903 2714 1916 2727 °

261 2780 753 2851 ἀπαθανατίζεσθαι
787 2780 844 2837 δέ
875 2799 1007 2859 φησι
1037 2784 1102 2837 τὰ
1133 2785 1359 2857 σώματα
1383 2785 1546 2856 ἡμῶν
1579 2783 1629 2838 ἐν
1669 2787 1738 2857 τῇ
1792 2784 1918 2837 ἀνα·

261 2872 469 2940 στάσει,
517 2872 734 2948 φάσκων
780 2871 842 2926 τὸ
886 2872 1007 2948 περὶ
1060 2872 1400 2934 ἀναστάσεως
1458 2870 1636 2948 δόγμα
1693 2869 1915 2926 ἄπιστον

260 2956 446 3013 δοκεῖν
478 2963 549 3034 τῇ
579 2959 934 3031 παλαιότητι,
969 2962 1082 3016 ἀντὶ
1117 2966 1213 3017 τοῦ
1240 2966 1309 3036 τῇ
1361 2963 1581 3034 ἀνοήτῳ
1630 2958 1756 3035 δόξῃ
1806 2965 1914 3016 τῶν

260 3047 577 3118 Ἑλλήνων,
614 3045 702 3103 διά
729 3052 791 3104 τὸ
821 3051 967 3125 παρᾶ
997 3050 1152 3125 φύσιν
1187 3050 1320 3104 εἶναι
1350 3057 1450 3120 τῆς
1481 3047 1621 3120 ὕλης
1668 3052 1730 3104 τὸ
1779 3051 1915 3104 ἀπα-

259 3137 655 3206 θανατίζεσθαι.
693 3136 1005 3209 ΙΙαλαιότης
1035 3137 1092 3194 δὶ
1124 3138 1338 3214 λέγεται
1377 3142 1412 3208 ἡ
1456 3139 1680 3205 ἀνοησία
1711 3158 1724 3172 ·
1762 3137 1811 3193 εἲ
1858 3136 1916 3193 δὶ

258 3226 348 3279 καὶ
420 3227 552 3300 ὑπὲρ
614 3227 769 3305 φύσιν
828 3229 890 3282 τὸ
945 3233 1172 3303 πρᾶγμα
1227 3235 1326 3298 τῆς
1383 3227 1743 3299 ἀναστάσεως,
1798 3230 1910 3282 οἷον

2045 1990 2246 2044 omnia
2293 1993 2525 2048 decreta
2572 1997 2728 2049 recte
2760 1994 2964 2062 docet;
3019 2011 3175 2050 nunc
3204 1995 3361 2052 enim
3408 1995 3693 2050 rationem

2046 2080 2487 2136 resurrectionis
2567 2083 2826 2148 tradens,
2903 2100 3007 2138 nos
3079 2083 3356 2139 mortales
3412 2083 3689 2152 ostendit,

2043 2167 2196 2222 183
2245 2171 2525 2240 tanquam
2585 2187 2653 2224 ex
2709 2170 3024 2226 immortali
3084 2172 3280 2227 anima
3339 2175 3396 2227 et
3451 2188 3694 2244 corpore

2043 2256 2318 2313 mortales
2374 2259 2719 2314 exsistentes
2773 2277 2786 2324 ;
2848 2277 2984 2314 nam
3051 2259 3423 2316 essentialem
3485 2261 3691 2316 animae

2037 2345 2214 2399 vitam
2276 2346 2419 2401 dicit
2473 2363 2600 2402 esse
2659 2347 2994 2403 inferiorem
3054 2349 3328 2404 essentiis
3387 2347 3690 2420 angelicis,

2036 2439 2328 2505 quatenus
2361 2436 2550 2506 ipsam
2583 2432 2933 2509 ἆγγελοειδῆ,
2981 2454 3096 2492 non
3149 2445 3337 2492 aulem
3371 2436 3692 2508 angelicam

2033 2523 2307 2595 appellat,
2343 2529 2408 2578 ut
2437 2541 2548 2579 non
2598 2542 2731 2580 vero
2784 2525 3133 2595 angelicam,
3167 2526 3264 2581 sed
3310 2525 3603 2593 similem;
3637 2529 3695 2581 et

2033 2627 2140 2667 nos
2169 2612 2408 2683 quidem
2443 2613 2656 2685 partim
2699 2613 3012 2670 rationales
3061 2631 3192 2670 esse
3240 2614 3466 2670 animas
3498 2614 3642 2669 dicit
3674 2630 3688 2669 :

2031 2704 2185 2756 totos
2215 2706 2411 2757 autem
2444 2719 2513 2758 ex
2543 2701 2742 2758 anima
2774 2707 2830 2758 et
2861 2719 3104 2774 corpore
3120 2707 3407 2759 constare.
3435 2703 3529 2758 Ait
3549 2719 3681 2760 vero

2029 2805 2271 2860 corpora
2303 2794 2504 2845 nostra
2547 2791 2696 2846 efﬁci
2732 2792 2790 2846 in
2842 2791 3272 2848 resurrectione
3303 2791 3679 2860 immortalia,

2029 2895 2298 2934 asserens
2329 2880 2544 2951 dogma
2574 2881 2642 2935 de
2675 2881 3100 2937 resurrectione
3151 2881 3495 2936 incredibile
3524 2881 3684 2936 vide-

2028 2967 2076 3021 ri
2108 2969 2464 3038 antiquitati,
2500 2986 2602 3039 pro
2652 2969 2951 3040 insipienti
3007 2970 3338 3026 Graecorum
3384 2970 3680 3042 opinione,

2026 3057 2166 3127 quia
2212 3061 2302 3113 est
2348 3063 2550 3113 contra
2611 3060 2864 3114 materia:
2913 3063 3184 3114 naturam
3237 3058 3681 3115 immortalitate

2026 3145 2158 3200 frui.
2194 3146 2528 3216 Antiquitas
2574 3163 2706 3202 vero
2753 3147 2968 3202 dicitur
2997 3147 3380 3219 insipientia;
3431 3148 3538 3203 etsi
3573 3165 3678 3203 au-

2025 3239 2141 3289 tem
2177 3236 2476 3306 negotium
2511 3236 2954 3292 resurrectionis
2999 3242 3274 3292 naturam
3309 3240 3560 3308 superet,
3597 3236 3684 3291 ni-

257 3316 398 3388 πρὸς
429 3317 521 3370 τὸν
551 3317 794 3391 παρόντα
827 3317 942 3392 βίον
969 3317 1059 3371 τὸν
1095 3315 1185 3372 διὰ
1229 3325 1439 3395 τροφῆς
1479 3319 1567 3371 καὶ
1623 3316 1912 3392 ἐκκρίσεως

2038 3320 2242 3376 mirum
2279 3322 2334 3375 in
2367 3323 2634 3393 prtesenti
2665 3323 2804 3391 vita,
2840 3339 2967 3395 qua:
3018 3339 3121 3394 per
3151 3324 3580 3390 educationem,
3613 3341 3679 3378 ac

255 3404 344 3458 καὶ
407 3403 582 3459 νόσων
631 3401 1026 3480 διεξαγόμενον,
1059 3404 1206 3460 ἀλλά
1252 3407 1386 3481 πρὸς
1436 3405 1527 3460 τὸν
1572 3405 1723 3477 Θεὸν,
1759 3403 1911 3460 οὐδὲν

256 3495 408 3566 παρὰ
439 3492 594 3570 φύσιν
637 3491 766 3548 οὐδὲ
817 3495 950 3570 ὑπὲρ
999 3494 1178 3573 φύσιν,
1229 3492 1419 3563 ἐπειδή
1479 3493 1636 3557 αὐτός
1695 3494 1832 3550 ἐστιν
1885 3496 1914 3550 ὁ

256 3581 442 3652 πάσης
472 3587 620 3652 ζωῆς
652 3581 821 3644 α’ἱτιος
851 3586 915 3638 ⁸ο.

325 3670 492 3742 Φημὶ
548 3670 637 3724 καὶ
685 3671 753 3726 τὰ
811 3674 1018 3746 συζυγῆ
1073 3673 1317 3746 σώματα.
1360 3675 1484 3729 ’Ὁτι
1537 3673 1626 3727 καὶ
1673 3673 1740 3726 τὰ
1800 3673 1912 3726 σώ-

258 3780 407 3830 ματα
438 3762 600 3831 ἡμῶν
635 3761 924 3824 ἀθανασίας
958 3760 1204 3837 μετέχειν
1235 3763 1262 3816 ὁ
1311 3764 1457 3823 θεῖος
1508 3760 1762 3836 βούλεται
1813 3759 1910 3815 λό-

251 3868 373 3922 γος,
413 3847 551 3902 κατᾶ
577 3848 667 3902 τὸν
697 3848 1055 3905 Ἀπόστολονο
1091 3856 1182 3904 Δεῖ
1221 3850 1321 3926 γὰρ
1373 3851 1435 3904 τὸ
1495 3849 1688 3919 θνητὸν
1744 3853 1910 3904 τοῦτο

251 3934 581 3991 ἐνδύσασθαι
616 3937 901 3992 ἀθανασίαν
912 3983 923 3995 .

322 4027 490 4102 Ὑπὶρ
542 4026 722 4103 φύσιν.
774 4027 952 4084 Τοῦτό
1010 4049 1140 4106 φησι
1186 4025 1274 4082 διά
1309 4028 1372 4082 τὸ
1405 4028 1556 4100 μόνῳ
1606 4031 1722 4100 Θεῷ
1774 4029 1911 4082 κατὰ

249 4115 419 4191 φύσιν
453 4116 587 4169 εἶναι
615 4116 678 4170 τὸ
710 4121 908 4184 ζωοῦν.

325 4205 588 4275 Σίμωνος
634 4203 1009 4281 ἀντιρῥητικοὶ
1057 4204 1240 4280 λόγοι.
1292 4204 1542 4279 Σίμωνός
1593 4227 1756 4285 φησιν
1814 4205 1908 4260 ἀν-

245 4292 612 4368 τιῤῥητικοὺς
671 4294 804 4348 εἶναι
852 4291 1057 4368 λόγους
1111 4295 1246 4348 κατὰ
1287 4299 1384 4348 τοῦ
1417 4291 1691 4368 δόγματος
1744 4297 1903 4367 ἡμῶν

248 4387 347 4436 τοῦ
383 4381 665 4456 λέγοντος,
694 4383 757 4437 τὸ
787 4387 944 4455 σῶμα
989 4385 1151 4456 ἡμῶν
1205 4382 1513 4447 ἀνίστασθαι
1561 4383 1650 4438 καὶ
1708 4383 1904 4439 ἀθανα-

247 4471 628 4540 τίζεσθαι,ὡς
686 4471 832 4545 παρά
888 4470 1043 4549 φύσιν
1104 4467 1254 4534 ὄντος
1309 4476 1406 4527 τοῦ
1462 4474 1800 4547 πράγματος.
1842 4473 1904 4526 Oi

248 4556 309 4613 δὲ
343 4559 627 4633 εἰρηκότες
655 4561 792 4614 κατά
849 4559 1100 4633 Σίμωνος
1151 4561 1243 4614 καὶ
1294 4560 1418 4636 περὶ
1471 4561 1682 4615 τούτων
1742 4561 1902 4616 αὐτὸν

2025 3411 2415 3466 excretionem
2451 3416 2626 3482 atque
2675 3413 2912 3469 morbos
2956 3413 3306 3480 traducitur,
3341 3412 3438 3468 sed
3475 3413 3533 3467 in
3569 3414 3680 3468 Deo

2026 3499 2170 3554 nihil
2199 3505 2403 3555 contra
2437 3507 2731 3570 naturam,
2766 3518 2958 3573 neque
3001 3518 3182 3573 supra
3211 3507 3504 3569 naturam,
3539 3519 3682 3574 quo-

2024 3589 2176 3643 niam
2209 3589 2334 3660 ipse
2365 3594 2454 3644 est
2485 3590 2676 3645 omnis
2705 3591 2832 3645 vitae
2865 3594 3089 3646 auctor.

2092 3677 2220 3733 Dico
2266 3681 2316 3733 et
2363 3678 2654 3748 conjuncta
2710 3694 2963 3749 corpora.
3016 3678 3290 3732 Divinum
3344 3693 3673 3733 sermonem

2021 3765 2184 3832 velle,
2218 3771 2418 3822 nostra
2447 3783 2684 3837 quoque
2715 3783 2960 3837 corpora
3009 3765 3506 3821 immortalitatem
3539 3783 3674 3837 par-

2019 3856 2283 3926 ticipare,
2329 3857 2498 3925 juxta
2550 3854 2897 3927 Apostolum
2931 3870 2944 3910 :
2983 3854 3204 3926 Oportet
3255 3856 3403 3911 enim
3440 3855 3675 3910 mortale

2020 3953 2118 4002 hoc
2147 3946 2382 4000 induere
2410 3943 2890 3999 immortalitatem
2919 3943 3012 4015 (r).

2090 4035 2274 4106 Supra
2305 4043 2585 4089 naturam.
2622 4033 2741 4089 Hoc
2771 4032 2936 4099 dicit,
2968 4033 3108 4104 quia
3137 4032 3246 4088 soli
3290 4033 3403 4088 Deo
3436 4036 3673 4088 natura-

2018 4123 2092 4179 lis
2123 4128 2212 4179 est
2241 4123 2379 4178 vita.

2088 4213 2329 4268 Simonis
2375 4210 2797 4267 contradictorii
2841 4226 3136 4267 sermones.
3190 4210 3339 4266 Dicit
3368 4209 3550 4266 libros
3578 4209 3674 4265 Si-

2018 4301 2212 4357 monis
2242 4299 2641 4356 contradicere
2681 4301 2986 4355 sententiaa
3037 4303 3272 4364 nostris,
3305 4315 3432 4370 qua:
3463 4298 3674 4354 asserit

2017 4407 2230 4462 corpus
2262 4395 2527 4446 nostrum
2561 4404 2864 4460 resurgere
2897 4393 2953 4444 et
2995 4387 3330 4443 immortale
3361 4403 3506 4452 esse,
3541 4391 3670 4440 tan-

2017 4496 2194 4551 quam
2229 4496 2320 4534 rcs
2351 4481 2506 4534 esset
2535 4481 2740 4533 contra
2786 4483 3079 4533 naturam.
3113 4475 3533 4532 Contradicunt
3562 4492 3670 4529 au-

2014 4573 2134 4623 tem
2168 4566 2414 4636 Simoni,
2437 4571 2492 4622 ct
2523 4567 2719 4638 ipsum
2751 4567 2810 4620 in
2839 4565 2930 4620 his
2954 4565 3391 4636 reprehendunt
3415 4563 3670 4618 Irenaeus

248 4647 586 4723 ἰλέγχουσιν
638 4649 929 4723 Εἰρηναῖος
986 4651 1074 4704 καὶ
1107 4649 1383 4726 Ὠριγένης
1439 4651 1530 4705 καὶ
1585 4651 1908 4715 Ἱππόλυτος

2038 4661 2072 4712 ιι
2102 4656 2381 4726 Origenes
2413 4659 2469 4709 et
2497 4653 2849 4726 Hippolytus
2897 4659 2952 4706 et
2993 4651 3379 4723 Epiphanius.
3423 4651 3669 4722 Magnus

246 4738 343 4791 καὶ
384 4738 728 4812 ’Βπιφάνιος.
767 4739 829 4795 Ὁ
877 4735 934 4793 δὲ
987 4737 1155 4813 μέγας
1194 4738 1467 4801 Διονύσιος
1524 4738 1682 4802 θείως
1726 4740 1904 4796 ἐκλύει

243 4828 312 4880 τὸ
370 4824 671 4900 λεγόμενον
721 4828 868 4902 παρά
918 4827 1192 4900 Σίμωνος,
1235 4828 1380 4904 παρὰ
1431 4826 1586 4906 φύσιν
1632 4830 1762 4883 εἶναι
1808 4832 1908 4899 τήν

248 4917 545 4969 ἀνάστασιν
575 4920 685 4970 τῶν
717 4918 1011 4988 σωμάτωνο
1042 4921 1122 4988 τῷ
1151 4917 1255 4992 γὰρ
1311 4921 1426 4989 Θεῷ
1481 4914 1695 4980 οὐδενὸς
1755 4915 1910 4983 ὄντος

246 5005 530 5079 ἄναντίου,
579 5013 698 5070 πῶς
745 5005 892 5063 ἔσται
948 5031 1000 5064 τι
1057 5011 1204 5084 παρά
1250 5008 1446 5086 (posui;
1481 5011 1556 5066 Τὸ
1614 5007 1670 5064 δῖε
1702 5007 1906 5074 οἷέσθαί

238 5117 371 5150 τινα
404 5095 466 5150 ἐκ
496 5102 740 5172 φανερῶν
773 5097 864 5152 καὶ
898 5096 1167 5168 αῗσθητῶν
1198 5096 1404 5152 τούτων
1453 5098 1548 5159 τάς
1607 5096 1908 5169 ἀποδείξεις

235 5185 578 5259 πορίζεσθαι
624 5187 764 5241 κατά
807 5189 908 5255 τῆς
959 5184 1349 5256 ἀκαταλήπτου
1403 5186 1492 5241 καὶ
1549 5191 1709 5241 πᾶσιν
1771 5188 1906 5265 ἀφα-

233 5279 376 5338 νοῦς
435 5274 613 5338 αῗτίας
671 5279 777 5330 τῶν
836 5275 1072 5344 πάντων,
1114 5281 1359 5331 τουτέστι
1415 5275 1552 5330 κατά
1595 5281 1693 5331 τοῦ
1750 5281 1906 5347 Θεοῦ,

316 5456 406 5526 (r)
440 5453 464 5510 Ι
494 5454 620 5511 Cor.
651 5471 747 5523 xv,
777 5455 866 5510 53.

2015 4763 2150 4801 vero
2167 4743 2482 4814 Dionysius
2505 4743 2763 4798 Simonis
2783 4741 3160 4809 sententiam,
3180 4739 3666 4795 resurrectionem

2017 4848 2326 4904 corporum
2359 4847 2488 4886 esse
2519 4835 2720 4886 contra
2753 4834 3046 4898 naturam,
3069 4827 3260 4882 divine
3290 4827 3496 4894 solvit;
3529 4843 3666 4883 cum

2017 4923 2172 4980 enim
2206 4921 2352 4976 nihil
2401 4920 2479 4976 sit
2527 4920 2644 4975 Deo
2687 4918 3069 4986 contrarium,
3121 4917 3412 4987 quomodo
3444 4916 3668 4987 aliquid

2018 5013 2129 5068 erit
2167 5015 2373 5066 contra
2420 5011 2741 5064 naturam?
2791 5007 3102 5077 quemdam
3153 5010 3344 5060 autem
3395 5004 3668 5060 arbitrari

2018 5115 2190 5173 posse
2222 5116 2290 5154 ex
2323 5099 2410 5153 his
2463 5093 2804 5167 conspicuis
2851 5099 2908 5150 et
2939 5093 3256 5150 sensilibus
3303 5094 3671 5150 demonstra-

2017 5190 2207 5244 tiones
2256 5187 2510 5260 praabere
2560 5188 2763 5240 contra
2808 5181 3454 5252 incomprehensibilem
3501 5188 3673 5253 atque

2019 5276 2295 5334 omnibus
2308 5275 2618 5331 obscuram
2633 5273 3037 5327 universorum
3053 5271 3428 5342 causam,hoc
3441 5275 3529 5330 est
3541 5288 3672 5327 con-

1285 5571 1526 5630 VARIE
1564 5571 1956 5632 LEGTIONES
1995 5571 2080 5628 ET
2117 5568 2666 5627 CORRECTIONES.

326 5755 380 5792 ⁸³
415 5751 653 5816 τούτοις.
729 5753 772 5790 ³⁷
803 5747 1108 5822 παλίνζωα.
1187 5751 1232 5790 ³⁸
1261 5749 1453 5826 λόγον.
1530 5754 1576 5790 ³9
1607 5751 1853 5825 μικτούς.
1929 5753 1973 5789 ⁴⁰
2001 5750 2090 5807 καὶ
2122 5747 2176 5822 ἒξ
2207 5751 2374 5806 αὐτοῦ
2404 5748 2515 5805 ἐστι
2546 5753 2689 5804 πᾶσα
2724 5748 2860 5818 ζωή.
