4024 6200
288 373 394 429 339

1096 375 1462 432 APPENDIX
1500 377 1600 430 AD
1636 375 1875 429 OPERA
1915 375 1974 428 Β.
2014 372 2334 429 DIONYSII
2374 373 2881 430 AREOPAGITE.

3591 374 3707 429 340

287 504 378 557 tra
408 500 619 570 Deum,
644 499 754 558 hoc
785 517 915 558 vere
948 505 1152 558 contra
1175 506 1445 559 naturam
1479 506 1567 559 est
1601 521 1614 560 :
1650 500 1943 574 quomodo

2070 499 2220 554 τοῦτό
2252 498 2365 554 ἐστι
2395 497 2616 570 ἀληθῶς
2643 497 2790 575 παρὰ
2819 499 2974 577 φύσιν
3009 518 3020 530 ·
3055 499 3124 555 τὰ
3160 500 3264 575 γὰρ
3321 495 3549 570 δοξαστὰ
3607 501 3704 554 καὶ

269 591 446 652 ,enim
478 592 534 646 id
565 592 720 662 quod
752 608 985 648 omnem
1021 608 1262 648 sensum
1307 596 1365 648 et
1396 593 1808 664 cogitationem
1841 608 1938 647 su-

288 683 473 751 perat,
506 685 765 736 evertent
791 697 859 736 ea
890 698 1016 752 quae
1048 697 1229 738 sensu
1280 684 1337 739 et
1367 681 1717 754 cogitatione
1750 679 1941 753 perci-

289 769 582 842 piuntur?

361 859 643 916 Evidenlia
674 876 880 914 sensus.
931 860 1052 916 Non
1088 864 1338 931 oportet,
1373 860 1584 931 inquit,
1615 861 1686 916 ob
1719 877 1786 915 ca
1815 877 1941 930 quae

288 948 561 1004 sensibus
594 951 816 1020 percipi
849 954 1091 1020 queunt,
1130 950 1304 1005 {idem
1342 951 1435 1005 Dei
1470 950 1660 1005 verbis
1691 952 1940 1020 denega-

288 1054 370 1106 re,
404 1037 501 1108 qui
533 1041 622 1092 est
652 1038 916 1092 omnium
971 1037 1222 1093 obscura
1272 1055 1469 1094 causa.
1506 1037 1742 1110 Pmprie
1787 1038 1943 1092 enim

287 1125 430 1180 illud
467 1130 666 1181 contra
717 1131 990 1182 naturam
1035 1126 1227 1182 dicere
1272 1127 1427 1196 licet,
1472 1132 1709 1199 propter
1759 1125 1945 1182 sensi-

287 1213 432 1269 lium
467 1215 942 1286 perspicuitatem
977 1217 1048 1270 de
1081 1221 1235 1272 statu
1262 1234 1369 1272 suo
1399 1217 1688 1288 deponere
1719 1233 1820 1272 seu
1845 1233 1947 1270 ne-

292 1319 433 1374 gare
459 1319 526 1358 ea
557 1321 684 1375 quae
717 1310 995 1376 superant
1025 1321 1288 1360 sensum.

353 1394 381 1461 §
412 1391 510 1448 III.
545 1393 669 1450 Sive
699 1395 1060 1462 rationalem,
1112 1395 1228 1449 sive
1274 1394 1618 1462 sensitivam,
1655 1394 1807 1450 184
1835 1395 1949 1450 sive

291 1483 640 1536 nulrilivam.
677 1486 819 1538 Nota
841 1484 1134 1554 quomodo
1156 1483 1365 1538 dividit
1395 1491 1794 1554 comparatam
1821 1499 1948 1554 par-

289 1570 630 1641 ticipatione
661 1571 837 1626 vitam
865 1589 879 1641 ;
921 1572 1061 1626 dicit
1092 1572 1247 1626 enim
1299 1572 1426 1627 vitae
1460 1572 1835 1643 principium,
1867 1571 1947 1625 vi-

290 1657 499 1714 delicet
531 1664 791 1716 nostram
834 1661 1114 1728 animam,
1149 1661 1360 1717 deinde
1411 1661 1796 1729 sensitivam;
1829 1660 1951 1715 haec

291 1748 446 1803 enim
479 1749 770 1820 principia
801 1749 931 1805 vita:
963 1749 1037 1805 iis
1069 1767 1196 1820 qua:
1229 1751 1300 1805 ab
1336 1750 1479 1821 ipsis
1515 1755 1800 1821 reguntur
1830 1766 1950 1804 cor-

292 1838 556 1908 poribus,
582 1839 722 1894 utin
743 1839 862 1894 vita
889 1844 1254 1906 moveantur,
1278 1839 1404 1894 vitae
1438 1845 1635 1895 autem
1658 1839 1949 1894 essentia),

292 1926 690 1996 intelligibiles
726 1927 1055 1996 facultates,
1089 1934 1146 1983 et
1196 1934 1407 1983 nostrae
1441 1929 1650 1983 anima:
1678 1953 1693 1995 ς
1733 1928 1952 1983 habent

297 2014 451 2070 enin;
482 2016 799 2071 essentiam
832 2034 958 2088 quae
1008 2020 1097 2072 est
1124 2017 1264 2082 vita,
1314 2017 1491 2072 veluti
1521 2017 1780 2088 aliquam
1822 2015 1950 2072 vitae

300 2105 605 2160 materiam
642 2110 694 2162 et
723 2105 1075 2176 subjectum,
1109 2122 1174 2160 ac
1206 2105 1395 2176 ipsam
1426 2107 1673 2160 formam
1706 2121 1832 2176 qua
1856 2106 1953 2159 ad-

295 2194 496 2249 venit:
533 2209 734 2264 quare,
787 2198 850 2248 ut
901 2194 1039 2260 dixi,
1094 2194 1302 2249 animm
1347 2194 1642 2250 viviﬁcant
1688 2210 1948 2265 corpora.

298 2282 449 2337 Deus
476 2283 654 2352 igitur
683 2286 747 2336 ut
791 2287 1018 2352 auctor,
1050 2287 1107 2337 et
1137 2283 1266 2337 vitae
1301 2288 1510 2338 nostra:
1556 2281 1949 2352 complemen-

297 2373 444 2438 tum,
479 2375 543 2425 ut
573 2371 879 2426 continens
910 2375 966 2427 et
1009 2370 1298 2437 dividens,
1329 2376 1394 2426 ut
1426 2371 1787 2426 differentias
1819 2369 1950 2425 uni-

293 2475 470 2514 versas
499 2459 626 2515 vita:
658 2461 998 2531 disponens,
1034 2459 1514 2530 intelligibilium,
1549 2459 1948 2528 rationalium,

295 2547 626 2615 sensilium,
674 2565 738 2604 ac
785 2565 984 2604 eorum
1034 2565 1161 2620 quae
1208 2554 1518 2621 augentur,
1553 2549 1818 2604 omnium
1863 2551 1954 2604 est

296 2636 709 2708 principium;
767 2643 943 2709 atque
1000 2637 1280 2710 quoniam
1335 2655 1516 2708 supra
1564 2637 1711 2692 dixit
1767 2637 1951 2692 solem

295 2726 471 2781 etiam
503 2727 642 2782 dare
664 2727 864 2794 vitam,
899 2732 955 2783 et
985 2727 1185 2783 omnia
1226 2727 1472 2795 nutrire,
1505 2745 1621 2782 non
1655 2727 1951 2798 intelligas

297 2831 431 2870 eum
467 2831 500 2870 a
529 2816 720 2887 seipse
749 2816 905 2872 istud
939 2816 1173 2882 habere,
1197 2816 1298 2871 sed
1326 2817 1396 2871 ab
1431 2815 1696 2871 omnium
1730 2815 1950 2887 princi-

298 2904 395 2976 pio
423 2908 481 2960 et
511 2919 708 2960 causa.

912 2993 984 3048 IN
1023 2993 1176 3049 CAP.
1215 2993 1338 3048 VII.

371 3083 475 3151 §I.
510 3082 685 3154 Supra
733 3099 949 3140 omnem
993 3083 1343 3153 sapientiam.
1396 3083 1546 3138 Sunt
1592 3082 1830 3154 quidam
1862 3081 1951 3137 in-

297 3173 778 3244 tempestivorum
805 3171 1286 3243 philosophorum
1312 3172 1410 3242 qui
1437 3173 1660 3237 dicunt,
1687 3171 1734 3227 si
1760 3170 1951 3227 velitis

2049 589 2218 660 νοητὰ
2273 595 2388 653 πῶς
2448 589 2728 666 ἀνατρέψει
2786 590 2850 645 τὸ
2897 591 3029 666 ὑπὲρ
3082 596 3254 645 πᾶσαν
3309 590 3555 661 αἴσθησιν
3607 592 3703 645 καὶ

2049 677 2240 749 νόησιν
2264 697 2278 749 ;

2121 859 2208 925 Τῷ
2256 859 2521 932 προφανεῖ
2575 862 2675 924 τῆς
2735 855 3061 926 αῗσθήσεως.
3112 856 3185 910 Οὐ
3247 858 3381 931 χρὴ,
3427 858 3582 934 φησὶ,
3617 856 3713 912 διὰ

2051 944 2116 998 τὰ
2146 948 2213 1017 τῇ
2247 943 2491 1015 αἰσθήσει
2525 943 2708 1015 ληπτᾶ
2738 945 2979 1000 ἀπιστεῖν
3012 951 3127 1007 τοῖς
3153 946 3276 1020 περὶ
3316 951 3448 1001 Θεοῦ
3493 945 3710 1022 λόγοις,

2009 1045 2016 1048 ’
2055 1034 2113 1094 ὅς
2162 1033 2304 1088 ἐστιν
2348 1035 2382 1101 ἡ
2417 1035 2631 1088 πάντων
2662 1035 2871 1110 ἀφανὴς
2915 1033 3079 1088 αἰτία.
3114 1035 3331 1110 Κυρίως
3381 1035 3482 1110 γὰρ
3534 1035 3711 1090 τοῦτό

2053 1119 2164 1176 ἐστι
2196 1121 2341 1198 παρᾶ
2372 1121 2525 1199 φύσιν
2555 1121 2748 1195 εἰπεῖν,
2783 1123 2844 1177 τὸ
2876 1123 3080 1187 ἀθετεῖν
3113 1123 3180 1178 τὰ
3235 1123 3366 1198 ὑπὲρ
3428 1120 3712 1195 αἴσθησιν,

2056 1207 2145 1265 διὰ
2173 1211 2234 1265 τὸ
2263 1216 2370 1266 τῶν
2404 1212 2677 1282 αἰσθητῶν
2711 1214 3008 1291 προφανές.

2128 1397 2283 1462 §III.
2348 1389 2472 1447 Ei'ts
2519 1388 2776 1466 λογικήν,
2838 1389 2945 1446 εἴτε
3015 1391 3358 1462 αἰσθητικὴν,
3417 1391 3525 1447 εἴτε
3579 1404 3716 1466 θρε-

2058 1483 2282 1551 πτικήν.
2317 1481 2652 1553 Σημείωσαι,
2683 1486 2801 1544 πῶς
2837 1478 3036 1556 διαιρεῖ
3070 1482 3138 1536 τὰ
3190 1483 3310 1556 περὶ
3370 1487 3514 1551 ζωῆς
3578 1485 3714 1554 μεθ-

2059 1573 2217 1634 εκτῆς
2254 1589 2267 1604 ⁸
2303 1575 2445 1640 ζωῆς
2493 1571 2596 1644 γὰρ
2647 1571 2826 1646 ἀρχήν
2883 1592 3069 1648 φησιν,
3102 1573 3219 1625 οἷον
3275 1572 3374 1639 τήν
3433 1572 3712 1644 ἡμετέραν

2059 1661 2268 1732 ψυχὴν,
2300 1660 2390 1714 καὶ
2419 1660 2518 1726 τὴν
2553 1657 2872 1729 αἰσθητικὴν
2919 1656 3000 1714 δέ·
3041 1660 3198 1714 αὗται
3239 1661 3343 1736 γὰρ
3387 1659 3553 1735 ἀρχαί
3607 1661 3714 1715 εἰσι

2064 1751 2206 1817 ζωῆς
2261 1753 2378 1812 τοῖς
2427 1745 2496 1802 δι’
2527 1747 2700 1802 αὐτῶν
2753 1748 3080 1824 ἀρχομένοις
3133 1748 3206 1810 εἰς
3249 1751 3392 1818 ζωὴν
3451 1752 3714 1804 κινεῖσθαι

2061 1837 2276 1909 σώμασι
2311 1856 2324 1869 ⁶
2356 1843 2500 1906 ζωῆς
2530 1834 2588 1892 δὲ
2619 1836 2792 1892 οὐσίαι
2845 1838 2899 1891 αἱ
2951 1837 3144 1906 νοηταὶ
3202 1834 3454 1910 δυνάμεις
3505 1838 3594 1892 καὶ
3654 1840 3716 1892 αἱ

2060 1924 2320 2000 ἡμέτεραι
2354 1925 2526 2001 ψυχαί
2561 1944 2572 1956 ⁸
2608 1926 2705 1994 τὴν
2737 1925 2836 1999 γὰρ
2865 1924 3046 1980 οὐσίαν
3082 1927 3227 1995 ζωὴν
3264 1923 3424 1980 οὖσαν
3459 1923 3715 2001 ἔχουσιν,

2061 2017 2174 2069 οἷον
2207 2011 2344 2084 ὅλην
2377 2013 2496 2068 τινα
2523 2014 2613 2069 καὶ
2647 2015 3028 2086 ὑποκείμενον,
3061 2014 3150 2069 καὶ
3199 2011 3500 2084 αὐτοεῑδος,
3531 2017 3560 2070 δ
3592 2015 3710 2070 έστι

2063 2107 2205 2171 ζωῆς
2250 2103 2597 2176 ὑπάρχουσαν
2634 2099 2766 2156 ’διὸ
2822 2103 2912 2158 καὶ
2973 2107 3168 2172 ζωοῦσι
3226 2104 3292 2158 τὰ
3348 2105 3596 2176 σώματα,
3631 2106 3714 2167 ὡς

2060 2187 2215 2268 ἔφην,
2250 2192 2303 2246 αἱ
2336 2190 2530 2266 ψυχαί.
2561 2197 2620 2249 Ὀ
2649 2190 2739 2245 οὗν
2789 2193 2943 2258 Θεὸς,
2976 2192 3050 2264 ὡς
3101 2192 3272 2256 αἴτιος
3311 2192 3402 2247 καὶ
3446 2192 3714 2265 συμπλη-

2062 2280 2292 2355 ρωτικὸς
2323 2287 2421 2349 τῆς
2457 2284 2600 2349 ζωῆς
2633 2283 2819 2353 ἡμῶν,
2843 2281 2916 2342 ὡς
2941 2280 3203 2358 συνοχεὺς
3235 2281 3325 2336 καὶ
3358 2279 3713 2356 διαιρετικὸς,

2061 2370 2134 2431 ὡς
2179 2369 2274 2430 τὰς
2323 2367 2583 2446 διαφορὰς
2629 2371 2806 2439 πάσης
2861 2375 3004 2439 ζωῆς
3036 2367 3307 2441 διατάξας,
3340 2375 3576 2441 νοητῶν,
3612 2369 3713 2426 λο-

2059 2463 2247 2532 γικῶν,
2291 2457 2642 2529 αἰσθητικῶν,
2675 2458 2978 2528 αὐξητικῶν
3037 2459 3184 2533 ἀρχὴ
3241 2458 3455 2514 πάντων
3515 2457 3659 2514 ἐστίν
3702 2478 3718 2492 ο

2064 2546 2201 2601 ὥστε
2233 2543 2420 2616 ἐπειδή
2473 2544 2582 2603 ἅνω
2640 2547 2755 2602 εἷπε
2798 2547 2887 2602 καὶ
2940 2549 3030 2603 τὸν
3087 2546 3248 2616 ἥλιον
3284 2550 3426 2618 ζωὴν
3481 2544 3723 2614 διδόναι,

2060 2636 2150 2690 καὶ
2184 2637 2396 2714 τρέφειν
2427 2640 2623 2703 πάντα,
2659 2637 2733 2709 μή
2784 2638 3012 2710 νοήσῃς,
3046 2636 3127 2692 ὅτι
3184 2636 3273 2714 ἀφ’
3306 2637 3496 2692 ἑαυτοῦ
3545 2641 3718 2692 τοῦτο

2060 2719 2201 2800 ἔχει,
2233 2724 2358 2780 ἀλλ’
2391 2723 2450 2780 ἐκ
2477 2732 2578 2794 τῆς
2606 2724 2816 2780 πάντων
2849 2725 3032 2802 ἀρχῆς
3061 2725 3150 2780 καὶ
3183 2725 3377 2788 αἰτίας.

2556 2999 2668 3048 ΕΙΣ
2707 2999 2792 3051 ΤΟ
2829 2999 3087 3052 ΚΕΦΑΛ.
3129 3001 3198 3052 Ζ’.

2131 3085 2233 3152 §I.
2265 3083 2434 3156 Ὑπὲρ
2478 3087 2649 3138 πᾶσαν
2704 3085 2920 3160 σοφίαν.
2977 3085 3096 3140 Εἰσί
3159 3105 3300 3148 τινες
3376 3089 3483 3140 τῶν
3559 3085 3722 3140 ἀκαί-

2067 3193 2175 3247 ρων
2209 3170 2522 3249 φιλοσόφων
2555 3171 2834 3246 λέγοντες,
2867 3173 2951 3228 ὅτι
2981 3173 3067 3228 ἐὰν
3105 3173 3378 3247 βούλησθε
3429 3175 3524 3229 τὸν
3578 3175 3718 3229 Θεὸν

301 3243 496 3318 dicere
525 3261 706 3316 Deum
738 3276 1014 3332 superare
1047 3277 1283 3315 omnem
1319 3260 1669 3330 sapientiam
1703 3264 1759 3315 et
1787 3259 1950 3315 intel-

2070 3259 2240 3334 λέγειν
2279 3260 2408 3335 ὑπὲρ
2438 3267 2610 3316 πᾶσαν
2641 3261 2828 3340 σοφίαν
2869 3264 2959 3316 καὶ
3009 3263 3238 3334 σύνεσιν,
3285 3268 3491 3318 ποιεῖτε
3550 3263 3723 3318 αὐτὸν

298 3348 626 3419 ligentiam,
662 3349 850 3405 facitis
895 3348 1090 3420 ipsum
1125 3348 1498 3420 insipientem
1538 3352 1595 3403 et
1627 3347 1954 3404 intellectus

299 3443 618 3510 expertem.
651 3439 734 3494 Ad
757 3455 905 3509 quos
937 3438 1251 3493 dicendum
1288 3455 1300 3492 :
1339 3441 1488 3492 Deus
1520 3440 1718 3492 noster
1747 3441 1835 3491 est
1855 3454 1953 3492 su-

298 3543 404 3598 pra
437 3527 635 3582 omnia
656 3544 782 3599 qua:
814 3527 1227 3599 intelliguntur
1248 3531 1303 3581 et
1327 3531 1494 3593 sunt;
1524 3526 1644 3581 sive
1665 3525 1847 3597 igitur
1867 3544 1954 3581 sa-

299 3618 542 3687 pientia,
575 3621 698 3674 sive
729 3615 1138 3687 intelligentia,
1165 3615 1284 3672 sive
1314 3617 1452 3684 vita,
1487 3615 1607 3671 sive
1635 3615 1956 3670 subsislen-

299 3707 402 3772 tia,
436 3707 556 3763 sive
586 3705 946 3773 exsistentia,
979 3706 1096 3760 sive
1129 3704 1385 3760 essentia
1407 3722 1438 3760 a
1464 3704 1632 3760 nobis
1664 3704 1953 3776 intelliga-

300 3799 413 3866 tur,
447 3801 536 3852 est
567 3813 747 3867 supra
777 3795 897 3850 haec
949 3794 1185 3862 omnia;
1241 3812 1354 3850 non
1388 3795 1540 3865 quod
1575 3793 1720 3849 nihil
1751 3811 1954 3850 eorum

301 3886 610 3956 participat
638 3885 768 3956 (hoc
792 3885 947 3940 enim
973 3885 1328 3951 absurdum;
1356 3883 1649 3954 quomodo
1674 3883 1830 3942 enim
1856 3884 1955 3954 qui

301 3978 390 4028 est
421 3990 613 4027 rerum
671 3978 895 4042 auctor,
946 3990 1187 4028 suorum
1246 3991 1360 4028 non
1413 3978 1568 4028 esset
1600 3972 1956 4044 particeps),

301 4062 402 4115 sed
436 4061 587 4130 quod
621 4062 818 4116 omnia
849 4079 916 4115 cx
956 4078 1021 4115 eo
1067 4062 1371 4132 prodeant,
1405 4065 1462 4116 et
1493 4062 1620 4130 ejus
1654 4061 1957 4130 integrita-

301 4153 417 4205 tem
453 4148 840 4220 participent;
875 4165 1044 4204 omne
1076 4149 1230 4203 enim
1283 4151 1434 4219 quod
1469 4149 1958 4216 communicatur,

301 4237 603 4309 antiquius
653 4241 742 4292 est
791 4236 862 4292 iis
910 4253 1036 4308 quae
1071 4253 1139 4291 ex
1168 4253 1274 4304 eo;

296 4330 678 4395 zelernilas,ct
703 4332 919 4397 tempus
970 4325 1200 4397 proprie
1254 4327 1592 4380 nominatur
1643 4331 1707 4381 ut
1759 4327 1809 4382 is
1859 4323 1956 4397 qui

298 4417 652 4472 (sterilitates
677 4424 730 4471 el
750 4420 1016 4487 tempora
1033 4415 1298 4470 condidit
1326 4431 1338 4481 ;
1373 4415 1458 4470 sic
1489 4415 1668 4486 igitur
1692 4415 1868 4470 etiam
1888 4417 1958 4471 de

297 4505 588 4578 sapientia
617 4509 676 4560 et
706 4505 825 4560 vita
846 4505 1335 4573 dicendum,cum
1371 4521 1596 4572 eorum,
1622 4521 1856 4576 quoque
1880 4504 1958 4559 sit

1328 4254 1508 4308 quare
1556 4243 1611 4292 et
1641 4239 1742 4309 qui
1773 4245 1871 4304 est,
1905 4243 1962 4293 et

2065 3349 2268 3423 ἄσοφον
2325 3349 2412 3404 καὶ
2473 3349 2746 3407 ἀσύνετον.
2805 3351 2950 3426 Πρὸς
3009 3350 3101 3413 οὓς
3155 3350 3412 3406 λεκτέον·
3469 3353 3529 3409 ⁴Ο
3583 3353 3724 3416 Θεὸς

2065 3440 2226 3509 ἡμῶν
2260 3438 2390 3512 ὑπὲρ
2420 3438 2589 3492 πάντα
2636 3439 2704 3493 τὰ
2748 3438 3020 3512 νοούμενα
3066 3440 3155 3495 καὶ
3213 3437 3342 3496 ὅντα
3398 3439 3562 3496 ἐστίν.
3590 3439 3724 3496 Εἴτε

2065 3525 2157 3581 οὖν
2218 3527 2397 3604 σοφία,
2431 3525 2536 3582 εἴτε
2593 3527 2824 3595 σύνεσις,
2877 3525 2984 3582 εἴτε
3043 3529 3180 3597 ζωὴ,
3230 3527 3335 3584 εἴτε
3395 3528 3717 3596 ὑπόστασις,

2067 3613 2171 3670 εἷίτε
2227 3615 2469 3691 ὕπαρξις,
2529 3614 2635 3671 εἴτε
2691 3617 2852 3672 οὐσία
2909 3622 3109 3672 νοεῖται
3169 3619 3296 3693 παρ’
3348 3620 3530 3690 ἡμῶν,
3580 3619 3720 3691 ὑπὲρ

2063 3709 2230 3759 ταῦτα
2255 3705 2429 3759 πάντα
2460 3703 2624 3776 ἐστὶν,
2657 3703 2763 3780 οὐχ
2792 3705 2866 3770 ὡς
2899 3707 2975 3778 μῆ
3014 3707 3262 3781 μετέχων
3301 3706 3476 3761 αὐτῶν
3527 3711 3720 3779 (τοῦτο

2065 3796 2168 3868 γὰρ
2202 3793 2454 3863 ἀνόητον
2491 3793 2517 3847 ὁ
2548 3792 2650 3868 γὰρ
2683 3791 2856 3855 αἶ’τιος
2886 3798 2992 3848 τῶν
3016 3793 3315 3869 γινομένων
3347 3799 3464 3856 πῶς
3497 3794 3560 3849 οὐ
3586 3815 3720 3867 μετ-

2067 3881 2184 3957 έχει
2233 3887 2340 3936 τῶν
2390 3881 2439 3951 ἐξ
2492 3881 2655 3936 αὐτοῦ
2679 3886 2718 3956 ς)
2750 3881 2874 3937 ἀλλ’
2907 3883 2982 3944 ὡς
3027 3888 3132 3938 τῶν
3165 3884 3378 3938 πάντων
3434 3882 3487 3953 ἐξ
3544 3883 3719 3938 αὐτοῦ

2066 3968 2470 4046 προελθόντων,
2501 3969 2588 4024 καὶ
2619 3977 2719 4039 τῆς
2767 3971 2934 4025 αὐτοῦ
2987 3971 3328 4045 μετεχόντων
3387 3970 3660 4042 ὁλότητος
3701 3992 3718 4007 ο

2067 4066 2168 4115 πᾶν
2209 4060 2311 4132 γὰρ
2342 4059 2403 4112 τὸ
2438 4057 2803 4133 μετεχόμενον
2835 4060 3191 4135 ἀρχαιότερόν
3224 4059 3333 4115 ἐστι
3364 4065 3472 4115 τῶν
3519 4060 3570 4130 ἐξ
3618 4061 3723 4114 αὒ-

2065 4153 2182 4204 τοῦ.
2219 4147 2311 4202 Διὸ
2358 4147 2446 4201 καὶ
2484 4144 2577 4216 ὢν,
2610 4149 2698 4202 καὶ
2746 4146 2878 4216 αἰὼν
2927 4149 3150 4224 κυρίως,
3182 4149 3271 4204 καὶ
3330 4150 3529 4224 χρόνος
3590 4149 3722 4205 ὀνο-

2073 4238 2317 4310 μάζεται,
2350 4236 2422 4298 ὡς
2455 4238 2543 4290 καί
2573 4234 2700 4298 τοὺς
2735 4235 2936 4298 αἰῶνας
2969 4237 3058 4291 καὶ
3087 4238 3216 4300 τοὺς
3269 4238 3506 4313 χρόνους
3539 4241 3722 4309 ποιή-

2069 4345 2162 4386 σας
2199 4345 2210 4357 ·
2240 4324 2411 4386 οὕτως
2445 4322 2540 4378 οὖν
2579 4326 2668 4380 καὶ
2727 4324 2814 4380 ἐπὶ
2865 4332 2964 4395 τῆς
3014 4326 3206 4401 σοφίας
3264 4328 3354 4382 καὶ
3410 4334 3511 4396 τῆς
3571 4333 3726 4397 ζωῆς

2070 4413 2310 4485 λεκτέον,
2340 4415 2421 4468 ὅτι
2454 4415 2540 4468 καὶ
2575 4413 2749 4469 αὐτῶν
2780 4414 2890 4469 ἐστι
2922 4412 3260 4491 δημιουργός
3287 4424 3302 4450 ‘
3339 4416 3384 4470 εἰ
3415 4417 3520 4490 γὰρ
3547 4421 3726 4472 ταῦτα

2069 4501 2256 4564 ἄλλως
2286 4499 2434 4577 ἔχειν
2468 4501 2726 4577 εἷ’πωμεν,
2761 4503 3062 4578 εὑρίσκεται
3107 4506 3135 4560 6
3180 4505 3308 4567 Θεὸς
3355 4505 3580 4581 ὕστερον
3618 4527 3723 4561 σο-

299 4595 601 4661 conditor;
635 4593 685 4649 si
717 4593 872 4649 enim
907 4593 1026 4648 haec
1057 4592 1228 4648 aliter
1257 4593 1472 4648 habere
1493 4593 1838 4662 dixerimus,
1866 4593 1950 4646 in-

2070 4591 2275 4666 φισθεῖς
2303 4591 2337 4660 ἢ
2366 4592 2705 4661 συνετισθεὶς,
2738 4591 2871 4668 ὅπερ
2910 4600 3010 4663 τῆς
3069 4593 3246 4649 αὐτῶν
3303 4593 3416 4650 ἐστι
3470 4595 3721 4668 τόλμης,

299 4683 530 4738 venitur
559 4683 712 4739 Deus
736 4687 938 4754 postea
968 4681 1204 4753 sapiens
1234 4686 1291 4736 et
1318 4681 1649 4751 intelligens
1673 4682 1954 4748 evasisse,

301 4772 456 4843 quod
490 4787 690 4827 eorum
723 4770 1072 4826 temeritatis
1121 4775 1233 4836 est,
1268 4787 1379 4825 non
1433 4775 1736 4837 nostrum;
1762 4771 1952 4826 absit!

370 4863 670 4932 Noslrique
697 4861 1047 4932 prxceploris
1074 4860 1174 4915 sol.
1210 4865 1351 4914 Nota
1383 4861 1535 4930 quod
1561 4859 1743 4915 solem
1778 4877 1956 4915 suum

302 4954 358 5004 et
389 4949 577 5005 sancti
609 4949 902 5005 Hierothei
937 4948 1092 5004 dicat
1140 4948 1474 5020 apostolum
1528 4949 1797 5004 Paulum.
1832 4950 1955 5004 Ad-

296 5043 454 5094 verte
485 5043 679 5094 autem
712 5039 1004 5109 quomodo
1032 5039 1197 5093 Pater
1220 5037 1571 5093 intellexerit
1599 5038 1952 5094 sententiam

297 5127 580 5196 Apostoli.
641 5127 1092 5198 Chrysoslomus
1143 5128 1301 5181 enim
1354 5131 1411 5181 et
1456 5125 1661 5196 reliqui
1715 5127 1953 5183 Patrum

297 5215 442 5271 illud
472 5218 542 5271 de
572 5232 742 5271 cruce
769 5215 1200 5270 intellexerunt.

370 5305 547 5357 Etiam
577 5303 819 5358 solemne
851 5307 931 5357 est
962 5304 1249 5373 theologis.
1277 5304 1437 5368 Quod
1473 5303 1690 5358 dicitur
1710 5318 1952 5359 consue-

302 5391 567 5448 tudinem
600 5407 729 5447 esse
760 5389 1048 5462 theologis
1079 5390 1227 5448 185
1264 5391 1628 5464 privationes
1660 5391 1950 5448 contrario

2066 4681 2172 4756 οὐχ
2193 4680 2458 4755 ἡμέτερον
2496 4700 2508 4714 '
2549 4681 2623 4753 μὴ
2657 4682 2909 4756 γένοιτοι

2138 4769 2233 4826 Καὶ
2317 4773 2413 4823 τοῦ
2498 4769 2876 4844 καθηγεμόνος
2959 4769 3142 4839 ἥλιος.
3221 4770 3542 4844 Σημείωσαι
3628 4774 3718 4828 ὅτι

2063 4858 2226 4927 ἥλιον
2276 4858 2465 4913 ἑαυτοῦ
2515 4857 2604 4912 καὶ
2648 4862 2747 4913 τοῦ
2796 4859 2954 4933 ἁγίου
2986 4859 3249 4933 Ἰεροθέου
3279 4861 3372 4916 τὸν
3402 4860 3715 4916 ἀπόστολον

2065 4945 2279 5004 ΙΙαῦλόν
2329 4969 2480 5025 φησι.
2536 4949 2857 5020 Σημείωσαι
2905 4949 2982 5016 δὲ,
3015 4952 3132 5011 πῶς
3184 4944 3374 5004 ἔλαϐεν
3433 4951 3462 5004 6
3524 4952 3715 5026 Πατὴρ

2061 5037 2123 5091 τὸ
2195 5035 2358 5111 ῥητὸν
2429 5040 2526 5091 τοῦ
2585 5035 2975 5092 Ἀποστόλουο
3036 5039 3063 5092 6
3139 5039 3243 5113 γὰρ
3319 5039 3717 5114 Χρυσόστομος

2062 5125 2152 5179 καὶ
2204 5125 2255 5179 οἱ
2301 5124 2490 5180 λοιποὶ
2539 5130 2647 5181 τῶν
2704 5127 2955 5201 Πατέρων
3017 5125 3267 5201 περῖτοῦ
3296 5133 3532 5204 σταυροῦ
3585 5129 3720 5186 αὐτὸ

2063 5209 2282 5270 ἔλαϐον.

2134 5301 2235 5357 Καὶ
2291 5301 2512 5373 σύνηθές
2573 5302 2683 5358 ἐστι
2741 5308 2858 5365 τοῖς
2931 5302 3239 5379 θεολόγοις.
3290 5307 3359 5358 Τὸ
3419 5305 3714 5380 εἰρημένον

2059 5385 2180 5454 ἔθος
2227 5393 2361 5445 εἶναι
2412 5397 2528 5453 τοῖς
2559 5391 2842 5466 θεολόγοις
2874 5392 3178 5457 ἀντιπαθῶς
3210 5397 3251 5431 ⁴¹
3288 5393 3374 5449 ἐπὶ
3428 5399 3564 5450 Θεοῦ
3613 5397 3714 5459 τὰς

1329 5571 1568 5628 VARUE
1598 5572 1980 5629 LECTIONES
2011 5572 2097 5629 ET
2127 5572 2672 5631 CORRECTIONES.

373 5700 415 5735 ⁴¹
450 5695 566 5751 ἀντῖ
598 5695 821 5756 πάθους.
