4024 6200
275 415 362 472 341
984 417 1042 468 S.
1087 415 1360 471 MAXIM!
1408 418 1714 473 SCHOLIA
1753 421 1827 472 IN
1863 421 1999 472 LIB.
2043 421 2138 470 DE
2179 418 2456 471 DIVINIS
2497 418 2912 475 NOMINIBUS.

3550 422 3655 477 3’12

276 545 524 622 περήσεις
552 541 812 621 ἐκφέρειν,
847 541 1020 605 οὕτως
1067 541 1124 597 ἃν
1176 546 1471 618 νοήσαιμεν
1497 562 1510 578 ⁸
1549 545 1880 620 βουλόμενοι

2004 560 2173 600 sensu
2210 547 2279 602 de
2313 547 2424 602 Deo
2465 547 2796 617 enuntiare,
2845 546 2925 602 ita
2972 544 3412 618 intelligamus;
3445 565 3654 622 nempe

273 635 357 710 γάρ
389 633 565 688 ἐκεῖνοι
595 632 654 686 τὸ
687 635 800 708 ιρῶς
847 631 909 686 τὸ
961 633 1106 686 θεῖον
1157 633 1278 688 ὅσον
1341 633 1456 688 οἷόν
1515 654 1572 689 τε
1602 638 1888 708 παριστᾷν,

277 722 347 776 δτι
376 719 810 794 ἀπροσπέλαστον
857 719 947 774 καὶ
999 721 1416 794 ἀκατόπτευτον,
1467 724 1513 794 ᾧ
1557 725 1632 795 μὴ
1669 721 1889 778 δύναται

276 806 576 884 προσϐαλεῖν
621 806 813 880 μηδὲν,
847 811 985 881 μήτε
1033 807 1220 877 όίϋλον,
1267 813 1405 884 μήτε
1455 811 1734 882 αἰσθητὸν,
1764 808 1890 866 σκό-

275 921 354 960 τος
405 898 701 969 ὠνόμασαν,
767 898 840 958 ὡς
898 899 980 963 τὸ,
1051 901 1245 961 ’Έθετο
1321 900 1511 962 σκότος
1571 902 1888 978 ἀποκρυφὴν

277 990 439 1056 αὐτοῦ,
489 989 615 1061 ὅπερ
675 989 703 1042 ὁ
755 989 898 1048 θεῖος
955 987 1294 1050 Ἀπόστολός
1343 1011 1495 1067 φησι,
1558 994 1682 1051 Φῶς
1725 987 1888 1044 οἷ’κῶν

276 1077 536 1151 ἀπρόσιτον
570 1096 583 1109 ·
637 1077 682 1147 ᾧ
725 1076 826 1151 γάρ
883 1074 1051 1148 μηδὲν
1103 1077 1380 1152 πρόσεισιν
1436 1079 1628 1151 ὅμοιόν
1675 1079 1892 1151 ἐστιτῷ

277 1167 341 1238 μὴ
371 1168 554 1242 ὁρῶντι
589 1165 936 1240 ὑπεροχικῶς
972 1165 1168 1239 σκότῳ.
1205 1165 1374 1221 Πάλιν
1410 1166 1618 1243 εἷ’ρηται
1655 1213 1666 1225 .
1701 1170 1892 1232 Ἐθαυ-

275 1257 501 1328 μαστώθη
550 1257 584 1324 ἡ
634 1255 831 1332 γνῶσίς
883 1277 978 1310 σου
1027 1255 1080 1328 ἐξ
1143 1256 1300 1330 ἐμοῦ,
1347 1255 1467 1313 λίαν
1528 1259 1890 1334 ἐκραταιώθη,

274 1345 324 1398 οὗ
369 1342 600 1416 δύνωμαι
650 1344 789 1421 πρὸς
865 1347 1056 1417 αὐτήν.
1122 1350 1325 1422 ’Ὠσπερ
1380 1348 1470 1403 οὖν
1529 1351 1564 1418 ἡ
1615 1348 1890 1419 ἀκατάλη-

271 1453 383 1495 πτος
432 1455 517 1488 και
596 1435 958 1510 ἀπερινόητος
1033 1436 1282 1510 ἀκράτως
1356 1442 1452 1492 τοῦ
1510 1442 1643 1493 Θεοῦ
1699 1443 1893 1513 γνῶσις

275 1522 482 1596 ἀγνωσία
536 1525 918 1593 παρεικάζεται
973 1529 1042 1598 τῇ
1106 1525 1379 1600 ὑπερούσῃ
1436 1532 1608 1581 πᾶσαν
1664 1526 1716 1582 ἐν
1771 1549 1892 1582 κτι-

274 1617 398 1672 στοῖς
425 1617 616 1687 γνῶσιν
645 1633 658 1645 ⁸
691 1615 725 1682 ἡ
760 1613 863 1688 γὰρ
911 1613 1038 1690 περὶ
1087 1614 1217 1669 Θεὸν
1262 1615 1504 1689 ἀγνωσία
1538 1620 1645 1672 τῶν
1675 1617 1797 1694 περὶ
1828 1617 1894 1672 τὰ

274 1700 369 1754 θεῖα
416 1706 586 1776 σοφῶν
649 1701 750 1756 οὑκ
815 1701 955 1757 ἔστιν
999 1703 1223 1776 ἀμαθία,
1285 1701 1432 1759 ἀλλὰ
1485 1709 1702 1781 γνῶσις,
1762 1709 1890 1780 σιγῇ

273 1789 606 1862 γινώσκουσα,
642 1789 726 1845 ὅτι
778 1789 918 1846 ἐστὶν
981 1790 1254 1866 ἄγνωστος
1306 1794 1333 1847 ὁ
1384 1793 1512 1855 Θεός
1547 1815 1558 1827 ·
1593 1793 1765 1857 οὕτως
1799 1793 1888 1850 οῦν

2001 635 2155 704 quod
2189 633 2271 688 illi
2320 635 2582 708 volentes
2631 636 2894 690 divinum
2946 634 3145 690 lumen
3198 641 3483 707 quantum
3518 634 3654 694 licet

2001 729 2441 795 repraesentare,
2499 725 2636 797 quia
2684 725 3050 780 inaccessum
3103 729 3160 778 et
3205 725 3514 795 invisibile,
3559 727 3653 781 cui

2001 813 2146 869 nihil
2181 815 2480 870 intendere
2517 819 2728 885 potest,
2763 830 2949 886 neque
3000 814 3259 868 materiae
3291 831 3515 885 expers,
3553 833 3654 870 nec

2002 903 2238 970 sensile,
2274 903 2586 976 caliginem
2614 903 3013 973 nominarunt,
3039 908 3101 958 ut
3125 902 3268 958 illud
3301 904 3612 976 Scriptura:
3644 922 3655 958 :

2003 996 2191 1048 Posuit
2223 995 2480 1049 tenebras
2529 994 2822 1048 latibulum
2851 1009 3012 1047 suum
3065 993 3185 1063 (r‘),
3236 993 3386 1062 quod
3423 994 3658 1047 divinus

2000 1084 2314 1154 Apostolus
2347 1083 2488 1138 dicit
2524 1099 2536 1136 ε
2573 1085 2768 1138 Lucem
2791 1082 3080 1137 inhabitat
3112 1082 3544 1137 inaccessibilem
3567 1083 3658 1153 (5);

2001 1171 2146 1226 illud
2181 1171 2334 1227 enim
2389 1171 2458 1226 ad
2511 1173 2664 1243 quod
2721 1170 2864 1225 nihil
2917 1170 3160 1236 accedit,
3205 1169 3402 1224 simile
3449 1177 3558 1241 est,
3595 1174 3658 1224 ut

2001 1261 2402 1316 excellentiam
2450 1261 2814 1333 designando
2867 1259 3095 1331 loquar,
3127 1259 3362 1331 caligini
3417 1276 3528 1314 non
3569 1259 3655 1314 vi-

2001 1351 2186 1406 denti.
2220 1353 2435 1406 Iterum
2488 1351 2702 1405 dicitur
2734 1368 2746 1405 :
2781 1350 3056 1404 Mirabilis
3102 1349 3252 1420 facta
3301 1352 3378 1403 est
3423 1351 3656 1403 scientia

1999 1444 2105 1497 tua
2134 1457 2204 1496 ea:
2234 1456 2339 1508 me,
2374 1441 2534 1495 valde
2581 1443 2888 1510 confortata
2918 1447 3014 1505 est,
3047 1454 3149 1493 nec
3188 1439 3345 1509 potui
3383 1437 3457 1491 ad
3485 1453 3604 1492 eam
3635 1453 3657 1492 :

2003 1530 2085 1585 sic
2101 1527 3226 1603 igiturincomprebensibilisetminime
3241 1523 3653 1596 intelligibilis,

2003 1620 2128 1675 sine
2185 1619 2459 1674 mistione
2531 1617 2625 1673 Dei
2687 1617 2963 1689 cognitio,
3022 1615 3362 1688 ignorantia:
3421 1630 3654 1669 omnem

2003 1713 2402 1765 creaturarum
2457 1706 2848 1777 cognitionem
2901 1705 3203 1776 superanti
3255 1703 3653 1770 assimilatur;

2003 1798 2333 1869 ignorantia
2388 1797 2541 1851 enim
2589 1796 2646 1850 in
2692 1794 2904 1850 divinis
2951 1809 3150 1848 eorum
3187 1793 3286 1864 qui
3337 1791 3533 1848 divina
3561 1809 3654 1846 sa-

274 1879 346 1931 καὶ
373 1877 582 1933 κένωσιν
615 1877 847 1934 καλοῦσι
880 1885 974 1934 τοῦ
1021 1885 1158 1936 Θεοῦ
1206 1881 1381 1958 Λόγου
1405 1884 1504 1951 τὴν
1539 1882 1888 1958 ἐνανθρώπη-

2004 1891 2192 1959 piunt,
2229 1903 2340 1940 non
2388 1890 2477 1940 est
2525 1884 2779 1949 inscitia,
2815 1884 2913 1938 sed
2949 1882 3214 1951 scientia,
3262 1899 3389 1954 quae
3421 1880 3653 1936 silentio

274 1988 358 2037 σιν,
396 1969 560 2023 καίτοι
620 1969 812 2040 πλήρη
863 1969 1265 2045 τυγχάνουσαν,
1337 1969 1554 2044 μᾶλλον
1613 1970 1670 2027 δὲ
1729 1974 1888 2047 ὑπερ-

271 2055 432 2130 πλήρη
465 2057 658 2132 σοφίας
687 2059 773 2112 καὶ
808 2055 1086 2131 δυνάμεως
1118 2060 1207 2114 καὶ
1260 2059 1534 2136 σωτηρίας
1568 2080 1580 2092 ·
1611 2061 1755 2116 ἀλλὰ
1795 2063 1883 2117 καὶ

271 2144 509 2208 ἀσθένειαν
538 2151 676 2202 Θεοῦ
705 2147 768 2201 τὸ
800 2145 888 2202 διὰ
931 2152 1162 2222 σταυροῦ
1205 2148 1465 2224 τρόπαιον
1503 2150 1884 2223 ὀνομάζουσιν,

270 2233 557 2303 οἶονέπειδή
602 2235 818 2308 θανάτῳ
863 2237 917 2290 αἱ
963 2237 1197 2311 πονηραὶ
1231 2239 1320 2292 καὶ
1363 2239 1585 2314 ἀόρατοι
1629 2237 1886 2312 δυνάμεις

267 2327 345 2377 τοῦ
394 2319 655 2379 διαϐόλου
708 2324 1105 2397 κατελύθησαν,
1163 2326 1251 2381 καὶ
1305 2328 1418 2382 ἀντὶ
1478 2329 1701 2383 θανάτου
1760 2328 1887 2385 ἀνα-

271 2431 425 2474 στασις
478 2418 687 2488 νεκρῶν
741 2413 830 2468 καὶ
891 2413 1136 2488 βασιλεία
1202 2415 1442 2490 οὐρανῶν
1504 2418 1832 2492 ἀντεισήχθη
1870 2437 1884 2452 ο

267 2503 427 2556 τοῦτον
460 2503 547 2557 οὗν
580 2503 679 2557 τὸν
713 2504 917 2577 τρόπον
968 2503 1056 2558 καὶ
1117 2505 1296 2579 μωρία
1345 2511 1500 2563 Θεοῦ.
1534 2508 1568 2575 ἡ
1597 2513 1767 2561 πᾶσαν
1797 2529 1886 2562 σο-

270 2590 370 2666 φίαν
419 2593 502 2646 καὶ
584 2591 900 2666 ἐπιστήμην
971 2595 1335 2669 ὑπεραίρουσα
1380 2599 1486 2650 τῶν
1565 2596 1886 2670 ἀνθρώπων,

269 2677 448 2741 σᾶνεσις
475 2684 568 2734 τοῦ
623 2685 780 2750 Θεοῦ,
841 2682 1048 2751 Νοήσαι
1107 2679 1165 2736 δὲ
1223 2681 1282 2736 ἄν
1335 2705 1419 2745 τις
1474 2683 1537 2738 τὸ
1569 2682 1886 2758 λεγόμενον,

268 2766 438 2821 ἐννοῶν
490 2769 621 2831 τοὺς
671 2770 777 2824 ἀπὸ
831 2775 939 2824 τῶν
1003 2770 1278 2846 αἷρέσεων,
1336 2773 1452 2845 μεθ’
1499 2773 1573 2826 ὧν
1621 2773 1708 2827 καὶ
1760 2773 1886 2836 τοὺς

264 2853 535 2928 Ἕλληνας,
594 2859 646 2913 οἳ
718 2857 1118 2933 συλλογισμοῖς
1179 2859 1457 2930 αἰσθητοῖς
1507 2859 1886 2916 ἀποδεικνύναι

266 2948 595 3022 φαντάζονται
655 2952 788 3003 Θεοῦ
865 2948 1136 3022 σάρκωσιν
1213 2945 1474 3004 ἀδύνατον
1531 2950 1661 3004 εῖναι
1721 2953 1886 3026 μέχρι

264 3035 464 3090 θανάτου
494 3037 970 3109 οἷκονομηθεῖσαν.
1018 3038 1161 3112 Πρὸς
1203 3036 1294 3100 οὓς
1327 3036 1519 3092 ἐννοῶν
1554 3040 1580 3093 ὁ
1614 3038 1886 3102 θειότατος

265 3123 452 3186 Παῦλος
499 3124 815 3201 ἰλιγγιάσας
885 3122 1177 3200 ἀνέκραγεν
1218 3145 1230 3159 ο
1302 3128 1367 3181 Ὠ
1426 3127 1586 3203 βάθος
1643 3128 1887 3184 πλούτου

263 3212 338 3265 καὶ
391 3213 572 3291 σοφίας
663 3220 819 3284 Θεοῦ,
880 3215 956 3276 ὡς
1033 3215 1416 3291 ἀνεξερεύνητα
1493 3218 1560 3271 τὰ
1644 3217 1886 3292 κρίματα

2001 1975 2300 2048 cognoscit
2347 1974 2529 2030 Deum
2589 1973 2832 2028 minime
2883 1972 3154 2042 cognosci
3203 1987 3394 2042 posse.
3448 1971 3650 2041 Itaque

1999 2066 2098 2120 Dei
2133 2064 2299 2121 Verbi
2334 2069 2550 2117 natura:
2582 2063 2854 2117 humana:
2877 2060 3341 2132 assumptionem
3375 2059 3646 2114 inanitio-

2001 2171 2131 2209 nem
2155 2158 2386 2218 vocant,
2410 2152 2516 2207 etsi
2543 2152 2712 2222 plena
2735 2152 2810 2206 sit
2829 2151 2945 2204 imo
2969 2149 3312 2219 plenissima
3333 2150 3642 2220 sapientia,

1997 2244 2234 2312 virtute,
2261 2259 2325 2297 ac
2349 2241 2573 2307 salute;
2598 2240 2739 2312 quin
2763 2239 2941 2295 etiam
2970 2239 3064 2294 Dei
3087 2239 3488 2294 infirmitatem
3510 2255 3643 2293 cru-

1999 2334 2082 2387 cis
2109 2338 2392 2402 tropaeum
2425 2336 2652 2396 vocant,
2705 2330 2983 2399 quoniam
3034 2326 3202 2381 malae
3234 2333 3292 2382 et
3321 2327 3648 2382 invisibiles

1999 2419 2216 2477 diaboli
2239 2423 2558 2490 potestates
2578 2422 2762 2473 morte
2785 2415 3084 2472 dissolutae
3103 2420 3325 2483 sunt,et
3342 2433 3443 2486 pro
3463 2420 3651 2471 morte

2000 2515 2366 2566 mortuorum
2401 2506 2751 2563 resurrectio
2785 2522 2850 2561 ac
2880 2521 3128 2576 regnum
3161 2505 3438 2560 ccelorum
3469 2504 3649 2560 intro-

1998 2600 2241 2654 ductum
2257 2595 2483 2652 estzboc
2499 2595 2680 2667 igitur
2693 2594 2865 2649 modo
2879 2592 3132 2648 stultitia
3144 2592 3400 2664 Dei,quaa
3415 2609 3649 2647 omnem

1997 2687 2346 2759 sapientiam
2371 2690 2422 2740 et
2444 2683 2745 2740 scientiam
2761 2681 3069 2738 hominum
3091 2685 3350 2751 superat,
3371 2680 3462 2736 Dei
3488 2680 3650 2735 intel-

1998 2775 2239 2848 ligentia
2271 2792 2285 2830 :
2321 2773 2533 2846 poterit
2558 2778 2752 2828 autem
2786 2771 2920 2840 quis
2964 2769 3287 2841 intelligere
3319 2770 3474 2842 quod
3508 2769 3651 2824 dici-

1997 2871 2114 2931 tur,
2165 2865 2212 2920 si
2247 2863 2460 2936 cogitet
2490 2860 2814 2930 haereticos,
2847 2864 2903 2914 et
2933 2875 3066 2914 cum
3100 2858 3218 2912 illis
3249 2859 3518 2928 gentiles,
3549 2859 3649 2930 qui

1998 2953 2262 3012 sensibili
2297 2953 2639 3022 argumento
2673 2953 2882 3020 putant
2917 2949 3342 3012 demonstrare,
3374 2947 3650 3019 impossi-

1999 3043 2113 3099 bile
2144 3057 2274 3098 esse
2308 3040 2405 3096 Dei
2433 3037 2894 3094 incarnationem
2930 3053 3116 3107 usque
3147 3037 3217 3090 ad
3251 3039 3496 3090 mortem
3530 3035 3650 3089 dis-

1999 3136 2302 3204 pensatam
2356 3129 2556 3184 fuisse.
2609 3128 2896 3182 Adversus
2945 3142 3094 3196 quos
3144 3124 3382 3178 divinus
3434 3123 3650 3178 Paulus

1997 3221 2173 3276 veluti
2204 3218 2513 3291 cogitando
2545 3217 2754 3288 capitis
2784 3215 3135 3286 vertiginem
3170 3230 3382 3285 passus
3414 3212 3650 3280 clamat,

266 3299 509 3358 αὖτοῦ.’ῐ”ὸ
538 3303 636 3358 οὗν
689 3304 978 3379 ὑπεραῖρον
1030 3304 1208 3374 πάσῆς
1263 3313 1485 3374 κτιστῆς
1531 3307 1723 3382 σοφίας
1752 3309 1883 3380 μέθ-

2004 3312 2038 3367 0
2065 3285 2305 3366 αιιίιαάὄ
2345 3285 2674 3362 divitiarum
2718 3315 2769 3360 et
2814 3285 3106 3376 sapientia:
3154 3302 3266 3371 Dei,
3299 3319 3462 3373 quam
3492 3304 3650 3358 inin-

266 3386 371 3443 οδον
401 3388 504 3445 ἴσον
537 3393 604 3446 ἂν
635 3390 718 3462 εἴη
751 3398 866 3454 τοῖς
900 3395 964 3448 οὗ
996 3391 1370 3458 θεοδιδάκτοις
1403 3396 1612 3470 μωρίας
1646 3395 1834 3473 λόγοις
1868 3415 1882 3467 ;

271 3479 445 3553 Λόγοις
476 3484 582 3556 γάρ
625 3481 723 3535 οῦκ
753 3481 812 3536 ἂν
862 3481 1241 3556 ἐξομαλισθείη
1277 3483 1311 3553 ἤ
1349 3481 1420 3538 δι’
1448 3485 1718 3554 αἰσθητῶν
1751 3487 1886 3542 ἀπο-

267 3563 449 3638 δείξεων
475 3572 536 3625 τὸ
574 3573 895 3646 μυστήριον,
931 3571 1167 3635 πίστεως
1199 3572 1262 3627 οὐ
1294 3574 1739 3649 προηγουμένης·

317 3836 804 3902 Ἀντιπεπονθότως
913 3838 1000 3894 ἐπὶ
1097 3845 1256 3896 Θεοῦ.
1339 3842 1836 3905 Ἀντιπεπονθότως
1869 3885 1884 3912 ,

259 3931 508 3980 τουτέστιν
590 3929 1050 4004 ἀντιπεριτροπήν
1117 3935 1214 3985 τοῦ
1291 3929 1463 4004 λόγου
1525 3931 1832 4007 πάσχοντος
1868 3949 1881 3964 ⁸

260 4009 335 4066 διὰ
374 4017 471 4088 γὰρ
520 4020 632 4071 τῶν
693 4020 780 4078 εὰς
860 4020 1138 4092 περήσεις
1205 4017 1492 4088 δηλουσῶν
1541 4019 1888 4096 ἀποφάσεων,

258 4103 286 4168 ἡ
315 4104 426 4176 περὶ
456 4109 598 4159 Θεοῦ
632 4107 880 4181 ὑπεροχή
934 4104 1219 4176 δηλοῦται,
1272 4108 1404 4185 ὅπερ
1457 4108 1507 4163 ἐν
1537 4110 1703 4185 ὲτὲρῳ
1729 4106 1886 4163 δόνα-

260 4210 340 4261 μιν
373 4192 706 4269 ὑπεροχικῆς
735 4193 1055 4273 ἀποφάσεως
1085 4195 1289 4272 εἴρηκε.

318 4368 390 4423 Τὸ
445 4369 772 4444 φαινόμενον
832 4370 884 4425 ἐν
942 4372 1080 4444 αὐτῇ
1136 4371 1474 4448 παράλογον.
1525 4375 1620 4428 Καὶ
1677 4374 1777 4450 γὰρ
1824 4375 1888 4430 τὸ

259 4456 376 4510 κατά
401 4460 494 4512 τὸν
528 4461 755 4534 σταυρὸν
805 4461 997 4529 πάθος,
1039 4460 1128 4515 καὶ
1171 4463 1234 4515 τὸ
1284 4459 1458 4536 λέγειν
1494 4464 1622 4517 Θεὸν
1648 4463 1890 4528 παθόντα

264 4546 424 4618 σαρκὶ,
471 4548 560 4602 καὶ
620 4546 935 4624 παράλογον
987 4549 1154 4617 δοκεῖ,
1205 4550 1293 4604 καὶ
1340 4547 1564 4620 όίτοπον,
1625 4550 1758 4627 ὅπερ
1787 4553 1887 4620 τὴν

1998 3398 2343 3470 vestigabilia
2376 3397 2587 3465 iudicia
2635 3397 2749 3467 ejus
2783 3396 2872 3465 (δ’)
2900 3411 2912 3456 ς
2969 3393 3123 3465 quod
3156 3409 3291 3464 ergo
3335 3391 3526 3447 omnis
3558 3408 3650 3446 sa-

1999 3490 2226 3562 pientiaa
2260 3492 2466 3542 creatze
2497 3485 2614 3540 vim
2659 3488 2917 3556 superat,
2953 3482 3245 3553 quomodo
3295 3480 3515 3552 aequale
3542 3481 3652 3536 erit

1997 3579 2259 3634 stultitiae
2289 3575 2478 3630 verbis
2511 3574 2756 3628 minime
2779 3589 2810 3626 a
2833 3572 2949 3626 Deo
2973 3570 3240 3625 edoctis?
3263 3571 3460 3640 Neque
3491 3571 3648 3624 enim

1998 3667 2342 3738 mysterium
2374 3662 2566 3718 verbis
2597 3667 2696 3716 aut
2729 3658 3226 3715 demonstratione
3257 3656 3522 3712 sensibili
3551 3673 3646 3711 ex-

1998 3755 2198 3829 plicari
2235 3756 2431 3824 queat,
2467 3750 2580 3804 nisi
2616 3750 2758 3804 fides
2788 3747 3094 3820 precedat.

2069 3842 2362 3898 Contrario
2393 3856 2579 3906 sensu,
2621 3838 2718 3892 Gr.
2752 3831 3243 3898 ἀντιπεπονθότως,
3279 3835 3335 3887 in
3368 3833 3492 3888 Deo.
3528 3831 3646 3888 Ἀν.

1995 3928 2419 3998 τιπεπονθρτως,
2453 3929 2510 3982 id
2544 3931 2629 3982 est
2679 3941 2948 3981 sermone
2996 3922 3481 3996 signiﬁcationem
3514 3937 3644 3977 con-

1997 4023 2235 4080 trariam
2282 4019 2572 4084 habente;
2621 4013 3035 4086 negationibus
3086 4011 3242 4066 enim
3294 4012 3647 4083 privationes

1997 4108 2461 4172 declarantibus,
2494 4102 2835 4160 excellentia
2875 4100 3230 4167 declaratur,
3263 4099 3417 4171 quod
3447 4099 3559 4156 alio
3587 4099 3649 4154 in

1996 4201 2123 4256 loco
2180 4198 2461 4253 virtutem
2520 4190 2848 4265 negationis
2895 4205 3201 4248 excessum
3260 4188 3651 4260 signiﬁcantis

1999 4289 2164 4345 dixit.

2074 4378 2132 4433 Id
2165 4377 2314 4448 quod
2366 4374 2427 4429 in
2479 4389 2544 4430 ea
2590 4371 2799 4426 rationi
2845 4370 3190 4426 contrarium
3239 4367 3468 4422 videtur.
3503 4366 3649 4420 Nam

2002 4469 2121 4541 pati
2153 4467 2210 4521 in
2244 4479 2436 4532 cruce,
2471 4467 2527 4518 et
2560 4476 2820 4517 asserere
2869 4459 3051 4513 Deum
3093 4457 3148 4511 in
3181 4472 3354 4512 carne
3385 4471 3651 4526 passum,

2001 4555 2209 4612 rationi
2244 4551 2602 4609 contrarium
2649 4554 2822 4620 atque
2854 4547 3173 4603 absurdum
3215 4545 3463 4607 videtur,
3497 4543 3650 4620 ’18ςῦ

261 4615 412 4695 ὄντως
445 4634 648 4706 ἐδήλου
679 4615 962 4707 ἀλήθεῖαν,
1015 4615 1379 4711 [Σημείωσαι]
1419 4644 1535 4701 πῶς
1551 4615 1680 4694 ’νοεῖ
1789 4615 1888 4694 Πα-

2004 4645 2153 4719 quod
2201 4660 2261 4698 re
2312 4641 2440 4712 ipsa
2480 4641 2670 4712 ipsam
2722 4615 3053 4692 declarabat
3100 4615 3649 4719 veritatem.[Nota,

258 4721 349 4795 τῆρ
378 4724 438 4777 τὸ
474 4729 572 4779 τοῦ
619 4720 963 4782 Ἀποστόλου
1021 4725 1184 4801 ῥητόν
1217 4745 1230 4759 ·
1288 4728 1316 4782 ὁ
1369 4727 1470 4804 γὰρ
1501 4729 1888 4802 Χρυσόστομος

258 4811 338 4862 καὶ
369 4813 417 4864 οἱ
449 4811 640 4868 λοιποὶ
682 4818 788 4868 τῶν
841 4813 1092 4887 Πατὲρων
1143 4814 1266 4890 περὶ
1315 4819 1412 4869 τοῦ
1465 4821 1696 4890 σταυροῦ
1726 4822 1888 4872 τοῦτο

262 4893 549 4974 ὶξὲλαϐον.]

321 4987 746 5062 Ἒνειλοῦμενοι.
809 4993 894 5048 Ἐν
948 4990 1145 5054 ἄλλοϊς
1195 4991 1566 5066 ἒνιλλόμενοι,
1617 4995 1891 5050 τούτὲστιν

260 5071 696 5156 ἐπιστρεφόμενοι
729 5083 797 5147 ⁸³,
847 5079 1354 5155 ἐγκαλινδούμενοι.
1415 5083 1656 5138 Δείκνυσι
1711 5082 1769 5138 δὲ
1808 5083 1897 5138 διὰ

255 5163 476 5240 τούτων,
509 5168 591 5224 ὅτι
618 5168 680 5223 οὐ
714 5166 796 5223 δεῖ
822 5171 888 5224 τά
918 5171 1036 5224 θεῖα
1075 5175 1192 5232 τοῖς
1223 5171 1585 5246 ἀνθρωπίνοις
1613 5168 1897 5248 παραϐάλ-

259 5248 388 5311 λειν.

327 5451 426 5524 (ν’)
457 5455 610 5512 Psal.
645 5473 784 5528 xvn,
819 5456 906 5513 12.
987 5457 1055 5530 (δ)
1087 5460 1107 5513 Ι
1139 5457 1286 5514 Tim.
1318 5474 1394 5528 v1,
1427 5459 1512 5514 16.

2001 4717 2294 4804 quomodo
2340 4727 2433 4781 bic
2464 4730 2635 4780 Pater
2681 4724 2902 4778 dictum
2953 4721 3098 4776 illud
3152 4717 3404 4790 Apostoli
3437 4717 3652 4772 intelli-

2001 4826 2144 4894 gat:
2180 4834 2314 4873 nam
2369 4815 2844 4884 Cbrysostomus,
2892 4826 2958 4866 ac
3003 4808 3213 4880 reliqui
3263 4807 3462 4862 Patres
3494 4807 3650 4861 istud

2003 4911 2074 4965 de
2103 4924 2273 4965 cruce
2307 4901 2699 4975 acceperunt.]

2083 4998 2438 5060 Inha‘rentes,
2474 4993 2570 5048 Gr.
2608 4989 2999 5059 ἐνειλούμενοι.
3027 4986 3150 5040 Alia
3180 4983 3533 5055 exemplaria
3558 4984 3658 5038 ba-

2008 5089 2148 5142 bent
2180 5081 2554 5154 ἐνιλλόμενοι,
2590 5080 2645 5134 id
2679 5082 2767 5133 est
2811 5075 3095 5143 conversi,
3125 5074 3392 5128 involuti.
3425 5074 3527 5127 His
3554 5090 3656 5128 au-

2009 5183 2125 5232 tem
2159 5173 2416 5230 ostendit
2465 5169 2662 5225 divina
2694 5184 2808 5222 non
2858 5179 2986 5220 esse
3017 5180 3149 5218 cum
3195 5163 3476 5218 humanis
3507 5179 3659 5218 com-

2010 5264 2292 5338 paranda.

1591 5459 1679 5532 (δ’)
1711 5460 1872 5517 Rom.
1899 5477 1978 5532 XI,
2011 5459 2129 5530 33).

1253 5635 1495 5694 νΑΒΙιΕ
1549 5639 1935 5698 LECTIONES
1981 5639 2071 5694 ET
2116 5631 2664 5693 CORBECTIONES.

329 5748 373 5783 ⁸³
403 5745 838 5829 ἐνστρεφόμινοι.
