4024 6200
280 353 385 408 343

1105 358 1471 415 APPENDIX
1507 361 1604 415 AD
1640 359 1882 416 OPERA
1917 360 1977 414 Β.
2017 357 2330 418 DIONYSII
2371 360 2870 420 AREOPAGITE.

3589 359 3698 416 344

357 477 472 534 Vim
501 477 720 543 quidem
769 479 985 537 habere.
1037 480 1305 537 Diximus
1357 499 1590 555 quoque
1636 481 1932 556 superius,

2120 482 2235 552 Τὴν
2295 484 2388 555 μὲν
2449 479 2595 559 ἔχειν
2652 481 2902 556 δύναμιν.
2966 482 3065 538 Καὶ
3123 481 3378 558 ἀνωτέρω
3445 480 3700 556 εἶ’πομεν,

281 572 536 623 mentem
568 568 897 640 intelligere
929 569 1216 626 volentem
1250 572 1506 643 seipsam
1541 573 1759 640 subire,
1794 573 1938 628 dum

281 657 352 711 ad
382 656 809 714 intellectiones
841 661 1146 716 descendit
1173 679 1186 729 ;
1220 660 1646 718 intellectiones
1668 663 1824 718 enim
1848 662 1937 717 in-

280 745 520 802 feriores
551 756 687 803 sunt
737 749 1124 821 intelligente,
1171 756 1234 805 ut
1265 768 1394 821 qua:
1445 751 1852 823 intelligantur
1881 755 1940 807 et

283 836 879 910 comprehendantur,
932 845 1106 910 atque
1157 841 1362 895 merito
1417 841 1700 896 unitionis
1753 839 1939 911 ipsius

280 926 496 980 mentis
529 928 822 998 separatio
875 946 938 983 ac
977 929 1228 996 divisio;
1281 929 1618 986 intellectus
1665 929 1820 985 enim
1854 933 1941 984 est

282 1015 528 1086 simplex
559 1021 614 1070 et
637 1017 895 1087 partium
919 1035 1162 1088 expers;
1199 1019 1626 1076 intellectiones
1647 1037 1779 1074 vero
1803 1023 1942 1075 sunt

281 1101 342 1158 in
364 1105 614 1159 maxima
636 1106 804 1177 copia
824 1112 882 1161 et
902 1108 1159 1180 separari
1182 1114 1431 1180 queunt,
1453 1127 1519 1164 ac
1541 1109 1718 1164 veluti
1742 1108 1938 1164 formae

283 1209 349 1247 ac
381 1193 602 1263 species
638 1193 1006 1264 intellectus;
1042 1196 1170 1252 ideo
1201 1197 1266 1250 τὰ
1297 1196 1479 1272 νοερά,
1514 1199 1568 1254 id
1603 1204 1688 1254 est
1717 1215 1782 1254 ea
1814 1215 1938 1269 qua:

281 1280 640 1352 intelligunt,
696 1283 972 1340 inferiora
1026 1292 1166 1341 sunt
1211 1290 1317 1339 τῶν
1369 1291 1602 1356 νοητῶν,
1635 1289 1690 1343 id
1737 1294 1826 1343 est
1869 1287 1940 1342 iis

281 1387 408 1441 quae
442 1371 874 1443 intelliguntur.
925 1380 1104 1431 Porro
1159 1377 1372 1432 mentis
1408 1377 1754 1443 unitionem,
1789 1377 1944 1432 sicut

280 1459 557 1531 deinceps
589 1461 806 1518 clarius
838 1463 1002 1533 dicit,
1021 1469 1207 1534 vocat,
1235 1482 1335 1536 per
1367 1482 1542 1536 quam
1578 1467 1648 1520 ad
1682 1482 1744 1521 se
1771 1482 1942 1536 supe-

281 1546 437 1603 riora
461 1547 738 1614 elevatur,
762 1568 866 1606 seu
889 1551 1100 1608 divinae
1127 1553 1609 1624 contemplationi
1630 1553 1940 1624 incumbit,

284 1652 344 1692 se
378 1654 410 1690 a
440 1638 761 1695 sensilibus
791 1646 846 1695 et
877 1640 1379 1713 intelligibilibus,
1411 1643 1530 1698 imo
1563 1648 1618 1698 et
1647 1661 1680 1697 a
1707 1644 1943 1715 propria

285 1725 566 1795 motione,
609 1730 929 1796 avocando,
979 1730 1181 1802 sicque
1215 1731 1446 1786 radium
1502 1731 1707 1788 divinaa
1739 1731 1943 1804 cogni-

284 1814 462 1870 tionis
497 1816 893 1888 suscipiendo.

355 1904 507 1958 Hanc
535 1922 660 1975 ergo
691 1907 926 1963 rationis
953 1914 1255 1979 expertem.
1277 1909 1525 1965 Maxime
1544 1909 1638 1964 hic
1667 1909 1946 1982 declarat,

293 1995 584 2061 quomodo
616 1995 867 2052 stultitia
911 1997 1013 2053 Dei
1047 1998 1123 2053 sit
1153 1999 1594 2070 sapientissime.
1623 2000 1681 2054 in
1715 1999 1826 2055 Deo
1859 1999 1946 2055 in-

291 2083 952 2153 eumprehensibilitatis
1011 2087 1354 2159 magnitudo
1405 2106 1417 2144 :
1472 2088 1552 2143 ait
1606 2087 1786 2158 enim,
1841 2106 1948 2144 nos

290 2171 488 2226 sensili
519 2172 942 2246 circumseptos
966 2194 1229 2248 corpore,
1257 2177 1355 2232 Dei
1387 2177 1946 2234 immaterialitatem

286 2261 446 2314 verbi
477 2265 667 2334 gratia
721 2269 777 2319 et
825 2265 1494 2334 superessentialitatem
1547 2268 1946 2323 examinantes

287 2365 500 2416 errare,
537 2353 678 2406 dum
712 2351 809 2407 illa
839 2371 908 2408 ex
950 2354 1273 2413 iensilibus
1324 2356 1744 2425 ponderamus,
1768 2355 1946 2412 veluti

231 2447 233 2458 ‘
287 2438 386 2510 qui
420 2440 892 2510 praedicationem
926 2443 997 2496 de
1028 2443 1154 2498 sola
1185 2444 1485 2500 adoranda
1507 2445 1791 2500 Trinitate
1823 2461 1946 2517 per-

286 2533 610 2599 currentes,
644 2545 708 2585 ac
739 2529 906 2585 illum
941 2532 1012 2586 de
1042 2531 1160 2587 Deo
1210 2549 1566 2603 sermonem,
1598 2534 1700 2604 qui
1733 2535 1948 2590 asserit

286 2634 410 2673 eam
447 2617 504 2672 in
535 2617 726 2674 tribus
774 2620 1182 2676 subsistentiis
1233 2621 1547 2678 indivisam
1582 2627 1634 2678 et
1669 2624 1945 2678 indistin-

287 2711 464 2773 ctam,
499 2706 826 2774 audientes,
860 2710 1062 2764 statim
1114 2711 1530 2781 obtupescunt,
1565 2717 1785 2766 naturae
1819 2729 1945 2767 cor-

288 2812 497 2867 porum
532 2795 903 2864 inhazrentes,
933 2815 1056 2868 qua
1091 2799 1214 2854 loco
1239 2805 1296 2854 et
1324 2799 1626 2855 inlervallo
1659 2801 1946 2872 indigent,

288 2883 547 2940 dicentes
579 2902 592 2940 :
629 2887 928 2952 Quomodo
963 2887 1084 2942 ﬁeri
1114 2891 1324 2958 potest,
1362 2891 1425 2943 ut
1468 2892 1586 2943 tres
1619 2889 1946 2944 subsisten-

288 2971 381 3026 tiae
413 2972 472 3026 in
522 2973 734 3045 seipsis
783 2975 902 3030 sint
951 2980 1008 3030 et
1055 2976 1409 3031 indistincte
1461 2977 1624 3032 sint?
1677 2977 1948 3034 nesciunt

289 3060 444 3116 enim
478 3061 824 3119 stultescere
875 3064 933 3118 in
981 3065 1318 3130 sensilibus,
1353 3071 1417 3120 ut
1446 3065 1503 3121 in
1537 3065 1750 3120 divinis
1784 3065 1947 3122 insti-

289 3153 568 3219 tuantur;
603 3155 860 3223 suntque
891 3152 1005 3207 alia
1027 3153 1261 3209 infinita
1293 3155 1534 3223 similia,
1568 3156 1637 3209 ad
1673 3172 1820 3226 quos
1846 3160 1947 3210 Do-

288 3237 488 3293 minus
519 3256 851 3296 sermonem
903 3241 1084 3296 istum
1137 3243 1396 3297 extendit
1428 3261 1441 3298 :
1475 3243 1537 3298 Si
1564 3249 1791 3299 terrena
1820 3243 1944 3298 dixi
1974 3227 2016 3293 C

286 3327 438 3383 vobis
467 3337 519 3384 et
566 3345 676 3385 non
705 3329 950 3396 creditis,
984 3331 1267 3402 quomodo,
1298 3333 1348 3387 si
1385 3331 1576 3388 dixero
1607 3333 1758 3388 vobis
1787 3333 1945 3388 ecete-

289 3417 416 3483 stia,
451 3419 684 3474 credetis
715 3419 778 3491 (t)
801 3420 828 3474 ‘2
875 3424 931 3475 et
961 3420 1196 3476 divinus
1249 3421 1465 3477 Paulus
1513 3421 1594 3477 ait
1627 3440 1639 3478 :
1673 3423 1948 3490 Animatis

287 3507 445 3564 homo
466 3525 576 3564 non
595 3509 830 3580 percipit
850 3527 912 3565 ea
933 3527 1052 3582 qum
1074 3515 1203 3564 sunt
1220 3510 1456 3582 spiritus
1477 3511 1555 3581 (ιι)
1582 3529 1595 3578 ;
1629 3517 1767 3567 sunt
1789 3514 1945 3568 enim

288 3594 373 3650 illi
407 3595 656 3652 sultitia.
683 3596 776 3652 Sic
801 3597 981 3669 igitur
1011 3597 1341 3670 spiritualia
1364 3615 1490 3670 quae
1520 3600 1943 3671 persequenda,

289 3689 427 3741 sunt
458 3685 713 3740 stultitia
748 3686 844 3741 Dei
875 3688 1027 3758 apud
1053 3687 1322 3742 homines
1351 3713 1365 3754 ;
1400 3687 1644 3743 stultam
1676 3688 1832 3744 enim
1856 3707 1946 3744 sa-

287 3773 565 3846 pientiam
600 3774 768 3844 dixit,
817 3775 972 3846 quod
1007 3775 1170 3829 nulla
1220 3774 1506 3846 sapientia
1554 3777 1626 3830 ad
1660 3793 1786 3832 eam
1821 3793 1945 3848 per-

288 3864 513 3935 tingere
544 3865 732 3935 possit
765 3880 778 3918 :
815 3865 897 3920 sic
945 3864 1123 3934 igitur
1172 3864 1415 3919 rationis
1450 3865 1595 3919 187
1635 3883 1699 3920 ac
1730 3867 1942 3921 mentis

289 3955 581 4020 expertem
636 3952 878 4022 vocavit,
941 3954 1095 4025 quod
1148 3953 1372 4009 ratione
1420 3959 1519 4010 aut
1572 3959 1764 4010 mente
1814 3972 1941 4026 quas

288 4038 481 4109 ipsam
513 4045 763 4110 exponat
793 4058 896 4096 seu
927 4041 1406 4114 comprehendat,
1439 4048 1652 4099 careat.

359 4129 386 4194 §
418 4127 486 4181 ΙΙ.
519 4127 601 4181 Ex
627 4144 688 4182 ea
715 4129 1084 4186 intellectiles.
1120 4135 1261 4185 Nota
1292 4131 1465 4186 etiam
1501 4131 1557 4185 in
1600 4131 1731 4187 aliis
1766 4131 1940 4187 intel-

288 4215 536 4286 ligibiles
568 4222 624 4272 et
664 4217 1060 4291 intelligentes
1109 4235 1237 4275 esse
1290 4220 1614 4286 facultates,
1649 4225 1705 4276 et
1737 4222 1942 4276 merito

286 4305 503 4360 suntin
527 4322 590 4362 se
613 4305 1012 4378 intelligibiles
1029 4325 1092 4362 ac
1110 4307 1684 4379 intelligentes,sicut
1706 4308 1942 4364 ordines

286 4411 352 4449 su
364 4394 1046 4467 periores,inlelligibiles
1063 4396 1298 4468 quidem
1319 4401 1608 4468 quatenus
1628 4398 1698 4452 ab
1715 4399 1945 4452 inferio-

286 4484 451 4538 ribus
473 4484 913 4556 intelliguntur;
941 4485 1335 4555 intelligentes
1359 4490 1550 4540 autem
1570 4491 1864 4556 quatenus
1886 4492 1942 4542 et

287 4573 547 4644 supremi
572 4579 730 4643 sunt,
755 4578 811 4628 et
834 4573 1042 4643 Deum,
1069 4573 1166 4644 qui
1191 4579 1278 4628 est
1300 4591 1474 4646 super
1496 4575 1714 4643 omnia,
1732 4575 1939 4631 intelli-
1974 4599 2018 4663 Β

285 4678 420 4733 gere
451 4667 733 4732 quantum
755 4661 891 4716 licet
915 4663 1298 4726 contendunt,
1327 4680 1578 4734 superne
1600 4665 1833 4734 quidem
1862 4665 1944 4720 in-

283 4750 855 4817 tellectionenntriti,
872 4767 971 4807 eos
993 4755 1190 4806 autem
1213 4752 1312 4823 qui
1335 4753 1590 4809 demisse
1613 4753 1947 4827 intelligunt

285 4840 633 4896 nutrientes.
669 4840 889 4895 NOSU‘ZB
914 4839 1068 4894 enim
1101 4841 1306 4895 anima:
1341 4847 1481 4897 sunt
1513 4848 1744 4898 tantum
1777 4843 1946 4898 intel-

281 4927 570 5001 ligentes;
605 4947 739 4992 nam
773 4929 1025 4985 scienter
1055 4935 1343 5001 quantum
1371 4938 1618 5004 possunt
1640 4933 1943 5002 superiora

279 5017 690 5090 intelligentes,
714 5037 828 5082 non
855 5019 1072 5075 habent
1091 5019 1322 5091 aliquod
1351 5025 1476 5092 post
1503 5037 1560 5077 se
1583 5021 1937 5092 intelligens,

280 5110 344 5160 ut
389 5106 565 5161 etiam
616 5107 1057 5180 intelligantur;
1120 5109 1319 5165 anima
1369 5110 1526 5164 enim
1579 5109 1821 5165 rationis
1871 5126 1936 5165 ac

279 5195 488 5250 mentis
519 5211 744 5268 expers,
779 5202 910 5269 post
940 5214 1047 5254 nos
1079 5202 1169 5254 est
1197 5224 1209 5267 ;
1244 5203 1302 5254 at
1334 5198 1758 5254 intellectiones
1790 5197 1932 5254 divi-

349 5360 413 5432 (t)
444 5365 612 5418 Joan.
646 5379 730 5432 ιιι,
759 5365 845 5419 12.
925 5367 1001 5439 (u)
1035 5367 1056 5421 Ι
1086 5366 1212 5424 Cor.
1248 5383 1314 5439 ιι,
1347 5367 1432 5422 14.

2048 571 2154 637 δτι,
2187 571 2213 624 6
2245 576 2368 634 νοῦς
2389 578 2530 626 νοεῖν
2583 572 2946 648 βουλόμενος,
2992 574 3230 627 κάτεισιν
3269 572 3463 626 ἑαυτοῦ
3496 571 3572 635 εἰς
3601 573 3701 634 τὰς

2047 661 2259 729 νοήσεις
2295 656 2630 715 καταϐαίνων
2663 679 2674 692 ⁶
2727 662 2783 715 αἱ
2825 663 2926 738 γάρ
2979 668 3194 730 νοήσεις
3243 661 3541 735 κατώτεραί
3594 660 3702 714 εἰσι

2045 753 2142 802 τοῦ
2187 753 2464 821 νοοῦντος,
2523 750 2597 812 ὠς
2646 749 2932 824 νοούμεναι
2979 751 3069 804 καὶ
3116 744 3701 821 καταλαμϐανόμεναι,

2047 835 2135 890 καὶ
2183 835 2481 910 σκεδασμὸς
2531 837 2757 901 εἰκότως
2813 840 2900 893 καὶ
2954 840 3221 912 μερισμὸς
3277 845 3376 907 τῆς
3437 838 3704 908 ἑνότητος

2045 929 2144 979 τοῦ
2176 929 2272 980 νοῦ
2299 925 2462 980 αὑτοῦ
2496 945 2508 956 '
2540 927 2568 980 6
2615 928 2709 1000 μὶν
2757 927 2857 1003 γὰρ
2905 931 3030 988 νοῦς
3075 927 3284 989 ἁπλοῦς
3315 927 3404 981 καὶ
3437 928 3650 1001 ἀμερής
3687 944 3701 956 °

2049 1015 2103 1068 ui
2159 1011 2215 1068 δὲ
2261 1017 2470 1084 νοήσεις
2521 1014 2878 1088 παμπληθεῖς
2933 1017 3022 1070 καὶ
3078 1013 3383 1088 σκεδασταὶ,
3440 1015 3528 1070 καὶ
3580 1019 3703 1070 οἷον

2052 1100 2167 1173 εἷ’δη
2202 1108 2298 1157 τοῦ
2319 1109 2414 1158 νοῦ
2448 1122 2460 1136 ·
2495 1102 2584 1158 διὰ
2611 1109 2771 1158 τοῦτο
2800 1104 2866 1158 τά
2895 1105 3074 1179 νοερά,
3098 1105 3428 1160 τουτέστιτά
3448 1109 3705 1172 νοοῦντα,

2053 1193 2313 1249 ἐλάττονά
2344 1194 2445 1249 εἶσι
2476 1196 2581 1249 τῶν
2633 1200 2866 1265 νοητῶν,
2916 1195 3032 1250 ἀντὶ
3071 1199 3189 1264 τοῦ,
3218 1201 3326 1250 τῶν
3360 1195 3704 1269 νοουμένων.

2050 1286 2276 1338 ’Ἐνωσιν
2312 1281 2368 1338 δέ
2416 1305 2548 1361 φησι
2586 1289 2683 1339 τοῦ
2725 1289 2843 1352 νοῦ,
2887 1284 3066 1348 καθὼς
3117 1283 3166 1338 ἐν
3215 1289 3331 1346 τοῖς
3379 1285 3500 1355 ἑξῆς
3534 1283 3708 1360 σαφέ-

2053 1377 2232 1446 στῖρον
2267 1371 2432 1448 λέγει,
2480 1369 2550 1427 δι’
2596 1375 2662 1442 ἧς
2699 1373 2834 1448 πρὸς
2879 1375 2945 1428 τά
2987 1372 3233 1428 ἐπέκεινα
3276 1373 3466 1429 ἑαυτοῦ
3495 1373 3709 1428 ἀνατεί-

2052 1481 2219 1533 νεται,
2274 1459 2442 1536 ἤγουν
2491 1465 2560 1535 τῇ
2609 1462 2732 1538 περὶ
2774 1462 2906 1516 Θεοῦ
2953 1457 3294 1538 προσϐάλλει
3346 1463 3569 1536 θεωρίᾳ,
3619 1466 3708 1534 τῷ

2053 1551 2268 1604 πάντων
2302 1549 2552 1620 ἐκστῆναι
2601 1555 2709 1604 τῶν
2764 1549 3032 1620 αἶ’σθητῶν
3083 1551 3308 1605 καὶτῶν
3353 1554 3586 1623 νοητῶν,
3617 1545 3703 1604 ἔτι

2055 1636 2111 1693 δὲ
2159 1638 2248 1693 καὶ
2301 1645 2401 1708 τῆς
2458 1637 2660 1702 οῗκείας
2712 1641 2995 1710 κινήσεως,
3058 1640 3154 1694 εἶθ’
3209 1637 3350 1694 οῦτω
3397 1647 3496 1708 τῆς
3556 1639 3708 1700 θείας

2053 1729 2306 1803 γνώσεως
2341 1725 2583 1798 δέξασθαι
2613 1729 2712 1798 τὴν
2745 1728 2952 1784 ἀκτῖνα.

2129 1906 2340 1976 Ταύτην
2383 1907 2474 1960 οῦν
2528 1908 2627 1976 τὴν
2681 1904 2908 1980 ἄλογον.
2973 1907 3230 1962 Ἐνταῦθα
3289 1907 3525 1978 μάλιστα
3569 1927 3708 1982 τρα-

2055 2000 2162 2066 νοῖ,
2213 2000 2329 2057 πῶς
2380 1995 2562 2070 μωρία
2607 2000 2703 2049 τοῦ
2747 1999 2901 2068 Θεοῦ,
2949 1995 3013 2049 τὸ
3063 1995 3366 2071 ὑπέρσοφον
3424 2002 3522 2064 τῆς
3570 1997 3706 2070 περὶ

2057 2088 2189 2138 Θεοῦ
2218 2082 2595 2156 ἀκαταληψίας
2629 2083 2848 2160 μέγεθος
2884 2103 2896 2115 ·
2939 2083 3070 2162 φησῖ
3100 2085 3204 2160 γάρ
3237 2084 3318 2140 ὅτι
3350 2090 3429 2157 τῷ
3461 2085 3712 2158 αἰσθητῷ

2055 2172 2584 2248 περικεκλεισμένοι,
2615 2173 2676 2227 τὸ
2725 2173 2848 2249 περὶ
2894 2172 3086 2235 άϋλίας
3127 2173 3215 2228 καὶ
3249 2175 3715 2249 ὑπερουσιὸτητος

2058 2264 2183 2340 φέρε
2215 2262 2381 2317 εἰπεῖν
2431 2266 2528 2316 τοῦ
2578 2267 2711 2317 Θεοῦ
2757 2261 3192 2332 κατεξεταζοντες
3240 2259 3443 2337 δόγμα,
3481 2262 3716 2318 πλανώ-

2061 2353 2215 2424 μεθα,
2275 2351 2334 2405 ἐκ
2388 2356 2496 2406 τῶν
2551 2351 2820 2422 αἶσΟητῶν
2872 2350 3048 2406 ἐκεῖνα
3106 2353 3537 2424 σταθμώμενοι·
3592 2353 3711 2408 οἷον

2053 2439 2116 2493 τὸ
2165 2440 2288 2513 περὶ
2336 2437 2561 2511 Τριάδος
2610 2446 2710 2508 τῆς
2763 2439 2936 2512 μόνης
2979 2447 3376 2515 προσκυνητῆς
3425 2437 3718 2510 διεξιόντες

2055 2530 2331 2602 κήρυγμα,
2381 2529 2470 2583 καὶ
2516 2527 2941 2603 τρισυπὸστατον
2996 2527 3286 2601 ἀμέριστον
3337 2528 3426 2583 καὶ
3459 2525 3712 2602 ἀδιαίρεο

2055 2638 2145 2671 τον
2179 2617 2465 2679 ἀκούοντές
2518 2638 2658 2678 τινες
2709 2614 3019 2691 θεολογίαν,
3066 2615 3220 2680 εὐθὺς
3266 2613 3596 2692 ἷλιγγιῶσιν,
3625 2617 3711 2678 εἲς

2055 2707 2121 2759 τὰ
2145 2707 2371 2778 σώματα
2400 2705 2784 2782 προσέχοντες,
2829 2706 2919 2760 καὶ
2962 2705 3133 2759 τόπου
3179 2702 3429 2778 δεόμενα,
3459 2705 3548 2760 καὶ
3583 2701 3708 2760 δια-

2057 2793 2371 2866 στημάτων,
2415 2792 2687 2864 λέγοντες,
2741 2797 2863 2858 ΙΙῶς
2919 2793 3034 2849 οἷόν
3077 2815 3136 2849 τε
3180 2799 3324 2867 τρεῖς
3383 2794 3713 2856 ὑποστάσεις

2061 2884 2148 2956 ὑφ’
2205 2884 2405 2937 ἑαυτῶν
2457 2886 2617 2951 εἶναι,
2671 2882 2760 2937 καὶ
2814 2880 3149 2957 ἀδιαιρέτους
3206 2884 3388 2951 εἶναις
3447 2882 3536 2937 καὶ
3595 2885 3710 2959 γὰρ

2058 2972 2310 3046 ἀγνοοῦσι
2363 2971 2652 3045 μωραίνειν
2704 2969 2754 3025 ἐν
2814 2977 2931 3033 τοῖς
2991 2971 3292 3041 αἰσθητοῖς,
3343 2968 3434 3025 ’ίνα
3476 2971 3544 3026 τά
3584 2977 3714 3035 θεῖα

2057 3062 2376 3136 σοφισοῶσι,
2409 3060 2498 3115 καὶ
2549 3065 2772 3115 τοιαῦτα
2811 3057 2970 3136 ἕτερα
3017 3058 3204 3136 μυρία,
3235 3060 3370 3136 πρὸς
3401 3059 3495 3122 οὓς
3525 3061 3554 3114 ὁ
3588 3060 3714 3117 Κύ-

2058 3170 2172 3225 ριος
2217 3149 2594 3204 ἀποτείνεται·
2644 3150 2705 3206 Ειὶ
2753 3149 2820 3203 τὰ
2864 3147 3074 3224 ἐπίγεια
3130 3151 3281 3203 εἷπον
3338 3150 3466 3222 ὑμῖν
3514 3150 3605 3204 καὶ
3635 3148 3711 3204 οὗ

2056 3239 2351 3307 πιστεύετε,
2400 3243 2538 3306 πῶς,
2581 3237 2668 3292 ἒάν
2727 3237 2864 3292 εἴπω
2936 3238 3063 3310 ὑμῖν
3123 3237 3190 3292 τά
3249 3236 3565 3314 ἐπουράνια,
3609 3259 3710 3292 πι-

2056 3327 2298 3383 στεύσετε
2330 3349 2344 3399 ;
2378 3326 2467 3382 καὶ
2515 3327 2542 3380 6
2595 3331 2738 3390 θεῖος
2785 3323 3000 3387 Παῦλος
3059 3322 3231 3400 λέγει,
3279 3324 3360 3381 ὅτι
3404 3327 3431 3379 ὁ
3463 3325 3713 3400 ψυχικὸς

2055 3414 2332 3492 ἄνθρωπος
2365 3415 2430 3470 οὐ
2463 3413 2680 3490 δέχεται
2730 3416 2796 3470 τά
2841 3419 2938 3469 τοῦ
2988 3413 3299 3486 πνεύματος
3335 3433 3348 3447 ο
3386 3413 3566 3486 μωρία
3593 3414 3703 3489 γὰρ

2053 3505 2202 3576 αὑτῷ
2233 3504 2397 3560 ἐστιν.
2429 3507 2587 3558 Ὥστε
2632 3504 2722 3558 οῦν
2769 3506 2803 3572 ἡ
2854 3503 3000 3578 παρά
3049 3503 3358 3579 ἀνθρώποις
3393 3504 3576 3578 μωρία
3602 3507 3709 3558 τοῦ

2053 3598 2186 3648 Θεοῦ
2222 3593 2289 3648 τά
2312 3591 2649 3665 πνευματικά
2699 3591 2853 3662 εἶσιν,
2900 3588 3053 3646 ἅτινα
3101 3588 3496 3664 μεταδιωκτέον
3527 3611 3541 3623 ·
3582 3613 3708 3664 μω-

2053 3682 2148 3756 ρὰν
2195 3682 2297 3757 γὰρ
2355 3681 2541 3759 σοφίαν
2603 3681 2740 3749 εἶπε,
2790 3685 2867 3752 τῷ
2918 3677 3187 3754 μηδεμίαν
3247 3680 3384 3753 αὐτῇ
3443 3677 3708 3734 δύνασθαι

2050 3765 2419 3846 προσϐάλλειν
2471 3770 2658 3849 σοφίαν
2695 3790 2707 3803 ·
2785 3771 2965 3845 ὥσπερ
3037 3770 3129 3824 οῦν
3202 3771 3288 3824 καὶ
3350 3766 3548 3844 ἄλογον
3609 3770 3708 3824 καὶ

2051 3857 2230 3932 ἄνουν,
2263 3859 2338 3922 ὠς
2400 3860 2475 3932 μή
2521 3854 2750 3933 ἔχουσαν
2805 3857 2968 3934 λόγον
3023 3855 3058 3926 ἤ
3117 3862 3237 3912 νοῦν
3283 3857 3706 3932 ἑρμηνευτικὸν,

2050 3948 2218 4024 ἤγουν
2250 3947 2657 4020 καταληπτικὸν
2689 3947 2879 4018 αὐτῆς.

2123 4129 2359 4200 ἓΙΙ.Ἐξ
2415 4125 2583 4195 αὐτῆς
2631 4126 2685 4179 αἱ
2744 4126 2959 4194 νοηταί.
3015 4123 3352 4196 Σημείωσαι,
3399 4124 3471 4186 ὡς
3527 4122 3620 4178 καὶ
3649 4123 3710 4179 ἐν

2052 4215 2245 4279 ἄλλοις
2277 4219 2320 4253 ⁸³
2349 4215 2540 4286 νοηταί
2573 4215 2676 4269 εἰσι
2723 4214 2811 4268 καὶ
2862 4214 3041 4287 νοεραὶ
3097 4211 3346 4286 δυνάμεις
3381 4232 3393 4244 ·
3435 4213 3527 4267 καὶ
3555 4212 3709 4267 εἷκὸ-

2051 4326 2157 4366 τως
2189 4305 2238 4360 ἐν
2271 4305 2452 4367 αὐτοῖς
2498 4303 2630 4359 εἰσιν
2685 4305 2736 4358 oi
2787 4304 2944 4358 αὐτοὶ
2995 4302 3083 4358 καὶ
3133 4303 3323 4372 νοητοὶ
3365 4303 3456 4356 καὶ
3492 4303 3708 4375 νοεροὲ,

2053 4393 2232 4468 ὥσπερ
2279 4395 2337 4448 αἴ
2374 4391 2484 4448 ἅνω
2509 4395 2554 4429 ⁴⁴
2602 4393 2776 4462 τάξεις
2805 4412 2817 4424 ·
2870 4393 3059 4462 νοηταὶ
3120 4391 3214 4463 μὶν
3265 4391 3381 4454 καθ’
3428 4389 3457 4442 ὃ
3506 4388 3568 4444 ἐκ
3589 4393 3707 4442 τῶν

2057 4479 2480 4554 ὑποϐεϐηκὸτων
2524 4487 2769 4538 νοοῦνται
2807 4503 2817 4514 ·
2866 4482 3044 4556 νοεραὶ
3093 4478 3171 4549 δὲ,
3219 4481 3338 4544 καθ’
3371 4480 3399 4533 ’ὀ
3427 4480 3521 4532 καὶ
3560 4479 3712 4532 ἀνώ-

2051 4573 2207 4629 ταταί
2261 4572 2384 4642 εἰσι,
2443 4573 2534 4628 καὶ
2587 4573 2678 4628 τὸν
2745 4572 2876 4646 ὑπὲρ
2935 4571 3107 4625 πάντα
3156 4569 3283 4625 Θεὸν
3343 4573 3514 4637 νοεῖν,
3573 4563 3706 4622 ὅσον

2057 4663 2291 4734 ἐφικτὸν,
2351 4661 2732 4732 ἀνατείνονται,
2810 4657 3010 4723 ἄνωθεν
3081 4659 3175 4732 μὲν
3248 4656 3577 4734 τρεφόμεναι
3629 4661 3705 4728 τῇ

2054 4754 2260 4822 νοήσει,
2306 4751 2597 4826 τρέφουσαι
2658 4747 2714 4803 δὲ
2763 4747 2890 4810 τοὺς
2943 4747 3247 4826 ὑφειμένως
3299 4749 3575 4805 νοοῦντας.
3628 4745 3706 4798 Δὶ

2053 4842 2152 4918 γάρ
2184 4841 2444 4915 ἡμέτερα,
2495 4838 2669 4912 ψυχαὶ
2704 4837 2882 4913 νοεραὶ
2931 4835 3094 4909 μόνον
3126 4852 3139 4866 '
3200 4838 3420 4888 νοοῦσαι
3448 4832 3550 4908 γάρ
3583 4831 3708 4885 ἐπι-

2052 4934 2286 5000 στητῶς,
2340 4928 2462 4983 ὅσον
2541 4927 2654 4982 οἶόν
2725 4947 2802 4996 τε,
2877 4926 2945 4981 τὰ
3027 4918 3459 5000 ὑπερϐεϐηκότα,
3521 4918 3703 4975 οὐκέτι

2051 5019 2239 5094 ἔχουσι
2272 5019 2457 5092 νοερόν
2507 5038 2559 5072 τι
2613 5015 2745 5088 μετὰ
2790 5013 3008 5087 ταύτας,
3054 5012 3145 5068 ’ίνα
3183 5012 3273 5068 καὶ
3309 5013 3580 5079 νοηθῶσιν
3618 5029 3629 5041 ·
3663 5011 3700 5078 ἠ

2049 5106 2246 5184 ἄλογος
2273 5106 2373 5182 γάρ
2404 5105 2493 5160 καὶ
2528 5104 2684 5166 ἄνους
2725 5106 2877 5179 ψυχὴ
2931 5103 3048 5174 μεθ’
3086 5105 3234 5174 ἡμᾶς
3271 5120 3282 5133 ⁸
3316 5101 3371 5154 αἱ
3403 5096 3461 5154 δὲ
3483 5099 3700 5168 νοήσεις

2041 5201 2148 5252 τῶν
2183 5193 2336 5260 θείων
2378 5198 2518 5250 νοῶν
2549 5192 2650 5248 οὐκ
2677 5191 2729 5247 ἐν
2777 5189 3085 5263 διανοήσεσι
3114 5195 3235 5252 ταῖς
3267 5189 3388 5252 καθ’
3419 5189 3592 5260 ἡμᾶς,
3622 5187 3702 5249 εἱς

1278 5545 1520 5602 VARle
1571 5545 1962 5603 LECTIONES
2001 5545 2093 5602 ET
2131 5543 2692 5603 CORRECTIONES.

353 5677 399 5714 ⁸³
431 5674 513 5733 ὅτι
545 5673 634 5731 καὶ
665 5674 715 5732 ἂν
749 5671 1026 5752 ἀγγέλοις.
1103 5678 1148 5712 ⁴⁴
1173 5675 1448 5737 ἀνωτάτω.
