4024 6200
266 402 366 456 345
1011 404 1069 456 S.
1111 401 1378 456 ΜΑΧΙΜΙ
1420 399 1726 454 SCHOLIA
1763 400 1836 452 IN
1877 398 1907 450 ἱ

2053 400 2150 452 DE
2186 403 2457 457 DIVINIS
2493 404 2911 461 NOMINIBUS.

3556 415 3667 469 346

266 520 320 583 ἃς
351 519 654 590 διανοήσεις
700 519 934 575 κάτεισιν
989 522 1152 593 ἡμῶν
1212 521 1394 580 ὁνοῦς
1454 518 1513 573 ἐκ
1572 522 1678 573 τῶν
1745 536 1900 592 μερι-

2023 536 2226 576 narum
2261 523 2546 578 mentium
2585 541 2695 579 non
2715 533 2857 580 sunt
2876 526 2933 582 in
2957 528 3408 600 cogitationibus
3433 538 3669 609 nostris,

265 615 419 678 στῶν,
448 609 689 664 τουτέστι
728 614 835 663 τῶν
885 609 1154 677 αἰσθητῶν
1196 607 1283 664 καὶ
1331 605 1647 678 διεξοδικῶν
1704 604 1904 680 λόγων,

266 699 376 752 ἀντὶ
403 701 498 752 τοῦ
545 702 652 753 τῶν
698 695 857 752 εἰδῶν
909 699 999 752 καὶ
1046 701 1142 752 τοῦ
1169 695 1440 767 πλήθους,
1483 696 1616 770 ὅπερ
1652 693 1763 750 ἐστὶ
1796 699 1902 748 τῶν

269 785 460 842 ὑλικῶν
495 784 858 860 συλλέγουσαι
881 787 976 850 τὰς
1005 788 1220 857 νοήσεις
1251 785 1458 858 ἀΰλως,
1489 789 1662 844 πάντα
1719 784 1768 838 ἐν
1827 787 1908 854 τῷ

264 875 415 947 ἀπλῷ
443 877 766 952 Θεωροῦσαι.

326 1055 554 1124 Νοηταί.
587 1057 666 1112 Τὸ
721 1054 906 1122 νοηταὶ
971 1056 1168 1126 νόησον
1199 1056 1274 1118 ὡς
1334 1055 1470 1130 πρὸς
1515 1057 1686 1127 ἡμᾶς·
1743 1053 1806 1108 τὸ
1851 1049 1908 1106 δέ

261 1146 431 1221 νοεραὶ
466 1146 543 1206 ὡς
572 1146 710 1220 πρὸς
739 1146 830 1200 τὸν
866 1146 1019 1202 Θεόν.

324 1325 388 1379 Ἥ
448 1322 559 1377 ἀπὸ
622 1327 912 1396 μεριστῶν.
969 1324 1162 1396 Ἡμεῖς
1211 1322 1263 1377 ἓν
1321 1327 1594 1397 μεριστοῖς
1657 1325 1770 1383 τοῖς
1822 1320 1906 1374 αἲ-

261 1410 592 1486 σθητηρίοιςο
627 1409 769 1466 ἄλλο
801 1412 901 1487 γὰρ
953 1412 1113 1480 ἀκοὴ,
1158 1412 1248 1466 καὶ
1277 1409 1458 1484 ἕτερον
1490 1407 1635 1485 ὄψις,
1696 1411 1786 1466 καὶ
1843 1410 1910 1464 τὰ

260 1499 396 1555 ἄλλα
449 1499 664 1574 ὁμοίως
699 1519 712 1532 ’
772 1501 861 1555 καὶ
915 1500 1022 1556 ἀπὸ
1075 1506 1342 1574 μεριστῶν
1393 1506 1500 1556 τῶν
1553 1501 1689 1554 κατὰ
1742 1505 1908 1554 ταῦτα

261 1587 528 1658 αἰσθητῶν
584 1590 684 1658 τήν
737 1593 844 1643 τῶν
891 1588 1060 1643 ὅντων
1107 1594 1302 1664 γνῶσιν
1356 1584 1837 1662 ἀναλαμϐάνομεν,
1871 1588 1905 1657 ἢ

265 1677 309 1732 ἐν
339 1683 618 1752 μεριστοῖς
662 1678 756 1750 μέν
801 1683 920 1741 τοῖς
962 1679 1098 1732 κατά
1130 1679 1295 1754 μέρος
1327 1681 1585 1751 νοήμασι,
1647 1679 1750 1733 ἀπὸ
1813 1699 1909 1751 με·

263 1771 446 1840 ριστῶν
504 1764 562 1822 δὲ
601 1771 710 1821 τῶν
763 1770 1075 1841 μαθήσεων,
1117 1766 1243 1837 ἤτοι
1273 1773 1381 1823 τῶν
1414 1769 1748 1840 νοουμένων·
1799 1762 1908 1831 ἔσθ’

264 1857 343 1912 ὅτε
370 1855 424 1912 δὲ
454 1857 552 1912 καὶ
600 1855 690 1913 διὰ
738 1856 922 1934 λόγων
967 1863 1076 1913 τῶν
1103 1855 1414 1930 διεξοδικῶν
1457 1859 1702 1914 τουτέστί
1763 1866 1902 1934 σαφῆ
1943 1891 1987 1956 Β

263 1949 343 2001 καὶ
399 1945 802 2021 διηπλωμένην
834 1949 930 2017 τήν
982 1948 1235 2023 ἐξήγησιν
1296 1949 1661 2021 ποιουμένων.
1724 1951 1791 2004 Αἱ
1851 1947 1909 2003 δὲ

260 2036 427 2108 νοεραὶ
487 2035 696 2112 φύσεις,
733 2039 1116 2107 ἄκοινωνήτως
1152 2037 1229 2099 εἷς
1278 2038 1346 2092 τὰ
1400 2040 1680 2092 τοιαῦτα⁴⁶
1735 2039 1908 2092 πάντα

260 2119 498 2198 ἔχουσαι,
560 2124 730 2196 ἐνιαίᾳ
773 2125 862 2180 καὶ
912 2125 1064 2200 ἁπλῇ
1113 2128 1297 2197 νοήσει
1355 2134 1455 2196 τῆς
1503 2125 1764 2197 ἀληθείας
1809 2128 1908 2195 τήν

262 2216 449 2285 γνῶσιν
488 2211 870 2285 ἐλλάμπονται
888 2217 956 2271 ⁸⁵.

322 2301 414 2354 Καὶ
445 2299 597 2356 ἔστιν
647 2301 856 2364 αὐταῖς.
902 2307 1028 2364 Τοῖς
1055 2301 1371 2378 ἀγγέλοις⁴⁷
1401 2304 1590 2377 νοερὰν
1620 2302 1752 2357 εἶναί
1774 2323 1905 2376 φησι

259 2385 476 2462 δύναμιν
533 2391 621 2444 καὶ
670 2388 943 2464 ἐνέργειαν
975 2389 1034 2445 ἐκ
1074 2397 1175 2460 τῆς
1227 2392 1532 2466 ὑπερφυοῦς
1563 2392 1758 2466 σοφίας
1811 2396 1907 2445 τοῦ

259 2483 379 2532 Θεοῦ
427 2479 756 2554 γενομένην·
793 2479 845 2550 ἐξ
878 2479 1041 2534 αὐτοῦ
1069 2482 1169 2555 γαρ
1202 2481 1254 2536 οἱ
1307 2487 1442 2544 θεῖοι
1491 2480 1715 2556 ἄγγελοι
1773 2480 1908 2535 κατὰ

259 2571 461 2646 μετοχή
525 2571 622 2638 τὴν
675 2568 902 2644 δύναμιν
955 2574 1051 2640 τῆς
1121 2577 1312 2646 νοερᾶς
1369 2571 1634 2647 ἐνεργείας
1693 2570 1904 2646 ἔχουσι,

257 2662 361 2721 καθ’
407 2662 470 2728 ἣν
528 2664 742 2714 νοοῦσιν
788 2659 1010 2722 ἑαυτοὺς
1051 2660 1237 2715 καὶτὰ
1267 2656 1416 2732 ὅντα,
1459 2660 1548 2714 καὶ
1607 2659 1701 2722 τὰς
1763 2658 1904 2722 ἰδέας

260 2747 567 2810 ἐποπτικῶς
626 2753 899 2815 νοοῦντες,
959 2746 1019 2811 ἃς
1075 2751 1290 2820 νοήσεις
1351 2749 1601 2822 ὠνόμασε
1646 2753 1742 2803 τοῦ
1772 2754 1905 2804 Θεοῦ

262 2838 407 2894 εἶναι.
460 2837 812 2893 Ἐπείσακτον
861 2836 950 2893 οῦν
1002 2833 1223 2914 ἔχουσιν
1281 2836 1330 2911 ἐξ
1382 2838 1560 2894 αἰτίου
1614 2843 1712 2893 τοῦ
1772 2842 1906 2894 Θεοῦ

257 2927 348 2994 τήν
377 2927 572 2998 γοερὰν
602 2927 802 2998 ταύτην
831 2927 1120 3002 ἐνέργειαν,
1151 2927 1240 2982 καὶ
1274 2931 1463 2982 νοοῦσι
1496 2928 1561 2982 τὰ
1609 2923 1736 2982 ὄντα
1786 2925 1907 2982 λίαν

257 3010 811 3090 ὐπεραναϐεϐηκότως
840 3021 948 3071 τῶν
991 3019 1210 3091 ψυχῶν,
1252 3014 1363 3092 εἷ’γε
1393 3017 1446 3071 αἱ
1500 3016 1594 3089 μὶν
1644 3016 1816 3092 ψυχαὶ
1849 3015 1909 3071 ἐκ

255 3108 355 3157 τῶν
400 3099 574 3157 ὄντῶν
623 3103 797 3159 αὐτῶν
846 3109 1030 3159 νοοῦσι
1069 3105 1136 3159 τὰ
1178 3099 1324 3176 ὄντα,
1387 3105 1476 3160 καὶ
1533 3110 1650 3167 τοῖς
1711 3103 1904 3160 εἷ’δεσιν

257 3187 670 3262 ἐπιϐάλλουσιν,
741 3191 871 3268 ὅπερ
933 3190 1372 3269 διεξοδικώτερόν
1424 3193 1536 3248 ἐστι
1593 3199 1757 3262 νοεῖν,
1816 3195 1904 3248 καὶ

257 3279 438 3353 κύκλῳ
499 3288 765 3359 περιεῖναι
822 3282 888 3338 τὰ
944 3284 1117 3338 πάντα
1155 3286 1219 3340 ⁸⁸.
1278 3281 1346 3340 O'i
1398 3305 1460 3357 γε
1521 3285 1628 3356 μὴν
1685 3281 1906 3359 ἄγγελοι
1939 3254 1983 3323 C

260 3372 388 3424 κατὰ
452 3372 556 3440 τὴν
632 3369 853 3426 ἐνοῦσαν
933 3371 1119 3433 αὐτοῖς
1197 3369 1514 3441 θεοείδειαν,
1573 3372 1790 3434 ἐνιαίως
1844 3371 1911 3426 τὰ

259 3455 438 3529 πλήθη
470 3463 574 3524 τῆς
605 3461 832 3522 κτίσεως
863 3465 1072 3529 νοοῦσι,
1127 3460 1216 3514 καὶ
1250 3459 1316 3514 οὐ
1349 3459 1659 3536 μερίζονται
1710 3460 1784 3522 εἷς
1817 3461 1909 3515 τὸν

259 3543 556 3620 σκεδασμὸν
601 3555 701 3618 τῆς
750 3547 1032 3611 ποικιλίας
1062 3553 1171 3603 τῶν
1206 3545 1400 3618 ὄντων,
1451 3546 1576 3617 ἤτοι
1612 3548 1689 3612 εἵς
1718 3547 1784 3602 τά
1825 3548 1910 3602 αἷ-

259 3636 443 3706 σΘητᾶ,
505 3637 582 3699 ὡς
641 3637 739 3710 [αἱ]
791 3637 1008 3714 λογικαὶ
1058 3637 1280 3713 ψυχαί·
1346 3636 1548 3692 ἐκείνου
1609 3635 1666 3692 δὲ
1725 3643 1908 3692 ποσῶς

256 3721 527 3793 ἀξιοῦνται
577 3727 630 3779 αἱ
681 3727 878 3801 ψυχαὶ,
926 3728 1004 3789 εἷς
1057 3725 1289 3800 μίμησιν
1343 3725 1751 3802 ἀγγέλων,ὅτε,
1809 3728 1907 3795 τὴν

255 3812 440 3884 νόησιν
503 3818 609 3868 τῶν
679 3813 910 3870 πολλῶν
971 3815 1047 3878 εἷς
1103 3815 1158 3869 ἓν
1221 3813 1629 3870 συνελίττουσαι
1691 3812 1911 3888 ἔχουσιν

255 3901 391 3971 ὁμοῦ
421 3900 602 3957 πάντα
645 3903 696 3957 ἐν
747 3903 934 3966 αὐταῖς
984 3903 1307 3979 ἀσυγχύτως
1355 3900 1757 3978 διακεκριμένον
1820 3903 1910 3958 καὶ

254 3987 438 4060 ἔξωθεν
507 3993 690 4063 μέντοι
724 3994 779 4047 αἱ
838 3993 1010 4068 ψυχαὶ
1038 3992 1353 4047 ἐπείσακτον
1398 3987 1586 4068 ἔχουσι
1616 3994 1710 4047 τὸν
1741 3998 1908 4061 νοεῖν,

249 4084 355 4132 τῶν
384 4079 636 4154 ἀγγέλων
691 4080 742 4151 ἐξ
787 4082 988 4136 ἑαυτῶν
1022 4081 1110 4136 καὶ
1139 4081 1192 4136 ἐν
1225 4082 1440 4143 ἑαυτοῖς
1486 4081 1774 4149 νοούντων,
1821 4083 1912 4136 ἅτε

253 4166 337 4219 καὶ
371 4165 630 4222 θεοειδῶν
679 4170 872 4225 ὄντων.
923 4169 1028 4225 Καὶ
1085 4174 1253 4224 ταῦτα
1313 4169 1406 4241 μὲν
1438 4170 1559 4245 περὶ
1615 4173 1721 4224 τῶν
1774 4190 1909 4240 νοη-

252 4259 376 4309 τῶνο
414 4257 540 4328 περὶ
576 4254 633 4311 δὲ
662 4261 796 4312 Θεοῦ
827 4259 975 4320 ὅπως
1017 4264 1154 4328 νοεῖ,
1199 4253 1346 4332 ἔχεις
1379 4260 1468 4313 καὶ
1501 4256 1611 4313 ὦδε
1656 4259 1744 4312 καὶ
1798 4259 1909 4314 ἄνω

254 4342 302 4396 ἰν
333 4345 572 4417 πέμπτῳ
618 4345 902 4423 κεφαλαίῳ
952 4345 1111 4421 ἐγγὺς
1161 4345 1257 4400 τοῦ
1311 4344 1520 4408 τέλους·
1579 4346 1609 4401 ὅ
1641 4345 1697 4401 δὲ
1755 4346 1909 4401 εἷ’πο-

257 4453 347 4503 μεν
397 4434 526 4508 περὶ
574 4436 789 4509 ψυχῶν,
837 4436 918 4489 ὅτι
970 4432 1332 4509 ἀγγελοειδῶς
1385 4434 1460 4497 εἷς
1487 4432 1542 4488 ἓν
1597 4437 1662 4490 τὰ
1717 4432 1905 4491 πολλᾶ

254 4520 596 4592 συνελίξασαι
627 4528 834 4597 νοοῦσι⁹
872 4523 1112 4596 μάλιστα
1141 4523 1191 4578 ἐν
1231 4528 1299 4597 τῇ
1348 4524 1630 4579 ἀναστάσει
1680 4524 1908 4586 τελείως

2018 611 2074 663 in
2109 627 2255 680 quas
2287 612 2671 683 cogitationes
2713 630 2880 669 mens
2931 622 3129 672 nostra
3180 635 3248 673 ex
3277 621 3670 681 divisibilibus

2016 700 2339 769 descendit,
2372 702 2425 755 id
2460 707 2546 756 est
2578 720 2648 757 ex
2688 704 3008 759 sensilibus
3057 711 3112 760 et
3142 708 3290 763 fusis
3321 711 3668 782 rationibus,

2017 806 2120 860 pro
2153 789 2460 860 speciebus
2492 808 2558 846 ac
2581 791 2982 861 multitudine,
3011 797 3165 865 quod
3188 803 3297 867 est,
3323 799 3669 858 intellectio-

2017 895 2121 933 nes
2173 879 2567 934 materialium
2618 881 2984 954 colligentes,
3017 885 3217 940 omnia
3266 888 3393 943 sine
3426 893 3672 947 materia

2017 967 2074 1021 in
2109 967 2364 1040 simplici
2397 969 2883 1041 contemplantes.

2085 1058 2452 1124 lntellectiles,
2485 1058 2582 1113 Gr.
2616 1058 2827 1127 νοηταί.
2865 1063 3131 1135 Intellige
3165 1064 3306 1120 illud
3340 1067 3554 1136 νοηταί,
3589 1070 3672 1125 in-

2019 1145 2373 1217 telligibiles,
2406 1154 2692 1217 quantum
2721 1150 2787 1204 ad
2826 1167 2967 1218 nos;
3014 1152 3206 1223 ipsum
3238 1162 3434 1211 autem
3465 1157 3670 1231 νοεραί,

2017 1234 2437 1307 intelligentes,
2472 1243 2756 1306 quantum
2791 1239 2860 1293 ad
2897 1245 3096 1297 Deum.

2086 1325 2189 1379 Aut
2243 1342 2275 1378 a
2323 1325 2583 1381 dividuis.
2632 1327 2748 1382 Nos
2797 1329 3192 1386 divisibilibus
3245 1349 3530 1389 sensuum
3575 1337 3669 1391 in-

2019 1414 2364 1468 strumentis
2408 1415 2670 1483 utimur;
2723 1416 2878 1472 aliud
2931 1417 3086 1474 enim
3138 1422 3397 1492 auditus,
3426 1430 3482 1479 et
3509 1425 3669 1480 aliud

2020 1504 2203 1567 visus,
2237 1508 2292 1558 et
2325 1503 2407 1559 sic
2440 1505 2510 1559 de
2543 1504 2674 1560 aliis
2709 1524 2721 1560 :
2760 1512 2816 1561 et
2864 1507 2956 1562 his
2989 1525 3022 1562 a
3053 1508 3444 1568 divisibilibus
3476 1516 3670 1569 sensi-

2017 1591 2174 1646 libus
2228 1609 2421 1646 rerum
2472 1593 2864 1664 cognitionem
2917 1597 3256 1668 recipimus,
3285 1606 3388 1654 aut
3429 1601 3486 1655 in
3521 1603 3668 1657 divi-

2017 1681 2287 1736 sibilibus
2333 1681 2568 1753 quidem
2621 1701 2689 1739 ex
2739 1690 2901 1755 parte
2950 1687 3447 1757 cogitationibus;
3499 1692 3596 1745 sed
3641 1710 3674 1746 a

2019 1770 2416 1826 divisibilibus
2467 1771 2800 1842 disciplinis
2833 1791 2935 1828 seu
2991 1774 3329 1833 intellectus
3385 1780 3670 1849 objectis;

2017 1861 2337 1932 aliquando
2387 1865 2584 1916 autem
2639 1879 2739 1933 per
2787 1862 2950 1918 fusas
3000 1880 3066 1919 ac
3113 1867 3342 1937 amplas
3389 1869 3670 1936 rationes,

2019 1951 2076 2005 id
2107 1954 2196 2006 est
2224 1949 2440 2005 claram
2482 1955 2539 2005 et
2589 1949 2939 2022 explicatam
2972 1955 3409 2011 enarrationem
3459 1959 3674 2014 facien-

2016 2043 2126 2094 tes.
2161 2038 2559 2109 Intelligentes
2589 2057 2721 2095 vero
2745 2045 2986 2108 natura},
3016 2042 3239 2099 nullam
3273 2045 3332 2099 in
3359 2046 3448 2101 his
3481 2049 3671 2103 omni-

2018 2128 2129 2183 bus
2161 2129 2757 2184 communicationem
2810 2129 3112 2198 habentes,
3165 2150 3282 2189 una
3329 2141 3386 2189 et
3417 2136 3676 2208 simplici

2019 2215 2412 2271 intellectione
2438 2217 2698 2272 veritatis
2729 2219 3057 2289 cognitione
3087 2220 3480 2281 illustrantur.

2087 2307 2282 2376 Estque
2315 2307 2448 2360 illis.
2481 2305 2632 2360 Dicit
2662 2307 2811 2377 :esse
2861 2307 2919 2362 in
2969 2309 3194 2380 angelis
3246 2311 3581 2368 facultatem
3617 2319 3675 2370 et

2019 2394 2339 2449 efficaciam
2391 2394 2812 2465 intelligentem
2863 2414 2896 2450 a
2948 2400 3381 2467 supernaturali
3427 2403 3528 2456 Dei
3577 2419 3673 2456 sa-

2017 2483 2234 2555 pientia
2264 2487 2451 2538 ortam
2478 2502 2491 2550 ;
2527 2500 2594 2538 ex
2625 2483 2750 2556 ipso
2782 2484 2937 2539 enim
2990 2486 3172 2541 divini
3205 2489 3396 2559 angeli
3431 2491 3668 2561 partici-

2017 2572 2248 2643 patione
2302 2571 2636 2627 facultatem
2688 2571 3072 2643 intelligentis
3120 2575 3389 2631 efficaciae
3431 2577 3670 2644 habent,

2017 2679 2133 2732 qua
2163 2661 2388 2732 seipsos
2420 2678 2485 2715 ac
2512 2678 2603 2716 res
2629 2661 2985 2733 intelligunt,
3009 2667 3184 2734 atque
3216 2666 3378 2721 ideas
3401 2667 3672 2724 intuitive

2015 2750 2374 2821 intelligunt,
2406 2766 2553 2821 quas
2584 2750 2683 2805 Dei
2717 2751 3085 2823 cognitiones
3118 2754 3457 2812 nominavit.
3481 2757 3670 2812 Intio-

2017 2841 2252 2894 ductam
2285 2840 2466 2910 igitur
2497 2840 2715 2894 habent
2738 2841 2810 2894 ab
2841 2847 3076 2897 auctore
3102 2843 3212 2898 Deo
3246 2843 3668 2916 intelligentem

2016 2929 2168 2984 hanc
2197 2929 2536 2993 efﬁcaciam,
2569 2935 2741 2998 atque
2772 2929 2935 2985 valde
2976 2935 3460 2988 transcendenter
3491 2951 3674 3005 supra

2017 3019 2283 3083 animas;
2318 3017 2366 3072 si
2396 3016 2630 3088 quidem
2661 3017 2870 3072 animis
2902 3035 2970 3074 ex
2999 3019 3144 3091 ipsis
3178 3023 3352 3076 rebus
3385 3039 3484 3076 seu
3519 3023 3676 3092 obje‘

2016 3109 2128 3165 ctis
2159 3106 2310 3162 188
2352 3123 2444 3161 res
2496 3105 2848 3177 intelligant,
2883 3113 2938 3162 et
2989 3109 3297 3179 speciebus
3345 3110 3676 3178 intendant,

2020 3198 2175 3268 quod
2207 3200 2295 3251 est
2327 3195 2768 3251 ratiocinatione
2816 3197 3087 3267 pluribus
3134 3198 3482 3271 intelligere,
3517 3217 3584 3255 ac
3614 3201 3674 3255 in

2021 3289 2220 3342 orbem
2255 3285 2453 3340 omnia
2483 3283 2747 3339 circuire.
2780 3286 2986 3356 Angeli
3029 3303 3162 3341 vero
3192 3286 3398 3342 innata
3430 3288 3540 3343 sibi
3580 3288 3676 3343 Dei

2021 3375 2431 3438 similitudine,
2451 3375 2621 3428 unice
2650 3390 2750 3428 seu
2788 3391 2890 3445 per
2908 3375 3146 3430 modum
3176 3376 3352 3432 unius
3375 3381 3676 3432 creaturas

2021 3463 2240 3519 multas
2274 3461 2630 3532 intelligunt,
2665 3477 2853 3533 neque
2883 3462 3226 3517 dividuntur
3251 3463 3311 3518 in
3343 3465 3675 3520 distinctio-

2021 3571 2153 3609 nem
2187 3551 2486 3606 varietatis
2517 3566 2714 3605 rerum
2746 3567 2850 3606 seu
2878 3551 3141 3617 sensilia,
3174 3552 3328 3607 sicut
3360 3554 3676 3609 rationales

2021 3643 2232 3696 animae
2264 3656 2277 3694 :
2313 3655 2483 3710 porro
2515 3637 2720 3693 anima:
2765 3637 2866 3693 illa
2913 3655 2972 3693 re
3005 3638 3437 3709 aliquantulum
3485 3642 3678 3713 dignae-

2021 3730 2190 3797 ﬁunt,
2224 3727 2463 3798 angelos
2494 3725 2805 3791 imitando,
2855 3727 3112 3796 quando,
3167 3726 3484 3782 multorum
3516 3729 3573 3783 in
3610 3745 3676 3784 se

2021 3818 2381 3888 obiectorum
2413 3813 2869 3869 intellectionem
2917 3814 2975 3868 in
3028 3831 3212 3869 unum
3248 3816 3676 3884 convolventes,

2021 3907 2218 3962 omnia
2248 3903 2427 3959 simul
2459 3903 2586 3958 sine
2616 3904 2957 3958 confusione
2989 3903 3268 3959 distincta
3297 3903 3545 3972 habent;
3578 3922 3674 3961 ve-

2022 3998 2355 4051 rumtamen
2390 3992 2601 4046 animae
2631 3991 2930 4046 inductam
2966 3992 3038 4047 ab
3083 3992 3414 4048 extrinseco
3446 3993 3673 4050 intelle-

2020 4084 2272 4140 ctionem
2307 4081 2548 4150 habent,
2582 4082 2684 4136 sed
2716 4081 2903 4151 angeli
2936 4098 3006 4138 ex
3037 4081 3250 4152 seipsis
3281 4086 3339 4136 et
3367 4082 3426 4136 in
3460 4083 3674 4155 seipsis

2021 4172 2359 4244 intelligunt
2389 4176 2591 4242 utpote
2620 4171 2952 4226 deiformes.
2989 4170 3056 4224 Et
3086 4170 3208 4225 haec
3239 4171 3478 4242 quidem
3511 4170 3676 4226 sufﬁ-

2020 4262 2178 4318 ciant
2209 4262 2279 4315 de
2326 4258 2825 4332 intelligibilibus.
2873 4259 2953 4314 De
2987 4264 3098 4314 Deo
3148 4263 3346 4315 autem
3380 4261 3674 4332 quomodo

2017 4350 2327 4420 intelligat,
2345 4349 2439 4404 hic
2461 4365 2696 4420 quoque
2717 4347 2921 4415 habes,
2948 4354 3005 4404 et
3028 4349 3303 4420 superius
3327 4349 3478 4403 circa
3497 4349 3675 4404 ﬁnem

2020 4439 2226 4511 capitis
2257 4439 2446 4510 quinti
2484 4455 2496 4493 :
2531 4438 2685 4508 quod
2719 4441 2914 4492 autem
2949 4437 3209 4492 diximus
3233 4437 3304 4491 de
3335 4436 3670 4502 animabus,

2020 4545 2119 4584 eas
2150 4528 2207 4582 in
2241 4529 2476 4582 modum
2509 4525 2852 4597 angelorum
2909 4526 3098 4580 multa
3127 4526 3187 4579 in
3221 4541 3404 4580 unum
3440 4523 3673 4579 convol-

251 4606 484 4680 ἕξουσιν,
519 4611 607 4666 ὅτε
639 4611 788 4676 αὖθις
819 4611 869 4666 έν
903 4619 1020 4675 τοῖς
1080 4614 1281 4668 ἑαυτῶν
1337 4612 1549 4686 σώμασι
1598 4609 1905 4688 γενόμεναι,

2023 4622 2215 4672 ventes
2248 4614 2594 4685 intelligere,
2630 4616 2882 4668 maxime
2916 4615 2973 4668 in
3031 4611 3456 4668 resurrectione
3489 4613 3675 4683 perfe-

249 4701 346 4766 τὴν
388 4705 498 4755 τῶν
527 4696 696 4755 ὄντων
728 4707 926 4776 γνῶσιν
958 4702 1167 4758 τελείαν
1201 4701 1607 4776 ἀπολήψονται.
1641 4708 1820 4760 Ταῦτα
1851 4701 1908 4757 δὲ

251 4789 286 4858 ἠ
316 4794 426 4843 τῶν
460 4787 682 4844 δικαίων
715 4790 1002 4853 ἀνάστασις
1033 4790 1255 4853 τελείως
1303 4788 1430 4862 ἕξει,
1478 4792 1614 4846 κατὰ
1642 4793 1706 4847 τὸ
1758 4793 1909 4867 εἰρη-

256 4875 436 4948 μένον
492 4878 594 4934 Καὶ
644 4878 816 4942 οὕτως
861 4882 1091 4936 πάντοτε
1136 4880 1228 4934 σῦν
1276 4879 1455 4953 Κυρίῳ
1505 4878 1755 4952 ἐσόμεθα·
1820 4882 1910 4935 καὶ

249 4964 439 5021 πάλιν·
475 4971 581 5021 Νῦν
615 4967 690 5032 ὡς
718 4968 769 5022 ἐν
799 4969 1090 5044 κατόπτρῳ
1141 4970 1228 5024 καὶ
1273 4968 1549 5045 αἶνίγματι
1610 4968 1908 5043 βλέπομεν,

246 5055 368 5110 τότε
399 5054 460 5111 δὲ
509 5055 804 5133 πρᾶσωπον
862 5060 999 5132 πρὸς
1057 5058 1356 5133 πρόσωπον
1413 5060 1510 5126 τὴν
1577 5062 1685 5112 τῶν
1740 5055 1910 5114 ὄντων

248 5149 446 5217 γνῶσιν
480 5142 740 5217 δηλονότι
773 5144 1272 5220 παιδευθησόμεοα.

321 5337 398 5409 (υ)
428 5339 455 5394 Ῑ
487 5337 692 5396 Thess.
726 5356 804 5407 Iv,
839 5341 924 5396 16.
1003 5341 1082 5413 (ω)
1115 5341 1137 5397 Ι
1166 5343 1292 5397 Cor.
1325 5357 1451 5410 xm,
1486 5342 1572 5396 12.

2023 4712 2110 4761 cte
2141 4705 2508 4770 obtinebunt,
2544 4703 2799 4774 quando,
2845 4720 3051 4757 rursus
3084 4703 3143 4756 in
3178 4701 3302 4756 suis
3331 4701 3676 4772 corporibus

2021 4797 2392 4862 exsistentcs,
2409 4795 2717 4863 perfectam
2736 4809 2929 4846 rerum
2954 4790 3345 4862 cognitionem
3367 4789 3672 4860 accipient.

2023 4884 2390 4940 Resurrectio
2421 4886 2618 4936 autem
2667 4882 2965 4950 justorum
3001 4881 3122 4935 haec
3155 4881 3406 4950 perfecte
3439 4878 3676 4934 habebit

2013 4976 2184 5045 juxta
2214 4971 2569 5043 Scripturam
2609 4986 2620 5026 :
2656 4972 2716 5024 Et
2749 4972 2830 5024 ita
2877 4985 3001 5024 cum
3051 4968 3279 5023 Domino
3317 4983 3532 5038 semper
3562 4968 3673 5022 eri-

2019 5080 2142 5118 mus
2175 5062 2287 5132 (v);
2321 5078 2388 5116 ac
2419 5061 2631 5114 iterum
2666 5075 2680 5114 :
2713 5060 2865 5114 Nunc
2888 5061 2946 5110 ut
2977 5057 3035 5111 in
3067 5057 3283 5126 speculo
3309 5059 3360 5111 et
3381 5058 3676 5126 (enigmata

2019 5152 2288 5220 videmus,
2323 5160 2455 5205 tunc
2483 5152 2666 5203 autem
2719 5146 2869 5218 facie
2909 5146 2984 5200 ad
3012 5146 3212 5216 faciem
3242 5145 3359 5218 (x);
3410 5143 3678 5201 videlicet

2021 5257 2216 5296 rerum
2249 5237 2642 5311 cognitionem
2675 5234 3035 5291 docebimur.

1277 5459 1514 5515 VARL‘E
1554 5459 1940 5516 LECTIONES
1977 5461 2068 5516 ET
2107 5456 2658 5516 CORRECTIONES.

317 5554 365 5630 ‘_‘
407 5553 552 5628 πρὸς
590 5555 777 5630 ’πάντα
824 5557 1179 5630 ἰτα-τοιαῦταἸ
1236 5558 1299 5630 ,ιθ
1330 5551 1817 5630 ἐπιλαμϐάνονται.
1877 5559 1938 5630 Α⁴τ
1965 5556 2027 5630 οὐ
2070 5557 2189 5630 γεῖιρΔ
2219 5555 2391 5608 πάντα
2439 5551 2505 5630 τὰ
2537 5555 2646 5630 ,τοῦ
2698 5554 2833 5630 Θεοῦ
2875 5548 3417 5630 ἐγκαταλείψειῌτῆς.
3446 5556 3670 5630 κτιιστῆς

251 5621 498 5705 ξπέρχὼ
537 5624 772 5705 φύσεως,
825 5625 972 5686 ἀλλᾶ
1017 5629 1108 5684 καὶ
1161 5628 1295 5705 ὑπὲρ
1340 5621 1542 5699 ταύτην
1586 5630 1686 5699 τὴν
1737 5627 2037 5705 ἀγγελικὴν
2085 5621 2324 5703 ῦπάρχει
2376 5621 2574 5701 γνῶσίν
2623 5644 2683 5680 τε
2747 5623 2837 5679 καὶ
2902 5621 3116 5695 νόησιν.

249 5697 292 5733 *³
322 5693 482 5753 ὄντα.

3185 5621 3318 5686 Τοῖς
3392 5621 3670 5699 ἀγγέλοις.
