4024 6200
345 362 451 418 347

349 570 662 646 διεξοδικῶς
706 575 1094 648 intelligatur.
1149 574 1469 647 Διεξοδικῶς
1517 579 1694 652 igitur
1727 584 1784 634 et
1813 575 2001 648 κύκλῳ

349 681 451 719 seu
486 666 614 721 fuse
643 683 710 720 ac
741 665 796 720 in
848 668 1072 737 orbem,
1125 668 1180 723 id
1213 673 1301 723 est
1351 668 1548 723 anima
1594 669 1854 723 humana
1885 682 2001 722 non

350 755 607 809 conferta
654 759 712 810 et
759 757 1072 826 conjuncta
1122 757 1334 813 mentis
1373 758 1694 813 intentione
1740 757 1999 811 divinam

349 843 791 912 comprehendit
835 845 1267 915 cognitionem;
1320 848 1418 901 sed
1452 863 1645 901 veram
1694 862 1884 901 rerum
1918 845 2002 898 in-

350 931 740 988 tellectionem
777 933 1118 1003 singillatim
1152 939 1207 988 et
1241 952 1338 1004 per
1370 939 1562 1004 partes
1595 933 1909 1006 accipiens,
1937 933 1996 986 in

349 1037 464 1092 quo
515 1023 688 1077 etiam
743 1023 814 1076 ah
866 1023 1127 1094 angelica
1173 1024 1368 1079 deﬁcit
1415 1025 1515 1079 Dei
1565 1025 1807 1089 visione,
1850 1023 2001 1076 circa

350 1126 524 1163 unam
562 1126 797 1164 causam
830 1127 1031 1165 eorum
1067 1129 1192 1182 qua:
1223 1113 1379 1168 varie
1409 1113 1856 1168 considerantur
1903 1127 2000 1166 co-

347 1197 687 1268 gitationem
735 1197 976 1271 colligit,
1011 1204 1065 1254 et
1114 1200 1611 1257 intellectionibus
1659 1200 1998 1272 angelorum

345 1285 670 1354 aequalibus
696 1287 870 1356 digna
902 1289 1175 1346 habetur.

415 1375 642 1445 Assequi
669 1377 819 1447 quod
846 1381 1079 1449 appetit.
1116 1379 1463 1435 Daemonum
1508 1397 1675 1437 mens
1707 1398 1776 1436 ex
1806 1379 2000 1452 priva-

344 1462 501 1518 tione
535 1463 777 1520 rationis
795 1465 1028 1535 quidem
1054 1469 1276 1540 appetit
1292 1486 1425 1524 cum
1446 1470 1560 1524 Deo
1583 1468 1997 1541 aequalitatem,

347 1551 537 1607 nescit
567 1555 1027 1625 quomodoillud
1062 1558 1297 1628 assequi
1324 1559 1533 1630 possit,
1568 1575 1683 1614 non
1719 1559 1874 1629 quod
1899 1575 1998 1612 na-

343 1645 477 1696 tura
507 1642 784 1712 ignorans
817 1645 911 1713 sit,
938 1648 1034 1700 sed
1060 1645 1385 1701 voluntarie
1409 1648 1565 1718 quod
1599 1650 1803 1702 contra
1828 1651 1999 1700 natu-

346 1746 471 1785 ram
505 1729 749 1803 eligens.
785 1738 928 1788 Nota
959 1738 1155 1789 autem
1190 1737 1490 1790 daemones
1522 1741 1812 1806 quatenus
1845 1752 2001 1790 men-

346 1823 463 1873 tem
499 1820 733 1885 habent,
766 1821 917 1877 hanc
961 1839 1027 1877 ex
1059 1824 1211 1878 bono
1261 1841 1677 1895 comparasse;
1713 1842 1744 1879 a
1775 1825 1998 1880 ratione

347 1911 544 1963 autem
577 1926 812 1965 aversos
845 1927 1034 1982 neque
1065 1912 1122 1966 id
1158 1914 1311 1984 quod
1335 1917 1500 1968 erant
1531 1930 1872 1984 permanere
1903 1931 2000 1970 vo-

347 1996 554 2065 lentes,
591 1999 1025 2070 prolapsionem
1059 2019 1090 2056 a
1114 2003 1403 2072 sapientia
1433 2002 1814 2060 sustinuisse.

417 2087 570 2141 189
605 2093 712 2143 Per
742 2105 1043 2145 excessum.
1097 2095 1174 2146 De
1205 2108 1270 2146 eo
1303 2092 1456 2162 quod
1492 2109 1622 2164 qua:
1667 2108 1769 2163 per
1813 2092 2001 2164 priva-

349 2175 569 2231 tionem
602 2178 670 2232 de
705 2178 816 2233 Deo
868 2179 1165 2249 dicuntur,
1199 2186 1255 2236 et
1303 2182 1615 2251 contraria,
1667 2197 1770 2253 per
1817 2181 2002 2237 excel-

349 2264 592 2320 lentiam
629 2265 1054 2338 intelligantur.

417 2357 482 2410 Et
511 2357 701 2411 omnia
729 2358 938 2413 aliain
969 2374 1044 2414 se.
1097 2359 1303 2415 Nullus
1349 2377 1418 2416 ex
1463 2361 1557 2415 his
1606 2360 1663 2414 in
1714 2360 2005 2416 absurdae

353 2445 682 2500 abducetur
720 2447 1128 2520 cogitationes,
1162 2453 1226 2504 ut
1273 2450 1428 2505 dicat
1459 2449 1634 2505 etiam
1687 2449 1872 2504 Deum
1905 2465 2007 2520 per

353 2535 591 2589 modum
624 2551 812 2592 causae
846 2537 1003 2592 mala
1031 2537 1091 2592 in
1125 2555 1186 2594 se
1226 2541 1360 2593 ante
1391 2538 1626 2605 habere,
1661 2554 1763 2594 seu
1795 2555 1863 2594 ex
1895 2538 2005 2594 hoc

350 2623 547 2695 colligi
580 2624 777 2695 ipsum
807 2643 932 2682 esse
959 2643 1160 2682 eorum
1195 2632 1489 2683 auctorem
1518 2645 1531 2696 ;
1568 2645 1680 2683 non
1717 2628 1873 2683 enim
1907 2631 2006 2683 Pa-

353 2717 441 2768 ter
472 2713 543 2768 de
578 2713 669 2768 his
699 2731 1028 2770 sermonem
1063 2715 1356 2781 instituit;
1397 2716 1523 2788 jam
1557 2715 1715 2772 enim
1748 2716 2007 2771 ostendit

354 2801 575 2857 malum
610 2819 801 2875 neque
831 2820 980 2874 esse,
1016 2821 1206 2878 neque
1237 2806 1292 2860 in
1327 2808 1504 2862 rebus
1535 2820 1686 2875 esse,
1719 2805 1820 2861 sed
1853 2805 2006 2860 circa

353 2906 422 2945 ea
451 2907 578 2961 quas
609 2892 922 2959 exsistunt,
956 2910 1167 2966 nempe
1217 2895 1459 2966 angelos
1492 2899 1550 2950 et
1582 2899 1816 2949 caeteras
1846 2910 2006 2949 crea-

351 2983 534 3046 turas,
569 2979 721 3034 sicut
752 2980 929 3035 etiam
956 2987 1126 3036 antea
1152 2981 1317 3050 dixit,
1342 2997 1591 3053 quorum
1617 2980 2004 3050 cognitionem

355 3085 469 3122 non
504 3067 681 3123 habet
730 3070 1086 3124 addiscendo
1136 3069 1335 3140 qualia
1366 3071 1524 3137 sint;
1577 3070 1684 3124 hoc
1715 3069 1871 3123 enim
1905 3069 2003 3124 de-

354 3155 616 3226 claravit,
662 3173 796 3212 cum
845 3157 1036 3212 dixit:
1070 3159 1188 3213 Non
1229 3175 1296 3214 ea
1343 3175 1460 3231 qum
1489 3163 1617 3214 sunt
1647 3175 1721 3214 ea:
1769 3160 1842 3214 iis
1882 3173 2007 3229 quae

351 3254 480 3300 sunt
526 3247 761 3315 discens,
795 3250 851 3301 et
884 3246 1048 3315 illud,
1100 3265 1207 3303 son
1261 3249 1414 3320 quod
1449 3266 1552 3321 per
1598 3249 1851 3320 speciem
1883 3249 2001 3303 sin-
2035 3235 2078 3302 C

353 3333 493 3404 gula
538 3334 890 3402 consideret,
943 3337 1040 3390 sed
1094 3343 1160 3392 ut
1205 3342 1430 3393 creator
1475 3340 1844 3410 propriorum
1878 3353 2008 3409 ope-

354 3438 484 3476 rum
519 3422 825 3478 scientiam
878 3429 1011 3480 ante
1059 3425 1256 3493 habet,
1289 3427 1481 3482 sciens
1531 3428 1825 3498 quomodo
1854 3428 2005 3500 ipsa,

353 3511 411 3564 et
468 3511 682 3581 quibus
733 3513 804 3568 de
850 3514 1044 3569 causis
1095 3516 1164 3569 ad
1218 3517 1651 3586 generationem
1702 3517 2005 3588 producet,

355 3616 603 3670 quorum
636 3603 930 3673 perversio
961 3609 1016 3659 et
1043 3605 1310 3670 deiectio,
1347 3621 1446 3660 seu
1482 3606 1639 3675 ﬁnis,
1672 3607 1919 3678 privatio
1951 3610 2008 3661 et

352 3688 730 3747 imbecillitas
761 3691 983 3747 malum
1016 3693 1261 3761 inducit,
1295 3695 1433 3749 dum
1470 3696 1551 3750 rei
1582 3695 1865 3752 naturalis
1894 3694 2006 3766 pri-

353 3780 585 3835 vatione
615 3780 754 3836 facit
788 3781 846 3836 id
877 3784 1029 3853 quod
1079 3787 1282 3839 contra
1311 3791 1583 3840 naturam
1619 3789 1708 3840 est
1740 3803 1752 3841 :
1788 3785 2005 3841 idcirco

355 3869 511 3923 enim
543 3869 875 3942 exemplum
908 3870 1150 3927 luminis
1191 3874 1472 3946 adduxit;
1507 3891 1644 3929 nam
1675 3873 1854 3944 hujus
1887 3873 2003 3946 pri-

357 3957 588 4012 vatione
617 3959 801 4030 caligo
834 3959 1154 4017 subsistere
1185 3962 1416 4018 videtur
1431 3967 1489 4018 et
1511 3968 1729 4018 natura}
1763 3963 2006 4019 luminis

356 4045 683 4100 absentiam
737 4065 840 4118 pro
890 4066 1070 4106 causa
1113 4051 1311 4120 habet,
1363 4052 1516 4107 sicut
1561 4053 1735 4108 etiam
1769 4053 2005 4108 habitus

360 4133 546 4206 magis
577 4152 752 4206 quam
781 4138 1132 4208 privationes
1163 4140 1451 4211 principia
1493 4144 1652 4208 sunt,
1687 4145 1742 4195 et
1780 4146 1844 4195 ut
1873 4140 2006 4212 quis

358 4222 591 4292 dixerit,
637 4241 846 4282 causae.
897 4228 1101 4299 Itaque
1157 4229 1321 4283 Pater
1349 4228 1457 4284 hoc
1503 4229 1628 4284 loco
1674 4243 2005 4284 sermonem

359 4313 495 4368 facit
525 4314 597 4369 de
626 4315 802 4371 rebus
846 4333 879 4370 a
929 4321 1041 4372 Deo
1096 4317 1369 4384 conditis,
1405 4322 1462 4372 et
1509 4317 1877 4389 singularum
1911 4335 2008 4373 na-

355 4407 509 4472 tura,
541 4420 689 4475 quas
719 4409 890 4460 antea
922 4407 979 4460 in
1032 4405 1148 4460 Deo
1192 4411 1248 4460 et
1279 4423 1382 4478 per
1411 4405 1918 4479 praecognitionem
1951 4410 2008 4462 et

356 4492 880 4562 prmdeﬁnitionem
913 4494 1208 4550 exstitisse
1230 4496 1330 4552 ait.

1164 369 1524 422 APPENDIX
1568 371 1661 421 AD
1701 367 1942 422 OPERA
1978 370 2036 422 S.
2075 369 2390 425 DIONYSII
2430 373 2934 428 AREOPAGITE.

419 487 628 560 Diﬂuse
657 496 841 542 autem
869 497 921 543 et
962 505 1062 560 per
1107 488 1418 545 circuitum.
1469 489 1700 546 Dictum
1734 494 1824 544 est
1855 489 1994 560 quid
2029 490 2080 556 Α

3645 369 3756 424 348

2184 488 2503 560 Διεξοδικῶς
2560 490 2617 545 δὲ
2673 491 2762 546 καὶ
2819 488 3030 562 κύκλῳ.
3090 489 3319 561 Εἴρηται
3367 489 3418 544 τί
3462 491 3525 545 τὸ
3585 488 3760 561 διεξο-

2113 575 2278 642 δικῶς
2323 586 2547 635 νοεῖται.
2606 577 2929 652 Διεξοδικῶς
2959 578 3139 634 τοίνυν
3172 578 3261 632 καὶ
3309 578 3516 651 κύκλῳ,
3567 581 3760 634 τουτὲ-

2111 688 2224 721 στιν
2250 666 2348 722 οὐκ
2377 668 2547 745 ἀθρόᾳ
2586 673 2682 723 τοῦ
2729 672 2825 722 νοῦ
2875 662 3109 741 ἐπιϐολῇ
3150 670 3185 737 ἡ
3238 668 3549 742 ἀνθρωπίνη

2108 757 2206 824 τὴν
2262 757 2404 819 θείαν
2453 755 2979 812 κατακαλύπτεται⁴⁰
3023 761 3248 831 γνῶσιν,
3299 754 3446 810 ἀλλὰ
3484 760 3583 826 τὴν
3618 757 3763 827 ἀλη-

2109 846 2174 913 θῆ
2234 850 2341 899 τῶν
2394 844 2562 901 ὄντων
2606 847 2932 916 κατανόησιν
2984 847 3044 900 ἐκ
3087 851 3184 900 τοῦ
3213 847 3351 900 κατὰ
3375 846 3539 918 μέρος
3594 843 3763 921 δεχο-

2114 933 2271 1004 μένη,
2303 936 2422 997 καθ’
2456 935 2484 988 ὃ
2513 935 2602 988 καὶ
2631 941 2730 1004 τῆς
2759 934 3052 1010 ἀγγελικῆς
3087 935 3438 989 ἀπολείπεται
3480 937 3766 1003 θεοπτίας,

2109 1023 2229 1096 περὶ
2296 1024 2359 1077 τὸ
2419 1020 2470 1078 ἓν
2523 1022 2695 1078 α⁶ίτιον
2743 1025 2842 1092 τήν
2891 1029 2996 1077 τῶν
3047 1021 3316 1087 ποικίλως
3373 1023 3768 1098 θεωρουμένων

2110 1111 2320 1186 συνάγει
2373 1109 2622 1186 ἔννοιαν,
2678 1113 2768 1167 καὶ
2815 1118 2924 1167 τῶν
2968 1111 3266 1190 ἴσαγγίλων
3316 1113 3558 1183 ἀξιοῦται
3620 1116 3768 1184 νοή-

2110 1221 2266 1258 σεων.

2181 1382 2385 1454 Τυχεῖν
2438 1380 2500 1435 οὗ
2557 1379 2795 1458 ἐφίεται,
2872 1379 3106 1459 Ἐφίεται
3171 1382 3264 1447 μὲν
3327 1379 3377 1449 ἐξ
3426 1377 3654 1455 ἀλογίας
3703 1381 3769 1435 τὸ

2112 1467 2320 1523 ἰσόθεον
2356 1469 2383 1522 ὁ
2419 1466 2764 1542 δαιμόνιοςω
2791 1473 2937 1536 νοῦς,
2980 1469 3079 1523 οὐκ
3120 1465 3234 1523 οἶδε
3276 1466 3323 1523 δ’
3363 1467 3512 1530 ὅπως
3559 1469 3771 1524 τούτου

2107 1562 2298 1632 τυχεῖν
2357 1553 2578 1626 ἔνεστιν,
2628 1558 2689 1612 οὐ
2741 1557 2894 1633 φύσει
2953 1558 3137 1621 παθὼν
3186 1559 3284 1627 τήν
3337 1556 3575 1632 ἄγνοιαν,
3635 1557 3774 1613 ἀλλ’

2113 1644 2375 1708 ἑκουσίως
2407 1647 2469 1701 τὸ
2499 1648 2645 1720 παρᾶ
2671 1646 2827 1721 φύσιν
2857 1645 3204 1722 αἱρούμενος.
3240 1647 3558 1718 Σημείωσαι
3590 1644 3648 1700 δὲ
3680 1645 3774 1700 δτι

2112 1736 2162 1789 οἱ
2195 1733 2445 1808 δαίμονες
2472 1737 2595 1790 καθ’
2625 1736 2654 1789 ’ὀ
2684 1741 2807 1790 νοῦν
2840 1734 3081 1810 ἔχουσιν,
3115 1734 3173 1789 ἐκ
3201 1739 3295 1789 τοῦ
3334 1735 3540 1810 ἀγαθοῦ
3567 1739 3773 1789 τοῦτον

2109 1827 2418 1894 κὲκτηνται’
2451 1822 2808 1899 ἂλογίσαντες
2837 1822 2894 1879 δὲ
2921 1825 3008 1879 καὶ
3047 1825 3122 1898 μὴ
3170 1821 3532 1899 βουληθέντες
3583 1829 3773 1897 μεῖναι

2113 1912 2304 1989 δπερ⁸ί
2335 1914 2494 1982 ἦσαν,
2527 1912 2793 1968 ἔκπτωσιν
2821 1913 3011 1987 σοφίας
3043 1913 3356 1986 ὑπέμειναν.

2184 2094 2312 2156 Καθ’
2364 2093 2665 2168 ὑπεροχήν.
2713 2094 2840 2168 Περὶ
2900 2096 3020 2164 τοῦ,
3072 2092 3154 2146 ὅτι
3206 2093 3273 2147 τὰ
3317 2091 3452 2146 κατὰ
3512 2091 3775 2164 στέρησιν

2116 2181 2389 2257 λεγόμενα
2439 2181 2526 2237 ἐπὶ
2576 2186 2672 2237 τοῦ
2721 2185 2875 2252 Θεοῦ,
2906 2182 2996 2235 καὶ
3026 2181 3092 2235 τὰ
3121 2180 3356 2251 ἐναντία,
3417 2180 3778 2254 ὑπεροχικῶς

2111 2276 2380 2327 νοοῦνται.

2187 2360 2284 2414 Καὶ
2344 2359 2517 2415 πάντα
2573 2357 2750 2415 τᾶλλα
2817 2355 3026 2414 ἔνδοθεν
3065 2402 3078 2415 .
3155 2356 3363 2427 Μηδεὶς
3439 2356 3499 2413 ἐκ
3551 2359 3774 2412 τούτων

2112 2451 2253 2526 πρὸς
2309 2449 2547 2510 ἀτόπους
2599 2449 2880 2523 ἀπαγὲσθω
2929 2447 3174 2517 ἐννοίας,
3235 2447 3373 2502 ὥστε
3439 2447 3610 2522 λέγειν
3671 2447 3776 2502 καὶ

2111 2544 2190 2594 τῶ
2244 2542 2423 2594 κακῶν
2457 2537 2508 2593 ἐν
2545 2539 2720 2593 ἒαυτῶ
2767 2538 2882 2593 κατ²
2931 2536 3107 2592 αἰτίαν
3140 2538 3396 2612 προέχειν
3452 2536 3544 2590 τὸν
3603 2537 3772 2606 Θεὸν,

2113 2627 2287 2703 ἤγουν
2342 2626 2513 2682 α’ίτιον
2560 2626 2735 2682 αὐτῶν
2787 2627 2846 2682 ἐκ
2889 2627 3085 2681 τούτου
3135 2629 3270 2680 εἶναι
3304 2625 3638 2700 συνάγεσθαι·
3703 2625 3774 2680 οὗ

2113 2717 2217 2792 γὰρ
2247 2716 2371 2792 περὶ
2415 2715 2624 2771 τούτων
2668 2714 2808 2770 ἐστὶν
2861 2717 2888 2770 ὁ
2942 2713 3110 2790 λόγος
3143 2720 3221 2786 τῷ
3253 2715 3446 2788 Πατρί·
3493 2711 3603 2783 ἤδη
3659 2715 3774 2789 γὰρ

2115 2803 2281 2875 ἔδειξε
2316 2807 2454 2878 μήτε
2486 2806 2568 2871 ὃν,
2633 2807 2771 2878 μήτε
2830 2803 2882 2859 ἐν
2939 2810 3056 2866 τοῖς
3105 2805 3220 2858 οὖσι
3274 2805 3336 2858 τὸ
3370 2803 3555 2869 κακὸν,
3619 2803 3776 2858 ἀλλὰ

2114 2895 2238 2970 περὶ
2263 2899 2367 2950 τῶν
2401 2893 2451 2948 ἐν
2488 2894 2640 2966 οὐσίᾳ
2670 2891 2862 2960 ὅντων,
2895 2896 3010 2948 οἷον
3055 2891 3300 2968 ἀγγέλων
3332 2893 3419 2947 καὶ
3473 2897 3580 2946 τῶν
3642 2890 3776 2946 λοι-

2113 2989 2231 3040 πῶν
2282 2984 2616 3057 κτισμάτων,
2673 2983 2854 3046 καθὼς
2898 2981 2988 3036 καὶ
3033 2987 3311 3056 προεῖπεν,
3343 2981 3416 3034 ὧν
3463 2982 3562 3049 τήν
3618 2985 3769 3053 γνῶ-

2114 3095 2194 3128 σιν
2241 3072 2340 3127 οὐκ
2397 3072 2457 3126 ἐκ
2512 3070 2607 3126 τοῦ
2657 3073 2941 3144 μανθάνειν
3003 3070 3156 3141 αὐτὰ,
3207 3071 3373 3124 ὁποῖά
3425 3070 3545 3124 τινα
3600 3068 3771 3138 εἰσιν,

2115 3157 2250 3239 ἔχει·
2283 3166 2444 3216 τοῦτο
2475 3162 2578 3236 γὰρ
2610 3158 2886 3231 ἐδήλωσεν
2919 3160 3104 3214 εἰπών’
3167 3159 3283 3216 Οὐκ
3337 3159 3394 3213 ἐκ
3450 3163 3558 3212 τῶν
3591 3153 3774 3212 ὄντων

2113 3253 2182 3306 τὰ
2212 3247 2335 3304 ὄντα
2382 3247 2685 3322 μανθάνων,
2735 3247 2824 3303 καὶ
2878 3247 2962 3316 τὸ,
3025 3247 3087 3302 οὗ
3143 3253 3258 3302 κατ’
3315 3244 3462 3301 ῗδέαν
3515 3247 3775 3307 ἑκάστοις

2113 3335 2452 3405 ἐπιϐάλλων,
2486 3335 2613 3393 ἀλλ’
2643 3337 2717 3398 ὡς
2771 3337 3010 3406 ποιητὴς
3040 3336 3245 3391 τούτων
3285 3337 3386 3404 τὴν
3420 3332 3626 3405 εἶ’δησιν
3653 3339 3775 3388 τῶν

2115 3428 2331 3483 οἷ’κείων
2392 3425 2567 3502 ἔργων
2616 3423 2866 3501 προέχει,
2925 3422 3084 3486 εἰδὼς
3135 3424 3283 3485 ὅπως
3333 3424 3486 3488 αὐτὰ,
3533 3420 3620 3478 καὶ
3675 3421 3772 3488 ἐφ’

2115 3518 2194 3579 οἷς
2222 3516 2441 3591 παράξει
2484 3515 2620 3589 πρὸς
2671 3513 2902 3588 γένεσιν,
2953 3511 3027 3567 ὦν
3075 3515 3111 3582 ἡ
3160 3514 3482 3588 παρατροπὴ
3527 3511 3614 3566 καὶ
3659 3509 3773 3566 ἔλ-

2113 3607 2318 3678 λειψις,
2368 3601 2538 3678 ἤγουν
2569 3605 2604 3672 ἡ
2637 3603 2911 3677 ἀποτυχία
2940 3602 3029 3657 καὶ
3062 3599 3331 3674 ἀδυναμία
3358 3603 3419 3655 τὸ
3449 3601 3611 3654 κακὸν
3645 3600 3772 3654 εἰσ-

2115 3698 2249 3771 άγει,
2303 3697 2370 3768 τῇ
2437 3695 2682 3766 στερήσει
2755 3695 2850 3745 τοῦ
2898 3691 3034 3746 κατὰ
3091 3691 3246 3766 φύσιν
3301 3691 3363 3745 τὸ
3407 3691 3552 3764 παρᾶ
3597 3691 3768 3766 φύσιν

2112 3788 2360 3839 ποιοῦσα·
2409 3781 2547 3856 πρὸς
2591 3785 2752 3836 τοῦτο
2797 3780 2902 3855 γὰρ
2949 3781 3012 3834 τὸ
3056 3783 3153 3835 τοῦ
3207 3779 3384 3856 φωτὸς
3442 3780 3768 3853 παρήγαγεν

2119 3871 2498 3947 ὑπόδειγμα⁶²⁶
2531 3873 2599 3943 τῇ
2630 3870 2730 3944 γὰρ
2756 3869 2951 3922 τούτου
2981 3869 3226 3943 στερήσει
3272 3868 3335 3922 τὸ
3385 3868 3576 3928 σκότος
3625 3887 3773 3940 παρ-

2114 3962 2398 4036 υφίσταται
2429 4002 2442 4028 ,
2493 3961 2584 4014 καὶ
2641 3957 2814 4012 αἰτίαν
2873 3950 2990 4032 ἔχει
3035 3958 3133 4025 τήν
3193 3955 3451 4010 ἀπουσίαν
3504 3962 3604 4023 τῆς
3663 3959 3773 4009 τοῦ

2115 4050 2292 4128 φωτὸς
2343 4048 2573 4122 φύσεως,
2634 4047 2813 4122 ὥσπερ
2859 4046 2946 4101 καὶ
2994 4051 3102 4101 τῶν
3151 4047 3454 4121 στερήσεων
3517 4044 3571 4098 αἱ
3627 4041 3777 4117 ἕξεις

2115 4137 2559 4214 ἀρχηγικώτεραι
2587 4135 2941 4211 τυγχάνουσι,
2991 4134 3080 4189 καὶ
3129 4135 3203 4197 ὡς
3254 4131 3313 4188 ἄν
3358 4153 3440 4196 τις
3486 4130 3652 4200 εἴποι,
3685 4133 3777 4187 αἷ-

2113 4227 2245 4283 τίαι.
2297 4227 2554 4288 Ἐνταῦθα
2600 4223 2690 4278 οὖν
2733 4225 2761 4278 ὁ
2811 4223 2998 4298 Πατὴρ
3037 4223 3161 4297 περὶ
3202 4227 3309 4277 τῶν
3365 4221 3469 4277 ὗπὸ
3499 4225 3633 4276 Θεοῦ
3685 4221 3773 4284 εἰς

2114 4317 2316 4391 γένεσιν
2349 4313 2647 4388 ἀχθέντων,
2679 4312 2769 4367 καὶ
2799 4315 2898 4378 τῆς
2928 4311 3152 4366 ἑκάστου
3189 4310 3396 4366 τούτων
3428 4310 3639 4388 φύσεως
3667 4311 3770 4365 τὸν

2117 4404 2286 4479 λόγον
2325 4408 2585 4472 ποιεῖται,
2619 4401 2652 4455 ἃ
2697 4403 2787 4456 καὶ
2831 4399 3221 4478 προϋφεστάναι
3256 4400 3308 4455 ἐν
3357 4404 3438 4472 τῷ
3468 4404 3584 4472 Θιῷ
3627 4401 3776 4454 κατὰ

2113 4494 2426 4568 πρόγνωσιν
2455 4491 2544 4546 καὶ
2569 4492 2630 4546 τὸ
2656 4489 2992 4566 προωρίσθαι
3027 4489 3231 4566 ε’ίρηκε.

427 4586 503 4636 Et
531 4585 831 4638 essentiam
859 4583 1155 4654 prwhabet.
1207 4585 1368 4650 Quod
1403 4585 1658 4658 cognitio
1688 4586 2003 4642 essentiam

2187 4581 2290 4640 Καὶ
2324 4580 2506 4635 οὐσίαν
2531 4578 2781 4655 προέχει.
2812 4580 2934 4636 ’Ότι
2968 4581 3002 4648 ἡ
3035 4583 3232 4653 γνῶσις
3258 4579 3358 4646 τήν
3390 4578 3574 4633 οὐσίαν
3607 4579 3775 4652 προέο

354 4671 736 4743 anticipatam
771 4677 828 4728 et
856 4679 991 4729 ante
1024 4674 1508 4746 comprehensam
1539 4676 1774 4731 habeat.

428 4760 576 4817 Sicut
605 4767 658 4817 et
688 4763 806 4816 lux.
843 4762 1219 4818 Conﬁrmatio
1242 4764 1312 4818 ab
1337 4764 1604 4834 exemplo
1629 4785 1642 4833 ;
1677 4764 1831 4819 sicut
1853 4764 2008 4818 enim

356 4853 404 4908 si
439 4853 656 4923 aliquis
688 4855 982 4923 supponat
1025 4850 1214 4906 lucem
1267 4852 1418 4907 hanc
1466 4853 1781 4920 visibilem,
1817 4852 2009 4909 mente

356 4946 412 4998 et
444 4941 668 4997 ratione
717 4940 1017 5012 praeditam
1071 4956 1216 5005 esse,
1251 4945 1453 5010 postea
1485 4940 1650 4995 illum
1691 4942 2010 5014 interroge-

356 5048 515 5098 mus,
547 5048 691 5086 num
749 5030 951 5086 lumen
985 5029 1256 5086 tenebras
1306 5035 1639 5101 cognoscat,
1679 5029 2006 5102 dixeritque

355 5136 730 5191 cognoscere,
761 5122 939 5176 etiam
986 5119 1328 5190 priusquam
1360 5119 1613 5174 tenebrae
1645 5126 1879 5188 essent;
1914 5137 2010 5176 co-

358 5225 641 5280 gnoscere
674 5214 869 5264 autem
904 5226 1018 5264 non
1052 5208 1411 5279 experientia
1432 5207 1666 5280 aliqua;
1696 5209 2012 5280 [quomodo

358 5297 514 5352 enim
567 5297 764 5353 lumen
797 5299 1066 5354 tenebras
1107 5296 1332 5354 sciret?
1380 5297 1432 5353 si
1470 5296 1625 5352 enim
1679 5298 1757 5353 sit
1785 5297 2008 5367 lumen,

2118 4693 2208 4748 χει
2237 4670 2325 4726 καὶ
2356 4668 2807 4746 προσυνείληφεν.

2188 4764 2392 4834 ’Ὠσπερ
2450 4757 2542 4812 καὶ
2593 4757 2652 4812 τὸ
2712 4761 2844 4834 φῶς.
2902 4760 3187 4813 ¹¹Απτωτον
3238 4757 3301 4811 τὸ
3357 4762 3457 4825 τῆς
3513 4751 3769 4831 παραϐο-

2120 4848 2243 4919 λῆς·
2279 4847 2460 4924 ὣσπερ
2490 4847 2588 4921 γὰρ
2621 4844 2667 4900 ε’ί
2695 4868 2778 4908 τις
2807 4845 3068 4910 ὑπόθοιτο
3111 4845 3174 4900 τὸ
3205 4850 3318 4923 φῶς
3349 4849 3509 4900 τοῦτο
3537 4847 3602 4901 τὸ
3635 4847 3772 4922 ὁρα-

2117 4940 2209 4994 τὸν
2239 4937 2418 4993 ἔννουν
2473 4937 2605 4991 εἶναι
2654 4935 2744 4990 καὶ
2795 4934 3038 5011 λογικόν·
3090 4936 3200 4990 εἶτα
3251 4932 3620 5008 πυθοίμεθαδδ
3675 4935 3771 4990 αὗ-

2119 5033 2239 5095 τοῦ,
2289 5026 2335 5082 εἰ
2383 5027 2637 5102 γινώσκει
2684 5025 2744 5079 τὸ
2794 5024 3004 5094 σκότος,
3055 5025 3118 5079 τὸ
3176 5021 3233 5078 δὶ
3263 5022 3407 5078 ε’ίποι
3459 5025 3772 5098 γινώσκειν,

2120 5119 2207 5172 καὶ
2243 5116 2369 5192 πρὶν
2402 5114 2623 5190 γένηται
2655 5113 2717 5168 ἃν
2750 5115 2811 5170 τὸ
2843 5113 3056 5176 σκότος·
3082 5114 3366 5188 γινώσκειν
3417 5110 3474 5168 δὲ
3526 5113 3588 5168 οὐ
3636 5113 3772 5168 κατά

2119 5227 2240 5262 τινα
2297 5211 2510 5280 πεῖραν,
2571 5207 2711 5278 (πῶς
2757 5205 2858 5280 γὰρ
2902 5201 3016 5258 ’ίδοι
3047 5203 3238 5264 σκότος
3267 5202 3328 5256 τὸ
3359 5206 3512 5279 φῶς;
3574 5201 3620 5256 εί
3668 5203 3771 5278 γὰρ

2124 5301 2258 5374 φῶς,
2319 5293 2418 5349 οὐκ
2469 5292 2614 5348 ἔσται
2672 5293 2916 5366 σκότος’)
2973 5291 3118 5348 ἀλλᾶ
3163 5292 3448 5368 γινώσκειν
3508 5290 3653 5347 ε’ίποι
3705 5293 3772 5346 τὸ

1353 5469 1599 5526 VARle
1647 5470 2040 5528 LECTIONES
2090 5470 2183 5528 ET
2215 5467 2770 5528 CORRECTIONES.

429 5616 475 5650 ‘9
500 5616 914 5686 καταλάμπεται
991 5612 1034 5649 ⁵ο
1065 5608 1268 5688 ἐφίεται
1306 5611 1399 5683 μὲν
1427 5610 1478 5681 ἐξ
1509 5611 1737 5740 ἀλογίας
1769 5616 2016 5689 γενέσθαι
2047 5611 2252 5675 ἰσόθεος
2288 5613 2315 5667 ὁ
2349 5609 2502 5686 δαιμ.
2578 5613 2620 5649 ⁸¹
2653 5609 3009 5684 ἀλογίσαντες
3043 5603 3100 5662 δὲ
3125 5604 3346 5670 ἑαυτοὺς
3381 5606 3472 5662 καὶ
3529 5607 3608 5681 μὴ
3662 5607 3776 5682 μεί-

429 5707 539 5740 vta:
570 5687 723 5740 ὅπερ.
802 5686 846 5720 ⁶²
877 5679 1238 5740 παράδειγμα·
1315 5683 1361 5718 ⁸³
1388 5683 1616 5740 πυθώμε
1655 5705 1704 5740 α.

1655 5705 1704 5740 α.

357 5707 539 5750 ναντες
570 5683 727 5760 ὅπερζ
802 5686 846 5720 ⁶²
877 5683 1238 5758 παράδειγμα·
1315 5683 1361 5718 ⁸³
1388 5683 1616 5755 πυθώμε
