4024 6200
313 344 416 400 351

1136 348 1500 400 APPENDIX
1538 347 1633 398 AD
1671 341 1910 397 OPERA
1946 342 2007 392 8.
2047 338 2362 394 DIONYSII
2399 339 2903 394 AREOPAGITE.

3625 339 3738 394 352

316 483 511 522 rerum
541 469 630 520 est
661 466 918 538 cognitio
950 467 1094 521 191
1136 468 1262 538 ejus
1302 467 1402 538 qui
1455 464 1587 520 illas
1636 460 1968 534 disposuit;

2097 463 2273 532 (vilicm;
2303 457 2412 513 ἐστι
2462 463 2558 514 τοῦ
2599 457 2942 530 διατάξαντος
2981 476 2996 495 ⁸
3043 460 3111 514 τὰ
3161 461 3265 533 γὰρ
3305 454 3450 528 ὄντα,
3481 460 3734 515 τουτέστι

316 572 410 611 res
435 555 689 623 enim,id
724 559 814 610 est
843 555 1136 622 formm,et
1169 555 1412 628 singulas
1440 557 1740 622 creaturae,
1765 564 1974 621 nempe

317 645 552 700 ordines
584 645 831 716 angelici
864 650 919 699 et
951 644 1254 701 sensibilia
1285 643 1503 712 omnia,
1527 643 1813 714 imagines
1835 643 1976 695 sunt

318 751 382 788 ac
415 733 836 790 similitudines
866 734 1197 790 divinarum
1234 735 1518 802 idearum,
1549 747 1650 788 seu
1681 728 1974 800 exempla-

321 823 406 880 ria
437 841 635 880 eorum
669 841 799 896 qua:
828 824 885 878 in
923 825 1059 894 Deo,
1091 841 1215 896 quae
1255 823 1610 895 exemplaria
1636 825 1775 876 sunt
1805 817 1976 874 intel-

320 911 599 968 lectiones
629 920 859 968 aeternae
888 914 1010 981 Dei,
1047 930 1149 986 per
1178 931 1326 984 quas
1372 918 1430 968 et
1477 912 1801 968 secundum
1832 922 1977 980 quas

321 1002 520 1057 omnia
553 1008 719 1057 erant
749 1003 807 1056 in
842 1003 1010 1073 ipso;
1043 1020 1156 1057 non
1210 1003 1326 1058 alia
1374 1006 1566 1058 autem
1625 1001 1695 1056 ab
1740 999 1890 1071 ipso,
1924 999 1982 1052 et

324 1093 614 1163 producta
645 1091 1068 1155 fuerunt,sicut
1097 1090 1509 1146 divinissimus
1533 1089 1790 1145 Joannes
1820 1087 1900 1142 ait
1921 1085 1976 1140 in

324 1180 663 1250 Apocalypsi
712 1180 1026 1250 quemdam
1078 1179 1578 1235 nobilissimorum
1636 1177 1977 1249 angelorum

323 1268 435 1323 sibi
468 1267 706 1333 dixisse,
742 1267 894 1336 quod
946 1266 1146 1322 omnia
1193 1272 1361 1322 erant
1402 1271 1459 1321 et
1508 1267 1768 1330 fuerunt,
1822 1261 1982 1317 ideas

324 1355 676 1427 intelligens,
698 1355 838 1426 quia
869 1360 1036 1410 erant
1060 1361 1118 1412 et
1147 1355 1436 1427 imagines
1466 1359 1524 1410 et
1553 1354 1819 1409 idearum
1863 1350 1983 1406 sive

319 1443 744 1516 exemplarium
779 1444 1224 1513 similitudines,
1251 1462 1377 1516 qua;
1410 1443 1609 1501 omnia
1642 1442 1793 1498 facta
1822 1443 1980 1496 sunt.

322 1533 470 1590 Nam
503 1551 630 1605 quae
663 1532 1002 1606 intelligunt
1030 1549 1232 1590 eorum
1286 1551 1410 1605 qua:
1457 1531 1894 1604 intelliguntur,
1926 1531 1984 1584 et

322 1621 599 1677 inferiora
633 1626 773 1677 sunt
805 1623 1172 1694 superiorum
1209 1623 1518 1694 imagines.
1551 1621 1770 1676 Horum
1801 1617 1985 1690 igitur

322 1710 588 1765 omnium
610 1710 904 1766 ablatione
925 1711 1100 1779 (Deus
1120 1711 1274 1766 enim
1300 1728 1333 1766 a
1355 1712 1530 1766 rebus
1551 1713 1855 1780 exemptus
1871 1709 1982 1761 est:

2081 547 2149 601 τὰ
2179 544 2322 618 ε’ίδη,
2363 547 2452 602 καὶ
2504 550 2560 602 αἱ
2611 550 2729 603 καθ’
2781 546 3002 604 ἕκαστον
3053 547 3274 616 κτίσεις,
3326 547 3437 602 οἶον
3484 549 3541 602 αἱ
3575 549 3736 623 ἀγγε-

2085 635 2236 690 λικαὶ
2293 637 2488 706 τάξεις,
2545 638 2634 692 καὶ
2688 639 2756 692 τά
2825 637 3055 706 αἰσθητά
3121 637 3314 705 πάντα,
3373 636 3577 699 εἰκόνες
3631 638 3736 692 εἱσί

2084 724 2173 778 καὶ
2208 725 2538 798 ὁμοιώματα
2567 730 2672 780 τῶν
2721 727 2877 791 θείων
2929 725 3111 796 ἰδεῶν,
3151 725 3276 796 ἤτοι
3324 725 3742 803 παραδείγματα

2084 817 2193 867 τῶν
2244 813 2294 868 έν
2349 819 2443 886 τῷ,
2511 817 2663 870 ἅτινα
2715 813 3146 891 παραδείγματα,
3180 817 3235 870 αἱ
3296 813 3463 870 ἀΐδιοι.
3517 819 3742 886 νοήσεις

2088 901 2185 965 εἷςὶ
2213 907 2309 958 τοῦ
2341 909 2498 972 Θεοῦ,
2547 902 2619 958 δι’
2665 904 2727 967 ἃς
2784 905 2872 960 καὶ
2917 906 3036 970 καθ’
3089 904 3149 966 ἃς
3200 907 3405 959 ἅπαντα
3455 907 3522 973 ἧν
3553 905 3605 958 έν
3639 905 3744 959 αὖ-

2089 996 2187 1062 τῷ,
2219 992 2330 1067 οὑχ
2375 989 2533 1065 ἵτερα
2583 989 2711 1048 ὄντα
2759 993 2948 1062 αὐτοῦ,
2978 993 3067 1047 καὶ
3118 995 3465 1069 παραχθέντα
3494 994 3743 1068 γέγονεν,

2090 1082 2165 1142 ὡς
2197 1081 2286 1135 καὶ
2319 1080 2370 1136 έν
2402 1087 2471 1156 τῇ
2517 1081 2891 1156 Ἀποκαλύψει
2935 1084 2963 1137 6
3013 1081 3286 1146 θειότατος
3319 1083 3577 1151 Ἰωάννης
3607 1079 3747 1158 φησί

2089 1191 2212 1225 τινα
2238 1175 2344 1226 τῶν
2395 1166 2777 1247 πρεσϐυτάτων
2830 1169 3075 1248 ἀγγέλων
3127 1172 3295 1226 εἰπεῖν
3343 1171 3510 1244 αὐτῷ,
3559 1171 3644 1225 ὅτι
3677 1173 3750 1225 τὰ

2090 1261 2262 1314 πάντα
2286 1261 2422 1329 ἦσαν
2453 1261 2542 1315 καὶ
2583 1261 2858 1336 γέγόνασι,
2890 1263 2984 1324 τὰς
3031 1259 3174 1325 ἰδέας
3203 1258 3404 1336 λέγων,
3439 1263 3523 1315 δτι
3554 1261 3694 1329 ἦσαν
3729 1279 3745 1292 ⁸

2089 1350 2180 1403 καὶ
2210 1349 2304 1411 τὰς
2363 1349 2574 1413 εἶ’κόνας
2632 1351 2721 1405 καὶ
2780 1352 2848 1405 τά
2895 1351 3226 1424 ὁμοιώματα
3270 1354 3377 1404 τῶν
3420 1347 3578 1404 ἰδεῶν
3611 1349 3747 1418 ἦτοι

2092 1435 2568 1514 παραδειγμάτων,
2595 1440 2662 1494 τὰ
2696 1439 2959 1516 γεγονότα
3005 1440 3202 1495 πάντα.
3237 1441 3361 1496 Τῶν
3393 1440 3493 1515 γὰρ
3524 1443 3750 1508 νοητῶν

2089 1527 2156 1582 τὰ
2194 1527 2354 1603 νοερὰ
2403 1526 2625 1596 εἰκόνες,
2678 1528 2767 1583 καὶ
2817 1533 2924 1584 τῶν
2975 1523 3428 1599 ὑπερϐεϐηκότων
3480 1529 3548 1581 τά
3607 1528 3748 1581 ὑπο-

2093 1611 2387 1686 ϐεϐηκότα.
2421 1619 2571 1673 Κατὰ
2616 1617 2888 1695 ἀφαίρεσιν
2947 1618 3040 1672 οὖν
3082 1617 3289 1672 τούτων
3330 1619 3546 1672 πάντων
3575 1616 3748 1694 (ἀφῇ-

2094 1726 2253 1781 ρηται
2305 1706 2407 1781 γὰρ
2461 1710 2568 1760 τῶν
2633 1702 2805 1761 ὄντων
2859 1707 2886 1760 6
2936 1707 3087 1778 Θεὸς,
3137 1704 3289 1760 οὐδὲν
3349 1702 3421 1759 ὢν
3480 1711 3588 1760 τῶν
3654 1706 3751 1759 ὑπ’

321 1816 456 1855 cum
506 1799 649 1854 nihil
699 1801 778 1855 sit
826 1817 1028 1856 eorum
1080 1818 1208 1872 qua
1261 1800 1492 1868 creavit,
1545 1799 1644 1856 sed
1704 1795 1980 1852 omnibus

2097 1795 2256 1850 αὐτοῦ
2314 1793 2662 1866 κτισθέντων,
2716 1793 2843 1851 ἀλλ’
2890 1795 3111 1872 ἀφάτως
3172 1794 3450 1871 ὑπερέχων
3500 1796 3751 1867 πάντων)

319 1887 697 1944 inett‘abiliter
724 1888 1036 1960 excellens)
1061 1907 1160 1962 per
1176 1889 1577 1946 excellentiam
1610 1884 1979 1958 cognoscitur

319 1976 496 2034 Deus.

397 2089 482 2141 Ex
526 2088 702 2158 ipsius
746 2090 972 2142 natura.
1005 2087 1152 2143 Nota
1201 2086 1591 2142 necessariam
1639 2082 1978 2139 facilitatem

322 2177 394 2232 ad
428 2176 664 2247 pietatis
695 2177 1119 2232 defensionem.

391 2287 460 2337 Et
499 2284 768 2353 imagines
801 2283 1090 2354 quasdam.
1131 2284 1245 2338 Hoc
1269 2282 1394 2338 loco
1428 2298 1531 2355 per
1559 2281 1756 2336 divina
1785 2293 1980 2335 exem-

322 2371 509 2442 plaria
566 2370 958 2444 intelligenda:
990 2377 1133 2428 sunt
1161 2371 1799 2442 pradeterminationes
1831 2385 1980 2439 qua-

322 2477 454 2515 rum
513 2477 606 2516 res
665 2467 868 2516 creatae
918 2461 1206 2534 imagines
1257 2465 1415 2517 sunt.
1470 2461 1787 2532 Apostolus
1836 2475 1981 2531 prea-

323 2549 618 2604 ﬁnitiones
661 2549 907 2615 vocavit,
953 2555 1020 2605 ut
1067 2550 1126 2604 in
1179 2550 1437 2622 Epistola
1467 2551 1538 2604 ad
1568 2549 1850 2621 Ephesios
1883 2549 1978 2620 (y),

323 2637 524 2694 dicens
551 2654 564 2692 :
616 2639 928 2694 Secundum
958 2640 1388 2711 pra/ﬁnitionem
1417 2640 1770 2695 saeculorum.
1804 2642 1981 2693 Porro

325 2726 385 2781 in
439 2728 737 2798 omnibus,
789 2726 1013 2783 scilicet
1072 2729 1376 2794 creaturis,
1429 2728 1822 2798 cognoscitur,
1871 2725 1980 2782 sic-

329 2819 393 2870 ut
450 2817 656 2870 artifex
716 2816 775 2870 in
834 2816 906 2871 iis
966 2833 1093 2887 quae
1153 2820 1276 2871 arte
1334 2815 1678 2871 elaboravit.
1738 2816 1982 2870 Prorsus

327 2918 461 2958 vero
491 2909 781 2973 quantum
815 2906 888 2959 ad
920 2904 1240 2960 essentiam
1272 2909 1580 2976 separatus
1598 2909 1688 2958 est
1703 2905 1775 2958 ab
1792 2903 1981 2958 omni-

323 2993 460 3058 bus,
494 2999 550 3046 et
577 2991 794 3048 idcirco
827 3009 958 3048 cum
990 2993 1067 3048 sit
1097 2993 1376 3064 operibus
1406 2994 1669 3064 ignotus,
1704 2992 1981 3062 ignoran-

324 3081 406 3134 tia
446 3081 839 3151 cognoscitur,
875 3082 1030 3137 sicut
1080 3082 1255 3137 etiam
1305 3088 1709 3138 creaturarum
1761 3079 1982 3136 intelle-

2092 1886 2439 1960 ὑπεροχικῶς
2466 1888 2784 1960 γινώσκεται
2812 1885 2840 1938 6
2871 1884 3022 1946 Θεός.

2158 2082 2254 2138 Ἐκ
2307 2089 2407 2151 τῆς
2483 2083 2650 2136 αὐτοῦ
2726 2081 2960 2159 φύσεως.
3041 2083 3360 2154 Σημείωσαι
3439 2081 3739 2156 ἀναγκαῖον

2088 2172 2385 2250 πρόχειρον
2420 2171 2494 2235 εἷς
2527 2167 2802 2236 εὐσεϐείας
2834 2172 3162 2248 ἀπολογίαν.

2162 2281 2238 2354 [α]
2274 2279 2371 2334 Καὶ
2404 2279 2612 2342 εἰκόνας
2658 2279 2830 2342 τινάς.
2888 2281 3146 2336 Ἐνταῦθα
3185 2281 3302 2335 θεῖα
3330 2276 3750 2354 παραδείγματα

2087 2367 2215 2430 τοὺς
2263 2368 2640 2444 προορισμοὺς
2709 2367 3033 2440 έκΑηπτέον,
3114 2370 3190 2423 ὧν
3264 2369 3466 2430 εἰκόνες
3519 2370 3586 2424 τά
3641 2373 3749 2432 τῆς

2089 2457 2316 2518 κτίσεως
2379 2455 2812 2530 ἀποτελέσματα.
2862 2458 2997 2520 Τοὺς
3039 2455 3096 2512 δὲ
3139 2456 3511 2532 προορισμοῦς
3539 2457 3749 2530 προθέ·

2091 2566 2203 2608 σεις
2236 2544 2484 2600 ἐκάλεσεν
2519 2547 2546 2600 6
2579 2545 2939 2614 Ἀπόστολος,
2992 2546 3068 2610 ὡς
3097 2545 3250 2610 έν,τῆ
3288 2546 3424 2618 πρὸς
3452 2545 3744 2622 Ἐφεσίους

2091 2633 2282 2692 εῗπὼν.
2317 2637 2465 2691 Κατά
2495 2635 2747 2710 πρόθεσιν
2790 2640 2896 2690 τῶν
2947 2635 3183 2691 αἶ’ώνων.
3237 2637 3322 2691 Ἐν
3373 2639 3502 2689 πᾶσι
3533 2631 3593 2688 δὲ
3622 2639 3748 2695 τοῖς

2089 2723 2348 2797 κτίσμασι
2382 2722 2596 2794 δηλαδὴ
2630 2726 2682 2798 [6
2733 2725 2881 2798 Θεὸς]
2928 2726 3268 2801 γινώσκεται,
3318 2724 3392 2786 ὡς
3424 2724 3452 2778 ὁ
3481 2722 3748 2798 τεχνίτης

2093 2813 2143 2868 έν
2175 2819 2293 2876 τοῖς
2321 2820 2635 2889 τεχνητοῖς.
2664 2816 2845 2883 Πάντη
2877 2810 2934 2869 δὲ
2963 2815 3374 2889 κεχώρισταιτὸ
3405 2814 3521 2868 κατ’
3553 2812 3746 2867 οὐσίαν

2089 2907 2197 2958 τῶν
2226 2903 2441 2958 πάντων
2477 2923 2492 2937 ⁶
2526 2904 2806 2958 κάντεῦθεν
2853 2902 3129 2978 ἄγνωστος
3176 2901 3247 2957 ὢν
3279 2907 3396 2965 τοῖς
3422 2907 3747 2976 τεχνητοῖς,

2092 2992 2151 3047 ἐκ
2179 2999 2279 3062 τῆς
2307 2993 2609 3066 [τοιαύτης]
2635 2993 2905 3068 ἀγνωσίας
2931 2993 3276 3068 γινώσκεται,
3309 2991 3489 3066 ὥσπερ
3521 2990 3612 3044 οὖν
3645 2991 3746 3044 καὶ

2093 3079 2182 3136 διά
2227 3089 2328 3151 τῆς
2375 3083 2483 3136 τῶν
2531 3081 2840 3154 κτισμάτων
2885 3080 3314 3154 ἐπιστημονικῆς
3359 3080 3754 3150 κατανοήσεώς

325 3167 516 3223 ctione
542 3173 598 3224 et
627 3169 959 3240 cognitione
991 3187 1120 3242 quae
1151 3171 1457 3226 scientiam
1491 3170 1661 3243 parit.
1696 3170 1825 3226 Haec
1870 3169 1977 3223 ita-

2097 3192 2147 3225 τε
2178 3171 2267 3225 καὶ
2314 3172 2588 3246 γτώσεως,
2639 3174 2822 3228 Ταῦτα
2872 3171 2967 3226 οὗν
3016 3166 3486 3244 έπαναλαμϐἀνων
3535 3173 3758 3242 συνῆψε

321 3274 435 3329 que
468 3274 778 3314 resumens
806 3259 1108 3329 conjunxit
1148 3277 1276 3331 quae
1325 3264 1657 3331 sequuntur
1701 3261 1771 3315 ad
1823 3258 1978 3314 idem

321 3347 604 3411 Quoniam
638 3347 696 3401 in
733 3347 848 3403 Deo
881 3348 1022 3403 ideae
1055 3348 1403 3404 animalium
1449 3354 1506 3404 et
1554 3349 1821 3404 omnium
1852 3364 1980 3418 quas

321 3435 383 3489 in
415 3441 625 3490 natura
655 3435 895 3491 omnino
927 3441 1088 3504 sunt,
1135 3454 1250 3492 non
1303 3437 1443 3494 item
1490 3437 1666 3493 veluti
1713 3435 1982 3507 singulo-

322 3540 453 3578 rum
487 3525 711 3595 species
760 3531 815 3580 et
865 3525 1184 3581 simulacra
1232 3543 1433 3582 eorum
1485 3543 1609 3598 quae
1651 3525 1769 3580 illic
1800 3527 1977 3592 sunt;

319 3629 456 3668 nam
489 3618 700 3669 cuncta
729 3630 856 3685 qua
891 3613 979 3669 hic
1011 3620 1171 3681 sunt,
1204 3619 1347 3670 sunt
1404 3632 1608 3670 eorum
1659 3632 1786 3686 quaa
1836 3613 1978 3680 illic,

319 3702 677 3770 simulacra;
713 3703 1004 3775 siquidem
1039 3709 1094 3759 et
1125 3705 1257 3778 ipsa
1295 3705 1494 3761 anima
1542 3709 1743 3760 nostra
1790 3704 1982 3776 imago

320 3796 408 3846 est
439 3809 504 3846 ac
534 3791 920 3848 simulacrum
951 3792 1112 3849 ideae.

295 3876 316 3896 ι(

399 3902 465 3953 Et
522 3916 618 3970 per
672 3901 1036 3970 cognitionem
1098 3901 1262 3955 Deus.
1308 3901 1608 3967 Quomodo
1668 3901 1824 3956 Deus
1880 3916 1984 3972 per

323 3989 618 4042 contraria
666 3995 1073 4059 cognoscatur,
1112 3995 1171 4044 et
1201 4007 1304 4061 per
1335 3990 1759 4045 affirmationes
1807 3995 1984 4060 atque

323 4073 682 4142 negationes,
719 4078 1111 4144 percurrendo
1154 4077 1433 4133 declarat.
1465 4078 1583 4133 Etsi
1615 4079 1772 4134 enim
1804 4077 1983 4134 etiam

326 4161 602 4231 superius
644 4162 700 4215 in
754 4165 945 4234 capite
990 4166 1176 4236 primo
1226 4166 1457 4232 dixerit,
1493 4166 1637 4221 nihil
1669 4183 1798 4222 esse
1829 4166 1984 4236 quod

327 4249 425 4304 Dei
477 4251 796 4306 essentiam
851 4259 1270 4323 repraesentare
1309 4260 1506 4326 queat,
1540 4270 1726 4325 neque
1757 4254 1985 4308 intelle-

321 4339 597 4410 ctionem,
630 4357 818 4413 neque
849 4347 1091 4410 tactum,
1127 4359 1313 4415 neque
1345 4343 1849 4416 imaginationem,
1881 4359 1986 4398 ne-

325 4445 438 4498 que
491 4429 851 4501 opinionem,
887 4446 992 4486 nec
1029 4431 1279 4502 denique
1309 4432 1508 4488 omnia
1539 4449 1663 4503 quae
1694 4431 1774 4487 ibi
1805 4437 1863 4486 et
1890 4432 1987 4486 hic

321 4516 552 4586 dixerit,
587 4536 712 4590 quae
760 4520 936 4575 etiam
975 4518 1094 4575 illic
1125 4520 1588 4592 explicavimus;
1640 4537 1792 4576 nunc
1844 4520 1987 4577 dicit

324 4611 507 4662 Deum
540 4608 718 4664 etiam
753 4625 856 4680 per
888 4607 988 4664 illa
1016 4626 1144 4680 quae
1195 4609 1275 4664 ibi
1325 4615 1533 4682 negata
1581 4619 1738 4678 sunt,
1773 4627 1984 4682 cogno-

323 4698 429 4767 sci,
457 4713 572 4753 non
604 4699 845 4770 quidem
877 4699 1007 4768 ejus
1036 4700 1453 4767 essentiam,et
1481 4716 1511 4756 e
1543 4697 1834 4756 Contraria
1851 4717 1986 4756 eum

323 4785 470 4841 nihil
521 4785 754 4842 illorum
818 4787 1032 4843 habere
1089 4789 1242 4845 I92
1295 4795 1358 4844 ut
1410 4788 1985 4861 comprehendatur:

326 4875 524 4946 itaque
555 4881 619 4931 ut
649 4877 916 4932 omnium
963 4882 1188 4946 auctor,
1221 4895 1288 4932 ex
1319 4879 1392 4933 iis
1424 4894 1554 4949 quae
1585 4878 1860 4950 produxit
1889 4895 1988 4934 co-

326 4965 660 5036 gnoscitur;
699 4971 763 5021 ut
803 4982 937 5021 vero
969 4966 1114 5021 nihil
1147 4971 1237 5021 est
1265 4983 1467 5022 eorum
1518 4984 1644 5039 quae
1695 4967 1988 5039 produxit,

329 5060 527 5108 manet
557 5055 628 5109 ab
661 5055 940 5111 omnibus
973 5054 1245 5126 ignotus;
1280 5058 1574 5127 quomodo
1606 5061 1800 5111 autem
1825 5055 1989 5126 igno-

325 5141 553 5197 ratione
581 5148 990 5214 cognoscatur,
1010 5145 1104 5200 hic
1136 5144 1298 5216 dicit,
1324 5149 1380 5201 et
1409 5144 1682 5216 superius
1713 5145 1771 5199 in
1803 5144 1992 5216 capite

327 5230 586 5286 secundo
617 5232 842 5288 dictum
873 5240 981 5290 est.

396 5338 462 5391 Et
502 5352 678 5409 neque
725 5338 1096 5412 intelligitur.
1133 5341 1275 5400 Nam
1324 5359 1428 5415 per
1474 5346 1666 5398 creata
1711 5340 1992 5413 intelligi-

330 5443 486 5498 mus,
515 5430 823 5488 scientiam
855 5433 1248 5506 attingimus;
1277 5434 1568 5494 habemus
1607 5440 1790 5492 Deum
1841 5452 1990 5493 esse-

401 5663 479 5739 (y)
506 5663 643 5736 Cap.
668 5679 754 5734 in,
785 5680 837 5722 ν.
867 5664 954 5719 it.

2092 3261 2160 3315 τά
2202 3255 2441 3332 ἑπόμενα
2485 3258 2560 3322 εἷς
2615 3261 2677 3314 τὸ
2721 3258 2873 3314 αὐτό.
3079 3257 3306 3328 Ἐπειδή
3357 3259 3448 3314 καὶ
3495 3258 3551 3312 αἱ
3603 3255 3754 3312 ἰδέαι

2088 3353 2193 3402 τῶν
2225 3349 2378 3417 ζώων
2433 3347 2483 3402 έν
2542 3353 2622 3420 τῷ
2679 3347 2794 3420 Θεῷ
2842 3348 2932 3402 καὶ
2985 3347 3201 3403 πάντων
3246 3353 3354 3403 τῶν
3398 3347 3532 3402 κατά
3581 3346 3752 3422 φύσιν

2091 3437 2191 3491 εἶσὶ
2215 3436 2478 3504 καθόλου,
2510 3435 2638 3491 ἀλλ’
2686 3435 2792 3492 οὐχ
2841 3437 2914 3498 ὠς
2969 3441 3075 3491 τῶν
3121 3438 3238 3491 καθ’
3286 3433 3482 3491 ἕκαστα
3529 3432 3746 3490 ε’ίδωλα

2088 3527 2174 3581 καὶ
2212 3526 2540 3599 ὁμοιώματά
2572 3526 2672 3581 εἰσι
2701 3529 2810 3579 τῶν
2857 3524 2968 3580 ἐκεῖ
3014 3525 3082 3579 τὰ
3127 3523 3352 3580 ἐνταῦθα
3386 3544 3399 3557 ⁸
3428 3523 3604 3579 πάντα
3632 3526 3753 3599 γὰρ

2131 3617 2144 3632 ς
2197 3614 2260 3670 νδ
2343 3613 2399 3636 «με
2545 3619 2610 3649 _..
2751 3619 2832 3648 ...ο
2992 3615 3006 3634 ς
3218 3614 3233 3632 ς
3353 3615 3368 3636 κ
3440 3613 3467 3650 τι
3681 3615 3698 3631 ς

2087 3638 2154 3671 τα
2183 3638 2228 3669 ω
2269 3637 2291 3669 ε
2322 3615 2524 3671 ειοωλα
2555 3637 2651 3669 των
2688 3613 2796 3669 ἐκει
2867 3617 2901 3683 ἡ
2944 3634 3048 3689 γαρ
3087 3617 3240 3689 ψυχη
3283 3635 3369 3668 και
3404 3634 3538 3682 αδτη
3579 3613 3750 3668 εἰκων

2088 3705 2175 3759 καὶ
2211 3704 2468 3778 ὁμοίωμα
2500 3708 2601 3769 τῆς
2634 3701 2800 3765 ἰδέας.

2163 3902 2238 3974 [γ]
2273 3900 2374 3956 Καὶ
2410 3896 2497 3953 διὰ
2525 3899 2777 3974 γνώσεως
2808 3897 2836 3952 ὁ
2875 3896 3025 3960 Θεός.
3071 3901 3195 3959 Πῶς
3227 3893 3315 3951 διὰ
3342 3901 3448 3952 τῶν
3483 3895 3750 3951 ἐναντίων

2089 3987 2409 4065 γινώσκεται
2461 3989 2489 4042 6
2547 3988 2700 4056 Θεὸς,
2759 3987 2849 4041 καὶ
2905 3985 2995 4040 διὰ
3049 3990 3156 4040 τῶν
3219 3987 3437 4054 θέσεων,
3496 3986 3752 4040 καὶτῶν

2092 4079 2451 4155 ἀφαιρέσεων,
2486 4074 2653 4147 δηλοῖ
2701 4076 2924 4146 ἐπεξιὼν
2973 4074 3107 4130 αὐτά
3140 4093 3153 4106 ⁸
3199 4073 3247 4130 εἴ
3290 4075 3391 4150 γὰρ
3422 4074 3513 4129 καὶ
3545 4072 3658 4128 ἅνω
3694 4073 3754 4130 ἐν

2089 4171 2171 4239 τῷ
2214 4166 2418 4240 πρώτῳ
2465 4162 2746 4242 κεφαλαίῳ
2807 4167 2945 4232 εἷπε,
3009 4161 3178 4236 μηδὲν
3231 4163 3365 4218 εἶναι
3419 4165 3519 4232 τῆς
3563 4161 3759 4225 οὗτίας

2091 4260 2188 4311 τοῦ
2220 4260 2353 4310 Θεοῦ
2397 4254 2815 4328 παραστατικὸν,
2869 4255 2944 4325 μή
2997 4254 3204 4324 νόησιν,
3261 4254 3334 4326 μὴ
3387 4251 3622 4328 ἐπαφὴν,
3670 4255 3757 4326 μὴ

2096 4343 2405 4421 φαντασίαν,
2450 4343 2524 4416 μή
2559 4339 2733 4415 δόξαν,
2771 4339 2900 4415 μηδ’
2952 4340 3050 4396 ὅσα
3096 4338 3196 4418 ἔφη
3241 4341 3352 4396 ἐκεῖ
3379 4341 3468 4395 καὶ
3501 4341 3756 4410 ἐνταῦθα,

2095 4436 2245 4489 ἅτινα
2273 4433 2361 4488 καὶ
2411 4432 2828 4507 ἡρμηνεύσαμεν
2888 4429 2940 4485 έν
2999 4430 3227 4493 ἐκείνοις
3263 4450 3276 4465 ο
3335 4435 3426 4485 νῦν
3474 4429 3753 4504 λέγεικαὶ

2097 4521 2185 4577 διὰ
2213 4527 2321 4577 τῶν
2355 4520 2466 4576 ἐκεῖ
2513 4521 2976 4596 ἀπηγορευμένων
3027 4519 3384 4594 γινώσκεσθαι
3430 4519 3522 4573 τὸν
3564 4519 3702 4574 Θεόν
3741 4538 3756 4552 ο

2099 4612 2160 4668 οὐ
2196 4613 2301 4685 μὴν
2348 4611 2449 4680 τὴν
2499 4609 2680 4664 οὐσίαν
2729 4609 2894 4664 αὐτοῦ
2928 4628 2940 4640 ·
2996 4609 3086 4663 καὶ
3130 4607 3294 4664 πάλιν
3355 4605 3522 4682 μηδὲν
3584 4606 3754 4662 αὐτὸν

2101 4697 2247 4776 ἔχειν
2277 4699 2486 4755 τούτων
2522 4700 2598 4761 εἰς
2630 4696 2959 4772 κατάληψιν.
2994 4699 3081 4760 Ὠς
3120 4698 3214 4771 μὲν
3249 4697 3339 4752 οὗν
3371 4695 3544 4758 αἴτιος
3578 4697 3754 4752 ἀπάν-

3253 4787 3328 4848 ὡς
3381 4784 3437 4840 δὲ
3468 4783 3642 4858 μηδὲν
3672 4785 3752 4839 ὢν

2096 4883 2203 4935 τῶν
2237 4877 2287 4948 ἐξ
2320 4878 2508 4950 αὺτοῦ,
2559 4879 2704 4951 μένει
2756 4875 3119 4952 ἀγνοούμενος
3177 4876 3280 4931 ὑπὸ
3328 4874 3544 4930 πάντων
3582 4897 3595 4908 ·
3628 4879 3754 4936 πῶς

2099 4967 2156 5022 δὲ
2213 4967 2302 5022 καὶ
2361 4965 2450 5022 διά
2503 4974 2606 5036 τῆς
2662 4965 2924 5040 ἀγνωσίας
2981 4957 3332 5041 γινώσκεται,
3383 4964 3472 5019 καὶ
3523 4962 3758 5018 ἐνταῦθά

2099 5078 2253 5135 φησι,
2285 5056 2373 5111 καὶ
2406 5056 2658 5131 ἀνωτέρω
2689 5053 2897 5130 εἴρηται
2929 5056 2981 5110 ἐν
3011 5053 3291 5133 κεφαλαίῳ
3323 5051 3576 5128 δευτέρῳ.

2095 4811 2228 4857 των,
2262 4789 2580 4863 γινώσκεται
2614 4799 2673 4843 εκ
2727 4786 2834 4842 τῶν
2882 4786 2931 4860 ἐξ
2990 4786 3153 4841 αὐτοῦ
3189 4806 3202 4820 ·

2170 5343 2277 5399 Καὶ
2337 5341 2460 5398 οὕτε
2505 5346 2733 5398 νοεῖται.
2793 5341 2890 5395 Διὰ
2935 5339 3039 5416 γὰρ
3092 5344 3200 5396 τῶν
3263 5336 3756 5415 δεδημιουργημέ-

2099 5453 2206 5490 νων
2235 5436 2487 5506 νοοῦμεν,
2521 5430 2871 5509 έφαπτόμεθα
2920 5432 3018 5500 τῆς
3062 5430 3393 5504 έπιστήμης,
3425 5426 3631 5506 ἔχομέν
3663 5431 3754 5486 ὅτι
