4024 6200
225 333 314 386 353
931 331 991 383 S.
1034 329 1302 382 MAXIMI
1339 327 1643 382 SCHOLIA
1681 327 1754 379 IN
1795 323 1927 375 LIB.
1970 323 2062 374 DE
2101 324 2376 377 DIVINIS
2413 325 2828 380 NOMINIBUS.
3481 327 3588 382 354

225 457 334 517 Θεὸς
362 450 482 508 ἔστι.
513 451 607 513 Τίς
638 447 714 522 δὶ,
745 449 781 520 ἢ
805 450 1118 521 ποταπὸς,ἢ
1150 447 1390 519 πηλίκος
1424 449 1581 511 αὐτὸς
1613 450 1641 503 6
1673 448 1814 518 Θεὸς,

1996 446 2086 502 uis
2117 453 2336 541 autem,
2371 453 2471 541 aut
2496 449 2826 520 qualis,aut
2857 454 3116 521 quantus
3148 453 3224 508 sit
3254 453 3377 524 ipse
3412 460 3585 541 Deus,

225 543 329 600 οὔτε
377 547 610 613 νοοῦμεν,
644 538 766 594 οὔτε
818 539 1184 612 ὀνομαζομεν,
1217 535 1341 594 οὔτε
1382 543 1460 610 νῷ
1505 538 1540 607 ἢ
1584 537 1814 607 αἰσθήσει

1995 553 2127 608 sque
2147 536 2755 610 intelligimus,neque
2779 540 3366 611 nominamus,neque
3389 535 3584 599 mente

223 625 695 702 καταλαμϐάνομεν.
727 631 962 702 ’Όμοιον
993 629 1093 702 γὰρ
1125 628 1304 700 τούτῳ
1335 627 1446 681 ἐστὶ
1496 627 1580 681 xui
1612 625 1674 680 τό
1694 645 1706 658 ⁸
1741 627 1812 682 Ἐι

1998 630 2040 680 It
2069 641 2246 681 sensu
2276 627 2853 698 comprehendimus.
2905 629 3051 683 Huic
3081 629 3238 684 enim
3271 629 3465 686 simile
3496 637 3587 688 est

223 722 356 776 πᾶσίν
385 719 513 774 ἐστιν
545 719 572 773 6
604 719 754 790 Θεὸς,
782 717 871 772 καὶ
903 717 956 772 ἐν
983 714 1166 772 οὐδενῖ
1195 721 1304 772 τῶν
1335 717 1549 771 πάντων
1583 715 1716 770 ἐστί.

1994 716 2080 769 lud
2121 731 2134 770 :
2167 715 2321 770 Deus
2345 716 2405 771 in
2437 717 2734 786 omnibus,
2769 721 2826 772 et
2877 718 2934 771 in
2985 718 3147 773 nullo
3180 720 3444 774 omnium
3476 726 3583 777 est.

282 817 403 865 Κατα
430 809 522 876 τὴν
555 808 684 882 ὑπὲρ
716 811 835 861 νοῦν
877 801 1088 862 ἕνωσιν.
1120 813 1196 876 Ση
1210 808 1458 878 μείωσαι,
1487 804 1568 859 ὅτι
1601 804 1736 858 κατὰ
1761 804 1830 859 τὰ

2010 804 2318 861 Secundum
2350 807 2505 861 illam
2536 823 2662 878 qua
2690 823 2859 879 supra
2900 807 3250 864 intellectum
3292 816 3394 880 est,
3424 811 3585 866 unio-

221 896 712 972 προπαρατεθειμένα
755 897 856 964 τήν
905 892 1097 950 ’ἐνωσιν
1148 889 1311 949 ἔλαϐε
1354 897 1452 963 τῆς
1515 895 1646 960 ὑπὲρ
1701 897 1810 947 νοῦη

1996 911 2082 950 rm.
2116 900 2260 950 Nota
2289 913 2423 951 eum
2457 898 2772 967 accepisse,
2806 897 2959 953 sicut
2991 897 3049 952 in
3070 899 3585 970 antepositis,con-

219 992 298 1042 τοῦ
324 991 443 1042 Θεοῦ
474 985 721 1058 θεωρίας.

1931 985 2300 1053 junctionem
2333 984 2575 1040 visionis
2607 985 2706 1039 Dei
2738 1002 2864 1056 quae
2898 991 3151 1041 mentem
3184 992 3440 1058 superat.

276 1075 402 1145 Αὕτη
436 1074 533 1150 γάρ
564 1073 839 1129 ἐστικατᾶ
884 1074 946 1128 τὸ
990 1071 1214 1148 Λόγιον.
1245 1076 1416 1127 Τοῦτο
1465 1072 1552 1126 xui
1614 1071 1674 1126 ἐκ
1728 1078 1828 1141 τῆς

2011 1072 2280 1140 Quoniam
2332 1075 2453 1145 ipsa
2499 1073 2795 1129 secundum
2843 1074 3178 1146 Scripturas.
3247 1076 3366 1131 Hoc
3409 1076 3584 1131 etiam

221 1163 392 1240 Σοφίας
441 1161 804 1235 Σολομῶντός
862 1161 1028 1232 ἐστιν,
1070 1159 1194 1225 ἔνθα
1243 1159 1454 1237 λέγεται
1503 1165 1741 1235 τεχνῖτις
1791 1162 1810 1213 ’ί

2000 1166 2028 1214 ι
2052 1177 2119 1216 ex
2151 1163 2450 1232 Sapientia
2469 1162 2800 1219 Salomonis
2822 1164 3025 1234 (z),ubi
3051 1165 3344 1234 sapientia
3373 1164 3589 1219 dicitur

219 1253 352 1330 σοφία
374 1257 472 1306 τῶν
502 1251 842 1305 πάντων’καὶ
874 1250 933 1304 ἐκ
960 1255 1068 1304 τῶν
1105 1249 1586 1323 Παροιμιῶν,ἕνθα
1618 1247 1804 1323 ε’ίρητα

1996 1250 2188 1304 nnium
2217 1251 2469 1322 arti/ex;
2501 1257 2557 1306 et
2595 1267 2663 1306 ex
2697 1252 3046 1319 Proverbiis,
3104 1252 3202 1307 ubi
3256 1269 3290 1307 a
3345 1253 3585 1324 Sapien-

214 1340 265 1396 ἐκ
287 1347 373 1409 τῆς
407 1341 646 1418 Σοφίαςο
683 1340 822 1414 Ἐγὼ
874 1338 1027 1413 ἤμην
1087 1337 1403 1414 ἁρμόζουσα
1452 1339 1580 1412 παρ’
1629 1337 1777 1410 αὐτῷ

1997 1355 2020 1393 ει
2050 1339 2266 1406 dicitur
2294 1357 2306 1395 :
2343 1342 2482 1396 Cum
2516 1357 2575 1396 eo
2605 1358 2767 1396 cram
2796 1346 2993 1396 cuneta
3014 1357 3342 1412 componens
3373 1342 3457 1413 (α)
3485 1363 3498 1410 ;
3529 1346 3586 1397 et

217 1431 290 1484 καὶ
315 1431 339 1484 6
367 1424 538 1483 Δαϐίδ”
577 1429 757 1484 Πάντα
785 1427 837 1484 έν
872 1427 1035 1505 σοφίᾳ
1063 1426 1349 1498 ἐποίησας.

1937 1427 2118 1482 David
2155 1445 2168 1483 :
2203 1428 2401 1484 Omnia
2427 1429 2487 1484 in
2514 1431 2798 1501 sapientia
2825 1429 3008 1500 fecisti
3037 1431 3131 1501 (ὁ).

272 1518 428 1594 Λόγος
483 1515 538 1572 δὶ
597 1519 626 1572 6
676 1516 829 1579 Θεός.
859 1516 988 1593 Περὶ
1045 1520 1141 1571 τοῦ
1190 1520 1324 1572 Θεοῦ
1369 1515 1572 1592 Λόγου,
1596 1515 1684 1570 καὶ
1738 1511 1828 1569 διὰ

2014 1516 2242 1572 Verbum
2271 1518 2442 1573 etiam
2473 1520 2632 1574 Deus.
2669 1520 2743 1575 De
2775 1518 2872 1574 Dei
2922 1519 3133 1585 Verbo,
3185 1523 3244 1574 et
3289 1535 3394 1574 cur
3422 1519 3580 1576 dica-

213 1607 255 1662 τί
293 1606 484 1682 λέγεται
537 1605 725 1682 λόγος,
761 1607 815 1661 τί
872 1603 1146 1676 δηλούσης
1206 1612 1305 1676 τῆς
1332 1604 1590 1676 τοιαύτης
1621 1606 1796 1678 ὄνομα

1995 1622 2030 1660 .r
2058 1607 2468 1678 verbum,quid
2505 1607 2606 1662 illa
2639 1607 2948 1680 appellatio
2970 1608 3584 1679 significet,unamque

219 1697 330 1767 σίας,
353 1697 433 1750 καὶ
478 1697 602 1770 μίαν
661 1695 835 1750 αἰτίαν
892 1694 1118 1750 ἐνταῦθά
1171 1716 1326 1773 φησι,
1358 1697 1479 1759 καθ’
1507 1696 1568 1764 ἣν
1623 1694 1808 1769 ὄνομά·

2000 1711 2177 1750 .usam
2209 1695 2318 1750 hoc
2348 1695 2476 1751 loco
2519 1697 2679 1760 dicit,
2733 1703 2971 1768 propter
3019 1713 3198 1768 quam
3250 1697 3589 1752 nominetur

221 1792 333 1854 ζεται
363 1783 539 1861 λόγος,
573 1782 666 1839 διὰ
693 1786 755 1839 τὸ
783 1786 877 1847 τὰς
922 1790 1028 1839 τῶν
1071 1780 1239 1838 ὄντων
1290 1783 1500 1839 πάντων
1551 1783 1727 1848 αἰτίας
1773 1784 1810 1838 ἐκ

1992 1783 2218 1850 ιιιὺυως
2253 1784 2527 1840 nimirum
2561 1784 2700 1857 quia
2731 1802 2925 1841 rerum
2960 1785 3227 1840 omnium
3283 1803 3494 1842 causas
3527 1787 3581 1841 in

219 1874 362 1946 ἰαυτῷ
405 1871 544 1949 ἔχειν
581 1895 594 1905 ·
627 1875 678 1929 οἱ
728 1874 830 1949 γὰρ
871 1871 1028 1948 λόγοι
1059 1873 1268 1950 φύσεως
1297 1874 1508 1942 ἁπάσης
1568 1871 1620 1927 έν
1680 1873 1808 1946 αὐτᾷ

1998 1872 2134 1944 ιὶρεο
2167 1871 2361 1938 habet,
2396 1873 2651 1930 rationes
2683 1874 2836 1930 enim
2886 1874 3167 1930 universa:
3199 1880 3419 1930 natura:
3447 1880 3587 1931 sunt

223 1960 448 2030 είσιν,ὡς
501 1962 669 2035 αῗτίῳ
725 1963 906 2032 πάσης
966 1959 1347 2037 δημιουργίας·
1383 1959 1452 2016 δι’
1503 1960 1668 2017 αὐτοῦ
1724 1964 1812 2038 γὰρ

1994 1985 1998 2016 l
2034 1961 2162 2034 ipso
2180 1967 2458 2034 tanquam
2482 1964 2675 2019 omnis
2692 1969 2967 2019 creaturae
2991 1968 3246 2030 auctore;
3268 1980 3370 2034 per
3391 1965 3583 2036 ipsum

220 2050 272 2103 τὰ
294 2051 449 2105 πάντα
479 2069 492 2084 σ
520 2049 578 2104 α⁹ί
616 2071 675 2105 τε
723 2050 825 2126 γάρ
879 2047 1038 2118 ἰδέαι,
1066 2050 1156 2105 καὶ
1206 2051 1272 2104 τά
1317 2048 1731 2127 παραδείγματα
1779 2049 1809 2105 ἐ⁴

1993 2051 2097 2104 lim
2129 2049 2363 2117 omnia;
2398 2069 2533 2106 nam
2564 2051 2706 2107 idem
2739 2059 2795 2108 et
2825 2051 3179 2124 exemplaria
3211 2052 3267 2106 in
3302 2052 3582 2124 ipso,non

221 2138 361 2211 αὑτῷ,
390 2139 489 2216 οὐχ
511 2136 672 2214 ἕτερα
703 2139 753 2194 ὲν
789 2138 972 2213 ἑτέρῳ,
1005 2138 1151 2194 ἀλλὰ
1181 2140 1398 2210 νοήσεις
1419 2137 1593 2194 ’άίδιοι
1653 2138 1805 2195 οῦσαι

2001 2139 2057 2194 ia
2090 2138 2147 2192 in
2182 2139 2318 2205 alio,
2351 2141 2451 2195 sed
2503 2145 2644 2195 sunt
2690 2140 3115 2196 intellectiones
3145 2146 3376 2196 aeterna:
3405 2146 3459 2196 et
3492 2159 3585 2196 ra-

219 2229 288 2280 καὶ
332 2225 474 2304 λόγοι
521 2232 808 2290 ποιοῦντες
852 2229 919 2282 τά
949 2227 1140 2296 πάντα,
1170 2227 1414 2283 τουτέστι
1445 2227 1602 2306 φύσις
1625 2249 1638 2261 θ
1672 2229 1759 2282 καὶ
1793 2232 1808 2282 1‘

1997 2243 2129 2282 ones
2159 2244 2288 2297 qua:
2319 2229 2520 2284 omnia
2558 2229 2798 2292 faciunt,
2849 2229 2904 2283 id
2956 2234 3048 2283 est
3097 2234 3342 2294 natura;
3379 2234 3586 2284 natura

219 2315 346 2392 φύσις
388 2318 485 2394 γάρ
532 2315 724 2389 λόγος,
777 2315 950 2371 αἴτίαν
1001 2313 1144 2392 ἔχων
1189 2315 1277 2370 καὶ
1323 2316 1478 2394 φύσιν
1506 2320 1570 2386 ⁸ο,
1605 2317 1677 2378 ὡς
1732 2317 1808 2372 06:

1997 2317 2100 2372 tim
2131 2323 2221 2371 est
2253 2317 2399 2372 ratio
2431 2335 2552 2387 quae
2581 2335 2819 2373 causam
2853 2322 2910 2373 et
2941 2323 3213 2372 naturam
3244 2317 3586 2388 habet,quia

218 2405 310 2458 είκί
355 2407 434 2460 καὶ
491 2406 670 2479 μάτην
722 2407 776 2460 αἱ
828 2406 1011 2480 φύσεις
1047 2409 1155 2459 τῶν
1198 2401 1366 2460 ὄντων
1420 2405 1541 2462 εἶσί.
1571 2406 1724 2480 Λέγει
1774 2404 1802 2460 δ

1996 2411 2162 2460 iturae
2197 2420 2390 2459 rerum
2439 2423 2553 2460 non
2604 2411 2743 2460 sunt
2789 2410 3008 2461 temere
3055 2410 3112 2459 et
3165 2406 3400 2460 frustra.
3436 2406 3585 2460 Dicit

218 2482 349 2538 αὐτὸν
379 2486 573 2560 Λόγον,
605 2486 694 2541 καὶ
727 2484 800 2546 ὠς
849 2482 941 2539 διὰ
996 2486 1211 2539 πάντων
1267 2489 1554 2561 χωροῦντα
1610 2485 1807 2540 ἀκωλύ-

1993 2499 2134 2549 Jtem
2164 2493 2355 2564 ipsum
2389 2494 2747 2560 Verbum,et
2780 2495 2933 2566 quod
2967 2511 3069 2565 per
3097 2494 3297 2549 omnia
3328 2494 3453 2548 sine
3476 2494 3582 2548 im-

213 2593 322 2644 τως,
348 2575 430 2628 xui
459 2577 632 2629 πάντα
662 2573 962 2650 περιιόντα,
993 2574 1082 2628 xui
1117 2575 1284 2648 μέχρι
1314 2579 1422 2628 τῶν
1456 2573 1724 2648 ἐσχάτων,
1755 2575 1798 2628 ὡ

1997 2583 2276 2638 adimente
2308 2584 2499 2649 vadat,
2533 2589 2590 2638 et
2614 2584 2813 2638 omnia
2842 2584 3164 2638 circumeat
3195 2583 3365 2638 etiam
3401 2599 3586 2651 usque

217 2659 260 2714 ἐν
284 2666 342 2735 τῇ
369 2664 498 2735 πρὸς
527 2658 817 2738 Ἐϐραίους
850 2681 862 2694 ⁸
896 2665 1010 2720 Ζῶν
1038 2663 1139 2739 γὰρ
1171 2665 1199 2718 6
1231 2662 1400 2739 λόγος
1448 2663 1537 2718 xui
1586 2662 1806 2739 ἐνεργὴς

2000 2672 2012 2726 l
2045 2672 2562 2736 extrema,sicutin
2595 2671 2850 2742 Epistola
2873 2673 2943 2726 ad
2972 2672 3242 2727 Hebraeos
3270 2673 3338 2744 (c)
3374 2690 3386 2727 :
3430 2673 3589 2727 Vivus

214 2752 288 2805 καὶ
312 2755 370 2806 τά
400 2754 534 2823 ἑξῆς.

1939 2771 2020 2817 est
2049 2763 2198 2815 enim
2224 2777 2405 2816 sermo
2430 2763 2479 2816 et
2508 2761 2731 2832 c/ﬁcax,
2765 2765 2873 2816 etc.

273 2842 426 2903 Οὗτος
461 2844 487 2898 6
519 2842 702 2917 Λόγος
741 2840 904 2898 ἐστίν.
937 2845 1057 2897 Ὅτι
1117 2844 1145 2896 6
1203 2843 1332 2906 Θεὸς
1390 2841 1586 2917 Λόγος,
1614 2845 1648 2912 ἡ
1700 2843 1830 2898 αὐτὸ

2011 2851 2117 2904 Hoc
2151 2851 2394 2904 Verbum
2423 2851 2688 2915 εει.ουοά
2725 2850 2876 2904 Deus
2909 2849 3327 2918 Vcrbum,eum
3361 2849 3437 2904 sit
3462 2850 3588 2920 ipsa

215 2931 286 2983 xxi
314 2936 383 3003 τῷ
405 2929 514 2986 ὄντι
550 2934 596 2969 εί
632 2932 764 2986 οὖσα
787 2931 1039 3001 ἀλήθεια,
1067 2931 1294 2992 εἰκότως
1325 2930 1435 2986 ἐστὶ
1465 2930 1554 2986 καὶ
1587 2931 1734 3001 ἁπλῆ
1785 2936 1804 2969 ⁸

1994 2976 1996 2985 ι
2026 2954 2153 3009 quae
2183 2955 2384 3009 reapse
2413 2943 2501 2994 est
2530 2938 2984 3003 veritas,merito
3015 2939 3189 2993 etiam
3226 2938 3303 2993 sit
3336 2938 3583 3009 simplex

215 3023 302 3072 τῶν
324 3017 477 3075 ὄντων
503 3025 730 3095 γνῶσις.
764 3019 831 3077 Τί
883 3018 940 3074 δέ
989 3019 1098 3075 ἐστι
1147 3024 1367 3096 γνῶσις,
1402 3019 1556 3084 εὐθὺς
1611 3019 1795 3076 έπισυν

2005 3044 2130 3082 rum
2167 3028 2460 3100 cognitio;
2495 3029 2633 3099 quid
2667 3033 2862 3083 autem
2897 3028 2974 3082 sit
3003 3028 3280 3099 cognitio,
3313 3043 3437 3081 mox
3487 3028 3587 3082 do-

215 3108 344 3163 άπτει
373 3106 664 3165 διδάσκων.

1871 3185 1885 3188 Α
1935 3132 2076 3172 cens
2109 3117 2401 3188 adjungit.

269 3197 324 3253 Ei
375 3200 470 3273 γὰρ
522 3202 562 3269 ἡ
619 3203 820 3273 γνῶσις
876 3199 1130 3269 ἑνωτική.
1162 3199 1243 3255 Τά
1296 3199 1420 3275 περὶ
1453 3205 1550 3269 τῆς
1581 3198 1858 3270 ἀληθοῦς¹

2008 3204 2070 3260 Si
2099 3185 2248 3259 enim
2269 3185 2520 3274 cognitio
2546 3206 2655 3259 vim
2685 3205 2843 3261 habet
2872 3204 3212 3260 uniendi.Ea
3242 3221 3367 3276 quas
3389 3221 3583 3259 veram

211 3286 429 3358 γνώσεως
485 3289 822 3360 σαφηνίζων,
877 3287 1038 3350 αὐτὸς
1089 3289 1117 3342 6
1175 3288 1302 3350 Θεὸς
1363 3287 1535 3363 Λόγος
1596 3289 1800 3361 Χριστὸ

2002 3293 2332 3363 ιςῃίιίοηθω
2385 3298 2674 3364 spectant,
2726 3294 2850 3365 ipse
2901 3295 3057 3349 Deus
3112 3296 3369 3348 Verbum
3416 3293 3591 3348 Jesus

213 3377 410 3448 Ἰησοῦς,
440 3381 565 3457 περὶ
599 3381 661 3434 οὗ
692 3381 721 3435 6
754 3377 916 3454 λόγος
953 3400 968 3414 ⁸
1011 3379 1103 3434 καὶ
1153 3377 1238 3434 ὅτι
1286 3383 1321 3449 ἡ
1371 3384 1570 3456 γνῶσις
1606 3379 1798 3450 άληθῶ

2050 3383 2228 3450 ιδίας,
2261 3383 2333 3437 de
2365 3399 2476 3452 quo
2509 3388 2598 3438 est
2628 3399 2842 3453 sermo,
2877 3383 3150 3454 explicat,
3187 3389 3360 3454 atque
3391 3383 3591 3453 cogni-
3627 3370 3639 3386 ’

215 3465 410 3539 ἑνωτικη
462 3468 575 3524 ἐστι
627 3473 735 3522 τῶν
779 3467 1093 3542 ἐγνωκότων
1136 3467 1224 3522 καὶ
1282 3473 1388 3523 τῶν
1451 3469 1804 3544 ἐγνωσμένων

1999 3487 2160 3526 onem
2196 3488 2392 3526 revera
2420 3487 2548 3527 esse
2582 3472 2864 3527 unitivam
2899 3473 3377 3544 cognoscentium
3409 3474 3467 3527 et
3495 3489 3588 3528 eo-

215 3557 324 3630 φησί
355 3559 562 3632 ’Κάγὼ
620 3557 872 3630 γινώσκω
916 3558 982 3611 τά
1039 3556 1144 3630 ἐμὰ
1201 3551 1468 3633 πρόϐατα,
1518 3557 1607 3610 καὶ
1665 3558 1800 3631 γινώ

1998 3560 2236 3614 litorum
2269 3560 2412 3614 dicit
2444 3577 2458 3615 :
2492 3562 2556 3614 Et
2585 3576 2682 3628 ego
2711 3576 2964 3631 cognosco
2995 3577 3116 3615 oves
3148 3565 3375 3628 meas,et
3395 3576 3587 3630 cogno-

213 3665 384 3717 σκομαι
437 3648 540 3702 ὑπὸ
588 3651 696 3701 τῶν
757 3647 904 3719 ἱμῶν
937 3665 950 3679 ο
997 3646 1178 3709 καθὼς
1227 3647 1480 3720 γινώσκει
1530 3667 1595 3718 με
1638 3647 1666 3700 6
1717 3647 1800 3702 Ηα

1998 3664 2060 3703 or
2086 3665 2119 3702 a
2150 3651 2288 3703 meis
2317 3669 2336 3703 :
2363 3650 2509 3704 sicut
2536 3652 2812 3719 cognoscit
2841 3665 2925 3703 me
2964 3651 3151 3718 Pater,
3181 3653 3234 3704 et
3261 3665 3359 3719 ego
3387 3665 3587 3718 cogno-

212 3735 316 3806 τήρ,
343 3736 486 3810 κάγὼ
519 3737 778 3810 γινώσκω
807 3736 898 3790 τὸν
943 3734 1172 3810 Πατέρα.
1206 3739 1409 3810 ’Ὠσπερ
1453 3736 1552 3810 γὰρ
1602 3737 1636 3804 ἡ
1684 3739 1794 3808 γνῶ

1994 3754 2028 3792 ιο
2060 3739 2276 3791 Patrem
2305 3738 2403 3809 ((1).
2440 3738 2604 3792 Sicut
2644 3738 2801 3792 enim
2836 3738 3090 3808 cognitio
3141 3753 3498 3808 cognoscens
3531 3737 3583 3790 id

213 3843 280 3886 σις
325 3829 515 3896 γνοῦσα
567 3824 740 3880 ἐκεῖνο
793 3825 821 3880 ὃ
875 3829 1082 3899 γνῶναι
1135 3824 1422 3894 ἠθέλησεν,
1484 3824 1694 3877 ἑνοῦται
1751 3823 1802 3878 τί

2000 3827 2094 3880 10d
2126 3843 2298 3882 nosse
2328 3827 2530 3892 voluit,
2564 3827 2644 3880 rei
2678 3826 2925 3897 cognitas
2957 3827 3300 3890 unitur,non
3333 3825 3589 3894 amplius

209 3915 494 3984 γνωσθέντι,
550 3914 734 3969 οὐκέτι
797 3909 1131 3988 ἀμφιϐολίαν
1202 3911 1405 3988 ἔχουσα
1461 3911 1586 3986 περὶ
1643 3912 1798 3966 αὐτοῦ

1997 3932 2010 3970 3
2043 3916 2172 3986 ipsa
2202 3917 2356 3971 I93
2389 3915 2689 3982 dubitans,
2735 3932 2918 3986 neque
2967 3919 3200 3986 propter
3249 3914 3496 3968 dubium
3527 3913 3586 3968 in

211 3998 315 4055 οὐδὲ
340 3999 423 4056 διά
449 4005 553 4070 τήν
584 3996 918 4080 ἀμφιϐολίαν
949 4001 1248 4076 σχιζομένη
1283 4000 1358 4062 εἰς
1399 4001 1580 4075 ἑτέρας
1628 3999 1800 4056 ἰννοία

2003 4021 2200 4059 versas
2232 4004 2512 4059 dividitur
2533 4003 2938 4076 cogitationes,
2987 4008 3196 4075 estque
3228 4003 3589 4072 inconstans,

207 4088 282 4141 καὶ
336 4091 654 4159 ἆστατοῦσα,
685 4091 774 4144 καὶ
826 4087 1019 4164 ἄγνοια
1078 4087 1166 4144 διὰ
1214 4093 1375 4143 τοῦτο
1416 4091 1708 4164 γενομένη,
1742 4087 1791 4143 δι

2005 4109 2117 4165 que
2148 4093 2621 4165 ignorantiaideo
2648 4093 3026 4165 eﬂ‘eeta,quia
3052 4110 3164 4148 non
3198 4092 3384 4148 credit
3403 4109 3466 4148 se
3489 4109 3589 4147 no-

205 4178 259 4230 τὸ
287 4180 356 4250 μὴ
385 4182 672 4248 πεισθῆναι
703 4177 785 4233 ὅτι
820 4176 952 4254 ἔγνω
987 4197 999 4210 ⁸
1047 4176 1219 4240 οὕτως
1253 4179 1303 4231 οἳ
1334 4178 1518 4232 ’παντοἱ
1563 4182 1629 4242 τῆ
1681 4179 1794 4253 γνώ

1998 4198 2093 4237 sse
2126 4199 2138 4235 :
2174 4183 2255 4236 ita
2288 4182 2486 4238 ﬁdeles
2511 4199 2612 4254 per
2635 4182 3031 4253 cognitionem
3058 4181 3141 4237 illi
3169 4182 3403 4254 cognito
3431 4181 3587 4235 Chri-

207 4285 273 4320 σει
302 4266 576 4332 ἑνωθέντες
609 4269 687 4340 τῷ
718 4267 1012 4342 γνωσθέντι
1067 4271 1312 4341 Χριστῷ,
1344 4268 1402 4329 ὃς
1437 4267 1580 4321 ἐστιν
1631 4269 1659 4321 6
1703 4267 1796 4322 Θεὸ

1998 4287 2030 4324 o
2070 4271 2168 4341 qui
2201 4275 2292 4326 est
2339 4271 2490 4326 Deus
2551 4271 2824 4336 Verbum,
2879 4272 3053 4341 uniti,
3104 4276 3279 4341 atque
3325 4272 3496 4324 tidem
3533 4270 3584 4323 in

207 4353 380 4429 Λόγος,
409 4359 492 4412 xui
529 4358 627 4426 τὴν
660 4357 842 4410 πίστιν
872 4355 948 4417 εἷς
1007 4355 1166 4411 αὐτὸν
1222 4354 1540 4431 ἐρείσαντες,
1579 4377 1796 4428 μονιμω

2003 4376 2067 4415 so
2090 4359 2843 4428 firmantes,solidissimam
2862 4367 2917 4416 et
2944 4361 3357 4416 inconcussam
3394 4357 3590 4428 cogni-

204 4444 351 4513 τάτην
406 4445 495 4500 καὶ
546 4445 838 4501 ἀσάλευτον
898 4449 1006 4499 τῶν
1071 4445 1430 4520 ἐγνωσμένων
1470 4445 1567 4513 τήν
1645 4444 1792 4499 πίστι

2003 4463 2127 4502 rum
2161 4449 2333 4503 fidem
2361 4449 2662 4514 habentes,
2695 4450 2851 4520 quod
2883 4449 3069 4504 Deum
3117 4450 3513 4519 cognoverunt
3535 4449 3590 4499 et

207 4528 430 4606 ἔχοντες,
461 4535 547 4590 ὅτι
603 4534 731 4590 Θεὸν
791 4533 1050 4610 ἔγνωσαν,
1081 4534 1170 4589 xui
1225 4535 1328 4589 ὑπὸ
1360 4538 1496 4589 Θεοῦ
1547 4533 1792 4607 ἐγνώσθη

2003 4537 2116 4591 Deo
2148 4537 2365 4608 cogniti
2399 4541 2558 4601 sunt,
2591 4542 2752 4592 extra
2782 4537 3177 4608 ignorantiam
3212 4551 3352 4590 sane
3393 4533 3586 4589 consi-

203 4621 640 4694 σαν,ίξεστήκασι
704 4625 796 4695 μὲν
855 4629 954 4690 τῆς
1011 4621 1254 4697 ἀγνοίας,
1285 4624 1350 4692 ἢν
1401 4620 1624 4694 ε’ίπομεν
1687 4620 1792 4676 διαι

2002 4629 2126 4692 unt,
2160 4641 2336 4696 quam
2371 4625 2629 4680 diximus
2679 4625 2933 4680 dividere
2987 4629 3043 4678 et
3095 4639 3366 4693 separare
3414 4625 3589 4692 atque

206 4715 322 4780 ρεῖν,
352 4714 437 4766 καὶ
470 4713 679 4788 σχίζειν
739 4712 828 4766 καὶ
889 4709 1224 4766 διασαλεύειν
1279 4711 1358 4774 εἷς
1404 4709 1606 4766 ἄλλοτε
1654 4709 1795 4766 ἄλλα

1999 4719 2244 4768 ιηουῐοῐιο
2275 4714 2347 4767 ab
2382 4731 2497 4768 una
2529 4714 2584 4767 in
2619 4713 2765 4767 alias
2797 4713 3214 4779 dubitationes,
3243 4717 3306 4764 ut
3337 4727 3461 4780 quze
3497 4727 3588 4764 ne-

203 4795 543 4873 ἆμφιϐολίας,
576 4802 650 4863 ὡς
687 4803 761 4874 μὴ
796 4805 1023 4874 γνοῦσαν
1053 4801 1082 4854 ’ὸ
1113 4797 1196 4854 δεῖ
1242 4805 1440 4874 γνῶναι
1501 4799 1792 4876 ἐφεστήκασ

1998 4803 2090 4856 :iat
2115 4803 2254 4873 quid
2279 4803 2511 4858 credere
2541 4807 2824 4872 oporteat;
2850 4803 2986 4856 item
3015 4801 3298 4856 insistunt
3321 4799 3587 4853 ﬁrmitati

204 4883 252 4940 δὲ
299 4894 362 4961 τῇ
423 4885 760 4965 βεϐαιότητι,
815 4893 882 4963 τῇ
942 4889 1118 4944 πίστει
1172 4888 1793 4965 πληροφορηθέντες,ὅτ

1999 4893 2045 4946 Ie
2080 4892 2366 4962 persuasi,
2399 4893 2551 4963 quod
2589 4891 2805 4959 norint,
2841 4907 2905 4946 ac
2940 4891 3068 4945 ideo
3115 4889 3412 4958 conjuncti
3447 4892 3588 4942 sunt

199 4971 418 5049 ἔγνωσαν
474 4979 563 5034 xui
621 4980 908 5048 ἡνώθησαν
959 4975 1049 5032 διά
1094 4982 1256 5032 τοῦτο
1285 4980 1332 5015 ⁵³
1381 4982 1460 5048 τῷ
1507 4978 1788 5052 γνωσθέντι

1992 4997 2065 5034 Im
2099 4980 2350 5051 cognito.
2387 4986 2458 5034 At
2488 4981 2585 5050 qui
2618 4980 2677 5034 in
2703 4979 2957 5034 tenebris
3013 4978 3356 5050 ignorantia:
3389 4993 3581 5031 versa-

198 5064 250 5119 Ὀ
279 5067 367 5137 μὶν
400 5067 492 5122 οὖν
518 5066 569 5123 ἐν
599 5072 679 5138 τῷ
709 5070 898 5138 σκοπῷ
923 5073 1023 5136 τῆς
1057 5066 1272 5139 ἀγνοίας
1326 5066 1462 5120 κατὰ
1511 5067 1604 5120 τὸν
1664 5067 1787 5122 ’Λπέ

2003 5070 2217 5138 r,juxta
2246 5068 2816 5140 Apostolum,errore
2850 5069 2976 5139 ipso
3009 5068 3583 5135 ﬂuctuans,circum-

258 5274 328 5343 (ε)
355 5275 494 5347 Cap.
524 5291 626 5341 vn,
657 5291 711 5330 ν.
738 5275 830 5330 21.
907 5273 983 5346 (α)
1015 5276 1156 5346 Cap.
1185 5289 1309 5341 vui,
1341 5289 1397 5328 v.
1429 5272 1519 5326 30.
1597 5271 1673 5342 (bl
1702 5269 1847 5327 Psal.

1844 5310 1856 5325 .
1888 5287 2009 5341 cm,
2040 5272 2131 5326 24.
2207 5273 2280 5344 (c)
2311 5275 2450 5345 Cap.
2486 5290 2562 5341 ιν,
2594 5290 2644 5328 v.
2683 5273 2768 5328 12.
2846 5272 2924 5344 (d)
2954 5271 3122 5328 Joan.
3157 5288 3214 5340 χ,
3254 5271 3433 5326 14ο15.

1188 5479 1420 5534 VARIE
1461 5477 1852 5536 LECTIONES
1891 5478 1979 5534 ET
2015 5478 2572 5536 CORBECTIONES.

256 5608 300 5642 ⁸⁸
327 5604 543 5683 σοφίαν.
625 5608 666 5643 ⁶¹
701 5607 736 5675 ἡ
771 5611 848 5680 τῷ
878 5601 1012 5661 ὅντι.
1091 5607 1136 5640 ⁶²
1164 5601 1431 5674 ἀπλανής.
1508 5605 1554 5639 ⁸³
1581 5600 1813 5658 τούτων.
