4024 6200
402 296 510 351 355

1217 295 1581 349 ΑΡΡΕΝΒῙΧ
1617 297 1716 348 AD
1753 293 1994 348 OPERA
2034 292 2094 344 Β.
2133 291 2451 347 DIONYSII
2488 292 2991 349 AREOPAGITE.

3703 296 3807 351 356

399 419 587 474 fertur
636 416 796 475 omni
845 419 1013 473 vento
1064 416 1338 489 nequitiae
1389 416 1699 473 hominum
1748 415 1903 471 sicut
1941 412 2036 485 qui

2165 407 2378 484 στολον,
2436 410 2534 484 ὣν,
2597 414 2699 468 ὑπὸ
2767 420 2868 482 τῆς
2919 412 3135 484 πλάνης
3195 413 3363 482 αὐτῆς
3420 410 3805 491 σαλευόμενος,

401 505 550 563 mari
583 509 933 578 tempestate
962 506 1257 578 agitantur
1285 507 1358 578 (θ)
1389 506 1534 577 (haec
1566 505 1723 560 enim
1770 503 1853 560 ait
1900 508 2054 575 Apo-

398 596 635 668 stolus),
664 600 723 651 et
751 596 1115 651 arbitrantur
1152 597 1448 666 gnosticos
1500 595 1782 665 insanire,
1812 594 1967 649 sicut
1997 597 2055 648 et

399 686 605 742 Festus
638 684 869 741 dicebat
904 684 1077 740 Paulo
1109 685 1368 740 divinam
1419 684 1809 755 cognitionem
1844 681 2050 756 praedi-

401 777 555 831 canti
592 793 605 833 :
639 775 873 843 Insanis,
897 775 1071 830 Paule
1101 773 1513 846 (f).Gnosticus
1545 779 1742 829 autem
1776 778 1831 828 et
1852 788 2054 828 revera.

399 864 791 933 Christianus,
819 868 1016 934 utpote
1049 880 1180 919 vere
1225 863 1523 919 Christum
1580 878 1963 935 cognoscens,
1995 864 2053 917 et

398 969 501 1024 per
533 954 730 1025 ipsum
784 952 881 1008 Dei
925 953 1342 1025 cognitionem,
1395 969 1599 1018 unam,
1653 953 1916 1023 inquam,
1952 967 2046 1006 ve-

398 1042 590 1098 ritatis
614 1041 1001 1114 cognitionem
1037 1042 1345 1113 possidens
1398 1042 1591 1112 (porro
1644 1058 1761 1095 una
1803 1044 2046 1111 estquae

397 1130 647 1202 simplex
676 1135 734 1185 et
764 1147 878 1185 non
907 1134 1235 1201 composita
1265 1130 1736 1202 cognitio),extra
1761 1130 2045 1185 mundum

396 1220 829 1283 consistit,cum
860 1218 1105 1275 minime
1138 1224 1397 1275 versetur
1427 1219 1483 1273 in
1510 1220 1811 1274 mundana
1840 1219 2047 1273 infide-

393 1308 537 1363 lium
571 1307 817 1362 scieutia
845 1312 903 1362 et
931 1323 1127 1363 errore
1160 1324 1172 1363 :
1209 1308 1471 1374 seipsum
1521 1312 1715 1364 autem
1748 1307 2049 1379 cognoscit

393 1396 654 1452 sobrium
678 1401 779 1451 eta
798 1394 1119 1467 multivaga
1140 1395 1483 1452 inﬁdelitate
1506 1395 1819 1452 liberatum
1845 1413 1859 1465 ;
1884 1397 2045 1451 ideo-

392 1498 507 1555 que
539 1483 801 1556 quotidie
844 1501 948 1555 pro
979 1485 1221 1540 veritate
1271 1486 1629 1554 moriuntur,
1665 1502 1779 1541 non
1814 1489 2042 1540 tantum

392 1588 581 1643 usque
614 1573 685 1628 ad
721 1578 966 1629 mortem
997 1590 1232 1644 semper
1263 1579 1499 1646 propter
1556 1574 1861 1630 veritatem
1896 1573 2043 1646 peri-

391 1661 688 1728 clitantes,
714 1662 815 1718 sed
842 1662 1020 1717 etiam
1053 1679 1289 1735 semper
1320 1664 1667 1736 ignorantiae
1701 1664 2042 1733 morientes,

391 1750 708 1822 cognitioni
764 1767 897 1807 vero
956 1750 1213 1808 viventes
1263 1757 1320 1807 et
1394 1752 1714 1808 Christiani
1774 1768 2038 1825 compro-
2072 1782 2118 1848 B

391 1838 512 1895 bati
524 1881 538 1894 .

461 2018 785 2085 Divisionis,
813 2019 911 2076 Gr.
944 2015 1281 2093 διαιρέσεως,
1321 2036 1533 2076 causas.
1587 2019 1855 2094 Διαίρεσιν
1888 2022 2039 2076 divi-

390 2107 615 2163 sionem
648 2111 816 2163 vocat
846 2107 955 2163 hoc
984 2108 1133 2175 loco,
1165 2108 1471 2166 sententiae
1502 2110 1952 2167 instabilitatem
1985 2115 2043 2166 et

389 2195 450 2250 in
485 2195 670 2250 multa
704 2195 1075 2252 divisionem.

460 2286 769 2349 Domicilio,
799 2288 894 2339 Gr.
928 2283 1128 2346 ἑστίας.
1164 2285 1503 2357 Mansionis,
1538 2286 1946 2345 habitationis.

461 2373 832 2443 Singularem,
866 2374 962 2428 Gr.
985 2376 1054 2445 τῇ
1087 2372 1279 2443 ένιαίᾳ,
1317 2374 1786 2432 Christianorum.
1839 2376 2036 2433 Fidem

389 2465 653 2517 nostram
682 2466 847 2517 vocat
877 2460 1094 2533 ἑνιαίαν,
1131 2468 1195 2518 ut
1240 2463 1570 2529 simplicem
1621 2469 1679 2520 et
1726 2466 1943 2522 erroris
1972 2482 2040 2521 ex

391 2554 635 2624 pertem,
657 2550 788 2620 eius
818 2549 919 2623 qui
943 2567 1141 2607 revera
1161 2556 1252 2607 est
1273 2552 1665 2625 cognitionem
1698 2554 2036 2612 habentem.

894 2658 1057 2713 “I94
1086 2659 1159 2714 IN
1190 2660 1341 2714 CAP.
1374 2659 1527 2716 VIII.

459 2747 562 2820 §I.
601 2748 664 2803 Ut
691 2751 996 2818 potentiam
1028 2736 1258 2820 quoque.
1299 2749 1639 2805 Secundum
1691 2750 1834 2823 quid
1890 2752 2040 2808 Deus

389 2835 621 2891 dicatur
648 2836 750 2891 vis.

461 2926 526 2980 Et
555 2924 1009 2981 dominationem.
1056 2924 1129 2981 Ut
1175 2924 1319 2981 illud
1368 2943 1382 2982 :
1435 2929 1703 2983 Dominus
1748 2930 2037 3001 virtutum,

393 3015 511 3086 ipse
537 3020 619 3070 est
651 3014 761 3070 Rea:
790 3014 1105 3086 gloriam).
1138 3014 1389 3086 (Rursus
1422 3017 1726 3072 :Dominus
1773 3019 2041 3075 virtutum

392 3104 695 3171 nobiscum,
726 3103 981 3175 defensor
1007 3111 1193 3161 noster
1212 3105 1354 3160 Deus
1382 3106 1589 3178 Jacob.]

464 3284 504 3337 Α
550 3280 816 3353 potentiis
864 3295 1160 3353 separaris,
1209 3282 1305 3338 Gr.
1358 3278 1633 3355 δυνάμεων
1682 3285 2035 3362 ἀφορίζουσα.

392 3367 773 3445 Ἀφορίζουσα,
806 3370 862 3425 id
893 3374 982 3425 est
1014 3370 1383 3443 distinguens
1414 3375 1473 3427 et
1501 3388 1804 3445 separaris.

463 3460 585 3527 §II.
620 3457 929 3514 Secundum
974 3459 1286 3531 potentiam
1331 3460 1722 3533 inﬂexibilem,
1775 3465 1870 3519 Gr.
1903 3463 2038 3519 κατὰ

393 3543 622 3621 δύναμιν
654 3545 899 3602 ἅκλιτον.
935 3548 1094 3604 Dixit
1124 3545 1365 3619 ἄκλιτον,
1413 3550 1469 3605 id
1499 3556 1590 3608 est
1629 3569 1657 3607 a
1687 3553 1921 3625 proprio
1953 3554 2036 3610 fa-

390 3636 564 3710 stigio
596 3654 710 3692 non
741 3638 1190 3694 descendentem
1216 3656 1230 3708 ;
1257 3656 1368 3695 non
1393 3639 1546 3696 enim
1572 3641 1628 3696 in
1653 3641 1762 3697 vim
1788 3642 2034 3699 inclina-

388 3730 487 3782 tus
518 3730 812 3798 operatur,
838 3728 936 3781 sed
972 3728 1272 3797 immotus,
1303 3745 1491 3801 neque
1524 3731 1580 3784 in
1616 3730 1846 3803 propria
1873 3733 2035 3787 forti-

386 3816 594 3871 tudine
636 3815 885 3872 inﬂexus
929 3832 1020 3872 res
1052 3819 1315 3889 producit
1350 3837 1361 3874 :
1398 3820 1541 3874 forte
1591 3820 1902 3875 dicendum
1947 3824 2037 3876 est

390 3900 639 3956 ἄκλειτον
674 3909 731 3958 et
761 3905 930 3975 quasi
965 3922 1079 3959 non
1129 3905 1388 3961 clausum
1424 3924 1436 3961 :
1471 3907 1599 3963 idco
1650 3909 1814 3963 addit
1859 3909 2034 3964 etiam

390 3988 791 4063 ἀπεριόριστον,
842 3992 1351 4064 circumscriptum
1392 4010 1403 4049 :
1450 4010 1560 4049 non
1609 3996 1764 4050 enim
1815 3995 2036 4051 claudi-

390 4081 506 4144 tur,
543 4083 825 4148 tanquam
865 4080 924 4133 in
973 4080 1170 4150 aliquo
1218 4081 1439 4137 viribus
1486 4083 1747 4150 deficiat;
1780 4077 1883 4139 sed
1940 4084 2034 4140 Dci

389 4164 574 4221 virtus
604 4165 664 4220 in
696 4166 908 4222 virtute
939 4166 1137 4221 omnia
1171 4168 1415 4223 faciendi
1448 4185 1684 4241 semper
1712 4171 1917 4242 aperit.

459 4255 525 4309 Et
546 4258 825 4325 potentem
854 4255 1032 4310 reddit
1063 4256 1460 4325 inﬁrmitatem.
1515 4257 1697 4314 Vocat
1726 4259 2036 4315 imbecilli-

387 4346 566 4399 tatem
600 4343 723 4400 htsc
754 4344 1080 4400 malerialia
1100 4349 1157 4400 et
1187 4354 1417 4401 terrena
1441 4362 1838 4419 corpora,quzs
1861 4350 2031 4405 etiam

387 4437 650 4488 extrema
681 4433 922 4506 vestigia
953 4432 1276 4497 dicit,sicut
1296 4450 1448 4505 saepe
1469 4451 1643 4506 supra
1670 4438 2032 4506 monuimus,

2160 501 2502 576 περιφέρεται
2562 502 2722 558 παντὶ
2769 501 2955 575 ἀνέμῳ
3010 506 3111 567 τῆς
3162 497 3382 565 κυϐείας
3435 509 3544 559 τῶν
3601 505 3805 581 ἀνθρώ-

2159 610 2301 661 πων,
2361 589 2540 665 ὥσπερ
2608 593 2664 645 οἱ
2735 591 2784 647 ἐν
2857 590 3085 667 πελάγει
3151 589 3623 666 κλυδωνιζόμενοι
3699 598 3805 669 (καὶ

2159 683 2330 735 ταῦτα
2357 679 2457 756 γάρ
2488 702 2650 756 φησιν
2683 682 2711 736 ὁ
2741 680 3125 753 Ἀπόστολος),
3157 680 3246 736 καὶ
3277 682 3489 754 νομίζει
3509 682 3637 745 τοὺς
3665 707 3806 759 γνω-

2160 766 2377 830 στικους
2408 768 2706 841 μαίνεσθαι,
2740 769 2815 832 ὡς
2865 769 2952 824 καὶ
2985 770 3013 823 ὁ
3045 774 3265 839 Φῆστος
3315 765 3417 848 ἔφη
3469 776 3547 843 τῷ
3604 771 3804 846 Παύλῳ

2157 856 2482 932 κηρύττοντι
2538 860 2638 927 τὴν
2699 858 2842 922 θείαν
2916 863 3113 934 γνῶσιν
3152 878 3166 891 ⁸
3225 860 3429 935 Μαίνῃ,
3488 861 3693 919 Παῦλε.
3750 864 3807 921 Ὀ

2156 948 2452 1020 γνωστικὶς
2523 949 2612 1002 καὶ
2678 952 2756 1020 τῷ
2821 944 2933 1003 ὄντι
3014 950 3490 1023 Χριστιανος,ἅτε
3541 954 3614 1023 τῇ
3664 951 3805 1021 ἀλη-

2157 1035 2271 1107 θείᾳ
2319 1035 2478 1111 γνοὺς
2535 1036 2792 1112 Χριστὸν,
2835 1037 2927 1091 καί
2979 1034 3051 1091 δι’
3101 1035 3266 1091 αὐτοῦ
3319 1038 3420 1105 τὴν
3476 1042 3802 1114 θεογνωσίαν

2154 1126 2519 1197 κτησάμενος,
2571 1127 2671 1195 τήν
2720 1125 2921 1181 ἑνιαίαν
2972 1123 3116 1201 λέγω
3166 1126 3266 1194 τῆς
3304 1123 3564 1197 ἀληθείας
3610 1133 3806 1204 γνῶσιν

2157 1213 2356 1288 (ένιαία
2412 1212 2469 1270 δέ
2517 1213 2657 1268 ἐστιν
2690 1216 2725 1284 ἡ
2770 1213 2916 1285 ἁπλῆ
2959 1215 3050 1271 καὶ
3090 1214 3375 1278 ἀσύνθετος
3417 1220 3661 1290 γνῶσις),
3697 1217 3803 1288 ἐξέ-

2155 1324 2319 1372 στηκε
2370 1304 2464 1376 μέν
2516 1308 2613 1359 τοῦ
2659 1303 2893 1378 κόσμου,
2942 1305 3017 1378 μὴ
3068 1303 3140 1359 ὢν
3196 1302 3249 1358 ἐν
3296 1306 3365 1375 τῇ
3393 1309 3636 1379 κοσμικῇ
3696 1312 3805 1362 τῶν

2155 1391 2394 1447 ἀπίστων
2442 1392 2639 1468 γνώμῃ
2679 1395 2766 1449 καὶ
2818 1393 2998 1468 πλάνῃ
3030 1413 3043 1427 ο
3075 1393 3262 1449 ἑαυτὸν
3295 1390 3353 1449 δὲ
3398 1395 3658 1468 γινώσκει
3711 1398 3809 1467 νή-

2155 1501 2322 1560 φοντα
2345 1482 2436 1536 καὶ
2458 1481 2892 1557 ἀπηλλαγμένον
2922 1489 3023 1552 τῆς
3068 1481 3460 1545 πολυπλανοῦς
3507 1482 3766 1547 ἀπιστίας
3789 1503 3804 1517 ο

2155 1568 2239 1625 διὰ
2300 1570 2389 1626 καὶ
2446 1572 2564 1626 καθ’
2612 1571 2840 1642 ἑκάστην
2911 1569 3121 1644 ἡμέραν
3186 1572 3614 1643 ἀποθνήσκουσιν
3666 1572 3808 1649 ὖπὶρ

2152 1666 2252 1728 τῆς
2285 1657 2566 1730 ἀληθείας,
2593 1660 2657 1715 οὐ
2693 1659 2855 1733 μόνον
2909 1658 3077 1735 μέχρι
3128 1658 3356 1724 θανάτου
3402 1658 3809 1727 κινδυνεύοντες

2153 1748 2407 1805 ἕκάστοτε
2463 1745 2553 1803 διὰ
2607 1749 2707 1818 τήν
2766 1748 3043 1819 ἀλήθειαν,
3096 1746 3243 1804 ἀλλὰ
3281 1748 3371 1805 καὶ
3419 1753 3489 1823 τῇ
3536 1750 3810 1825 ἀγνοίᾳα

2149 1838 2508 1901 τελευτῶντες
2538 1839 2789 1911 πάντοτε,
2819 1841 2887 1913 τῇ
2931 1835 2989 1893 δὲ
3032 1838 3225 1914 γνώσει
3277 1842 3498 1908 ζῶντες,
3528 1838 3620 1894 καὶ
3669 1841 3808 1917 Χρι-

2150 1930 2355 1983 στιανοὶ
2393 1926 2857 2001 μαρτυρούμενοι.

2222 2014 2544 2091 Διαιρέσεως
2574 2016 2724 2072 αἰτία
2777 2015 3041 2091 Διαίρεσιν
3071 2013 3294 2071 ἐνταῦθα
3327 2016 3391 2071 τὸ
3419 2023 3519 2086 τῆς
3572 2018 3807 2093 γνώμης

2148 2104 2431 2184 ἀνίδρυτον
2462 2106 2551 2161 καὶ
2585 2106 2661 2169 εἷς
2689 2103 2875 2161 πολλά
2910 2104 3266 2179 μεριζόμενον
3299 2100 3426 2183 ἔφη.

2219 2284 2449 2347 Ἑστίας.
2484 2289 2690 2352 Μονῆς,
2723 2282 2845 2353 οῗκή
2854 2302 3011 2346 σεως.

2219 2376 2301 2447 Τῇ
2335 2372 2507 2443 ἒνιαίᾳ
2533 2377 2639 2427 τῶν
2674 2372 3040 2445 Χριστιανῶν.
3075 2369 3304 2427 Ἐνιαίαν
3345 2371 3448 2441 τήν
3496 2372 3617 2434 καθ’
3647 2374 3803 2444 ἡμᾶς

2148 2463 2326 2519 πίστιν
2356 2461 2660 2535 ὠνόμασεν,
2693 2460 2768 2522 ὡς
2819 2458 3001 2529 ἁπλῆν
3044 2479 3103 2514 τε
3148 2460 3239 2514 καὶ
3289 2457 3505 2530 ἀπλανῆ
3553 2462 3658 2529 τήν
3711 2461 3807 2516 τοῦ

2148 2548 2300 2613 ὄντος
2332 2549 2553 2620 ἀληθῶς
2584 2552 2629 2587 ⁸³
2657 2544 2889 2624 ἔχουσαν
2923 2552 3149 2623 γνῶσιν.
3182 2551 3228 2585 ⁸⁸

2641 2662 2755 2711 ΕΙΣ
2794 2659 2880 2713 ΤΟ
2920 2660 3181 2711 ΚΕΦΑΛ.
3222 2656 3305 2712 Η’.

2221 2752 2319 2819 δι.
2352 2747 2455 2804 Καὶ
2500 2747 2572 2808 ὠς
2623 2743 2875 2819 δύναμιν.
2928 2745 3073 2800 Κατὰ
3122 2743 3175 2799 τί
3225 2742 3437 2819 λέγεται
3487 2741 3726 2820 δύναμις
3773 2748 3802 2801 ὁ

2150 2838 2302 2899 Θεός.

2223 2924 2326 2982 Καὶ
2385 2925 2486 2995 τὴν
2561 2922 2800 2999 κυρείαν.
2858 2922 2950 2984 Ὠς
3021 2922 3108 2991 τὸ,
3178 2921 3378 2998 Κύριος
3448 2926 3558 2976 τῶν
3637 2920 3802 2978 δυνά-

2154 3036 2296 3089 μεων
2356 3011 2516 3075 αὐτός
2573 3013 2713 3067 ἐστιν
2768 3011 2797 3066 ὁ
2839 3009 3107 3073 Βασιλεὺς
3157 3017 3259 3081 τῆς
3318 3008 3500 3082 δόξης.
3547 3009 3802 3082 [Πάλιν⁸

2149 3103 2351 3178 Κύριος
2379 3106 2488 3156 τῶν
2535 3097 2813 3174 δυνάμεων
2868 3100 2984 3173 μεθ’
3014 3100 3199 3172 ἡμῶν,
3234 3097 3589 3176 ἀντιλήπτωρ
3633 3102 3803 3173 ἡμῶν

2150 3194 2178 3249 ὁ
2211 3192 2339 3254 Θεὸς
2373 3185 2615 3262 Ἰακώ6.]

2218 3282 2504 3354 Δυνάμεων
2601 3276 2949 3356 ἀφορίζουσα.
3029 3276 3431 3355 Ἀφορίζουσα,
3513 3280 3797 3335 τουτέστιν

2144 3367 2652 3427 ἀποδιάστέλλουσα
2680 3367 2772 3421 καὶ
2807 3365 3145 3442 χωρίζουσα.

2216 3461 2246 3535 §
2282 3462 2346 3516 [Ι.
2384 3457 2529 3515 Κατά
2556 3453 2787 3528 δύναμιν
2818 3452 3068 3513 ἄκλιτον.
3099 3453 3360 3513 ’Ἀκλιτον
3403 3450 3529 3534 ἔφη,
3554 3458 3806 3511 τουτέστι

2142 3552 2242 3615 τῆς
2298 3545 2502 3608 οἰκείας
2570 3545 2872 3618 ἀκρότητος
2942 3566 3017 3617 μη
3087 3544 3481 3600 ὑποκατιοῢσαν
3516 3563 3528 3576 ·
3579 3543 3642 3600 οὐ
3701 3546 3805 3621 γὰρ

2143 3637 2469 3709 κλινάμενος
2503 3633 2579 3698 εἴς
2610 3631 2839 3705 δύναμιν
2874 3629 3224 3708 δημιουργεῖ,
3256 3630 3382 3688 ἀλλ’
3413 3632 3673 3705 ἀκίνητος
3717 3633 3807 3689 καὶ

2144 3726 2427 3799 ἄκαμπτος
2462 3724 2723 3799 ὑπάρχων
2752 3728 2853 3791 τῆς
2889 3719 3029 3783 ίδίας
3064 3719 3258 3796 ἰσχύος
3287 3722 3513 3796 παράγει
3554 3724 3624 3777 τὰ
3647 3718 3805 3781 ὄντα.

2143 3814 2302 3890 Τάχα
2333 3811 2389 3868 δέ
2420 3812 2635 3869 λεκτέον
2666 3807 2918 3865 ἅκλειτον
2950 3808 3041 3864 καὶ
3071 3810 3135 3864 τὸ
3167 3811 3282 3864 οἷον
3315 3810 3390 3882 μὴ
3432 3808 3768 3884 κλειόμενον
3790 3829 3805 3842 ·

2147 3902 2231 3959 διὸ
2287 3902 2471 3977 ἐπάγει
2530 3900 2621 3954 καὶ
2681 3899 3104 3974 ἀπεριόριστον’
3139 3899 3203 3952 οὐ
3263 3898 3368 3974 γὰρ
3424 3896 3695 3969 κλείεται,
3730 3899 3810 3961 ὦς

2145 3991 2490 4065 ἀδυναμοῦσα
2519 3986 2572 4045 ἕν
2602 4009 2710 4042 τινι
2744 4006 2756 4021 ³
2790 3985 2919 4041 ἀλλ’
2944 3985 3025 4042 ἀεὶ
3068 3985 3298 4063 ἀνέῳγεν
3332 3985 3385 4041 ἐν
3431 3983 3660 4061 δυνάμει
3708 3993 3809 4043 τού

2143 4082 2317 4138 πάντα
2340 4085 2518 4135 ποιεῖν
2538 4080 2573 4149 ἡ
2604 4082 2699 4132 τοῦ
2728 4080 2862 4133 Θεοῦ
2895 4073 3143 4150 δύναμις.

2219 4258 2313 4314 Καὶ
2352 4258 2451 4326 τὴν
2498 4255 2769 4311 ἀσθένειαν
2838 4251 3098 4327 δυναμοῖ.
3150 4252 3450 4317 Ἀσθένειαν
3515 4250 3686 4308 καλεῖ
3744 4256 3814 4309 τὶ

2147 4347 2308 4404 ὑλικᾶ
2349 4350 2516 4402 ταῦτα
2557 4344 2647 4399 καὶ
2697 4343 2943 4418 περίγεια
2988 4342 3236 4417 σώματα,
3270 4342 3425 4396 ἅτινα
3475 4342 3567 4397 καὶ
3598 4336 3816 4417 ἔσχατα

2143 4434 2490 4512 ἀπηχήματά
2521 4454 2673 4510 φησι,
2705 4431 2845 4496 καθᾶ
2879 4429 3152 4495 πολλάκις
3182 4430 3434 4505 ἀνωτέρω
3467 4426 3817 4507 ἕφημεν,διά

389 4522 529 4593 quia
558 4523 803 4579 obscure
834 4528 890 4578 et
921 4523 1248 4579 secundum
1298 4523 1593 4596 propriam
1644 4526 2035 4597 aptituilinem

2165 4529 2205 4583 τὸ
2233 4523 2491 4599 ἀμυδρῶς
2515 4522 2605 4578 καὶ
2634 4522 2769 4577 κατά
2799 4526 2897 4590 τήν
2932 4518 3132 4574 οῗκείαν
3185 4514 3609 4588 ἐπιτηδειότητα
3652 4518 3815 4590 μετέο

388 4608 487 4665 Dei
530 4612 807 4668 virtutem
875 4611 1249 4682 participant.
1303 4612 1364 4667 Et
1411 4613 1482 4669 de
1532 4613 1748 4670 nostris
1796 4617 2032 4687 quidem

388 4699 733 4771 corporibus
764 4701 987 4756 dictum
1017 4706 1106 4756 est
1138 4717 1149 4756 :
1191 4702 1392 4761 Omnia
1417 4717 1643 4773 possum
1666 4706 1723 4758 in
1755 4721 1815 4761 eo
1841 4709 2036 4777 quime

383 4790 666 4859 con/artat
699 4792 801 4862 ig),
837 4789 1063 4845 scilicet
1081 4789 1313 4845 Christo
1340 4809 1352 4846 :
1384 4791 1877 4849 considerandum
1902 4812 2033 4851 vero

382 4877 559 4932 etiam
592 4878 761 4933 estin
798 4878 1049 4950 reliquis
1081 4878 1459 4948 animalibus,
1480 4881 1635 4936 sicut
1667 4881 1723 4937 in
1749 4883 2034 4942 culicibus

383 4970 443 5019 et
476 4966 698 5023 muscis
732 4971 789 5022 et
820 4966 1757 5040 similibus,quantumpossintiu
1784 4973 2032 5044 propriis

385 5054 648 5110 stimulis
683 5054 963 5112 animalia
995 5056 1079 5112 sic
1114 5056 1347 5112 inﬁrma
1384 5062 1440 5112 et
1469 5058 1693 5115 nullius
1724 5063 2029 5131 momenti,

456 5181 526 5252 (θ)
561 5180 774 5252 Ephes.
809 5198 885 5249 1v,
923 5182 1008 5236 14.

2144 4637 2264 4692 χειν
2286 4622 2387 4684 τῆς
2403 4611 2682 4685 δυνάμεως
2699 4613 2797 4665 τοῦ
2816 4612 2970 4665 Θεοῦ.
2993 4607 3090 4662 Καὶ
3111 4606 3234 4684 περὶ
3262 4607 3356 4681 μὲν
3378 4610 3487 4662 τῶν
3507 4607 3628 4670 καθ’
3650 4609 3816 4679 ἡμᾶς

2146 4691 2415 4779 σωμάτιον
2447 4701 2657 4776 ε’ίρηται
2687 4719 2699 4733 ·
2737 4700 2918 4753 Πάντα
2968 4695 3148 4773 ἰσχύω
3191 4695 3246 4750 ἐν
3289 4700 3369 4768 τῷ
3416 4691 3814 4769 ἐνδυναμοῦντί

2151 4816 2217 4868 με
2246 4795 2463 4870 Χριστῷ
2489 4814 2500 4825 ·
2536 4788 2837 4865 θεωρητέον
2868 4784 2924 4842 δὶ
2952 4790 3114 4841 τοῦτο
3172 4784 3262 4840 καὶ
3312 4783 3363 4839 ἐν
3406 4789 3523 4846 τοῖς
3575 4783 3814 4848 λοιποῖς

2150 4884 2330 4953 ζώοις,
2360 4881 2435 4944 ὠς
2462 4878 2550 4934 ἐπὶ
2579 4882 2686 4932 τῶν
2728 4873 2997 4950 ἐμπίδων,
3031 4874 3120 4929 καὶ
3163 4878 3268 4928 τῶν
3328 4877 3520 4947 μυιῶν,
3553 4873 3647 4928 καὶ
3692 4880 3816 4928 τῶν

2144 4970 2430 5044 τοιούτων,
2466 4969 2663 5024 ὁπόσον
2700 4964 2983 5041 ἰσχύουσιν
3017 4962 3070 5019 ἐν
3110 4968 3228 5025 τοῖς
3272 4962 3496 5026 οἰκείοις
3533 4961 3815 5039 κέντροις,

2145 5063 2213 5117 τὰ
2268 5059 2442 5121 οὕτως
2499 5057 2691 5125 ἀσθενῆ
2754 5054 2844 5110 καὶ
2891 5052 3279 5126 ἐξουθενημένα
3321 5055 3452 5121 ζῶα,
3485 5048 3819 5125 ἐνδυναμω-

1089 5184 1156 5254 (f)
1188 5188 1314 5238 Act.
1345 5199 1499 5251 xxv1,
1531 5182 1621 5238 24.
1699 5186 1775 5259 (g)
1810 5187 1961 5248 Psa],
1988 5208 2036 5247 χ]

2188 5192 2272 5245 10.
2349 5187 2451 5259 (g')
2483 5182 2739 5255 Philipp.
2780 5199 2856 5248 ιν,
2893 5182 2979 5237 13.

1399 5299 1639 5356 VARle
1684 5302 2070 5365 LECTIONES
2105 5307 2194 5364 ET
2232 5296 2795 5361 CORREGTIONES.

455 5395 501 5429 ⁶⁴
531 5392 785 5468 ἀγνωσία.
861 5394 907 5430 ⁸⁸
939 5392 1181 5464 ἀληθοῦς
1213 5395 1591 5471 κηρύγματος.
1667 5401 1713 5436 ⁸⁸
1742 5400 1798 5453 Ὀ
1828 5403 1956 5466 Θεὸς
1989 5402 2162 5478 Λόγος
2193 5400 2433 5476 λέγεται,
2466 5399 2550 5452 ὅτι
2578 5399 2675 5450 νοῦ
2705 5395 2793 5450 καὶ
2828 5391 3018 5470 σοφίας
3041 5390 3295 5521 ἔορηγός
3338 5390 3426 5446 καὶ
3464 5391 3541 5454 ὡς
3585 5387 3825 5477 τξᾶζπων

458 5484 531 5519 ων
557 5464 651 5521 τὰς
676 5462 873 5521 αἰτίας.
906 5465 996 5520 καὶ
1030 5467 1104 5521 ὡς
1138 5464 1225 5521 διὰ
1257 5469 1472 5521 πάντων
1507 5475 1729 5521 νωοῶν-
1761 5472 1849 5521 mi
1881 5475 1954 5521 ὡς
2002 5476 2181 5521 πᾶσνιε
2240 5472 2554 5521 ἁπλότητος
2614 5466 3013 5521 ἁπλούστερος.
3091 5481 3196 5521 eus
3253 5464 3505 5521 Verbum
3561 5464 3825 5521 dicitur.

386 5461 531 5538 ἔχων
546 5461 651 5546 ,τὰς
676 5461 873 5546 αἰτία-ς’,
906 5465 996 5520 καὶ
1030 5461 1115 5546 ὦς⁸
1138 5464 1236 5546 διὰ.
1257 5461 1472 5546 πάντων
1507 5475 1730 5545 χωρῶν,
1761 5472 1849 5527 καί
1881 5461 1954 5537 ὡς
2002 5461 2181 5546 πάσης
2240 5461 2554 5539 ἁπλότητος
2614 5461 3013 5546 ἁπλούστερος.

3091 5463 3220 5521 ουδ’
3253 5464 3505 5521 Verbum
3561 5463 3828 5532 dicitur,

386 5535 650 5619 quoniam
678 5539 881 5619 mentis
911 5548 966 5619 e_t_
991 5542 1281 5619 sapientiae
1311 5535 1545 5615 largita}:
1571 5535 1672 5615 est,
1702 5535 1753 5601 ἐι
1774 5550 1907 5619 quia
1935 5535 2392 5608 omnes'cOntinet
2420 5535 2638 5613 causas,
2666 5552 2718 5598 et
2749 5542 2881 5613 quia
2900 5535 3100 5597 omnia
3123 5535 3396 5612 pervadit,
3426 5539 3479 5593 et
3498 5540 3633 5609 quia
3652 5539 3833 5594 οπεπί

385 5608 744 5684 simplicitate
768 5608 1085 5682 simplicior
1112 5620 1212 5669 est.
