4024 6200
242 287 327 343 357

932 281 989 332 S.
1029 279 1301 334 MAXIM!
1336 277 1643 332 SCHOLIA
1679 278 1753 330 IN
1794 275 1926 328 LIB.
1967 275 2063 328 DE
2102 275 2376 330 DIVINIS
2414 278 2824 332 NOMINIBUS.

3479 279 3584 332 358

243 411 371 473 θέντα
394 404 520 478 παρὰ
560 405 656 457 τοῦ
702 401 1034 470 ποιήσαντος
1079 403 1235 455 Θεοῦ’
1289 397 1407 463 ὅθεν
1439 398 1528 454 καὶ
1575 397 1624 452 ἐν
1656 395 1826 465 Ἰωήλ

1972 399 2082 453 |um
2107 388 2140 454 a
2162 400 2278 455 Deo
2304 405 2560 455 creatore
2582 401 3052 456 corroborentur.
3074 401 3304 458 Undein
3327 402 3486 459 Joele
3509 405 3585 474 (h)

239 503 302 567 τῷ
346 493 456 565 θείῳ
496 494 744 568 προῳήτῃ
795 489 961 562 φησὶν
1011 490 1038 543 ὁ
1091 489 1221 550 Θεὸς
1274 488 1398 563 περὶ
1453 484 1693 560 ἀκρίδος,
1742 486 1831 539 καὶ

243 585 465 662 βροῦχου,
508 582 590 635 καὶ
640 578 894 652 κάμπηςσ
939 579 1002 634 Ἡ
1055 575 1282 650 δύναμίς
1333 597 1438 650 μου
1495 580 1530 645 ἡ
1593 574 1830 650 μεγάλη.

240 672 310 727 καὶ
356 673 456 730 πῶς
505 666 631 743 ἄχρι
680 665 889 722 τούτων
944 666 1006 720 τὸ
1065 662 1500 741 ἀπιιροδύναμον
1557 668 1654 718 τοῦ
1700 667 1835 717 Θεοῦ

244 762 412 837 φθάνει,
459 757 610 833 φησὶν
673 750 882 815 εἲκόνας
941 755 1249 826 θαυμαστὰς
1306 755 1396 808 καὶ
1444 751 1835 822 ἀληθεστάτας.

237 847 382 905 Ἀλλά
401 845 481 900 καὶ
510 843 560 898 ἐν
590 849 704 904 τοῖς
733 842 974 917 ἀψύχοις
1014 844 1078 897 τὸ
1131 843 1262 898 αὐτὸ
1301 843 1570 915 εὑρήσεις,
1603 840 1656 896 ὲν
1680 841 1840 904 πόαις

238 937 310 991 καὶ
345 933 588 1010 βοτάναις,
637 931 726 987 καὶ
780 930 1076 1004 μετάλλοις
1127 935 1345 1008 θεωρῶν
1399 929 1654 1002 δυνάμεις
1707 929 1839 1003 βλα-

238 1045 396 1084 πτικας
437 1022 520 1076 καὶ
570 1020 906 1098 ὠφελίμουςο
951 1021 1042 1074 καὶ
1093 1018 1362 1094 εὔθρυπτα
1403 1019 1470 1074 τὰ
1511 1019 1710 1088 πλείω,
1749 1013 1838 1072 καὶ

241 1111 356 1168 ἄλλα
383 1110 586 1185 ἰσχυρά,
615 1109 706 1164 καὶ
738 1108 1016 1177 ὰνένδοτα,
1049 1109 1124 1171 ὡς
1157 1109 1246 1163 τὸν
1269 1106 1570 1181 ἀδάμαντα.
1594 1105 1840 1168 Ἄλλως.

237 1201 494 1264 Ἀσθένειαν
544 1195 961 1271 δυναμουμένην
1013 1196 1064 1252 ἐν
1110 1197 1327 1258 τούτοις
1375 1197 1442 1251 τά
1491 1195 1843 1251 ἀσθενέστατα

237 1295 322 1344 τῶν
352 1289 486 1357 ζώων
538 1287 694 1365 φησὶ,
726 1286 928 1358 ταύτην
975 1284 1174 1361 ἔχοντα
1218 1291 1316 1341 τοῦ
1369 1283 1540 1346 ὅντως
1585 1287 1716 1340 εἶναι
1745 1287 1845 1354 τήν

235 1376 441 1449 δύναμιν,
471 1378 503 1446 ἢ
533 1375 807 1430 ἀσθένειαν
859 1375 1073 1446 οἰητὲον
1126 1377 1223 1444 τὴν
1276 1373 1488 1450 ἄψυχον
1538 1373 1627 1429 καὶ
1667 1375 1842 1444 πάντη

235 1467 452 1536 ἀκίνητον
483 1465 664 1534 φύσιν,
695 1464 820 1534 ἥτις
869 1465 968 1533 τὴν
1023 1463 1287 1535 ούσιώδη,
1335 1462 1582 1519 τουτέστι
1621 1465 1720 1534 τήν
1750 1468 1846 1518 τοῦ

235 1556 354 1619 ὅλως
380 1557 500 1611 εἶναι
532 1552 787 1627 δύναμιν,
816 1552 1037 1632 ε’ίληφεν
1071 1553 1130 1608 ἐκ
1161 1558 1316 1610 Θεοῦ.

290 1650 421 1715 §IlI.
474 1643 576 1700 Καὶ
621 1643 752 1698 αὐτὸ
801 1639 878 1710 δὶ,
930 1642 977 1697 εἴ
1025 1643 1180 1716 θεμις
1216 1685 1229 1699 .
1275 1643 1582 1711 Τουτὲστιν,
1634 1641 1733 1696 οὐκ
1779 1643 1845 1710 ἦν

1943 489 2096 544 Deus
2119 490 2190 544 de
2209 488 2434 545 locusta
2458 495 2514 545 et
2534 491 2714 544 bruco
2753 506 2820 545 ac
2857 506 3030 546 eruca
3059 490 3255 546 divino
3288 493 3580 563 prophetae

1944 579 2087 634 dicit
2112 595 2125 634 :
2154 578 2330 635 Virtus
2357 595 2480 635 mea
2509 595 2741 649 magna;
2788 584 2844 633 et
2874 580 3165 650 quomodo
3213 579 3448 634 inﬁnita
3491 582 3589 636 Dei

1947 669 2130 723 virtus
2153 670 2223 724 ad
2248 669 2366 724 bmo
2391 685 2576 740 usque
2617 668 2926 739 pertineat,
2960 667 3328 724 admirandis
3354 669 3594 725 verissi-

1948 758 2180 828 misque
2202 759 2408 830 probat
2437 757 2738 828 exemplis.
2770 759 2916 823 Quin
2941 757 3118 812 etiam
3139 757 3293 812 idem
3323 758 3379 811 in
3400 758 3593 812 inani-

1948 847 2147 909 mis,in
2183 847 2380 902 herbis
2410 851 2466 902 et
2494 845 2859 918 graminibus
2891 851 3069 917 atque
3104 845 3374 914 metallis,
3400 846 3449 902 si
3486 847 3596 900 vir-

1950 941 2105 991 tutes
2136 938 2338 992 noxias
2371 941 2425 989 et
2458 935 2630 991 utiles
2660 935 3014 1005 consideres,
3041 935 3317 1005 reperies;
3350 941 3406 990 et
3427 936 3600 1007 plura

1951 1025 2186 1095 quidem
2215 1024 2488 1094 friabilia,
2513 1032 2564 1078 et
2596 1023 2712 1078 alia
2736 1024 2905 1079 ﬁrma
2936 1029 2993 1078 et
3024 1024 3193 1089 dura,
3222 1028 3284 1078 ut
3315 1025 3597 1079 adaman-

1951 1119 2089 1169 tem.
2114 1113 2313 1169 Aliter.
2340 1113 2801 1168 Imbecillitatem
2831 1113 3263 1168 corroboratam
3285 1113 3342 1166 in
3375 1113 3467 1167 bis
3497 1130 3597 1168 seu

1953 1203 2062 1258 hoc
2092 1203 2216 1258 loco
2249 1201 2717 1258 imbecillissima
2767 1201 3112 1256 animalium
3148 1200 3440 1272 intelligit,
3475 1219 3600 1272 quae

1952 1292 2099 1348 hanc
2148 1291 2378 1348 irtutem
2391 1308 2522 1346 vere
2535 1292 2818 1347 existendi
2840 1289 3494 1357 habent,autarbitrand
3507 1306 3600 1344 um

1954 1387 2044 1437 est
2074 1382 2533 1438 imbecillitatem
2565 1397 2695 1436 esse
2744 1385 3012 1434 naturam
3057 1379 3404 1443 inanimam,
3437 1395 3600 1450 pror-

1957 1489 2179 1544 susque
2213 1473 2539 1538 immotam,
2572 1488 2698 1542 quae
2729 1470 3125 1536 essentialem,
3151 1469 3208 1525 id
3235 1475 3324 1525 est
3362 1470 3601 1526 omnino

1957 1561 2240 1618 existendi
2271 1563 2545 1617 virtutem
2581 1578 2615 1616 a
2645 1560 2758 1616 Deo
2791 1559 3036 1628 accepit.

2029 1654 2055 1720 §
2087 1651 2184 1706 Ill.
2219 1653 2390 1722 Atque
2417 1650 2623 1720 ipsum,
2655 1652 2707 1704 si
2734 1651 2818 1718 fas
2847 1657 2946 1704 est.
2995 1648 3054 1703 Id
3105 1652 3194 1702 est
3243 1647 3608 1719 impossibile

238 1732 417 1789 δυνατὸν
449 1732 583 1789 εἷναί
632 1754 683 1787 τι
717 1729 887 1803 ὅλως,
924 1732 1001 1805 μὴ
1049 1737 1211 1787 τοῦτο
1255 1738 1355 1802 τῆς
1395 1731 1538 1794 θείας
1572 1729 1850 1804 δυνάμεως

1972 1747 2086 1795 erat
2116 1740 2339 1811 aliquid
2372 1739 2612 1794 omnino
2644 1755 2793 1806 esse,
2826 1737 2942 1792 nisi
2987 1735 3185 1791 divina
3213 1737 3431 1791 virtute
3461 1735 3606 1790 illud

243 1825 414 1894 ὑποστη
423 1821 626 1896 σαμὲνη
637 1843 685 1883 ς.

297 1912 504 1985 Δύναμιν
539 1910 626 1973 οἷς
672 1911 735 1966 τὸ
787 1911 920 1965 εἶναι
971 1909 1107 1985 ἔχει.
1159 1910 1276 1978 Τὴν
1309 1907 1537 1984 δύναμιν
1592 1911 1655 1965 οὐ
1693 1908 1854 1984 μόνον

235 2003 316 2070 τήν
345 2001 410 2062 είς
452 2002 513 2056 τὸ
569 2000 877 2055 συνεστάναι
912 1999 1070 2075 ἴσχὺν
1123 2004 1260 2066 νοεῖ,
1309 1997 1455 2054 ἀλλὰ
1484 2000 1571 2054 καὶ
1602 2001 1700 2068 τήν
1733 1997 1856 2053 ἐπι-

237 2088 523 2160 τηδειότητα
577 2089 653 2150 είς
694 2089 758 2144 τὸ
804 2087 1037 2144 τοιῶσδε
1086 2088 1220 2144 εἶναι
1294 2086 1521 2162 δύναμιν
1583 2088 1854 2162 σημαίνει.

237 2176 446 2233 Διάδοσιν
479 2177 535 2234 δὲ
590 2176 749 2233 καλεῖ
796 2175 1073 2250 δυνάμεως
1118 2179 1221 2247 τήν
1271 2176 1348 2239 εἷς
1377 2177 1444 2232 τά
1496 2174 1597 2248 ἔξω
1639 2177 1860 2254 περὶτὰ

237 2263 339 2321 ὄντα
361 2265 590 2343 πρόοδον
620 2274 722 2338 τῆς
749 2267 1011 2342 προνοίας
1042 2271 1138 2321 τοῦ
1189 2271 1324 2321 Θεοῦ
1352 2269 1442 2321 καὶ
1493 2267 1855 2342 ἀγαθότητος,

233 2354 294 2417 εἰς
333 2357 390 2411 τὸ
433 2357 570 2411 εἶναι
618 2357 685 2411 τὰ
732 2351 863 2412 ὄντα
910 2356 999 2410 καὶ
1049 2362 1427 2431 παραχθῆναι.
1480 2357 1580 2410 Καὶ
1634 2359 1859 2432 πρώτην

234 2447 310 2518 μὲν
338 2447 554 2520 δύναμίν
610 2468 741 2524 φησι
789 2449 889 2516 τὴν
937 2451 1044 2501 τῶν
1098 2448 1287 2501 ὅντων·
1323 2451 1494 2501 ταῦτα
1542 2444 1599 2501 δέ
1653 2446 1756 2502 εἶσι
1795 2447 1862 2502 τά

226 2537 387 2605 νοητὰ,
415 2537 500 2590 καὶ
533 2537 802 2608 ἀσώματα
832 2530 956 2590 ὄντα
990 2535 1278 2610 λεγόμενα,
1311 2535 1386 2600 ὡς
1432 2536 1690 2595 ἀθάνατα.
1745 2541 1863 2599 τοῖς

231 2620 278 2677 δὲ
315 2645 370 2699 γε
414 2630 636 2696 νοητοῖς
688 2627 731 2661 ⁸⁷
773 2625 862 2678 καὶ
914 2625 982 2679 τὰ
1021 2625 1184 2700 νοερὰ
1239 2624 1720 2700 συγκατατακτὲον,
1785 2626 1859 2687 ὡς

228 2713 436 2787 ψυχικάς
463 2714 562 2774 τὰς
595 2713 682 2768 καὶ
715 2710 946 2787 λογικὶς
993 2717 1085 2767 νῦν
1136 2711 1462 2786 λεγομέναςο
1505 2715 1533 2768 ὁ
1565 2714 1667 2788 γὰρ
1701 2713 1864 2789 λόγος

227 2805 330 2862 νοῦς
373 2800 498 2871 ἑστι,
550 2801 671 2855 καθ’
716 2801 772 2854 ’ὀν
805 2803 840 2870 ἡ
873 2801 1027 2876 ψυχή
1080 2802 1199 2855 καθ’
1258 2797 1520 2856 ὑπόϐασιν
1571 2802 1705 2875 μετὰ
1731 2802 1858 2864 τοὺς

229 2886 472 2963 ἀγγέλους
529 2891 696 2963 νοερὰ
745 2887 978 2964 λιγεται.
1030 2891 1163 2944 Εἶτα
1211 2891 1300 2944 καὶ
1351 2890 1553 2959 ταύτης
1599 2889 1859 2963 ὑφειμένη

238 2973 443 3050 δύναμις
489 2982 524 3048 ἢ
573 2979 885 3049 αἰσθητικὴ,
919 2980 954 3047 ἡ
987 2981 1092 3030 τῶν
1144 2977 1411 3053 ἐμψύχων
1455 2977 1696 3054 ἀλόγωνο
1751 2981 1865 3036 εἶτα

230 3067 498 3136 ἡζωτική,
556 3066 648 3122 καὶ
697 3069 732 3136 ἡ
790 3067 1011 3141 φυτική,
1043 3069 1077 3136 ἡ
1109 3071 1216 3122 τῶν
1271 3072 1452 3143 φυτῶν
1496 3069 1744 3123 ἁπάντων
1771 3069 1862 3123 καὶ

1969 1830 2345 1902 producente.

2039 1920 2188 1975 I95
2225 1920 2537 1974 Potentiam
2587 1917 2745 1972 habet
2791 1919 2849 1970 ut
2887 1915 2976 1971 sit.
3030 1919 3138 1970 Per
3184 1913 3460 1969 virtutem
3495 1929 3608 1969 non

1968 2013 2197 2063 tantum
2231 2007 2519 2079 intelliget
2549 2007 2665 2062 vim
2699 2008 2768 2060 ad
2801 2005 3266 2070 consistendum,
3299 2004 3398 2058 sed
3431 2003 3609 2058 etiam

1969 2097 2264 2169 significat
2294 2096 2685 2168 aptitudinem
2720 2099 2783 2148 ut
2803 2094 2904 2148 tali
2934 2094 3106 2148 modo
3139 2093 3215 2148 sit
3243 2092 3464 2148 virtus:
3492 2091 3616 2146 dis—

1969 2186 2352 2240 tributionem
2385 2201 2518 2239 vero
2562 2183 2797 2238 virtutis
2846 2186 3013 2236 vocat
3059 2196 3434 2252 progressum
3485 2197 3612 2250 pro-

1969 2274 2240 2329 videntiae
2271 2278 2328 2328 et
2360 2272 2639 2327 bonitatis
2668 2271 2768 2326 Dei
2799 2272 2869 2325 ad
2902 2275 3061 2325 extra
3093 2270 3246 2323 circa
3275 2284 3387 2333 res,
3416 2273 3482 2323 ut
3503 2268 3614 2322 illa:

1972 2364 2090 2418 sint
2121 2368 2175 2416 et
2207 2363 2623 2432 producantur.
2666 2361 2734 2414 Et
2773 2359 3030 2430 primum
3064 2358 3300 2428 quidem
3335 2357 3613 2411 virtutem

1971 2453 2112 2506 dicit
2141 2467 2267 2506 eam
2301 2467 2426 2522 ques
2459 2453 2547 2504 est
2578 2446 2800 2503 entium
2829 2463 2927 2502 seu
2959 2445 3456 2512 substantiarum;
3492 2445 3611 2499 haec

1971 2549 2166 2596 autem
2221 2544 2361 2593 sunt
2409 2535 2806 2608 intelligibilia
2835 2541 2893 2590 et
2925 2535 3269 2605 incorporea
3299 2551 3426 2604 quae
3459 2534 3617 2588 entia

1970 2630 2250 2684 dicuntur
2283 2632 2346 2682 ut
2370 2625 2772 2692 immortalia;
2806 2641 2938 2680 cum
2972 2622 3450 2694 intelligibilibus
3484 2638 3616 2676 vero

1971 2720 2145 2774 etiam
2179 2715 2584 2787 conjungenda
2615 2719 2754 2769 sunt
2785 2729 2848 2768 ea
2880 2730 3004 2784 quas
3055 2713 3412 2782 intelligunt,
3466 2711 3618 2765 sicut

1973 2808 2184 2862 animae
2217 2822 2344 2878 quae
2376 2802 2696 2859 rationales
2730 2803 2902 2857 modo
2935 2801 3213 2855 dicuntur
3244 2802 3430 2855 :ratio
3461 2801 3615 2854 enim

1973 2899 2064 2950 est
2098 2911 2262 2949 mens
2296 2910 2396 2965 per
2422 2909 2597 2962 quam
2628 2891 2825 2945 anima
2842 2891 3166 2946 secundum
3193 2889 3621 2960 subjectionem

1976 2989 2104 3056 post
2130 2983 2392 3055 angelos,
2426 2998 2529 3037 seu
2562 2980 2620 3035 in
2644 2981 2829 3052 gradu
2863 2977 3089 3050 angelis
3118 2977 3379 3042 inferior,
3405 2975 3619 3032 intelli-

1975 3089 2118 3144 gens
2148 3072 2381 3126 dicitur.
2418 3072 2619 3125 Postea
2651 3069 2787 3124 huic
2816 3069 3054 3124 subdita
3091 3075 3178 3122 est
3204 3068 3388 3122 virtus
3428 3065 3621 3121 sensi-

232 3155 468 3227 βοτανῶν,
523 3157 650 3220 καθ’
705 3155 770 3224 ἦν
803 3136 1060 3230 ’φυτικὴν
1122 3136 1556 3226 ζωὴν-ἀνθοῦσι·
1615 3158 1748 3230 μετὰ
1805 3156 1856 3212 δὲ

1975 3163 2088 3216 tiva
2110 3162 2502 3215 animatorum
2532 3153 3382 3222 brutorum,deindevitalis,ac
3401 3158 3626 3227 vegeta-

229 3245 435 3314 πάσαςὴ
468 3241 746 3314 ούσιώδης
780 3242 1031 3317 δύναμις,
1073 3243 1347 3300 τουτέστιν
1378 3247 1413 3315 ἡ
1445 3250 1552 3300 τῶν
1603 3246 1856 3322 ἀψύχων,

229 3334 327 3384 οἷον
351 3337 450 3386 τῶν
487 3330 865 3406 μεταλλικῶν,
897 3334 985 3387 καὶ
1019 3326 1416 3409 γεωδεστὲρων,
1453 3334 1575 3404 ἥτις
1607 3333 1856 3409 δύναμις,

229 3421 592 3494 ἠουνιστῶσα,
624 3422 715 3476 καὶ
765 3421 842 3483 εἷς
898 3423 959 3476 τὸ
1009 3423 1146 3476 εἶναι
1201 3419 1436 3497 διαρκεῖν
1483 3429 1736 3491 ποιοῦσα,
1768 3425 1857 3480 καὶ

225 3511 310 3576 τὴν
339 3515 439 3564 τῶν
467 3513 790 3580 ποιοτήτων
821 3507 1050 3583 δύναμιν
1076 3507 1264 3565 δίδωσι
1293 3517 1508 3586 θερμῶν
1540 3514 1574 3583 ἢ
1603 3517 1856 3589 ψυχρῶν,

227 3596 256 3663 ἢ
297 3601 392 3649 τῶν
437 3600 563 3671 ἑξῆς
611 3597 873 3674 κράσεων·
927 3598 1016 3652 καὶ
1065 3595 1190 3668 ἤτοι
1235 3598 1485 3676 ὠφελεῖν,
1537 3601 1570 3670 ἢ
1626 3600 1857 3656 τοιῶσδε

226 3683 458 3762 ὠφελεῖν.
494 3686 600 3745 Καὶ
651 3688 746 3745 τὰς
800 3686 1078 3761 ὀρεκτικᾶς
1126 3685 1183 3741 δὲ
1234 3685 1507 3761 δυνάμεις,
1539 3694 1637 3744 τοῦ
1682 3691 1856 3753 θέλειν

227 3773 296 3826 ἀεὶ
327 3776 409 3846 [τά
439 3773 665 3852 λογικά]
719 3771 974 3838 δύνασθαι
1027 3775 1114 3830 καὶ
1158 3774 1463 3848 ἐπιθυμεῖν,
1519 3779 1546 3832 ὁ
1594 3784 1858 3854 χορηγῶν

224 3861 322 3917 ἐστι
351 3865 500 3929 Θεὸς,
533 3864 626 3919 καὶ
659 3861 889 3936 δυναμοῖ
941 3865 1079 3938 πρὸς
1124 3863 1308 3941 φιλίαν
1357 3865 1423 3920 τὰ
1469 3867 1747 3940 ἡνωμένα,
1773 3868 1862 3923 καὶ

227 3952 350 4024 πρὸς
379 3953 694 4020 κοινωνίαν,
739 3951 984 4007 τουτέστι
1035 3955 1103 4007 τὰ
1163 3952 1444 4028 σπέρματα
1492 3954 1704 4010 πάντων
1736 3953 1862 4025 ἤτοι

223 4041 561 4117 τὰστοιχεῖα
609 4041 934 4115 συμμέτρως
983 4042 1120 4113 πρὸς
1168 4040 1394 4097 σύνοδον
1446 4041 1722 4111 ὁδεύοντα,
1773 4045 1864 4099 καὶ

224 4129 348 4202 πρὸς
377 4129 608 4200 ἄλληλα
641 4129 957 4204 μιγνύμενα,
991 4131 1076 4184 καὶ
1129 4124 1503 4200 πλησιάζοντα
1550 4134 1758 4208 πράως,
1791 4133 1867 4196 εἰς

223 4214 436 4293 δύναμιν
469 4221 592 4294 ἄγει
621 4223 718 4273 τοῦ
765 4219 831 4274 τά
883 4219 1115 4290 αἰσθητὰ
1145 4219 1312 4292 ὃμοια
1349 4227 1557 4296 γεννᾷν.
1593 4225 1705 4292 Τῆς
1737 4228 1864 4298 γοῦν

223 4306 454 4370 ἓνώσεως
507 4307 734 4375 ταύτης,
785 4308 874 4362 καὶ
918 4312 1013 4362 τοῦ
1077 4307 1345 4384 μίγματος
1403 4315 1508 4364 τῶν
1570 4313 1866 4385 ήνωμὲνων

223 4393 293 4457 εἰς
319 4395 530 4471 φιλίαν,
567 4397 641 4460 ὡς
666 4395 895 4474 ἔφημεν,
927 4396 1217 4472 στοιχείων
1246 4398 1584 4473 τρεπομένου
1617 4399 1692 4462 εἷς
1749 4399 1869 4456 δια-

1969 3251 2084 3305 tiva
2118 3251 2457 3321 plantarum
2491 3247 2757 3302 omnium
2791 3263 2857 3302 ac
2891 3245 3228 3313 herbarum,
3271 3261 3401 3315 quae
3447 3259 3626 3312 vege-

1965 3341 2147 3396 tativa
2203 3339 2322 3394 vita
2384 3338 2592 3391 ﬂorent
2625 3354 2637 3392 :
2670 3341 2800 3406 post
2859 3352 3064 3389 omnes
3117 3351 3249 3389 vero
3293 3337 3382 3388 est
3441 3332 3626 3386 virlus

1968 3428 2323 3492 essentialis,
2357 3427 2413 3481 id
2447 3430 2534 3481 est
2557 3425 2980 3488 inanimorum,
3005 3423 3229 3478 scilicet
3253 3419 3622 3476 metallorum

1969 3533 2070 3572 seu
2101 3515 2494 3580 mineralium,
2521 3530 2649 3586 quae
2669 3514 2861 3567 virtus
2911 3511 3301 3577 constituens,
3335 3514 3511 3579 atque
3545 3509 3624 3562 fa-

1969 3606 2128 3660 ciens
2159 3609 2221 3658 ut
2250 3604 2307 3657 in
2343 3619 2472 3658 esse
2508 3601 2848 3673 persistent,
2875 3604 2930 3654 et
2952 3599 3066 3652 vim
3102 3597 3453 3668 qualitatum
3481 3597 3617 3649 cali-

1969 3696 2177 3749 darum
2202 3698 2302 3746 aut
2322 3692 2662 3761 frigidarum
2687 3694 2788 3743 aut
2813 3687 3174 3757 reliquorum
3199 3691 3624 3754 temperamen-

1969 3788 2161 3838 torum
2184 3781 2410 3844 tribuit,
2444 3785 2502 3834 et
2521 3779 2756 3849 quidem
2788 3777 3068 3847 prodesse
3087 3784 3183 3828 aut
3212 3774 3297 3828 sic
3323 3775 3622 3844 prodesse.

1969 3873 2281 3942 Appetivas
2314 3885 2546 3940 quoque
2589 3868 2834 3922 virtutes
2881 3863 3110 3918 volendi
3164 3878 3391 3933 semper
3423 3860 3624 3931 [ratio-

1974 3958 2149 4030 nalia]
2180 3974 2350 4030 posse
2380 3961 2437 4011 et
2457 3955 2731 4026 cupiendi
2769 3958 2915 4007 Deus
2940 3949 3189 4023 largitur
3214 3953 3272 4004 et
3291 3949 3624 4003 corroborat

1975 4049 2139 4102 unita
2154 4048 2222 4102 ad
2243 4045 2563 4102 amicitiam
2587 4050 2643 4098 et
2657 4041 3158 4103 communionem,
3175 4039 3231 4094 id
3253 4042 3344 4093 est
3365 4035 3626 4092 omnium

1977 4139 2204 4192 semina
2225 4152 2327 4191 seu
2352 4134 2640 4188 elementa
2664 4133 2733 4186 ad
2761 4145 3144 4202 congressum
3173 4128 3467 4183 moderate
3493 4141 3629 4196 pro-

1977 4227 2241 4291 deuntia,
2273 4230 2328 4280 et
2368 4225 2520 4278 inter
2567 4238 2630 4277 se
2661 4222 2859 4288 mista,
2914 4225 2970 4274 et
3021 4218 3226 4273 leviter
3275 4214 3630 4279 accedentia,

1979 4317 2140 4372 ducit
2186 4316 2246 4369 in
2292 4314 2565 4368 virtutem
2597 4309 2838 4366 sensilia
2870 4308 3088 4364 similia
3138 4304 3478 4378 generandi.
3516 4302 3632 4355 Hac

1979 4407 2160 4477 igitur
2195 4401 2611 4472 conjunctione
2661 4403 2719 4454 et
2770 4399 3218 4467 conjunctorum
3268 4391 3542 4447 mistione
3571 4389 3631 4443 in

223 4487 381 4560 φοράν
409 4487 504 4541 καὶ
537 4487 850 4562 χωρισμὸν,
900 4483 1286 4560 διακρινόμενα
1333 4489 1400 4541 τά
1447 4487 1584 4562 μέρη
1632 4492 1856 4564 χωρίζει

1982 4493 2300 4550 amicitiam
2330 4489 2720 4562 (utdiximus)
2753 4487 3177 4542 elementorum
3219 4481 3276 4536 in
3331 4478 3633 4534 diversita-

219 4593 302 4628 ται
334 4575 410 4638 εἰς
442 4575 681 4650 γενέσεις
710 4573 800 4629 καὶ
854 4575 1032 4644 ζώων,
1063 4575 1152 4629 καὶ
1204 4580 1410 4653 φυτῶν,
1452 4577 1542 4631 καὶ
1571 4583 1678 4634 τῶν
1727 4578 1868 4650 ἑξῆς·

220 4663 306 4717 καὶ
353 4660 631 4738 λαμϐάνει
682 4664 862 4727 θεόθεν
912 4665 947 4733 ἡ
986 4661 1256 4739 διάκρισις
1307 4664 1463 4736 αὕτη,
1513 4663 1636 4735 ἤτοι
1687 4669 1713 4722 ὁ
1757 4687 1872 4742 χω·

221 4753 414 4826 ρισμὸς
449 4750 683 4826 δύναμιν
719 4750 798 4814 εἷς
827 4751 891 4806 τὸ
946 4752 1077 4806 εἶναι
1110 4752 1199 4806 καὶ
1247 4755 1580 4829 παραγωγήν
1610 4760 1705 4809 τοῦ
1740 4756 1871 4810 εἶναι

221 4842 281 4893 τὰ
318 4843 437 4895 κατ’
487 4839 632 4902 εἶδος
679 4841 959 4916 γινόμενα.
991 4841 1092 4903 Τάς
1146 4839 1237 4895 οὖν
1288 4843 1586 4918 συγκρίσεις
1633 4845 1722 4898 καὶ
1755 4843 1873 4899 δια-

219 4930 421 4999 κρίσεις
474 4931 698 4992 ὲνώσεις
747 4929 836 4984 καὶ
890 4928 1077 5007 φιλίας
1131 4928 1256 5008 ἔφη,
1305 4933 1393 4985 καὶ
1452 4932 1735 5007 ἀσύγχυτα
1785 4934 1874 4988 καὶ

219 5020 548 5099 ἁσύμφυρτα
575 5021 643 5074 τά
686 5016 803 5088 εἶ’δη
861 5016 1129 5093 διάκρισιν
1185 5019 1454 5092 ὠνόμασε.
1510 5023 1874 5095 [Σημείωσαι,

220 5109 290 5171 ὡς
318 5110 409 5165 καὶ
442 5109 617 5179 αὐτὴν
649 5109 748 5176 τὴν
784 5102 960 5185 ἔφεσιν
995 5106 1054 5162 ἐκ
1083 5113 1214 5163 Θεοῦ
1247 5105 1464 5184 ἔχουσιν
1499 5112 1552 5164 αἱ
1592 5113 1875 5186 ἀγγελικαὶ

218 5195 437 5272 δυνάμει
449 5220 476 5260 ς

286 5287 389 5342 Καὶ
439 5287 509 5341 τὸ
560 5286 692 5341 εἶναι
747 5289 934 5342 ταῦτα.
984 5288 1049 5343 Ἠ
1097 5291 1204 5342 τῶν
1242 5282 1413 5343 όντων
1463 5287 1619 5367 φύσις
1653 5292 1715 5346 τὸ
1749 5292 1876 5347 εἶναι

283 5406 367 5477 (h)
398 5408 550 5476 Cap.
581 5423 622 5476 ι,
644 5405 764 5459 2-4.

1985 4589 2100 4638 tem
2134 4586 2190 4636 et
2219 4579 2645 4650 separationem
2678 4590 2979 4639 conversa,
3001 4580 3192 4644 partes
3213 4569 3508 4624 distinctae
3540 4582 3635 4621 se-

1984 4674 2266 4743 parantur
2285 4669 2338 4722 in
2357 4663 2834 4738 generationibus
2847 4660 3193 4716 animalium
3215 4664 3270 4712 et
3292 4657 3628 4728 plantarum

1985 4777 2050 4815 ac
2076 4767 2415 4815 czeterorum
2469 4771 2481 4808 :
2539 4756 2774 4822 haecque
2827 4749 3130 4804 distinctio
3190 4762 3293 4802 seu
3340 4744 3634 4815 separatio

1985 4847 2196 4918 accipit
2216 4845 2498 4899 divinitus
2522 4843 2792 4895 virtutem
2821 4844 2884 4893 ut
2911 4837 3007 4901 sit,
3037 4842 3093 4892 et
3119 4834 3386 4904 singulas
3411 4830 3636 4902 species

1988 4935 2443 5009 producat.Ergo
2463 4930 2904 5000 conjunctiones
2919 4932 2974 4980 et
2993 4925 3401 4980 distinctiones
3415 4921 3634 4975 unitio-

1987 5042 2090 5081 nes
2105 5030 2159 5080 et
2177 5024 2468 5079 amicitias
2483 5021 2512 5073 d
2528 5019 2830 5087 ixit,atque
2853 5031 2964 5069 non
2983 5014 3256 5068 confusas
3271 5016 3326 5065 et
3345 5027 3458 5064 non
3476 5024 3636 5063 com—

1987 5114 2196 5168 mistas
2226 5110 2452 5183 species
2471 5107 2877 5163 distinctionem
2909 5101 3245 5157 nominavit.
3280 5099 3450 5168 [Nola
3475 5097 3629 5169 quod

1988 5202 2265 5258 unionem
2297 5199 2487 5271 ipsam
2519 5214 2588 5252 ex
2629 5197 2744 5251 Deo
2794 5194 3013 5249 habent
3043 5190 3286 5246 virtutes
3319 5184 3639 5259 angelicaz].

2057 5295 2122 5347 Et
2151 5307 2266 5346 esse
2296 5290 2427 5344 haec.
2463 5291 2684 5343 Natura
2712 5299 2908 5340 rerum
2961 5280 3171 5353 quaerit
3211 5294 3340 5335 esse
3379 5293 3494 5332 non
3530 5273 3636 5330 cli-

1229 5495 1472 5552 VARLE
1509 5497 1906 5555 LECTIONES
1948 5498 2036 5555 ET
2074 5492 2638 5554 CORRECTIONES.

285 5586 331 5620 ⁵⁷
367 5602 500 5656 νοερ
509 5587 614 5644 οἷς·
