4024 6200
359 287 462 340 359
1181 278 1546 334 APPENDIX
1583 279 1679 330 AD
1717 276 1956 329 OPERA
1995 275 2055 327 Β.
2095 273 2413 329 DIONYSII
2453 273 2951 332 AREOPAGITE.

3670 281 3781 338 360

359 410 566 479 gendo,
599 408 697 463 sed
741 405 1087 462 necessitate
1143 406 1200 458 et
1257 400 1508 456 utilitate
1564 396 1924 454 existentiae:
1957 399 2002 450 el

2132 392 2372 464 ἐπιζητεῖ
2418 395 2478 450 οὐ
2527 403 2946 471 προαιρετικῶς,
2993 398 3140 455 ἀλλὰ
3165 406 3246 473 τῷ
3292 403 3568 478 ἀναγκαίῳ
3595 426 3655 461 τε
3685 406 3779 460 καὶ

358 499 466 554 hoc
493 497 675 569 igitur
704 495 848 550 dicit
878 497 958 550 ita
985 509 1119 561 esse,
1155 496 1326 562 atque
1355 491 1471 544 vim
1505 489 1633 560 ejus
1665 487 1818 558 quod
1852 502 2009 556 quae-

345 589 508 664 _ritur
537 591 823 656 tanquam
883 580 1279 638 necessarium
1315 595 1445 634 esse
1490 595 1522 632 a
1556 577 1754 632 divina
1785 580 1842 630 et
1872 574 2007 628 inli-

363 675 486 731 nita
517 673 796 730 essentia.

431 855 600 924 Atque
620 852 968 920 directiones,
992 852 1087 904 tir.
1123 848 1209 901 καὶ
1245 843 1639 917 εὑθημοσύνας.
1692 844 1840 898 196
1901 842 2008 896 Εὑ-

361 940 674 1014 θημοσύνας
707 942 850 996 dicit
879 941 1200 1011 positiones
1232 940 1374 993 bene
1398 937 1680 991 habentes
1703 940 1759 989 et
1774 933 2008 990 ordines

359 1037 513 1088 recte
563 1031 805 1103 positos,
851 1029 1213 1099 decorasque
1265 1026 1634 1097 operationes
1669 1042 1680 1079 :
1715 1021 2010 1094 angelicas

359 1127 557 1176 autem
591 1120 866 1186 unitates,
909 1117 1317 1188 simplicitates
1367 1113 1647 1185 intelligit
1693 1116 1793 1167 aut
1823 1106 2009 1170 ἐνάδας

356 1216 526 1266 vocat
557 1210 818 1280 ipsorum
853 1207 1246 1262 essentiarum
1298 1203 1741 1274 simplicitatem
1775 1207 1830 1256 et
1877 1217 2008 1254 cor-

353 1298 510 1369 poris
544 1298 930 1368 privationem
964 1311 1029 1350 ac
1061 1293 1602 1359 immortalitatem;
1639 1295 1780 1345 nota
1811 1293 2006 1344 autem

359 1387 513 1459 quod
547 1386 704 1441 dicat
737 1390 896 1440 astra
928 1399 1268 1456 perennare.

425 1477 597 1545 Atque
627 1475 845 1530 ordine:
874 1473 1268 1528 immutabites.
1305 1469 1712 1526 Immutabiles
1745 1466 2010 1523 caalestes

359 1563 654 1620 essentias
676 1562 935 1633 intellige
954 1578 1066 1616 non
1092 1561 1242 1632 quod
1280 1565 1503 1614 aeternae
1527 1558 1681 1624 sint;
1717 1556 1826 1628 ipsi
1851 1555 2004 1610 enim

355 1653 683 1710 secundum
738 1651 1101 1723 Scripturam
1149 1649 1586 1704 ministratrorii
1632 1646 1863 1717 spiritus
1892 1645 2003 1714 (i):

2118 483 2385 558 χρησίμῳ
2427 492 2530 554 τῆς
2581 485 2880 562 ὐπάρξεως⁹
2914 488 3004 542 καὶ
3057 493 3214 544 τοῦτο
3261 489 3350 546 οὖν
3405 514 3536 571 φησι
3583 494 3649 548 τὸ
3682 493 3776 550 οὗ·

2115 593 2224 633 τως
2285 573 2442 642 εἶναι,
2500 574 2590 629 καὶ
2639 577 2738 644 τὴν
2793 573 3018 648 δύναμιν
3076 583 3174 632 τοῦ
3233 579 3644 654 ἐπιζητεῖσθαι,
3699 585 3778 646 ὡς

2116 660 2404 736 ἀναγκαῖον
2438 664 2499 716 τὸ
2532 665 2664 717 εἶναι
2697 667 2842 739 παρὰ
2888 672 2991 734 τῆς
3023 666 3168 730 θείας
3199 668 3288 722 καὶ
3335 667 3777 744 ἀπειροδυνάμου

2119 749 2323 812 οὐσίας.

2192 841 2291 896 Καὶ
2369 841 2766 913 εὐθημοσύνας.
2845 843 3236 917 Εὐθημοσύνας
3322 848 3454 922 φησὶ
3535 851 3634 913 τὰς
3721 849 3778 905 εὖ

2119 929 2352 1004 ἐχούσας
2403 932 2574 992 θέσεις
2630 933 2719 986 καὶ
2765 931 2940 1004 τάξεις
3000 932 3247 997 εὐθέτους
3302 936 3392 990 καὶ
3451 936 3777 1013 εὐσχήμους

2121 1014 2515 1092 δημιουργίας·
2563 1018 2864 1094 ἀγγελικιῖη
2919 1018 2975 1076 δὲ
3023 1019 3223 1076 ἒνάδων
3276 1029 3384 1078 τῶν
3442 1023 3776 1096 ἁπλοτήτων

2119 1105 2303 1182 φησίν·
2340 1105 2374 1174 ἢ
2409 1105 2592 1168 ένάδας
2637 1107 2796 1163 καλεῖ
2840 1109 2933 1170 τὰς
2978 1114 3089 1164 τῶν
3139 1111 3336 1166 οὐσιῶν
3385 1113 3560 1169 αὐτῶν
3597 1115 3779 1170 ἁπλό-

2115 1215 2302 1264 τητας,
2333 1195 2423 1249 καὶ
2461 1197 2776 1269 ἀσωματίας
2806 1198 2894 1252 καὶ
2940 1197 3153 1263 ἆϋλίας.
3192 1202 3509 1273 Σημείωσαι
3567 1201 3646 1277 δὲ,
3691 1204 3776 1260 ὅτι

2116 1284 2242 1346 τοὺς
2273 1284 2499 1358 ἀστέρας
2525 1282 2846 1356 διαιωνίζειν
2880 1286 3048 1362 λέγει.

2189 1463 2287 1517 Καὶ
2329 1465 2506 1536 τάξεις
2555 1463 2982 1528 ἀναλλοιώτους.
3039 1465 3483 1532 ’Δναλλοιώτους
3530 1471 3626 1533 τάς
3687 1473 3780 1528 οὐ·

2118 1551 2298 1624 ρανίας
2346 1551 2552 1621 οὐσίας,
2609 1555 2684 1626 μὴ
2725 1556 2862 1609 κατὰ
2903 1555 2965 1609 τὸ
3013 1554 3208 1620 ἀϊδίως
3255 1557 3386 1613 εἶναι
3437 1565 3646 1632 νοήσης
3693 1565 3767 1621 ⁸⁸.

2118 1640 2270 1696 αὐτοὶ
2319 1643 2423 1716 γάρ
2475 1643 2610 1697 κατὰ
2657 1645 2719 1697 τὸ
2775 1645 3145 1719 γεγραμμένον
3203 1645 3552 1724 λειτουργικὰ
3609 1653 3778 1705 πνεύ-

355 1743 454 1797 sed
483 1740 1025 1796 immutabilitatem
1053 1738 1314 1807 intellige
1357 1737 1510 1792 circa
1531 1735 1857 1790 custodiam
1890 1737 2002 1787 ter-

2132 1733 2261 1786 κατά
2304 1731 2456 1786 εισινο
2513 1731 2659 1786 ἀλλά
2705 1732 2827 1808 περὶ
2875 1735 2974 1803 την
3030 1735 3279 1810 φυλακὴν
3326 1742 3435 1791 τῶν
3497 1737 3547 1808 ἐξ
3591 1739 3780 1814 ἀρχῆς

356 1830 654 1886 minorum
690 1829 837 1900 ipsis
869 1846 900 1883 a
932 1828 1046 1883 Deo
1081 1827 1136 1882 in
1186 1826 1474 1899 principio
1523 1824 2001 1880 constitutorum.

355 1918 800 1991 Progressiones
819 1921 1014 1972 autem
1045 1915 1326 1986 temporis
1358 1915 1532 1983 hujus
1555 1911 2002 1982 longitudinem,

355 2012 413 2063 et
444 2012 670 2063 motum
703 2005 1039 2061 ulteriorem
1073 2005 1232 2071 dicit;
1286 2002 1724 2057 distinctionem
1764 2015 1900 2053 vero
1933 1997 2006 2052 si-

357 2096 790 2166 gniﬁcationem
825 2099 1295 2166 temporum,seu
1320 2096 1730 2162 tempestatum
1756 2105 1882 2159 qua:
1907 2103 2007 2158 per

356 2185 822 2240 vicissitudinem
849 2202 908 2239 ru
921 2185 1124 2238 rsusin
1143 2183 1347 2239 eodem
1373 2186 1584 2253 puncto
1602 2177 2000 2234 constituitur:

358 2275 490 2329 ideo
512 2275 685 2328 etiam
716 2281 939 2328 motum
970 2273 1250 2343 temporis
1294 2271 1525 2326 vocavit
1555 2265 1844 2337 συνελίξεις
1870 2283 2003 2320 con-

354 2365 689 2431 volutiones;
725 2367 826 2417 aut
875 2361 1314 2434 progressiones
1349 2357 1630 2430 temporis
1661 2355 1802 2410 dicit
1829 2371 2003 2411 eran-

356 2453 503 2508 tium
548 2451 808 2508 siderum
843 2451 1150 2519 motiones,
1183 2466 1310 2521 quae
1342 2449 1400 2503 in
1434 2447 1688 2519 quodam
1722 2443 2004 2516 temporis

355 2557 602 2596 numero
636 2557 737 2612 per
766 2539 1073 2595 duodecim
1128 2540 1417 2593 dictarum
1461 2537 1772 2591 domorum
1815 2532 2006 2604 spatia

355 2630 578 2685 sensim
625 2633 951 2684 moventur.
989 2633 1158 2684 Porro
1207 2624 1665 2683 ἀποκαταστάσεις
1715 2627 1884 2678 vocat
1931 2621 2002 2675 ab

353 2719 552 2790 aliquo
587 2723 803 2790 puncto
836 2719 894 2772 in
921 2718 1073 2772 idem
1120 2720 1402 2786 punctum
1437 2730 1708 2769 recursus
1760 2729 1771 2766 :
1827 2709 2003 2765 veluti

353 2808 436 2863 sol
475 2824 574 2879 per
598 2823 818 2862 annum
838 2806 1045 2862 circuit
1070 2804 1377 2860 duodecim
1403 2804 1614 2858 domus
1637 2802 1708 2854 ab
1731 2800 1909 2854 ariete
1935 2801 2004 2854 ad

355 2897 593 2951 arietem
629 2895 996 2967 perveniens;
1029 2894 1170 2948 luna
1203 2909 1304 2964 per
1326 2907 1613 2956 mensem,
1650 2894 1706 2944 et
1737 2889 1816 2943 ita
1847 2892 2006 2943 caste-

355 2985 402 3039 ri
437 2985 720 3056 quinque;
744 2990 1013 3056 tempora
1043 2982 1199 3038 enim
1232 2999 1300 3036 ex
1331 2981 1424 3037 his
1457 2983 1896 3034 mensurantur.

427 3084 492 3138 Et
517 3085 660 3138 vires
689 3082 856 3153 ignis.
889 3080 1122 3136 Scilicet
1170 3079 1428 3135 zetherei.
1473 3077 1758 3147 Loquitur
1805 3080 2002 3131 autem

357 3173 429 3228 de
453 3177 708 3242 quatuor
728 3169 1238 3241 elementis,atque
1257 3173 1472 3222 terram
1493 3183 1526 3221 a
1548 3165 1708 3220 nullo
1730 3165 1961 3220 fundari
1989 3181 2002 3220 :

357 3260 662 3332 Scriptura
691 3276 826 3314 vero
853 3259 1030 3314 dicit:
1059 3258 1248 3330 Super
1266 3273 1448 3328 aquas
1482 3254 1743 3309 fundasti
1773 3255 1860 3325 (j).

429 3437 777 3492 Essemiales.
812 3435 1102 3490 Fortassis
1142 3434 1484 3490 essentialia
1513 3434 1791 3488 dicuntur
1827 3433 2003 3488 etiam

354 3525 555 3580 omnia
575 3527 784 3580 animaa
817 3542 883 3580 ac
916 3541 1128 3580 sensus
1171 3523 1449 3595 expertia,
1484 3540 1611 3594 quas
1667 3522 1890 3577 scilicet
1932 3523 2005 3577 ab

353 3631 468 3670 esse
498 3614 580 3670 ita
611 3619 874 3669 vocatur.

426 3707 493 3760 Et
517 3707 690 3775 ipsam
709 3703 1135 3774 deiﬁcalionem,
1167 3702 1264 3758 Gr.
1300 3701 1514 3756 θέωσιν.
1548 3702 1578 3758 J
1587 3703 1700 3755 usti
1729 3706 1786 3756 et
1816 3702 2004 3769 angeli

353 3792 1137 3858 efﬁciunturdii,secundum
1156 3789 1298 3844 illud
1328 3793 1475 3860 :Is‘go
1507 3789 1628 3844 dixi
1646 3788 1744 3844 Dii
1757 3789 1887 3844 estis
1907 3788 2002 3858 (k).

425 3881 659 3936 Omnino
687 3881 828 3934 situs
859 3880 957 3935 Gr.
992 3877 1152 3938 Θέσις.
1179 3876 1330 3931 Θέσιν
1357 3884 1520 3932 vocat
1554 3878 1996 3948 productionem

356 3969 424 4020 ad
449 3969 840 4033 existendum,
875 3985 940 4022 ac
973 3968 1019 4022 si
1053 3970 1303 4022 diceret:
1333 3969 1491 4034 Quod
1547 3984 1660 4021 non
1696 3967 2006 4038 participat

353 4053 628 4108 virtutem
665 4070 852 4124 neque
883 4055 1036 4108 inter
1059 4062 1360 4110 creaturas
1391 4060 1497 4110 est.

425 4150 575 4217 §Vl'
609 4151 774 4220 Atqui
820 4152 905 4205 ait
936 4153 1158 4221 Etyma:
1209 4169 1416 4221 magus.
1483 4154 1621 4208 Hine
1679 4152 2008 4206 ostenditur

355 4239 534 4306 hujus
567 4240 756 4295 sancti
787 4239 891 4293 viri
926 4241 1289 4310 antiquitas;
1336 4239 1494 4294 novit
1515 4239 1667 4294 enim
1705 4257 1830 4310 qure
1863 4240 2008 4294 dixit

354 4328 588 4401 Elymas
622 4345 852 4400 magus,
882 4327 984 4399 qui
1015 4328 1191 4383 etiam
1227 4327 1456 4383 obstitit
1487 4333 1689 4382 sancto
1741 4328 1916 4383 Paulo
1946 4329 2003 4383 in

354 4419 559 4489 Cypro,
583 4419 756 4486 cujus
789 4421 932 4472 Acta
947 4423 1283 4472 sanctorum
1307 4416 1703 4487 apostolorum
1732 4418 2008 4473 memine-

2116 1820 2302 1883 αὐταῖς
2355 1821 2458 1874 ὑπὸ
2509 1825 2642 1875 Θεοῦ
2689 1824 3027 1894 τεταγμένων
3070 1822 3211 1898 ὅρων
3273 1827 3336 1880 τὸ
3387 1825 3775 1883 ἀναλλοίωτον

2113 1910 2332 1978 νόησον.
2367 1907 2644 1982 Προόδους
2676 1907 2732 1964 δὲ
2760 1915 2856 1964 τοῦ
2888 1908 3093 1986 χρόνου
3123 1913 3186 1967 τὸ
3221 1918 3398 1986 μῆκος
3433 1916 3652 1987 τούτου,
3679 1920 3776 1972 καὶ

2112 2000 2214 2066 τήν
2266 1997 2354 2052 ἐπὶ
2402 1999 2466 2052 τὸ
2523 2019 2716 2072 προσω
2775 2002 2944 2076 φορὰν
2998 1999 3166 2074 λέγει’
3229 2000 3497 2078 διάκρισιν
3546 2003 3624 2071 δὲ,
3665 2008 3772 2074 τήν

2115 2084 2204 2142 διὰ
2244 2094 2345 2155 τῆς
2395 2085 2704 2161 ἐναλλαγῆς
2753 2093 2858 2142 τῶν
2902 2093 3104 2162 καιρῶν
3157 2087 3280 2159 ἤτοι
3322 2092 3482 2166 ὡρῶν
3534 2094 3783 2166 σημείων

2115 2197 2196 2230 σιν
2243 2177 2377 2249 πρὸς
2428 2177 2494 2230 τὰ
2543 2176 2678 2231 αὐτὰ
2735 2175 2902 2232 πάλιν
2957 2177 3484 2252 ἀποκαθισταμένην
3533 2179 3620 2237 διὸ
3679 2184 3776 2237 καὶ

2114 2263 2405 2334 συνελίξεις
2459 2263 2680 2320 ἐκάλεσε
2724 2270 2822 2320 τοῦ
2871 2265 3076 2342 χρόνου
3119 2269 3219 2336 τήν
3279 2268 3510 2338 κίνησιν·
3555 2272 3592 2340 ἢ
3639 2291 3792 2346 προ-

2115 2351 2276 2415 όδους
2305 2355 2564 2428 χρονικάς
2617 2376 2748 2431 φησι
2804 2356 2896 2416 τὰς
2944 2360 3055 2411 τῶν
3103 2354 3400 2427 πλανήτων
3433 2357 3642 2434 ἄστρων
3678 2382 3773 2414 κι-

2112 2445 2317 2513 νήσεις,
2370 2441 2458 2496 ἐπί
2511 2465 2632 2497 τινα
2679 2444 2907 2518 ἀριθμὸν
2958 2447 3164 2519 χρόνου
3202 2443 3529 2521 διερπούσας
3577 2451 3646 2502 τά
3728 2445 3784 2503 ιϐ

2112 2536 2220 2586 τῶν
2281 2529 2589 2606 λεγομένων
2650 2531 2814 2588 ο⁹ίκων
2877 2531 3252 2606 διαστήματαο
3309 2537 3775 2600 ἀποκαταστάσεις

2116 2617 2173 2675 δὲ
2202 2620 2295 2684 τὰς
2343 2619 2448 2675 ἀπὸ
2495 2621 2728 2694 σημείου
2772 2623 2919 2683 τινὸς
2951 2621 3038 2676 ἐπὶ
3089 2624 3151 2677 τὸ
3204 2623 3333 2678 αὐτὸ
3376 2631 3606 2698 σημεῖον
3639 2625 3777 2681 ἐπα-

2113 2707 2406 2783 ναδρομάς·
2437 2710 2548 2764 οἷον
2573 2711 2600 2764 6
2632 2709 2794 2778 ἥλιος
2825 2708 2893 2765 δι’
2927 2711 3168 2767 ἐνιαυτοῦ
3200 2713 3496 2789 περιπολεῖ
3536 2716 3667 2778 τοὺς
3707 2712 3784 2770 ιϐ’

2115 2796 2298 2861 ο’ίκους
2328 2798 2434 2853 ἀπὸ
2481 2802 2578 2853 τοῦ
2629 2796 2930 2874 λεγομένου
2960 2805 3117 2874 κριοῦ
3164 2800 3251 2856 ἐπὶ
3288 2803 3378 2856 τὸν
3426 2803 3587 2858 αὐτὸν
3619 2807 3785 2879 κριὸν

2117 2884 2500 2961 διερχόμενος,
2533 2889 2567 2957 ἡ
2602 2887 2804 2958 σελήνη
2853 2887 2942 2943 διὰ
2999 2890 3190 2962 μηνὸς,
3240 2890 3330 2945 καὶ
3379 2893 3430 2946 οἱ
3462 2893 3585 2962 ἑξῆς
3619 2900 3654 2948 ε’
3689 2895 3788 2948 οῦ-

2113 2997 2190 3030 τω
2207 2997 2250 3038 ς·
2283 2975 2343 3031 ix
2371 2977 2472 3051 γὰρ
2505 2977 2710 3031 τούτων
2747 2979 2797 3032 οἱ
2829 2977 3022 3052 χρόνοι
3060 2983 3402 3053 μετροῦνται.

2190 3074 2288 3128 Καὶ
2340 3073 2436 3136 τὰς
2495 3079 2591 3128 τοῦ
2649 3073 2820 3149 πυρὸς
2876 3073 3155 3149 δυνάμεις.
3214 3080 3326 3134 Τοῦ
3381 3078 3620 3152 αἰθερίου
3685 3078 3792 3150 δη-

2119 3161 2328 3218 λονότι.
2373 3164 2517 3232 Φησὶ
2564 3161 2620 3218 δὲ
2663 3164 2786 3239 περὶ
2835 3170 2944 3220 τῶν
2996 3165 3268 3242 τεσσάρων
3323 3169 3629 3243 ςτοιχείων,
3684 3171 3790 3224 καὶ

2117 3253 2200 3307 ὅτι
2231 3255 2266 3320 ἠ
2299 3259 2369 3326 γῆ
2404 3251 2484 3306 ἐπ’
2519 3250 2740 3315 οὐδενὸς
2771 3253 3186 3326 τεθεμελίωται’
3214 3258 3249 3325 ἡ
3282 3254 3339 3310 δὲ
3370 3259 3553 3335 Γραφή
3589 3280 3793 3335 φησιν,

2115 3341 2239 3396 Ἐπὶ
2274 3338 2484 3395 ὐδάτων
2513 3340 2900 3414 έθεμελίωσας.

2185 3429 2292 3490 Τάς
2325 3428 2628 3492 οὐσιώδεις.
2655 3432 2809 3492 Ἰσως
2832 3429 3071 3503 οὐσιώδη
3105 3430 3354 3507 λέγονται
3385 3435 3474 3488 καὶ
3501 3436 3566 3489 τά
3602 3439 3794 3493 πάντα

2116 3516 2303 3593 ἄψυχα
2332 3519 2421 3573 καὶ
2464 3519 2782 3590 ἀναίσθητα,
2831 3517 3090 3590 δηλονότι
3145 3521 3252 3576 ἀπὸ
3291 3527 3387 3577 τοῦ
3442 3525 3573 3578 εἶναι
3632 3526 3792 3580 οὕτω

2117 3606 2411 3681 λεγόμενα.

2187 3697 2292 3752 Καὶ
2325 3697 2422 3764 τὴν
2470 3696 2682 3753 θέωσιν.
2716 3699 3064 3753 Ἐκθεοῦνται
3113 3699 3164 3753 οἱ
3213 3697 3409 3754 δίκαιοι
3458 3701 3548 3754 καὶ
3581 3703 3632 3755 οἱ
3689 3704 3792 3777 ἂγο

2113 3783 2294 3860 γελυι,
2328 3787 2464 3840 κατὰ
2491 3786 2574 3840 τό’
2611 3785 2755 3861 Ἐγὼ
2793 3788 2936 3842 εἶπα·
2973 3787 3097 3842 Θεοί
3125 3787 3260 3843 ἐστε.

2187 3883 2477 3945 Παντελῶς
2538 3884 2678 3947 θέσις
2713 3902 2725 3916 °
2785 3887 2938 3940 Θέσιν
3008 3883 3170 3940 καλεῖ
3225 3888 3324 3955 τὴν
3383 3887 3458 3948 εἷς
3514 3887 3579 3941 τὸ
3637 3889 3787 3943 εἶναι

2115 3973 2474 4045 παραγωγὴν,
2507 3971 2624 4025 ἀντὶ
2653 3976 2768 4042 τοῦ,
2804 3973 2870 4030 ’³0
2917 3974 2993 4046 μὴ
3049 3972 3270 4048 μετέχει
3302 3971 3610 4048 δυνάμεως,
3643 3975 3788 4031 οὐδὲ

2116 4059 2167 4115 ἐν
2202 4058 2266 4129 δη
2281 4062 2542 4136 μιουργίᾳ
2573 4059 2704 4116 ἐστί.

2188 4154 2214 4218 §
2278 4152 2369 4205 Vl.
2431 4149 2614 4203 Καίτοι
2677 4150 2839 4228 φησὶν
2899 4151 3144 4224 Ἐλύμας
3202 4153 3230 4206 6
3293 4153 3497 4226 μάγος.
3560 4154 3790 4210 Δείκνυο

2113 4259 2202 4292 ται
2252 4237 2488 4302 ἐντεῦθεν
2529 4243 2628 4292 τοῦ
2676 4239 2832 4314 ἁγίου
2881 4239 3078 4294 τούτου
3129 4238 3324 4316 ἀνδρὸς
3355 4243 3389 4310 ἡ
3445 4242 3784 4316 ἀρχαιότης·

2121 4328 2152 4382 ἃ
2201 4329 2301 4402 γὰρ
2361 4329 2504 4383 εἶπεν
2555 4327 2795 4400 Ἐλύμας
2852 4331 2880 4384 ὁ
2938 4331 3132 4404 μάγος,
3181 4331 3239 4392 ὃς
3295 4331 3385 4384 καὶ
3438 4332 3661 4400 ἀντέστη
3698 4340 3787 4405 τῷ

2118 4417 2256 4492 ἁγίῳ
2312 4415 2513 4490 Παύλῳ
2574 4417 2625 4472 έν
2686 4419 2910 4492 Κύπρῳ,
2971 4419 3256 4494 γινώσκει·
3319 4419 3380 4473 οὗ
3434 4420 3489 4473 αἱ
3545 4420 3787 4494 Πράξεις

353 4513 493 4562 runt
511 4509 597 4578 (ι).
623 4507 838 4562 Multos
859 4512 1055 4562 tamen
1084 4506 1294 4578 Elymaa
1317 4506 1541 4560 similes
1566 4505 1742 4561 habet
1771 4507 2001 4575 Arabia,

2132 4509 2219 4559 τῶν
2281 4505 2448 4580 ἁγίων
2502 4505 2824 4562 ἀποστόλων
2879 4508 3209 4580 μέμνηνται.
3269 4509 3461 4580 ’Ὀμως
3517 4506 3786 4571 πολλοὺς

355 4597 458 4668 qui
482 4597 686 4651 dicunt
703 4597 983 4650 adversus
1002 4613 1106 4650 nos
1125 4600 1456 4652 asserentes
1478 4595 1678 4650 Jesum
1706 4595 2001 4651 Christum

360 4691 540 4741 Deum
557 4685 814 4740 Verbum
831 4702 1006 4740 carne
1032 4701 1134 4756 pro
1148 4684 1316 4740 nobis
1343 4701 1577 4753 passum
1601 4685 1698 4738 sed
1724 4701 1835 4738 non
1857 4684 2005 4738 divi-

357 4775 622 4830 nitatezSi
646 4791 757 4829 non
781 4773 1094 4828 admittitis
1120 4773 1313 4844 ipsum
1339 4773 1641 4828 divinitate
1661 4790 1902 4844 passum
1920 4774 2002 4828 uti

364 4864 768 4930 voluit,i‘acitis
798 4864 980 4918 Deum
1007 4863 1412 4933 impotentem,
1435 4861 1692 4916 dicentes
1721 4879 1852 4916 eum
1887 4879 2001 4917 non

355 4970 524 5022 posse
557 4954 602 5007 si
641 4952 912 5021 voluerit;
950 4953 1234 5007 adversus
1265 4968 1416 5022 quos
1447 4950 1784 5015 dicendum,
1818 4952 2001 5006 Deum

356 5041 465 5096 hoc
480 5041 900 5107 noluisso,cum
924 5043 1070 5096 197
1093 5040 1331 5096 haberet
1353 5039 1409 5093 in
1426 5056 1538 5110 quo
1560 5045 2005 5109 pateretur,este

353 5136 557 5186 contra
584 5130 1251 5196 naturam,divinitatem
1279 5130 1552 5201 pati,qua3
1569 5133 1777 5183 natura
1793 5145 1902 5184 sua
1917 5135 2005 5185 est

424 5308 488 5378 (ἰ)
521 5307 692 5363 Hebr.
724 5325 762 5376 ι,
794 5309 878 5364 14.
956 5309 1024 5381 (j)
1055 5307 1207 5366 Psal.
1239 5325 1403 5377 χχιιι,
1435 5310 1489 5366 2.

1567 5309 1646 5381 (k)
1675 5307 1827 5365 Psal.
1875 5325 2068 5379 cxxxx,
2098 5309 2152 5366 6.

2116 4593 2344 4664 ὁμοίους
2403 4599 2482 4666 τῷ
2538 4593 2752 4668 Ἐλύμᾳ
2806 4597 2840 4664 ἠ
2896 4590 3123 4670 Ἀραϐία
3175 4594 3312 4670 ἔχει,
3364 4596 3419 4648 οἳ
3472 4617 3600 4673 φασι
3635 4599 3784 4671 πρὸς

2115 4684 2262 4754 ἡμᾶς
2297 4682 2577 4758 λέγοντας,
2609 4685 2818 4753 Ἰησοῦν
2853 4685 3082 4757 Χριστὸν
3113 4685 3204 4738 τὸν
3238 4684 3366 4738 Θεὸν
3401 4683 3569 4760 Λόγον
3615 4687 3782 4760 σαρκὶ

2114 4774 2301 4825 παθεῖν
2359 4772 2489 4846 ὑπὲρ
2536 4774 2722 4843 ἡμῶν,
2772 4771 2916 4826 ἀλλὰ
2969 4773 3045 4843 μὴ
3081 4772 3309 4840 θεότητα
3358 4775 3425 4838 ⁸⁸,
3458 4774 3563 4828 δτι.
3594 4773 3656 4828 Εἰ
3697 4778 3780 4846 μή

2117 4857 2341 4935 δέχεσθε
2374 4861 2534 4915 αὐτὸν
2569 4860 2786 4925 θεότητι
2817 4866 3004 4923 παθεῖν
3040 4861 3114 4924 ὡς
3155 4861 3450 4931 ἠθέλησεν,
3493 4860 3780 4935 ἁδύ-θαμον

2114 4955 2322 5003 ποιεῖτε
2375 4950 2468 5003 τὸν
2540 4951 2691 5012 Θεὸν,
2754 4951 3043 5028 φάσκοντες
3099 4951 3174 5023 μή
3248 4948 3497 5006 δύνασθαι
3555 4951 3781 5022 θεότητι

2113 5041 2302 5093 παθεῖν
2361 5039 2405 5093 εἰ
2469 5037 2670 5102 ἐθέλοι·
2733 5039 2871 5113 πρὸς
2932 5038 3023 5102 οὓς
3077 5037 3319 5108 λεκτέον,
3365 5039 3447 5095 ὅτι
3503 5041 3633 5095 αὐτὸ
3680 5041 3785 5096 οὐκ

2114 5123 2405 5198 ἠϐουλήθη
2436 5129 2463 5182 6
2517 5129 2673 5195 Θεὸς,
2705 5125 2848 5202 ἔχων
2892 5127 2969 5189 είς
3015 5128 3068 5182 τί
3111 5130 3298 5198 πάθοι,
3346 5129 3409 5183 τὸ
3440 5131 3588 5202 παρὰ
3617 5152 3784 5203 φύσιν

2231 5310 2297 5381 (ι)
2330 5313 2456 5367 Act.
2489 5327 2616 5378 XIII,
2648 5309 2703 5364 8.

1360 5480 1600 5536 VARl/E
1643 5477 2034 5536 LEC'I‘IONES
2073 5478 2164 5535 ET
2201 5479 2764 5538 CORRECTIONES.

424 5572 468 5608 ⁸⁸
497 5569 756 5644 νομίσης.
831 5575 877 5610 ⁵⁸
905 5578 972 5649 τῇ
1008 5574 1242 5646 θεότητι.
