4024 6200
238 300 336 356 361

981 306 1039 360 8.
1081 303 1346 360 ΜΔΧΙΜΙ
1388 300 1698 360 SCHOLIA
1738 299 1811 354 IN
1849 297 1984 354 LIB.
2025 299 2122 353 DE
2158 301 2432 358 DIVINIS
2469 303 2882 360 NOMINIBUS.

3507 270 3523 280 ’
3541 301 3649 358 362

237 423 500 497 γενέσθαι,
541 422 631 480 ἵνα
677 428 711 494 ἡ
757 425 950 497 Θεότης
999 429 1161 490 πάθοι
1208 429 1242 496 ἡ
1293 427 1430 482 κατᾶ
1473 447 1628 503 φυσιν
1658 423 1869 492 ἄπαοής

2004 421 2415 494 impassibilis.
2447 425 2594 481 Vide
2645 426 2938 497 quomodo
2987 426 3343 482 sententiam
3389 427 3651 500 Apostoli

235 517 373 586 Ὅρα
419 521 536 578 πῶς
587 517 873 590 έρμηνεῦει
916 519 978 573 τὸ
1030 516 1396 573 άποστολικὸν
1447 517 1633 593 ῥητὸν,
1681 514 1754 568 Οὐ
1800 511 1892 568 δύ-

235 626 387 659 ναται
419 606 446 659 6
479 605 610 668 Θεὸς
642 607 828 661 ἑαυτὸν
857 608 1211 680 ἀρνήσασθαι.

306 695 371 750 Ἡ
428 694 527 768 γὰρ
589 695 782 750 ἑαυτοῦ
840 697 1081 769 ἄρνησις.
1140 698 1314 771 ’Όπερ
1357 693 1516 774 ἔφην,
1571 692 1810 766 Ἐλύμας
1861 691 1888 744 6

239 781 409 856 μάγος
450 784 672 856 σκώψας
713 786 805 838 τὸν
853 785 994 840 θεῖον
1045 783 1256 840 Παῦλον
1308 783 1550 852 εῗπόντα,
1597 785 1676 858 μὴ
1732 779 1890 835 δύνα-

235 873 352 924 σθαι
387 871 719 943 ἀρνήσασθαι
751 872 936 926 ἑαυτὸν
983 873 1072 928 τὸν
1123 874 1277 941 Θεὸν,
1307 873 1397 927 καὶ
1444 873 1506 927 τό
1536 894 1596 948 γε
1626 871 1713 926 ἐπὶ
1749 869 1889 927 Ιῐαῦ-

234 959 315 1030 λῳ
347 957 610 1015 ἀδύνατον
641 958 945 1024 δείκνυσθαι
975 962 1068 1016 τὸν
1111 962 1260 1029 Θεὸν,
1295 960 1588 1034 δυνάμενον
1625 961 1656 1014 ἃ
1690 959 1887 1034 βούλε-

228 1069 337 1120 ται,
370 1049 645 1104 τουτέστιν
695 1049 1028 1124 ἀρνήσασθαι
1063 1051 1274 1122 ἑαυτὸν,
1314 1049 1737 1128 φιλοσοφάηατα
1767 1048 1884 1104 λύει

230 1139 257 1192 6
290 1139 458 1211 μέγας
481 1137 939 1209 Διονύσιος.Φησὶ
968 1138 1179 1214 γὰρ,ὅτι
1213 1141 1240 1194 6
1272 1140 1400 1200 Θεὸς
1431 1138 1661 1208 ἀλήθειά
1678 1137 1882 1206 ἐστινοὴ

230 1223 284 1280 δὶ
312 1224 549 1296 ἀλήθεια
579 1225 637 1280 6'v
671 1226 800 1281 ἐστι·
829 1228 891 1281 τὸ
923 1225 982 1282 δὲ
1010 1225 1227 1301 ψευδος,
1251 1228 1324 1289 ὡς
1346 1227 1732 1294 ἀνυπόστατον,
1762 1223 1884 1280 οὐδὲ

230 1312 285 1369 ὅν
316 1313 484 1370 ἐστιν·
518 1314 604 1370 ἐὰν
638 1316 730 1370 οὗν
764 1315 1066 1392 ἀρνήσηται
1099 1317 1286 1371 ἑαυτὸν
1317 1317 1346 1370 6
1377 1317 1582 1384 Θεὸς,ἡ
1629 1315 1882 1386 ἀλήθεια,

228 1406 567 1477 ψευσαμένη,
623 1407 698 1477 μή
745 1405 804 1459 ὃν
849 1405 1048 1479 γίνεται
1079 1425 1090 1436 ⁸
1137 1405 1226 1460 καὶ
1273 1410 1390 1466 πῶς
1441 1405 1556 1458 οἷόν
1609 1425 1668 1459 τε
1721 1409 1882 1459 τοῦτο

227 1487 508 1562 συμϐῆναι
556 1512 569 1561 ;
619 1493 681 1547 τὸ
725 1493 815 1547 οὗν
883 1493 958 1565 μὴ
1019 1490 1294 1561 δύνασθαι,
1352 1491 1440 1546 ἐπὶ
1499 1489 1631 1547 Θεοῦ
1687 1492 1880 1546 ταττό-

229 1601 416 1652 μενον,
465 1581 672 1654 ἀφάτου
720 1578 1001 1653 δυνάμεώς
1052 1581 1160 1636 ἐστι
1208 1587 1460 1654 σημεῖον.
1507 1583 1740 1654 ’Ὁμοιον
1775 1583 1878 1655 γάρ

227 1669 367 1723 ἐστιν
402 1669 596 1740 εἰπεῖν,
646 1669 727 1724 ὅτι
785 1667 1002 1725 δύναται
1035 1672 1063 1724 6
1115 1672 1244 1733 Θεὸς
1294 1671 1476 1726 ἑαυτὸν
1522 1677 1748 1740 ποιῆσαι
1800 1671 1876 1743 μὴ

1999 517 2274 584 exponat,
2304 516 2425 568 Non
2457 519 2626 586 potest
2658 519 2806 570 Deus
2830 514 3072 587 seipsum
3103 531 3308 586 negare
3336 517 3455 587 (τη).

2069 691 2354 763 Siquidem
2384 695 2478 748 sui
2517 695 2698 762 ipsius
2744 693 2896 748 enim
2941 695 3178 762 negatio.
3206 693 3366 756 Quod
3420 693 3650 750 dicebat

2000 779 2230 852 Elymus
2254 798 2460 854 magus
2479 783 2754 838 deridens
2777 787 3045 838 sanctum
3067 782 3312 838 Paulum
3335 782 3645 852 dicentem,

1998 875 2178 925 Deum
2221 888 2334 926 non
2384 887 2558 942 posse
2609 887 2819 943 negare
2850 873 3136 943 seipsum,
3167 888 3235 926 ac
3282 871 3649 942 impossibile

1996 960 2304 1015 ostendere
2336 960 2392 1014 in
2429 959 2606 1016 Paulo
2628 961 2811 1016 Deum
2835 978 3006 1032 posse
3031 977 3157 1032 qua:
3189 961 3333 1028 vult,
3354 960 3410 1015 id
3434 965 3523 1016 est
3553 976 3648 1016 se-

1994 1049 2187 1120 ipsum
2222 1065 2452 1120 negare,
2481 1065 2735 1121 magnus
2757 1049 3072 1121 Dionysius
3105 1049 3360 1105 maxime
3393 1049 3650 1121 philoso-

1994 1137 2162 1210 phice
2184 1154 2284 1194 seu
2309 1144 2513 1210 argute
2537 1138 2723 1195 solvit.
2742 1139 2895 1194 Dicit
2911 1140 3065 1194 enim
3087 1139 3272 1194 Deum
3292 1154 3420 1195 esse
3443 1141 3649 1195 verita-

1995 1232 2111 1283 tem
2131 1243 2142 1282 :
2161 1227 2458 1283 veritatem
2482 1231 2675 1283 autem
2701 1245 2828 1284 esse
2850 1245 2954 1284 ens
2977 1245 2989 1282 :
3016 1229 3332 1284 falsitatem
3356 1245 3489 1284 vero
3511 1246 3645 1287 cum

1995 1334 2108 1372 non
2130 1317 2439 1384 subsistat,
2457 1317 2701 1372 minime
2724 1318 2897 1373 etiam
2921 1333 3049 1373 esse
3066 1333 3199 1373 ens:
3217 1318 3264 1373 si
3291 1316 3470 1389 igitur
3487 1319 3642 1375 Deus

1991 1406 2254 1477 seipsum
2281 1407 2827 1479 negaverit,veritas
2852 1405 2951 1461 ubi
2983 1406 3273 1473 fefellerit,
3297 1422 3408 1461 non
3433 1423 3538 1462 ens
3559 1408 3642 1462 ef-

1991 1495 2206 1561 ficitur,
2231 1505 2282 1550 et
2313 1496 2606 1566 quomodo
2649 1495 2885 1567 signum
2931 1495 3086 1550 istud
3119 1495 3383 1551 accidere
3415 1495 3640 1568 possit?

1989 1598 2125 1653 ergo
2146 1597 2257 1637 non
2274 1599 2429 1653 posse
2447 1582 2506 1637 in
2530 1583 2645 1638 Deo
2668 1583 3054 1638 constitutum
3082 1582 3317 1653 signum
3339 1587 3426 1637 est
3447 1581 3644 1637 inﬁni-

1990 1675 2057 1726 te:
2079 1672 2330 1727 virtutis.
2353 1671 2558 1726 Simile
2587 1673 2744 1727 enim
2779 1677 2934 1728 esset
2962 1689 3029 1727 ac
3060 1672 3109 1726 si
3140 1673 3433 1727 diceretur
3452 1671 3638 1727 Deum

226 1757 358 1812 εἶναι
393 1758 548 1826 Θεὸν,
580 1756 641 1812 ἀ)
657 1758 727 1812 λά
758 1763 1013 1834 χωρῆσαι
1044 1759 1120 1820 εἷς
1166 1759 1513 1835 ἀνυπαρξίαν,
1557 1760 1584 1813 ὃ
1619 1759 1752 1831 μετὰ
1781 1763 1876 1814 τοῦ

235 1844 284 1860 ς..
377 1849 388 1860 ,
597 1847 608 1860 .
683 1849 693 1860 .
751 1846 804 1860 η,
841 1849 851 1860 ,
1125 1843 1148 1860 ,ι
1341 1853 1366 1860 _
1522 1847 1532 1860 .
1659 1846 1677 1860 ς
1823 1850 1834 1860 .

1990 1777 2160 1832 posse
2182 1761 2369 1816 facere
2399 1760 2659 1831 seipsum
2685 1778 2797 1816 non
2822 1776 2950 1816 esse
2980 1761 3188 1830 Deum,
3212 1761 3331 1816 imo
3355 1776 3543 1832 usque
3563 1761 3637 1816 ad

225 1844 496 1901 ἀδυνάτου
524 1847 611 1902 καὶ
641 1849 704 1902 τὸ
749 1846 1078 1925 βλάσφημον
1123 1843 1258 1924 ἔχει’
1292 1853 1408 1909 πῶς
1449 1847 1626 1902 τοίνυν
1659 1846 1871 1922 λεχθή-

225 1955 395 2007 σεται,
427 1936 454 1989 6
490 1933 561 1990 ὢν
598 1933 744 1990 ἔσται
781 1937 855 2008 μή
889 1932 962 1990 ὥν
995 1957 1009 2005 ;
1041 1936 1118 1994 Οὐ
1172 1934 1389 1991 δύναται
1438 1936 1615 1991 τοίνυν
1649 1938 1676 1990 ὁ
1721 1937 1870 2004 Θεὸς,

220 2023 500 2078 τουτέστιν
549 2025 908 2098 ἀναχώρητόν
964 2024 1072 2079 ἐστι
1142 2027 1216 2097 μή
1281 2026 1413 2079 εἶναι
1466 2023 1644 2094 αὐτὸν,
1698 2023 1868 2100 ἤγουν

220 2110 529 2168 ἀνένδεκτον
568 2115 642 2185 μὴ
674 2114 809 2168 εἶναι
840 2113 1022 2168 αὐτόν·
1057 2113 1248 2168 οὐκοῦν
1281 2115 1367 2168 καὶ
1399 2114 1461 2168 τὸ
1495 2115 1571 2186 μή
1618 2111 1870 2168 δύνασθαι

214 2204 302 2256 τὸν
355 2204 512 2269 Θεὸν,
564 2203 807 2256 τουτέστι
867 2204 930 2256 τὸ
977 2199 1239 2257 ἀδύνατον
1292 2205 1429 2257 εἶναι
1483 2203 1574 2256 τὸν
1618 2203 1769 2269 Θεὸν,
1805 2203 1869 2256 οὐ

218 2289 443 2345 δυνατὸν
493 2290 752 2366 γενέσθαισ
787 2292 969 2367 ὥσπερ
1009 2292 1111 2365 γὰρ
1160 2293 1221 2346 τὸ
1262 2297 1399 2369 φῶς,
1430 2292 1549 2346 καθ’
1575 2292 1604 2345 ’ὸ
1637 2295 1771 2367 φῶς,
1805 2291 1870 2345 οὗ

216 2377 439 2434 δύναται
499 2381 688 2441 σκότος
744 2381 1007 2456 γενέσθαι,
1063 2379 1204 2435 οὕτω
1261 2381 1351 2435 καὶ
1417 2385 1586 2436 ταῦτα
1643 2377 1872 2434 ἀδύνατα

215 2473 289 2538 τῷ
317 2473 442 2538 Θεῷ
474 2465 564 2522 διὰ
595 2469 692 2536 τήν
745 2465 1154 2543 ἀνυπέρϐλητον
1210 2467 1488 2539 ἀληθειαν.
1540 2467 1724 2530 Οὕτως
1775 2470 1868 2522 οὖν

215 2555 310 2610 οὐκ
341 2553 489 2610 οἶδεν
533 2557 560 2610 6
605 2557 736 2618 Θεὸς
785 2558 922 2612 κατὰ
965 2555 1214 2632 στέρησιν
1260 2559 1322 2612 τὸ
1380 2560 1456 2630 μή
1504 2555 1722 2628 εἰδέναι,
1755 2559 1870 2611 οἷον

214 2645 276 2698 οὗ
322 2645 650 2719 πεπείραται
704 2647 732 2700 6
792 2646 943 2708 Θεὸς·
1003 2647 1033 2700 ὅ
1091 2646 1256 2715 ἐστιν,
1318 2647 1416 2701 οὐκ
1463 2644 1576 2700 οῗδε
1621 2646 1673 2700 τί
1725 2645 1866 2700 ἐστιν

215 2733 344 2788 αὐτὸ
376 2733 442 2786 τὸ
489 2733 564 2806 μή
616 2730 834 2806 εἰδέναι,
865 2734 990 2802 ἥτοι
1041 2735 1249 2811 ἀγνοεῖν
1293 2757 1366 2792 τι.
1420 2737 1568 2791 Κατὰ
1618 2735 1866 2808 στέρησιν

219 2819 274 2876 δέ
305 2821 413 2876 οὐκ
462 2819 575 2876 οἶδε
620 2823 682 2876 τὸ
726 2824 959 2896 ἀγνοεῖν·
993 2826 1242 2900 στέρησις
1269 2825 1369 2899 γάρ
1417 2824 1557 2878 ἐστιν
1589 2826 1622 2892 ἢ
1656 2821 1871 2897 ἄγνοια,

218 2910 326 2986 οὐχ
358 2912 681 2981 ὑπόστασις,
713 2910 839 2966 ἀλλ’
871 2907 1058 2985 ἔξωθεν
1098 2916 1196 2981 τῆς
1247 2913 1450 2980 οὐσίας,
1492 2913 1615 2987 περί
1645 2914 1704 2981 ἣν
1739 2933 1874 2984 συμ-

216 2995 392 3054 ϐαίνει
424 3002 458 3070 ἡ
496 3000 762 3074 στέρησις
798 2995 1044 3075 ἔλλειψις
1092 3001 1193 3077 γάρ
1244 3002 1352 3056 ἐστι
1399 3006 1494 3056 τοῦ
1549 3000 1870 3076 ὀφειλοντος

215 3095 494 3164 παρεῖναι.
546 3089 751 3146 Οὖκοῦν
809 3089 1084 3164 ἐστέρηται
1119 3093 1146 3145 6
1190 3091 1316 3152 Θεὸς
1359 3095 1457 3144 τοῦ
1507 3091 1740 3163 ἀγνοεῖν,
1780 3091 1869 3144 καὶ

217 3175 484 3232 οὐδέποτε
515 3175 628 3232 οἶδε
655 3179 716 3231 τὸ
753 3179 827 3250 μή
879 3176 1096 3232 εἰδέναισ
1126 3178 1174 3233 εἶ’
1199 3181 1301 3253 γὰρ
1341 3181 1416 3251 μή
1450 3181 1586 3233 κατᾶ
1624 3180 1872 3254 στέρησιν
1902 3158 1944 3225 C

219 3264 472 3337 εἴποιμεν
506 3267 581 3337 μή
631 3264 829 3321 εἰδέναι
874 3270 966 3321 τὸν
1017 3267 1146 3322 Θεὸν
1185 3268 1284 3336 τήν
1338 3264 1580 3342 ἄγνοιαν,
1628 3269 1869 3341 εὑρίσκε-

215 3375 304 3408 ται
334 3362 437 3423 τῆς
469 3355 649 3416 οὐσίας
704 3355 868 3410 αὐτοῦ
914 3356 976 3410 τὸ
1031 3358 1104 3429 μὴ
1158 3354 1372 3410 εἰδέναι·
1406 3359 1494 3411 καὶ
1546 3357 1614 3425 ἦν
1665 3356 1722 3410 ἂν
1775 3357 1870 3411 οὐ-

220 3441 433 3509 σιὼδης
461 3443 625 3498 αὐτοῦ
654 3446 689 3513 ἡ
722 3441 935 3519 ἄγνοια,
967 3446 1058 3500 καὶ
1107 3445 1409 3520 εὑρίσκεται
1442 3448 1469 3501 ὁ
1500 3447 1627 3508 Θεὸς
1658 3445 1870 3507 σκότος’

218 3535 254 3600 ἡ
303 3533 409 3606 γὰρ
454 3530 645 3606 ἄγνοια
692 3533 882 3595 σκότος
928 3533 1095 3588 ἐστίν·
1147 3533 1320 3598 οὕτως
1375 3533 1604 3608 ὑψηλῶς
1662 3537 1873 3604 νοήσεις

218 3622 306 3675 καὶ
337 3621 427 3690 τὸ,
484 3619 772 3677 Ἀδύνατον
823 3622 1116 3695 ψεύσασθαι
1147 3625 1300 3678 Θεόν⁸
1333 3624 1421 3678 καὶ
1473 3625 1558 3694 τὸ,
1601 3623 1678 3680 Οὐ
1709 3621 1872 3678 δύνα-

214 3731 302 3764 ται
336 3717 521 3764 ποιεῖν
556 3712 584 3764 6
626 3712 749 3772 Υἱὸς
799 3709 952 3766 οὐδὲν
1007 3712 1095 3789 ἀφ’
1127 3713 1338 3781 ἑαυτοῦ,
1385 3711 1470 3766 ἐὰν
1525 3715 1598 3785 μή
1649 3734 1700 3766 τι
1753 3710 1877 3786 βλέ-

216 3821 294 3874 πῃ
326 3801 426 3854 τὸν
470 3802 684 3874 Πατέρα
727 3805 1008 3856 ποιοῦντα·
1060 3801 1191 3875 ὅπερ
1248 3802 1438 3874 ὅμοιόν
1499 3802 1609 3856 ἐστι
1662 3807 1742 3873 τῷ
1799 3801 1874 3856 εί-

216 3895 366 3942 πεῖνσ
430 3889 749 3963 Ἀμήχανόν
809 3889 950 3944 ἐστιν
1009 3886 1165 3966 ἕτερα
1227 3889 1568 3966 βουλομένου
1623 3891 1875 3945 1051M-

215 3979 370 4052 τρὸς,
415 3974 571 4052 ἕτερα
623 3977 962 4052 βουληθῆναι
1009 3980 1100 4032 τὸν
1148 3979 1304 4034 Υίόν.
1349 3982 1440 4034 Ἕν
1498 3980 1598 4054 γὰρ
1658 3977 1878 4050 θέλημα

213 4073 317 4134 τῆς
355 4066 528 4137 μόνης
580 4069 962 4140 προσκυνητῆς
995 4065 1226 4139 Τριάδος
1276 4068 1410 4122 κατᾶ
1455 4069 1554 4136 τὴν
1612 4067 1868 4136 θεότητα³

217 4152 349 4208 οὐδὲ
398 4156 501 4228 γάρ
553 4155 885 4230 ἀγνοοῦμεν,
936 4155 1124 4230 ὅτιπερ
1181 4157 1209 4209 6
1255 4157 1373 4215 Υἱὸς
1420 4160 1516 4209 τοῦ
1573 4160 1728 4221 Θεοῦ,
1787 4154 1876 4210 καὶ

216 4243 374 4309 Θιὸς,
409 4243 437 4295 6
489 4243 562 4303 εἷς
609 4250 707 4312 τῆς
756 4245 1106 4315 πανυμνήτου
1157 4243 1241 4296 καῖ
1296 4243 1678 4316 παναχράντου
1710 4242 1878 4317 Τριά-

218 4327 320 4392 δος
349 4327 643 4405 γενόμενος
695 4330 1002 4406 ἅνθρωπος,
1048 4325 1383 4403 προσέλαϐεν
1427 4333 1766 4407 ἀνθρώπινον
1800 4331 1880 4386 θέ-

217 4417 383 4490 λημα
414 4421 639 4494 φυσικὸν
673 4419 763 4474 καὶ
795 4421 1196 4495 ἀναμάρτητον.

1986 1848 2369 1920 privationem
2395 1866 2514 1905 suae
2537 1850 2857 1905 existentiaa
2881 1849 3175 1921 progredi,
3192 1848 3345 1919 quod
3366 1864 3501 1902 cum
3528 1848 3634 1903 im-

1981 1938 2370 2010 pOssibilitate
2393 1939 2767 2009 conjunctam
2790 1938 2965 1994 habet
2989 1937 3450 2010 blasphemiam;
3483 1953 3632 2008 quo-

1983 2028 2152 2083 modo
2184 2027 2365 2098 igitur
2394 2029 2642 2090 dicetur.
2668 2028 2768 2099 qui
2800 2031 2890 2084 est
2920 2044 3032 2083 non
3066 2027 3214 2082 erit?
3243 2027 3443 2098 Itaque
3475 2026 3631 2082 Deus

1981 2133 2094 2171 non
2131 2121 2343 2188 potest,
2376 2116 2433 2172 id
2467 2122 2556 2172 est
2597 2116 3012 2187 comprehendi
3046 2115 3250 2188 nequit
3279 2116 3476 2188 ipsum
3511 2132 3625 2171 non

1980 2222 2130 2273 esse,
2163 2222 2266 2260 seu
2299 2206 2529 2260 admitti
2563 2206 2762 2275 nequit
2803 2205 3000 2277 ipsum
3051 2222 3166 2260 non
3217 2221 3374 2273 esse;
3409 2220 3546 2276 ergo
3575 2207 3635 2260 et

1986 2296 2162 2349 Deum
2200 2310 2310 2348 non
2342 2311 2531 2364 posse,
2554 2294 2611 2348 id
2636 2299 2725 2348 est
2755 2292 3115 2349 imbecillum
3139 2309 3269 2348 esse
3301 2293 3508 2360 Deum,
3534 2294 3635 2348 tie-

1979 2383 2028 2437 ri
2063 2382 2294 2452 nequit;
2329 2383 2482 2436 sicut
2507 2382 2661 2436 enim
2695 2381 3234 2452 lumen,quatenus
3268 2380 3489 2446 lumen,
3518 2398 3635 2436 non

1982 2477 2175 2542 potest
2202 2488 2330 2528 esse
2359 2470 2638 2539 tenebrae;
2674 2471 2754 2526 ita
2780 2471 2955 2526 etiam
2979 2477 3035 2526 et
3067 2470 3185 2525 haec
3215 2470 3329 2526 Deo
3361 2470 3636 2540 impossi-

1982 2561 2123 2615 bilia
2171 2565 2412 2632 propter
2459 2561 2733 2615 eximiam
2767 2560 3094 2615 veritatem.
3128 2559 3222 2614 Sic
3269 2558 3452 2631 igitur
3479 2558 3635 2614 Deus

1983 2667 2098 2705 non
2151 2649 2313 2704 novit
2361 2649 2688 2719 privatione
2719 2651 2896 2720 ipsum
2929 2665 3038 2704 non
3067 2650 3211 2704 seire
3264 2664 3369 2703 seu
3415 2647 3639 2719 aliquid

1973 2741 2261 2810 ignorare,
2277 2738 2776 2809 quemadmodum
2797 2739 2951 2794 Deus
2970 2738 3214 2793 minime
3232 2742 3506 2809 expertus
3521 2741 3634 2806 est,

1981 2830 2136 2900 quod
2170 2837 2278 2894 est,
2313 2845 2430 2883 non
2464 2828 2624 2882 novit
2654 2827 2792 2898 quid
2828 2828 2904 2882 sit
2944 2828 3139 2899 ipsum
3183 2844 3297 2882 non
3331 2827 3502 2891 scire,
3528 2842 3634 2882 seu

1982 2917 2203 2988 aliquid
2236 2917 2527 2988 ignorare.
2565 2916 2892 2972 Privatione
2922 2933 3055 2972 vero
3085 2916 3275 2971 nescit
3313 2916 3585 2987 ignorare
3617 2931 3630 2968 :

1983 3022 2116 3060 nam
2152 3005 2394 3077 privatio
2439 3010 2528 3060 est
2574 3005 2888 3078 ignoratio,
2924 3021 3036 3059 non
3087 3004 3493 3069 subsistentia,
3529 3004 3631 3059 sed

1981 3100 2144 3150 extra
2183 3095 2496 3150 essentiam
2549 3095 2704 3149 circa
2751 3111 2928 3165 quam
2980 3093 3193 3148 accidit
3242 3092 3636 3165 privatio;est

1984 3183 2140 3237 enim
2173 3183 2436 3237 defectus
2477 3183 2605 3252 ejus
2653 3183 2810 3252 quod
2861 3182 3067 3237 adesse
3098 3182 3400 3237 debuerat.
3436 3184 3636 3252 Itaque

1986 3276 2134 3326 Deus
2169 3271 2429 3342 privatus
2473 3275 2563 3326 est
2607 3270 2996 3342 ignoratione,
3031 3275 3086 3326 et
3118 3285 3420 3340 nunquam
3470 3268 3637 3324 scivit

1983 3359 2308 3426 inscitiam;
2341 3361 2389 3414 si
2421 3360 2576 3414 enim
2612 3376 2723 3414 non
2771 3377 2871 3431 per
2901 3359 3282 3431 privationem
3311 3356 3636 3411 dixerimus

1983 3450 2164 3504 Deum
2200 3447 2424 3503 nescire
2456 3448 2873 3520 ignorantiam,
2909 3447 3207 3503 invenitur
3245 3462 3373 3502 esse
3403 3461 3472 3500 ex
3507 3445 3636 3514 ejus

1982 3538 2238 3593 essentia
2296 3537 2548 3604 nescire;
2601 3541 2658 3592 et
2715 3537 2761 3591 si
2825 3536 3156 3591 essentialis
3215 3534 3391 3590 tuerit
3447 3533 3637 3604 ipsius

1982 3627 2291 3700 ignoratio,
2320 3625 2492 3680 etiam
2525 3627 2812 3696 reperitur
2843 3625 2998 3679 Deus
3035 3624 3316 3690 tenebras;
3345 3621 3636 3692 ignoratio

1983 3716 2137 3771 enim
2172 3720 2262 3770 est
2294 3714 2575 3780 tenebrae;
2612 3713 2692 3767 ita
2725 3713 2898 3767 etiam
2933 3711 3265 3766 sublimiori
3297 3710 3522 3766 ratione
3549 3708 3638 3762 in-

1982 3804 2210 3874 telliges
2256 3801 2422 3866 illud,
2465 3800 2829 3873 impossibile
2879 3817 3014 3855 eum
3066 3799 3282 3854 falsum
3317 3799 3530 3852 dicere.
3566 3796 3634 3851 Et

1985 3893 2127 3947 illud
2154 3908 2167 3945 :
2196 3890 2379 3945 Filius
2411 3906 2525 3944 non
2561 3893 2752 3960 potest
2780 3889 2966 3943 facere
2997 3887 3320 3959 quidquam
3353 3903 3386 3941 a
3415 3885 3634 3958 seipso,

1987 3979 2100 4035 nisi
2131 3977 2340 4033 viderit
2370 3978 2594 4032 Patrem
2621 3978 2927 4032 facientem
2957 3993 2969 4032 :
2996 3977 3146 4047 quod
3173 3975 3366 4032 simile
3385 3979 3474 4030 est
3495 3991 3562 4029 ac
3584 3973 3635 4028 si

1987 4069 2224 4134 diceret,
2250 4066 2615 4135 impossibile
2653 4072 2761 4135 est,
2794 4067 2966 4121 Patre
3007 4065 3120 4120 alia
3146 4064 3391 4129 volente,
3425 4062 3636 4117 Filium

1987 4156 2103 4212 alia
2133 4155 2298 4210 velle.
2324 4154 2450 4210 Una
2493 4161 2582 4210 est
2620 4155 2777 4210 enim
2804 4155 3072 4210 voluntas
3105 4155 3280 4208 unius
3329 4151 3638 4207 adoranda:

1988 4245 2296 4300 Trinitatis
2327 4244 2385 4298 in
2419 4244 2728 4299 divinitate
2762 4261 2773 4297 :
2809 4244 3102 4313 siquidem
3139 4259 3250 4298 non
3283 4241 3435 4296 I98
3469 4239 3638 4310 igno-

1991 4351 2212 4401 ramus,
2250 4332 2459 4388 Filium
2510 4333 2630 4400 Dei,
2661 4333 2835 4387 etiam
2880 4333 3088 4398 Deum,
3123 4347 3305 4385 unum
3357 4329 3640 4384 laudatis-

1991 4426 2152 4479 sima
2203 4428 2260 4478 et
2309 4422 2640 4494 purissimas
2693 4421 3000 4476 Trinitatis
3051 4419 3346 4475 hominem
3398 4418 3640 4483 factum,

219 4510 628 4580 assumpsisse
659 4510 976 4564 humanam
1009 4509 1366 4565 voluntatem
1400 4511 1727 4567 naturalem
1757 4515 1816 4566 et
1848 4513 2069 4584 peccati
2099 4515 2414 4582 expertem.

295 4595 405 4650 Καὶ
475 4597 539 4650 τὸ
614 4597 688 4669 μὴ
768 4598 899 4650 εἶναι
973 4596 1072 4651 οὐκ
1132 4595 1272 4652 ἔστιν
1317 4641 1330 4653 .

217 4685 553 4760 ἀποφάσεως
603 4684 860 4757 τιθεμένη
919 4686 1216 4763 κατάφασιν
1273 4693 1460 4744 ποιεῖ.
1520 4689 1580 4744 Ὀ
1639 4685 1730 4741 οὖν
1790 4685 1883 4742 λέ-

221 4794 373 4846 γων,
409 4773 493 4826 ὅτι
541 4772 604 4826 τὸ
657 4774 734 4844 μή
769 4775 900 4828 εἶναι
933 4773 1034 4829 οὐκ
1081 4771 1222 4829 ἔστιν
1273 4775 1325 4829 έν
1357 4780 1494 4846 Θεῷ,
1531 4777 1594 4830 τὸ
1624 4777 1755 4830 εἶναι
1787 4775 1885 4830 αὖ-

215 4863 318 4916 τὸν
356 4862 601 4935 συνάγει.
633 4862 816 4924 Οὕτως
867 4861 959 4917 οὖν
1001 4885 1187 4940 φησιν,
1239 4863 1301 4918 οὐ
1350 4861 1566 4918 δύναται
1618 4866 1694 4937 μὴ
1727 4863 1885 4919 δύνα-

219 4952 376 5018 σθαι,
418 4949 678 5013 ὡσαύτως
729 4951 818 5004 καὶ
866 4952 929 5005 τὸ
988 4953 1063 5023 μὴ
1111 4950 1302 5006 εἷ’δέναι
1351 4952 1449 5006 οὐκ
1497 4949 1666 5024 οἶδεν,
1716 4953 1765 5023 ἐξ
1811 4952 1884 5007 ὧν

218 5039 515 5114 συνάγεται
573 5040 635 5094 τὸ
700 5041 915 5102 πάντως
972 5041 1132 5096 αὐτὸν
1182 5039 1379 5096 εἰδέναι
1437 5042 1524 5095 καὶ
1584 5039 1836 5105 δύνασθαι
1871 5061 1884 5075 ο

215 5127 420 5188 καλῶς
453 5125 511 5182 δὲ
557 5129 891 5203 προσέθηκεν
933 5128 1158 5184 ἐνταῦθα
1207 5131 1270 5186 τὸ
1318 5129 1452 5185 κατᾶ
1505 5129 1776 5206 στέρησιν·
1827 5129 1888 5184 οὐ

215 5220 330 5293 γὰρ
369 5217 727 5293 ὑπεροχικῶς
749 5222 919 5272 ταῦτα
952 5217 1228 5293 λέγονται,
1256 5218 1400 5274 ἀλλὰ
1429 5221 1783 5295 στερητικῶς,
1804 5218 1890 5286 τὸ,

217 5305 284 5360 οὗ
323 5302 554 5360 δύναται
583 5307 673 5360 καὶ
707 5305 805 5361 οὐκ
840 5304 971 5364 οἶδε.

295 5397 519 5465 δνιιι.
554 5395 880 5466 Δικαιοσύνη
943 5393 1000 5450 δὲ
1058 5396 1324 5468 ὑμνεῖται.
1384 5397 1537 5452 Κατὰ
1585 5396 1636 5452 τί
1691 5394 1894 5451 δικαιο-

297 5612 415 5686 (m)
447 5613 470 5668 ι
503 5614 652 5670 Tim.
689 5629 751 5683 ιι,
787 5613 872 5670 13.

529 5745 787 5805 Parnm.
838 5745 946 5804 Gs.
991 5743 1096 5807 ιν.

1394 4598 1692 4675 Ἀπόφασις
1747 4599 1876 4654 κατὰ

2064 4603 2244 4671 Neque
2274 4606 2450 4668 potest
2475 4614 2584 4653 non
2616 4613 2750 4654 esse.
2778 4597 3021 4669 Negatio
3047 4601 3248 4652 contra
3268 4593 3641 4666 negationem

1994 4689 2204 4761 posita,
2239 4687 2692 4743 aflirmationem
2737 4687 2894 4742 facit.
2927 4686 3033 4748 Qui
3084 4685 3262 4756 igitur
3309 4683 3455 4738 dicit
3485 4681 3640 4753 quod

1994 4795 2109 4832 non
2142 4791 2271 4832 esse
2321 4793 2435 4830 non
2487 4775 2565 4830 sit
2614 4775 2671 4829 in
2731 4775 2866 4843 Deo,
2900 4775 3093 4845 ipsum
3146 4787 3276 4828 esse
3326 4770 3640 4826 concludit.

1995 4866 2194 4936 Itaque
2221 4865 2386 4931 dicit,
2412 4880 2526 4918 non
2560 4868 2752 4935 potest
2774 4880 2886 4918 non
2923 4878 3116 4933 posse,
3140 4861 3413 4916 similiter
3441 4864 3498 4915 et
3527 4875 3644 4914 non

1998 4954 2144 5010 scire
2176 4969 2288 5008 non
2323 4953 2500 5021 novit,
2531 4968 2600 5006 ex
2640 4953 2857 5023 quibus
2888 4951 3184 5020 colligitur
3223 4950 3416 5020 ipsum
3450 4948 3644 5003 omni-

1999 5060 2075 5098 no
2134 5041 2283 5097 scire
2338 5047 2396 5096 et
2453 5057 2666 5112 posse:
2703 5040 2942 5110 pulchre
2999 5044 3197 5094 autem
3254 5037 3481 5092 addidit
3543 5037 3648 5091 hoc

2001 5131 2126 5186 loco
2172 5147 2272 5202 per
2316 5131 2718 5201 privationem;
2773 5145 2889 5183 non
2943 5127 3097 5182 enim
3141 5127 3261 5181 hac
3311 5143 3412 5197 per
3457 5126 3648 5180 excel-

2002 5219 2243 5275 lentiam
2285 5221 2582 5283 dicuntur,
2618 5218 2718 5272 sed
2773 5217 3072 5288 privative,
3106 5232 3215 5270 non
3258 5219 3430 5287 potest
3460 5220 3517 5270 et
3544 5230 3653 5270 non

2004 5318 2281 5469 "agili/:11].
2314 5395 2540 5452 Iustitia
2571 5410 2692 5450 vero
2736 5392 3022 5448 laudatur.
3056 5394 3295 5466 Propter
3325 5393 3466 5466 quid
3499 5393 3654 5448 Deus

3304 5739 3380 5798 12
