4024 6200
343 301 454 357 363

1171 298 1538 354 APPENDIX
1576 296 1676 352 AD
1713 297 1956 352 OPEBA
1991 298 2049 350 Β.
2091 295 2409 350 DIONYSII
2448 295 2950 352 AREOPAGITE.

3658 297 3767 354 364

341 425 420 482 sit
441 423 695 497 justitia.
719 423 990 481 Definitio
1013 439 1145 478 vero
1171 421 1422 493 justitias
1445 423 1555 484 est,
1577 421 1767 475 virtus
1799 417 1984 473 distri-

2107 413 2234 485 σύνη
2293 414 2434 470 ἐστὶν
2479 417 2508 469 ὁ
2541 417 2690 478 Θεός.
2724 419 2890 491 Ὅρος
2946 413 3003 471 δὲ
3053 414 3397 488 δικαιοσύνης
3443 415 3608 490 ἐστὶν,
3645 419 3772 492 ἄρεα

342 517 545 573 butiva
594 533 697 589 pro
729 514 1032 586 dignitate,
1064 517 1166 568 aut
1197 511 1436 584 propria
1478 510 1737 582 partium
1789 508 1994 564 animas

345 608 594 676 actione,
623 609 725 660 aut
774 604 1034 658 medium
1086 602 1238 656 inter
1286 599 1716 655 abundantiam
1765 603 1820 654 et
1866 599 1996 652 ino-

345 695 529 768 piam,
575 698 672 749 aut
728 692 968 748 habitus
1009 689 1422 746 distributivus
1474 687 1848 759 aaqualitatis,
1896 689 1998 741 aut

350 785 586 840 habitus
610 780 1020 839 communitati
1045 779 1322 851 prodesse
1345 778 1610 844 studens,
1635 781 1737 832 aut
1755 775 1997 832 scientia

345 889 550 929 eorum
583 888 709 944 quae
741 869 1151 926 distribuenda
1182 872 1343 938 sunt,
1367 871 1424 921 et
1450 883 1563 920 non
1597 870 1757 930 sunt,
1782 869 1839 920 et
1860 880 1997 920 neu-

343 968 594 1018 trorum.

415 1050 799 1108 Cavillantur.
837 1048 912 1102 De
934 1045 1007 1100 iis
1031 1044 1131 1116 qui
1153 1044 1477 1115 loquuntur
1506 1044 1788 1100 adversus
1810 1041 1994 1097 Deum

340 1139 735 1210 iniquitatem,
755 1143 821 1190 ut
842 1136 922 1190 ait
939 1134 1306 1189 Psalmorum
1328 1133 1644 1204 cantor(n).
1659 1132 1996 1204 Opportune

338 1229 447 1284 hoc
497 1228 623 1281 loco
675 1225 839 1294 dicit,
880 1223 1140 1278 absurda
1187 1237 1387 1276 eorum
1439 1222 1756 1277 ostendens
1785 1219 1990 1286 verba;

338 1332 470 1372 cum
503 1315 660 1370 enim
701 1330 804 1385 per
833 1328 896 1368 se
929 1315 1298 1379 moveantur,
1322 1310 1381 1364 id
1415 1315 1504 1365 est
1535 1308 1718 1364 libero
1750 1312 1997 1363 utantur

336 1403 806 1474 arbitrio,atque
857 1399 1120 1456 motibus
1169 1397 1420 1470 propriis
1469 1396 1871 1463 dominentur,
1905 1396 1994 1449 in-

337 1493 571 1564 quiunt,
603 1507 707 1546 cur
739 1489 924 1544 nostri
951 1488 1106 1559 juris
1139 1487 1273 1541 facti
1309 1502 1539 1552 sumus,
1562 1491 1618 1541 et
1650 1501 1762 1539 non
1798 1483 1993 1555 potius

336 1581 516 1636 etiam
549 1577 716 1633 inviti
762 1575 1124 1648 impedimur
1171 1590 1433 1646 peccare,
1467 1574 1804 1645 ignorantes
1835 1572 1990 1642 quod

335 1668 516 1722 velint
546 1683 675 1722 esse
703 1665 932 1737 lapides
955 1665 1054 1736 qui
1079 1665 1150 1719 ab
1184 1663 1298 1719 alio
1331 1667 1659 1729 moventur,
1685 1666 1741 1716 et
1763 1667 1992 1716 terrena

336 1757 622 1812 habentes
653 1771 914 1826 corpora,
940 1769 1063 1821 cur,
1088 1752 1276 1820 aiunt,
1309 1768 1426 1806 non
1459 1767 1768 1806 manemus
1799 1749 1856 1804 in
1889 1766 1989 1804 eo-

337 1846 470 1900 dem
503 1849 686 1909 statu,
711 1843 768 1897 id
801 1846 890 1896 est
913 1839 1336 1909 immutabiles,
1365 1855 1500 1894 cum
1534 1839 1721 1894 simus
1753 1839 1989 1893 immor-

334 1934 506 2000 tales,
540 1937 716 2002 atque
748 1928 1154 1985 materialibus
1184 1933 1240 1983 et
1279 1927 1676 1998 temporaneis
1709 1926 1988 1981 utamur?

334 2023 496 2088 Quod
528 2026 618 2076 est
645 2019 1045 2091 ignorantium
1081 2021 1354 2072 naturam
1379 2015 1684 2071 sensilium
1719 2031 1785 2069 ac
1814 2013 1987 2069 intel-

332 2109 671 2182 ligibilium,
706 2106 1009 2178 multaque
1061 2104 1306 2160 rationis
1340 2104 1664 2176 privatione
1709 2102 1987 2158 laboran—

330 2198 517 2266 tium;
547 2212 761 2268 corpus
792 2195 950 2250 enim
996 2197 1262 2249 nostrum
1295 2208 1426 2247 cum
1477 2191 1555 2247 sit
1603 2190 1902 2246 materiale
1930 2194 1988 2245 et

330 2292 779 2357 temporaneum
811 2300 875 2338 ac
928 2281 1232 2350 mutabile,
1267 2282 1474 2336 merito
1522 2279 1818 2336 similibus
1847 2295 1985 2352 ege--

332 2375 452 2442 bat,
486 2372 882 2445 temporaneis
931 2372 1173 2442 inquam
1215 2375 1272 2425 et
1319 2369 1752 2437 materialibus;
1786 2371 1986 2424 anima

332 2480 467 2519 vero
500 2479 635 2518 cum
669 2465 863 2517 creata
884 2460 963 2515 sit
994 2459 1244 2515 materiae
1272 2474 1498 2530 expers,
1523 2463 1578 2512 et
1610 2456 1983 2527 immortalis,

336 2552 544 2608 merito
578 2550 756 2606 habet
787 2549 1038 2603 liberum
1081 2546 1413 2616 arbitrium,
1437 2550 1672 2618 prOpter
1700 2545 1982 2600 similitu-

336 2641 526 2696 dinem
559 2655 691 2694 cum
725 2642 1011 2704 creatore;
1037 2652 1162 2705 qua:
1193 2635 1436 2690 minime
1468 2633 1862 2704 intelligentes
1888 2650 1982 2689 ca-

337 2729 657 2799 villatores,
681 2727 938 2782 divinam
962 2725 1390 2798 providentiam
1425 2726 1482 2782 in
1513 2729 1764 2794 utroque
1795 2740 1980 2795 repre-

2019 1796 2066 1860 B

2103 505 2171 572 τή
2224 501 2584 577 διανεμητική
2627 508 2724 558 τοῦ
2780 506 2898 559 κατ’
2943 503 3111 578 ἀξίαν,
3169 505 3204 575 ἢ
3257 504 3601 582 ἰδιοπραγίαν
3647 513 3763 564 τῶν

2103 599 2204 661 τῆς
2243 595 2428 667 ψυχῆς
2477 597 2676 667 μερῶν·
2723 593 2758 662 ἢ
2817 594 3050 666 μεσότης
3102 595 3420 666 πλεονεξίας
3463 595 3552 650 καὶ
3606 617 3764 669 μειο-

2105 680 2293 753 νεξίας·
2354 681 2388 750 ἢ
2441 677 2550 751 ἕξις
2608 682 2986 755 ἀπονεμητική
3051 682 3344 754 ἰσότητος·
3405 683 3439 753 ἢ
3496 682 3605 755 ἓξις
3660 690 3763 740 τοῦ

2103 773 2261 844 κοινῇ
2312 769 2689 846 συμφέροντος
2735 769 3144 847 ἐστοχασμένη·
3196 771 3230 841 ἢ
3281 772 3556 847 ἐπιστήμη
3615 773 3764 829 ἀπο-

2103 858 2405 932 νεμητὲων,
2435 859 2523 913 καὶ
2558 859 2656 931 μὴ,
2685 857 2774 914 καὶ
2803 856 3123 935 οὐδετέρων.

2175 1033 2691 1112 Διαλοιδοροῦνται.
2749 1037 2877 1112 Περὶ
2931 1039 3040 1092 τῶν
3099 1035 3413 1094 λαλούντων
3473 1041 3613 1096 κατά
3663 1049 3765 1098 τοῦ

2105 1130 2238 1181 Θεοῦ
2282 1122 2514 1197 ἀδικίαν,
2562 1126 2634 1187 ὥς
2685 1147 2847 1203 φησιν
2895 1126 2923 1180 6
2975 1124 3298 1200 ψαλμῳδός.
3354 1129 3618 1184 Ἐνταῦθα
3673 1130 3766 1186 εὐ-

2103 1213 2306 1288 καίρως
2356 1215 2518 1284 εἶπεν,
2571 1211 2850 1269 ἀλλόκοτα
2894 1216 2963 1269 τά
3015 1213 3187 1270 αὐτῶν
3241 1213 3452 1280 δεικνὺς
3512 1217 3760 1294 ῥήματα·

2102 1303 2446 1373 αὐτοκίνητοι
2503 1303 2604 1379 γὰρ
2663 1299 2835 1372 ὄντες,
2884 1305 3160 1359 τουτέστιν
3219 1305 3556 1376 αὐτεξούσιοι
3593 1349 3608 1374 ,
3667 1309 3760 1362 καὶ

2099 1396 2207 1446 τῶν
2238 1389 2389 1446 ίδίων
2447 1391 2636 1466 ὁρμῶν
2685 1390 2970 1467 ἄρχοντες,
3022 1390 3110 1448 διὰ
3157 1394 3232 1464 τί,
3287 1395 3468 1469 φασὶν,
3501 1394 3759 1466 αὐτεξού-

2101 1502 2209 1535 σιοι
2255 1480 2572 1557 γεγόναμεν·
2616 1481 2706 1535 καὶ
2755 1479 2817 1535 οὐ
2870 1478 3083 1553 μᾶλλον
3125 1482 3216 1536 καὶ
3265 1484 3483 1545 ἄκοντες
3531 1484 3763 1539 κωλυό-

2105 1581 2240 1642 μεθα
2287 1570 2630 1643 ἁμαρτάνειν,
2683 1571 3004 1644 ἀγνοοῦντες
3056 1570 3140 1626 ὅτι
3191 1569 3340 1636 λίθοι
3389 1572 3762 1648 ἑτεροκίνητοι

2105 1657 2395 1733 βούλονται
2439 1659 2594 1728 εἶναι,
2642 1657 2730 1713 καί
2773 1661 2937 1733 γήϊνα
2993 1660 3224 1732 σώματα
3271 1657 3512 1735 ἔχοντες,
3565 1659 3656 1716 διά
3701 1665 3758 1717 τί

2104 1748 2178 1820 μή
2239 1746 2290 1802 ἐν
2341 1745 2654 1818 ταυτότητι,
2714 1747 2865 1824 φασὶ,
2927 1747 3184 1820 μένομεν,
3244 1748 3518 1804 τουτέστιν
3591 1751 3756 1826 ἄτρε-

2097 1857 2245 1907 πτοι,
2278 1835 2534 1900 ἀθάνατοι
2566 1831 2734 1904 ὄντες,
2767 1837 2855 1890 καὶ
2907 1837 3188 1912 χρώμενοι
3238 1843 3354 1899 τοῖς
3408 1838 3624 1901 ὑλικοῖς
3656 1841 3754 1894 καὶ

2095 1924 2491 2000 προσκαίροις;
2536 1926 2711 1999 ’Ὁπερ
2763 1923 3102 1998 ἀγνοούντων
3162 1924 3274 1980 ἐστὶ
3334 1925 3490 2004 φύσιν
3549 1927 3754 1999 αἰσθη-

2094 2014 2220 2081 τῶν,
2252 2013 2342 2066 καὶ
2391 2017 2622 2083 νοητῶν,
2655 2013 2743 2067 καὶ
2795 2010 3014 2082 πολλὴν
3048 2013 3274 2089 ἀλογίαν
3327 2015 3651 2071 νοσούντων·
3685 2020 3753 2073 τὸ

2094 2102 2196 2177 γάρ
2230 2106 2387 2174 σῶμα
2416 2104 2576 2175 ἡμῶν
2629 2100 2816 2156 ὑλικὸν
2862 2103 2950 2156 καὶ
2999 2101 3332 2180 πρόσκαιρον
3380 2105 3470 2158 καὶ
3511 2107 3746 2180 τρεπτὸν

2096 2191 2369 2265 ὑπάρχον,
2420 2190 2644 2252 εῗκότως
2696 2188 2870 2245 ἐδέετο
2919 2195 3026 2244 τῶν
3073 2191 3282 2264 ὁμοίων
3321 2237 3336 2262 ,
3394 2194 3753 2268 προσκαίρων

2095 2278 2236 2356 φημὶ
2289 2277 2380 2332 καὶ
2441 2277 2666 2333 ὑλικῶν·
2712 2281 2746 2348 ἡ
2799 2276 2858 2332 δὲ
2915 2281 3067 2353 ψυχὴ
3130 2279 3298 2342 ἄυλος
3345 2281 3433 2336 καὶ
3485 2282 3751 2345 ἀθάνατος

2091 2371 2387 2434 κτισθεῖσα,
2436 2365 2662 2427 εἰκότως
2698 2367 2760 2420 τὸ
2807 2365 3146 2438 αὐτεξούσιον
3179 2361 3295 2443 ἔχει
3351 2367 3440 2424 διά
3478 2371 3577 2439 τήν
3610 2373 3757 2445 πρὸς

2090 2455 2180 2510 τὸν
2241 2452 2581 2530 δημιουργὸν
2641 2454 2986 2528 ὁμοιότητα·
3051 2457 3188 2532 ἅπερ
3272 2460 3348 2531 μή
3417 2463 3630 2521 νοῦντες
3697 2459 3752 2514 ἐν

2092 2543 2330 2617 ἑκατέρῳ
2360 2545 2412 2597 οἱ
2463 2541 2709 2616 λοίδοροι
2765 2545 3063 2622 μέμφονται
3113 2547 3215 2614 τὴν
3263 2547 3404 2610 θείαν
3453 2550 3754 2623 πρόνοιαν,

2089 2634 2354 2702 τοσαύτην
2389 2633 2622 2707 ὁρῶντες
2672 2632 2932 2703 εὐταξίαν·
2966 2638 3126 2689 τοῦτο
3172 2634 3272 2710 γὰρ
3323 2632 3490 2706 δηλοῖ
3533 2637 3618 2707 τὸ,
3652 2638 3754 2691 καὶ

2090 2718 2235 2782 ὅλως
2262 2721 2328 2775 τά
2359 2718 2544 2776 ἄλλων
2575 2718 2773 2782 ἄλλοις
2803 2718 3181 2776 ἀποδιδόασιν.

332 2819 624 2888 hendunt,
677 2817 888 2872 bonum
940 2816 1083 2870 adeo
1133 2814 1396 2870 ordinem
1445 2819 1782 2879 cernentes;
1840 2812 1950 2866 hoc
2006 2811 2162 2867 enim
2213 2812 2471 2866 declarat
2516 2811 2685 2881 illud,
2734 2817 2792 2867 et
2836 2815 3076 2868 omnino
3127 2831 3256 2885 quae
3310 2813 3557 2871 aliorum
3611 2814 3755 2871 aliis

331 2908 626 2964 tribuunt.

409 2998 544 3065 Quae
569 3013 625 3052 se
655 2997 790 3068 ipsis
829 3002 1138 3060 moventur,
1171 2992 1266 3048 Gr.
1302 2987 1665 3060 αὐτοκίνητοι.
1698 2989 1800 3045 Sui
1828 2988 1979 3060 juris

2163 2988 2563 3058 Αὐτοκινήτοις
2596 2987 2969 3058 Δύτεξουσίοις
2998 2991 3063 3045 ⁷⁰.

338 3101 404 3141 ac
437 3083 767 3156 potestatis.

406 3174 555 3228 199
589 3172 618 3244 §
648 3170 739 3226 1X.
773 3170 842 3225 At
870 3169 1081 3226 dixerit
1118 3171 1344 3242 aliquis.
1372 3173 1588 3225 Contra
1629 3184 1728 3224 eos
1759 3170 1862 3239 qui
1891 3168 1985 3221 di-

334 3267 496 3327 cunt,
529 3259 822 3330 quomodo
856 3257 1008 3313 Deus
1034 3273 1147 3312 non
1179 3261 1267 3313 est
1295 3257 1555 3327 injustus
1585 3273 1715 3311 cum
1751 3256 1988 3329 permit-

339 3353 425 3404 tat
446 3351 645 3418 justos
676 3348 747 3403 ab
782 3346 1021 3416 injustis
1055 3345 1225 3401 malis
1256 3345 1446 3401 attici?

410 3436 604 3492 Aliter.
637 3436 854 3501 Quairit
884 3435 991 3489 hoc
1037 3433 1160 3489 loco
1193 3433 1560 3505 propositum
1592 3432 1761 3488 nobis
1791 3433 1864 3488 ab
1896 3431 1985 3488 al-

341 3529 469 3581 tero
501 3526 945 3595 argumentum;
988 3521 1130 3577 dicit
1177 3521 1332 3577 enim
1369 3522 1629 3577 :Diaerit
1672 3521 1896 3593 aliquis,
1930 3525 1986 3576 et

341 3619 569 3682 caetera,
594 3609 865 3684 religiose
887 3627 951 3666 ac
975 3612 1068 3683 pie
1099 3610 1328 3666 solvens
1354 3627 1366 3664 :
1389 3610 1533 3665 dicit
1563 3609 1716 3665 enim
1751 3613 1988 3681 propter

340 3720 521 3775 quam
552 3717 793 3757 causam
824 3699 978 3755 Deus
1011 3716 1146 3755 cum
1179 3699 1257 3754 sit
1279 3699 1504 3769 justus,
1539 3700 1836 3771 permittat
1857 3715 1979 3753 san-

337 3799 462 3849 ctos
491 3791 649 3846 viros
689 3789 762 3845 ab
794 3787 1034 3859 injustis
1080 3792 1136 3843 et
1186 3787 1438 3843 habendi
1487 3787 1719 3859 cupidis
1766 3786 1984 3857 injuria

336 3881 492 3935 affici
517 3879 756 3950 (multos
790 3877 944 3933 enim
977 3877 1243 3931 videmus
1266 3877 1464 3946 justos
1491 3878 1773 3932 damnum
1807 3875 1980 3930 susti-

333 3985 470 4022 nere
502 3969 620 4022 sive
648 3968 707 4022 in
741 3967 962 4022 divitiis
999 3966 1118 4020 sive
1149 3966 1206 4019 in
1241 3965 1494 4036 negotiis
1542 3965 1613 4019 ab
1661 3964 1900 4033 injustis
1926 3967 1982 4018 et

331 4055 574 4122 avaris);
605 4057 908 4126 ingeniose
931 4070 996 4109 ac
1021 4053 1264 4109 solerter
1284 4054 1627 4125 respondet;
1658 4053 1802 4108 dicit
1822 4051 1978 4107 enim

331 4148 567 4199 sanctos
592 4159 707 4197 non
731 4144 961 4207 debere,
980 4143 1228 4197 terrenis
1251 4159 1316 4196 ac
1339 4141 1734 4212 temporaneis
1754 4140 1977 4211 aliquid

330 4232 472 4303 pati,
501 4231 763 4302 alioquin
797 4247 912 4285 non
943 4247 1074 4286 esse
1104 4237 1371 4298 sanctos;
1407 4231 1621 4285 debent
1650 4230 1806 4285 enim
1831 4246 1977 4300 pra:-

327 4323 478 4376 ferre
502 4337 630 4393 qua:
662 4335 794 4375 vere
825 4320 1077 4374 amanda
1126 4323 1265 4372 sunt
1296 4323 1351 4372 et
1381 4318 1605 4385 divina;
1638 4318 1975 4373 divitiarum

323 4411 480 4466 enim
514 4409 714 4482 cupidi
742 4425 856 4464 non
891 4412 1031 4463 sunt
1060 4407 1319 4478 amplius
1350 4406 1560 4462 sancti.
1582 4407 1654 4460 Et
1683 4406 1766 4462 sic
1797 4407 1973 4461 inter-

322 4500 549 4571 rogatio
581 4498 774 4554 soluta
805 4502 927 4564 est;
963 4513 1098 4551 nam
1133 4495 1372 4552 divinus
1406 4496 1621 4550 Paulus
1653 4495 1764 4552 hoc
1793 4496 1971 4551 dicit:

322 4587 507 4655 Quare
537 4605 649 4644 non
677 4589 860 4655 magis
890 4586 1172 4657 injuriam
1193 4584 1446 4655 accipitis
1471 4585 1582 4655 (0)?
1612 4585 1813 4640 dicens
1841 4583 1973 4639 illos

318 4693 430 4733 non
456 4677 669 4733 debere
696 4677 754 4732 in
780 4674 1102 4730 mundanis
1126 4674 1360 4740 terreri;
1395 4678 1450 4728 et
1471 4673 1684 4728 iterum
1710 4673 1972 4728 divinum

317 4781 574 4822 amorem
617 4781 936 4837 exponens,
968 4763 1025 4818 in
1062 4779 1176 4834 quo
1213 4778 1402 4833 neque
1441 4763 1754 4833 injustitia,
1782 4779 1971 4833 neque

313 4855 556 4910 avaritia
585 4871 716 4910 esse
748 4856 959 4925 potest,
985 4851 1067 4906 ait
1091 4867 1102 4906 :
1131 4852 1262 4918 Quis
1289 4867 1387 4906 nos
1415 4853 1700 4922 separabit
1732 4868 1767 4906 a
1793 4852 1972 4906 chari-

310 4946 426 4996 tate
476 4944 728 5010 Christi,
783 4942 1069 4997 tribulatio
1123 4955 1196 4994 an
1252 4942 1512 5010 angustia
1556 4940 1682 5011 (p)?
1731 4945 1787 4994 et
1841 4956 1967 5011 quae

310 5031 607 5103 deinceps.
642 5033 819 5086 Vocat
850 5033 1047 5085 autem
1097 5023 1431 5100 προσύλους,
1465 5045 1561 5084 eos
1603 5028 1702 5100 qui
1755 5028 1964 5082 affectu

380 5210 458 5281 (η)
492 5209 642 5267 Psal.
675 5227 861 5280 Lxxw,
895 5211 950 5265 6.
1029 5209 1102 5280 (0)
1138 5210 1158 5264 Ι
1190 5209 1320 5265 Cor.
1349 5225 1428 5275 vx,
1460 5209 1516 5261 7.

2165 3166 2195 3239 §
2224 3166 2312 3222 IX.
2347 3164 2502 3221 Ἀλλ’
2531 3167 2678 3240 ζεποι
2730 3168 2791 3223 ἄν
2823 3189 2928 3230 τις.
2961 3169 3104 3244 Πρὸς
3151 3168 3281 3231 τοὺς
3328 3168 3589 3244 λέγοντας
3623 3177 3760 3237 πῶς

2095 3252 2192 3308 οὐκ
2222 3251 2406 3317 ἄδικος
2437 3255 2464 3308 ὁ
2493 3255 2620 3316 Θεὸς
2651 3257 2679 3310 6
2712 3260 3010 3332 συγχωρῶν
3060 3255 3187 3319 τοὺς
3218 3254 3457 3320 δικαίους
3497 3256 3603 3313 ὐπὸ
3629 3266 3752 3315 τῶν

2095 3340 2318 3419 φαύλων
2349 3345 2637 3397 κατοῦσθαι
2672 3361 2686 3411 ;

2165 3429 2408 3492 Ἄλλως.
2460 3431 2715 3486 Ἐνταῦθα
2764 3436 2916 3502 ζητεῖ
2959 3431 3252 3511 κεφάλαιον
3305 3435 3556 3510 προτεθὲν
3600 3437 3753 3508 ἡμῖν

2095 3520 2198 3574 ὑπὸ
2254 3521 2457 3595 ἒτέρου·
2517 3521 2648 3598 φησὶ
2701 3522 2824 3596 γάρ.
2858 3519 3018 3576 Εἴποι
3078 3523 3137 3576 ἄν
3193 3543 3298 3593 τις,
3357 3523 3446 3577 καὶ
3493 3525 3562 3577 τὰ
3618 3522 3751 3579 λοι-

2092 3610 2186 3678 ne,
2248 3605 2514 3683 λυόμενος
2569 3604 2801 3671 εὐσεϐῶς
2848 3611 2938 3664 καὶ
2987 3609 3275 3687 θεοφιλῶς·
3324 3609 3466 3687 λέγει
3513 3613 3617 3687 γὰρ
3673 3611 3751 3668 δι’

2091 3697 2156 3766 ἣν
2212 3697 2384 3752 αἰτίαν
2439 3703 2719 3773 συγχωρεῖ
2776 3699 2803 3752 ὁ
2862 3699 2993 3761 Θεὸς
3040 3696 3245 3760 δίκαιος
3295 3695 3391 3766 ὤν,
3434 3697 3752 3765 ἀδικεῖσθαι

2088 3784 2219 3848 τοὺς
2277 3785 2454 3847 ὁσίους
2509 3782 2704 3859 ἄνδρας
2759 3786 2860 3840 ὑπὸ
2933 3783 3136 3842 ἀδίκων
3193 3787 3282 3841 καὶ
3339 3787 3690 3843 πλεονεκτῶν
3731 3811 3745 3824 ·

2089 3873 2356 3947 (πολλοὺς
2387 3874 2490 3949 γὰρ
2521 3874 2736 3949 ὁρῶμεν
2787 3871 3029 3937 δικαίους
3081 3876 3281 3947 ζημίας
3336 3875 3745 3949 ὐπομὲνοντας,

2087 3965 2123 4033 ἢ
2173 3961 2225 4017 ἐν
2284 3965 2588 4037 χρήμασιν,
2725 3962 2776 4016 ἐν
2826 3965 3105 4039 πράγμασι
3163 3964 3313 4039 παρά
3365 3971 3473 4020 τῶν
3532 3965 3747 4023 ἀδίκων

2085 4051 2175 4106 καὶ
2227 4051 2617 4122 πλεονεκτῶν)
2688 4052 2778 4106 καὶ
2854 4049 3209 4127 ἀπολογεῖται
3287 4052 3476 4124 δεξιῶς
3507 4072 3521 4086 ·
3584 4053 3747 4132 λέγει

2086 4140 2211 4215 γάρ,
2272 4139 2355 4195 ὅτι
2405 4141 2457 4194 οἱ
2508 4139 2648 4194 ὅσιοι
2698 4139 2798 4194 οὐκ
2857 4139 3136 4217 ὀφείλουσι
3194 4147 3311 4204 τοῖς
3367 4140 3587 4216 γηΐνοις
3646 4148 3744 4200 καὶ

2085 4227 2440 4301 προσκαίροις
2498 4229 2894 4303 προσπάσχειν,
2945 4229 3059 4283 ἐπεὶ
3111 4229 3211 4284 οὐκ
3256 4227 3334 4284 ἔτι
3382 4229 3543 4285 ὅσιοι·
3602 4253 3749 4307 προ.

2082 4321 2244 4389 τιμᾷν
2298 4317 2400 4392 γὰρ
2461 4315 2741 4394 ὀφείλουσι
2798 4317 2864 4371 τά
2939 4314 3108 4379 ὅντως
3169 4317 3364 4392 ἐραστά
3415 4319 3505 4373 καὶ
3564 4322 3688 4375 θεῖα
3728 4344 3742 4357 ·

2082 4405 2386 4480 χρημάτων
2413 4407 2513 4481 γὰρ
2563 4404 2858 4480 ἐφιέμενοι,
2893 4404 2991 4460 οὐκ
3022 4403 3098 4460 ἔτι
3148 4406 3311 4464 ὅσιοι.
3363 4407 3460 4462 Καὶ
3507 4406 3744 4465 λῦλυται

2081 4496 2115 4562 ἡ
2146 4492 2433 4568 ἐρώτησις·
2482 4498 2644 4548 τοῦτο
2683 4495 2784 4570 γάρ
2818 4495 2845 4548 ὁ
2877 4499 3023 4557 θεῖος
3072 4493 3288 4557 Παῦλός
3336 4517 3492 4573 φησι,
3539 4497 3640 4551 Διά
3688 4500 3746 4553 τί

2078 4582 2179 4658 γὰρ
2237 4585 2311 4654 μὴ
2367 4581 2579 4655 μᾶλλον
2632 4579 2901 4646 ἀδικεῖσθε
2935 4628 2948 4651 ,
2983 4582 3155 4658 λέγων
3213 4586 3288 4656 μὴ
3341 4585 3466 4658 περὶ
3511 4585 3582 4640 τά
3636 4607 3743 4642 κο-

2080 4674 2250 4746 σμικά
2279 4671 2594 4742 ἐπτοῆσθαι·
2645 4673 2737 4727 καὶ
2785 4673 2952 4728 πάλιν
3011 4674 3105 4728 τὸν
3155 4679 3298 4737 θεῖον
3356 4673 3532 4749 ἔρωτα
3580 4677 3742 4748 εἱση-

2075 4761 2366 4837 γούμενος,
2396 4761 2520 4835 περὶ
2571 4762 2630 4816 ’ὀν
2677 4760 2799 4816 οὔτε
2849 4759 3051 4830 ἀδικία,
3088 4759 3212 4818 οὔτε
3255 4762 3540 4836 πλεονεξία
3570 4763 3707 4820 δύνα
3733 4801 3743 4809 -

2075 4871 2160 4903 ται
2215 4853 2461 4924 γενέσθαι
2501 4893 2514 4916 ,
2574 4850 2705 4926 φησί
2740 4869 2752 4881 ·
2815 4849 2912 4913 Τίς
2977 4853 3123 4924 ἡμᾶς
3181 4852 3411 4928 χωρίσει
3468 4853 3575 4907 ἀπὸ
3627 4862 3742 4923 τῆς

2077 4938 2292 5012 ἀγάπης
2349 4943 2445 4993 τοῦ
2498 4942 2776 5012 Χριστοῦ,
2834 4937 3018 5012 θλίψις
3077 4939 3113 5008 ἢ
3167 4941 3509 5015 στενοχωρία
3565 4961 3579 5010 ;
3639 4945 3742 4998 καὶ

2075 5027 2141 5080 τά
2194 5026 2315 5099 ἐξῆς
2349 5071 2361 5083 .
2422 5026 2737 5102 Προσύλους
2798 5025 2854 5082 δέ
2913 5049 3044 5105 φησι
3095 5027 3224 5090 τοὺς
3283 5029 3584 5102 ἐμπαθεῖς,
3637 5034 3743 5087 καὶ

1594 5207 1671 5278 (p)
1705 5207 1871 5263 Rom.
1907 5223 2030 5274 vm,
2061 5207 2147 5262 35.

1325 5403 1564 5460 νΑΙιΙιΕ
1606 5403 1992 5460 LECTIONES
2033 5403 2121 5458 ET
2159 5403 2702 5460 COBRECTIONES.

373 5539 419 5626 7°,
441 5538 526 5591 Ἐν
554 5535 718 5626 ἑτέρω
749 5537 920 5612 εὗρον·
954 5542 1074 5626 τοῖς
1107 5538 1502 5626 ὲτεροκινήτοις
1531 5539 1629 5605 τήν
1658 5535 1983 5606 αὐτοκίνητο

2097 5535 2300 5612 ράγχην.
2326 5540 2535 5626 ,ζηηαιίο
2564 5540 2753 5596 codice
2782 5539 2992 5596 inveni.
3023 5544 3139 5602 τοῖς
3181 5539 3576 5614 ἐτεροκινήτοις
3624 5562 3738 5597 αυ-

298 5610 588 5680 τοκίνητον
624 5610 884 5684 ἀνάγκην,
919 5610 974 5666 id
1015 5614 1114 5681 est,
1146 5610 1374 5666 aliunde
1408 5613 1569 5666 motis
1595 5628 1628 5664 (ι
1658 5626 1713 5666 se
1743 5611 1865 5682 ipsa
1889 5627 1984 5666 mai

2123 5610 2523 5668 necessitatem.
