4024 6200
283 316 378 371 365
1015 317 1073 370 Β.
1113 315 1385 371 ΜΔΧΙΜΙ
1423 315 1728 372 SCHOLPA
1767 316 1842 370 IN
1881 316 1887 367 ἶ

2057 317 2150 368 DE
2187 318 2458 374 DIVINIS
2497 320 2912 378 NOMINIBUS.

3559 319 3665 375 366

285 439 454 512 μόνοις
501 441 615 498 τοῖς
656 434 875 510 γηΐνοις
915 437 1309 512 προκειμένους
1343 457 1355 468 ·
1389 434 1879 514 παρευδοκιμεῖσθα

2016 437 2118 494 illo
2149 443 2496 512 tanguntur,
2529 447 2587 498 et
2615 443 2760 500 solis
2797 444 3046 500 terrenis
3097 444 3381 502 inhaerent
3416 461 3430 501 :
3471 463 3666 521 παρευ-

281 526 330 584 δὲ
354 530 458 582 ἐστι
484 527 544 581 τὸ
570 521 808 595 ἡττόνως
836 524 1125 598 εὐδόκιμον
1159 526 1459 602 φαίνεσθαι.

343 619 467 676 Ταῖς
541 612 857 691 ἀγγελικαῖς
938 615 1175 690 ἀρεταῖς.
1245 617 1372 671 ’Ὀτι
1440 613 1627 677 καλῶς
1692 613 1904 688 λέγεται

274 705 353 760 καὶ
399 704 479 758 ἐπ’
527 701 776 778 ἀγγέλων
825 703 1011 776 ἀρετὴ,
1064 703 1246 778 ὥσπερ
1293 704 1381 758 καὶ
1435 702 1523 758 ἐπῖ
1572 707 1726 770 Θεοῦ,
1767 703 1903 758 κατά

275 796 348 863 τὸ,
399 793 691 866 Ἐκάλυψεν
765 792 1029 867 οὐρανοὺς
1076 795 1112 862 ἡ
1169 794 1334 866 ἀρετη
1393 793 1562 848 αὐτοῦ
1597 811 1610 824 ·
1669 793 1760 848 καὶ
1816 792 1898 847 ὅτι

278 881 556 946 ἀδικεῖσθαι
611 880 739 943 τοὺς
792 882 914 957 περὶ
975 883 1042 936 τὰ
1093 879 1256 936 ὑλικά
1279 882 1574 957 πράγματα
1603 889 1702 951 τῆς
1757 880 1902 945 θείας

272 971 370 1028 ἐστὶ
424 970 679 1046 προνοίας
756 969 1140 1041 συνεθιζούσης
1199 971 1398 1033 αὐτοὺς
1451 976 1560 1026 τῶν
1611 969 1894 1046 θειοτὲρων

271 1062 506 1138 ἐφίεσθαι.

329 1153 427 1213 Τῆς
480 1153 587 1204 τῶν
644 1147 846 1204 ὑλικῶν
907 1147 1303 1225 προσπαθείας.
1349 1151 1493 1224 ’Όρα
1539 1149 1657 1212 πῶς
1704 1170 1892 1226 φησιν,

269 1241 340 1294 δτι
366 1239 424 1292 τὸ
457 1239 531 1311 μή
581 1239 956 1313 προσπάσχειν
1015 1243 1131 1301 τοῖς
1176 1235 1388 1300 ὑλικοῖς
1433 1237 1745 1313 πράγμασιν
1793 1237 1895 1313 ἀρ-

269 1327 509 1402 ῥενότητα
540 1325 727 1400 δηλοῖ,
759 1326 1031 1381 τουτέστιν
1067 1324 1284 1402 ἀνδρίαν
1312 1346 1325 1358 ο
1360 1327 1412 1381 oi
1453 1328 1555 1402 γάρ
1600 1324 1891 1382 δουλεύον-

2017 523 2358 600 δοκιμεῖσθαι
2389 547 2524 587 vero
2547 536 2636 588 est
2668 532 2866 588 minus
2898 533 3150 604 probum
3196 533 3400 589 videri.

2081 620 2182 674 Ad
2197 621 2475 690 angelicas
2497 622 2747 678 virtutes.
2772 620 3061 677 Virtutem
3083 622 3326 692 pulchre
3340 622 3454 678 dici
3483 625 3659 680 etiam

2012 706 2083 761 de
2109 707 2356 780 angelis,
2389 709 2542 764 sicut
2563 714 2620 765 et
2649 710 2720 766 de
2757 712 2889 779 Deo,
2914 711 3085 780 juxta
3108 710 3287 780 illud;
3307 710 3532 766 Velavit
3551 730 3660 768 cm-

2009 793 2099 850 los
2129 797 2315 852 virtus
2342 798 2509 868 ejus;
2540 802 2717 870 atque
2749 815 2876 855 esse
2900 799 3108 854 divinae
3135 799 3512 871 providentim
3530 818 3660 873 per-

2009 884 2262 950 mittere,
2328 904 2455 958 qua:
2511 903 2609 942 eos
2682 887 2998 944 assuetacit
3059 888 3347 944 diviniora
3420 894 3660 962 appete-

2007 989 2089 1039 re,
2123 975 2348 1046 utjusti
2378 975 2438 1031 in
2462 976 2870 1033 materialibus
2886 978 3136 1049 negotiis
3157 978 3373 1049 injuria
3393 979 3658 1036 afﬁcian-

2007 1067 2124 1118 tur.

2075 1155 2114 1208 A
2163 1155 2545 1210 materialium
2611 1156 2920 1227 aﬁectione.
2961 1156 3111 1212 Vide
3157 1157 3454 1228 quomodo
3484 1156 3661 1228 dicat,

2003 1241 2332 1298 masculum
2353 1245 2613 1299 animum
2632 1261 2745 1316 prs:
2760 1261 2822 1300 se
2837 1246 2986 1300 ferre
3007 1245 3104 1316 qui
3124 1245 3531 1302 materialibus
3556 1247 3658 1302 bo-

2002 1332 2096 1387 nis
2127 1349 2237 1388 non
2272 1333 2550 1399 adhmret,
2576 1334 2630 1388 id
2663 1339 2751 1390 est
2783 1335 3193 1390 fortitudinem
3243 1335 3512 1402 virilem;
3553 1336 3653 1407 qui

261 1437 336 1478 τες
373 1421 660 1488 κοσμικοῖς
706 1416 795 1470 καὶ
844 1421 1182 1488 σωματικοῖς
1229 1415 1419 1480 πάθεσι
1469 1413 1760 1487 θηλυδρίαι
1811 1415 1887 1469 εί-

2015 1421 2153 1476 anim
2187 1423 2504 1478 mundanis
2544 1439 2610 1478 ac
2655 1423 2949 1496 corporeis
3000 1424 3406 1480 affectionibus
3449 1425 3647 1480 deser-

261 1504 417 1568 κότως
470 1505 990 1581 προσαγορεύονται.
1035 1505 1132 1559 Καὶ
1181 1504 1266 1559 ὅτι
1317 1508 1352 1574 ἡ
1403 1505 1520 1559 θεία
1572 1503 1887 1574 δικαιοσύνη

2015 1511 2182 1579 riunt,
2232 1511 2587 1566 mulierculas
2648 1513 2859 1568 merito
2903 1517 3207 1569 vocantur.
3267 1513 3336 1568 Et
3387 1513 3644 1568 divinam

263 1593 314 1648 ού
346 1593 596 1669 βούλεται
629 1591 719 1648 διὰ
745 1592 952 1648 τούτων
983 1597 1134 1666 ἡμᾶς
1173 1592 1382 1668 θέλγειν
1431 1595 1518 1648 καὶ
1565 1590 1887 1665 ἀπολλύειν,

2022 1599 2279 1656 ustitiam
2312 1617 2426 1656 non
2454 1600 2598 1657 velle
2615 1619 2718 1673 per
2740 1602 2861 1658 haac
2883 1619 2990 1658 nos
3013 1601 3344 1658 demulcere
3360 1606 3418 1657 et
3438 1603 3642 1672 perde-

263 1682 393 1738 ἀλλά
422 1683 678 1752 συνεθίζει
710 1687 847 1758 πρὸς
903 1685 1003 1752 τήν
1051 1684 1258 1738 τούτων
1305 1685 1718 1760 περιφρόνησιν,
1751 1683 1887 1738 κατὰ

2015 1705 2074 1757 ιθ,
2109 1689 2208 1744 sed
2240 1689 2604 1746 assuefacere
2635 1691 2841 1747 borum
2883 1691 3269 1762 contemptui,
3320 1691 3644 1746 secundum

256 1772 310 1826 τὸ
378 1771 700 1846 εἰρημένονο
746 1773 842 1829 "Ov
913 1773 1012 1846 γάρ
1077 1771 1262 1847 ἀγαπᾷ
1325 1771 1544 1847 Κύριος,
1587 1769 1879 1826 παιδεύει·

2015 1777 2357 1849 icripturam
2393 1795 2406 1834 :
2433 1780 2599 1847 Quem
2624 1781 2775 1834 enim
2804 1781 2993 1852 diligit
3028 1781 3315 1849 Dominus,
3361 1779 3596 1850 castigat
3627 1796 3641 1835 :

260 1866 494 1934 μαστιγοῖ
543 1857 601 1915 δὲ
645 1859 818 1915 πάντα
880 1861 994 1915 υἱὸν
1059 1860 1118 1915 ’ὀν
1189 1857 1574 1937 παραδέχεται.
1623 1859 1691 1918 Τί
1747 1859 1874 1929 οὗνς

2015 1868 2228 1938 iagellat
2257 1872 2441 1922 autem
2473 1884 2685 1924 omnem
2715 1870 2900 1939 ﬁlium
2929 1886 3091 1942 quem
3123 1870 3322 1940 recipit
3341 1870 3438 1940 (ᾳ).
3490 1868 3637 1932 Quid

253 1951 295 2003 oi
345 1950 429 2005 τὸν
497 1948 740 2005 πλοῦτον
795 1945 1038 2024 ἔχοντες,
1095 1949 1195 2005 ούκ
1254 1951 1565 2026 ἀγαπῶνται
1628 1951 1732 2004 ὑπὸ
1777 1954 1875 2004 τοῦ

2015 1957 2205 2027 gitur?
2219 1955 2426 2012 divites
2443 1973 2555 2012 non
2580 1957 2955 2029 diliguntura
2971 1957 3086 2014 Deo
3106 1957 3134 2013 ‘I
3156 1958 3315 2013 dices
3341 1956 3535 2029 primo
3548 1958 3637 2012 di-

251 2045 394 2108 6505;
443 2039 606 2116 ἐρεῖς,
657 2039 740 2095 ὅτι
798 2045 1015 2114 πρῶτον
1084 2042 1178 2114 μὶν
1239 2041 1347 2116 ούχ
1396 2042 1424 2095 6
1471 2039 1712 2101 πλοῦτος
1755 2041 1875 2103 καθ’

2019 2044 2155 2100 itias
2185 2062 2301 2101 non
2331 2061 2461 2101 esse
2492 2061 2595 2118 per
2623 2061 2686 2102 se
2719 2045 2926 2114 malas,
2961 2047 3062 2102 sed
3085 2047 3355 2102 affectum
3381 2061 3518 2117 erga
3535 2062 3636 2102 eas

249 2129 409 2183 ἑαυτὸν
460 2128 655 2196 κακός,
707 2129 834 2185 ἀλλ’
880 2133 916 2198 ἡ
966 2127 1092 2205 περί
1139 2134 1328 2184 τοῦτον
1375 2127 1732 2200 προσπάθεια,
1781 2130 1869 2183 καὶ

2016 2133 2281 2189 tmalum
2317 2151 2491 2190 usum
2527 2151 2539 2189 :
2574 2139 2795 2206 postea,
2824 2135 3009 2191 Deum
3043 2152 3216 2191 nosse
3245 2136 3346 2206 qui
3387 2137 3507 2190 sint
3536 2136 3633 2190 in-

247 2219 276 2285 ἡ
327 2220 453 2286 κακὴ
508 2226 717 2306 χρῇσις
752 2238 766 2252 ⁸
797 2215 985 2273 *ἔπειτα
1043 2216 1187 2273 οἶδεν
1214 2219 1242 2273 6
1273 2219 1404 2280 Θεὸς
1443 2217 1571 2279 τοὺς
1632 2217 1682 2273 ἰν
1734 2220 1870 2291 ἡμῖν

2015 2238 2071 2277 er
2099 2240 2206 2279 nos
2237 2222 2480 2292 inﬁrmi,
2511 2223 2921 2294 volentemque
2951 2239 3050 2280 eos
3074 2225 3130 2278 in
3153 2225 3625 2280 adhortationem

250 2306 486 2376 ἀσθενεῖς,
568 2308 658 2362 καὶ
740 2307 1080 2382 βουλόμενος
1157 2306 1354 2369 αὐτοὺς
1430 2311 1726 2382 περισῶσαι
1797 2307 1872 2368 εἷς

2015 2327 2342 2378 onservare,
2380 2312 2668 2382 fortassis,
2703 2317 2761 2368 et
2809 2313 3110 2383 pecunias,
3144 2330 3211 2368 ac
3248 2313 3379 2367 vitae
3426 2313 3624 2384 splen-

247 2397 569 2469 προτροπὴν,
600 2398 691 2451 καὶ
722 2399 986 2472 χρήματα
1019 2394 1145 2458 ἴσως
1196 2397 1286 2451 καὶ
1351 2397 1473 2470 βίου
1528 2395 1872 2473 περιφάνειαν

2022 2415 2181 2456 orem
2207 2400 2290 2455 eis
2313 2399 2590 2464 tribuere,
2616 2417 2727 2455 non
2749 2401 2903 2472 quod
2924 2401 3170 2472 ignoret,
3194 2401 3252 2456 id
3277 2401 3431 2471 quod
3454 2405 3624 2470 sunt;

249 2480 441 2538 δίδωσιν
494 2485 710 2553 αὐτοῖς,
762 2485 861 2540 οὐκ
907 2486 1118 2560 ἀγνοῶν
1171 2485 1302 2560 ὅπερ
1351 2484 1453 2539 εἷ’σί
1490 2503 1502 2515 ·
1535 2489 1654 2546 πῶς
1693 2485 1797 2559 γὰρ
1843 2485 1871 2538 ὁ

2024 2489 2274 2544 uomodo
2296 2489 2452 2544 enim
2485 2489 2586 2559 qui
2609 2489 2769 2544 novit
2799 2489 3325 2559 omniaantequam
3341 2489 3486 2544 ﬁant
3515 2490 3628 2560 (r)?

247 2575 503 2646 γινώσκων
556 2575 733 2629 πάντα
781 2571 904 2648 πρίν
931 2577 1186 2648 γενέσεως
1224 2574 1399 2629 αὐτῶν
1427 2592 1440 2642 ;
1469 2571 1595 2627 ἀλλ’
1615 2571 1706 2627 ’ἶνα
1761 2594 1870 2645 μη-

2015 2579 2135 2632 ιοθ
2165 2578 2266 2632 sed
2301 2582 2364 2632 ut
2394 2577 2617 2632 nullam
2649 2577 2972 2632 habeamus
3003 2577 3440 2632 excusationem
3461 2577 3632 2648 juxta

249 2658 426 2734 δεμίων
458 2661 680 2736 ἔχωμεν
727 2661 1026 2737 ἀπολογίαν
1068 2663 1203 2718 κατά
1238 2664 1330 2718 τὸν
1359 2660 1692 2719 Ἀπόστολον
1727 2681 1740 2693 ο
1774 2661 1873 2715 Διά

2015 2667 2325 2739 .postolum
2352 2668 2674 2737 :Propterea
2694 2666 3094 2721 inexcusabilis
3119 2681 3192 2734 es,
3213 2683 3242 2722 ο
3280 2665 3439 2722 homo
3459 2669 3557 2737 (s);
3578 2673 3634 2721 et

242 2749 383 2806 τοῦτο
457 2752 878 2827 ἀναπολόγητος
934 2753 997 2824 εἴ,
1059 2753 1103 2806 ὧ
1155 2751 1402 2826 ἄνθρωπε
1433 2770 1448 2785 ⁶
1511 2751 1598 2806 καὶ
1656 2751 1820 2806 πάλιν
1855 2768 1869 2783 ·

2015 2761 2196 2810 terum
2224 2771 2236 2810 :
2266 2756 2548 2810 Habemus
2576 2753 2900 2825 Pontiﬁcem
2941 2757 3039 2826 qui
3079 2758 3257 2826 possit
3289 2757 3526 2826 compati
3544 2753 3636 2808 in-

244 2840 464 2914 ’Έχομιν
520 2839 818 2915 Ἀργιερέα
893 2842 1080 2915 μέγαν,
1157 2838 1454 2915 δυνάμενον
1521 2841 1870 2913 συμπαθῖσαι

2015 2843 2337 2900 ἱνπιίιαιὶὺιιε
2363 2845 2569 2900 nostris
2599 2845 2684 2915 (ι).

244 2935 348 2992 ταῖς
378 2931 674 2995 ἀσθενείαις
706 2933 887 3003 ἡμῶν.

304 3020 374 3075 Τὸ
407 3022 477 3092 μή
507 3019 746 3095 θέλγειν.
779 3019 999 3096 Θέλγειν
1030 3018 1140 3074 ἐστὶ
1170 3019 1234 3075 τὸ
1267 3017 1335 3075 δι’
1364 3017 1568 3090 ἡδονῆς
1619 3021 1826 3090 ἀπατᾷν
1852 3035 1866 3050 ο

247 3105 434 3183 λέγεται
466 3107 523 3164 δὲ
557 3109 648 3164 καὶ
676 3107 740 3164 τό
769 3110 962 3172 ἁπλῶς
991 3106 1230 3178 ἡδύνειν.

2052 3027 2166 3082 Non
2215 3025 2543 3096 demulcere,
2608 3025 2705 3081 Gr.
2745 3024 2808 3078 τὸ
2862 3025 2937 3096 μή
3003 3022 3240 3099 θέλγειν.
3285 3021 3501 3096 Θέλγειν
3548 3026 3640 3079 est

1981 3115 2277 3186 voluptate
2309 3115 2618 3187 decipere:
2650 3114 2871 3170 dicitur
2914 3113 3088 3170 etiam
3135 3113 3486 3186 simpliciter
3530 3129 3633 3169 vo-

1980 3204 2207 3276 luptate
2238 3204 2490 3260 afﬁcere.

2053 3293 2414 3364 Optimorum.
2449 3291 2957 3349 Desiderabilium.

2057 3385 2378 3437 Inconcussa
2427 3384 2598 3447 statu,
2665 3382 2763 3436 Gr.
2834 3379 3136 3451 ἀμειλίκτῳ
3202 3379 3402 3435 στάσει.
3456 3379 3638 3435 Vocat

1983 3468 2299 3542 ἀμείλικτον
2336 3469 2518 3522 στάσιν
2548 3470 2888 3525 institutum
2922 3470 3165 3524 minime
3197 3470 3410 3525 cedens
3431 3467 3638 3527 titilla-

1984 3560 2130 3615 tioni
2152 3565 2538 3627 terrenarum,
2563 3576 2753 3630 neque
2774 3558 2926 3613 ﬂecti
2953 3559 3024 3613 ad
3049 3553 3382 3613 materialia
3402 3560 3641 3629 propter

1983 3650 2356 3705 tentationes.

2057 3738 2185 3810 ΞΧ.
2223 3739 2284 3793 Ut
2314 3736 2585 3792 actionem
2623 3752 2851 3806 quaeque
2893 3751 3052 3789 suam
3100 3737 3491 3805 prosequatur,
3541 3736 3637 3786 Gr.

246 3819 477 3893 ὠνόμασε
534 3823 634 3891 τὴν
693 3821 919 3876 ἑκάστου
977 3825 1083 3875 τῶν
1146 3817 1315 3874 ὅντων
1362 3819 1683 3896 κατὰφύσιν
1736 3816 1874 3872 ἷδιά-
1982 3831 2082 3893 τῆς
2113 3823 2164 3878 ἐν
2221 3829 2337 3884 τοῖς
2395 3821 2547 3884 δλοις
2598 3819 2957 3896 ἰδιοπραγζας,
3003 3821 3331 3893 Appellavit
3389 3817 3638 3892 ἰδιοπρα-

242 3914 416 3977 ζουσαν
474 3912 696 3981 κίνησιν
732 3929 744 3940 '
806 3908 932 3964 ούδέ
987 3909 1087 3986 γὰρ
1142 3910 1209 3964 τὰ
1265 3907 1506 3984 ἀγγέλων
1568 3909 1874 3981 ἀνθρώποις

2015 3914 2102 3967 ’ίαν
2156 3914 2457 3986 proprium
2507 3913 2794 3983 cujusque
2847 3913 2928 3966 rei
2981 3911 3306 3966 secundum
3362 3914 3636 3964 naturam

246 3998 480 4070 πράττειν
544 3996 790 4067 δυνατὸν,
826 3999 861 4067 ἢ
891 3999 957 4053 τὰ
1011 3998 1181 4072 πυρὸς
1239 3996 1416 4068 ὕδατι,
1447 3998 1534 4051 καὶ
1588 3997 1648 4050 τὸ
1697 3991 1874 4068 ἔμπα-

2015 4008 2256 4058 notum:
2318 4017 2507 4072 neque
2561 4000 2718 4055 enim
2791 4000 3062 4056 homines
3135 3999 3324 4055 facere
3392 4003 3636 4071 possent

246 4083 344 4142 λιν·
1985 4109 2113 4162 qum
2144 4089 2367 4162 angelis
2399 4089 2672 4162 propria;
2724 4106 2829 4145 nec
2860 4106 3012 4161 aqua
3051 4106 3179 4160 qua:
3218 4087 3361 4159 igni,
3400 4091 3459 4144 et
3497 4103 3636 4142 con-

1984 4184 2096 4235 tra.

2059 4271 2122 4324 Et
2162 4272 2432 4340 quatenus
2473 4269 2858 4324 deterioribus.
2900 4271 3026 4322 Non
3069 4266 3363 4335 intelligas
3405 4266 3514 4321 hoc
3550 4264 3639 4320 lo-

1988 4376 2052 4414 co
2085 4359 2366 4414 deteriora
2404 4361 2671 4428 respectu
2722 4358 2790 4412 ad
2845 4361 3144 4412 creaturas
3183 4355 3424 4422 habito;
3477 4352 3640 4408 nulla

242 4443 326 4497 κόν
365 4464 378 4477 ·
409 4444 558 4501 ἀλλά
604 4446 741 4520 πρὸς
799 4447 900 4514 τήν
958 4444 1248 4516 ἁμαρτίαν,
1279 4443 1403 4512 ἥτις
1456 4443 1514 4498 ἐκ
1567 4451 1667 4512 τῆς
1716 4446 1875 4516 ἡμῶν

2015 4448 2145 4503 inim
2176 4452 2266 4502 est
2296 4446 2452 4502 inter
2479 4446 2641 4517 ipsas
2674 4445 2867 4512 mala;
2905 4445 3003 4501 sed
3035 4445 3104 4499 ad
3127 4448 3453 4516 peccatum,
3485 4441 3640 4512 quod

242 4534 600 4606 προαιρέσεως
693 4535 829 4588 κατὰ
911 4533 1160 4608 στέρησιν
1253 4532 1457 4608 ἀγαθοῦ
1540 4533 1876 4604 παρυπὲστη.

2015 4554 2057 4591 ~x
2090 4540 2290 4591 nostra
2311 4534 2612 4589 voluntate
2629 4535 2766 4589 boni
2792 4534 3115 4606 privatione
3141 4531 3462 4586 subsistere
3492 4530 3644 4583 vide-

243 4620 559 4696 ’Λναρπάζει
607 4624 711 4698 γὰρ
773 4625 922 4695 ἡμᾶς
965 4623 993 4676 6
1041 4623 1171 4684 Θεὸς
1232 4620 1284 4692 ἐξ
1327 4621 1494 4690 αὐτῆς
1545 4621 1785 4694 ἑκόντας,
1834 4622 1879 4676 εἰ

2020 4643 2108 4681 ur.
2147 4626 2296 4680 Deus
2327 4624 2484 4679 enim
2507 4639 2643 4678 cum
2673 4622 2945 4679 volumus
2978 4639 3084 4676 nos
3117 4637 3183 4675 ex
3218 4621 3346 4690 ipso
3377 4617 3569 4690 eripit,
3592 4616 3643 4673 si

1992 4717 2063 4771 ad
2098 4714 2263 4769 illum
2298 4714 2753 4768 accurrerimus.

2061 4806 2168 4860 Nec
2196 4805 2253 4857 in
2278 4801 2522 4856 deterius
2550 4804 2798 4868 vergant.
2823 4799 3119 4853 Arbitrare
3153 4798 3346 4868 ipsum
3401 4795 3522 4849 hac
3553 4795 3639 4849 di-

1993 4908 2121 4948 cere
2153 4893 2223 4946 de
2253 4890 2572 4946 sensilibus
2605 4896 2658 4944 et
2690 4887 2926 4954 creatis,
2973 4888 3128 4958 quod
3189 4884 3385 4940 omnia
3424 4883 3481 4937 in
3506 4899 3640 4954 pro-

1993 4982 2120 5055 pria
2151 4981 2299 5034 bona
2321 4978 2740 5034 constitutione
2758 4977 3050 5030 custodiat
3081 4973 3257 5042 ;nibil
3289 4971 3444 5027 enim
3480 4971 3641 5042 ipso-

1994 5087 2123 5125 rum
2157 5071 2445 5123 mutatum
2476 5071 2585 5132 est,
2621 5065 2719 5118 sed
2754 5070 2818 5118 ut
2851 5069 3047 5118 creata
3077 5066 3217 5116 sunt
3268 5062 3638 5115 manserunt.

1994 5160 2111 5214 Hoc
2139 5156 2394 5212 declarat
2423 5172 2530 5210 vox
2562 5146 2936 5224 ἀμετάϐλητα,
2971 5169 3084 5206 non
3122 5154 3364 5205 mutata.
3400 5148 3641 5203 Minime

1992 5263 2129 5302 vero
2160 5246 2229 5300 ad
2264 5243 2549 5299 deteriora
2574 5258 2862 5312 propensa
2893 5245 2992 5294 aut
3022 5240 3160 5310 quia
3181 5256 3279 5294 eas
3301 5241 3644 5310 prastantes

1994 5337 2149 5401 fecit,
2167 5340 2267 5388 aut
2289 5330 2582 5401 quianihil
2600 5347 2666 5385 ex
2683 5329 2826 5400 ipsis
2852 5328 3087 5400 propria
3107 5326 3524 5383 constitutione
3546 5342 3645 5382 ex-

1995 5424 2082 5491 iit,
2110 5427 2213 5479 aut
2242 5421 2312 5476 ad
2334 5419 2620 5475 deteriora
2644 5417 2997 5474 translatum
3023 5423 3131 5474 est.
3162 5416 3384 5473 leum
3416 5415 3572 5472 enim
3593 5419 3650 5471 et

301 3292 404 3343 Τῶν
435 3289 696 3363 ἀρίστων.
729 3291 853 3346 Τῶν
882 3287 1257 3360 ἐπιθυμητῶν.
1895 3276 1940 3345 C

305 3377 632 3450 Ἀμειλὶκτῳ
690 3377 889 3433 στάσει.
953 3376 1295 3449 Ἀμείλικτον
1357 3376 1537 3431 στάσιν
1585 3376 1718 3450 φησί
1773 3376 1870 3444 τήν

245 3463 503 3522 ἀνένδοτον
563 3468 699 3542 πρὸς
753 3467 844 3521 τὸν
892 3465 1267 3542 γαργαλισμόν
1318 3469 1424 3519 τῶν
1455 3464 1658 3539 γηΐνων
1692 3461 1874 3519 ἔνστα-

243 3573 335 3621 σιν,
364 3555 448 3608 xui
497 3556 563 3610 τὸ
616 3555 692 3628 μή
741 3556 1080 3628 κάμπτεσθαι
1128 3555 1262 3628 πρὸς
1306 3554 1374 3608 τὰ
1419 3552 1580 3609 ὑλικά
1621 3550 1711 3607 διά
1765 3557 1872 3606 τῶν

247 3649 567 3718 πειρασμῶν.

304 3735 416 3802 §X.
458 3737 580 3803 Τῆς
631 3733 682 3788 ἐν
724 3737 841 3794 τοῖς
883 3730 1037 3796 ὅλοις
1087 3730 1453 3807 ἴδιοπραγίας.
1508 3729 1873 3806 ’ἰδιοπραγίαν

305 4267 396 4319 Καὶ
453 4267 530 4328 ὡς
584 4266 644 4321 ἐκ
684 4270 793 4321 τῶν
852 4265 1139 4342 χειρόνων.
1172 4266 1254 4321 Τά
1302 4265 1474 4341 χείρω
1524 4265 1748 4328 ἐνταῦθα
1800 4265 1875 4337 μὴ

245 4354 429 4427 νοήσῃς
458 4355 596 4429 πρὸς
625 4357 695 4409 τά
723 4357 1010 4428 ποιήματα
1043 4373 1055 4386 ·
1091 4351 1244 4408 οὐδὲν
1291 4355 1392 4429 γὰρ
1442 4354 1493 4408 ἐν
1549 4353 1733 4414 αὐτοῖς
1781 4374 1876 4408 κα-

240 4709 678 4784 προσδράμοιμεν
715 4711 880 4782 αύτῷ.

307 4799 407 4854 Καὶ
461 4800 670 4876 ἀρῥεπῆ
724 4801 858 4872 πρὸς
908 4799 975 4853 τά
1023 4800 1216 4873 χείρω.
1247 4803 1424 4853 Ταῦτα
1471 4799 1594 4871 περὶ
1642 4803 1746 4853 τῶν
1796 4799 1878 4852 αἷ-

244 4893 446 4954 σθητῶν
479 4890 566 4942 καὶ
603 4889 707 4943 ὑπὸ
746 4890 844 4956 τήν
889 4889 1062 4942 κτίσιν
1101 4885 1270 4942 ὄντων
1315 4887 1506 4959 νόμιζε
1553 4885 1731 4961 λέγειν
1783 4889 1878 4943 αύ-

238 4975 344 5037 τόν,
402 4975 486 5030 ὅτι
544 4976 715 5030 πάντα
766 4976 816 5030 ἐν
872 4980 940 5049 τῇ
998 4976 1170 5046 οἰκείᾳ
1227 4975 1439 5046 εὐταξία
1484 4973 1830 5051 διαφυλάττει
1865 4996 1877 5008 °

241 5061 386 5118 οὖδὶν
437 5065 542 5140 γὰρ
595 5067 776 5119 αὐτῶν
836 5067 1168 5140 μετετράπη,
1202 5063 1328 5119 ἀλλ’
1384 5063 1556 5125 οὕτως
1611 5066 1683 5126 ὡς
1740 5063 1882 5118 ἐκτί-

244 5163 457 5222 σθησαν,
512 5153 762 5226 ἔμειναν·
816 5159 975 5209 τοῦτο
1026 5151 1194 5223 δηλοῖ
1234 5155 1296 5207 τὸ
1347 5148 1718 5225 ἀμετάϐλητα.
1754 5153 1881 5228 Ἀρο

242 5240 371 5313 ρεπῆ
433 5240 491 5296 δὲ
546 5244 683 5318 πρὸς
740 5244 807 5298 τὰ
863 5243 1061 5319 χείρω,
1105 5243 1140 5310 ἢ
1201 5241 1283 5296 ὅτι
1342 5243 1667 5317 προαιρετάς
1722 5243 1886 5307 αὐτάς

239 5331 547 5400 πεποίηκεν,
580 5333 614 5401 ἢ
667 5332 748 5387 ὅτι
799 5330 957 5387 οὐδὲν
989 5331 1040 5402 ἐξ
1073 5330 1250 5387 αὐτῶν
1298 5338 1398 5400 τῆς
1453 5330 1657 5392 οἰκείας
1700 5331 1880 5404 ἐξέστη

234 5419 628 5492 καταστάσεως,
659 5423 694 5493 ἢ
749 5423 886 5497 πρὸς
937 5422 1005 5476 τά
1054 5417 1410 5495 ὑποδεέστερα
1458 5421 1794 5494 μετηνέχθη,
1827 5422 1884 5473 '0

2005 5643 2072 5716 (t)
2094 5641 2266 5699 Hebr.
2303 5654 2382 5706 ιν,
2421 5637 2510 5694 15.

298 5645 375 5718 (q)
403 5648 603 5706 Herbr.
641 5663 741 5716 xu,
772 5647 830 5702 6.
907 5646 977 5718 (r)
1009 5645 1154 5701 Dan.
1186 5659 1310 5713 xm,
1336 5643 1424 5699 42.
1499 5643 1568 5716 (ε)
1591 5657 1738 5700 rom.
1773 5661 1838 5716 ιι,
1872 5644 1926 5702 1.
