4024 6200
342 291 446 348 337

1155 277 1530 337 APPBNDIX
1569 279 1665 330 AD
1701 274 1944 329 OPERA
1981 272 2044 324 S.
2085 269 2400 325 DIONYSII
2444 267 2947 328 AREOPAGITE.

3629 270 3717 328 368

343 420 520 482 terra,
539 416 595 468 et
615 427 746 483 quas
767 409 824 465 in
843 408 1010 481 ipsis,
1029 407 1237 463 eadem
1263 403 1633 459 manserunt.
1650 403 1824 454 Porro
1847 391 1993 450 illud

2139 391 2209 464 πὰρ
2267 391 2492 464 οὐρανὸς
2548 388 2636 444 καὶ
2694 391 2728 459 ἠ
2772 395 2840 463 γῆ
2903 386 3138 463 ἔμειναν,
3196 389 3289 443 καὶ
3355 389 3420 444 τὰ
3469 389 3518 445 ἐν
3563 391 3722 456 αὐτοῖς

346 503 602 559 alienam
630 502 897 556 actionem
922 497 1312 563 exterminare,
1338 497 1395 547 et
1415 507 1520 546 non
1543 488 1796 558 delapsas
1817 487 1994 540 custo-

346 592 426 647 dit
455 591 718 661 cujusque
741 587 1096 656 preprietates
1126 583 1207 637 ita
1233 579 1519 650 intellige,
1551 575 1843 631 elementa
1875 587 1997 661 ma-

349 697 484 736 nere
512 659 635 734 sibi
658 677 905 731 invicem
939 671 1254 737 contraria,
1290 682 1499 739 nempe
1529 664 1785 720 calidum
1815 666 1873 716 et
1897 659 2000 714 fri-

346 769 573 842 gidum,
604 765 920 820 humidum
947 768 1003 817 et
1035 761 1280 828 siccum,
1314 762 1488 828 atque
1541 751 2002 822 unumquodque

345 837 544 914 eorum
568 855 628 910 in
661 853 896 926 propria
925 850 1258 922 integritate
1305 858 1672 918 permanere,
1724 854 1911 910 neque
1944 837 2003 891 in

347 947 714 1003 contrarium
749 941 1000 1006 mutari;
1038 952 1344 1008 nunquam
1377 934 1534 989 enim
1560 931 1715 1003 ignis
1748 930 2003 999 (itaque,

351 1052 457 1092 nec
489 1050 642 1106 aqua
675 1030 848 1103 ignis.
882 1029 942 1083 Si
974 1031 1166 1082 autem
1220 1021 1495 1078 creatoris
1518 1023 1692 1091 jussu
1723 1031 2007 1074 convene-

353 1125 491 1193 rint,
527 1119 991 1190 unumquodque
1020 1130 1224 1171 eorum
1262 1117 1481 1178 manet,
1539 1125 1708 1164 suam
1769 1119 2008 1162 servans

358 1210 799 1286 proprietatem.

429 1281 598 1368 Atque
645 1295 1038 1368 proportiones,
1069 1295 1165 1345 Gr.
1197 1287 1288 1368 καὶ
1343 1285 1438 1348 τὰς
1487 1281 1802 1368 ἀθαλογίας..
1854 1283 2010 1337 Ἀνα-

356 1363 547 1444 λιογίοίς
607 1363 755 1422 dicit
781 1365 1144 1437 aptitudines
1175 1363 1465 1433 cujusque
1495 1364 1717 1414 natura:
1755 1363 1813 1412 et
1851 1371 2008 1409 com-

359 1455 858 1514 mensurationes.

432 1547 785 1617 Nequaquam
811 1544 1016 1614 praeter
1049 1539 1409 1612 propositum.
1443 1536 1506 1591 Id
1565 1538 1655 1590 est
1681 1549 1794 1588 non
1852 1534 2014 1588 extra

367 1633 686 1704 Scriptura:
717 1646 988 1702 scopum.

440 1722 836 1778 Remissz’onem
913 1718 1144 1786 donans,
1207 1715 1306 1770 Gr.
1351 1708 1725 1787 ὑπερείδουσι.
1794 1708 2012 1766 Suti‘ul-

371 1812 552 1868 ciens.

444 1901 597 1957 201
648 1899 686 1952 Α
733 1895 944 1965 noxiis,
991 1895 1088 1950 Gr.
1133 1895 1236 1945 τῶν
1271 1884 1703 1962 λελωϐημένων.
1735 1892 1779 1944 Α
1838 1887 2014 1956 lassis,

372 1990 652 2060 injuriam
683 1991 740 2042 et
768 1987 1051 2040 damnum
1086 1980 1559 2054 procurantibus.

445 2081 507 2134 Et
549 2093 768 2132 omnem
793 2075 1242 2147 inaequalitatem.
1295 2070 1420 2127 Non
1465 2069 1608 2124 dicit
1673 2066 2018 2139 simpliciter

371 2167 758 2224 exterminare
787 2161 1263 2234 inaequalitatem,
1296 2159 1397 2214 sed
1433 2158 1492 2214 in
1533 2156 1808 2229 singulis,
1841 2155 1897 2210 id
1928 2159 2020 2210 est

371 2255 638 2327 singulas
658 2256 1061 2309 creaturarum
1093 2267 1208 2304 non
1244 2263 1480 2302 manere
1510 2245 1812 2318 aequaliter
1859 2249 1914 2298 et
1944 2242 2016 2297 si-

371 2345 586 2400 militer
613 2344 670 2397 in
702 2340 1009 2396 identitate
1042 2336 1335 2405 naturali;
1368 2337 1498 2390 ideo
1529 2332 2018 2404 addiditapriva-

378 2429 842 2504 lione,quoniam
895 2445 1011 2484 non
1059 2427 1275 2480 idcirco
1325 2425 1478 2494 quod
1526 2422 1922 2478 indiil‘erentes
1963 2423 2020 2475 et

369 2521 686 2592 inaequales
719 2519 838 2574 sint
868 2534 979 2584 res,
1001 2513 1370 2586 inaequalitas
1401 2513 1685 2567 aufertur.

440 2607 798 2680 eEqualitatis
817 2607 1183 2676 singulorum.
1218 2603 1361 2658 Cum
1396 2602 1573 2656 sciret
1612 2603 1760 2656 duos
1812 2600 2017 2654 modos

371 2700 693 2755 secundum
726 2712 876 2767 quos
901 2692 1266 2763 inaequalitas
1299 2689 1531 2753 dicitur,
1567 2689 1714 2743 duos
1761 2688 2018 2759 exponit,

373 2791 525 2844 ctait
541 2792 741 2850 Deum,
758 2779 1459 2850 eatenusdicijustitiam,
1475 2782 1764 2849 quatenus
1783 2792 2018 2831 omnem

379 2875 773 2945 mqualitatem
795 2886 1072 2926 mensura
1087 2869 1339 2938 adauget
1355 2866 1485 2920 etin
1514 2881 1747 2920 omnem
1781 2865 2020 2935 aquali-

372 2970 550 3020 tatem
566 2961 932 3016 exterminat.
949 2953 1728 3026 Nuncveroinzrqualitatem
1746 2953 2022 3024 intelligit

375 3068 504 3106 eam
537 3067 662 3120 quas
693 3065 792 3119 per
814 3045 1192 3118 privationem
1236 3044 1469 3108 accidit,
1504 3043 1561 3097 id
1582 3047 1670 3097 est
1712 3042 2018 3097 abundan-

2106 479 2367 541 ὡσαύτως
2417 476 2634 554 ἔχοντα.
2682 479 2754 532 Τὸ
2807 475 2864 532 δὲ
2911 479 3012 547 τήν
3076 476 3572 554 ἀλλοτριοπραγίαν
3627 480 3726 552 έξο·

2109 566 2295 641 ρίζειν,
2352 567 2443 622 καὶ
2515 565 2944 640 ἀμεταπτώτους
3020 565 3308 643 φυλάττειν
3386 568 3477 628 τὰς
3531 568 3726 624 ἑκάστου

2111 655 2406 727 ἰδιότητας,
2469 655 2610 712 οὕτω
2657 657 2880 727 νόησον,
2941 657 3023 710 ὅτι
3088 657 3157 710 τὰ
3227 662 3475 731 στοιχεῖα
3546 657 3730 714 ἐναντία

2115 741 2362 815 μένουσιν
2410 739 2707 814 ἀλλήλοις,
2759 745 2873 797 οἷον
2926 740 2989 796 τὸ
3021 742 3221 818 θερμὸν
3269 743 3358 798 καὶ
3405 744 3626 819 ψυχρὸν,
3653 745 3730 799 καὶ

2115 832 2270 908 ὑγρὸν
2316 832 2405 886 καὶ
2453 831 2636 906 ξηρὸν,
2669 832 2757 886 καὶ
2803 828 3030 886 ἕκαστον
3078 831 3254 886 αὐτῶν
3303 831 3354 886 ἐν
3395 833 3464 904 τῇ
3493 830 3595 904 ἰδίᾳ
3617 833 3732 888 ὁλό-

2113 942 2236 991 τητι
2261 919 2605 994 ἐναπομένει,
2634 920 2724 975 καὶ
2767 919 2828 975 οὐ
2866 920 3179 992 μεθίσταται
3220 919 3359 993 πρὸς
3389 921 3450 974 τὸ
3483 919 3700 976 ἐναντίον
3724 941 3736 954 ο

2116 1007 2374 1064 οὐδέποτε
2422 1009 2523 1086 γὰρ
2579 1010 2642 1064 τὸ
2698 1013 2804 1083 πῦρ
2865 1007 3010 1082 ὕδωρ
3069 1007 3298 1084 γίνεται,
3332 1006 3457 1064 οὐδὲ
3510 1011 3566 1064 τὸ
3611 1007 3735 1083 ὕδωρ

2116 1102 2247 1174 πῦρ.
2282 1098 2346 1154 Ei"
2390 1095 2447 1153 δὲ
2493 1099 2584 1152 καὶ
2636 1097 2943 1152 συνέλθοιεν
2988 1098 3125 1152 κατά
3152 1099 3252 1167 τὴν
3283 1102 3380 1152 τοῦ
3426 1096 3741 1173 δημιουργοῦ

2117 1186 2384 1257 κέλευσιν,
2438 1187 2582 1260 μένει
2630 1184 2853 1242 ἕκαστον
2915 1187 3118 1254 αὐτῶν,
3175 1188 3347 1257 σῶζον
3405 1187 3504 1257 τήν
3559 1187 3739 1242 οίκείαν

2121 1274 2391 1345 ἰδιότητα.

2191 1366 2291 1420 Καὶ
2319 1366 2413 1427 τὰς
2444 1364 2757 1439 ἀναλογίας.
2790 1363 3109 1440 Ἀναλογίας
3142 1364 3276 1440 φησὶ
3305 1364 3401 1427 τὰς
3435 1363 3741 1438 ἀρμοδιότη-

2117 1476 2212 1517 τας
2245 1455 2472 1524 ἑκάστης
2504 1454 2713 1532 φύσεως
2741 1454 2829 1508 καὶ
2864 1452 3224 1529 συμμετρίας.

2193 1543 2307 1600 Οὐκ
2335 1542 2440 1597 ἀπὸ
2471 1547 2697 1600 σκοποῦ.
2726 1541 3010 1598 Τουτέστιν
3046 1541 3146 1597 οὐκ
3177 1536 3279 1612 ἔξω
3309 1545 3405 1597 τοῦ
3437 1542 3636 1596 σκοποῦ
3660 1547 3746 1609 τῆς

2125 1638 2364 1707 Γραφῆς.

2192 1717 2592 1794 Ὑπερείδουσα.
2621 1717 3110 1794 Ὑποστηρίζουσα.

2193 1904 2306 1954 Τῶν
2349 1893 2782 1971 λελωϐημένων.
2815 1891 3242 1969 Βεϐλαμμένων,
3288 1900 3396 1951 τῶν
3446 1891 3632 1967 λώϐην
3667 1897 3744 1951 καὶ

2125 1988 2419 2064 ἀχρείωσιν
2454 1985 2878 2063 προξενούντων.

2198 2078 2296 2132 Καὶ
2344 2082 2489 2130 πᾶσα
2553 2075 2837 2145 ἀνισότης.
2896 2073 3020 2148 Οὐχ
3059 2071 3249 2135 ἁπλῶς
3302 2095 3437 2148 φησι
3505 2075 3600 2143 τὴν
3644 2073 3748 2127 ἀνι-

2126 2165 2330 2236 σὸτητα
2377 2164 2656 2239 ἐξορίζειν,
2688 2163 2814 2219 ἀλλ’
2845 2163 2896 2217 ἐν
2938 2169 3057 2226 τοῖς
3107 2165 3223 2218 καθ’
3249 2159 3498 2232 ἕκαστον,
3529 2161 3750 2218 τουτέστι

2123 2256 2186 2310 τὸ
2235 2255 2309 2328 μὴ
2364 2252 2491 2315 ἴσως
2553 2253 2642 2307 καὶ
2689 2251 2899 2324 ὁμοίως
2948 2249 3174 2306 ἕκαστον
3223 2256 3330 2306 τῶν
3359 2245 3655 2326 γεγονότων
3705 2249 3749 2305 ἐν

2123 2343 2415 2412 ταυτότητι
2445 2345 2513 2415 τῇ
2539 2340 2675 2395 κατά
2721 2339 2878 2418 φύσιν
2925 2337 3224 2413 διαμένειν·
3265 2337 3350 2394 διὸ
3395 2341 3489 2394 καὶ
3535 2340 3594 2394 τὸ
3637 2340 3754 2394 κατά

2127 2431 2374 2506 στέρησιν
2408 2429 2765 2505 προσέθηκεν,
2797 2429 2911 2482 ἐπεὶ
2942 2429 3080 2484 κατὰ
3107 2430 3170 2483 τὸ
3206 2427 3482 2506 ἀδιάφορα
3529 2430 3654 2483 εἶναι
3699 2427 3754 2480 τὰ

2127 2517 2254 2574 ὅντα
2282 2519 2373 2573 καὶ
2399 2520 2555 2574 ἄνισα
2583 2521 2618 2587 ἡ
2648 2517 2897 2588 ἀνισότης
2928 2518 3032 2572 οὐκ
3055 2512 3400 2572 ἐκϐάλλεται.

2199 2611 2316 2676 Τῆς
2373 2606 2425 2661 ἐν
2483 2606 2666 2669 αὐτοῖς
2726 2606 2971 2668 ἑκάστοις
3032 2605 3307 2676 ἰσότητος.
3369 2604 3477 2659 Δύο
3542 2604 3756 2680 τρόπους

2126 2697 2244 2751 καθ’
2273 2694 2364 2756 οὒς
2419 2695 2674 2764 ἀνισότης
2734 2693 2952 2769 λέγεται
2998 2691 3178 2762 εἰδώς,
3239 2692 3366 2755 τοὺς
3414 2691 3515 2748 δύο
3565 2697 3754 2769 τρανοῖ,

2127 2784 2216 2839 καί
2247 2806 2434 2862 φησιν,
2468 2782 2550 2837 ὅτι
2583 2781 2896 2854 δικαιοσύνη
2929 2783 3064 2838 κατά
3109 2787 3271 2838 τοῦτο
3321 2781 3539 2856 λέγεται
3566 2783 3592 2836 ὁ
3621 2782 3754 2847 Θεὸς,

2127 2875 2244 2927 καθ⁸
2286 2874 2314 2927 ’ὁ
2361 2872 2450 2926 καὶ
2501 2873 2600 2938 τὴν
2657 2871 2882 2941 ἰσότητα
2926 2869 3141 2926 πάντων
3192 2869 3500 2946 ἐπιμετρεῖ,
3531 2871 3618 2926 καὶ
3671 2869 3756 2936 τὴν

2128 2960 2424 3030 ἀνισότητα
2480 2961 2693 3014 πάντων
2745 2959 2989 3032 ἐξορίζει.
3036 2959 3359 3028 Ἀνισότητα
3407 2958 3469 3014 δὲ
3513 2964 3600 3014 νῦν
3643 2977 3757 3034 φησι

2127 3051 2226 3118 τὴν
2267 3050 2403 3104 κατά
2446 3051 2695 3124 στέρησιν
2742 3056 2842 3118 τῆς
2889 3049 3139 3119 ἰσότητος
3169 3045 3593 3121 συμϐαίνουσαν,
3620 3067 3758 3103 τουτ-

373 3139 537 3194 tiam.
559 3138 702 3192 Nam
723 3135 970 3205 singulis
987 3149 1090 3204 pro
1105 3133 1309 3187 merito
1327 3131 1627 3202 aequaliter
1643 3131 2014 3199 distribuere,

2139 3138 2241 3194 ἐστι
2295 3140 2394 3207 τήν
2452 3136 2766 3207 πλεονεξίαν
2803 3157 2816 3169 ο
2848 3138 2912 3192 τὸ
2956 3139 3058 3212 γὰρ
3111 3137 3238 3200 ἴσως
3292 3136 3478 3210 νέμειν
3539 3137 3763 3195 ἑκάστοις

374 3229 483 3283 hoc
511 3226 768 3282 continet
798 3222 994 3279 omnia
1026 3229 1082 3277 et
1121 3226 1444 3276 conservat.
1496 3221 1600 3275 His
1647 3221 1839 3288 dictis,
1879 3221 2022 3276 alte~

377 3333 506 3372 rum
535 3329 768 3386 quoque
800 3312 1040 3367 modum
1085 3310 1403 3365 secundum
1437 3325 1609 3379 quem
1660 3309 2022 3380 inmqualilas

378 3405 596 3460 dicitur
623 3403 807 3459 affert.
840 3400 1011 3456 Novit
1041 3399 1197 3454 enim
1238 3399 1488 3470 aliquos,
1537 3397 1944 3469 intelligibiles
1966 3402 2024 3453 et

378 3494 755 3565 incorporeas
814 3491 1055 3555 formas,
1113 3504 1178 3543 ac
1223 3488 1412 3558 prima
1460 3503 1655 3542 rerum
1710 3487 2023 3558 principia,

378 3579 794 3650 immortalem,
827 3579 1095 3649 inquam,
1131 3576 1508 3642 creationem,
1542 3575 1820 3640 unitates,
1844 3575 1901 3629 id
1933 3580 2024 3630 est

379 3671 664 3728 essentias
681 3668 999 3740 simplices,
1022 3665 1357 3721 nominasse
1373 3663 1762 3737 aequalitatem
1788 3669 1845 3719 et
1869 3664 2025 3719 iden-

378 3761 604 3817 titatem
641 3780 656 3822 ;
685 3756 927 3816 sensilia
957 3773 1089 3811 vero
1113 3772 1239 3826 quae
1262 3755 1439 3810 etiam
1465 3753 1783 3809 divisibilia
1813 3757 1953 3808 sunt
1969 3757 2026 3807 et

379 3849 687 3905 mutabilia
718 3853 776 3903 et
805 3843 1153 3909 differentia,
1172 3848 1230 3899 et
1251 3844 1604 3915 quandoque
1622 3841 1792 3898 aliter
1808 3841 2026 3897 haben-

379 3941 480 4005 tia,
523 3953 760 3992 vocasse
802 3932 1262 4004 inaequalitatem
1302 3937 1358 3987 et
1406 3931 1829 3987 diversitatem.
1877 3929 2027 3985 Dicit

376 4027 596 4096 igitur:
623 4024 740 4078 Etsi
773 4024 984 4092 aliquis
1018 4023 1165 4076 hanc
1188 4021 1646 4092 inaqualitatem
1677 4019 2028 4076 intellexerit

379 4112 770 4168 differentiam
803 4109 1113 4165 sensilium
1144 4111 1201 4163 in
1222 4111 1579 4179 formis,qua
1602 4109 1942 4163 animalium
1971 4112 2028 4163 et

381 4203 739 4275 plantarum,
755 4198 1649 4269 reliquorumquegenerationes
1668 4198 2022 4266 subsistunt,

384 4293 558 4360 hujus
579 4296 777 4345 tamen
809 4287 984 4344 etiam
1021 4285 1440 4356 inaequalitatis
1462 4287 1616 4342 Deus
1647 4291 1736 4341 est
1757 4291 1954 4340 custos
1971 4290 2027 4340 et

385 4383 696 4454 protector,
731 4394 846 4432 non
880 4374 1223 4447 permittens
1267 4375 1558 4430 contraria
1595 4375 1654 4429 in
1709 4392 1822 4430 uno
1863 4391 2026 4429 com-

2130 3229 2197 3283 τὰ
2249 3233 2363 3282 κατ’
2419 3226 2588 3299 ἀξίαν,
2635 3230 2797 3280 τοῦτο
2876 3232 3162 3301 συγκρατεῖ
3219 3228 3393 3282 πάντα
3451 3227 3545 3282 καὶ
3598 3225 3761 3294 σώζει.

2135 3319 2318 3372 Ταῦτα
2376 3317 2573 3392 φήσας,
2606 3313 2845 3390 ἐπιφέρει
2905 3314 2995 3368 καὶ
3053 3319 3145 3368 τὸν
3188 3311 3370 3388 ἕτερον
3400 3315 3632 3389 τρόπον,
3661 3312 3762 3367 καθ’

2133 3404 2190 3457 ’ὸν
2250 3401 2503 3472 ἀνισότης
2569 3399 2800 3476 λέγεται.
2856 3402 2953 3456 Καὶ
3010 3402 3112 3476 γὰρ
3172 3399 3283 3456 οἶδέ
3329 3423 3510 3470 τινας,
3555 3402 3620 3458 τὰ
3677 3400 3760 3472 μὲν

2132 3492 2302 3561 νοητά
2349 3490 2438 3544 καὶ
2488 3490 2752 3562 ἀσώματα
2783 3487 2926 3558 εἷ’δη,
2958 3489 3047 3544 καὶ
3077 3490 3172 3553 τὰς
3199 3489 3418 3564 πρώτας
3451 3495 3562 3545 τῶν
3613 3486 3764 3543 ὄντων

2133 3579 2330 3655 ἀρχὰς,
2359 3578 2503 3653 φημὶ
2536 3575 2602 3647 δὴ
2645 3580 2744 3648 τὴν
2791 3579 3048 3642 ἀθάνατον
3103 3576 3492 3655 δημιουργίαν,
3521 3580 3615 3640 τάς
3663 3577 3768 3630 ἑνά-

2134 3667 2250 3739 δας,
2301 3668 2546 3723 τουτέστι
2596 3669 2692 3729 τας
2739 3667 2913 3731 ἁπλᾶς
2963 3666 3173 3736 οὐσίας,
3210 3667 3436 3738 ἰσότητα
3467 3669 3559 3723 καὶ
3588 3667 3766 3722 ταυτό-

2131 3778 2269 3828 τητα
2327 3757 2694 3829 ὀνομάσαντας
2730 3777 2742 3790 ’
2789 3756 2855 3810 τὰ
2911 3753 2968 3810 δὲ
3023 3756 3278 3827 αἰσθητὰ,
3334 3755 3367 3810 ἃ
3411 3757 3506 3812 καὶ
3563 3753 3770 3830 μεριστά

2134 3846 2259 3914 είσι,
2285 3844 2450 3900 καὶέν
2478 3839 2782 3918 μεταϐολῇ,
2813 3844 2905 3899 καὶ
2937 3841 3190 3921 διαφορᾷ,
3220 3844 3308 3899 καὶ
3337 3842 3545 3900 ἄλλοτε
3599 3841 3770 3901 ἄλλως

2133 3930 2351 4010 ἔχοντα,
2398 3933 2689 4003 ἀνισότητα
2735 3933 2826 3987 καὶ
2877 3933 3170 4003 ἑτερότητα
3218 3933 3578 3995 καλέσαντας.
3630 3933 3771 4005 Λέγει

2135 4023 2249 4092 οὗν,
2282 4021 2387 4090 ὅτι,
2420 4020 2514 4076 κᾶν
2568 4021 2767 4091 ταύτην
2815 4022 2914 4090 τήν
2966 4021 3260 4092 ἀνισότητα
3306 4023 3482 4097 νοήσῃ
3529 4043 3638 4091 τις,
3684 4021 3773 4088 τήν

2132 4117 2239 4166 τῶν
2271 4111 2546 4180 αἰσθητῶν
2574 4111 2648 4171 εἰς
2679 4107 2798 4181 εἶ’δη
2831 4107 3115 4187 διαφορὰν,
3149 4107 3220 4164 δι’
3248 4113 3314 4180 ἧς
3361 4112 3415 4164 αἱ
3456 4111 3568 4166 τῶν
3605 4109 3770 4178 ζώων,

2133 4201 2222 4256 καὶ
2280 4204 2386 4254 τῶν
2443 4203 2648 4272 φυτῶν,
2697 4198 2788 4253 καὶ
2842 4203 2948 4253 τῶν
2998 4199 3120 4269 ἑξῆς
3161 4200 3392 4273 γενέσεις
3445 4199 3778 4276 ὑφίστανται,

2134 4285 2281 4344 ἀλλά
2333 4288 2422 4342 καὶ
2477 4287 2678 4357 ταύτης
2731 4293 2831 4356 τῆς
2881 4287 3199 4358 ἀνισότητος
3232 4289 3260 4342 ὁ
3291 4289 3419 4348 Θεὸς
3469 4286 3648 4365 φύλαξ
3693 4285 3774 4339 καὶ

2135 4377 2370 4454 φρουρός
2417 4375 2550 4442 ἐστι,
2606 4377 2680 4448 μή
2731 4374 2830 4430 ἐῶν
2880 4376 2948 4430 τὰ
2993 4375 3207 4431 ἐναντία
3255 4374 3329 4438 εἷς
3371 4375 3425 4430 ἓν
3478 4379 3525 4414 ἠ
3582 4395 3782 4448 συμμι-

385 4467 638 4535 misceri,
671 4471 728 4522 et
757 4465 1095 4520 mistionem
1129 4463 1538 4518 concurrentia
1587 4463 1643 4518 in
1697 4463 2018 4535 corruptio-

2141 4469 2360 4541 χθῆναι,
2392 4464 2481 4519 καὶ
2513 4462 2884 4539 συνδραμόντα
2913 4463 3000 4519 ’διά
3024 4471 3124 4535 τῆς
3153 4466 3432 4542 φυράσεως
3463 4468 3512 4501 ⁷³
3543 4465 3623 4526 εἷς
3659 4465 3781 4540 φθο-

386 4575 520 4614 nem
559 4555 774 4611 venire.
820 4553 894 4609 Ut
933 4552 1087 4607 enim
1145 4551 1342 4606 omnia
1382 4551 1678 4622 produxit,
1720 4553 1803 4607 sic
1852 4554 2029 4611 etiam

386 4649 514 4721 ipsa
544 4649 875 4707 conservat,
900 4647 956 4697 et
988 4645 1128 4695 sunt
1167 4640 1320 4695 sicut
1351 4657 1384 4695 a
1435 4641 1720 4712 principio
1772 4644 2029 4700 fuerunt.

464 4734 905 4806 Inmqualitatem
926 4731 1096 4785 enim.
1142 4729 1287 4785 Nota
1316 4745 1451 4784 eum
1501 4730 1690 4786 dicere
1730 4732 2029 4804 inaequali-

386 4832 588 4890 tatem,
621 4822 887 4878 omnium
922 4820 979 4874 in
1014 4824 1137 4874 toto
1162 4819 1313 4873 inter
1342 4835 1403 4873 se
1426 4819 1915 4890 diversitatem,et
1933 4823 2030 4878 Dei

375 4914 673 4987 justitiam
697 4909 986 4981 ejusmodi
1023 4907 1476 4978 inaequalitatem
1498 4925 1861 4966 conservare.
1885 4911 2033 4967 Nota

382 5007 580 5070 etiam,
606 5017 734 5057 esse
767 4999 1098 5054 naturalem
1129 4995 1602 5067 inaequalitatem.

1007 5175 1082 5230 IN
1126 5177 1278 5232 CAP.
1323 5175 1409 5232 lX.

383 5291 486 5356 §I.
566 5288 770 5342 Horum
824 5283 1138 5339 divinorum
1210 5283 1522 5338 nominum.
1590 5283 2033 5356 Sapientissime

2141 4557 2234 4632 ραν
2288 4553 2486 4618 ἐλθεῖν.
2519 4555 2606 4614 Ὠς
2644 4553 2744 4629 γὰρ
2793 4555 3076 4628 παρήγαγε
3119 4552 3314 4622 πάντα,
3348 4552 3495 4608 οὕτω
3540 4554 3784 4626 συντηρεῖ

2141 4645 2294 4713 αὐτὰ,
2327 4644 2414 4697 καὶ
2449 4641 2581 4696 εἰσὶν
2607 4643 2680 4703 ὠς
2713 4641 2764 4712 ἐξ
2794 4643 2975 4717 ἀρχῆς
3009 4641 3276 4716 ἐγένοντο.

2211 4733 2316 4800 Τὴν
2361 4731 2461 4806 γὰρ
2495 4731 2806 4800 ἀνισότητα.
2842 4731 3184 4804 Σημείωσαι,
3217 4731 3300 4786 ὅτι
3347 4732 3447 4800 τήν
3505 4727 3788 4800 ἀνισότητὰ

2142 4843 2272 4900 φησι
2303 4820 2392 4875 καὶ
2418 4821 2516 4889 τήν
2548 4819 2599 4874 έν
2630 4824 2711 4891 τῷ
2742 4817 2858 4885 ὅλῳ
2885 4820 3022 4894 πρὸς
3055 4818 3158 4875 ὅλα
3189 4817 3447 4896 διαφορὰν
3481 4825 3596 4874 τῶν
3631 4817 3786 4883 ὅλων,

2140 4913 2229 4966 καὶ
2277 4910 2359 4965 ὅτι
2404 4911 2504 4977 τὴν
2543 4907 2801 4978 τοιαύτην
2852 4909 3150 4977 ἀνισότητα
3195 4911 3230 4978 ἡ
3279 4914 3376 4964 τοῦ
3418 4913 3560 4964 Θεοῦ
3595 4906 3790 4962 δικαιο-

2142 4999 2275 5069 σύνη
2335 5003 2580 5076 φρουρεῖ.
2636 4996 2952 5069 Σημείωσαι
3013 4993 3090 5068 δὲ,
3147 4995 3228 5050 ὅτι
3289 4995 3397 5051 ἐστι
3446 4996 3545 5050 καὶ
3602 4993 3790 5070 φυσικὴ

2140 5087 2418 5159 ἀνισότης.

2632 5176 2748 5231 ΕΙΣ
2788 5174 2880 5231 ΤΟ
2919 5178 3184 5230 ΚΕΦΑΛ.
3225 5179 3298 5230 Θ’.

2212 5289 2239 5355 §
2269 5287 2311 5341 Ι.
2344 5282 2568 5340 Τούτων
2595 5285 2704 5336 τῶν
2723 5281 3099 5354 θεωνυμικῶν.
3136 5280 3435 5358 Σοφώτατά
3475 5302 3618 5359 φησι
3667 5281 3792 5333 θεω-

1413 5461 1650 5520 VARI/E
1688 5464 2080 5526 LECTIONES
2121 5465 2210 5522 ET
2248 5460 2754 5520 CORECTIONES.

457 5564 500 5599 τί
533 5559 881 5632 συναχθέντα.
958 5558 1004 5591 ⁷2
1035 5555 1267 5633 φύσεως.
