4024 6200
296 400 392 455 369

1029 409 1085 460 S.
1131 409 1399 465 MAXIMI
1437 413 1744 468 SCHOLIA
1780 415 1855 468 IN
1893 415 2026 467 LIB.
2070 416 2164 468 DE
2199 418 2470 471 DIVINIS
2507 418 2922 475 NOMINIBUS.

3573 421 3677 476 370

293 525 514 614 vuptxibv
545 521 899 598 ἀγαλμάτων,
932 525 981 598 ἐξ
1014 526 1296 600 Ἑλλήνων
1329 531 1416 586 ἐπὶ
1435 534 1496 588 τὸ
1527 532 1729 604 ἀληθὲς
1755 556 1871 607 μετς

1987 595 1994 604 ,
2026 535 2167 592 dicit
2197 537 2527 595 divinorum
2561 542 2868 597 nominum
2903 541 3092 613 signa,
3124 559 3193 598 ex
3237 544 3551 614 gentilibus
3601 548 3673 602 ad

291 631 410 688 γων·
443 610 633 666 ἐκεῖνοι
663 613 766 688 γὰρ
801 615 890 668 οἷά
925 636 1075 680 τινας
1121 616 1433 693 ἀνδριάντας
1475 621 1716 692 ἐποίουν,
1777 626 1871 696 μήπ

2025 628 2331 683 veritatem
2395 630 2741 698 traducens;
2792 630 2874 685 illi
2934 610 3092 686 enim
3151 610 3434 702 quasdam
3494 635 3673 690 veluti

290 707 462 774 χεῖρας
497 703 634 773 μήτε
655 700 824 764 πόδας
846 699 1098 778 ἔχοντας,
1123 707 1214 769 οὕς
1245 710 1446 783 Ἑρμᾶς
1476 710 1726 766 ἐκάλουν·
1761 711 1911 768 έποί·

289 810 367 842 ουν
395 785 446 842 δὲ
476 790 668 850 αὐτοὺς
700 787 974 855 διακένους
998 794 1161 870 θύρας
1184 792 1434 871 ἔχοντας,
1454 801 1690 874 καθάπερ
1716 823 1911 877 τοιχο-

283 878 607 953 πυργίσκους.
635 885 872 943 ’Έσωθεν
895 881 984 936 οῦν
1018 884 1195 939 αὐτῶν
1227 885 1459 943 ἐτίθεσαν
1489 889 1799 964 ἀγάλματα,
1833 892 1906 944 ὧν

283 961 445 1020 ἔσεϐον
503 972 659 1038 θεῶν,
730 965 918 1039 ἔξωθεν
1001 970 1060 1026 δὶ
1126 974 1412 1032 ἀπέκλειον
1488 978 1614 1041 τοὺς
1682 981 1904 1054 Ἑρμᾶς·

281 1055 534 1131 ἐφαίνοντο
566 1055 656 1111 οὖν
691 1058 742 1111 οἱ
790 1060 992 1132 Ἑρμαῖ
1033 1061 1290 1137 εὐτελεῖς,
1339 1063 1537 1131 ἔσωθεν
1586 1066 1644 1122 δὲ
1696 1069 1902 1124 τούτων

2025 719 2250 771 statuas
2287 717 2597 785 faciebant,
2632 735 2818 789 neque
2851 736 3086 784 manus,
3122 737 3309 790 neque
3340 723 3514 790 pedes
3569 723 3670 776 ha-

2023 803 2250 874 bentes,
2286 822 2435 877 quas
2467 810 2707 862 Hermas
2756 808 3070 876 vocabant;
3134 808 3427 863 faciebant
3473 816 3670 866 autem

2019 909 2118 948 eas
2149 911 2366 950 vacuas
2416 897 2568 952 fores
2622 896 2926 963 habentes,
2987 903 3263 968 tanquam
3317 899 3470 954 202
3503 916 3669 954 arcas

2023 983 2262 1038 turzitas
2295 984 2351 1039 in
2387 1001 2575 1039 muro.
2611 988 2769 1040 Intra
2794 986 2953 1057 ipsas
2986 987 3282 1057 ponebant
3312 987 3484 1058 signa
3533 989 3669 1044 deo-

2015 1087 2146 1126 rum
2182 1089 2332 1144 quos
2373 1074 2661 1140 colebant,
2708 1080 2869 1129 extra
2911 1090 3044 1129 vero
3095 1075 3477 1130 includebant
3527 1077 3666 1132 Her-

280 1148 397 1205 θεῶν
426 1145 594 1199 αὐτῶν
628 1146 1064 1221 καλλωπισμοὺς
1095 1154 1272 1227 εἶχον.
1317 1155 1504 1219 Οὕτως
1543 1155 1635 1211 οῦν
1673 1159 1871 1212 κάνταῦ

2015 1176 2163 1215 mas.
2219 1163 2422 1233 Itaque
2471 1163 2695 1218 Hermae
2743 1162 2887 1218 viles
2936 1166 3318 1234 apparebant,
3355 1165 3508 1220 intra
3555 1165 3662 1223 hos

275 1234 330 1286 θα
354 1236 578 1304 νοήσεις,
605 1236 674 1290 τὰ
707 1237 800 1308 μὲν
833 1238 956 1314 περὶ
986 1244 1084 1294 τοῦ
1128 1238 1282 1304 ὄντος
1333 1245 1421 1298 καί
1472 1245 1738 1315 ἀληθινοῦ
1769 1252 1901 1302 Θεοῦ

277 1321 423 1410 μόνου
471 1319 523 1375 έν
569 1327 639 1396 τῇ
693 1330 882 1400 Γραφῇ
933 1326 1173 1401 ὀνόματα
1201 1330 1390 1401 ἀνάξια
1421 1335 1705 1410 εἶναιπερὶ
1764 1340 1898 1390 Θεοῦ

272 1407 537 1483 λεγόμενα,
590 1413 667 1476 ὡς
719 1414 782 1468 τὸ
835 1416 1050 1489 μικρὸν,
1101 1420 1187 1473 καὶ
1239 1421 1302 1474 τὸ
1346 1423 1633 1492 καθῆσθαι,
1689 1425 1779 1480 καὶ
1831 1427 1898 1479 τὰ

269 1496 396 1566 ἑξῆς·
424 1500 866 1575 ἀναπτυσσόμενα
897 1501 953 1558 δέ
1000 1505 1067 1561 τὰ
1101 1507 1364 1581 ὀνόματα,
1421 1511 1510 1565 καὶ
1543 1512 1702 1582 ἀξίως
1761 1518 1894 1568 Θεοῦ

267 1585 676 1660 ἐρμηνευόμενα,
707 1586 929 1665 ἔχουσιν
979 1592 1175 1650 ἔσωθεν
1205 1598 1272 1651 τὰ
1301 1597 1593 1674 ἀγάλματα
1623 1603 1709 1656 xui
1764 1603 1891 1666 τοὺς

266 1676 418 1738 Θείους
445 1676 651 1741 τύπους
679 1683 782 1744 τῆς
808 1681 932 1754 περὶ
965 1688 1100 1738 Θεοῦ
1131 1681 1312 1758 δόξης.

324 1855 497 1930 Μέγας
536 1859 632 1912 οὗν
691 1861 720 1914 6
769 1862 896 1923 Θεὸς
953 1861 1004 1916 έν
1057 1870 1176 1927 τοῖς
1232 1867 1451 1943 Λογίοις
1483 1870 1749 1942 ὑμνεῖται.
1809 1872 1886 1928 Οὐ

262 1944 378 2018 πρὸς
442 1946 857 2023 ἀντιπαράθεσιν
935 1952 962 2005 6
1039 1953 1167 2016 Θεὸς
1246 1955 1408 2031 μέγας
1482 1958 1642 2035 φησὶν
1699 1960 1882 2034 ἑτέρου

260 2031 431 2125 dion-29‘
463 2036 591 2109 βοῦς
645 2037 842 2110 μείζων
893 2035 1211 2114 προϐάτου,
1267 2047 1300 2114 ἡ
1360 2031 1569 2120 κύαμος
1617 2031 1878 2125 κέγχρου·

256 2119 383 2176 ἀλλᾶ
412 2119 495 2177 διὰ
521 2125 585 2178 τὸ
616 2125 952 2201 ἀπαράθετον
996 2131 1086 2184 καὶ
1131 2128 1302 2195 ὅντως
1341 2119 1882 2208 ἀκατάληπτονῃτῆς

254 2209 378 2298 θείας
425 2212 872 2288 μεγαλειότητος·
930 2222 1092 2274 τοῦτο
1140 2221 1246 2296 γὰρ
1294 2222 1529 2296 έσήμανε
1585 2226 1647 2280 τὸ
1702 2225 1874 2298 ἰδίως,

251 2295 393 2371 ἤγουν
428 2298 678 2371 ἰδιότητα
711 2303 878 2359 εῗπών
889 2348 900 2361 .

304 2390 326 2455 §
379 2390 443 2444 ΙΙ.
519 2393 708 2466 Μέγας
789 2394 883 2466 μὲν
952 2396 1042 2450 οὗν
1119 2398 1146 2452 6
1205 2399 1336 2462 Θεὸς
1398 2401 1748 2475 ὀνομάζεται.
1808 2407 1872 2460 Εἰ
1927 2439 1934 2447 -

244 2475 317 2527 καὶ
368 2477 653 2551 ἒρμηνεύει
709 2486 818 2536 τῶν
880 2483 963 2539 ἐπὶ
1027 2491 1161 2540 Θεοῦ
1218 2493 1716 2566 κατηγορουμένων
1774 2496 1870 2557 τὰς

243 2566 616 2658 προσηγορίας,
696 2567 825 2625 ἀλλ’
902 2572 1104 2648 ἀνάγκη
1181 2582 1476 2651 Γραφικαῖς
1554 2583 1872 2658 μαρτυρίαις

242 2651 418 2716 ταύτας
465 2658 761 2731 τρανῶσαι.
810 2659 989 2735 Μέγας
1039 2665 1132 2736 μὲν
1167 2666 1256 2719 οὗν
1316 2666 1547 2742 εἷ’ρηται,
1608 2669 1731 2735 ἔνθα
1780 2677 1868 2748 γέ-

242 2760 491 2836 γραπταιἶ
549 2746 741 2820 Μέγας
801 2749 830 2802 6
888 2750 1087 2824 Κύριος
1146 2755 1353 2827 ἡμῶν,
1412 2757 1502 2811 καὶ
1566 2746 1866 2836 μεγάληήὴ

241 2828 383 2923 ἰσχὺς
435 2832 626 2923 αῦτοῦ,
686 2835 776 2890 xui
827 2837 925 2892 ὅσα
971 2845 1194 2896 τοιαῦτα
1242 2842 1294 2899 ἐν
1331 2849 1400 2918 τῇ
1432 2828 1656 2923 Γραερῇί
1689 2859 1752 2904 τὸ
1812 2828 1870 2906 δέ

243 2918 356 3009 εἶναι
547 2925 770 2996 μικρὸς,
823 2923 1086 2996 δηλοῦται
1147 2929 1198 2985 ἐν
1255 2936 1323 3007 τῇ
1375 2918 1534 3009 τρίτῃ
1556 2918 1671 2991 ’τῶν
1705 2941 1867 2995 Βασι-

245 3002 408 3101 λειῶ-ν,
453 3006 580 3101 ἔνθα
631 3014 763 3101 (ρησὶ
808 3015 946 3089 πρὸς
996 3016 1189 3074 Ἠλίαν
1235 3002 1325 3075 τὸν
1367 3002 1678 3101 προφητην·
1726 3025 1865 3085 Ἰδοὺ

240 3097 374 3192 ιξωνή
419 3095 585 3192 αὔρας
643 3099 870 3192 λεπτῆς,
924 3106 1012 3160 καὶ
1075 3106 1184 3162 ἐκεῖ
1241 3095 1440 3185 Κύριος
1475 3095 1500 3146 ’-
1544 3111 1712 3186 δηλοῖ
1761 3119 1863 3192 γὰρ

243 3182 305 3244 ὡς
357 3187 750 3263 περιεχόμενον
780 3191 938 3247 αὐτὸν
995 3195 1099 3249 ὑπὸ
1128 3205 1227 3266 τῆς
1260 3182 1444 3274 αὔρας,
1497 3201 1528 3256 6'
1583 3182 1693 3258 έστι

2010 1265 2144 1304 vero
2177 1251 2389 1306 decora
2419 1252 2660 1307 deorum
2706 1269 2948 1307 suorum
2993 1251 3308 1308 habebant.
3343 1254 3436 1307 Sic
3480 1254 3662 1327 igitur

2009 1337 2102 1392 hic
2137 1338 2448 1411 intelliges,
2505 1341 2748 1396 nomina
2773 1357 2904 1412 qua
2948 1341 3007 1395 in
3039 1342 3340 1412 Scriptura
3387 1358 3557 1397 sacra
3587 1344 3658 1399 de

2007 1442 2074 1481 eo
2105 1429 2204 1498 qui
2237 1433 2344 1498 est,
2379 1434 2436 1484 et
2465 1430 2587 1484 solo
2618 1445 2752 1484 vero
2785 1430 2900 1485 Deo
2931 1430 3228 1495 dicuntur,
3262 1430 3503 1502 indigna
3524 1448 3655 1487 esse

2006 1531 2131 1586 quae
2164 1517 2234 1571 de
2263 1516 2377 1572 Deo
2409 1517 2708 1584 dicantur,
2739 1523 2804 1572 ut
2821 1535 3089 1588 parvum,
3111 1522 3168 1572 et
3191 1519 3417 1584 sedere,
3440 1522 3497 1574 et
3517 1536 3647 1590 quae

2002 1603 2298 1676 deinceps.
2332 1610 2473 1660 Cum
2520 1623 2653 1662 vero
2702 1607 2943 1662 nomina
2990 1605 3108 1661 ista
3153 1605 3541 1677 explicantur,
3597 1612 3654 1663 et

2001 1692 2175 1765 digne
2207 1694 2322 1749 Deo
2353 1700 2747 1766 exponuntur,
2780 1695 3081 1751 continent
3111 1695 3267 1751 intra
3308 1711 3371 1750 se
3395 1695 3562 1768 signa
3593 1703 3652 1753 et

1999 1781 2228 1838 divinas
2257 1783 2455 1855 gloria-3
2477 1784 2578 1839 Dei
2610 1784 2848 1856 ﬁguras.

2068 1872 2294 1940 Magnus
2314 1873 2531 1946 quidem
2569 1875 2712 1928 Deus
2749 1875 2808 1928 in
2832 1873 3132 1945 Scripturis
3155 1873 3436 1928 laudatur.
3464 1874 3642 1944 Deus,

1993 1960 2207 2032 inquit,
2239 1979 2353 2017 non
2405 1963 2623 2017 dicitur
2654 1979 2908 2035 magnus
2939 1980 3008 2018 ex
3036 1965 3471 2034 comparatione
3502 1981 3637 2020 cum

1991 2049 2192 2121 altero,
2223 2052 2372 2107 sicut
2403 2053 2506 2108 bos
2540 2054 2725 2123 major
2755 2070 2876 2124 ove,
2935 2058 3038 2108 aut
3095 2053 3228 2109 faba
3283 2054 3483 2121 milio;
3537 2055 3636 2109 sed

1989 2139 2129 2209 quia
2153 2140 2354 2196 divina
2404 2142 2747 2213 magnitudo
2799 2158 2904 2198 nec
2933 2143 3181 2198 conferri
3231 2159 3364 2198 cum
3414 2142 3630 2212 aliquo,

1988 2244 2092 2283 nec
2122 2246 2253 2285 vere
2284 2231 2700 2301 comprehendi
2731 2235 2943 2302 potest,
2975 2231 3086 2287 hoc
3131 2232 3288 2287 enim
3338 2232 3634 2303 signiﬁcat

1982 2315 2044 2369 τὸ
2079 2313 2235 2379 ἰδίως
2266 2335 2366 2374 seu
2403 2321 2815 2391 proprietatem
2849 2321 3119 2376 dicendo.

2054 2408 2081 2474 §
2112 2406 2178 2460 Il.
2212 2408 2286 2463 Ac
2313 2424 2548 2478 magnus
2575 2409 2797 2478 quidem
2825 2409 2964 2463 Deus
3001 2407 3338 2480 appellatur.
3373 2408 3441 2462 Et
3460 2407 3507 2462 si
3541 2407 3635 2460 in—

1983 2499 2339 2566 terpretetur
2367 2496 2792 2568 appellationes
2827 2512 3029 2552 eorum
3064 2514 3190 2568 quae
3214 2499 3286 2552 de
3306 2501 3418 2552 Deo
3440 2513 3632 2552 enun-

1981 2583 2228 2652 tiantur,
2261 2590 2458 2640 tamen
2488 2603 2726 2641 necesse
2765 2591 2853 2642 est
2900 2586 3254 2643 testimoniis
3313 2587 3632 2658 Scriptura:

1981 2675 2216 2729 easdem
2251 2674 2569 2731 declarare.
2602 2677 2826 2745 Magnus
2856 2675 3094 2747 quidem
3127 2677 3344 2730 dicitur
3373 2675 3470 2730 ubi
3494 2676 3630 2732 scri.

1979 2769 2144 2834 ptum
2169 2769 2260 2818 est
2290 2780 2304 2818 :
2336 2769 2567 2834 Magnus
2597 2765 2862 2820 Dominus
2887 2772 3090 2834 noster,
3123 2773 3176 2819 et
3212 2764 3406 2836 Magna
3456 2766 3632 2820 virtus

1977 2853 2096 2923 ejus
2113 2853 2290 2924 (u),et
2313 2870 2559 2924 quaeque
2582 2853 2869 2908 similiain
2892 2853 3228 2924 Scriptura:
3250 2855 3405 2926 quod
3435 2862 3630 2910 autem

1977 2941 2153 2996 etiam
2184 2959 2385 3012 parvus
2418 2942 2497 2997 sit
2527 2941 2861 2998 declaratur
2887 2942 2944 2997 in
2984 2943 3154 2998 tertio
3195 2944 3420 3014 Regum
3451 2944 3625 3014 (v-x),

1975 3030 2075 3084 ubi
2109 3030 2246 3085 dicit
2272 3031 2566 3102 prophetae
2590 3031 2725 3086 Eliae
2750 3046 2764 3086 :
2790 3033 2926 3087 Ecce
2977 3048 3084 3088 vos:
3133 3049 3293 3087 aurae
3335 3034 3539 3101 tenuis,
3573 3039 3628 3086 et

1973 3119 2096 3174 illic
2124 3120 2409 3175 Dominus.
2450 3120 2713 3176 Declarat
2742 3121 2896 3176 enim
2932 3122 3123 3192 ipsum
3157 3124 3313 3177 velut
3357 3137 3625 3194 compre-

1976 3209 2221 3263 hensum
2259 3209 2329 3263 ab
2357 3226 2521 3277 aura,
2547 3211 2700 3280 quod
2728 3215 2817 3266 est
2841 3210 3166 3280 [tenuitatis
3188 3214 3266 3280 et]
3297 3212 3622 3281 parvitatis.

237 3272 484 3342 πτότητος
511 3277 630 3350 καὶ]
661 3282 1055 3356 σμικρότητος·
1088 3286 1148 3339 τὸ
1187 3284 1244 3340 δὲ
1275 3272 1452 3356 αὖτὸς,
1487 3286 1633 3366 ἔχεις
1680 3272 1861 3348 ἐνταῦ-

1987 3298 2136 3362 Duod
2171 3313 2303 3352 vero
2335 3272 2726 3370 semperidem
2771 3272 2867 3366 sit,
2920 3299 3101 3353 habes
3145 3272 3266 3354 hoc.
3297 3272 3430 3354 loco
3467 3316 3478 3354 :
3515 3305 3624 3371 Ego

237 3362 500 3454 9a,:cuiév
557 3371 661 3439 τῷ,
723 3370 866 3444 Ἐγώ
899 3371 1033 3444 εἶμι,
1090 3376 1178 3429 καὶ
1233 3377 1331 3431 οὐκ
1386 3362 1725 3454 ἠλλοίωμαι.
1787 3386 1861 3440 Τὸ

237 3442 284 3502 δὶ
332 3448 528 3546 έτερον,
584 3455 677 3546 δῖε
732 3442 810 3530 τῷ
870 3442 1135 3530 Ἰεζεκιήλ
1168 3459 1323 3539 ὤφθη
1371 3442 1446 3531 ὥς
1476 3442 1755 3546 ἅνθρωπος
1805 3473 1860 3527 έγ

233 3538 381 3634 πυρὸς
423 3544 529 3634 καὶ.
567 3542 866 3619 ἠλέκτρου,
894 3550 980 3603 xui
1018 3538 1259 3625 ἑτέρωθι·
1293 3556 1359 3611 Oi
1392 3538 1668 3634 ὀφθαλμοὶ
1698 3561 1860 3616 αὐτοῦ

234 3624 298 3689 ὡς
320 3625 623 3722 λαμπάδες,
673 3635 761 3689 καὶ
813 3637 880 3691 τὰ
938 3638 1126 3694 λοιπά·
1186 3642 1260 3705 ὡς
1314 3624 1456 3707 εἶδος
1504 3624 1719 3722 χαλκοῦ
1771 3652 1859 3706 καὶ

229 3711 664 3812 κλιϐάνου,-ὅπερ
719 3727 885 3798 φησὶν
919 3729 1174 3800 Ἰωάννης
1207 3731 1259 3786 έν
1319 3711 1710 3812 Ἀποκάλύψει·
1769 3742 1858 3795 καὶ

231 3800 426 3905 ὅμοιος,
487 3808 580 3863 ὅτε
633 3813 752 3905 καθ’
782 3815 1084 3905 ὁμοιότητα
1115 3819 1278 3875 αὐτοῦ
1329 3821 1472 3898 λέγει
1504 3800 1856 3905 δημιουργεῖν

339 3893 982 3992 ἄνθρωποι-’Λῆμνος
1043 3904 1120 3973 δὲ,
1154 3908 1204 3963 ἐν
1263 3892 1476 3984 Ἠσαίᾳ,
1537 3892 1661 3970 δταν
1699 3892 1855 3992 λέγῃ·

231 3979 335 4081 Τίνι
369 4005 430 4056 με
461 3986 839 4081 ,ὡμοιώσατῂ
892 3992 1036 4069 λέγει
1097 3997 1314 4072 Κύριος,
1376 3979 1469 4056 ἁτε
1507 4001 1660 4060 οὐδὲν
1710 3979 1853 4081 ἔχων

227 4066 423 4168 ὅμοιον.
457 4077 567 4130 Καὶ
614 4076 783 4141 ἑστὼς
829 4081 918 4135 xui
956 4066 1207 4155 άκίνητος
1235 4086 1288 4142 έν
1318 4093 1398 4162 τῷ
1428 4089 1601 4168 λέγειν
1634 4066 1859 4150 Μωίῖσεῖ

228 4157 337 4256 ¹ιῖερὶ
381 4167 511 4256 τῆς,
545 4163 779 4256 πέτρας,
857 4167 982 4225 Ὧδε
1049 4171 1156 4245 ἐγὼ
1222 4157 1421 4247 ἕστηκα
1493 4157 1599 4256 ¹πρὸ
1655 4187 1750 4237 τοῦ
1799 4206 1855 4240 σε

228 4244 535 4338 εἶναιλέκεῖ,
593 4253 683 4307 xui
747 4257 815 4310 τὰ
887 4244 1096 4331 ὅμοιαί
1147 4244 1470 4338 Καθήμενος
1533 4244 1588 4324 δὲ
1642 4269 1768 4326 ἔνθα
1826 4275 1853 4328 6

226 4335 451 4428 1.349961,
484 4360 660 4428 φησι·
720 4343 794 4397 Σὺ
851 4349 1160 4420 καθήμενος
1215 4335 1318 4414 εἷς⁷
1350 4356 1441 4410 τὸν
1501 4359 1708 4428 αἰῶνα,
1763 4363 1852 4416 καὶ

223 4420 372 4490 ἡμεῖς
430 4427 810 4503 ἀπολλύμενοι
862 4434 938 4497 εἷς
989 4438 1081 4492 τὸν
1129 4440 1330 4496 αἴῶνα·
1388 4447 1476 4500 xui
1546 4420 1735 4506 πάλιν.
1794 4453 1854 4508 Ὀ

223 4513 517 4607 καθήμενος
604 4517 692 4573 ἐπὶ
747 4526 853 4576 τῶν
915 4523 1206 4601 χερουϐίμ.
1268 4534 1597 4607 Κινούμενος
1642 4535 1718 4604 δὲ,
1779 4541 1853 4603 ὡς

1970 3404 2094 3442 sum
2124 3396 2174 3442 et
2204 3403 2310 3441 non
2342 3387 2616 3459 mutor(y)
2641 3388 2796 3442 aliud
2821 3403 2978 3454 vero,
2997 3388 3233 3459 quando
3254 3386 3414 3443 visus
3439 3393 3528 3444 est
3550 3389 3620 3444 ab

1970 3476 2266 3531 Ezechiele
2301 3481 2583 3547 tanquam
2616 3477 2791 3531 homo
2821 3493 2888 3531 ex
2919 3477 3054 3548 igne
3083 3476 3297 3532 electro
3325 3478 3418 3548 (χ),
3453 3483 3510 3532 et
3543 3479 3619 3532 al-

1969 3564 2051 3619 ibi
2087 3582 2098 3618 :
2137 3565 2294 3620 Oculi
2321 3566 2436 3635 ejus
2470 3574 2736 3635 tanquam
2770 3564 3171 3635 lampadesta),
3203 3572 3260 3620 et
3281 3568 3535 3638 reliqua;
3562 3575 3622 3622 ut

1967 3655 2172 3724 species
2202 3655 2336 3710 aeris
2366 3658 2416 3708 et
2444 3653 2709 3724 fornacis,
2745 3655 2899 3724 quod
2928 3654 3009 3708 ait
3030 3654 3286 3708 Joannes
3314 3655 3369 3708 in
3393 3657 3614 3726 Apoca-

1967 3741 2116 3814 lypsi
2147 3743 2221 3812 (b)
2254 3746 2306 3796 et
2337 3743 2700 3810 similis,cum
2734 3742 2951 3796 dicitur
2982 3743 3309 3797 secundum
3343 3743 3615 3797 similitu-

1969 3831 2164 3885 dinem
2199 3847 2363 3885 suam
2397 3847 2624 3885 creasse
2650 3830 2945 3884 hominem
2971 3829 3275 3884 Dissimilis
3296 3837 3510 3897 autem,
3554 3831 3612 3885 in

1968 3921 2120 3974 Isaia
2149 3919 2242 3988 (ο),
2275 3920 2510 3990 quando
2537 3917 2699 3982 dicit,
2737 3919 2837 3974 Cui
2865 3919 3235 3988 assimilastis,
3267 3918 3400 3972 dicit
3423 3920 3612 3972 Domi-

1968 4024 2091 4076 nus,
2130 4013 2413 4078 tanquam
2461 4006 2692 4062 nullum
2726 4007 2952 4062 habens
3001 4007 3214 4062 simile.
3248 4008 3314 4061 Et
3341 4015 3516 4074 stans,
3558 4013 3615 4063 et

1966 4095 2296 4162 immobilis,
2329 4112 2460 4150 cum
2498 4096 2677 4167 Moysi
2712 4096 2782 4151 de
2811 4100 2975 4167 petra
3007 4095 3147 4151 dicit
3181 4112 3193 4151 :
3229 4097 3326 4150 Hic
3349 4112 3451 4166 ego
3489 4098 3618 4152 steti

1967 4189 2263 4256 antequam
2293 4194 2351 4240 tu
2379 4201 2521 4240 esses
2550 4185 2694 4254 illic,
2717 4190 2773 4240 et
2798 4185 3051 4253 similia;
3098 4185 3286 4241 sedens
3316 4202 3470 4252 vero,
3513 4185 3613 4239 ubi

1966 4274 2194 4330 Baruch
2217 4273 2454 4343 dicittd)
2488 4291 2500 4327 :
2536 4276 2607 4329 Tu
2637 4274 2784 4330 sedes
2816 4274 2878 4329 in
2906 4275 3190 4340 aeternum,
3225 4283 3275 4330 et
3318 4290 3421 4328 nos
3463 4276 3614 4344 peri-

1969 4363 2147 4418 bimus
2183 4363 2245 4417 in
2272 4378 2479 4424 aevum;
2505 4368 2562 4418 et
2590 4363 2802 4418 iterum
2832 4381 2844 4419 :
2867 4366 2982 4433 Qui
3027 4365 3174 4419 sedet
3219 4380 3391 4433 super
3415 4364 3612 4416 cheru-

1965 4451 2074 4506 bim
2097 4453 2167 4524 (e)
2196 4453 2364 4509 Motus
2392 4469 2548 4522 vero,
2569 4458 2634 4508 ut
2663 4453 2898 4524 quando
2932 4453 3074 4507 dicit
3105 4469 3118 4506 :
3150 4453 3213 4507 Et
3242 4451 3484 4505 ascendit
3512 4467 3609 4505 su-

1962 4557 2062 4612 per
2091 4541 2398 4607 cherubim,
2430 4551 2483 4596 et
2515 4542 2719 4597 volavit
2751 4542 2837 4611 (f),
2871 4557 2937 4595 ac
2968 4543 3176 4595 iterum
3204 4557 3217 4595 :
3249 4541 3447 4605 Venite,
3487 4540 3609 4594 des-

223 4596 338 4704 ὅταν
372 4601 521 4704 λέγγλ·
586 4608 685 4662 Καὶ
739 4596 1392 4704 έπέὸηηέπὶΔχερουϐὶμ,
1438 4596 1530 4678 xui
1565 4596 1852 4698 é'netdoen;

1987 4629 2256 4684 endamus
2286 4634 2337 4684 et
2368 4596 2781 4698 confundamus'
2801 4596 3021 4698 linguas
3052 4644 3238 4683 eorum
3259 4629 3360 4696 (g).
3396 4596 3463 4680 Et
3482 4644 3495 4682 :
3516 4626 3608 4680 In-

223 4688 327 4788 xui.
387 4692 554 4747 πάλιν
572 4713 602 4788 β·
681 4702 838 4754 Δεῦτε
919 4699 1245 4770 καταϐάντες
1277 4753 1290 4777 ,
1369 4715 1685 4788 συγχέωμεν
1763 4719 1859 4780 τὰς

222 4775 468 4876 γλιῦσσας
529 4781 723 4838 αὐτῶν·
755 4787 866 4856 καὶ,
925 4791 1172 4848 ’Έκλινεν
1223 4775 1598 4873 οὐρανοὺῒκαὶ
1629 4801 1854 4876 κατέϐη.

222 4866 518 4969 καὶταῦτα
550 4873 645 4943 μὶν
675 4879 788 4930 νῦν·
821 4875 874 4969 έν
910 4875 966 4933 δὲ
991 4887 1111 4946 ταῖς
1133 4866 1300 4939 κατὰ.
1329 4889 1492 4964 μέρος
1550 4866 1854 4969 ἐξηγήσεσί,

219 4952 281 5007 τὰ
313 4951 498 5012 δέοντα
526 4967 1003 5034 σαφηνισθήσεται.

280 5043 392 5141 Τὸ..
427 5045 652 5123 μέγεθος
713 5057 876 5110 τοῦτο
942 5058 1031 5112 xui
1094 5057 1315 5138 ἄπειρόν
1393 5065 1552 5124 ἐστιν.
1629 5069 1853 5141 Ἐπειδή

216 5131 525 5232 παὴέλειον
579 5139 744 5215 πέρας
797 5142 912 5218 ἔχει
962 5147 990 5200 6
1035 5148 1182 5220 Θεὸς,
1224 5131 1322 5206 ’καὶ
1375 5155 1718 5232 ὑπερτέλειος
1760 5131 1854 5224 ὢν,

325 5221 688 5320 ὑπεράπειρός
719 5229 885 5306 ἐστιν,
919 5236 993 5300 ὡς
1015 5239 1098 5310 τὸ,
1142 5240 1244 5296 Καὶ
1291 5249 1392 5311 τῆς
1443 5221 1720 5320 βασιλείας
1768 5221 1856 5304 αὐζ

211 5310 300 5408 τοῦ
355 5310 459 5408 οῦκ
504 5311 650 5408 {erat
703 5320 886 5394 πέρας·
939 5323 1085 5380 ἀλλὰ
1130 5329 1220 5383 xui
1274 5331 1404 5408 ὑπὲρ
1443 5310 1645 5391 ,πάντα
1711 5335 1852 5392 ἐστὶν

211 5391 459 5469 ἀριθμόν·
495 5401 541 5456 εί
567 5403 669 5482 γὰρ
695 5391 784 5463 xui
817 5409 1044 5486 λέγοιπο
1079 5415 1107 5470 6
1129 5417 1256 5472 Θεὸς
1281 5391 1476 5483 εἷς’καί
1496 5419 1572 5497 ἓν,
1606 5391 1853 5481 ἀλλέοῦν

284 5560 368 5661 (ιι)
404 5562 564 5661 εδει,
579 5584 774 5661 ξιξνι,
801 5574 855 5631 5.
933 5576 1083 5661 (0:33)
1108 5580 1248 5661 cap.
1277 5598 1394 5661 δικ,
1427 5603 1482 5655 ν,
1515 5587 1635 5661 42η
1681 5588 1758 5661 (y)
1791 5589 1871 5645 Ma

1987 5605 2043 5654 ιι,
2077 5589 2128 5642 6.

1743 5660 1813 5731 (e)
1845 5659 1997 5717 Psal.
2020 5674 2214 5731 κονίη,
2238 5659 2291 5716 4⁷.

217 5635 496 5754 Ἠέἔξξῐ
547 5640 620 5709 (c)
649 5635 879 5730 Caplxa,
909 5635 965 5711 ν,
995 5635 1083 5704 25’.
1122 5635 1133 5636 7
1162 5635 1243 5723 (ἆ)
1428 5635 1665 5725 lib-‘23.

351 5743 366 5754 .
502 5727 537 5754 1-
575 5713 655 5754 ια
735 5716 953 5754 m1...»
1006 5735 1024 5754 ι
1079 5721 1147 5754 aq

274 5718 366 5776 eg.
401 5721 538 5778 xxxx,
574 5713 657 5771 10.
729 5713 804 5788 ti)
835 5716 974 5776 Luc.
1006 5735 1046 5791 ι,
1077 5721 1167 5777 33.

1966 4717 2202 4772 ctinavit
2229 4719 2385 4772 caelos
2415 4726 2465 4771 et
2493 4718 2768 4772 descendit
2795 4717 2902 4787 (Ii),
2935 4727 2988 4771 el.
3016 4716 3135 4770 hinc
3151 4716 3389 4786 quidem
3412 4717 3604 4769 modo.

1967 4806 2032 4860 In
2064 4805 2518 4876 particularibus
2549 4811 2745 4860 autem
2778 4804 3286 4876 explicationibus,
3320 4805 3471 4874 quod
3507 4821 3608 4859 ne-

1967 4895 2284 4949 cessarium
2319 4895 2492 4949 fuerit
2521 4899 2859 4964 exponetur.

2039 5073 2192 5128 203
2224 5074 2542 5141 Magnitudo
2585 5073 2702 5128 haec
2729 5081 2784 5127 et
2831 5074 3056 5142 inﬁnita
3082 5082 3177 5127 est.
3229 5073 3610 5143 Quandoqui-

1967 5163 2099 5217 dem
2122 5163 2274 5217 Deus
2299 5164 2472 5217 linem
2503 5161 2741 5216 omnino
2769 5161 3083 5232 perfectum
3119 5160 3350 5229 habeat,
3375 5178 3505 5216 cum
3536 5162 3618 5216 sit.

1966 5266 2146 5320 supra
2179 5251 2594 5321 perfectionem
2629 5266 2730 5304 seu
2762 5251 2938 5304 finem
2987 5250 3162 5304 etiam
3199 5267 3380 5320 supra
3422 5249 3617 5304 inﬁni-

1970 5343 2152 5394 tatem
2183 5341 2314 5405 erit,
2339 5344 2403 5394 ut
2431 5339 2574 5394 illud
2605 5341 2702 5394 :El
2729 5338 2886 5410 regni
2925 5340 3039 5408 eius
3062 5355 3173 5394 non
3210 5339 3316 5394 erit
3344 5338 3474 5409 ﬁnis
3503 5341 3570 5409 (ἱ)
3596 5357 3616 5392 :

1973 5427 2298 5500 quinetiam
2332 5444 2565 5484 omnem
2618 5444 2930 5484 numerum
2988 5433 3269 5499 superat:
3303 5428 3413 5483 etsi
3461 5429 3618 5483 enim

3378 5590 3447 5661 (ὁ)
3479 5591 3614 5660 Cap.

2209 5590 2282 5661 (π)
2314 5590 2514 5644 Ezecb.
2547 5606 2589 5661 ι.Δ
2617 5590 2708 5658 26,
2739 5590 2828 5661 27.

3463 5661 3542 5732 (h)
3567 5661 3618 5715 ιι

2907 5588 3141 5661 (a)Dan.
3164 5606 3221 5658 ι,
3246 5591 3300 5645 6.

2367 5661 2436 5732 (f)
2471 5659 2596 5718 Psal
2619 5675 2758 5731 xvu,
2788 5659 2876 5716 Η.

2956 5660 3038 5732 (g)
3059 5661 3200 5718 Gen.
3231 5678 3311 5732 x1,
3332 5664 3386 5716 7.
