4024 6200
304 364 406 419 371

1127 363 1491 417 APPENDIX
1529 365 1624 416 AD
1663 362 1904 416 OPERA
1939 365 1998 416 Β.
2040 363 2358 418 DIONYSII
2396 363 2899 420 AREOPAGITE.

3611 361 3722 415 372

303 487 460 543 Deus
489 486 720 542 dicatur
749 503 908 542 unus
953 491 1010 542 et
1055 503 1262 557 unum,
1324 489 1580 541 attamen
1637 489 1728 541 est
1773 501 1953 557 supra

2068 483 2198 560 ὑπὲρ
2228 484 2292 539 τὸ
2321 481 2375 540 ἓν
2407 483 2540 542 ἐστι.
2587 487 2798 560 Κυρίως
2847 486 2942 557 μὶν
2975 485 3078 559 γὰρ
3110 485 3172 538 τὸ
3201 480 3256 538 ἓν
3307 481 3491 558 σχέσιν
3552 481 3726 552 δηλοῖ

305 591 514 632 unum.
550 577 726 632 Unum
758 575 914 630 enim
957 575 1189 646 proprie
1219 575 1640 630 connexionem
1689 574 1950 630 declarat

308 680 443 718 cum
477 663 683 720 multis
713 665 977 720 numeris
1008 664 1104 734 qui
1139 664 1212 718 ab
1261 665 1386 735 ipso
1418 667 1652 730 exeunt,
1686 668 1744 718 et
1771 662 1951 718 veluti

305 751 662 823 principium
685 751 1085 807 multitudinis
1109 768 1490 808 numerorum
1514 767 1642 813 esse
1674 753 1906 807 videtur
1935 769 1948 808 :

305 846 501 896 tamen
553 845 704 896 Deus
747 841 1023 911 dignatus
1055 845 1144 896 est
1174 843 1351 896 etiam
1383 858 1451 896 ex
1485 839 1603 896 illis
1633 858 1756 910 quas
1811 857 1947 912 pro-

303 929 469 985 duxit
497 946 668 985 unum
710 945 943 984 sumere
973 945 984 984 :
1019 929 1298 1000 quoniam
1345 946 1540 999 unum,
1569 933 1658 985 est
1707 929 1952 1001 simplex

302 1024 359 1074 et
387 1019 756 1074 individuum
790 1017 848 1071 in
882 1017 1099 1088 seipso,
1134 1022 1192 1072 et
1221 1017 1466 1072 minime
1518 1019 1950 1088 compositum:

306 1112 710 1162 verumtamen
764 1104 940 1162 etiam
1001 1106 1085 1160 sic
1139 1106 1479 1180 ὑπερήνωται
1515 1123 1615 1163 seu
1652 1111 1740 1162 est
1771 1123 1955 1178 supra

301 1212 482 1251 unum
514 1213 526 1249 :
561 1195 689 1250 ideo
719 1194 958 1262 dicitur,
1010 1197 1083 1250 Et
1121 1194 1372 1252 scientiae
1432 1195 1553 1266 ejus
1594 1211 1702 1252 non
1737 1203 1814 1250 est
1845 1212 1952 1250 nu-

300 1299 485 1340 merus
517 1283 621 1356 (Ις).
1678 1271 1684 1275 ’

373 1374 402 1446 ἕ
433 1373 533 1430 III.
560 1373 651 1428 Sic
686 1373 856 1444 igitur
883 1389 1122 1444 parvum
1152 1373 1212 1428 in
1255 1375 1376 1429 Deo.
1426 1374 1571 1429 Nam
1621 1390 1827 1430 omnes
1859 1389 1951 1430 res

303 1465 360 1518 et
389 1461 552 1519 valde
583 1478 809 1535 magna)
840 1468 898 1518 et
937 1462 1106 1518 valde
1155 1479 1341 1534 parvae
1388 1462 1742 1535 participant
1788 1461 1952 1534 parvi

306 1550 775 1606 communionem
811 1569 823 1606 :
859 1551 1020 1606 nulla
1046 1551 1204 1607 enim
1236 1568 1328 1607 res
1359 1551 1566 1624 effugit
1597 1567 1842 1622 parvum
1891 1550 1952 1606 in

308 1639 604 1709 omnibus,
637 1643 739 1696 aut
769 1640 911 1712 quia
940 1657 1008 1696 ex
1037 1656 1215 1712 parvo
1245 1641 1316 1695 ad
1350 1641 1545 1711 majus
1587 1640 1959 1712 progreditur

309 1729 464 1800 quod
484 1735 750 1799 augetur,
787 1730 903 1784 haec
934 1729 1075 1784 dicit
1101 1733 1290 1800 Pater,
1325 1734 1429 1784 aut
1460 1729 1598 1801 quia
1629 1746 1874 1801 parvum
1898 1729 1955 1783 in

2059 573 2196 646 πρὸς
2242 573 2369 636 τοὺς
2433 573 2482 646 ἐξ
2533 573 2697 628 αὐτοῦ
2743 571 2993 636 πολλοὺς
3051 571 3344 647 ἀριθμοὺς,
3403 571 3493 625 καὶ
3552 573 3720 627 οἱονεὶ

2059 663 2207 738 ἀρχὴ
2252 661 2504 733 πλήθους
2560 663 2809 739 ἀριθμῶν
2860 662 2994 717 εἶναι
3047 659 3215 717 δοκεῖ’
3279 661 3433 734 ὅμως
3489 661 3721 732 ἠξίωσεν

2061 753 2087 805 6
2145 751 2275 812 Θεὸς
2314 751 2401 806 καὶ
2459 752 2522 807 τὸ
2579 750 2635 806 ἓν
2686 751 2747 806 ἐκ
2786 756 2894 806 τῶν
2932 751 2981 824 ἐξ
3013 751 3177 806 αὐτοῦ
3227 748 3496 821 δέξασθαι,
3529 749 3720 820 ἐπειδὴ

2057 841 2121 894 τὸ
2149 838 2204 894 ἓν
2236 841 2443 896 ἀπλοῦν
2469 840 2580 896 ἐστι
2609 843 2698 895 καὶ
2735 842 2927 915 ἀμερὲς
2975 847 3092 904 καθ’
3138 840 3318 912 ἑαυτὸ,
3363 839 3454 895 καὶ
3500 841 3725 894 saevae-

2057 951 2171 1002 τον,
2205 927 2351 986 ἀλλά
2391 931 2481 985 καὶ
2533 930 2706 994 οὕτως
2751 931 3117 1004 ὑπερήνωται,
3163 928 3278 984 ἀντὶ
3326 927 3445 996 τοῦ,
3496 929 3630 1005 ὑπὲρ
3657 930 3723 984 τὸ

2057 1015 2110 1073 ἓν
2159 1017 2291 1074 ἐστι·
2339 1017 2423 1073 διὸ
2473 1017 2709 1094 εἶ’ρηται,
2758 1020 2861 1076 Καὶ
2913 1023 3015 1085 τῆς
3046 1019 3368 1081 συνέσεως’⁸⁸
3409 1018 3576 1074 αὐτοῦ
3620 1018 3725 1074 οὐκ

2059 1105 2203 1162 ἔστιν
2235 1106 2492 1184 ἀριθμός.

2129 1201 2157 1266 §
2216 1203 2310 1252 IlI.
2368 1195 2555 1259 Οὕτως
2611 1198 2703 1251 οῦν
2761 1197 2848 1252 ἐπὶ
2909 1200 3044 1253 Θεοῦ
3098 1198 3162 1252 τὸ
3221 1197 3476 1270 σμικρόν.
3536 1197 3723 1253 Πάντα

2061 1285 2164 1359 γὰρ
2194 1287 2262 1340 τὰ
2287 1281 2436 1354 ὄντα,
2485 1287 2573 1341 καὶ
2628 1285 2694 1341 τὰ
2750 1283 2874 1342 λίαν
2935 1284 3165 1362 μεγάλα,
3217 1286 3405 1342 καὶτὰ
3449 1283 3583 1361 ἄγαν
3620 1308 3721 1359 μι-

2061 1375 2186 1449 κρὰ,
2221 1375 2513 1450 μετέχουσι
2541 1382 2641 1446 τῆς
2671 1379 2770 1430 τοῦ
2822 1380 3021 1452 μικροῦ
3075 1375 3381 1448 μετουσίας
3427 1373 3583 1431 οὐδὲν
3614 1376 3721 1451 γὰρ

2062 1466 2168 1516 τῶν
2215 1459 2381 1517 ὄντων
2443 1461 2658 1542 διέφυγε
2706 1463 2770 1519 τὸ
2827 1463 3058 1539 σμικρὸν
3101 1463 3152 1518 έν
3210 1469 3372 1519 πᾶσιν
3417 1462 3723 1541 ἀναφαινό-

2067 1572 2246 1624 μενον⁹
2280 1553 2316 1621 ἢ
2350 1550 2434 1607 ὅτι
2465 1551 2524 1608 ἐκ
2555 1557 2753 1627 μικροῦ
2783 1554 2919 1628 πρὸς
2975 1553 3037 1608 τὸ
3099 1559 3288 1625 μεῖζον
3321 1555 3538 1628 πρόεισι
3569 1554 3638 1608 τὰ
3668 1552 3726 1607 ἐν

2065 1639 2300 1710 αὐξήσει,
2333 1641 2496 1696 τοῦτό
2528 1663 2692 1715 φησιν
2720 1643 2748 1696 6
2781 1644 2991 1718 Πατήρο
3018 1643 3052 1711 ἣ
3082 1637 3164 1697 ὅτι
3201 1640 3252 1696 ἐν
3284 1647 3366 1714 τῷ
3400 1641 3605 1714 μείζονι
3656 1643 3725 1696 τὸ

2069 1731 2260 1804 μικρὸν
2292 1728 2629 1806 ένθεωρεῖται
2683 1731 2774 1786 καὶ
2835 1731 2937 1786 οὐκ
2975 1729 3030 1786 έν
3077 1735 3158 1805 τῷ
3213 1735 3395 1806 μικρῷ
3432 1733 3494 1785 τὸ
3528 1735 3719 1803 μεῖζον

309 1817 516 1888 majori
549 1817 976 1886 consideratur,
1021 1822 1078 1873 et
1117 1835 1232 1875 non
1283 1820 1476 1890 majus
1506 1819 1566 1872 in
1599 1835 1795 1890 parvo,
1819 1835 1954 1890 qua-

2068 1819 2180 1873 κατ’
2207 1820 2340 1873 αὐτὸ
2368 1819 2432 1874 τὸ
2463 1824 2646 1892 μεῖζον
2677 1819 2830 1876 εἶναι.

305 1912 480 1964 tenus
511 1908 707 1977 majus
737 1912 848 1964 est.

379 2087 446 2140 Et
473 2087 811 2157 pertingens.
847 2085 994 2140 Hinc
1027 2086 1478 2141 demonstratur
1506 2085 1782 2142 velocitas
1831 2101 1963 2156 pro-

311 2191 548 2246 gressus
577 2175 677 2230 Dei
711 2175 781 2229 ad
835 2175 1198 2246 incorporea.
1247 2175 1392 2230 Nam
1442 2173 1587 2230 illud
1640 2174 1966 2246 pertingere

317 2268 381 2319 ut
436 2264 507 2318 ad
568 2263 910 2319 divisionem
973 2265 1180 2319 animus
1229 2269 1286 2320 et
1335 2263 1613 2335 spiritus;
1665 2280 1757 2318 res
1807 2264 1960 2318 enim

320 2351 401 2406 ita
432 2366 493 2406 se
525 2349 722 2419 habet;
756 2351 864 2406 hoc
899 2352 1157 2407 declarat
1180 2353 1334 2424 quod
1359 2351 1536 2407 etiam
1563 2352 1756 2423 ipsum
1781 2352 1966 2406 incor-

322 2456 565 2512 poreum
597 2441 888 2496 uniforme
919 2441 1129 2496 animae
1163 2458 1196 2496 a
1226 2442 1336 2497 Deo
1367 2441 1547 2496 dividi
1591 2441 1798 2513 possit.
1831 2440 1964 2497 Ideo

319 2529 473 2585 Deus
504 2529 883 2601 cogitationes
919 2529 1073 2600 quod
1114 2529 1390 2600 intelligit
1428 2545 1576 2600 quas
1610 2545 1775 2584 mens
1805 2533 1966 2584 mota

317 2622 373 2673 et
401 2635 651 2690 operans
681 2620 918 2690 cogitat,
953 2635 1080 2690 quae
1138 2622 1336 2673 tamen
1396 2617 1648 2673 maxime
1699 2618 1964 2688 incorpo-

313 2724 422 2763 rezs
454 2712 510 2762 et
540 2707 879 2774 individuis;
912 2706 1077 2778 (quid
1108 2706 1268 2762 enim
1299 2707 1453 2762 inter
1500 2705 1864 2762 intellectum
1909 2709 1968 2761 et

312 2795 833 2866 intellectionem?)
870 2797 1018 2851 Deus
1050 2795 1280 2850 medius
1313 2799 1596 2865 penetrat,
1629 2795 1782 2851 sicut
1815 2794 1967 2850 dici-

307 2887 407 2937 tur
431 2899 444 2937 :
468 2885 541 2938 Tu
565 2885 902 2940 intellexisti
921 2885 1284 2955 cogitationes
1316 2899 1465 2939 meas
1479 2885 1552 2940 de
1567 2884 1726 2951 longe
1741 2884 1802 2955 (ί)
1819 2901 1840 2944 ,·
1863 2883 1964 2939 sed

317 2972 493 3027 etiam
517 2971 670 3028 inter
689 2973 944 3028 animam
966 2978 1023 3028 et
1043 2972 1402 3044 spiritum,id
1428 2977 1517 3029 est
1533 2973 1590 3028 in
1615 2989 1730 3044 quo
1755 2988 1966 3028 sensus

317 3059 608 3116 stabilitas
633 3061 942 3130 habemus,
993 3079 1095 3133 per
1143 3063 1298 3134 quod
1337 3061 1514 3117 etiam
1548 3059 1743 3116 anima
1788 3061 1968 3116 sensi-

317 3149 475 3206 libus
523 3150 796 3217 intendit,
848 3154 905 3205 et
949 3151 1068 3205 vim
1123 3150 1485 3221 intelligendi
1534 3150 1964 3222 speculationes

2143 1999 2240 2052 Καὶ
2291 1994 2685 2070 διικνούμενον.
2740 1998 2818 2054 Τὸ
2879 1995 3264 2070 ὑπεροξύτερον
3319 2000 3419 2067 τῆς
3449 2002 3551 2052 τοῦ
3581 2001 3724 2053 Θεοῦ

2071 2087 2159 2142 καὶ
2219 2087 2306 2142 έπὶ
2362 2086 2428 2142 τὰ
2475 2086 2739 2160 ἀσώματα
2783 2088 3085 2164 χωρήσεως
3132 2086 3364 2142 ἐντεῦθεν
3426 2084 3723 2158 δηλοῦταιο

2070 2177 2133 2231 τὸ
2175 2176 2276 2252 γὰρ
2324 2173 2642 2231 διικνεῖσθαι
2687 2173 2819 2250 ἄχρι
2875 2180 3142 2250 μερισμοῦ
3189 2179 3376 2252 ψυχῆς
3421 2176 3511 2231 καὶ
3558 2176 3726 2232 πνεύ-

2078 2284 2244 2336 ματος
2299 2256 2440 2318 οὕτω
2470 2265 2573 2339 γὰρ
2605 2259 2751 2338 ἔχειν
2784 2261 2953 2318 δοκεῖ·
2986 2267 3146 2319 τοῦτο
3178 2264 3485 2343 ἀποφαίνει,
3518 2266 3603 2320 δτι
3631 2264 3730 2319 καὶ

2020 2387 2022 2389 ›
2073 2351 2202 2407 αὐτὸ
2227 2353 2288 2407 τὸ
2319 2353 2607 2426 ἀσώματον
2650 2359 2750 2423 τῆς
2800 2355 2984 2428 ψυχῆς
3031 2350 3262 2415 ένοειδὶς
3312 2353 3415 2408 ὑπὸ
3465 2351 3563 2408 τοῦ
3591 2356 3731 2408 Θεοῦ

2075 2439 2394 2515 διαιρεῖσθαι
2426 2439 2666 2498 δύναται.
2718 2443 2811 2497 Διὸ
2860 2441 2951 2497 καὶ
2980 2441 3076 2504 τὰς
3109 2441 3318 2504 ἐννοίας
3351 2443 3379 2497 6
3410 2441 3543 2504 Θεὸς
3587 2447 3734 2508 νοεῖ,

2075 2528 2134 2590 ἂς
2165 2529 2193 2582 6
2233 2533 2361 2591 νοῦς
2399 2529 2722 2602 κινούμενος
2762 2530 2852 2584 καὶ
2895 2528 3127 2605 ὖνεργῶν
3156 2535 3295 2600 νοεῖ,
3322 2529 3542 2599 καὶτῆς
3593 2551 3733 2584 τοσ-

2075 2616 2242 2688 αύτης
2297 2617 2613 2691 ἁσωματίας
2669 2618 2758 2673 καὶ
2799 2616 3163 2695 ἀδιαιρεσίας’
3234 2619 3310 2690 (τί
3366 2620 3470 2695 γὰρ
3529 2619 3734 2692 μεταξὺ

2072 2711 2168 2762 νοῦ
2231 2707 2321 2762 καὶ
2386 2709 2626 2779 νοήσεως
2653 2710 2690 2782 ;)
2765 2709 2793 2763 6
2849 2709 2983 2771 Θεὸς
3040 2709 3202 2782 μέσος
3257 2713 3452 2784 χωρεῖ,
3503 2709 3582 2770 ὡς
3636 2709 3726 2763 καὶ

2074 2794 2284 2870 ε’ίρηται
2317 2817 2331 2832 ι
2404 2796 2479 2851 Σὺ
2534 2799 2764 2869 συνῆκας
2821 2796 2950 2862 τοὺς
3002 2795 3398 2874 διαλογισμούς
3458 2819 3563 2870 μου
3615 2797 3729 2853 ἀπὸ

2078 2887 2367 2960 μακρόθεν·
2445 2885 2590 2942 ἀλλά
2659 2886 2748 2941 καὶ
2827 2886 3022 2960 μεταξὺ
3082 2893 3183 2956 τῆς
3241 2889 3426 2962 ψυχῆς
3478 2887 3569 2941 καὶ
3625 2892 3730 2942 τοῦ

2073 2973 2403 3047 πνεύματος,
2453 2974 2725 3030 τουτέστιν
2773 2974 2824 3030 έν
2872 2975 3040 3046 ᾦτὰς
3099 2975 3376 3046 αἰσθήσεις
3434 2973 3728 3051 έπεστηρι-

2071 3063 2271 3137 γμένας
2316 3058 2516 3138 ἔχομεν
2545 3107 2559 3133 ,
2610 3062 2680 3118 δι’
2730 3061 2792 3118 οὗ
2837 3062 2927 3118 καὶ
2975 3068 3092 3126 τοῖς
3141 3063 3423 3134 αἰσθητοῖς
3478 3066 3512 3132 ἡ
3563 3064 3725 3139 ψυχὴ

2073 3146 2435 3226 προσϐάλλει,
2484 3153 2573 3206 καὶ
2600 3152 2660 3207 τὸ
2691 3149 3034 3223 διανοητικὸν
3064 3156 3171 3208 τῶν
3232 3153 3466 3225 σκέψεων
3495 3149 3726 3227 ἔχομεν,

314 3239 624 3305 habemus,
657 3238 808 3294 Deus
857 3239 985 3295 sine
1033 3239 1456 3311 impedimento
1506 3240 1737 3294 transit.
1797 3239 1954 3294 Hunc

2073 3239 2371 3302 ἀκωλύτως
2421 3245 2598 3316 χωρεῖ
2641 3241 2668 3294 6
2718 3240 2870 3302 Θεός.
2919 3245 3089 3295 Τοῦτο
3140 3237 3283 3295 δὲτὸ
3315 3245 3526 3312 πνεῦμα
3555 3238 3729 3295 δύνα-

307 3345 442 3384 vero
478 3328 755 3400 spiritum
787 3327 1084 3400 sapientes
1113 3330 1446 3383 Graecorum
1476 3333 1684 3383 vocant
1715 3327 1962 3384 faculta-

307 3419 527 3487 tem,'et
550 3415 724 3472 veluti
749 3417 1067 3472 secundam
1089 3415 1344 3473 animam
1360 3417 1703 3472 sensitivam
1727 3417 1958 3472 animis:

309 3521 446 3578 ergo
469 3505 666 3561 anima
696 3504 817 3560 haec
847 3505 1129 3560 sensitiva
1175 3509 1438 3576 penetrat
1485 3522 1673 3576 usque
1719 3505 1791 3560 ad
1837 3521 1958 3560 me-

311 3593 506 3651 dullas
535 3599 594 3651 et
619 3610 820 3664 venas,
852 3598 908 3649 et
940 3594 1208 3662 arterias,
1236 3598 1296 3649 et
1339 3610 1495 3660 ossa,
1529 3599 1585 3650 et
1611 3599 1799 3650 totum
1832 3611 1958 3650 cor-

309 3701 445 3758 pus.

376 3863 529 3932 §IV.
577 3863 725 3932 Quod
767 3879 879 3919 non
933 3866 1106 3934 potest
1151 3863 1352 3932 minui,
1425 3862 1764 3930 ingenitum.
1809 3861 1957 3916 Nota

299 3955 446 4022 quot
474 3952 665 4007 modis
696 3955 968 4006 sumatur
1001 3950 1354 4024 significatio
1383 3949 1648 4020 ingeniti;
1669 3954 1772 4006 aut
1796 3951 1953 4022 quod

303 4039 555 4094 necdum
585 4038 870 4109 genitum,
905 4039 1006 4094 sed
1043 4039 1424 4110 gignendum,
1479 4043 1543 4094 ut
1587 4039 1730 4094 Sara
1787 4038 1952 4109 dixit,

297 4131 594 4198 Nunquam
620 4126 764 4181 mihi
793 4126 1012 4194 accidit,
1062 4127 1149 4182 vel
1199 4131 1264 4182 ut
1311 4128 1467 4184 204
1515 4125 1950 4198 imperfectum,

298 4215 455 4272 sicut
477 4213 656 4270 turris
686 4213 746 4270 in
777 4213 1032 4270 Ghalane
1058 4232 1070 4269 :
1104 4214 1194 4270 vel
1219 4219 1282 4270 ut
1299 4215 1371 4270 ab
1396 4213 1614 4285 aliquo,
1649 4218 1714 4269 ut
1738 4213 1950 4270 Paulus

294 4304 622 4377 apostolus,
643 4319 756 4359 non
783 4319 852 4359 ex
874 4302 1218 4360 hominibus
1245 4319 1258 4359 :
1285 4301 1373 4358 vel
1399 4308 1604 4359 contra
1629 4307 1693 4358 ut
1716 4302 1947 4372 Justus,

294 4411 450 4450 unus
479 4410 510 4449 e
540 4393 876 4458 duodecim,
907 4396 1010 4448 aut
1059 4393 1214 4464 quod
1250 4391 1410 4447 nullo
1445 4393 1618 4448 modo
1651 4395 1762 4460 est,
1798 4391 1950 4447 sicut

290 4483 558 4558 prodigia
601 4499 636 4538 a
681 4482 896 4538 Graecis
944 4482 1120 4550 dicta,
1171 4480 1359 4553 Scylla
1407 4485 1465 4536 et
1519 4480 1831 4547 Chimaera,
1882 4497 1947 4536 ac

293 4573 532 4639 similia,
563 4571 894 4643 ingenitum
924 4575 1015 4627 est
1047 4570 1105 4626 in
1135 4570 1272 4626 Deo.
1308 4570 1371 4626 In
1425 4569 1582 4625 idem
1633 4586 1768 4625 cum
1801 4569 1948 4625 dixit
1975 4589 2023 4654 D

291 4668 477 4718 Deum
511 4677 639 4717 esse
669 4659 1020 4732 ingenitum,
1039 4659 1233 4731 expiat
1263 4657 1666 4732 inauspicatas
1689 4658 1944 4714 nominis

293 4749 832 4823 interpretationes,
884 4753 1102 4820 atque:
1137 4746 1303 4814 Vide,
1355 4764 1426 4803 ne
1475 4764 1726 4819 usurpes
1793 4747 1946 4803 hanc

288 4841 607 4897 dictionem
641 4855 745 4912 pro
795 4837 1085 4910 generari,
1146 4842 1432 4907 tanquam
1491 4841 1646 4893 Deus
1703 4836 1945 4892 haberet

287 4929 544 5002 aliquem
574 4943 636 4984 se
670 4928 980 4998 majorem,
1039 4929 1104 4981 ut
1153 4925 1225 4981 ab
1289 4942 1354 4981 eo
1413 4926 1511 4997 qui
1565 4933 1696 4980 ante
1745 4925 1940 4997 ipsum

285 5020 477 5075 fuerat
507 5023 648 5074 tunc
679 5019 910 5087 genitus
937 5015 1131 5084 fuerit,
1165 5031 1354 5086 neque
1405 5015 1659 5084 Creator,
1695 5019 1796 5070 aut
1840 5015 1940 5070 bo-

291 5124 428 5178 nus,
448 5110 549 5162 aut
573 5104 840 5178 spiritus,
865 5109 967 5160 aut
985 5102 1165 5176 ignis,
1192 5107 1294 5158 aut
1323 5102 1552 5174 aliquid
1576 5101 1726 5159 tale:
1751 5117 1942 5174 neque

356 5230 435 5300 (k)
465 5227 618 5286 Psal.
651 5243 797 5298 σιω,
826 5227 881 5282 5.
961 5226 1024 5297 (ι)
1055 5225 1209 5283 Psal.
1241 5243 1513 5297 cxxxvm,
1545 5226 1598 5297 3,

2074 3349 2164 3401 μιν
2208 3329 2303 3382 ,καὶ
2352 3330 2530 3394 οἱονεὶ,
2563 3327 2813 3402 δευτέραν
2858 3331 3042 3404 ψυχὴν
3084 3329 3404 3400 αἰσθητικὴν
3461 3331 3567 3398 τῆς
3615 3332 3732 3402 ψυ-

2069 3420 2178 3491 χῆς
2241 3418 2293 3471 οἱ
2350 3419 2477 3492 παρ’
2527 3415 2769 3488 Ἕλλησι
2824 3419 2983 3495 σοφοὶ
3016 3415 3298 3473 καλοῦσιν·
3331 3419 3365 3487 ἡ
3401 3417 3492 3473 οὖν
3525 3417 3729 3488 αἰσθη-

2065 3506 2190 3574 τική
2224 3504 2358 3576 αὕτη
2389 3507 2542 3582 ψυχή
2579 3504 2720 3560 ἐστιν
2744 3510 2778 3575 ἡ
2817 3504 2983 3581 μέχρι
3039 3504 3280 3578 μυελῶν,
3328 3507 3417 3561 καὶ
3470 3501 3724 3579 φλεϐῶν,

2065 3594 2154 3649 καὶ
2205 3595 2502 3670 ἀρτηριῶν,
2561 3595 2651 3650 καὶ
2699 3594 2923 3666 ὀστέων,
2974 3595 3066 3650 καὶ
3113 3594 3249 3651 ὅλου
3305 3599 3403 3650 τοῦ
3462 3597 3727 3668 σώματος

2067 3680 2351 3754 διήκουσα.

2135 3857 2162 3922 §
2219 3853 2309 3910 IV.
2383 3851 2702 3926 Ἀμείωτον,
2779 3854 3091 3929 ἀγέννητον.
3161 3853 3478 3928 Σημείωσαι
3540 3876 3722 3910 ποσα-

2065 3945 2183 4016 χῶς
2231 3936 2565 4014 λαμϐάνεται
2621 3946 2718 3996 τοῦ
2775 3943 3072 4018 ἀγεννήτου
3130 3945 3164 4012 ἡ
3228 3945 3489 4016 σημασία·
3553 3944 3590 4013 ἢ
3651 3944 3720 4000 τὸ

2067 4033 2234 4104 μήπω
2264 4030 2578 4105 γενόμενον,
2599 4031 2990 4106 γεννησόμενον
3024 4029 3184 4100 δεῖν,
3216 4031 3292 4094 ὡς
3324 4034 3358 4101 ἡ
3385 4031 3570 4108 Σάῤῥα
3599 4034 3724 4089 εἶπε

2059 4120 2142 4189 τὸ,
2174 4117 2342 4177 Ούπω
2403 4119 2498 4192 μὲν
2548 4119 2674 4192 ἐμοὶ
2722 4118 2956 4195 γέγονεν’
3007 4121 3041 4188 ἢ
3093 4121 3167 4184 ὡς
3223 4117 3570 4190 ἁτελείωτον,
3636 4123 3717 4184 ὡς

2061 4209 2090 4263 6
2133 4206 2183 4262 ἐν
2233 4206 2453 4282 Χαλάνῃ
2503 4208 2726 4284 πύργος·
2789 4209 2824 4276 ἣ
2883 4207 2986 4264 ὑπό
3041 4229 3162 4278 του,
3217 4209 3294 4270 ὡς
3347 4209 3433 4278 τὸ,
3489 4207 3721 4272 Παῦλος

2057 4295 2367 4360 ἀπόστολος
2397 4297 2496 4352 ούκ
2541 4295 2593 4368 ἐξ
2625 4297 2948 4372 ἀνθρώπων·
2982 4299 3016 4366 ἢ
3041 4293 3190 4370 τόδε,
3241 4297 3316 4360 ὡς
3365 4298 3600 4359 Ἰοῦστος
3631 4299 3718 4360 εἷς

2056 4390 2163 4441 τῶν
2195 4383 2423 4442 δώδεκα·
2459 4388 2493 4455 ἣ
2535 4383 2766 4460 μηδαμῆ
2799 4383 3070 4460 μηδαμῶς
3130 4385 3212 4454 ὃν,
3271 4385 3348 4450 ὡς
3397 4383 3496 4440 ὅσα
3549 4406 3718 4460 τερα-

2055 4475 2297 4530 τεύονται
2327 4472 2618 4546 Ἕλληνες,
2671 4471 2949 4545 Σκύλλαν,
2997 4475 3084 4528 καὶ
3145 4472 3439 4548 Χίμαιραν,
3491 4473 3583 4529 καὶ
3642 4476 3717 4530 τά

2055 4563 2240 4637 ὅμοια.
2301 4561 2509 4625 Ἰδικῶς
2559 4561 2650 4618 οὖν
2707 4562 2795 4618 καὶ
2828 4561 3118 4625 ἀπολύτως
3175 4562 3238 4617 τὸ
3296 4562 3582 4637 ἀγέννητον
3615 4562 3712 4618 ἀπὶ

2054 4657 2186 4708 Θεοῦ
2203 4656 2270 4710 7‘.
2305 4652 2397 4714 Εἲς
2423 4653 2485 4708 τὸ
2533 4652 2684 4707 αὐτὸ.
2718 4651 2902 4708 Εἰπὼν
2945 4650 3239 4726 ἀγέννητον
3271 4652 3362 4705 τὸν
3396 4651 3548 4722 Θεὸν,
3604 4653 3707 4714 τὰς

2053 4741 2456 4819 παλιμφήμους
2517 4740 2809 4816 ἑρμηνείας
2853 4743 2951 4794 τοῦ
3017 4738 3286 4811 ὀνόματος
3323 4739 3708 4814 ἀποκαθαίρει,

2051 4831 2141 4885 καί
2190 4852 2388 4908 φησιν.
2453 4830 2592 4903 Ὅρα
2648 4830 2723 4903 μὴ
2783 4827 2859 4891 είς
2901 4829 2964 4883 τὸ
3021 4829 3374 4902 γεγεννῆσθαι
3429 4827 3552 4901 δέξῃ
3597 4831 3706 4897 τήν

2053 4919 2220 4989 λέξιν,
2252 4919 2326 4981 ὡς
2375 4923 2471 4973 τοῦ
2519 4922 2653 4974 Θεοῦ
2703 4916 2934 4992 ἔχοντος
2982 4917 3074 4972 τὸν
3105 4917 3234 4989 ὑπὲρ
3294 4918 3592 4984 αὐτὸν,ἱνα
3646 4917 3709 4974 ἔκ

2049 5009 2144 5064 τοὺ
2174 5009 2279 5082 πρὸ
2313 5008 2478 5062 αὐτοῦ
2530 5005 2840 5083 γέρνηταιπ
2890 5003 3036 5078 τόδε,
3099 5007 3214 5060 οἷον
3264 5003 3624 5082 δημιουργὸς,
3674 5008 3710 5074 ἦ

2051 5097 2271 5173 ἀγαθὸς,
2303 5097 2339 5167 ἢ
2370 5101 2599 5170 πνεῦμα,
2631 5095 2667 5165 ἢ
2719 5100 2848 5170 πῦρ,
2879 5095 2915 5165 ἢ
2945 5115 2997 5149 τι
3045 5097 3314 5149 τοιοῦτον·
3362 5093 3510 5150 ἀλλὰ
3563 5093 3710 5170 μηδὲ
3743 5105 3749 5111 “

1283 5351 1525 5407 νΑΗΙίΕ
1565 5349 1957 5408 LECTIONES
1996 5351 2084 5408 ET
2122 5349 2687 5409 CORRECTIONES.

349 5450 394 5485 ⁷³
425 5449 753 5523 συνθέσεως,
793 5449 886 5523 ’π’
922 5447 1981 5523 μήπωηγεννώμενονηγεννηθησομενον
2011 5443 2102 5523 δὲ.
2180 5449 2225 5523 7f
2275 5443 2441 5523 ἤγοῦν
2492 5447 2628 5523 κατὰ
2678 5446 2846 5523 μηδὲν
2894 5451 3102 5509 τούτων
3155 5453 3242 5510 ἐπὶ
3295 5460 3452 5516 Θεοῦ.
3513 5462 3575 5518 Id
3611 5466 3696 5518 est

283 5523 587 5601 segnnduyn
609 5519 754 5601 nihil
786 5516 1006 5601 horum.
1083 5516 1450 5601 ξνάγὲννητοο
1479 5516 1691 5601 ἀκούων
1716 5516 1803 5601 ἐπὶ
1829 5516 1954 5601 βιοῖ

2068 5516 2350 5601 .ασφ,ήμως
2381 5516 2700 5601 ἐπινοῄσῃς,
2734 5516 2810 5584 ὦς
2845 5525 3028 5601 μήπωΔ
3043 5527 3362 5601 γενόμενον,
3409 5532 3447 5599 ἢ

280 5590 640 5674 τελειωθέντα
664 5589 754 5674 εἷς.
777 5592 839 5644 τὸ
868 5608 1039 5674 γεγιεν.
1071 5589 1382 5674 ingenitum
1427 5591 1662 5649 audiens
1708 5591 1876 5663 impie
1917 5593 1954 5648 ἐι

2115 5589 2402 5664 intelligas
2448 5591 2513 5650 de
2536 5589 2660 5664 Deo,
2688 5589 2856 5665 quasi
2882 5589 3124 5657 nondum
3149 5589 3375 5674 genitu}
3404 5589 3576 5674 ὡσεί
3591 5615 3698 5664 aut

284 5665 530 5724 nondum
549 5665 787 5736 perfecte
815 5662 1032 5732 genitus
1057 5662 1217 5730 foret.
