4024 6200
250 377 364 432 373

1009 377 1067 432 Β.
1109 377 1378 431 MAXIM!
1413 376 1719 431 SCHOLIA
1756 377 1832 430 IN
1870 376 2003 428 LIB.
2048 378 2144 429 DE
2183 379 2453 434 DIVINIS
2492 381 2912 439 NOMINIBUS.

3571 388 3678 446 374

253 501 550 574 ἀγέννητον
597 493 877 571 ὑπολάϐῃς
924 497 1016 552 τὸν
1085 496 1271 565 αὐτὸν,
1333 493 1474 570 μηδὲ
1520 491 1649 550 ὄντα
1703 516 1901 551 παντε-

2025 499 2290 554 eumdem
2323 500 2633 572 ingenitum
2666 505 2971 563 arbitreris
3003 525 3108 564 nec
3140 527 3381 580 prorsus
3413 529 3541 568 esse
3571 523 3676 585 ge'

253 590 373 653 λῶς
423 592 562 662 μήτε
610 587 661 642 ἐν
710 585 936 663 γενέσει,
983 589 1124 659 μήτε
1170 583 1354 659 ἕτερόν
1399 607 1471 642 τι.
1523 590 1644 647 Πῶς
1701 586 1792 639 οὖν
1836 583 1918 640 δεῖ

251 679 319 734 τὸ
357 679 648 754 ἀγέννητον
693 677 930 745 ἀκούειν,
983 675 1145 754 φησὶν
1198 675 1411 748 ἐφεξῆς.
1459 677 1641 733 Ταῦτα
1681 671 1737 728 δὲ
1781 675 1917 728 κατὰ

253 769 558 843 Ἀρειανῶν
605 767 691 821 καὶ
746 765 1095 836 Εὐνομιανῶν
1163 771 1330 832 ποιεῖ,
1393 769 1498 817 τῶν
1546 763 1604 818 ἐκ
1651 768 1916 839 γεννητοῦ

257 858 347 912 καὶ
383 856 683 930 ἀγεννήτου
712 855 803 910 τὸν
833 855 962 909 Θεὸν
994 853 1210 932 βλασφη
1224 855 1530 926 μησάντων.

333 961 494 1019 Ἀλλ’
546 961 726 1032 ὥσπερ
806 959 1224 1034 παναγέννητον.
1285 957 1526 1028 Ἐπειδὴ,
1607 959 1680 1020 ὥς
1750 981 1911 1037 φησιν

255 1052 396 1128 ὑπὲρ
446 1056 550 1106 πᾶν
611 1052 905 1126 ἀγέννητον
955 1045 1082 1104 ὄντα
1134 1049 1220 1104 τὸν
1285 1050 1436 1119 Θεὸν,
1480 1054 1630 1102 ποιεῖ
1692 1049 1914 1120 νομίζε-

251 1153 404 1214 σθαι,
436 1142 523 1196 καὶ
555 1138 731 1215 λέγειν
779 1139 938 1194 αὐτὸν
985 1138 1045 1193 ἐκ
1079 1137 1277 1192 τούτου
1321 1137 1456 1192 εἷναί
1497 1159 1617 1192 τινα
1654 1138 1787 1210 μετὰ
1812 1138 1912 1205 τήν

249 1231 413 1303 ἁγίαν
463 1226 665 1304 Τριάδα
724 1229 984 1302 ἀγὲννητα
1058 1227 1109 1281 ἐν
1179 1231 1246 1300 τῇ
1314 1228 1506 1294 κτίσει,
1568 1228 1694 1302 φέρε
1751 1227 1914 1304 σαφὲς

248 1321 578 1390 ποιήσωμεν
626 1318 690 1372 τὸ
741 1317 1170 1389 σημαινόμενον.
1217 1316 1319 1372 Καὶ
1365 1317 1502 1377 τὲως
1552 1312 1724 1382 δῆλός
1771 1315 1910 1370 ἑστιν

250 1407 306 1478 ἐξ
367 1407 549 1481 ἀρχῆς
606 1408 633 1461 6
679 1411 823 1470 θεῖος
889 1404 1192 1473 Διονύσιος,
1251 1405 1342 1459 ἅτε
1405 1404 1640 1476 μάλιστα
1689 1403 1811 1458 τότε
1858 1403 1910 1458 ἐν

252 1497 470 1573 Ἐφέσῳ
529 1495 885 1568 ἀκμαζόντων
954 1498 1060 1548 τῶν
1127 1493 1464 1571 φιλοσόφων,
1544 1491 1669 1556 ἔνθα
1732 1493 1822 1547 καὶ
1875 1495 1910 1562 ἡ

253 1585 482 1652 Ἰωνική
526 1582 825 1660 φιλοσοφία
872 1585 1232 1654 συνειστήκει,
1288 1587 1385 1636 τοῦ
1437 1581 1595 1656 ἁγίου
1636 1578 1912 1653 Τιμοθέου

255 1673 561 1728 ἐπισκόπου
635 1668 814 1740 ὄντος,
901 1668 1218 1740 σπουδάζων
1287 1672 1458 1725 πάντα
1539 1671 1605 1724 τὰ
1687 1669 1911 1731 ἐκείνοις

256 1759 620 1839 ἐσφαλμένως
658 1759 951 1835 λεγόμενα,
1003 1759 1093 1815 ἐπὶ
1137 1762 1234 1828 τήν
1269 1758 1532 1830 ἀλήθειαν
1568 1765 1908 1834 μεταγαγεῖν.

257 1849 413 1920 ’ῌδει
475 1852 567 1906 οὖν
627 1851 759 1904 εἶναι
813 1847 994 1924 δόγμα
1066 1853 1228 1904 τινῶν
1289 1848 1463 1903 αὐτῶν
1520 1847 1788 1922 λεγόντων
1845 1849 1989 1937 τᾶΒ

253 1941 433 2010 νοητὰ
459 1941 634 1994 πάντα
677 1939 766 1994 καὶ
825 1939 1084 2005 ἀθάνατα,
1129 1938 1221 1993 καὶ
1270 1939 1431 2012 νοερὰ
1464 1938 1695 2012 γεννητά
1737 1937 1908 1992 πάντα

251 2030 345 2085 καὶ
380 2029 646 2102 ἀγέννητα
679 2048 690 2060 °
742 2027 974 2103 γεννητᾶ
1023 2028 1142 2099 μὶν,
1194 2029 1270 2088 ὡς
1328 2027 1378 2096 ἐξ
1429 2026 1606 2080 αἱτίου
1652 2031 1750 2080 τοῦ
1775 2030 1908 2082 Θεοῦ

251 2118 567 2175 ὑποστάντα
621 2117 754 2171 κατὰ
802 2115 1037 2190 πρόοδον
1089 2113 1418 2188 ἐλλάμψεως
1452 2135 1465 2148 ·
1521 2115 1788 2189 ἀγέννητα
1827 2114 1905 2182 δὲ,

250 2208 375 2271 καθ’
405 2209 434 2262 ’ὁ
469 2208 547 2280 μή
580 2205 634 2261 ὲν
666 2205 873 2281 χρόνῳ,
925 2203 1051 2260 ἀλλ’
1095 2204 1351 2272 αἰωνίως,
1391 2204 1663 2259 τουτέστιν
1707 2205 1758 2258 ἐν
1790 2210 1906 2266 τοῖς

250 2297 418 2352 αἰῶσι
485 2293 786 2371 προῆλθον.
839 2293 942 2350 Καὶ
995 2293 1095 2368 γὰρ
1148 2288 1354 2370 ἔφημεν
1412 2291 1522 2347 ἅνω
1566 2293 1634 2348 τὰ
1681 2293 1910 2363 αἰσθητά

248 2388 343 2441 τὸν
377 2385 579 2460 χρόνον
615 2382 760 2458 ἔχειν
794 2402 808 2416 ο
839 2383 907 2437 τὰ
955 2380 1013 2437 δὲ
1057 2383 1247 2453 νοητὰ,
1297 2382 1390 2437 τὸν
1438 2381 1628 2451 αἰῶνα,
1667 2384 1786 2446 ὅθεν
1817 2383 1904 2438 καὶ

253 2474 455 2530 αἰώνια
487 2473 758 2548 λέγονται.
809 2474 898 2535 Ὠς
941 2470 1031 2527 οῦν
1085 2471 1140 2526 ἐκ
1190 2469 1430 2544 προόδου
1481 2469 1771 2545 λάμψαντα
1819 2472 1907 2526 καὶ

249 2564 534 2638 ἀγέννητα
561 2561 696 2618 αὐτὰ
747 2564 901 2617 εἷπον
932 2579 945 2593 ’
996 2561 1160 2617 πάλιν
1211 2556 1332 2635 ᾔδει
1385 2559 1598 2635 ἐτέρους
1638 2561 1724 2615 καὶ
1758 2557 1910 2615 τόνδε

249 2657 351 2708 τοῦ
383 2653 587 2728 ὁρατοῦ
638 2650 884 2712 εἰπόντας
931 2651 1136 2724 κόσμον
1183 2648 1271 2704 καὶ
1321 2650 1578 2723 γεννητὸν
1620 2650 1711 2703 καὶ
1754 2649 1908 2723 ἀγέν-

250 2763 423 2812 νητον
456 2759 469 2772 ’
499 2739 589 2794 καὶ
619 2740 876 2815 γεννητὸν
906 2739 1022 2812 μὲν,
1068 2740 1186 2802 καθ’
1214 2736 1338 2792 ὅσον
1390 2737 1463 2798 εἲς
1492 2735 1647 2792 τόνδε
1671 2739 1733 2792 τὸ
1762 2743 1864 2792 πᾶν
1892 2755 1906 2769 ·

248 2830 287 2900 ἤ
324 2830 380 2901 ἐξ
405 2829 523 2890 ἑνὸς
556 2829 643 2883 ἐπὶ
694 2825 882 2882 πολλὰ
933 2824 1128 2897 ὁδεύει,
1173 2826 1305 2900 ὅπερ
1355 2825 1467 2881 ἐστί
1525 2825 1610 2880 ἐπὶ
1642 2828 1736 2887 τὰς
1763 2825 1909 2902 γενὲο

250 2939 366 2980 σεις
394 2923 505 2972 τῶν
541 2917 659 2971 κατ’
693 2913 835 2977 εἶδος
869 2916 1045 2984 ζώων,
1077 2914 1167 2969 καὶ
1195 2919 1398 2992 φυτῶν,
1425 2914 1514 2968 καὶ
1544 2919 1651 2968 τῶν
1687 2913 1870 2969 ἄλλων
1894 2934 1906 2946 ο

247 3006 287 3076 ἤ
343 3007 407 3062 tu
456 3011 565 3061 τῶν
618 3003 844 3060 πολλῶν
895 3003 982 3058 ἐπὶ
1039 3004 1103 3058 τὸ
1153 3000 1234 3068 ἓν,
1289 3003 1405 3058 ἀντὶ
1454 3007 1574 3070 τοῦ,
1637 3001 1763 3057 ὅταν
1822 3002 1908 3057 ἐπὶ

251 3095 467 3172 φθορὰν
527 3091 729 3168 ὅδεύῃ,
772 3093 848 3155 εἷς
905 3095 1004 3162 τὴν
1052 3092 1136 3146 ἐπὶ
1187 3092 1254 3146 τὰ
1307 3097 1559 3167 στοιχεῖα
1606 3089 1861 3145 ἀνάλυσιν
1895 3111 1907 3124 ’

249 3183 549 3257 ἀγέννητον
582 3180 640 3236 δὲ
669 3181 820 3244 αὖθις
867 3181 960 3236 τὸν
1009 3180 1173 3236 αὐτὸν
1229 3182 1482 3256 λέγοντας
1522 3180 1752 3252 κόσμον,
1784 3177 1908 3248 ἤτοι

302 3239 313 3257 .
441 3239 451 3252 .
808 3239 818 3244 -
1304 3239 1314 3256 .
1469 3239 1480 3242 -
1628 3239 1638 3252 .
1742 3239 1752 3248 .
1809 3239 1818 3248 .

252 3270 458 3340 ἀίδιον,
492 3273 610 3326 καθ’
643 3272 766 3326 ὅσον
815 3275 922 3326 τῶν
973 3272 1239 3340 κινήσεων
1284 3273 1392 3325 τῶν
1442 3269 1528 3324 ἐπὶ
1569 3268 1796 3343 γένεσιν,
1819 3270 1910 3324 καὶ
1943 3239 1984 3304 C

253 3367 364 3416 τῶν
403 3361 926 3416 ἀποκατάαστασεων
952 3364 1060 3414 τῶν
1095 3357 1182 3414 ἐπὶ
1231 3359 1456 3437 φθορὰν,
1488 3355 1747 3412 οὐδέποτε
1795 3359 1910 3412 κατ’

256 3450 460 3512 αὐτοὺς
492 3449 789 3527 ἐφίσταται.
825 3451 1000 3519 Φησὶν
1037 3448 1129 3503 οῦν
1161 3449 1189 3502 ὁ
1233 3448 1402 3522 μὲγας
1431 3447 1732 3516 Διονύσιος,
1761 3446 1910 3509 ὅπως

255 3541 384 3594 ποτ’
414 3542 473 3593 ἂν
505 3539 718 3614 λέγοιτο
766 3538 828 3592 τὸ
876 3539 1188 3612 ἀγέννητον,
1231 3535 1335 3590 εἷίτε
1385 3535 1456 3598 ὠς
1503 3531 1658 3612 ἔφην,
1704 3533 1807 3590 εἷίτε
1838 3536 1913 3598 ὡς

258 3629 316 3684 οἴ
365 3627 666 3698 Ἕλληνες,
719 3628 794 3698 μή
850 3625 934 3680 ἐπὶ
987 3629 1088 3680 τοῦ
1140 3629 1274 3680 Θεοῦ
1321 3630 1482 3678 τοῦτο
1534 3621 1679 3699 δέξῃ,
1719 3626 1786 3678 τὰ
1819 3626 1912 3696 μὲν

256 3715 410 3772 ἄλλα
448 3715 704 3778 αἷτιατῶς
738 3715 950 3792 λέγεται
1003 3715 1283 3790 ἀγέννητα,
1318 3715 1345 3767 6
1395 3714 1524 3777 Θεὸς
1571 3710 1628 3768 δὶ
1659 3713 1912 3775 ἀναιτίως

255 3807 349 3861 καὶ
408 3802 702 3866 ἀπολότως
734 3825 748 3839 ·
807 3805 890 3867 τίς
938 3803 1037 3879 γὰρ
1096 3803 1239 3858 αἰτία
1286 3807 1401 3876 Θεῷ
1441 3803 1654 3858 πάντων
1711 3802 1911 3873 ἀπαξα-

256 3895 422 3956 πλῶς
441 3893 766 3968 ὗπερέχοντι
798 3911 811 3961 ;

2028 587 2241 655 nitum,
2294 605 2400 644 nec
2431 590 2650 662 aliquid
2685 593 2869 651 aliud.
2916 599 3216 661 Quomodo
3247 599 3428 669 igitur
3471 602 3678 659 debeat

2027 676 2276 748 intelligi
2313 679 2644 747 ingenitum,
2670 689 2870 753 postea
2893 685 3052 740 dicit.
3081 687 3208 742 Haec
3231 693 3425 742 autem
3475 695 3675 744 contra

2031 766 2272 821 Arianos
2324 773 2379 822 et
2429 770 2826 827 Eunomianos
2878 774 3117 844 faciunt,
3150 777 3248 846 qui
3281 793 3348 831 ex
3379 776 3575 848 genito
3623 783 3680 834 et

2024 853 2297 925 ingenito.
2321 856 2748 929 blasphemiam
2783 861 2896 918 Deo
2931 863 3209 919 inferunt.

2093 961 2201 1016 Sed
2244 971 2508 1033 tanquam
2555 966 2742 1020 omina
2787 967 3120 1038 ingenitum.
3165 970 3674 1042 Quandoquidem,

2025 1054 2090 1104 ut
2120 1051 2220 1121 ait,
2273 1051 2455 1107 Deum
2515 1055 2616 1124 qui
2665 1073 2846 1127 supra
2912 1075 3086 1112 omne
3133 1058 3485 1130 ingenitum,
3541 1061 3676 1117 facit

2023 1139 2373 1209 existimari,
2422 1147 2479 1197 et
2508 1143 2699 1199 dicere
2730 1144 2924 1216 ipsum
2957 1163 3025 1201 ex
3055 1148 3162 1202 hoc
3196 1165 3324 1203 esse
3355 1148 3551 1219 aliqua
3583 1151 3674 1205 in-

2023 1235 2225 1284 sancta
2257 1229 2544 1286 Trinitate
2574 1232 2838 1304 ingenita
2869 1252 2969 1306 per
2998 1236 3348 1292 creationem
3377 1255 3391 1306 ;
3425 1240 3670 1309 agedum

2022 1317 2396 1388 perspicuum
2449 1320 2734 1378 faciamus
2767 1322 2822 1376 id
2854 1325 3008 1395 quod
3043 1324 3428 1395 signiﬁcatur.
3461 1329 3671 1383 Hacte-

2021 1422 2135 1460 nus
2167 1407 2545 1462 manifestum
2579 1414 2669 1464 est
2689 1427 2722 1464 a
2753 1410 3040 1483 principio
3060 1417 3116 1468 S.
3141 1413 3506 1485 Dionysium,
3534 1431 3668 1471 cum

2021 1495 2276 1549 maxime
2311 1501 2435 1550 tum
2460 1499 2741 1569 temporis
2774 1499 3108 1572 philosophi
3134 1501 3346 1572 Ephesi
3375 1502 3667 1574 ﬂorerent,

2022 1584 2120 1637 ubi
2170 1583 2347 1640 etiam
2391 1586 2582 1642 Ionica
2638 1587 3009 1660 philosophia
3066 1591 3393 1645 constituta
3453 1591 3665 1662 fuerat,

2020 1676 2226 1727 sancto
2275 1674 2582 1730 Timotheo
2627 1676 2925 1749 episcopo,
2959 1679 3259 1734 studuisse
3291 1679 3490 1734 omnia
3541 1697 3666 1751 qua:

2021 1761 2093 1815 ab
2138 1759 2256 1816 illis
2289 1779 2422 1817 cum
2455 1779 2648 1819 errore
2679 1765 2976 1834 dicuntur,
3007 1768 3076 1822 ad
3111 1767 3411 1824 veritatem
3459 1770 3667 1823 tradu-

2020 1865 2171 1904 cere.
2203 1850 2435 1906 Sciebat
2465 1851 2647 1924 igitur
2677 1864 2804 1909 esse
2835 1856 3052 1926 dogma
3081 1859 3476 1927 quorumdam
3501 1858 3665 1929 ipso-

2020 1955 2148 1992 rum
2183 1938 2501 1994 dicentium
2533 1943 2732 1997 omnia
2767 1943 3164 2016 intelligibilia
3195 1950 3251 2000 et
3279 1946 3662 2014 immortalia,

2017 2031 2074 2081 et
2124 2027 2422 2083 intellectu
2472 2031 2713 2101 praedila
2760 2034 2957 2102 genita
3007 2035 3205 2088 omnia
3255 2041 3311 2089 et
3362 2035 3660 2107 ingenita:

2015 2115 2214 2186 genita
2243 2117 2501 2186 quidem,
2536 2124 2602 2174 ut
2622 2119 2738 2174 Deo
2769 2126 3005 2177 auctore
3035 2123 3420 2178 subsistentia
3451 2140 3662 2179 secun-

2017 2205 2158 2259 dum
2189 2222 2563 2277 progressum
2591 2208 2999 2266 illustrationis
3025 2231 3039 2279 ;
3073 2211 3338 2282 ingenita
3360 2229 3494 2268 vero
3515 2230 3661 2284 qua-

2017 2298 2191 2349 tenus
2221 2312 2336 2350 non
2369 2296 2426 2350 in
2468 2301 2751 2368 tempore,
2783 2299 2883 2354 sed
2916 2305 3223 2369 aeternum,
3256 2301 3311 2354 id
3341 2306 3429 2357 est
3465 2302 3521 2355 in
3556 2319 3669 2357 saa-

2019 2382 2167 2437 culis
2201 2390 2629 2454 processerunt.
2653 2386 2797 2441 Nam
2852 2405 3036 2458 supra
3089 2389 3345 2444 diximus
3405 2389 3670 2447 sensillia

2018 2470 2232 2526 habere
2279 2477 2543 2544 tempus;
2607 2474 3004 2546 intelligibilia
3051 2493 3208 2544 vero,
3256 2479 3667 2548 aeternitatem,

2018 2562 2172 2616 unde
2221 2562 2398 2618 etiam
2429 2568 2644 2618 aaterna
2674 2565 2974 2622 dicuntur.
3025 2566 3189 2622 Sicut
3218 2567 3399 2640 igitur
3429 2586 3497 2624 ex
3532 2585 3669 2641 pro-

2017 2665 2224 2720 gressu
2271 2649 2528 2706 lucentia
2576 2656 2634 2706 et
2661 2652 2924 2724 ingenita
2953 2670 3021 2708 ea
3073 2655 3384 2713 dixerunt:
3437 2663 3663 2722 contra,

2019 2739 2238 2794 sciebat
2288 2739 2433 2794 alios
2485 2740 2702 2796 dixisse
2754 2743 3044 2798 mundum
3079 2744 3235 2799 hunc
3287 2746 3552 2813 genitum
3605 2750 3663 2801 et

2018 2828 2390 2899 ingenitum:
2440 2845 2507 2883 ac
2543 2830 2807 2900 genitum
2841 2833 3100 2902 quidem,
3136 2839 3428 2904 quatenus
3457 2835 3515 2888 in
3558 2835 3667 2889 hoc

2019 2917 2307 2988 quidlibet
2353 2923 2457 2973 aut
2486 2934 2556 2972 ex
2587 2935 2703 2974 uno
2737 2921 2795 2974 in
2838 2920 3024 2976 multa
3057 2922 3450 2993 progreditur,
3512 2923 3671 2993 quod

2019 3012 2108 3063 est
2181 3007 2238 3060 in
2314 3008 2722 3077 generationes
2798 3008 3242 3080 particularium
3321 3011 3672 3066 animalium

2020 3101 2076 3151 et
2131 3095 2494 3167 plantarum,
2553 3113 2620 3152 ac
2677 3097 2926 3153 aliorum
2983 3117 2996 3165 ;
3058 3104 3161 3154 aut
3228 3117 3296 3154 ex
3352 3099 3556 3155 multis
3613 3100 3673 3154 in

2023 3202 2231 3250 unum,
2284 3201 2410 3256 pro,
2459 3187 2697 3257 quando
2747 3188 2804 3241 in
2855 3189 3290 3257 corruptionem
3343 3189 3549 3255 tendit,
3612 3189 3672 3242 in

2023 3272 2443 3329 resolutionem
2495 3275 2644 3332 205
2698 3276 2756 3330 in
2805 3276 3115 3332 elementa.
3159 3278 3491 3349 Ingenitum
3542 3293 3676 3332 vero

2025 3369 2227 3433 postea
2260 3362 2524 3419 dicentes
2559 3364 2755 3435 ipsum
2792 3366 3100 3431 mundum,
3139 3366 3364 3422 scilicet
3398 3371 3678 3420 mternum

2022 3457 2317 3523 quatenus
2370 3455 2695 3508 secundum
2730 3453 2889 3524 ipsos
2921 3471 3227 3525 nunquam
3278 3455 3499 3510 insistit
3549 3471 3679 3510 mo-

2021 3540 2283 3595 tionibus
2305 3556 2434 3610 quae
2459 3541 2515 3594 in
2543 3541 3044 3611 generationibus,
3070 3547 3247 3612 atque
3271 3544 3330 3597 in
3356 3544 3673 3614 pristinum

2023 3633 2243 3682 statum
2296 3628 2770 3684 restitutionibus
2821 3646 2947 3699 qua:
2980 3630 3037 3683 in
3087 3630 3460 3702 corruptione
3506 3647 3672 3702 repe-

2022 3717 2278 3771 riuntur.
2311 3716 2463 3772 Dicit
2492 3717 2694 3788 itaque
2724 3734 2977 3787 magnus
3001 3717 3319 3789 Dionysius
3352 3719 3668 3788 quomodo-

2023 3821 2255 3875 cunque
2287 3804 2604 3874 aliquando
2635 3805 2864 3859 dicatur
2897 3804 3248 3875 ingenitum,
3283 3805 3401 3860 sive
3434 3811 3499 3859 ut
3527 3804 3668 3869 dixi,

2027 3893 2148 3948 sive
2197 3898 2262 3948 ut
2292 3893 2494 3958 Graeci,
2528 3910 2641 3948 non
2675 3893 2744 3947 de
2781 3893 2898 3948 Deo
2931 3893 3040 3948 hoo
3079 3893 3352 3965 accipies,
3385 3892 3499 3949 alia
3539 3893 3672 3965 qui-

252 3987 396 4041 dem
448 4001 555 4056 per
601 3984 842 4040 modum
891 3982 1132 4038 etl'ectus
1183 3981 1444 4055 ingenita
1491 3981 1800 4048 dicuntur;
1849 3981 2000 4038 Deus
2065 3998 2200 4037 vero
2232 3981 2358 4036 sine
2389 3996 2567 4035 causa
2596 3985 2652 4035 et
2683 3979 2901 4036 libere:
2937 3997 3063 4052 quae
3094 3983 3250 4037 enim
3283 3983 3420 4051 Deo,
3471 3999 3671 4054 causa,

256 4073 536 4130 absolute
566 4077 623 4128 et
651 4072 924 4129 omnibus
954 4069 1233 4126 excellit?

327 4174 641 4239 Μονοειδῶς
689 4176 780 4232 καὶ
847 4172 1192 4237 ταῦτοειδῶς.
1273 4172 1586 4236 Μονοειδῶς
1663 4175 1755 4248 μὲν
1810 4172 1910 4252 ἔφη

250 4266 348 4323 ὃιᾶ
398 4269 460 4322 τὸ
535 4264 818 4328 παντελῶς
872 4259 1258 4338 ἀπαραὸλητον
1306 4265 1403 4335 τῆς
1456 4262 1599 4328 θείας
1654 4262 1863 4341 φύσεως
1897 4283 1909 4297 ⁸

245 4350 584 4414 ταῦτοειδῶς
616 4350 674 4408 δὲ
725 4350 814 4406 διὰ
857 4352 922 4407 τὸ
973 4349 1346 4406 ἀναλλοίωτον
1396 4355 1486 4405 καὶ
1533 4346 1914 4422 ἀμετάϐλητον

245 4441 658 4521 ἀφοριζόμενον
702 4439 760 4496 δὲ
805 4441 868 4496 τὸ
906 4437 1276 4514 δεικνύμενον,
1310 4439 1414 4496 ἀπὸ
1445 4443 1540 4494 τοῦ
1571 4439 1772 4514 ὁρίζειν
1808 4459 1820 4472 ·
1873 4438 1908 4508 ἤ

239 4534 313 4588 τὸ
345 4532 684 4608 ἐξῃρημένον
713 4530 804 4586 καὶ
835 4529 1266 4607 κεχωρισμένον.

329 4709 430 4766 Καὶ
461 4709 522 4764 τὸ
560 4707 773 4764 ταύτόν.
826 4709 902 4766 Τὸ
962 4707 1042 4763 ἀεὶ
1090 4705 1283 4762 ταῦτδν
1331 4705 1420 4760 καὶ
1469 4706 1727 4768 ὠσαότως
1774 4701 1900 4782 ἕχον

2099 4177 2385 4246 Uni/orme
2416 4176 2668 4247 idemque
2711 4176 2912 4247 specie,
2973 4178 3068 4232 Gr.
3102 4173 3396 4248 μονοειδῶς
3437 4176 3528 4230 καὶ
3553 4175 3678 4230 ταύ-

2020 4260 2269 4325 τοειδῶς.
2294 4264 2450 4321 Dixit
2476 4260 2779 4336 μονοειδῶς
2803 4281 2918 4320 uno
2943 4266 3137 4333 modo,
3163 4266 3303 4337 quia
3325 4266 3564 4322 omnino
3587 4266 3676 4320 di-

2020 4353 2158 4408 vina
2191 4359 2402 4409 natura
2425 4371 2558 4409 cum
2585 4353 2746 4408 nullo
2772 4354 3100 4425 comparari
3131 4354 3355 4425 nequit.
3381 4353 3534 4408 Dixit
3551 4350 3677 4406 ταό·

2019 4437 2244 4502 τοειδῶς
2273 4460 2285 4509 ;
2320 4443 2524 4498 eodem
2561 4443 2756 4509 modo,
2774 4443 2912 4513 quia
2944 4459 3047 4498 nec
3073 4442 3304 4497 alterari
3339 4458 3441 4496 nec
3459 4441 3674 4496 mutari

2022 4535 2234 4602 potest.
2268 4529 2698 4606 Ἀφοριζόμενον
2721 4547 2857 4586 vero
2890 4535 2981 4586 est
3001 4532 3471 4586 demonstratum
3496 4548 3529 4586 a
3550 4546 3672 4584 ver-

2017 4619 2092 4674 bo
2125 4618 2372 4690 ὁρίζειν,,
2405 4625 2508 4675 aut
2532 4624 2870 4690 exemptum
2903 4624 2960 4674 et
2990 4623 3348 4690 separatum.

2085 4709 2148 4762 Et
2178 4710 2342 4764 idem.
2394 4709 2637 4779 Semper
2668 4707 2822 4762 idem
2855 4712 2910 4762 et
2941 4706 3214 4761 similiter
3244 4722 3306 4762 se
3349 4705 3571 4760 habens
3606 4705 3665 4760 in

244 4801 344 4858 ἰπὶ
384 4799 558 4873 μόνης
587 4807 686 4870 τῆς
718 4802 828 4855 τῶν
871 4798 1016 4854 ὅλων
1070 4804 1365 4868 ποιητικῆς
1399 4795 1585 4870 ὁρᾶται
1625 4797 1824 4868 αἰτίας,
1852 4796 1900 4868 ἐξ

2025 4795 2139 4851 sola
2170 4813 2349 4851 causa
2371 4813 2499 4866 quae
2522 4797 2722 4851 omnia
2749 4796 2938 4851 facere
2969 4801 3157 4867 potest
3179 4795 3426 4859 videtur,
3461 4810 3527 4847 ex
3551 4810 3667 4864 qua

238 4894 317 4961 ἧς
355 4889 450 4943 καὶ
501 4894 614 4951 τοῖς
654 4888 908 4958 κτίσμασι
948 4887 1011 4942 τὸ
1060 4886 1111 4941 ἐν
1165 4885 1453 4955 ταυτότητι
1503 4882 1772 4957 διαμένειν
1821 4881 1904 4939 δε-

243 4979 526 5054 δώρηται,
557 4979 644 5032 καὶ
678 4980 712 5048 ἡ
762 4981 870 5032 τῶν
917 4975 1196 5047 ἐναντίων,
1241 4973 1412 5050 ἤγουν
1466 4973 1718 5049 ὲτεροίως
1747 4973 1906 5049 ἐχόνο

238 5091 364 5124 των
398 5068 534 5142 πρὸς
567 5065 791 5137 ἄλληλα
835 5065 1094 5138 σύνταξις.
1139 5063 1362 5126 Ταῦτῶς
1411 5061 1502 5118 οὗν
1534 5063 1692 5132 ἅπαν,
1724 5062 1811 5118 καὶ
1841 5061 1908 5118 τὰ

245 5159 335 5232 μή
371 5155 425 5211 ἐν
457 5155 748 5226 ταύτότητι
780 5154 1011 5232 φύσεως,
1055 5153 1107 5208 ἐν
1137 5157 1215 5224 τῷ
1243 5153 1359 5224 Θεῴ
1391 5154 1672 5227 θεωρεῖται
1705 5169 1718 5185 ’
1768 5153 1906 5206 πάν-

236 5268 362 5302 των
410 5245 511 5322 γὰρ
562 5249 670 5300 τῶν
726 5240 892 5301 ὄντων
942 5241 1173 5313 ταύτῶς,
1227 5237 1392 5316 ἤγουν
1450 5239 1682 5315 ὁμοίως,
1733 5237 1907 5302 αἷίτιος

233 5337 269 5390 ὁ
307 5333 468 5396 Θεός.

322 5423 481 5480 Κατᾶ
527 5424 627 5492 τὴν
691 5421 817 5495 μίαν
867 5421 957 5477 καὶ
1009 5419 1213 5490 ἒνικήν.
1263 5417 1459 5487 Τὸιάεὶ
1520 5415 1778 5480 ὡσαύτως
1816 5415 1903 5471 καὶ

233 5510 650 5574 ἇναλλοιώτως
690 5510 861 5589 ἔχειν,
913 5505 1043 5583 ὅπερ
1093 5507 1203 5563 ἐστὶ
1247 5506 1461 5577 ταύτὸν,
1511 5507 1540 5560 6
1588 5507 1716 5569 Θεός
1750 5507 1861 5561 ἐστι
1889 5524 1902 5539 ο

231 5601 344 5660 καὶ
377 5601 465 5677 ὑφ’
523 5600 708 5675 ἑτέρου
755 5599 850 5675 μὲν
912 5597 1076 5661 αὐτὸς
1123 5595 1184 5651 οὐ
1241 5599 1590 5672 περατοῦται,
1637 5593 1751 5651 οὐδ’
1794 5593 1905 5650 ἐστί

234 5711 297 5747 τι
339 5687 511 5744 αὐτοῦ
538 5689 725 5764 πέρας,
760 5685 836 5751 είς
886 5684 1044 5742 αὐτὸν
1097 5681 1154 5741 ὃὶ
1195 5683 1265 5740 τὰ
1305 5685 1479 5739 πάντα
1526 5688 1854 5761 περατοῦταῖ
1885 5699 1900 5718 ο

2016 4885 2192 4939 etiam
2226 4886 2428 4940 datum
2453 4890 2541 4940 est
2572 4885 2858 4940 creaturis
2889 4883 2945 4938 in
2973 4882 3273 4938 identitate
3301 4898 3664 4954 permanere,

2015 4973 2393 5029 etcontrariis
2416 4990 2516 5028 seu
2544 4973 2716 5028 aliter
2735 4971 3088 5027 habentibus
3112 4971 3262 5024 inter
3284 4987 3345 5024 se
3363 4970 3664 5040 conjungi.

2015 5062 2231 5118 Eodem
2270 5062 2441 5118 modo
2477 5061 2656 5133 igitur
2681 5062 2902 5126 omnia,
2936 5061 3109 5115 etiam
3145 5076 3272 5130 quae
3306 5075 3420 5113 non
3447 5066 3586 5113 sunt
3610 5059 3666 5113 in

2015 5152 2217 5206 eadem
2253 5155 2483 5217 natura,
2516 5151 2574 5204 in
2608 5150 2724 5204 Deo
2751 5148 3055 5203 videntur:
3092 5165 3224 5203 nam
3255 5153 3410 5204 Deus
3440 5152 3529 5203 est
3547 5144 3670 5200 ταύ-

2012 5241 2122 5298 τῶς
2154 5255 2255 5294 seu
2289 5239 2566 5295 similiter
2597 5236 2862 5293 omnium
2893 5251 3074 5291 eausa

2086 5418 2397 5474 Secundum
2417 5435 2586 5472 unam
2611 5423 2772 5487 atque
2795 5414 3040 5468 unicam.
3065 5413 3308 5484 Semper
3328 5413 3598 5471 similiter
3610 5422 3666 5470 et

2011 5507 2466 5563 immutabiliter
2497 5506 2729 5574 habere,
2764 5503 2919 5575 quod
2949 5502 3103 5556 idem
3137 5509 3246 5571 est,
3278 5502 3430 5557 Deus
3463 5511 3570 5558 est.
3599 5505 3664 5560 Et

2012 5595 2142 5667 ipse
2173 5594 2414 5666 quidem
2446 5593 2518 5648 ab
2544 5590 2654 5648 alio
2677 5607 2790 5648 non
2816 5589 3188 5656 terminatur,
3215 5605 3316 5644 nec
3337 5594 3425 5645 est
3446 5590 3661 5664 aliquis

2013 5683 2142 5756 ejus
2194 5682 2352 5751 ﬁnis,
2383 5681 2481 5740 sed
2514 5679 2712 5737 omnia
2742 5677 2803 5735 in
2849 5677 2978 5753 ipso
3009 5677 3438 5750 terminantur;
3487 5688 3664 5753 atque
