4034 6214
356 395 462 450 375

1176 390 1540 444 APPENDIX
1578 389 1676 440 AD
1711 386 1957 440 OPERA
1992 386 2050 438 S.
2091 385 2402 440 DIONYSII
2442 387 2943 445 AREOPAGITE.

3668 386 3780 440 3’76

355 518 513 574 idem
532 530 763 586 semper
790 516 879 570 est
908 512 1080 580 Deus,
1102 526 1236 566 cum
1259 509 1338 566 sit
1360 526 1567 565 monas
1595 525 1660 563 ac
1683 522 1814 563 vere
1843 506 2000 562 idem

2142 502 2206 557 :ai
2240 500 2380 559 ἔστιν
2429 505 2456 560 ὁ
2508 505 2671 569 αὐτὸς
2715 508 2793 562 ἀεὶ
2851 509 3002 575 Θεὸς,
3057 509 3142 568 ὡς
3207 504 3374 580 μονὰς
3432 505 3528 577 ὥν,
3582 505 3674 561 καὶ
3721 494 3781 561 τὸ

363 607 575 677 suique
596 603 788 675 ipsius
810 600 1124 668 terminus,
1145 603 1320 670 atque
1345 599 1610 654 ominum
1634 595 1924 652 terminus
1947 593 2017 649 ab

361 693 636 749 omnibus
653 690 1030 758 discretus,et
1057 704 1172 742 uno
1196 687 1518 757 eodemque
1533 685 2016 740 modotranscen-

360 785 548 849 dens;
601 781 660 836 id
691 784 781 834 est
809 784 1104 851 quatenus
1135 781 1225 832 est
1255 792 1460 831 monas
1493 774 1639 830 nulli
1671 773 1848 829 mista
1881 771 2020 826 sim-

358 871 498 944 plex
529 873 699 939 atque
729 865 865 920 κατὰ
893 867 953 920 τὸ
982 864 1174 919 ταύτόν
1209 882 1313 921 seu
1345 863 1619 919 similiter
1661 879 1724 917 se
1755 862 2010 916 habens:

360 958 509 1016 nihil
539 959 697 1013 enim
731 957 924 1012 differt
954 956 1145 1010 dicere
1179 954 1430 1009 monada
1453 957 1554 1008 aut
1575 951 1938 1016 uniusmodi,
1964 952 2021 1004 et

360 1049 515 1103 idem
548 1050 649 1102 aut
665 1044 956 1117 ejusmodi
984 1044 1167 1098 :idem
1185 1042 1336 1099 enim
1351 1041 1662 1114 signiﬁcat.
1686 1040 1839 1093 Deus
1855 1055 2016 1093 com-

365 1135 630 1191 municat
655 1133 835 1188 etiam
868 1131 994 1187 suis
1026 1127 1718 1194 creaturisidentitatem,
1741 1127 1892 1181 unde
1907 1141 2021 1179 om-

367 1223 467 1280 nia
479 1223 683 1278 eadem
699 1225 756 1277 et
769 1219 1062 1284 similiter,
1082 1217 1582 1290 quemadmodum
1599 1218 1786 1284 erant,
1801 1213 1858 1268 in
1879 1229 2018 1268 con-

365 1312 686 1383 spiratione
714 1315 772 1366 et
804 1307 1265 1376 conservatione,
1299 1323 1366 1362 ac
1406 1307 1609 1362 eodem
1643 1304 1851 1359 affectu
1897 1319 2023 1358 ma-

370 1406 528 1469 nent,
600 1402 754 1456 sicut
813 1401 1060 1470 possunt
1119 1413 1246 1469 quae
1320 1395 1430 1451 hoc
1493 1394 1870 1466 participant.
1938 1391 2024 1444 Ita

367 1491 543 1547 eliam
599 1487 986 1554 diversitates,
1021 1487 1076 1541 id
1125 1490 1235 1556 est,
1297 1485 1560 1540 diversas
1615 1499 1683 1538 ex
1739 1497 1805 1536 eo
1863 1495 2024 1536 crea-

373 1585 639 1636 turarum
673 1576 1116 1649 progressiones
1150 1575 1210 1629 in
1243 1573 1437 1645 seipso
1469 1574 1777 1628 conservat
1807 1573 1864 1624 et
1894 1586 2026 1625 con-

369 1667 610 1740 jungit:
661 1665 840 1721 simul
873 1665 1242 1720 identitatem
1299 1679 1466 1719 suam
1499 1661 1780 1728 retinens,
1812 1664 1869 1715 et
1926 1673 2024 1713 ne-

379 1773 492 1828 que
523 1757 581 1812 in
634 1754 1029 1810 diversitatem
1065 1757 1352 1822 mutatus,
1383 1767 1572 1823 neque
1604 1751 1662 1805 in
1708 1748 2024 1804 contrarie-

379 1849 584 1913 tatem,
616 1844 879 1917 quamvis
905 1842 1079 1898 etiam
1111 1841 1405 1898 contraria
1429 1841 1489 1895 in
1520 1838 1838 1896 sensilibus
1883 1853 2024 1893 con-
2055 1876 2104 1942 B

383 1935 657 2007 stringat.

449 2116 478 2188 ἓ
503 2115 570 2170 ν.
605 2115 750 2184 Quia
774 2114 986 2171 cunctis
1015 2111 1265 2186 provide.
1295 2109 1664 2167 Constructio
1686 2109 1864 2179 hujus
1897 2124 2026 2162 ora-

375 2204 556 2260 tionis
586 2209 676 2261 est
707 2220 809 2276 per
838 2203 1244 2275 trajectionem
1279 2201 1432 2257 200
1458 2199 1762 2255 referenda
1792 2198 1862 2253 ad
1899 2194 2023 2266 οἰη-

373 2294 518 2362 τέον,
550 2298 617 2348 ut
649 2293 726 2349 sit
757 2292 890 2348 ﬁnis
931 2290 1379 2360 existimandus,
1415 2287 1692 2360 quoniam
1720 2288 1867 2342 Deus
1891 2302 2023 2357 pro-

372 2382 630 2439 videntia
649 2383 814 2438 adest
845 2381 1144 2449 omnibus,
1179 2384 1237 2434 et
1267 2395 1394 2450 quae
1425 2378 1722 2449 deinceps.

447 2481 599 2536 Sicut
645 2481 793 2537 enim
821 2479 873 2536 si
901 2481 1166 2534 animam.
1200 2476 1347 2532 Vide
1376 2475 1671 2548 quomodo
1693 2473 1865 2528 liceat
1898 2472 2026 2528 ani-

375 2587 533 2627 mam
565 2571 739 2626 modo
771 2585 1046 2640 corporeo
1065 2564 1411 2638 intelligere,
1445 2569 1500 2619 et
1531 2563 1822 2635 quomodo
1854 2561 2025 2617 intel-

377 2659 527 2732 ligat
557 2659 730 2714 modo
762 2673 1038 2729 corporeo
1077 2671 1205 2711 esse
1236 2659 1429 2725 partes
1460 2652 1743 2724 quasdam
1773 2650 1980 2706 animae
2008 2667 2021 2704 :

375 2747 623 2820 pulchre
651 2747 808 2802 enim
839 2745 1027 2817 ipsam
1062 2758 1330 2799 sermone
1361 2741 1604 2812 efﬁngit.

451 2835 714 2891 Partium
741 2833 974 2906 experti.
1006 2831 1215 2887 Anima
1247 2847 1362 2886 non
1394 2834 1484 2885 est
1501 2828 1848 2902 simpliciter
1879 2827 2026 2882 indi-

375 2925 585 2981 vidua:
619 2925 720 2980 sed
747 2928 1012 2995 respectu
1045 2920 1306 2991 corporis
1339 2917 1644 2972 individua
1684 2933 1697 2972 :
1730 2934 1864 2972 nam
1897 2919 2024 2987 ejus

377 3023 573 3085 partes
597 3012 903 3068 facultates
925 3011 1089 3078 dicit,
1112 3009 1182 3064 ad
1211 3024 1461 3080 quarum
1485 3006 1802 3078 imaginem
1839 3021 2024 3077 quan-

379 3103 572 3174 doque
600 3104 796 3172 partes
828 3098 1089 3170 corporis
1116 3100 1455 3152 sumuntur.

449 3189 964 3260 Explanationibus,
999 3183 1366 3253 ἀναπτύξεσιν.
1408 3180 1728 3254 Ἀνάπτυξιν
1774 3199 1904 3238 vero
1933 3182 2022 3237 di-

376 3279 452 3334 cit
484 3277 931 3351 eXplicationem
964 3293 1065 3332 seu
1101 3273 1635 3330 manifestationem
1667 3273 2020 3328 abscondita;
2055 3242 2098 3309 (ἶ

373 3367 434 3422 in
467 3367 722 3423 dictione
748 3363 1236 3438 signiﬁcationis;
1289 3359 1729 3434 ἀνακαθαίρεσθαι
1763 3377 1895 3416 vero
1934 3366 2026 3416 est

373 3455 712 3511 omnimodo
748 3451 1301 3526 corporeisliberare
1351 3450 1408 3505 id
1427 3451 1580 3520 quod
1601 3449 2022 3516 consideratur,

465 3553 792 3625 Tripartitas
830 3568 1122 3624 corporum
1172 3556 1394 3622 ﬁguras.
1443 3549 1664 3604 Ternas
1713 3564 2022 3619 corporum

377 3643 596 3716 ﬁguras
619 3643 779 3707 dicit,
798 3642 1086 3713 triplicem
1121 3639 1483 3706 distantiam,
1505 3637 1732 3693 utclare
1745 3637 2023 3708 explicat:

374 3737 432 3788 et
456 3737 608 3788 recte
638 3748 708 3788 ex
741 3732 845 3788 hoc
879 3731 1004 3785 loco
1036 3728 1329 3799 intelliges
1352 3728 1702 3783 sententiam
1733 3726 2019 3798 Apostoli,

379 3822 440 3878 Ut
469 3823 800 3892 cognoscatis
837 3835 964 3891 quae
988 3817 1366 3890 profunditas,
1399 3821 1450 3872 et
1489 3833 1606 3887 quae
1636 3815 1869 3870 altitudo
1900 3815 2019 3887 (τη),

377 3915 434 3966 et
462 3914 687 3979 caetera,
711 3911 866 3980 quod
886 3907 1064 3979 aliqui
1085 3907 1156 3962 de
1179 3905 1423 3961 salutari
1444 3921 1612 3960 cruce
1646 3908 2017 3974 acceperunt.

374 3997 525 4051 Nota
551 4013 683 4052 vero
717 3997 854 4066 quid
876 3996 1200 4067 longitudo,
1229 4000 1286 4050 et
1305 3994 1675 4066 profunditas
1696 3997 1753 4049 et
1774 3991 2020 4048 latitudo

377 4086 437 4139 in
470 4083 608 4137 Deo.

445 4169 603 4224 Nunc
644 4175 826 4224 autem
868 4172 1045 4239 ipsam
1093 4169 1372 4225 divinam.
1425 4169 1575 4224 Illud
1625 4168 1914 4224 unitatem
1964 4172 2022 4223 et

371 4258 759 4324 identitatem,
808 4261 864 4313 et
891 4256 1310 4329 aequalitatem,
1344 4261 1518 4327 atque
1565 4257 2019 4313 similitudinem

373 4348 601 4421 antiqui
632 4365 870 4403 causam
917 4346 1240 4401 concordiae
1267 4349 1524 4400 totorum
1559 4351 1616 4400 et
1646 4345 2020 4416 providenlite

373 4441 551 4510 atque
581 4437 790 4494 salutis
815 4439 1120 4503 vocarunt,
1144 4435 1302 4505 quod
1325 4434 1500 4489 etiam
1523 4450 1695 4488 unum
1713 4433 2019 4490 dicebanti

373 4527 771 4584 diversitatem
795 4543 948 4594 vero,
983 4530 1040 4581 et
1069 4521 1613 4579 dissimilitudinem
1647 4528 1704 4578 et
1725 4523 2020 4593 inaequali-

2127 591 2351 663 ἀληθῶς
2378 594 2596 665 ταύτὸν,
2646 593 2738 650 καὶ
2788 595 2914 670 ὅρος
2964 597 3178 665 ἑαυτοῦ,
3209 595 3435 650 καὶτῶν
3488 596 3774 650 άπάντωνυ

2129 679 2254 754 ὅρος
2306 681 2365 737 ἐκ
2407 685 2622 740 πάντων
2682 685 3080 763 ἀφωρισμένος,
3132 684 3224 739 καὶ
3283 679 3781 758 ὑπεραναόεϐηκὼς

2133 769 2430 842 μονοειδῶς
2462 774 2549 827 καὶ
2609 773 2960 842 ταύτοείδῶς,
3013 772 3264 828 τουτέστι
3319 774 3457 828 κατὰ
3501 773 3564 827 τὸ
3613 773 3784 846 μονὰς

2129 862 2264 913 εἶναι
2296 863 2330 929 ἡ
2367 861 2578 916 πάντων
2626 863 2828 938 ἀμιγὴς
2873 861 2962 916 καὶ
3013 859 3163 932 ἁπλῆ
3209 863 3300 916 καὶ
3337 862 3472 916 κατὰ
3497 861 3559 917 τὸ
3591 861 3788 916 ταύτὸν

2129 947 2243 1002 ἀντὶ
2272 954 2368 1004 τοῦ
2399 951 2534 1004 κατὰ
2575 952 2639 1005 τὸ
2691 951 2949 1015 ὡσαύτως
2994 948 3139 1026 ἔχειν
3170 971 3183 984 ·
3245 947 3398 1006 οὐδὲν
3448 952 3548 1027 γὰρ
3599 948 3788 1028 διαφέ-

2130 1057 2209 1111 ρει
2234 1036 2443 1110 μονάδα
2502 1039 2670 1095 εἰπεῖν
2733 1038 2770 1110 ἤ
2833 1038 3132 1115 μονοειδὲς,
3186 1040 3278 1095 καὶ
3336 1041 3531 1095 ταύτὸν
3573 1038 3612 1109 ἤ
3651 1040 3786 1095 ταύο

2128 1124 2333 1188 τοειδές
2369 1148 2381 1160 ·
2415 1129 2477 1182 τὸ
2509 1129 2612 1205 γὰρ
2658 1127 2789 1184 αὕτὸ
2845 1129 3121 1203 σημαίνει.
3155 1127 3497 1186 Μεταδίδωσι
3538 1130 3632 1184 καὶ
3664 1137 3790 1193 τοῖς

2130 1215 2179 1287 ἐξ
2207 1215 2371 1271 αὐτοῦ
2401 1217 2658 1290 κτίσμασι
2689 1223 2786 1273 τοῦ
2829 1219 3025 1274 ταύτοῦ
3074 1219 3102 1273 ὁ
3160 1219 3314 1288 Θεὸς,
3361 1220 3477 1274 ὅθεν
3507 1220 3576 1274 τὰ
3613 1219 3792 1275 πάντα

2131 1305 2267 1359 κατὰ
2321 1305 2390 1360 τὰ
2446 1307 2582 1362 αύτὰ
2633 1307 2724 1362 καὶ
2797 1309 3077 1380 ὡσαύτως,
3135 1309 3314 1370 καθὼς
3371 1308 3460 1363 καὶ
3511 1307 3789 1385 ἐγένοντο,

2133 1393 2186 1448 έν
2212 1399 2280 1469 τῇ
2331 1399 2606 1470 συμπνοίᾳ
2650 1397 2742 1452 καὶ
2799 1399 3044 1474 σωτηρίᾳ
3099 1399 3188 1454 καὶ
3247 1398 3550 1473 συμπαθείᾳ
3586 1399 3789 1472 μένου-

2141 1505 2248 1552 σιν,
2300 1485 2374 1547 ὠς
2422 1483 2673 1542 δύνανται
2707 1486 2902 1542 τούτου
2959 1487 3278 1564 μετέχοντα.
3329 1487 3487 1546 Οὕτω
3543 1488 3636 1542 καὶ
3693 1490 3792 1551 τὰς

2136 1574 2477 1649 ἑτερότητας,
2507 1578 2750 1632 τουτέστι
2779 1577 2875 1639 τὰς
2912 1576 2962 1650 ἐξ
3004 1577 3168 1633 αὐτοῦ
3197 1582 3306 1633 τῶν
3355 1575 3789 1653 δημιουργημάο

2133 1683 2238 1716 των
2292 1661 2582 1738 διαφόρους
2641 1663 2934 1740 προόδους,
2988 1666 3039 1721 ἐν
3082 1665 3258 1740 ἑαυτῷ
3305 1667 3616 1739 σωζομένας
3668 1663 3792 1742 ἔχει

2133 1753 2228 1806 καὶ
2253 1755 2696 1828 συντεταγμένας,
2730 1754 2884 1828 ὅμως
2924 1763 3024 1825 τῆς
3070 1755 3404 1827 ταυτότητος
3430 1756 3622 1811 ἑαυτοῦ
3654 1756 3793 1831 ἐχό-

2140 1863 2320 1914 μενος,
2349 1843 2440 1896 καὶ
2488 1843 2565 1906 εἰς
2610 1843 2902 1918 ἑτερότητα
2951 1845 3024 1916 μὴ
3076 1842 3502 1918 ἀλλοιούμενος,
3537 1845 3680 1917 μήτε
3715 1845 3796 1906 εἷς

2135 1928 2502 2001 ἐναντιότητα,
2561 1930 2740 1987 καίτοι
2792 1932 2883 1987 καὶ
2960 1931 3166 1988 ἐναντία
3229 1933 3281 1989 έν
3327 1939 3444 1996 τοῖς
3501 1933 3798 2004 αἰσθητοῖς

2135 2020 2376 2095 συνέχων
2387 2063 2399 2076 .

2207 2112 2326 2179 §V.
2374 2107 2599 2178 Ἐπειδὴ
2650 2108 2781 2164 πᾶσι
2830 2117 3230 2188 προνοητικῶς.
3289 2114 3422 2168 Καθ’
3481 2107 3795 2186 ὑπέρϐατόν

2133 2196 2272 2252 ἐστιν
2325 2201 2360 2268 ἡ
2414 2198 2656 2269 σύνταξις
2712 2201 2848 2274 πρὸς
2897 2202 2958 2255 τὸ
2996 2200 3210 2270 οἰητέον
3257 2195 3463 2276 ἔχουσα
3497 2201 3600 2269 τήν
3649 2201 3795 2256 ἀπό-

2135 2283 2306 2353 δοσιν,
2334 2284 2426 2341 ’ίνα
2454 2288 2488 2356 ἦ
2537 2288 2600 2341 τὸ
2646 2287 2808 2350 τέλος
2859 2287 3096 2358 οἰητέον,
3148 2287 3335 2359 ἐπειδή
3383 2295 3513 2346 πᾶσι
3544 2309 3798 2365 προνοη-

2131 2377 2298 2439 τικῶς
2327 2375 2580 2452 πάρεστιν
2605 2379 2633 2431 ὁ
2665 2377 2816 2450 Θεὸς,
2837 2378 2928 2432 καὶ
2956 2379 3023 2432 τὰ
3049 2379 3195 2450 ἑξῆς.

2205 2475 2292 2535 Ὠς
2339 2475 2440 2548 γὰρ
2494 2474 2540 2529 εἰ
2595 2476 2694 2544 τὴν
2772 2477 2978 2552 ψυχὴν.
3056 2478 3199 2552 ’Όρα
3273 2480 3393 2538 πῶς
3450 2472 3621 2532 ἔνεστι
3689 2479 3793 2547 τήν

2136 2563 2324 2637 ψυχὴν
2357 2563 2685 2636 σωματίκῶς
2735 2567 2950 2636 νοῆσαι,
2997 2563 3087 2618 καὶ
3131 2569 3250 2626 πῶς
3280 2569 3396 2619 νοεῖ
3427 2567 3566 2639 μέρη
3597 2568 3797 2642 ψυχῆς

2136 2652 2269 2706 εἶναι
2320 2656 2648 2725 σωματικῶς
2684 2671 2697 2684 ⁶
2757 2650 2942 2715 καλῶς
2989 2654 3091 2728 γάρ
3137 2652 3305 2723 αὐτὴν
3351 2651 3672 2709 διαπλάττει
3715 2659 3798 2726 τῷ

2138 2738 2310 2814 λόγῳ.

2206 2832 2290 2903 Τῇ
2314 2828 2522 2903 ἀμερει.
2583 2831 2822 2906 Ἀμερής
2874 2832 2908 2900 ἡ
2953 2832 3106 2905 ψυχή
3152 2829 3259 2906 ούχ
3295 2829 3511 2899 ἁπλῶς,
3551 2829 3686 2887 ἀλλ’
3717 2835 3796 2896 ὡς

2134 2919 2269 2992 πρὸς
2299 2923 2457 2991 σῶμα
2485 2919 2694 2994 ἀμερής
2731 2939 2742 2951 ·
2797 2921 2935 2995 μέρη
2981 2919 3084 2995 γὰρ
3135 2921 3304 2986 αὐτῆς
3359 2920 3447 2975 καὶ
3488 2921 3584 2983 τὰς
3619 2918 3793 2976 δυνά-

2138 3027 2257 3079 μεις
2285 3007 2468 3085 φησὶν,
2503 3009 2576 3060 ὧν
2625 3007 2699 3069 εἰς
2739 3007 2920 3062 εἰκόνα
2962 3007 3028 3062 τὰ
3080 3007 3218 3083 μέρη
3267 3013 3363 3064 τοῦ
3394 3011 3651 3082 σώματος
3681 3006 3795 3074 ἔσθ’

2135 3094 2224 3150 ὅτε
2254 3091 2756 3172 παραλαμϐάνεται.

2206 3184 2608 3255 Ἀναπτύξεσιν.
2685 3185 3002 3255 Ἀνάπτυξιν
3117 3184 3174 3241 δὲ
3259 3184 3406 3261 λέγει
3478 3187 3791 3258 έξάπλωσιν

2133 3271 2258 3342 ἤτοι
2312 3275 2602 3346 σαφήνειαν
2661 3281 2762 3342 τῆς
2803 3273 3252 3348 ἐγκεκρυμμένης
3291 3275 3342 3330 έν
3389 3280 3458 3350 τῇ
3509 3275 3650 3349 λέξει
3700 3277 3790 3332 ἐνο

2133 3361 2286 3423 νοίας
2319 3382 2331 3395 ·
2365 3362 2428 3416 τὸ
2457 3360 2514 3416 δν
2559 3363 3024 3436 ἁνακαθαίρεσθαι,
3062 3365 3124 3419 τὸ
3155 3364 3424 3426 παντοίως
3447 3369 3553 3420 τῶν
3593 3387 3790 3438 σωμα-

2131 3456 2300 3506 τικῶν
2334 3449 2641 3521 ἀπαλλάξαι
2673 3453 2733 3507 τὸ
2758 3453 3153 3528 θεωρούμενον.

2205 3549 2288 3605 Τὰ
2341 3548 2532 3618 τριττὰ
2584 3554 2693 3603 τῶν
2749 3550 3020 3623 σῶμάτων
3053 3553 3334 3626 σχήματα.
3386 3555 3587 3626 Τριττᾶ
3635 3557 3789 3629 σχή-

2137 3659 2276 3710 ματα
2331 3641 2438 3692 τῶν
2491 3637 2760 3710 σωμάτων
2817 3638 2948 3717 φησὶ
3004 3639 3066 3694 τὸ
3122 3642 3292 3716 τριχῆ
3349 3638 3658 3711 διαστατὸν,
3709 3643 3789 3704 ὡς

2132 3726 2287 3790 εὐθὺς
2343 3726 2626 3801 σαφηνίζει
2661 3745 2673 3757 '
2733 3727 2823 3782 καὶ
2906 3725 3093 3789 καλῶς
3150 3728 3386 3784 ἐντεῦθεν
3443 3731 3658 3800 νοήσεις
3721 3733 3786 3786 τὸ

2133 3813 2417 3888 εἰρημένον
2466 3818 2545 3885 τῷ
2597 3813 2939 3888 Ἀποστολῳ,
2983 3819 3099 3872 ’Ίνα
3145 3821 3316 3892 γνῶτε
3367 3816 3421 3871 τί
3477 3817 3539 3872 τὸ
3595 3818 3784 3892 βάθος,

2129 3901 2220 3956 καὶ
2249 3901 2301 3956 τί
2329 3903 2390 3956 τὸ
2443 3899 2600 3976 ὕψος,
2632 3903 2721 3957 καὶ
2778 3903 2844 3957 τὰ
2885 3903 3030 3974 ἑξῆς,
3074 3905 3204 3978 ὅπερ
3261 3906 3402 3967 τινες
3435 3905 3513 3968 εἰς
3543 3908 3635 3961 τὸν
3670 3929 3786 3961 σωο

2129 3992 2318 4063 τήριον
2353 3991 2578 4064 σταυρὸν
2611 3987 2876 4060 ἐδέξαντο.
2933 3989 3250 4063 Σημείωσαι
3292 3989 3348 4046 δὲ
3376 3992 3429 4046 τί
3460 3994 3660 4065 μῆκος,
3691 3993 3785 4048 καὶ

2135 4079 2321 4152 βάθος,
2353 4077 2442 4132 καὶ
2473 4077 2799 4154 πλάτοςέπὶ
2838 4083 2994 4135 Θεοῦ.

2203 4172 2306 4220 Νῦν
2345 4164 2402 4222 δὲ
2441 4166 2607 4235 αὐτὴν
2659 4168 2757 4236 τὴν
2809 4169 2977 4224 θείαν.
3027 4169 3100 4224 Τὸ
3153 4164 3403 4240 ἑνότητα,
3448 4169 3539 4224 καὶ
3584 4172 3786 4226 ταυτό-

2127 4275 2288 4325 τητα,
2345 4255 2434 4310 καὶ
2494 4255 2739 4328 ἰσότητα,
2801 4257 2892 4311 καὶ
2953 4257 3280 4330 ὁμοιότητα,
3327 4259 3389 4313 τὸ
3445 4258 3621 4315 αἴτιον
3679 4268 3787 4330 τῆς

2127 4350 2235 4399 τῶν
2265 4343 2409 4400 ὅλων
2459 4345 2815 4418 συμπαθείας,
2876 4347 2963 4401 καὶ
3023 4347 3303 4424 προνοίας,
3356 4348 3446 4402 καὶ
3507 4350 3786 4425 σωτηρίας

2131 4432 2345 4507 [α’ίτιον]
2377 4432 2636 4488 ἐκάλεσαν
2694 4435 2745 4488 οἱ
2803 4433 3053 4503 παλαιοὶ,
3115 4434 3245 4510 ὅπερ
3305 4436 3396 4491 καὶ
3452 4435 3508 4490 ἓν
3541 4433 3732 4514 ἔλεγον
3773 4459 3787 4471 ·

2131 4523 2420 4596 ἑτερότητα
2453 4520 2509 4577 δὲ
2565 4523 2656 4577 καὶ
2704 4522 3078 4596 ἀνομοιότητα
3133 4525 3232 4593 τὴν
3292 4525 3368 4587 εἰς
3419 4527 3486 4580 τὰ
3529 4530 3782 4600 μεριστὰ,

371 4620 554 4672 tatem
585 4615 868 4672 vocabant
901 4613 1328 4687 providentiam
1351 4613 1640 4668 Creatoris
1669 4628 1808 4684 erga
1830 4611 2021 4668 divisi-

2142 4611 2218 4666 καὶ
2275 4607 2614 4683 μεταϐλητὰ,
2665 4611 2755 4666 καὶ
2814 4611 3066 4685 αἰσθητὰ,
3125 4613 3214 4667 καὶ
3266 4615 3364 4682 τὴν
3426 4613 3502 4676 εἰς
3550 4616 3618 4668 τὰ
3649 4614 3782 4670 ὄντα

372 4705 517 4762 bilia
563 4710 620 4761 et
649 4703 979 4772 mutabilia,
1025 4708 1082 4758 et
1108 4700 1371 4771 sensilia,
1405 4706 1580 4772 atque
1611 4718 1748 4773 erga
1777 4719 1846 4757 ea
1893 4718 2020 4772 quae

372 4799 514 4851 sunt
545 4795 663 4850 sive
691 4791 1121 4863 intelligibilia:
1156 4790 1550 4862 intelligentes
1582 4790 1819 4845 nomina
1850 4796 2023 4861 prout

367 4900 466 4940 res
489 4901 614 4955 quis
639 4882 1050 4955 significantur
1069 4880 1328 4951 exigunt,
1355 4880 1506 4934 sicut
1528 4879 1702 4934 etiam
1725 4895 1907 4950 supra
1922 4896 2020 4934 va-

373 4973 459 5028 rie
491 4972 780 5039 diximus;
843 4969 939 5025 alii
972 4986 1106 5025 vero
1138 4967 1501 5024 identitatem
1533 4971 1589 5022 et
1623 4967 2019 5024 diversitatem

2132 4697 2209 4771 δὲ,
2269 4697 2395 4765 ἤτοι
2450 4699 2619 4770 νοητὰ
2687 4697 3088 4775 δημιουργικὴν
3140 4703 3399 4775 πρόνοιαν
3421 4705 3466 4739 ’⁸⁸
3521 4701 3780 4771 ἐκάλουν,

2129 4787 2409 4864 ἀναλόγως
2464 4794 2581 4849 τοῖς
2631 4785 3004 4862 δηλουμένοις
3061 4794 3310 4852 νοοῦντες
3372 4792 3480 4864 [καὶ
3532 4793 3602 4846 τὰ
3658 4792 3780 4846 ὀνό-

2132 4880 2319 4950 ματα],
2362 4877 2435 4938 ὡς
2489 4877 2579 4931 καὶ
2630 4875 2740 4931 ἄνω
2803 4875 3076 4956 διαφόρως
3127 4878 3426 4953 εἰρήκαμεν
3446 4883 3509 4937 ⁷⁷.
3569 4879 3777 4937 Ἀλλοι

2125 4963 2182 5020 δὲ
2238 4965 2336 5034 τήν
2387 4964 2692 5035 ταυτότητα
2745 4965 2834 5020 καὶ
2893 4965 3206 5040 ἑτερότητα,
3261 4963 3387 5037 ἤτοι
3439 4967 3633 5024 ταύτὸν
3686 4971 3779 5024 καὶ

367 5062 493 5118 sive
523 5061 790 5117 eamdem
823 5064 879 5116 et
909 5059 1198 5114 diversam
1251 5058 1499 5112 formam
1541 5072 1608 5111 ac
1639 5055 2021 5127 privationem

2142 5051 2304 5126 ἕτερον
2357 5050 2498 5115 εἶδος
2549 5053 2639 5108 καὶ
2697 5052 2947 5130 στέρησιν
3005 5055 3176 5112 εἶπον.
3227 5057 3439 5130 Ἐτεροι
3499 5055 3578 5128 δὲ,
3611 5057 3778 5134 πέρας

375 5149 650 5204 dixerunt
674 5166 687 5217 ;
720 5147 820 5204 alii
841 5163 972 5202 vero
997 5147 1172 5202 finem
1206 5149 1262 5201 et
1281 5145 1653 5200 inﬁnitatem.
1679 5143 1846 5214 [Nota
1867 5144 2021 5214 quod

2142 5143 2212 5198 ιαὶ
2271 5141 2493 5216 ἄπειρον
2525 5144 2590 5198 ⁷⁸.
2636 5144 2778 5214 [“Οτι
2821 5143 3124 5198 συντάττειν
3185 5142 3578 5220 ἐπαγγέλλεται
3627 5153 3780 5220 Συμ-

370 5237 467 5295 hic
489 5239 748 5294 declarat
770 5252 831 5294 se
853 5239 1165 5293 tractatum
1180 5231 1861 5306 Desymboticatheotogia
1873 5248 2025 5288 com-

440 5443 538 5516 (m)
566 5442 783 5515 Ephes°
818 5459 906 5510 ιιι,
944 5442 1030 5498 18.

2127 5227 2359 5302 ϐολικὴν
2421 5230 2752 5306 θεολογίαν.Ι
2827 5232 3061 5288 Ἑνιαῖον
3123 5230 3183 5286 δὲ
3238 5231 3778 5311 πολλαπλασιασμόν

1357 5567 1598 5627 NARI/E
1637 5566 2018 5627 LEGI‘IONES
2056 5566 2149 5627 ET
2200 5565 2761 5628 CORRECTIONES.

433 5703 480 5745 ⁷⁸
499 5697 754 5780 πρόοδον.
828 5702 872 5737 ⁷⁷
902 5696 1382 5774 παρατεθείκαμεν.
1457 5702 1500 5736 ⁷⁸
1522 5697 1786 5776 ἀπειρίαν.
