4034 6214
253 347 364 401 377

1011 354 1072 405 8.
1112 350 1376 406 MAXIMI
1413 351 1718 406 SCHOLIA
1757 353 1833 406 IN
1872 353 2005 406 LIB.
2046 354 2142 404 DE
2181 353 2455 407 DIVINIS
2492 353 2910 408 NOMINIBUS.

3565 353 3669 406 378

255 491 392 547 φησι
423 471 486 525 τὸ
515 468 567 524 ἐν
602 468 776 542 οἰκείᾳ
806 469 1074 540 ἁπλότητι
1111 473 1342 544 μένοντα
1369 471 1462 527 τὸν
1505 473 1657 542 Θεὸν,
1686 471 1753 526 τὰ
1795 493 1910 526 ποι-

2028 473 2402 546 positurum.]
2433 479 2507 531 At
2534 476 2663 545 ejus
2695 490 2762 530 ex
2794 491 2909 529 uno
2943 474 3487 546 multiplicationem
3529 477 3672 530 dicit

249 559 384 615 κίλα
441 560 530 614 καὶ
585 558 904 629 παντοδαπῆ
951 557 1070 631 εἷ’δη
1130 564 1229 630 τῆς
1281 561 1505 623 κτίσεως
1563 566 1911 636 παραγαγεῖν’

247 645 494 721 πρόοδον
525 649 625 723 γὰρ
673 646 823 723 λέγει
873 649 971 717 τῆν
1018 650 1156 724 πρὸς
1201 651 1265 705 τὸ
1313 650 1488 704 κτίσαι
1520 651 1588 705 τὰ
1617 647 1763 718 ὄντα,
1797 653 1913 704 οἷον

251 737 477 807 κίνησιν
508 738 597 792 καὶ
631 738 833 810 ὁρμήν.

337 920 353 931 κ
512 919 534 935 η
787 915 828 934 ω
907 918 919 933 η
1077 919 1088 938 ι
1175 919 1187 941 ν
1283 920 1293 936 .
1417 923 1442 933 ε..
1560 919 1572 936 ν
1661 913 1684 936 ν
1862 919 1885 938 νο

326 916 480 984 gVI.
537 918 745 988 Ομοιον
783 933 839 970 οε
868 939 958 971 τον
993 924 1143 973 Θεον.
1195 921 1274 995 Εφ
1324 921 1483 991 ἡμων
1519 939 1618 973 ουκ
1659 939 1798 972 εστιν
1835 940 1913 973 ει-

247 1010 384 1057 πεῖν
419 1004 636 1076 ὅμοιον
661 1007 722 1060 τὸ
743 1008 842 1080 γᾶρ
875 1012 1035 1078 σῶμα
1056 1009 1216 1079 ἡμῶν
1241 1007 1292 1076 ἐξ
1315 1009 1664 1079 ὁμοιομερῶν
1685 1008 1772 1062 καὶ
1797 1009 1915 1062 ἀνο-

254 1098 579 1168 μοιομερῶν
614 1096 956 1164 συνέστηκεν,
994 1097 1069 1158 ὡς
1104 1097 1190 1150 καὶ
1231 1094 1618 1169 Ἀριστοτέλης
1650 1094 1912 1151 δείκνυσιν

247 1181 304 1235 ἐν
333 1186 405 1256 τῇ
438 1183 587 1258 ἀρχῇ
617 1190 719 1253 τῆς
775 1185 906 1259 Περὶ
955 1186 1109 1253 ζώων
1155 1186 1411 1259 γενέσεως
1449 1185 1821 1260 πραγματείας
1846 1190 1910 1245 7'.

247 1271 278 1323 ὁ
307 1267 368 1324 δὲ
401 1271 553 1344 Θεὸς,
586 1271 616 1326 8
665 1271 833 1339 ἐστιν,
887 1271 1034 1334 ὅλως
1085 1274 1297 1347 ὁμοίως
1349 1273 1512 1344 ἐστὶν,
1554 1274 1754 1328 ἐπείτοι
1785 1296 1846 1350 γε
1875 1278 1909 1345 ἡ

248 1361 374 1424 θεία
413 1363 621 1439 Γραφή,
655 1363 731 1424 ὡς
778 1364 823 1398 ⁸ο
868 1361 948 1416 ἀεὶ
998 1363 1088 1416 τὸν
1142 1364 1304 1418 αὐτὸν
1347 1362 1735 1426 ἁναλλοιώτως
1786 1361 1912 1419 ὄντα

243 1450 513 1521 ἀνόμοιον
573 1451 702 1506 πᾶσί
761 1473 949 1529 φησιν,
1011 1452 1086 1514 ὡς
1142 1452 1223 1506 τό⁶
1271 1453 1361 1514 Τίς
1419 1452 1470 1508 ἐν
1525 1455 1668 1515 θεοῖς
1717 1453 1910 1527 ὅμοιός

245 1559 358 1608 σοι,
409 1539 618 1612 Κύριε;
677 1540 767 1594 καὶ
821 1540 1011 1596 πάλιν·
1061 1541 1182 1597 Τίνι
1235 1563 1301 1614 με
1359 1543 1706 1614 ὡμοιώσατε,
1767 1540 1911 1616 λέγει

245 1628 480 1700 Κύριος·
563 1629 653 1683 καὶ
712 1627 864 1693 αὖθις
899 1651 912 1663 ο
972 1631 1112 1704 Ἐγὼ
1168 1631 1380 1700 ὁράσεις
1434 1630 1760 1702 ἐπλήθυνα,
1820 1633 1911 1685 καὶ

247 1718 410 1791 χερσί
469 1722 580 1771 τῶν
641 1723 942 1794 προφητῶν
1014 1719 1336 1792 ὡμοιώθην,
1413 1718 1689 1774 τουτέστιν
1752 1718 1910 1780 αὐτὸς

247 1805 360 1879 ἐγὼ
410 1803 651 1878 ἐμαυτῷ,
695 1807 770 1868 ὡς
816 1806 1106 1883 Εἰρηναῖος
1169 1807 1311 1882 λέγει
1362 1808 1413 1864 ἐν
1467 1812 1585 1872 τοῖς
1634 1810 1765 1871 Καθ’
1821 1809 1909 1862 αἱ·

252 1893 479 1966 ρέσιων.

333 1985 420 2055 Τῇ
473 1984 609 2037 κατᾶ
658 1981 886 2057 δύναμιν
942 1988 1194 2058 μιμήσει.
1250 1991 1402 2041 Ἔστι
1455 1987 1549 2058 μὲν
1599 1989 1700 2056 τήν
1745 1986 1918 2060 μίμη-

261 2091 346 2124 σιν
408 2067 598 2126 λαϐεῖν
656 2072 708 2126 ἐν
753 2073 970 2136 τούτοις
1021 2073 1106 2128 ἐπὶ
1155 2078 1254 2139 τῆς
1305 2080 1494 2150 νοερᾶς
1541 2076 1631 2129 καὶ
1691 2073 1921 2150 λογικῆς

256 2160 474 2238 φύσεως
529 2162 665 2236 πρὸς
716 2163 807 2217 τὸν
869 2164 997 2218 Θεὸν
1060 2163 1554 2238 ἐπιστρεφομένης,
1615 2163 1750 2219 κατᾶ
1807 2164 1868 2219 τό
1903 2183 1914 2196 ·

258 2250 476 2305 Γίνεσθε
529 2249 755 2320 τέλειοι,
808 2253 895 2306 καὶ
949 2253 1160 2327 γίνεσθε
1217 2252 1586 2330 οἰκτίρμονες,
1637 2254 1710 2316 ὡς
1751 2255 1917 2308 ὁΠα-

249 2342 359 2413 τῆρ
423 2341 635 2412 ὑμῶνὸ
692 2343 965 2416 οὐράνιος·
1026 2344 1161 2414 ἅπερ
1218 2342 1305 2398 ἐπὶ
1365 2347 1497 2398 Θεοῦ
1559 2345 1653 2416 μὲν
1716 2343 1919 2418 κυρίως

246 2430 344 2482 καὶ
374 2429 509 2505 ὑπὲρ
541 2432 710 2484 πάντα
759 2429 886 2503 ὅρον
936 2453 1025 2485 και
1077 2430 1267 2506 λόγον·
1315 2431 1402 2486 ἐπὶ
1455 2430 1512 2487 δὲ
1549 2436 1659 2486 τῶν
1689 2433 1918 2504 κτισμά·

245 2537 362 2571 των
415 2517 553 2572 κατᾶ
593 2520 690 2587 τήν
744 2519 969 2575 ἑκάστου
1027 2519 1252 2593 δύναμιν
1303 2519 1583 2594 ἀναλόγως
1627 2525 1696 2594 τῇ
1739 2520 1913 2598 φύσει.

245 2608 408 2662 "Ern
439 2604 496 2661 δὲ
531 2606 766 2680 μίμησιν
818 2608 870 2662 ἐν
919 2609 1136 2672 τούτοις
1181 2616 1375 2678 νοῆσαι
1406 2608 1494 2664 καὶ
1533 2612 1633 2679 τῆν
1667 2611 1911 2684 μετοχὴν

245 2699 362 2749 τῶν
419 2695 470 2749 ἐν
526 2701 643 2768 Θεῷ
694 2698 1080 2772 θεωρουμένων
1132 2696 1489 2772 ὐπερουσίως,
1543 2700 1608 2766 ἢν
1659 2698 1724 2752 τὰ
1773 2719 1914 2772 πρα-

247 2785 459 2858 χθέντα
513 2783 649 2858 πρὸς
690 2784 891 2860 γένεσιν
941 2784 1155 2864 εἷ’ληφε,
1203 2791 1298 2841 τοῦ
1347 2786 1476 2841 εἶναι
1527 2786 1616 2840 καὶ
1663 2791 1768 2840 τῶν
1803 2785 1918 2840 λοι-

251 2877 380 2925 πῶν
441 2873 761 2947 μετέχοντα,
813 2875 887 2928 ὧν
939 2872 1224 2945 διεξῆλθον
1275 2873 1328 2928 ἐν
1377 2881 1497 2938 τοῖς
1548 2875 1653 2949 πρὸ
1681 2873 1912 2929 τούτων.

251 2963 329 3015 Τὸ
364 2958 422 3015 δὲ
454 2960 623 3016 εἰπεῖν
670 2960 836 3034 ὅμοια
886 2969 1003 3035 Θεῷ
1053 2965 1186 3018 κατὰ
1230 2966 1330 3033 τήν
1385 2963 1527 3018 θείαν
1580 2963 1782 3032 εἰκόνα,
1817 2963 1917 3018 οὐκ

255 3051 619 3125 ἀναιροῦντός
650 3050 758 3106 ἐστι
813 3053 876 3107 τὸ
931 3051 1017 3106 ἐπὶ
1069 3056 1166 3107 τοῦ
1216 3052 1504 3126 ἀνθρώπου
1551 3057 1711 3107 τοῦτο
1766 3051 1914 3128 εἶ’ρῆ-

256 3151 408 3206 σθαι,
443 3139 590 3195 ἀλλὰ
620 3141 754 3196 κατᾶ
783 3142 874 3196 τὸν
896 3149 998 3210 τῆς
1047 3149 1293 3217 μετοχῆς
1345 3141 1511 3217 λόγον
1545 3141 1635 3197 καὶ
1687 3140 1774 3196 ἐπὶ
1804 3145 1912 3196 τῶν

251 3227 470 3283 λοιπῶν
503 3230 601 3298 τήν
636 3229 778 3300 λέξιν
811 3229 1106 3306 παρῴδησε
1137 3233 1204 3288 ⁸¹.

326 3317 436 3371 Καὶ
481 3317 615 3372 κατα
665 3317 808 3381 θείαν
861 3318 1061 3376 εἰκόνα.
1113 3323 1238 3381 Πῶς
1297 3321 1358 3375 τὸ
1417 3321 1532 3374 κατ’
1585 3320 1765 3374 εἷ’κόνα
1820 3321 1910 3374 καὶ

252 3405 528 3477 ὁμοίωσιν
577 3405 821 3477 νοητέον,
873 3406 1092 3463 ἐνταῦθά
1136 3429 1314 3487 φησιν·
1351 3410 1432 3464 ὅτι
1482 3408 1543 3463 οὐ
1592 3410 1710 3463 κατ’
1740 3407 1910 3478 εἶδος,

248 3491 404 3546 ἀλλᾶ
433 3494 569 3548 κατὰ
613 3495 678 3549 τὸ
718 3494 1076 3574 ἐπεστράφθαι
1107 3499 1172 3565 ⁸³,
1204 3497 1293 3552 καὶ
1340 3498 1431 3552 τὸν
1480 3501 1601 3552 νοῦν
1654 3499 1909 3552 ἀνατετα-

250 3581 419 3654 μένον
449 3579 598 3657 ἔχειν
655 3585 789 3658 πρὸς
837 3587 927 3640 τὸν
975 3585 1106 3641 Θεὸν
1155 3586 1246 3640 τὸν
1290 3583 1460 3640 αἶ’τιον
1515 3590 1611 3640 τοῦ
1661 3587 1909 3641 εἶναικαὶ

246 3673 307 3725 εὖ
345 3671 502 3725 εἶναι·
534 3671 665 3747 ὅπερ
696 3670 870 3749 ἕτεροι
901 3675 962 3728 τό
1013 3675 1356 3747 αὐτεξούσιον
1407 3673 1656 3746 ἐνόησαν,
1690 3674 1806 3730 ἐπεὶ
1847 3675 1909 3730 οὐ

248 3761 392 3814 κατᾶ
439 3763 540 3830 τήν
596 3761 780 3816 ούσίαν
814 3764 842 3816 ὁ
873 3764 1004 3825 Θεὸς
1053 3763 1248 3836 ὅμοιος
1295 3769 1412 3824 τοῖς
1465 3763 1729 3837 λογικοῖς
1783 3762 1908 3820 οὔτε

243 3851 358 3923 γὰρ
392 3852 560 3921 ἡμεῖς
611 3849 797 3922 ὅμοιοι
847 3851 1052 3926 [ἐσμὲν]
1098 3859 1218 3915 ταῖς
1265 3851 1464 3908 εἰκόσιν
1509 3855 1670 3925 ἡμῶν
1701 3859 1819 3914 ταῖς
1851 3852 1910 3908 ἐκ

241 3943 431 4013 κηροῦ
479 3939 648 4014 τυχὸν
695 3939 730 4008 ἢ
780 3938 1016 4015 γαλκκοῦ,
1068 3943 1220 3995 ἅτινα
1277 3941 1560 4014 ἐτερούσια
1609 3943 1746 4013 ἡμῖν
1797 3941 1908 3996 ἐστι

239 4028 338 4080 καὶ
390 4032 574 4089 ποσῶς
624 4027 810 4100 ὅμοια·
842 4029 910 4083 τὰ
943 4030 1036 4102 μὲν
1088 4030 1189 4104 γὰρ
1237 4031 1505 4106 ὁμοταγῆ,
1557 4031 1802 4086 τουτέστι
1841 4034 1908 4086 τὰ

236 4122 350 4184 τῆς
400 4115 569 4185 αὐτῆς
615 4115 817 4187 τάξεως
855 4118 944 4172 καὶ
1000 4117 1205 4189 οὐσίας,
1252 4119 1325 4179 ὡς
1374 4119 1440 4172 τὰ
1487 4114 1765 4193 χερουϐὶμ
1815 4119 1904 4174 καὶ

240 4203 495 4280 σεραφὶμ.
522 4206 607 4258 καὶ
643 4203 833 4260 λοιπαὶ
874 4207 1071 4278 τάξεις,
1121 4209 1437 4279 ὁμοιοῦνται
1492 4206 1768 4277 ἀλληλοις
1809 4229 1905 4263 κα-

236 4295 316 4347 τὰ
344 4292 409 4347 τό
457 4293 876 4368 προηγούμενον
929 4293 1092 4356 εἶδος⁹
1127 4296 1260 4369 ὅπερ
1310 4292 1452 4358 εἶδος
1498 4293 1585 4349 ἐπὶ
1632 4301 1738 4350 τῶν
1773 4317 1904 4367 νοη-

235 4387 358 4436 τῶν
390 4380 553 4452 ἐστιν,
587 4379 678 4436 οἴα
703 4403 785 4444 τις
837 4381 1165 4456 ὑποκειμένη
1222 4382 1328 4454 ὕλη
1380 4381 1547 4444 ἄϋλος
1603 4385 1714 4454 ζωὴ
1749 4385 1901 4453 οὖσα,

234 4470 339 4525 καὶ
378 4470 506 4524 αὐτὸ
551 4471 614 4524 τὸ
663 4468 804 4533 εἶδος
835 4471 1029 4527 ὅέστιν
1081 4469 1303 4527 ἕκαστον
1350 4476 1454 4526 τῶν
1505 4477 1822 4541 νοητῶν.¹Ο
1848 4471 1906 4528 δὲ

2023 563 2208 619 Deum
2230 564 2288 618 in
2317 564 2548 635 propria
2571 563 2952 635 simplicitate
2968 569 3322 628 manentem,
3345 563 3537 619 varias
3554 581 3674 620 oms

2023 653 2234 723 nisque
2263 653 2494 724 generis
2527 653 2751 724 species
2783 657 3059 707 creatures
3082 653 3465 724 produxisse;
3508 659 3673 709 vocat

2023 742 2178 796 enim
2210 739 2444 814 πρόοδον
2471 743 2658 814 ipsam
2690 741 2868 797 veluti
2903 741 3214 797 motionem
3244 745 3301 796 et
3331 743 3675 814 propensio-

2023 847 2155 885 nem
2183 831 2251 886 ad
2285 848 2480 886 rerum
2513 832 2886 886 creationem.

2094 922 2121 986 §
2148 919 2244 975 Vl.
2289 920 2534 975 Similem
2561 937 2684 976 vero
2702 922 2890 975 Deum.
2916 923 3040 975 Non
3063 923 3254 992 potest
3272 920 3342 974 de
3365 919 3533 975 nobis
3555 920 3671 974 dici

2024 1007 2216 1078 ὅμοιον
2249 1051 2262 1075 ,
2297 1026 2431 1063 nam
2466 1025 2680 1081 corpus
2703 1015 2965 1064 nostrum
2992 1026 3059 1063 ex
3081 1008 3446 1064 similaribus
3471 1013 3528 1064 et
3549 1009 3680 1062 dis-r

2023 1096 2386 1152 similaribus
2409 1103 2659 1162 constat,
2686 1097 2838 1153 sicut
2859 1099 3032 1152 etiam
3057 1097 3394 1153 Aristoteles
3416 1097 3673 1155 ostendit

2023 1185 2083 1239 in
2117 1185 2402 1257 principio
2435 1185 2567 1241 libri
2601 1187 2675 1240 De
2703 1185 3055 1257 generatione
3099 1187 3473 1242 animalium:
3515 1186 3672 1241 Deus

2023 1289 2178 1341 vero,
2212 1275 2363 1346 quod
2381 1279 2489 1339 est,
2506 1291 2746 1345 prorsus
2763 1273 3035 1330 similiter
3047 1279 3157 1342 est,
3173 1275 3450 1346 quoniam
3474 1275 3674 1329 divina

2021 1363 2340 1435 Scriptura,
2360 1368 2638 1435 tauquam
2660 1379 2892 1435 semper
2911 1364 3181 1419 eumdem
3197 1365 3325 1419 sine
3349 1363 3672 1418 mutatione

2023 1453 2300 1508 omnibus
2325 1452 2672 1508 dissimilem
2709 1453 2872 1522 dicit,
2916 1457 2980 1508 ut
3030 1452 3171 1508 illud
3214 1453 3396 1508 207:
3449 1452 3581 1520 Quis
3611 1454 3671 1506 in

2021 1541 2247 1596 diistibi
2273 1542 2505 1605 similis.
2533 1543 2895 1612 Domine(n);
2925 1559 2990 1596 ac
3021 1541 3233 1597 iterum
3265 1558 3276 1595 :
3305 1542 3406 1596 Cui
3424 1557 3509 1596 me
3539 1543 3673 1596 assi-

2021 1629 2286 1696 milastis,
2319 1631 2503 1701 inquit
2535 1633 2810 1686 Dominus
2829 1631 2940 1701 (o);
2961 1634 3053 1686 et:
3086 1633 3194 1701 Ego
3223 1633 3456 1686 visiones
3483 1629 3673 1684 mulli-

2019 1719 2244 1790 pticavi,
2319 1729 2369 1774 et
2440 1719 2498 1773 in
2583 1720 2842 1774 manibus
2892 1720 3286 1790 prophetarum
3339 1718 3677 1774 assimilatas

2020 1807 2114 1879 fui
2135 1809 2231 1878 (p),
2261 1807 2316 1862 id
2341 1818 2448 1874 est,
2474 1809 2626 1862 idem
2651 1823 2757 1878 ego
2777 1807 2920 1864 mihi
2945 1808 3080 1880 ipsi,
3100 1813 3164 1864 ut
3184 1811 3434 1864 Irenaaus
3457 1807 3599 1862 dicit
3616 1807 3674 1862 in

2030 1896 2198 1951 libris
2226 1900 2413 1952 contra
2445 1895 2704 1953 haereses.

2102 1986 2416 2040 lmilatione
2443 2002 2611 2057 quam
2643 1987 2902 2042 adhibere
2928 1997 3178 2058 possunt.
3214 1986 3369 2041 Licet
3399 2002 3542 2041 sane
3569 1985 3679 2041 hoc

2030 2074 2154 2130 loco
2187 2074 2447 2144 accipere
2465 2075 2856 2130 imitationem
2884 2076 2939 2130 in
2965 2080 3176 2131 natura
3198 2080 3393 2131 mente
3415 2092 3481 2130 ae
3503 2074 3676 2130 ratio-

2031 2179 2102 2218 ne
2124 2164 2370 2234 praedita
2400 2164 2469 2219 ad
2493 2169 2677 2219 Deum
2713 2181 3011 2232 conversa,
3038 2166 3208 2234 juxta
3262 2164 3406 2218 illud
3435 2181 3448 2218 :
3497 2169 3682 2219 Estole

2027 2253 2272 2324 perfecti,
2304 2257 2480 2308 estote
2528 2254 2906 2308 misericordes
2947 2255 3091 2308 sicut
3141 2259 3308 2307 Pater
3353 2257 3532 2307 vester
3577 2270 3680 2307 ca:-

2033 2341 2185 2396 lestis
2210 2343 2285 2413 (q)
2308 2359 2437 2414 qua!
2457 2342 2516 2395 in
2541 2346 2652 2396 Deo
2672 2341 2903 2412 quidem
2920 2341 3150 2412 proprie
3173 2346 3231 2396 et
3251 2357 3430 2412 supra
3443 2357 3676 2395 omnem

2026 2431 2345 2484 terminum
2374 2447 2439 2485 ac
2464 2429 2750 2484 rationem
2777 2446 2791 2496 ;
2817 2429 2874 2484 in
2899 2428 3183 2484 creaturis
3207 2445 3335 2484 vero
3355 2445 3457 2500 pro
3479 2429 3680 2498 cujus—

2028 2536 2139 2590 que
2176 2519 2450 2574 facultate
2517 2519 2930 2574 convenienter
2979 2523 3247 2574 naturaa:
3299 2517 3436 2573 licet
3479 2521 3677 2572 autem

2026 2609 2200 2664 etiam
2235 2608 2342 2663 hoc
2372 2607 2496 2663 loco
2521 2607 2909 2662 imitationem
2935 2607 3261 2679 intelligere
3282 2606 3678 2678 participatio-

2028 2713 2158 2752 nem
2185 2713 2384 2752 eorum
2407 2713 2533 2768 quae
2556 2695 2612 2750 in
2641 2696 2757 2751 Deo
2780 2713 2958 2766 supra
2983 2695 3302 2752 essentiam
3332 2699 3676 2764 cernuntur,

2027 2804 2201 2858 quam
2219 2803 2308 2841 res
2325 2787 2617 2858 producta:
2632 2785 2687 2840 in
2713 2785 3147 2857 generationem
3167 2787 3514 2856 acceperunt
3531 2783 3680 2838 exsi-

2026 2876 2275 2931 sentiam
2295 2881 2351 2930 et
2372 2875 2486 2930 alia
2513 2874 2955 2946 participantes,
2977 2891 3104 2946 quas
3128 2875 3185 2929 in
3212 2872 3674 2945 praecedentibus

2025 2964 2327 3036 explicavi.
2358 2965 2519 3028 Quod
2549 2967 2742 3018 autem
2768 2963 2977 3019 dixerit
2994 2963 3211 3020 similia
3233 2963 3558 3018 secundum
3585 2960 3672 3015 di~

2021 3054 2215 3108 vinam
2251 3052 2592 3125 imaginem,
2617 3069 2732 3108 non
2751 3054 3014 3126 estquod
3042 3056 3213 3125 neget
3235 3051 3345 3107 hoc
3363 3051 3580 3106 dictum
3601 3049 3672 3105 de

2024 3141 2297 3206 homine;
2333 3143 2429 3197 sed
2466 3157 2569 3213 pro
2603 3141 3063 3213 participationis
3108 3141 3332 3196 ratione
3375 3139 3549 3194 etiam
3600 3138 3671 3192 de

1939 3215 1982 3281 C
2020 3231 2264 3301 reliquis
2295 3230 2605 3286 dictionem
2637 3230 2964 3302 usurpavit.

2097 3322 2156 3374 Et
2180 3320 2248 3374 ad
2277 3319 2527 3374 divinam
2553 3321 2868 3391 imaginem.
2898 3318 3049 3374 Dicit
3077 3319 3186 3374 hoc
3219 3317 3344 3372 loco
3375 3315 3668 3388 quomodo

2021 3408 2463 3474 intelligendum
2516 3408 2564 3464 si
2603 3408 2900 3464 secundum
2950 3407 3251 3476 imaginem
3300 3415 3352 3462 et
3398 3407 3667 3461 similitu-

2021 3498 2207 3553 dinem
2242 3514 2254 3551 :
2290 3515 2498 3569 nempe
2530 3513 2643 3552 non
2678 3497 3001 3553 secundum
3033 3496 3304 3561 formam,
3337 3495 3437 3550 sed
3466 3498 3668 3565 quate-

2022 3603 2133 3641 nus
2165 3603 2452 3642 conversae
2488 3590 2646 3648 sunt,
2681 3590 2736 3640 et
2755 3589 3006 3640 mentem
3028 3584 3097 3637 ad
3123 3583 3327 3652 Deum,
3351 3582 3667 3637 exsistendi

2021 3692 2086 3729 ac
2101 3675 2245 3730 bene
2267 3674 2585 3730 exsistendi
2607 3678 2924 3741 auctorem,
2947 3671 3227 3726 elevatam
3250 3669 3665 3738 habent;quod

2021 3763 2116 3818 alii
2142 3763 2392 3818 liberum
2417 3761 2725 3816 arbitrium
2753 3759 3189 3823 intellexerunt,
3214 3756 3490 3828 quoniam
3515 3756 3668 3810 Deus

2021 3869 2134 3908 non
2168 3857 2257 3907 est
2287 3851 2500 3906 similis
2524 3850 2848 3906 secundum
2877 3846 3194 3903 essentiam
3225 3843 3664 3900 ’rationalibus:

2019 3957 2209 4012 neque
2237 3940 2390 3994 enim
2428 3955 2533 3994 nos
2556 3937 2781 3992 similes
2815 3953 3021 3992 sumus
3054 3933 3412 4006 imaginibus
3452 3932 3667 3987 nostris

2019 4030 2200 4084 cereis
2236 4029 2401 4096 forte,
2435 4033 2534 4082 aut
2563 4027 2748 4096 mreis,
2783 4043 2905 4096 qua:
2939 4024 3178 4080 a!‘.erius
3197 4022 3462 4080 essentia:
3487 4037 3662 4092 quam

2018 4134 2124 4173 nos
2156 4123 2214 4172 et
2245 4133 2448 4188 parum
2478 4115 2741 4170 similes:
2775 4131 2902 4185 qua
2921 4113 3076 4169 enim
3102 4112 3366 4183 ejusdem
3394 4109 3663 4180 seriei,id

2016 4210 2106 4262 est
2129 4207 2394 4276 ejusdem
2429 4205 2650 4260 ordinis
2697 4221 2763 4259 ac
2797 4203 3083 4272 essentiae,
3135 4205 3201 4257 ut
3249 4199 3549 4256 cherubim
3609 4202 3666 4254 et

2016 4295 2312 4367 seraphim
2337 4311 2403 4348 ac
2426 4293 2633 4365 reliqui
2664 4293 2917 4361 ordines,
2952 4290 3361 4347 assimilantur
3390 4287 3500 4343 sibi
3522 4286 3664 4341 invi-

2016 4401 2137 4440 cem
2172 4385 2228 4438 in
2265 4382 2570 4455 principali
2606 4381 2832 4446 forma;
2866 4397 2990 4452 quae
3024 4381 3229 4444 forma,
3272 4378 3329 4430 in
3381 4373 3659 4444 intelligi-

2015 4472 2234 4528 bilibus
2265 4476 2354 4528 est
2375 4470 2552 4526 veluti
2583 4469 2848 4539 subjecta
2879 4469 3142 4539 quaedam
3179 4464 3421 4519 materia
3449 4463 3658 4517 imma-

237 4559 382 4619 Θεὸς
413 4558 520 4633 οὐχ
549 4558 690 4612 οὕτω
722 4560 858 4632 πρὸς
907 4560 972 4615 τὶ
1017 4561 1066 4633 ἐξ
1121 4562 1308 4616 αὐτοῦ·
1366 4559 1426 4614 οὐ
1475 4560 1573 4634 γὰρ
1615 4560 1812 4634 ὅμοιον
1843 4564 1904 4616 τὸ

2028 4560 2234 4618 :erialis
2264 4561 2483 4623 vivens,
2517 4576 2582 4614 ac
2617 4560 2740 4629 ipsa
2771 4558 2952 4611 forms
2988 4571 3116 4626 quae
3148 4557 3236 4608 est
3283 4550 3658 4620 unumquod-

234 4647 425 4702 α’ἶτιον
485 4654 600 4709 τοῖς
655 4647 942 4711 αἰτιατοῖς.
974 4651 1038 4707 ³0
1093 4649 1150 4704 δὲ
1203 4651 1350 4704 εἶπον
1409 4649 1496 4703 ἐπὶ
1543 4654 1654 4704 τῶν
1685 4656 1902 4721 νοητῶν

232 4737 446 4807 νόησον
478 4738 567 4791 καὶ
601 4736 690 4792 ἐπὶ
721 4741 828 4792 τῶν
855 4743 1060 4815 νοερῶν
1091 4741 1254 4813 ἡμῶν
1284 4742 1497 4814 ψυχῶν.

313 5006 440 5065 Ἐπῖ
505 5005 602 5080 μὶν
656 5007 758 5083 γὰρ
827 5013 934 5063 τῶν
991 5006 1278 5084 ὁμοταγῶν
1312 5047 1327 5064 .
1389 5008 1712 5081 Ὁμοταγῶν
1769 5027 1900 5083 φησι

222 5101 352 5152 τῶν
407 5098 688 5175 ἁμοφυῶν,
747 5096 800 5168 ἐξ
845 5097 918 5151 ὧν
976 5099 1012 5167 ἡ
1074 5096 1343 5170 ὁμοιότης
1400 5095 1736 5172 ἀντιστρέφει
1781 5097 1896 5149 οἷον

2015 4667 2128 4722 que
2159 4647 2642 4719 intelligibilium.
2679 4651 2830 4700 Deus
2859 4661 2994 4699 vero
3027 4660 3140 4696 non
3172 4641 3253 4695 ita
3283 4655 3414 4694 cum
3439 4641 3658 4693 creatu-

2014 4741 2096 4796 ris
2110 4741 2484 4809 comparatur
2506 4751 2716 4801 ;causa
2733 4734 2889 4789 enim
2913 4749 3026 4787 non
3051 4735 3140 4786 est
3151 4727 3360 4784 similis
3373 4725 3654 4782 efflectui:

2015 4829 2166 4900 quod
2197 4831 2391 4882 autem
2416 4824 2532 4879 dixi
2564 4825 2634 4880 de
2667 4821 3156 4894 intelligibilibus,
3189 4815 3451 4887 intellige
3480 4815 3655 4870 etiam

2015 4913 2574 4986 deintelligentibus
2605 4911 2914 4967 animabus
2947 4907 3183 4963 nostris.

2086 5004 2354 5074 Quoniam
2404 5002 2463 5057 in
2510 5004 2604 5072 iis,
2636 5015 2760 5072 qua:
2803 4999 3048 5070 aequalia
3097 4999 3245 5051 sunt.
3293 4997 3476 5049 Vocat
3522 4991 3658 5063 ὁμο-

2012 5095 2191 5166 ταγῶν
2224 5107 2355 5163 quae
2384 5089 2646 5160 ejusdem
2677 5090 2814 5142 sunt
2844 5089 3089 5153 naturae,
3122 5083 3180 5138 in
3213 5081 3428 5154 quibus
3449 5079 3658 5137 simili-

311 5305 402 5378 (τι)
430 5303 588 5363 Psal.
620 5320 824 5378 mxv,
852 5304 907 5360 8.
940 5304 1011 5376 (ο)
1043 5304 1155 5361 Isa.
1179 5319 1270 5372 XL,
1301 5303 1394 5359 25.
1425 5303 1502 5376 (p)
1524 5302 1670 5360 Osee
1698 5318 1798 5370 xu,
1833 5301 1910 5357 10.

2028 5321 2030 5348 ι
2058 5299 2193 5355 Luo.
2229 5314 2309 5365 γι,
2344 5297 2432 5352 36.

1264 5516 1506 5574 νΑιιιίΕ
1545 5514 1937 5573 LECTIONES
1963 5510 2056 5570 ET
2093 5504 2647 5568 CORRECTIONES.

305 5671 363 5707 τ’
391 5665 546 5732 εὖθὺς
576 5669 674 5742 τῇς
702 5667 826 5744 περὶ
858 5669 1010 5740 ζώων
1040 5666 1317 5741 ἰδιότητος
1344 5665 1742 5746 πραγματείας.
1815 5667 1860 5703 ⁸ο
1892 5662 1966 5729 ὡς
1999 5657 2357 5738 δημιουργόν.
2434 5659 2478 5697 ⁸⁸
2516 5656 2760 5729 ἐπέθηκε.
2836 5657 2882 5693 ⁸³
2912 5653 3331 5730 ἐπιστραφῆναι.
