4034 6214
337 309 447 364 379

1173 316 1538 370 APPENDIX
1574 317 1673 370 AD
1711 313 1953 370 OPERA
1988 311 2046 363 Β.
2086 309 2401 367 DIONYSII
2443 313 2944 370 AREOPAGITE.

3643 311 3756 366 380

263 437 265 440 ‘
339 433 483 487 tudo
515 432 913 501 convertitur;
940 435 1100 491 velut
1127 435 1329 492 Petrus
1353 437 1564 493 similis
1586 437 1767 493 Paulo
1789 454 1991 494 secun-

2109 433 2308 507 [Ιὲτρος
2365 432 2569 507 Παύλῳ
2622 433 2818 507 ὅμοιος
2868 433 3005 487 κατᾶ
3055 433 3154 501 τῆν
3213 431 3394 503 φύσιν,
3447 433 3535 487 καὶ
3593 433 3752 488 ἀντι-

340 522 483 576 dum
512 527 806 590 naturam,
831 527 888 578 et
917 526 1242 582 conversim
1280 526 1494 582 Paulus
1540 527 1752 583 similis
1803 527 1992 581 Petro.

341 613 407 666 In
439 611 675 666 homine
708 629 840 666 vero
872 630 937 667 ac
971 615 1100 683 ejus
1133 615 1391 686 imagine
1420 633 1532 671 non
1565 621 1654 672 est
1676 617 1877 672 eadem
1903 632 1991 670 ra~

334 699 416 754 tio
443 717 454 754 :
481 716 592 754 non
627 705 717 755 est
749 701 907 756 enim
941 703 1142 758 eadem
1168 705 1513 760 essentiaain
1535 705 1800 776 utrisque
1822 704 1991 772 ratio,

338 789 492 859 quod
522 789 745 844 vocavit
780 789 931 846 208
954 791 1335 864 principalem
1360 793 1574 849 similis
1596 794 1993 866 speciem.l]o-

341 894 436 932 mo
468 894 600 933 vero
633 878 810 934 etiam
844 879 954 935 alio
985 881 1155 936 modo
1178 881 1392 936 dicitur
1415 882 1722 938 dissimilis
1748 881 1993 954 proprias

345 967 778 1038 imagini,quod
805 969 997 1040 imago
1020 969 1248 1040 quidem
1272 971 1421 1026 facta
1443 971 1519 1026 sit
1541 972 1610 1026 ad
1630 970 1887 1027 hominis
1910 971 1992 1024 si-

346 1055 765 1126 militudinem,
800 1073 910 1111 non
947 1062 1137 1113 autem
1159 1058 1334 1114 homo
1356 1060 1425 1114 ad
1452 1059 1630 1131 hujus
1654 1059 1991 1115 similitudi-

346 1161 480 1199 nem
519 1161 530 1200 :
556 1145 636 1199 ita
668 1145 850 1216 igitur
881 1163 1068 1217 neque
1095 1147 1151 1202 in
1178 1165 1377 1217 causa,
1402 1166 1590 1220 neque
1612 1149 1666 1204 in
1687 1149 1894 1204 effectu
1930 1147 1994 1202 τὸ

343 1230 727 1309 ἀναστρέφειν,
777 1251 878 1288 seu
932 1236 1281 1306 reciprocari
1326 1238 1773 1294 admittendum.
1819 1238 1993 1294 Porro

343 1323 691 1393 reciprocari
725 1327 814 1378 est
845 1339 977 1378 cum
1011 1323 1130 1379 illis
1161 1325 1337 1381 etiam
1359 1325 1459 1398 qui
1491 1326 1849 1382 contrarium
1874 1331 1990 1382 tra-

340 1414 502 1465 ciant
525 1427 885 1480 sermonem,
918 1412 1222 1484 aequaliter
1268 1415 1460 1470 dicere
1507 1414 1664 1485 licet,
1710 1416 1888 1471 veluti
1912 1415 1993 1471 si-

343 1498 566 1554 animal
599 1500 753 1571 quod
787 1500 845 1554 in
871 1505 1058 1569 utero,
1079 1507 1134 1558 et
1156 1505 1538 1572 contrarium,
1564 1505 1611 1560 si
1637 1522 1750 1560 non
1773 1505 1993 1560 animal

344 1589 498 1658 quod
535 1588 593 1642 in
627 1591 808 1644 utero.
848 1589 931 1644 Ita
955 1590 1217 1662 loquitur
1241 1591 1506 1649 Clemens
1529 1594 1584 1648 in
1610 1593 1898 1666 principio
1921 1593 1994 1648 li-

345 1675 434 1730 bri
467 1675 656 1747 quinti
688 1677 1043 1750 Stromalum,
1064 1680 1147 1735 sic
1169 1681 1348 1752 igitur
1372 1681 1545 1737 etiam
1570 1682 1679 1738 hoc
1706 1682 1847 1737 loco.
1878 1684 1993 1738 Ita-

343 1781 457 1836 que
487 1765 535 1820 si
565 1764 784 1821 similia
813 1783 940 1838 quaa
971 1768 1236 1838 ejusdem
1270 1770 1517 1838 ordinis,
1540 1774 1597 1826 et
1621 1787 1652 1826 e
1681 1771 1992 1840 contrario,
2027 1801 2074 1866 Β

343 1853 392 1907 si
422 1870 537 1908 non
571 1853 791 1909 similia
822 1873 947 1925 quze
979 1858 1246 1928 ejusdem
1281 1859 1524 1915 ordinis.

419 1941 593 2012 Ipsius
621 1942 1039 2001 similitudinis.
1053 1946 1208 2001 Solet
1222 1963 1472 2018 magnus
1489 1948 1796 2020 Dionysius
1810 1948 2002 2003 dicere

344 2029 528 2084 Deum
561 2030 619 2086 in
641 2033 863 2088 effectis
879 2049 1008 2090 esse
1027 2036 1179 2106 quod
1197 2052 1372 2108 perse
1385 2043 1492 2108 est,
1509 2040 1706 2109 etejus
1720 2040 1870 2110 quod
1901 2054 2004 2110 per

345 2134 408 2174 se
439 2124 528 2176 est
560 2122 944 2192 conditorem,
976 2129 1033 2178 et
1066 2125 1260 2196 ipsum
1293 2143 1422 2182 esse
1467 2127 1870 2183 exsistentiam
1903 2144 2003 2198 per

348 2224 432 2273 se,
467 2215 522 2264 et
555 2210 904 2266 exsistentiae
957 2228 1060 2282 per
1105 2231 1168 2270 se
1217 2215 1577 2271 conditorem
1626 2221 1780 2271 sicut
1824 2216 1999 2271 etiam

349 2313 507 2352 nunc
539 2298 732 2368 ipsum
768 2316 896 2355 esse
926 2299 1111 2370 ipsam
1131 2303 1606 2375 similitudinem,
1630 2309 1687 2360 et
1711 2305 1900 2376 ipsius
1922 2306 2001 2360 si-

352 2385 707 2442 militudinis
739 2388 1120 2445 conditorem.
1148 2391 1278 2447 Haec
1301 2398 1494 2448 autem
1521 2394 1680 2461 dicit,
1707 2411 1822 2449 non
1845 2395 1999 2465 quod

351 2474 507 2529 dicat
536 2474 721 2530 Deum
753 2477 1044 2532 diversam
1078 2480 1313 2550 quidem
1346 2497 1473 2536 esse
1499 2481 1702 2548 vitam,
1726 2499 1791 2538 ac
1812 2482 2002 2537 diver-

351 2578 478 2617 sam
511 2564 582 2618 ab
614 2581 680 2618 eo
710 2565 830 2620 vita
873 2567 1242 2623 essentialem
1293 2571 1634 2640 productam
1687 2571 1890 2640 fuisse,
1935 2587 2000 2626 ac

349 2650 529 2706 veluti
555 2652 774 2708 diceret
803 2653 1062 2725 aliquam
1098 2661 1303 2727 praeter
1345 2657 1527 2712 Deum
1575 2659 1998 2715 subsistentem

352 2755 527 2810 quam
562 2741 916 2811 participant
947 2759 1014 2798 ea
1057 2761 1182 2815 quaa
1233 2744 1410 2800 vitam
1453 2747 1845 2817 participant:
1895 2749 1993 2803 sed

348 2827 500 2882 sicut
531 2829 789 2899 seipsum
823 2832 1072 2902 explicat
1121 2833 1178 2887 in
1227 2835 1415 2904 capite
1462 2837 1790 2906 undecimo,
1842 2837 1996 2893 Deus

352 2917 569 2972 dicitur
602 2917 732 2989 ipsa
762 2919 898 2985 vita,
935 2920 1150 2991 acipsa
1179 2922 1385 2990 virtus,
1428 2930 1601 2994 atque
1633 2925 1762 2996 ipsa
1786 2925 1996 2980 simili-

353 3007 518 3071 tudo,
550 3013 606 3060 et
639 3007 954 3077 ejusmodi,
988 3013 1052 3064 ut
1105 3010 1212 3065 hoc
1259 3012 1547 3068 exsistens
1603 3029 1706 3084 per
1752 3015 1994 3069 modum

351 3093 646 3166 principii,
681 3111 747 3150 ac
781 3101 844 3151 ut
886 3097 1062 3164 Deus,
1113 3103 1288 3171 atque
1335 3100 1493 3156 velut
1529 3118 1739 3158 causa:
1784 3102 1993 3158 horum

2104 520 2350 599 στρόφως
2393 521 2610 585 Ηαῦλος
2658 521 2846 595 Πέτρῳ
2899 522 3117 594 ὅμοιος.
3151 520 3274 576 Ἐπὶ
3320 519 3377 574 δὲ
3413 525 3511 574 τοῦ
3541 522 3756 598 ἀνθρώ-

2103 630 2207 664 που
2258 611 2346 665 καὶ
2398 617 2498 680 τῆς
2543 609 2738 665 τούτου
2785 609 2995 672 εἰκόνος
3052 609 3161 684 οὐχ
3189 611 3216 664 6
3268 610 3432 673 αὐτὸς
3471 608 3663 685 λόγος’
3699 610 3763 664 οὖ

2101 699 2204 772 γὰρ
2253 699 2280 752 ὁ
2332 706 2433 768 τῆς
2481 698 2667 762 οὐσίας
2719 694 2883 773 λόγος
2933 700 2962 753 6
3006 699 3168 760 αὐτὸς
3215 697 3296 753 ἐπ’
3346 699 3572 775 ἀμφοῖν,
3624 699 3762 773 ὅπερ

2103 785 2323 842 ἐκάλεσε
2353 788 2770 864 προηγούμενον
2815 788 3009 860 ὁμοίου
3058 785 3222 850 εἶδος.
3255 788 3311 842 Ὀ
3361 785 3419 842 δὶ
3466 786 3761 854 ἄνθρωπος

2103 876 2191 930 καὶ
2223 877 2418 952 ἑτὲρως
2453 876 2668 952 λέγεται
2717 877 2826 952 οὐχ
2856 877 3051 950 ὅμοιος
3097 880 3164 950 τῇ
3222 873 3334 948 ἰδίᾳ
3377 875 3568 944 εἰκόνι,
3601 876 3687 930 ὅτι
3724 880 3758 945 ἡ

2104 964 2262 1020 εἷ’κὼν
2312 966 2408 1038 μὲν
2457 967 2594 1041 πρὸς
2635 968 2734 1035 τήν
2767 970 2864 1020 τοῦ
2914 966 3203 1041 ἀνθρώπου
3234 963 3455 1039 γέγονεν
3487 966 3766 1036 ὁμοιότη-

2101 1074 2189 1120 τα,
2243 1054 2333 1108 καὶ
2388 1053 2522 1129 οὐχὶ
2558 1055 2586 1108 6
2619 1051 2905 1130 ἄνθρωπος
2955 1055 3090 1128 πρὸς
3138 1055 3238 1123 τῆν
3280 1053 3503 1123 ταύτης.
3563 1050 3758 1114 Οὕτως

2104 1140 2194 1197 οὖν
2226 1141 2314 1196 καὶ
2347 1143 2432 1196 ἐπὶ
2481 1147 2579 1197 τοῦ
2629 1142 2829 1211 αίτίου,
2860 1143 2951 1199 καὶ
2993 1147 3102 1198 τῶν
3147 1141 3199 1213 ἐξ
3229 1141 3413 1211 αὐτοῦ,
3451 1144 3527 1215 μὴ
3571 1141 3759 1197 δεκτὸν

2105 1232 2234 1286 εἴναι
2294 1233 2355 1286 τὸ
2412 1231 3203 1310 ἀντιστρέφεινοάντιστρὲφειν
3262 1231 3320 1286 δέ
3375 1231 3543 1298 ἐστιν,
3595 1230 3628 1285 ἃ
3670 1232 3763 1286 xui

2100 1325 2219 1382 τοῖς
2248 1320 2339 1376 τὸν
2377 1320 2607 1376 ἐναντίον
2644 1322 2945 1397 χειρίζουσι
2978 1323 3024 1357 ⁸³
3073 1320 3234 1397 λόγον
3275 1319 3465 1390 ἐπίσης
3497 1316 3643 1375 ἔστιν
3679 1318 3762 1374 εἴ-

2103 1415 2248 1476 πεῖν,
2279 1413 2394 1464 οἷον
2429 1410 2475 1464 εἰ
2532 1415 2669 1480 ζῶον
2715 1411 2776 1465 τὰ
2820 1411 2957 1465 κατὰ
2987 1410 3243 1485 γαστρὸς,
3274 1410 3362 1464 καὶ
3395 1409 3458 1464 τὸ
3489 1407 3760 1477 ἐναντίον,

2105 1498 2150 1553 εἰ
2183 1498 2244 1553 οὐ
2279 1503 2413 1567 ζῶον
2461 1499 2524 1554 τὸ
2571 1499 2708 1554 κατὰ
2753 1501 3004 1575 γαστρός.
3037 1497 3194 1556 Οὕτω
3243 1499 3403 1574 φησὶν
3438 1499 3466 1552 6
3513 1495 3761 1570 Κλήμης

2104 1587 2156 1640 ἐν
2207 1588 2354 1663 ἀρχῇ
2400 1592 2496 1642 τοῦ
2540 1587 2791 1660 πέμπτου
2843 1586 3241 1663 Στρωματὲων,
3289 1585 3468 1659 ὥσπερ
3517 1584 3611 1640 οὖν
3670 1586 3767 1640 xui

2103 1674 2344 1732 ἐνταῦθα.
2380 1675 2440 1730 Ei
2473 1676 2568 1730 οὗν
2602 1675 2772 1749 ὅμοια
2813 1678 2881 1730 τὰ
2928 1677 3197 1750 ὁμοταγῆ,
3228 1674 3318 1729 καὶ
3367 1673 3426 1729 ix
3476 1679 3576 1729 τοῦ
3617 1673 3778 1729 inv-

2102 1765 2244 1834 τίου,
2279 1764 2325 1820 εἰ
2351 1764 2457 1842 οὐχ
2487 1766 2654 1838 ὅμοια
2682 1766 2750 1820 τὰ
2779 1766 3051 1840 ὁμοταγῆ.

2179 1951 2289 2014 Τῆς
2347 1944 2836 2018 αὐτοομοιότητος.
2894 1946 3054 2008 Ἐθος
3094 1942 3206 1998 ἐστὶ
3246 1946 3325 2015 τῷ
3375 1941 3602 2017 μεγάλῳ
3635 1949 3770 1996 Διο-

2109 2035 2295 2106 νυσίῳ,
2319 2034 2412 2088 τὸν
2445 2035 2571 2088 Θεὸν
2605 2033 2779 2108 λέγειν
2820 2032 2907 2088 ἐπὶ
2954 2037 3060 2088 τῶν
3112 2032 3365 2086 αἷτιατῶν
3407 2031 3570 2086 αὐτὸν
3628 2031 3769 2084 εἶναι

2109 2124 2170 2177 τὸ
2210 2121 2407 2177 αὐτοὸν
2457 2122 2545 2177 καὶ
2590 2127 2688 2177 τοῦ
2736 2121 3006 2177 αύτοεῖναι
3061 2122 3393 2191 ὑποστάτηνο
3451 2121 3543 2174 καὶ
3601 2119 3766 2174 αὐτὸν

2111 2213 2241 2266 εἶναι
2290 2213 2388 2279 τὴν
2437 2211 2742 2280 αὖτοζωὴν,
2790 2211 2880 2265 καὶ
2928 2213 3028 2276 τῆς
3085 2210 3367 2279 αὐτοζωῆς
3425 2209 3762 2278 ὑποστάτην·

2111 2301 2184 2361 ὡς
2212 2301 2301 2354 καὶ
2332 2304 2422 2355 νῦν
2475 2299 2632 2354 αὐτὸν
2667 2299 2799 2354 εἶναι
2830 2300 2929 2368 τῆν
2981 2297 3446 2372 αὖτοομοιότητα,
3476 2297 3567 2352 xui
3617 2299 3767 2369 [τῆς]

2110 2387 2576 2462 αύτοομοιότητος
2627 2388 2956 2459 ὑποστάτην.
3011 2387 3155 2458 Φησὶ
3207 2384 3263 2442 δὲ
3310 2387 3498 2458 ταῦτα,
3541 2385 3655 2460 οὐχ
3693 2387 3771 2448 ὡς

2109 2477 2292 2553 ἑτὲραν
2330 2479 2423 2550 μὲν
2466 2477 2681 2555 φάσκων
2739 2479 2881 2546 ζωὴν
2927 2476 3086 2532 αὐτὸν
3134 2476 3224 2531 τὸν
3276 2475 3430 2544 Θεᾶν,
3477 2475 3664 2548 ἑτέραν
3713 2471 3771 2527 δὲ

2108 2569 2391 2642 παρῆγθαι
2438 2567 2580 2635 ζωὴν
2615 2563 2882 2636 οὐσιώδη,
2921 2565 3011 2620 καὶ
3061 2567 3175 2620 οἷον
3209 2562 3262 2618 εἴ
3300 2585 3419 2618 τινα
3463 2561 3764 2618 ἐνυπόστα-

2105 2675 2198 2710 τον
2248 2654 2393 2729 παρᾶ
2446 2655 2538 2709 τὸν
2595 2656 2745 2723 Θεὸν,
2799 2657 2864 2724 ῆς
2919 2653 3137 2730 μετὲχει
3167 2653 3236 2708 τὰ
3279 2659 3380 2722 τῆς
3429 2657 3577 2720 ζωῆς
3613 2653 3769 2723 μετε-

2111 2765 2296 2820 χοντα,
2342 2744 2471 2798 ἀλλ’
2519 2744 2593 2805 ὡς
2640 2744 2802 2805 αὐτὸς
2833 2744 3018 2798 ἑαυτὸν
3070 2741 3354 2815 ἐρμηνεύει
3409 2739 3461 2794 ἐν
3511 2744 3596 2812 τῷ
3626 2737 3768 2795 ἑνδε-

2108 2835 2254 2905 κάτῳ
2309 2831 2614 2911 κεφαλαίῳ,
2664 2831 2916 2902 αύτοζωὴ
2966 2831 3057 2886 καὶ
3097 2827 3490 2902 αὐτοδύναμις,
3521 2829 3617 2883 καὶ
3672 2829 3765 2883 αὖ·

2103 2922 2464 2996 τοομοιότης,
2511 2921 2602 2976 καὶ
2649 2923 2715 2976 τὰ
2765 2925 2994 2976 τοιαῦτα
3042 2917 3260 2995 λέγεται
3292 2921 3320 2974 6
3351 2918 3506 2989 Θεὸς,
3535 2917 3618 2980 ὡς
3667 2917 3763 2990 ἆρ-

2106 3016 2284 3087 χικῶς
2307 3015 2468 3066 τοῦτο
2513 3005 2610 3076 ὤν,
2661 3011 2751 3065 καὶ
2779 3012 2992 3081 θεῖκῶς,
3043 3009 3134 3064 καὶ
3179 3009 3514 3064 αἰτιατικῶς·
3545 3005 3760 3061 τούτων

2107 3101 2210 3174 γὰρ
2243 3099 2402 3162 αὐτὸς
2449 3104 2530 3171 τῷ
2583 3094 2698 3153 ὄντι
2746 3100 2985 3173 πηγαῖός
3036 3097 3164 3153 ἐστι·
3218 3104 3318 3167 τῆς
3367 3093 3424 3150 δὲ
3469 3096 3766 3164 αὖτοζωῆς

351 3184 502 3236 enim
529 3188 619 3237 est
650 3200 848 3239 revera
881 3186 1010 3240 fons
1042 3203 1107 3242 ac
1139 3188 1336 3261 origo;
1371 3189 1557 3262 ipsius
1607 3196 1800 3246 autem
1841 3191 1990 3260 vitae,

2109 3187 2248 3243 ἐστιν
2282 3189 2614 3259 ὑποστάτης,
2645 3186 2734 3242 καὶ
2780 3184 3266 3260 αὒτοομοιότητος,
3305 3183 3395 3240 καί
3424 3188 3528 3238 τῶν
3579 3183 3771 3239 τοιού.

354 3287 420 3326 ac
452 3271 644 3343 ipsius
666 3272 1074 3331 similitudinis
1093 3281 1150 3331 et
1172 3276 1380 3334 talium
1404 3283 1490 3334 est
1527 3281 1814 3348 conditor,
1853 3286 1917 3336 ut
1946 3281 1997 3336 is

351 3360 453 3432 qui
487 3362 930 3433 participatione
958 3363 1103 3434 ipsis
1123 3383 1249 3436 quae
1277 3367 1552 3438 primario
1575 3369 1727 3424 inter
1753 3385 1864 3437 res,
1891 3369 1998 3425 hoc

351 3449 571 3504 donum
607 3451 956 3523 participant
988 3453 1236 3526 largitur
1270 3473 1282 3510 :
1309 3473 1442 3511 nam
1478 3457 1672 3513 omnia
1697 3475 1798 3529 pro
1825 3463 1994 3530 captu

349 3554 458 3594 suo
491 3537 630 3594 talia
681 3541 1067 3613 participant:
1114 3545 1316 3614 primm
1366 3545 1600 3617 quidem
1645 3552 1702 3602 et
1731 3564 1998 3619 supernas

350 3625 813 3698 intelligibilium
845 3635 1122 3687 creatura:
1146 3650 1247 3704 per
1269 3636 1509 3690 modum
1535 3635 1804 3707 principii
1830 3652 1842 3691 :
1870 3652 1998 3708 quae

349 3731 483 3771 vero
514 3715 810 3789 deinceps,
843 3722 1167 3777 secundum
1203 3723 1551 3778 descensum
1601 3739 1703 3779 seu
1759 3723 2000 3779 interio-

354 3821 474 3860 rem
510 3806 782 3876 gradum.
814 3807 958 3864 Poro
998 3810 1174 3866 etiam
1217 3811 1488 3883 superius
1513 3812 1772 3868 diximus
1793 3812 1999 3868 simili-

350 3894 619 3949 tudinem
652 3912 781 3952 esse
810 3902 1065 3954 totorum
1098 3901 1406 3970 unitatem,
1441 3918 1558 3973 qua
1587 3905 1730 3969 tota,
1760 3901 1816 3956 id
1842 3902 1997 3972 quod

352 3998 416 4037 se
447 3984 649 4039 eodem
682 3987 853 4042 modo
884 3987 1083 4056 habet,
1115 3994 1173 4046 et
1201 3992 1523 4047 secundum
1547 3991 1832 4048 eademin
1857 4008 1997 4047 con-

354 4070 674 4141 spiratione
704 4076 1074 4148 participant,
1098 4078 1299 4150 primaa
1331 4097 1521 4137 causan
1543 4082 1956 4138 communione
1980 4097 1995 4136 :

355 4157 502 4213 dixit
523 4164 738 4230 autem,
772 4178 899 4234 qua:
926 4180 1040 4222 esse
1068 4170 1261 4237 potest,
1293 4169 1435 4239 quia
1465 4186 1580 4225 non
1603 4170 1874 4242 perfecte,
1897 4186 1997 4227 ne-

354 4264 468 4320 que
488 4247 547 4304 in
578 4252 698 4305 toto
720 4251 992 4310 imitatio.

423 4339 450 4406 §
481 4337 600 4395 VII.
633 4340 964 4411 Desciscens,
992 4343 1089 4400 Gr.
1119 4343 1183 4398 τὸ
1213 4340 1466 4403 ἀποδέον.
1497 4346 1805 4404 Deﬁciens.

423 4428 452 4501 §
485 4429 638 4484 VIII.
664 4430 808 4498 Quid
819 4432 1456 4491 autemdedivinostatu.
1481 4437 1713 4492 Statum
1729 4438 1995 4493 etsedem

2104 3298 2237 3345 των,
2272 3278 2346 3339 ὡς
2401 3282 2674 3350 μεθεκτῶς
2722 3276 2908 3337 αὐτοῖς
2956 3281 3076 3338 τοῖς
3122 3277 3356 3351 πρώτω(
3390 3272 3438 3328 ἐν
3487 3277 3608 3334 τοῖς
3641 3271 3767 3327 οὖσι

2105 3372 2206 3436 τῆς
2236 3363 2445 3441 δωρεᾶς
2496 3364 2699 3435 ταύτης
2754 3363 3044 3439 μετέχουσι
3096 3367 3380 3439 χορηγῶν.
3425 3359 3605 3417 Πάντα
3653 3362 3765 3432 γὰρ

2109 3453 2325 3515 οἰκείως
2370 3454 2583 3516 ἑαυτοῖς
2635 3454 2853 3528 μετέχει
2903 3458 3012 3508 τῶν
3059 3452 3349 3508 τοιούτων·
3384 3451 3437 3504 αἱ
3489 3450 3584 3522 μὶν
3617 3453 3770 3524 πρῶ-

2104 3565 2192 3598 ται
2220 3544 2310 3598 καὶ
2341 3543 2612 3598 ἆνώταται
2659 3548 2766 3598 τῶν
2817 3546 3028 3611 νοητῶν
3075 3539 3276 3602 κτίσεις
3319 3542 3664 3615 ἂρχηγικῶς’
3701 3539 3770 3592 τὰ

2108 3631 2166 3688 δὲ
2209 3633 2332 3703 ἑξῆς
2380 3626 2744 3694 ὑποϐατικῶς.
2777 3632 3120 3706 Ὀμοιὸτητα
3167 3627 3224 3685 δὲ
3260 3629 3350 3684 καὶ
3395 3630 3506 3683 ἅνω
3549 3621 3766 3704 ἔφημεν

2104 3723 2204 3790 τὴν
2235 3724 2342 3775 τῶν
2372 3719 2520 3774 ὅλων
2572 3720 2820 3790 ἑνότητα,
2849 3725 2968 3783 καθ’
3018 3720 3079 3788 ἣν
3127 3720 3197 3773 τὰ
3244 3716 3348 3773 ὅλα
3394 3719 3493 3771 τοῦ
3532 3713 3674 3768 κατᾶ
3702 3714 3767 3768 τὸ

2108 3808 2364 3871 ὡσαύτως
2416 3807 2646 3884 ἔχοντος
2692 3808 2780 3863 καὶ
2840 3810 2977 3864 κατὰ
3015 3808 3084 3863 τὰ
3142 3806 3277 3862 αὐτὰ
3324 3805 3401 3867 είς
3450 3804 3763 3876 σύμπνοιαν

2111 3897 2352 3972 μετέχει,
2405 3897 2540 3952 κατᾶ
2592 3895 2878 3971 μετουσίαν
2928 3900 3024 3950 τοῦ
3072 3895 3294 3969 πρώτου
3347 3893 3546 3948 αίτίου.
3579 3889 3770 3948 Ἐνδεο

2107 3985 2346 4060 χύμενον
2379 3983 2437 4040 δὲ
2467 3986 2637 4054 εἶπεν,
2669 3986 2733 4040 οὗ
2778 3985 2883 4062 γὰρ
2931 3982 3182 4054 τελείως,
3214 3979 3340 4039 οὐδὲ
3384 3981 3504 4045 καθ’
3553 3978 3697 4034 ὅλου
3731 3981 3768 4047 ἡ

2113 4073 2369 4148 μίμησις.

2177 4348 2206 4415 §
2234 4346 2359 4402 VII.
2393 4342 2470 4401 Τὸ
2499 4338 2753 4398 ἀποδέον.
2788 4338 3142 4396 Ἀπολεῖπον.

2179 4435 2384 4504 §VlII.
2419 4434 2487 4490 Τί
2548 4430 2606 4487 δὲ
2659 4432 2748 4486 καὶ
2804 4431 2929 4506 περὶ
2984 4437 3083 4500 τῆς
3144 4426 3291 4494 θείας
3344 4425 3603 4488 στάσεως.
3652 4426 3768 4495 Τὴν

353 4534 456 4588 pro
481 4518 685 4573 eodem
707 4518 953 4592 accipit:
982 4525 1203 4577 statum
1236 4523 1414 4592 enim,
1443 4541 1557 4579 non
1600 4526 1753 4596 quod
1803 4530 1996 4582 rectus

2111 4525 2290 4577 στάσιν
2349 4521 2439 4578 καὶ
2494 4522 2594 4591 τήν
2640 4516 2903 4594 καθέδραν
2960 4518 3022 4574 τὸ
3072 4517 3201 4573 αὐτὸ
3259 4513 3513 4591 δέχεται·
3577 4513 3767 4570 στάσιν

349 4607 469 4675 ﬁat,
507 4611 815 4679 postquam
843 4608 900 4663 in
921 4611 1056 4666 sede
1079 4610 1414 4668 incurvatus
1439 4613 1611 4668 fuerit
1630 4613 1994 4686 suspicatur;

351 4695 450 4750 sed
467 4695 594 4751 sine
611 4697 1019 4764 concussione,
1042 4715 1108 4755 ac
1129 4701 1454 4756 mutatione
1477 4701 1601 4767 Dei,
1626 4702 1861 4757 firmum
1883 4707 1998 4758 sta-

347 4788 474 4838 tum
525 4785 788 4842 vocavit:
840 4787 993 4842 sicut
1039 4790 1216 4844 etiam
1273 4791 1478 4846 sedere
1527 4791 1820 4862 signiﬁcat
1868 4807 1998 4847 esse

350 4873 626 4930 continuo
669 4891 735 4930 ac
772 4875 1445 4948 incomprehensibiliter
1493 4879 1643 4935 209
1691 4879 1750 4934 in
1796 4897 1998 4952 regno,

348 4977 416 5016 ac
445 4961 641 5034 quiete
672 4963 929 5019 nominis
960 4970 1211 5036 experte.
1247 4966 1396 5021 Sane
1427 4965 1485 5021 in
1519 4966 1840 5037 Scriptura,
1865 4973 1996 5024 tan-

347 5067 525 5122 quam
557 5069 592 5107 a
620 5053 759 5109 sede
790 5069 1111 5126 exsurgens
1143 5055 1361 5110 dicitur
1393 5060 1457 5110 ut
1485 5055 1568 5110 ibi
1604 5072 1617 5110 :
1648 5059 1849 5126 Surge,
1893 5058 1996 5112 Do-

342 5139 514 5208 mine,
539 5141 790 5210 prazveni
817 5157 908 5198 eos
935 5142 1030 5214 (r);
1063 5159 1129 5199 ac
1155 5143 1392 5211 iterum,
1421 5143 1613 5200 sicuta
1637 5148 1794 5201 statu
1817 5145 1888 5201 ad
1915 5161 1999 5201 se.

419 5353 494 5426 (ν)
531 5353 686 5415 Psal.
716 5373 832 5425 xvr,
868 5355 955 5415 13.

2106 4612 2209 4688 γὰρ
2243 4611 2304 4666 οὐ
2334 4611 2432 4680 τῆν
2466 4611 2542 4672 εἰς
2591 4610 2652 4664 τὸ
2705 4607 2864 4684 ὀρθὸν
2897 4606 3142 4684 γενέσθαι
3190 4605 3298 4661 ἀπὸ
3325 4609 3423 4660 τοῦ
3451 4604 3766 4680 συμεκὰμς

2107 4699 2315 4778 φθαίἰν
2345 4703 2414 4774 τῇ
2463 4695 2697 4773 καθέδρᾳ
2751 4697 3006 4753 ὑπόνοιαν
3057 4717 3243 4775 φησιν,
3293 4692 3439 4778 ἀλλᾶ
3477 4693 3541 4748 τὸ
3587 4692 3761 4747 ἀκΛόο

2109 4777 2270 4860 νητον
2327 4787 2416 4843 xui
2489 4786 2890 4863 ἀμετάτρεπτον
2940 4790 3038 4841 τοῦ
3105 4787 3238 4839 Θεοῦ
3299 4777 3519 4859 βεϐαίαν
3572 4784 3759 4835 στάσιν

2108 4875 2379 4932 ἐκάλεσεν·
2415 4875 2489 4937 ὡς
2536 4874 2626 4930 καὶ
2677 4875 2737 4928 τὸ
2786 4875 3050 4943 καθῆσθαι
3098 4873 3160 4927 τὸ
3207 4870 3262 4927 ἐν
3317 4869 3689 4943 ἀνωνομάστῳ
3717 4872 3766 4906 ⁸⁸

2112 4963 2378 5042 βασιλείᾳ,
2427 4963 2516 5020 καὶ
2570 4961 2862 5018 ἀναπαύσει
2920 4959 3154 5035 διαρκῶς
3209 4959 3300 5016 καὶ
3352 4957 3762 5028 ἆκαταλήπτως

2108 5052 2273 5131 ἔχειν,
2310 5052 2406 5108 Καὶ
2461 5054 2570 5126 μὴν
2618 5051 2670 5107 ἐν
2719 5055 2790 5126 τῇ
2843 5055 3051 5128 Γραφῇ,
3086 5050 3160 5114 ὠς
3211 5049 3316 5105 ἀπὸ
3362 5053 3459 5105 τοῦ
3488 5049 3761 5118 καθῆσθαι

2108 5143 2464 5217 ἀνιστάμενος
2519 5138 2754 5217 εἷ’ρηται,
2802 5141 2878 5205 ὡς
2933 5138 2985 5195 ἓν
3037 5143 3137 5212 τῷ,
3197 5137 3508 5208 Ἀνάστηθι,
3570 5136 3757 5213 Κύριε,

1339 5485 1582 5544 VARUE
1619 5484 2012 5544 LEGTIONES
2049 5483 2143 5542 ET
2190 5479 2750 5540 CORREGTIONES.

416 5626 461 5663 ⁸³
494 5624 952 5702 μεταχειρίζουσι.
1027 5627 1073 5662 ⁸⁴
1097 5628 1167 5700 τῇ
1199 5624 1573 5701 ἀνονομάστῳ.
