4034 6214
220 342 330 398 381

976 351 1034 402 8.
1077 350 1345 404 ΜΔΧΙΜΙ
1383 349 1688 404 SCHOLIA
1725 347 1802 402 IN
1839 347 1974 400 LIB.
2015 348 2112 399 DE
2147 347 2424 400 DIVINIS
2461 347 2881 404 NOMINIBUS.

3501 399 3504 402 .
3536 355 3642 413 382

219 465 544 544 πρόφθασον
577 467 773 530 αὐτοῦς
807 487 820 500 ·
853 467 945 523 καὶ
976 469 1141 525 πάλιν
1173 471 1248 532 ὡς
1277 471 1384 526 ἀπὸ
1416 472 1652 532 στάσεως
1685 468 1773 525 ἐπὶ
1803 473 1872 542 τᾷ

1998 470 2129 525 dem
2183 470 2502 537 transiens,
2537 487 2668 526 cum
2703 471 2920 528 dicitur
2952 491 2965 528 :
3000 474 3141 543 Quia
3182 478 3438 532 ascendes
3479 495 3642 550 equos

226 563 504 625 καθῆσθαι
540 552 902 629 μεταϐαίνων,
935 559 986 612 έν
1031 564 1127 631 τῷ·
1161 562 1280 614 Ὅτι
1331 556 1566 634 έπιϐήσῃ
1613 559 1700 614 ἐπὶ
1757 559 1882 621 τοὺς

216 642 435 706 ἵππους
479 666 596 712 σου,
643 646 765 700 καί⁹
799 647 859 702 Ἡ
910 648 1143 702 ἱππασία
1187 669 1283 703 σου
1325 649 1567 722 σωτηρία
1599 669 1612 681 ·
1644 649 1734 704 καὶ
1792 649 1884 702 αῦ-

228 745 319 796 θις
355 755 366 764 ·
398 730 604 806 Ἐπέϐη
641 732 917 811 χερουϐἱμ
942 737 1028 791 καὶ
1062 736 1326 808 έπετάσθη
1364 758 1376 770 ο
1416 737 1651 810 μάλιστα
1683 736 1740 792 δὲ
1782 737 1843 792 τό
1870 755 1883 769 ⁸

229 824 525 884 Ἐκάθισας
585 824 670 878 ἐπὶ
733 825 949 898 θρόνου,
983 827 1010 880 6
1063 827 1263 902 κρίνων
1320 825 1664 898 δικαιοσύνην
1697 846 1710 858 ·
1761 827 1881 881 καίο

223 913 294 968 Ὀ
327 914 458 974 Θεὸς
490 912 718 983 κάθηται
751 913 841 968 ἐπὶ
871 915 1064 988 θρόνου
1099 917 1259 990 ἁγίου
1290 916 1474 972 αὐτοῦ.
1508 921 1680 972 Ταῦτα
1729 914 1784 970 δὲ
1823 916 1884 970 οὗ

226 1007 530 1076 σαρκικῶς,
565 1001 709 1058 ἀλλά
739 1001 989 1065 θεοειδῶς
1019 1007 1154 1062 ⁸⁵.⁸⁶.

506 1097 518 1110 ν
565 1091 578 1112 ἵ
631 1091 644 1111 ν
697 1091 711 1112 \
820 1092 831 1109 Ι
1094 1105 1118 1113 ..
1304 1095 1315 1115 9
1411 1093 1424 1111 \
1517 1095 1527 1112 1
1565 1116 1594 1128 ⁸.
1783 1094 1833 1111 ~\

297 1093 448 1159 §IX.
485 1097 580 1145 [ut
626 1113 712 1146 επι
762 1113 937 1146 πάντα
983 1093 1270 1167 προιόντα.
1320 1097 1427 1151 Επι
1457 1115 1631 1149 πάντα
1673 1115 1881 1168 προιων

217 1179 315 1233 καὶ
377 1180 698 1254 κινούμενος
746 1179 960 1256 λέγεται
1014 1183 1041 1236 ὁ
1096 1183 1248 1251 Θεὸς,
1276 1183 1350 1246 ὡς
1397 1181 1450 1237 ἐν
1494 1188 1571 1254 τῷ
1600 1183 1835 1258 Ἱερεμίᾳ
1867 1201 1880 1214 ’

223 1269 373 1344 Ἐγὼ
409 1271 539 1332 Θεὸς
569 1269 822 1346 ἐγγίζων,
857 1271 944 1325 καὶ
997 1272 1129 1346 οὖχί
1170 1271 1450 1347 πόῤῥωθεν
1486 1293 1498 1306 ο
1533 1272 1621 1326 καὶ
1677 1273 1842 1327 πάλιν
1868 1291 1880 1303 '

216 1358 286 1414 Ὀ
339 1357 432 1412 ἐπὶ
481 1360 699 1413 πάντων
739 1360 828 1413 καὶ
873 1356 963 1414 διὰ
1012 1360 1229 1415 πάντων
1259 1380 1270 1392 ·
1305 1360 1394 1415 καὶ
1446 1359 1722 1433 μάλιστα·
1758 1361 1882 1418 Ἐὰν

222 1441 423 1500 ἀναϐιῖ)
481 1447 557 1509 εἷς
617 1448 706 1502 τὸν
760 1447 1006 1519 οὐρανὸν,
1040 1448 1103 1502 σὺ
1136 1448 1265 1520 ἐκεῖ,
1297 1449 1388 1504 καὶ
1416 1451 1483 1504 τὰ
1512 1451 1657 1522 ἑξῆς.
1691 1452 1776 1506 Ἐν
1827 1448 1886 1504 δὲ

218 1540 349 1596 ταῖς
383 1534 744 1612 θεοφανείαις·
785 1535 986 1593 Κλῖνον
1015 1537 1277 1613 οὐρανούς
1307 1559 1423 1607 σου,
1453 1538 1543 1593 καὶ
1573 1534 1839 1609 κατάϐηθι
1868 1558 1880 1571 ·

222 1625 342 1695 καὶ,
380 1619 573 1695 Ἀνέϐη
608 1627 636 1680 6
667 1626 795 1688 Θεὸς
827 1624 880 1680 ἐν
913 1624 1243 1700 ἀλαλαγμῷ.

303 1714 382 1770 Οὐ
441 1718 576 1768 κατᾶ
624 1714 794 1790 φορὰν
842 1715 878 1784 ἢ
928 1713 1257 1775 ἀλλοίωσιν.
1307 1714 1580 1771 Διδάσκων
1643 1711 1880 1779 εὐσεϐῶς

223 1807 377 1856 νοεῖν
434 1803 503 1857 τὰ
557 1804 682 1879 περὶ
740 1808 873 1860 Θεοῦ
932 1803 1222 1880 λεγόμενα,
1260 1804 1422 1882 φησίν
1460 1825 1473 1838 °
1507 1804 1751 1862 'Ax06wv
1801 1827 1880 1861 κι-

220 1897 437 1955 νεῖσθαι
492 1892 585 1947 τὸν
615 1892 769 1962 Θεὸν,
803 1890 1080 1966 μηδέποτε
1126 1896 1329 1968 νοήσῃς
1373 1893 1585 1965 κίνησιν
1635 1896 1734 1964 τὴν
1789 1893 1876 1949 ἐπὶ

216 1985 329 2034 τῶν
357 1985 604 2052 ίκτιστῶν
637 1983 680 2018 ⁸⁷
710 1983 1050 2054 νοουμένων,
1083 1982 1171 2038 καὶ
1233 1981 1470 2056 μάλιστα
1524 1987 1631 2037 τῶν
1689 1982 1877 2053 αἴσθη-

216 2073 330 2123 τῶν
370 2090 382 2102 ο
419 2071 484 2124 τὰ
515 2072 619 2145 γὰρ
670 2068 833 2125 ὑλικά
879 2077 1105 2126 κινεῖται
1159 2071 1254 2145 μὲν
1304 2073 1441 2127 κατὰ
1489 2073 1656 2150 φοράν
1691 2091 1702 2103 ·
1736 2073 1878 2149 φορὰ

219 2154 278 2211 δέ
304 2156 451 2213 ἐστιν
485 2161 519 2228 ἠ
552 2160 670 2214 καθ’
703 2159 830 2214 ὅλον
863 2161 908 2195 ⁸⁸
936 2155 1101 2214 τόπον
1164 2159 1463 2236 έναλλαγή,
1491 2160 1580 2215 καὶ
1639 2159 1878 2234 μάλιστα

219 2249 254 2315 ἡ
285 2249 364 2318 μή
401 2245 672 2319 δυναμένη
708 2248 788 2324 ἐφ’
819 2249 1010 2318 ἑαυτῆς
1054 2256 1266 2321 στῆναι,
1302 2251 1425 2304 ὅταν
1485 2247 1644 2324 ἐθέλῃ
1683 2269 1694 2280 ⁸
1728 2249 1876 2320 κίνηρ

218 2357 302 2397 σις
352 2333 414 2391 δέ
454 2336 595 2391 ἐστιν
637 2340 672 2406 ἡ
705 2338 842 2392 κατὰ
870 2337 1170 2394 ἀλλοίωσιν
1202 2358 1216 2370 ⁶
1249 2337 1547 2400 ἀλλοίωσις
1596 2336 1652 2394 δέ
1709 2337 1875 2410 ἐστιν,

216 2425 374 2497 ὅταν,
413 2427 674 2498 μένοντος
698 2432 795 2482 τοῦ
845 2428 1203 2499 ὑποκειμένου
1249 2427 1509 2498 αἰσθητοῦ
1557 2424 1731 2496 ὄντος,
1779 2449 1875 2500 με·

214 2511 478 2589 ταϐάλλῃ
512 2515 563 2569 έν
595 2522 712 2578 τοῖς
741 2515 907 2571 αὐτοῦ
936 2515 1153 2572 πάθεσιν
1195 2515 1454 2579 ἐναντίοις
1503 2515 1672 2584 οὖσιν,
1702 2516 1737 2584 ἢ
1785 2517 1875 2572 καὶ

221 2605 429 2678 μεταξὺ
488 2603 740 2660 ἐναντίων
801 2605 889 2660 καὶ
953 2609 1070 2678 μή·
1123 2609 1240 2661 οἷον
1295 2607 1357 2660 τὸ
1415 2610 1574 2679 σῶμα
1631 2607 1873 2681 ὑγιαίνει,

212 2692 305 2745 καὶ
340 2689 513 2745 πάλιν
544 2693 739 2764 κάμνει
769 2711 784 2724 ο
815 2692 878 2747 τὸ
910 2692 1041 2747 αὐτὸ
1066 2693 1156 2747 καὶ
1192 2694 1220 2747 6
1252 2691 1486 2768 χαλκὸς,
1517 2694 1649 2748 ποτε
1679 2714 1874 2768 στρογ-

212 2778 414 2856 γύλος,
448 2781 582 2835 ποτὲ
636 2777 960 2855 γωνοειδὴς,
1017 2784 1292 2836 τουτέστιν
1337 2781 1414 2846 εἰς
1457 2781 1655 2857 γωνίας
1709 2803 1874 2854 μετα-

215 2869 625 2942 σχηματισθείς
659 2887 670 2899 ·
696 2867 820 2922 ὅταν
851 2864 907 2923 δὲ
937 2867 1066 2923 ὅλον
1103 2864 1446 2944 μεταϐάλλῃ,
1469 2871 1545 2943 μὴ
1583 2868 1876 2942 ὑπομένον-

213 2977 310 3017 τος
367 2957 629 3026 αἰσθητοῦ
677 2978 848 3029 τινος,
881 2958 956 3020 ὡς
1003 2959 1365 3032 ὑποκειμένου
1400 2963 1498 3013 τοῦ
1527 2959 1712 3029 αὐτοῦ,
1747 2957 1874 3014 ἁλλ’

218 3049 338 3099 οἷον
397 3044 456 3099 ἐκ
509 3052 610 3122 γῆς
664 3045 842 3116 πάσης
893 3049 1051 3120 αἷμα,
1097 3047 1186 3102 καὶ
1247 3048 1298 3118 ἐξ
1347 3045 1541 3110 ὕδατος
1570 3050 1699 3124 ἀὴρ,
1730 3050 1765 3119 ἢ
1822 3048 1872 3119 ἐξ

215 3133 381 3206 ἀέρος
410 3136 610 3195 παντὸς
642 3132 810 3210 ὕδωρ,
844 3135 878 3204 ἢ
913 3136 986 3198 ὡς
1016 3139 1050 3205 ἡ
1085 3132 1286 3212 ῥάϐδος
1313 3139 1587 3200 Μωυσέως
1619 3138 1694 3199 εἷς
1724 3133 1871 3222 ὅφιν,

1994 563 2115 614 tuos
2133 562 2232 628 (s);
2257 564 2315 614 et
2338 575 2351 613 :
2379 559 2674 631 Quadrigae
2713 570 2826 618 tuae
2854 564 3094 618 saluatio
3113 564 3200 635 (t);
3218 581 3283 619 ac
3306 582 3512 621 rursus
3535 584 3547 622 :
3567 568 3642 621 A-

1993 648 2202 703 scendzt
2231 665 2394 719 super
2431 650 2710 704 cherubim
2757 659 2812 706 et
2857 652 3060 706 volavit
3091 652 3208 723 (u);
3257 653 3509 709 maxime
3539 672 3640 710 au-

1993 740 2111 791 tem
2146 736 2288 791 illud
2323 754 2335 792 :
2371 737 2572 793 Sediin
2591 755 2756 809 super
2785 742 3070 808 thronum,
3104 744 3200 812 qui
3230 741 3436 807 iudicas
3469 743 3640 813 justi-

1995 828 2132 881 tiam
2171 827 2283 896 (υ);
2346 831 2403 882 et
2460 845 2473 884 :
2536 829 2677 882 Deus
2734 828 2877 884 sedet
2931 846 3097 902 super
3153 832 3336 886 sedem
3394 837 3644 887 sanctam

1992 932 2152 970 suam
2182 916 2280 986 (ω).
2317 919 2445 971 Ηωο
2475 933 2609 972 vero
2642 934 2754 972 non
2789 918 3120 990 carnaliter,
3141 921 3242 976 sed
3274 920 3430 976 sicut
3459 920 3640 976 Deum

1994 1005 2179 1073 decet,
2214 1005 2610 1077 intelligenda.

2063 1094 2223 1162 §IX.
2248 1096 2311 1149 Et
2340 1096 2410 1149 ad
2456 1095 2721 1152 universa
2762 1097 3166 1168 procedentem.
3219 1103 3372 1155 Deus
3422 1099 3642 1154 dicitur

1993 1183 2286 1253 progredi,
2319 1200 2386 1238 ac
2413 1185 2631 1240 moveri
2663 1186 2735 1241 ad
2782 1186 3000 1252 omnia,
3051 1187 3205 1242 sicut
3248 1187 3306 1241 in
3337 1188 3592 1244 Jeremia
3625 1205 3638 1243 :

1994 1272 2102 1340 Ego
2127 1273 2266 1326 Deus
2293 1272 2358 1327 de
2383 1274 2560 1328 vicino
2588 1291 2732 1344 sum,
2764 1280 2813 1330 et
2844 1291 2950 1330 non
2981 1275 3046 1330 de
3084 1276 3250 1348 longe
3279 1277 3358 1348 (y)
3395 1295 3408 1345 ;
3438 1294 3504 1332 ac
3537 1279 3638 1332 ite-

1994 1376 2127 1414 rum
2163 1375 2176 1413 :
2213 1361 2317 1428 Qui
2346 1362 2406 1416 ia
2435 1361 2686 1417 omnibus
2717 1379 2786 1418 ac
2802 1379 2902 1434 per
2921 1366 3114 1419 omnia
3143 1365 3222 1436 (τ)
3252 1383 3266 1433 ;
3301 1369 3358 1419 et
3389 1365 3640 1420 maxime

1993 1449 2056 1503 Si
2085 1450 2383 1504 ascendero
2416 1451 2475 1504 in
2499 1451 2720 1519 caelum,
2753 1456 2815 1506 tu
2845 1452 2962 1508 illic
2991 1469 3045 1507 es
3075 1455 3176 1526 (a),
3205 1459 3262 1508 et
3292 1453 3534 1525 reliqua.
3573 1457 3636 1509 In

1991 1536 2092 1592 Dei
2124 1543 2319 1592 autem
2350 1539 2823 1610 apparitionibus
2878 1558 2891 1596 :
2944 1542 3164 1597 Inclina
3211 1541 3374 1597 caelos
3433 1551 3556 1597 tuos
3587 1547 3639 1597 et

1991 1626 2248 1682 descende
2277 1627 2355 1698 (ὁ)
2381 1646 2395 1694 ;
2432 1632 2607 1698 atque
2641 1646 2653 1684 :
2686 1629 2940 1684 Ascendit
2968 1631 3108 1685 Deus
3149 1629 3207 1683 in
3237 1630 3413 1697 iubilo
3445 1631 3535 1702 (ε).

2062 1720 2182 1772 Νοη
2213 1715 2487 1772 delatione
2536 1720 2634 1771 aut
2681 1720 3003 1774 mulatione.
3060 1719 3284 1774 Doceus
3316 1735 3384 1774 ea
3412 1736 3536 1790 qua:
3567 1720 3638 1774 de

1992 1803 2107 1860 Deo
2139 1805 2415 1861 dicuntur
2435 1806 2527 1877 pie
2548 1806 2898 1878 intelligere,
2923 1807 3004 1863 ait
3031 1825 3043 1863 :
3075 1809 3217 1864 Cum
3251 1809 3635 1876 audis,Deum

1988 1893 2545 1964 moveri,nunquam
2570 1895 2864 1968 intelligas
2882 1896 3198 1952 motionem
3231 1914 3362 1968 quas
3391 1898 3449 1951 in
3475 1915 3635 1953 crea-

1988 1983 2136 2036 turis
2179 1983 2429 2038 maxime
2478 1984 2799 2040 sensilibus
2845 1984 3197 2058 intelligitur
3247 2003 3260 2042 :
3312 1987 3636 2042 materialia

1985 2071 2143 2126 enim
2177 2077 2483 2128 moventur
2524 2070 2658 2125 κατά
2707 2071 2912 2148 φοράν;
2947 2073 3087 2148 φορά
3133 2092 3266 2131 vero
3313 2081 3401 2131 est
3450 2077 3634 2132 totius

1985 2157 2096 2213 loci
2132 2161 2400 2226 mutatio,
2454 2166 2510 2216 et
2553 2163 2804 2217 maxime
2848 2180 2973 2234 quae
3023 2164 3247 2235 nequit,
3298 2182 3429 2219 cum
3484 2166 3630 2230 vult,

1983 2245 2043 2301 in
2076 2247 2269 2318 seipse
2300 2257 2492 2315 stare;
2528 2251 2705 2305 motio
2738 2255 2936 2305 autem
2990 2252 3053 2305 ﬁt
3096 2250 3230 2303 κατά
3276 2249 3580 2305 ἀλλοίωσιν
3613 2271 3626 2320 ;

1984 2332 2281 2396 ἀλλοίωσις
2311 2353 2443 2392 vero
2473 2342 2563 2392 est
2591 2339 2848 2408 quando,
2882 2341 3167 2410 subjecto,
3199 2342 3354 2412 quod
3387 2346 3475 2396 est
3497 2358 3629 2396 sen-

1985 2424 2174 2495 sibile,
2209 2429 2504 2492 manente,
2538 2428 2878 2482 mutaturin
2905 2429 3030 2484 suis
3058 2428 3468 2485 affectionibus
3501 2447 3627 2500 quae

1985 2517 2126 2568 sunt
2157 2514 2482 2584 contrariae,
2515 2514 2634 2570 sive
2664 2515 2838 2570 etiam
2873 2516 3026 2572 inter
3072 2518 3395 2574 contrarias
3424 2523 3482 2574 et
3513 2536 3624 2574 non

1985 2603 2346 2670 contrarias;
2379 2604 2554 2659 veluti
2584 2620 2790 2675 corpus
2821 2622 3032 2661 sanum
3083 2611 3190 2674 est,
3224 2611 3280 2663 et
3309 2608 3431 2664 vice
3462 2625 3630 2664 versa

1985 2695 2227 2763 aegrotat
2258 2709 2272 2747 :
2306 2693 2509 2747 eodem
2535 2693 2704 2748 modo
2727 2710 2802 2749 aes
2825 2693 3143 2766 aliquando
3171 2697 3632 2766 rotundum,ali-

1985 2782 2220 2851 quando
2239 2776 2625 2855 alios.er
2641 2782 2800 2837 estin
2824 2785 3075 2855 angulos
3097 2784 3380 2855 emotum;
3401 2787 3631 2856 quando

1984 2874 2180 2924 autem
2213 2874 2402 2924 totum
2435 2875 2712 2937 mutatur,
2758 2871 2919 2928 nullo
2967 2872 3232 2929 sensibili
3269 2879 3628 2944 remanente,

1983 2962 2263 3030 tanquam
2292 2959 2420 3029 ejus
2450 2960 2735 3030 subjecto,
2769 2961 2870 3016 sed
2902 2966 3186 3033 tanquam
3217 2979 3287 3018 ex
3319 2968 3474 3018 terra
3501 2964 3629 3017 uni-

1982 3063 2149 3102 versa
2180 3047 2442 3120 sanguis,
2477 3053 2533 3103 et
2563 3066 2629 3104 ex
2659 3067 2813 3121 aqua
2834 3055 3062 3119 aer,aut
3093 3068 3161 3106 ex
3189 3068 3319 3107 aere
3353 3052 3626 3108 universo

1983 3154 2156 3208 aqua,
2191 3142 2292 3192 aut
2320 3138 2474 3192 sicut
2504 3137 2665 3210 virga
2693 3139 2871 3194 Mosis
2901 3140 2957 3193 in
2991 3146 3453 3212 serpentem,aut
3476 3158 3629 3212 aqua

215 3222 250 3290 ἢ
285 3223 347 3276 τὸ
383 3220 530 3298 ὕδωρ
564 3223 638 3284 εἷς
669 3224 824 3297 αἷμα,
855 3229 1018 3279 τοῦτο
1048 3225 1138 3279 καὶ
1169 3227 1371 3300 τροπὴ,
1403 3224 1492 3280 καὶ
1523 3225 1746 3302 γένεσις,
1779 3225 1867 3280 καὶ

1988 3225 2040 3281 in
2070 3226 2558 3298 sanguinem,hoc
2589 3231 2645 3281 et
2677 3227 2976 3283 conversio
3008 3233 3064 3284 et
3093 3228 3484 3296 generatio,et
3504 3245 3631 3284 cor-

213 3312 412 3387 ςοθορά,
450 3313 909 3384 μετακινηθέντων
941 3318 1047 3368 τῶν
1094 3314 1374 3391 προτέρων
1410 3335 1421 3346 ·
1455 3314 1582 3370 ἀλλ’
1613 3311 1724 3370 ἔστι
1780 3315 1869 3370 καὶ

210 3401 352 3454 κατὰ
409 3401 716 3476 έτεροίωσιν
773 3406 984 3473 κίνησις
1041 3402 1117 3464 εἷς
1173 3400 1234 3457 τὸ
1283 3404 1567 3476 ἀνόμοιον,
1617 3403 1706 3458 καὶ
1763 3404 1870 3458 ἀπὸ

212 3491 522 3562 χρώματος
551 3489 627 3552 εἷς
665 3495 890 3566 χρῶμα.
926 3489 1098 3548 Πάλιν
1129 3495 1329 3562 τοπική
1365 3492 1445 3555 τίς
1488 3492 1598 3547 ἔστι
1655 3492 1868 3563 κίνησις

217 3581 253 3647 ἡ
307 3578 372 3633 ἐκ
418 3579 588 3634 τόπου
643 3579 719 3642 εἷς
777 3581 943 3634 τόπον
988 3580 1310 3652 μετάστασις
1344 3603 1357 3616 ·
1391 3581 1513 3652 ἥτις
1565 3583 1780 3652 κίνησις
1832 3581 1867 3652 ἢ

212 3669 355 3722 κατᾶ
409 3668 512 3735 τήν
572 3667 647 3728 εἷς
709 3667 876 3744 ὀρθήν
905 3667 1126 3742 πορείαν
1176 3669 1401 3744 γίνεται,
1435 3668 1470 3738 ἢ
1501 3670 1637 3725 κατᾶ
1663 3669 1870 3724 κυκλο-

215 3757 415 3832 ιρορίαν
464 3758 529 3792 ⁸³·
566 3757 638 3816 ὡς
695 3757 722 3810 ὁ
769 3756 972 3833 τροχὸς
1019 3763 1269 3829 κινεῖται,
1300 3759 1435 3812 κατά
1479 3779 1624 3818 τινας
1676 3755 1734 3813 δὲ
1777 3757 1868 3812 καὶ

214 3847 242 3899 6
276 3844 512 3921 οὐρανός
547 3865 562 3880 ·
594 3843 628 3913 ἢ
662 3847 796 3900 κατά
820 3847 920 3914 τήν
952 3848 1150 3919 μικτὴν
1180 3845 1229 3920 ἐξ
1278 3845 1480 3909 εὐθείας
1528 3848 1618 3901 καὶ
1675 3846 1866 3902 κυκλι-

208 3936 341 3998 κῆς,
375 3933 452 3998 ὡς
481 3934 517 4002 ἡ
551 3929 860 4002 ἑλικοειδὴς
888 3934 1104 4009 πορεία,
1137 3933 1226 3989 ο¹ία
1256 3934 1400 3990 ἐστὶν
1428 3938 1462 4004 ἡ
1489 3940 1597 3990 τῶν
1646 3931 1818 4012 ὄφεων
1849 3956 1864 3970 ο

213 4018 330 4075 ἔστι
381 4021 471 4076 καὶ
523 4022 696 4092 νοητή
742 4021 977 4092 κίνησις,
1020 4024 1140 4086 καθ’
1193 4025 1254 4092 ἣν
1304 4024 1331 4077 ὁ
1369 4027 1494 4087 νοῦς
1545 4023 1795 4098 ἐνεργῶν,
1829 4027 1864 4095 ἢ

207 4110 305 4163 καὶ
339 4110 393 4164 οἱ
423 4110 556 4164 θεῖοι
589 4109 706 4171 νόες
763 4114 947 4165 νοοῦσι
998 4111 1066 4164 τὰ
1119 4107 1262 4169 ὅντα.
1295 4114 1448 4168 Ἔστι
1505 4112 1594 4168 καὶ
1651 4115 1862 4187 ψυχικὴ

208 4198 449 4268 κίνησις,
481 4199 600 4262 καθ’
642 4199 705 4267 ἣν
754 4198 830 4261 εἷς
874 4201 1090 4270 νοήσεις
1136 4205 1386 4271 κινεῖται,
1417 4200 1506 4256 καὶ
1552 4201 1628 4265 είς
1673 4202 1736 4256 τὸ
1781 4223 1863 4256 κι-

208 4292 326 4341 νεῖν
387 4287 483 4348 τὰς
528 4287 822 4358 αἰσθήσεις.
859 4290 1132 4345 Ἐστικαὶ
1189 4287 1334 4356 ἄλλη
1379 4289 1594 4360 κίνησις
1641 4293 1862 4367 φυσικὴ,

206 4379 242 4446 ἠ
295 4375 374 4438 εἶς
426 4373 644 4445 αὔξησιν
694 4377 785 4431 καὶ
835 4379 1042 4452 τροφὴν
1094 4382 1314 4432 κινοῦσα
1357 4379 1424 4432 τὰ
1472 4377 1755 4450 ἐπιτήδεια
1807 4381 1864 4433 Ὀ

207 4463 306 4519 οῦν
341 4463 473 4524 Θεὸς
498 4463 559 4518 οὐ
584 4465 720 4520 κατᾶ
754 4464 879 4538 μίαν
911 4465 1119 4522 τούτων
1149 4471 1377 4522 κινεῖται
1412 4486 1424 4500 ·
1459 4467 1607 4523 ἀλλά
1650 4468 1861 4539 κίνησις

1981 3314 2196 3386 ruptio,
2231 3314 2527 3386 prioribus
2560 3317 2946 3385 transmotis;
2980 3316 3301 3388 quinetiam
3333 3321 3423 3372 est
3449 3318 3629 3372 motio

1980 3420 2082 3474 per
2102 3403 2506 3459 alterationem
2539 3403 2596 3457 in
2643 3405 2951 3473 dissimile,
2985 3409 3040 3460 et
3081 3423 3116 3460 a
3163 3405 3352 3462 colore
3383 3405 3440 3460 in
3475 3405 3627 3462 colo-

1980 3509 2124 3547 rem.
2162 3492 2420 3563 Denique
2453 3492 2654 3548 localis
2689 3497 2778 3548 est
2825 3495 3026 3564 motio,
3077 3494 3367 3550 transitus
3399 3496 3470 3550 de
3499 3493 3626 3551 loco

1979 3580 2036 3634 in
2069 3581 2262 3636 locum
2300 3598 2312 3636 :
2347 3597 2473 3652 qua:
2508 3581 2690 3636 motio
2721 3587 2822 3636 aut
2851 3586 3006 3637 recto
3037 3598 3353 3653 progressu
3389 3585 3474 3651 ﬁt,
3525 3589 3626 3638 aut

1978 3668 2248 3725 circulari
2263 3670 2415 3724 sicut
2429 3675 2556 3724 rota
2570 3670 2979 3739 movetur,imo
2993 3673 3317 3726 secundum
3337 3672 3621 3741 quosdam

1978 3759 2188 3813 coelum
2219 3774 2231 3812 :
2264 3763 2366 3812 aut
2387 3757 2561 3813 misto
2593 3774 2661 3812 ex
2693 3763 2848 3812 recto
2881 3763 2936 3813 et
2963 3758 3250 3826 circulari,
3285 3759 3438 3814 sicut
3460 3775 3620 3830 gres-

1978 3863 2081 3902 sus
2118 3849 2421 3901 tortuosus
2480 3845 2673 3917 qualis
2733 3850 2824 3901 est
2853 3847 3242 3919 serpentium.
3293 3851 3394 3903 Est
3441 3848 3618 3902 etiam

1978 3935 2156 3991 motio
2187 3933 2597 4006 intelligibilis,
2629 3952 2742 4006 qua
2790 3952 2954 3991 meus
3005 3941 3300 4007 operatur,
3334 3938 3488 3993 210
3521 3941 3621 3992 aut

1975 4025 2182 4079 divina
2234 4029 2460 4079 mentes
2507 4041 2599 4079 res
2647 4023 3003 4095 intelligunt.
3069 4025 3138 4080 Et
3207 4025 3385 4080 etiam
3441 4026 3622 4082 motio

1976 4111 2246 4170 animalis
2277 4129 2394 4184 qua
2424 4116 2690 4168 movetur
2719 4113 2789 4167 ad
2845 4111 3270 4168 intellectiones
3301 4118 3358 4169 et
3386 4115 3455 4169 ad
3492 4132 3620 4170 mo-

1972 4202 2227 4258 vendum
2263 4217 2490 4256 sensus.
2527 4202 2628 4255 Est
2659 4201 2912 4272 denique
2943 4201 3058 4256 alia
3106 4203 3286 4258 motio
3333 4203 3620 4259 naturalis

1974 4306 2101 4362 quae
2124 4293 2316 4345 movet
2347 4289 2416 4343 ad
2449 4288 2840 4343 accretionem
2881 4293 2938 4344 et
2981 4289 3362 4345 nutritionem
3394 4307 3461 4345 ea
3492 4307 3618 4360 quea

1974 4381 2110 4450 apta
2140 4382 2298 4434 sunt.
2333 4379 2535 4448 Itaque
2565 4377 2720 4432 Deus
2755 4376 2916 4432 nulla
2941 4377 3150 4432 harum
3185 4383 3488 4445 movetur;
3515 4378 3616 4432 sed

1975 4467 2156 4522 motio
2186 4467 2315 4536 ejus
2347 4466 2447 4537 qui
2499 4464 2822 4520 immobilis
2868 4470 2978 4531 est,
3029 4483 3095 4521 ac
3148 4482 3382 4538 semper
3411 4466 3614 4521 eodem

204 4557 310 4607 τοῦ
340 4552 603 4622 ἀκινήτου
632 4554 721 4608 καὶ
753 4555 832 4608 ἀεὶ
867 4555 1125 4617 ὡσαύτως
1166 4551 1391 4631 ἔχοντος
1443 4553 1650 4630 λέγεται
1702 4559 1736 4625 ἡ
1789 4556 1864 4618 εἷς

1988 4557 2147 4611 nodo
2180 4572 2240 4610 se
2273 4555 2467 4622 habet,
2492 4553 2708 4609 dicitur
2736 4555 3007 4609 voluntas
3041 4554 3227 4625 ipsius
3263 4559 3324 4608 ut
3353 4571 3444 4609 res
3468 4554 3616 4608 exsi-

203 4644 271 4697 τὸ
327 4643 571 4717 γενέσθαι
622 4642 690 4697 τὰ
740 4637 867 4697 ὄντα
915 4642 1182 4719 βούλησις
1223 4643 1410 4712 αὐτοῦ,
1439 4644 1529 4699 καὶ
1554 4641 1790 4721 πρόοδος
1819 4648 1864 4682 ⁹⁰

200 4739 311 4801 τῆς
343 4731 421 4792 εἷς
452 4733 626 4786 πάντα
654 4731 912 4807 προνοίας
932 4731 1115 4789 αὐτοῦ.

280 4820 360 4874 Οῦ
409 4822 507 4889 τήν
562 4819 611 4890 ἐξ
662 4821 886 4898 ἀμφοῖν.
929 4821 1156 4892 Κίνησιν
1200 4823 1300 4890 τήν
1350 4818 1712 4896 μεταϐατικήν
1766 4822 1857 4878 λέ-

198 4930 311 4978 γει,
343 4910 407 4978 ἣν
437 4909 528 4963 καὶ
563 4907 844 4979 ἑλικοειδῆ
878 4909 1127 4983 ὀνομάζει
1159 4929 1170 4942 '
1206 4909 1424 4986 ἀσχέτῳ
1473 4909 1550 4982 δὲ,
1580 4912 1853 4968 τουτέστιν

198 4996 474 5071 ἆπολύτῳ
501 4999 592 5054 καὶ
624 5003 866 5076 συναιρεῖ.

272 5158 354 5229 (s),
380 5153 594 5229 Babae.
625 5171 710 5229 ιιι,
740 5156 796 5212 8.

272 5158 362 5285 (δὲ
380 5156 594 5212 Habac.
625 5171 710 5221 ιιι,
740 5156 796 5212 8.
871 5156 953 5284 (ti)
967 5156 1111 5212 Ibid.

199 5229 280 5301 (π.)
362 5227 529 5300 phes.
562 5242 640 5300 ιν,
671 5228 725 5284 6.
803 5227 880 5300 (a)
957 5228 1064 5287 sal.
1095 5244 1111 5284 ι

803 5227 885 5300 (a)
912 5227 1064 5287 Psal.
1095 5227 1340 5285 cxxxvm
1365 5245 1381 5298 ;
1411 5230 1463 5283 8.

1203 5157 1282 5228 (ιι)
1304 5156 1456 5214 Psal.
1482 5173 1618 5226 xvu,
1653 5157 1736 5212 11.

1850 5156 1923 5228 (υ)
1955 5155 2110 5212 Psal.
2139 5172 2216 5228 1x,
2245 5157 2299 5209 5.

1545 5230 1620 5300 (ὸ)
1649 5227 1805 5284 Psal.
1836 5227 1977 5294 xv'n,
2011 5228 2097 5282 10.

1973 4647 2151 4712 stant,
2202 4648 2259 4698 et
2307 4641 2638 4714 progressio
2688 4641 3062 4713 providentiae
3117 4641 3306 4713 ipsius
3355 4642 3427 4696 ad
3481 4641 3614 4696 uni-

1969 4748 2160 4787 versa.

2038 4826 2155 4880 Non
2184 4839 2253 4879 ex
2281 4821 2843 4894 utrisquelntelligit
2878 4822 3190 4878 motionem
3221 4821 3613 4887 transitivam,

1965 4930 2138 4985 quam
2168 4913 2344 4968 etiam
2375 4915 2701 4967 tortuosam
2734 4911 2990 4982 appellat
3017 4927 3030 4978 ;
3065 4910 3279 4984 ἀσχὲτω
3312 4914 3508 4966 autem
3540 4911 3616 4965 si-

1963 5002 2205 5076 gniﬁcat
2234 5001 2504 5057 absoluto
2535 5017 2600 5056 ac
2632 5015 2913 5055 conuexo.

2414 5152 2494 5222 (ας)
2526 5151 2678 5207 Psal.
2710 5169 2859 5220 XLVI,
2892 5153 2945 5208 9.
3060 5153 3141 5224 (y)
3166 5153 3287 5209 Jer.
3315 5167 3480 5220 XXIII,
3515 5153 3608 5206 23.

2175 5227 2248 5298 (ο)
2278 5223 2434 5281 Psal.
2464 5240 2618 5293 XLVI,
2648 5225 2702 5279 6.

1206 5383 1452 5441 VARUE
1488 5381 1886 5440 LECTIONES
1923 5381 2012 5438 ET
2048 5375 2614 5437 CORRECTIONES.

269 5511 323 5548 ⁸⁵
353 5509 608 5588 θεῖκιῖὲςἨ
644 5507 688 5542 ⁸⁸
720 5502 1076 5588 Σημίείωσαικ
1107 5504 1188 5562 ὅτι
1225 5506 1457 5588 ’ταύτὸν
1487 5505 1574 5588 ἐπὶ
1629 5510 1761 5588 Θεοῦ
1804 5525 1936 5584 φησι
1962 5504 2166 5588 ,στάσιν
2211 5500 2299 5554 καὶ
2326 5493 2629 5588 ,καθέδρανν
2679 5497 2814 5582 πρὸς
2862 5499 3255 5588 τήν.ἀκίνηιτςζν
3306 5501 3611 5588 ταυτᾷξηῖα

196 5580 462 5655 ὶκάτερον
495 5575 996 5650 δεξάμενοςέΝοῑο,
1020 5579 1176 5637 idem
1208 5579 1398 5637 dicere
1419 5580 1522 5636 Dei
1553 5575 1872 5637 stationem

201 5671 320 5696 una
333 5655 483 5696 runt-
558 5649 605 5688 ⁸⁷
633 5647 968 5696 κτισμάτων.
1045 5650 1090 5686 ⁸⁸
1118 5649 1257 5696 κατὰ
1281 5651 1372 5696 τὸν
1405 5649 1556 5696 ελον-
1633 5652 1679 5689 ⁸ο
1704 5650 1803 5696 ιτς-λυ
1830 5669 1872 5696 au

2008 5577 2246 5635 sedem:
2279 5577 2600 5696 utrumque
2642 5575 2799 5628 cnim
2831 5588 2936 5644 pro
2967 5575 3259 5633 immobili
3305 5576 3616 5633 identitate

1988 5645 2260 5696 moomriv.
2338 5645 2382 5680 ὀ
2409 5660 2482 5696 πο
2521 5635 2661 5696 οδοι.

201 5645 484 5728 usurpat.
558 5645 990 5724 ⁸⁷’κτισμάτων.’
1045 5650 1090 5686 ⁸⁸
1118 5649 1257 5706 κατὰ
1281 5651 1372 5709 τὸν
1405 5649 1558 5709 ὅλον.
1633 5652 1679 5689 ⁸⁸
1704 5650 1803 5720 τὴν
1830 5645 2260 5726 κυκλοφοοικήν.
2338 5645 2382 5680 σο
2409 5660 2482 5720 πρ

2521 5635 2661 5696 οδοι.
