4034 6214
376 339 486 392 383

372 567 580 622 poreas
625 549 933 617 motiones,
966 547 1225 603 declarat
1275 547 1570 617 quomodo
1617 545 2026 602 convenienter

372 639 489 694 Deo
533 637 918 709 intelligenda
965 637 1043 691 sit
1101 637 1156 690 in
1211 636 1328 691 Deo
1379 635 1581 704 motio,
1634 635 2025 706 interpretans

373 727 689 800 anagogice
720 725 1032 781 sensitivas
1059 726 1116 780 in
1155 726 1426 780 universo
1457 725 1765 780 motiones.

446 837 507 890 Et
537 839 743 891 rectum
791 836 1034 906 quidem.
1083 834 1382 897 Quomodo
1431 833 1736 888 circularis
1785 837 1841 887 et
1871 836 2024 886 recta

372 930 431 980 et
460 930 724 979 tortuosa
757 941 854 978 seu
887 923 1127 993 obliqua
1159 922 1336 977 motio
1381 921 1438 975 in
1492 921 1608 976 Deo
1638 920 2023 991 intelligatur,

370 1013 498 1085 lege
529 1018 706 1083 caput
737 1016 1041 1084 quartum,
1075 1016 1208 1082 post
1243 1027 1424 1080 pauca
1459 1010 1591 1064 folia
1623 1009 1894 1080 principii
1925 1025 2025 1063 ca-

373 1103 600 1175 pitis,et
629 1101 820 1157 disces
851 1100 1145 1171 quomodo
1178 1100 1234 1153 in
1269 1099 1495 1171 angelis
1517 1103 1573 1154 et
1601 1099 1915 1154 animabus
1934 1103 2025 1152 at-

374 1209 483 1264 que
514 1190 857 1262 corporibus
889 1189 1037 1244 tales
1073 1188 1360 1244 motiones
1381 1187 1806 1260 intelligantur.

449 1369 630 1425 Media
679 1377 730 1424 et
765 1376 1032 1425 extrema.
1088 1367 1399 1438 Superiora
1448 1382 1679 1438 semper
1725 1365 2026 1422 continent

379 1459 657 1514 inferiora
683 1475 695 1512 :
726 1463 984 1514 extrema
1006 1458 1240 1527 quidem
1262 1459 1428 1510 vocat
1445 1471 1752 1526 supremas
1784 1453 2025 1508 virtutes

376 1553 435 1604 et
469 1552 578 1602 Deo
605 1546 846 1614 vicinas,
881 1546 1074 1601 media
1101 1562 1259 1611 vero,
1291 1561 1390 1600 eas
1434 1561 1559 1615 quis
1607 1542 1736 1598 illas
1787 1543 2023 1613 quidem

374 1640 727 1708 sequuntur,
761 1637 862 1691 sed
899 1634 1140 1691 sensilia
1170 1633 1368 1690 omnia
1402 1638 1702 1705 superant.
1748 1633 1896 1704 Ergo
1927 1649 2024 1688 su-

375 1739 592 1794 premae
624 1722 1099 1793 complectuntur
1130 1722 1589 1785 medias,mediae
1621 1724 1814 1775 autem
1837 1719 2023 1775 sensi-

1201 337 1573 390 APPENDIX
1610 337 1710 389 AD
1747 336 1988 389 OPERA
2026 336 2084 387 S.
2125 333 2437 388 DIONYSII
2475 335 2976 392 AREOPAGITE.

445 462 593 529 Quin
621 462 790 516 etiam
817 463 995 516 motus
1023 461 1145 515 Dei.
1177 459 1322 514 Cum
1358 461 1630 530 negasset
1659 457 1717 512 in
1751 457 1867 512 Deo
1900 472 2021 510 cor-
2053 458 2105 522 Α

3679 341 3792 396 384

2210 451 2388 509 Ἀλλὰ
2417 455 2505 509 καὶ
2551 456 2796 527 κινήσεις
2844 455 2998 515 Θεοῦ.
3035 459 3437 534 Ἀπαγορεύσας
3483 463 3524 498 ⁰¹
3562 461 3630 516 τὰ
3681 469 3792 516 τῶν

2133 547 2459 615 σωματικῶν
2501 546 2764 614 κινήσεων
2816 543 2903 598 ἐπὶ
2951 551 3108 618 Θεοῦ,
3141 545 3292 609 ὅπως
3322 549 3433 623 χρὴ
3467 555 3795 623 θεοπρεπῶς

2132 639 2274 686 νοεῖν
2307 633 2514 703 κίνησιν
2547 633 2632 687 ἐπὶ
2666 638 2801 688 Θεοῦ
2833 635 3138 710 σαφηνίζει,
3167 638 3260 698 τὰς
3303 637 3561 708 αἰσθητὰς
3606 638 3661 694 ἐν
3707 646 3794 712 τῷ

2133 723 2291 776 παντὶ
2320 723 2562 793 κινήσεις
2596 723 2949 798 ἆναγωγικῶς
2981 724 3319 799 ἑρμηνεύων.

2206 827 2303 882 Καὶ
2339 830 2402 883 τὸ
2455 829 2549 900 μὶν
2603 828 2747 886 εὐθύ.
2782 835 2904 891 Πῶς
2951 833 2985 899 ἡ
3022 833 3157 886 κατὰ
3201 830 3426 901 κύκλον,
3458 834 3548 888 καὶ
3596 837 3632 904 ἡ
3665 839 3793 890 κατ’

2135 916 2365 984 εὐθεῖαν,
2404 917 2492 971 καὶ
2551 919 2586 986 ἡ
2648 914 2955 987 ἐλικοειδὴς
3003 919 3214 990 κίνησις
3260 921 3347 975 έπὶ
3397 927 3530 976 Θεοῦ
3559 929 3788 993 νοεῖται,

2137 1006 2407 1081 ἀνάγνωθι
2464 1005 2526 1059 τὸ
2575 1006 2829 1081 τέταρτον
2886 1006 3205 1085 κεφάλαιον,
3241 1013 3358 1082 μετ’
3387 1009 3552 1084 ὀλίγα
3595 1010 3789 1072 φύλλα

2136 1102 2239 1164 τῆς
2271 1093 2449 1169 ἀρχῆς
2479 1095 2576 1149 τοῦ
2627 1093 2947 1172 κεφαλαίου,
2978 1096 3067 1151 καὶ
3120 1099 3361 1173 μαθήσῃ,
3393 1103 3512 1161 πῶς
3557 1100 3646 1154 ἐπὶ
3687 1101 3793 1176 ἆγ-

2132 1185 2337 1260 γέλων,
2375 1183 2466 1238 καὶ
2495 1187 2714 1259 ψυχῶν,
2745 1184 2835 1238 καὶ
2889 1186 3156 1259 σωμάτων
3203 1187 3259 1241 αἱ
3299 1192 3544 1242 τοιαῦται
3587 1194 3790 1244 νοοῦν-

2131 1294 2241 1329 ται.

2205 1363 2290 1420 Τὰ
2370 1362 2505 1435 μέσα
2573 1359 2665 1416 καί
2722 1357 2880 1437 ἄκρα.
2939 1363 3049 1419 Ἀεὶ
3104 1363 3172 1418 τὰ
3225 1359 3635 1439 ὑπερϐεϐηκότα
3696 1388 3796 1422 πε-

2135 1452 2312 1527 ριέχει
2369 1454 2436 1507 τὰ
2499 1445 2899 1520 ὑποϐεϐηκότα.
2944 1453 3118 1526 Ἀκρα
3177 1453 3270 1526 μὶν
3328 1451 3418 1508 οὖν
3473 1453 3635 1510 καλεῖ
3689 1459 3794 1518 τὰς

2134 1541 2393 1595 ἀνωτάτω
2471 1537 2728 1613 δυνάμεις
2803 1540 2893 1595 καὶ
2939 1541 3276 1611 πελαζούσας
3322 1547 3436 1615 Θεῷ
3469 1563 3483 1576 ·
3536 1546 3679 1616 μέσα
3729 1542 3792 1598 δὲ

2131 1630 2226 1692 τὰς
2304 1632 2422 1702 μετ’
2475 1628 2678 1692 ἐκείνας
2746 1633 2865 1705 μὲν,
2922 1635 3030 1686 τῶν
3084 1627 3141 1684 δὶ
3194 1630 3464 1700 αἰσθητῶν
3527 1633 3790 1686 ἁπάντων

2139 1717 2554 1794 ὑπερκειμένας.
2589 1723 2657 1776 Αἱ
2719 1723 2812 1795 μὶν
2864 1719 2955 1775 οῦν
2988 1719 3251 1774 ἁνώταται
3308 1718 3625 1794 περιέχουσι
3683 1721 3788 1783 τὰς

373 1814 453 1868 lia
483 1831 494 1866 :
531 1813 659 1868 ideo
690 1813 847 1868 enim
880 1814 1183 1884 Scriptura
1213 1812 1358 1866 dixit
1388 1813 1564 1867 etiam
1597 1811 1832 1868 ordines
1855 1826 2025 1880 ange-

2150 1807 2300 1870 ιέσας
2333 1827 2347 1842 ο
2376 1811 2430 1863 αἱ
2463 1806 2520 1864 δὶ
2554 1811 2709 1882 μέσαι
2755 1810 2822 1865 τὰ
2872 1809 3102 1879 αἰσθητά
3134 1827 3146 1839 ·
3182 1805 3272 1862 διὰ
3316 1813 3476 1863 τοῦτο
3525 1809 3634 1884 γὰρ
3694 1812 3790 1864 καὶ

374 1901 565 1958 lorum
585 1901 645 1956 in
666 1902 1009 1956 ccelis.Deus
1033 1901 1271 1972 quidem
1297 1900 1710 1970 complectitur
1730 1899 2021 1969 universa,

376 1991 526 2045 sicut
556 1989 811 2045 circulus
843 1990 1043 2044 omnia
1074 2005 1201 2060 quae
1231 1989 1386 2043 intra
1433 1989 1651 2060 ipsum,
1682 1993 1740 2043 et
1770 1988 1840 2042 ad
1874 1987 2025 2057 seip-

379 2095 511 2134 sum
543 2084 827 2149 tanquam
862 2078 932 2132 ad
967 2093 1205 2132 causam
1238 2078 1698 2132 convertit.Nota
1726 2074 2024 2145 vero,quid

375 2167 557 2236 idem,
590 2171 648 2223 et
668 2166 905 2238 justitia
935 2165 992 2221 in
1027 2170 1140 2221 Deo
1172 2171 1229 2221 et
1257 2166 1499 2237 aequale.

447 2345 477 2417 §
507 2344 574 2402 X.
607 2345 862 2401 Similem
896 2347 1185 2401 incessum.
1224 2343 1449 2400 Similis
1475 2344 1803 2416 progressio
1836 2360 1938 2416 per
1967 2360 2029 2399 se

377 2439 584 2489 mutuo
616 2439 672 2489 et
703 2435 762 2489 in
795 2434 1286 2490 elementisznam
1315 2433 1556 2505 aequalis
1572 2434 1780 2489 horum
1803 2438 2027 2504 tempe-

379 2523 664 2589 ries,facit
693 2523 868 2578 etiam
897 2529 962 2578 ut
992 2524 1399 2595 generationes
1433 2523 1634 2578 mundi
1666 2523 1722 2577 in
1757 2522 2029 2578 commis-

375 2612 642 2667 tionibus
676 2630 791 2668 non
833 2614 1280 2683 praeponderent
1313 2627 1326 2666 :
1363 2612 1410 2665 si
1446 2613 1601 2666 enim
1635 2611 1870 2682 aliquod
1913 2610 2026 2666 ele-

379 2705 647 2756 mentum
680 2700 1018 2767 abundarit,
1064 2700 1464 2771 corrumpitur
1512 2703 1664 2771 quod
1695 2703 2028 2771 generatur.

455 2808 520 2862 Et
572 2805 835 2877 quoniam
894 2822 1109 2862 omnem
1177 2807 1558 2876 aequalitatem
1632 2806 2028 2862 intellectilem.

383 2895 699 2951 Sciendum
739 2897 894 2966 quod
927 2914 1126 2962 νοητον
1177 2911 1279 2948 seu
1333 2893 1724 2965 intelligihile,
1758 2899 1848 2949 est
1882 2894 2028 2949 illud

385 2986 542 3056 quod
575 2986 851 3040 sensibus
879 3003 993 3040 non
1027 2984 1360 3054 subjicitur,
1393 3000 1582 3054 neque
1608 2985 1665 3038 in
1700 3001 1762 3038 se
1791 2985 2030 3056 ipsoin-

383 3073 684 3145 telligendi
716 3073 1053 3129 facultatem
1087 3073 1284 3137 habet,
1309 3072 1463 3128 sicut
1483 3071 1791 3128 facultates
1821 3073 2033 3128 animas

2129 1897 2304 1967 τάξεις
2355 1896 2406 1952 ἓν
2464 1904 2583 1960 τοῖς
2628 1899 2879 1974 οὐρανοῖς
2920 1896 3163 1972 ἀγγέλων
3188 1899 3236 1934 ⁹²
3281 1897 3424 1952 εἶπεν
3471 1899 3506 1967 ἡ
3565 1901 3785 1975 Γραφή.

2130 1987 2194 2042 Ὀ
2226 1987 2411 2058 μέντοι
2445 1987 2572 2049 Θεὸς
2602 1989 2806 2043 ἅπαντα
2834 1987 3102 2062 περιέχει,
3134 1986 3209 2048 ὡς
3238 1989 3266 2041 ὸ
3295 1985 3498 2048 κύκλος
3528 1988 3598 2041 τὰ
3629 1987 3789 2049 ἐντὸς

2134 2073 2302 2129 αὐτοῦ
2333 2077 2526 2149 πάντα,
2557 2076 2645 2132 καὶ
2675 2077 2749 2139 εἰς
2781 2077 2968 2131 ἑαυτὸν
3002 2077 3075 2137 ὡς
3116 2076 3253 2150 πρὸς
3302 2073 3472 2130 αἴτιον
3533 2073 3791 2149 ἐπιπρέ-

2134 2185 2240 2240 φει.
2270 2165 2586 2237 Σημείωσαι
2620 2165 2697 2234 δὲ,
2725 2167 2780 2221 τί
2825 2166 2888 2220 τὸ
2933 2164 3156 2233 ταύτὸν,
3189 2164 3279 2218 καὶ
3324 2161 3642 2234 δικαιοσύνη
3698 2163 3790 2218 ἐπὶ

2133 2257 2230 2306 τοῦ
2261 2257 2416 2321 Θεοῦ,
2447 2255 2537 2309 καὶ
2568 2255 2630 2309 τὸ
2661 2252 2796 2312 ἴσον.

2204 2347 2327 2409 §X.
2361 2344 2584 2416 Ὁμοίαν
2635 2345 2905 2419 χώρησιν.
2955 2343 3152 2415 Ὁμοία
3199 2343 3448 2418 χώρησις
3496 2340 3570 2397 δι’
3606 2339 3793 2412 ἀλλή-

2137 2430 2250 2487 λων
2298 2432 2388 2487 xxi
2438 2433 2524 2486 ἐπὶ
2577 2438 2683 2486 τῶν
2713 2432 3002 2507 στοιχείων
3032 2435 3094 2469 ’3'
3128 2434 3162 2501 ἡ
3197 2431 3299 2506 γὰρ
3361 2431 3553 2501 ἐπίσης
3599 2437 3795 2506 κρᾶσις

2135 2519 2366 2584 τούτων,
2396 2521 2486 2575 καὶ
2535 2522 2596 2575 τὸ
2652 2523 2726 2594 μὴ
2789 2520 3266 2596 ὑπερταλαντεύειν
3314 2519 3366 2573 ἐν
3405 2526 3522 2581 τοῖς
3567 2521 3798 2596 συγκρίι

2143 2630 2271 2682 μασι
2314 2609 2408 2672 τὰς
2459 2610 2694 2684 γενέσεις
2741 2609 2838 2664 τοῦ
2870 2611 3080 2683 κόσμου
3132 2614 3323 2664 ποιεῖ·
3357 2608 3401 2663 εἷ
3430 2607 3530 2684 γάρ
3582 2629 3636 2664 τι
3686 2612 3797 2663 τῶν

2138 2697 2430 2773 στοιχείων
2461 2697 2797 2766 πλεονάσειε,
2830 2697 3102 2775 φθείρεται
3132 2699 3194 2752 τὸ
3222 2697 3531 2774 γινόμενον.

2209 2805 2308 2860 Καὶ
2384 2806 2519 2860 κατά
2596 2807 2657 2860 τὸ
2731 2810 2905 2860 πᾶσαν
2991 2805 3217 2875 ἰσότητα
3293 2805 3514 2874 νοητήν.
3593 2805 3794 2860 Ἰσ-τέον

2140 2896 2222 2949 ὅτι
2253 2892 2450 2964 νοητὸν
2486 2895 2579 2967 μέν
2613 2892 2725 2948 ἐστι
2771 2894 2835 2948 τὸ
2863 2897 2931 2967 τῇ
2984 2892 3230 2964 αἰσθήσει
3289 2893 3401 2967 οὐχ
3458 2892 3794 2960 ὑποπίπτον,

2141 2979 2263 3038 οὔτε
2291 2984 2352 3037 τὸ
2381 2983 2566 3057 νοερὸν
2600 2977 2730 3057 ἔχον
2770 2982 2822 3037 ἐν
2853 2983 3027 3054 ἑαυτῷ
3058 2984 3126 3054 ⁸⁸,
3158 2981 3231 3036 ὠς
3277 2983 3331 3034 αἱ
3381 2979 3639 3053 δυνάμεις
3695 2987 3799 3049 τῆς

2140 3074 2325 3146 ψυχῆς
2366 3070 2458 3126 καί
2499 3075 2606 3126 τῶν
2644 3071 2945 3141 αἰσθήσεων
2975 3091 2986 3103 °
3021 3071 3203 3146 νοερὸν
3250 3068 3308 3125 δὲ
3354 3071 3417 3124 τὸ
3468 3067 3649 3131 ἁπλᾶς
3705 3070 3798 3124 καὶ

386 3169 442 3218 et
473 3178 757 3217 sensuum
785 3179 798 3228 ;
831 3159 1016 3233 νοερόν
1047 3177 1181 3216 vero
1213 3177 1313 3216 seu
1363 3160 1719 3232 intelligens,
1758 3165 1846 3216 est
1875 3162 2030 3232 quod

2150 3158 2454 3222 ἀπολύτους
2507 3157 2635 3234 ἕχον
2667 3160 2760 3222 τὰς
2792 3161 3032 3230 νοήσεις,
3066 3160 3140 3221 ὡς
3169 3157 3395 3236 ἄγγελοι
3428 3177 3440 3191 ·
3474 3158 3704 3234 λογικὸν
3744 3155 3800 3211 δὶ

387 3249 688 3320 simplices
717 3254 774 3303 et
804 3249 1017 3304 liberas
1051 3247 1227 3304 habet
1256 3249 1776 3316 intellectiones,ut
1809 3249 2028 3321 angeli:

385 3335 608 3411 λογικόν
645 3341 839 3391 autem
872 3353 975 3392 seu
1006 3336 1314 3404 rationale,
1347 3343 1437 3392 est
1484 3339 1640 3408 quod
1674 3338 1897 3392 ratione
1929 3355 2032 3394 seu

387 3425 754 3496 argumentis
787 3427 929 3481 2H
972 3443 1037 3480 ac
1070 3425 1470 3498 speculatione
1517 3444 1709 3482 rerum
1755 3427 2034 3497 cognitio-

391 3529 495 3568 nes
528 3513 932 3583 accipit,sicut
957 3529 1122 3568 mens
1161 3514 1421 3569 humana
1451 3532 1464 3582 ;
1511 3514 1857 3571 sensitivum
1901 3534 2033 3572 vero

387 3605 540 3674 quod
575 3603 849 3659 sensibus
881 3603 1215 3673 subjicitur,
1248 3616 1312 3659 ut
1343 3609 1536 3675 partes
1589 3611 1870 3661 creature
1905 3623 2034 3678 qua:

383 3693 726 3748 dividuntur
756 3693 814 3747 in
840 3692 1182 3747 essentiales
1215 3709 1280 3748 ac
1313 3693 1631 3764 naturales,
1657 3693 1712 3748 id
1742 3701 1834 3750 est
1854 3695 1913 3750 in
1939 3711 2034 3751 res

385 3797 509 3852 quas
541 3780 872 3836 immobiles
904 3797 970 3836 ac
1000 3781 1241 3836 omnino
1266 3797 1477 3837 sensus
1511 3786 1800 3854 expertes,
1852 3788 1910 3838 et
1937 3799 2036 3838 eas

387 3887 516 3942 quae
548 3871 744 3942 aliquo
779 3872 950 3926 modo
984 3871 1199 3926 moveri
1251 3877 1472 3942 queunt
1506 3890 1518 3927 :
1555 3877 1827 3928 naturam
1878 3873 2036 3929 enim

388 3960 678 4014 definiunt
709 3959 1063 4031 principium
1099 3961 1373 4016 motionis
1406 3965 1463 4016 et
1484 3961 1718 4032 quietis.
1752 3961 2034 4018 Volunta-

389 4045 536 4100 riam
568 4063 700 4101 vero
732 4047 1218 4118 aequabilitatem,
1250 4066 1373 4119 quae
1423 4050 1640 4120 eligere
1689 4051 1888 4106 valet:
1921 4069 2035 4106 non

389 4133 630 4205 quidem
663 4133 867 4205 ignoro
899 4136 1053 4204 quod
1085 4136 1284 4191 anima
1321 4137 1579 4192 hominis
1607 4139 1840 4194 dicatur
1861 4138 2036 4194 etiam

392 4221 629 4276 abusive
661 4219 994 4292 intelligens
1027 4237 1093 4278 ac
1125 4223 1448 4279 rationalis.

465 4327 729 4383 Virtutem
760 4329 936 4384 omnis
971 4328 1317 4402 aequalitalis
1345 4331 1691 4401 effectricem.
1715 4333 1818 4388 Est
1846 4351 2036 4405 isqua-

392 4416 593 4473 hilitas
626 4432 753 4487 quae
783 4417 1065 4471 tribuitur
1091 4417 1320 4472 naturis
1355 4435 1388 4473 a
1422 4424 1531 4474 Deo
1583 4420 1851 4476 omnium
1900 4439 2038 4478 con-

389 4505 599 4572 ditore,
633 4508 842 4576 estque
872 4504 1235 4575 aequabilitas
1265 4505 1801 4578 voluntaria,quam
1835 4510 2038 4566 volun-

390 4593 525 4648 tarii
558 4598 737 4665 atque
769 4610 837 4648 ex
870 4592 1272 4664 praeelectione
1302 4595 1566 4666 dirigunt
1613 4597 1714 4668 qui
1747 4598 2039 4668 justitiam

391 4686 448 4735 et
469 4681 626 4750 juris
658 4681 1115 4752 aequabilitatem
1149 4687 1588 4740 exercentJlaac
1619 4685 1814 4758 itaque
1845 4705 2043 4760 mqua-

391 4770 612 4839 hilitas,
646 4786 715 4826 ex
746 4775 856 4827 Deo
885 4772 1209 4828 constituta
1237 4778 1344 4828 est.
1386 4777 1633 4830 Omnem
1683 4776 1863 4848 igitur
1885 4779 2040 4849 juris

391 4858 846 4928 aequabilitatem
878 4865 936 4915 et
957 4861 1257 4932 justitiam
1293 4864 1442 4918 Deus
1471 4863 1529 4918 in
1583 4865 1777 4936 seipso
1808 4867 2041 4939 simpli-

393 4948 540 5002 citer
571 4950 627 5001 et
660 4947 962 5003 indivisim
989 4948 1147 5005 sicut
1168 4951 1225 5004 in
1252 4950 1399 5006 ideis
1431 4968 1496 5007 ac
1526 4954 1960 5025 exemplaribus
1982 4957 2040 5011 in

392 5035 518 5092 suis
549 5037 780 5092 aeternis
815 5039 1274 5110 cogitationibus
1305 5045 1440 5097 ante
1473 5041 1667 5110 habet,
1687 5059 1789 5099 seu
1812 5045 2044 5116 proprie

391 5121 690 5193 loquendo
724 5126 1156 5198 complectitur.

2071 4560 2120 4622 D

2140 3249 2205 3304 τὸ
2265 3246 2354 3303 διὰ
2406 3248 2578 3324 λόγου
2626 3249 2718 3303 καὶ
2778 3248 3005 3324 θεωρίας
3047 3248 3142 3310 τὰς
3192 3253 3297 3302 τῶν
3333 3245 3500 3302 ὄντων
3559 3247 3798 3321 γνώσεις

2144 3335 2467 3413 δεχόμενον,
2501 3338 2577 3400 ὡς
2609 3338 2636 3392 ὁ
2669 3338 3009 3414 ἀνθρώπινος
3038 3342 3162 3398 νοῦς
3195 3356 3208 3370 ·
3245 3336 3497 3407 αἰσθητὸν
3546 3332 3604 3390 δὲ
3631 3337 3700 3389 τὸ

2143 3425 2389 3496 αἰσθήσει
2443 3427 2770 3494 ὑποπίπτον,
2804 3426 2878 3488 ὡς
2935 3426 3004 3479 τὰ
3055 3427 3191 3500 μέρη
3241 3432 3344 3494 τῆς
3372 3424 3622 3490 κτίσεως,
3659 3425 3797 3498 ἅπερ

2145 3513 2479 3588 διαιροῦνται
2511 3514 2588 3576 εἷς
2634 3512 2874 3583 οὐσιώδη
2907 3513 2996 3569 καί
3030 3514 3247 3591 φυσικὰ,
3280 3515 3552 3568 τουτέστιν
3603 3510 3682 3573 εἴς
3742 3533 3801 3566 τε

2141 3604 2208 3659 τὰ
2239 3603 2510 3674 ἀκινήτως
2542 3603 2631 3658 καὶ
2673 3603 2848 3673 πάντη
2900 3603 3242 3673 ἀναισθήτως
3291 3599 3552 3672 ὅντα,καὶ
3596 3600 3675 3663 εἰς
3735 3601 3801 3654 τὰ

2142 3695 2243 3762 τήν
2272 3694 2562 3747 ὁποιανοῦν
2597 3688 2796 3767 ἔχοντα
2825 3692 3035 3762 κίνησιν
3069 3712 3081 3725 ⁸
3115 3693 3217 3760 τὴν
3266 3692 3370 3765 γὰρ
3423 3691 3576 3768 φύσιν
3617 3690 3802 3764 ἀρχήν

2142 3783 2412 3851 κινήσεως
2444 3781 2534 3835 καὶ
2565 3780 2797 3854 ἠρεμίας
2827 3781 3120 3856 ὁρίζονται.
3155 3779 3403 3848 Θελητὴν
3455 3776 3511 3833 δὲ
3569 3777 3802 3847 ἰσότητα

2143 3872 2242 3939 τήν
2293 3871 2681 3946 προαιρετικήν
2714 3887 2725 3899 ⁸
2761 3869 2860 3924 οὐκ
2900 3868 3085 3944 ἀγνοῶ
3133 3867 3342 3940 μέντοι,
3376 3867 3450 3930 ὡς
3496 3865 3586 3920 καὶ
3634 3886 3800 3919 κατα-

2146 3964 2460 4034 χρηστικῶς
2506 3959 2596 4012 καὶ
2629 3956 2717 4013 ἐπὶ
2760 3964 2860 4027 τῆς
2903 3962 3000 4012 τοῦ
3029 3957 3319 4032 ἀνθρώπου
3349 3957 3533 4030 ψυχῆς
3565 3957 3612 3990 ⁸⁵
3637 3953 3802 4028 νοερὰ

2144 4067 2203 4101 τε
2226 4048 2316 4102 καὶ
2351 4045 2546 4122 λογική
2580 4049 2646 4104 ³⁸.

2219 4335 2404 4405 ΙῙάσης
2460 4331 2712 4403 ἰσότητος
2786 4332 3081 4402 ποιηνικὴν
3155 4327 3402 4402 δύναμιν.
3447 4333 3632 4382 Ἔστιν
3685 4326 3801 4382 ἰσόο

2145 4443 2246 4492 της
2277 4425 2311 4491 ἡ
2345 4420 2396 4476 έν
2428 4425 2546 4476 ταῖς
2579 4420 2798 4497 φύσεσιν
2823 4418 2882 4474 ἐκ
2912 4423 3045 4474 Θεοῦ
3099 4415 3196 4473 τοῦ
3253 4419 3468 4471 πάντων
3502 4435 3516 4448 ·
3563 4419 3800 4486 ποιητοῦ

2151 4508 2418 4584 διδομένη
2453 4512 2516 4579 97,
2548 4509 2638 4564 καὶ
2689 4507 2828 4564 ἔστιν
2889 4507 3073 4574 ἰσότης
3130 4505 3359 4574 θελητή,
3413 4505 3474 4572 ἣν
3523 4501 3804 4565 ἐθέλοντες

2148 4599 2237 4656 καὶ
2295 4599 2356 4654 έκ
2402 4599 2772 4673 προαιρέσεως
2802 4597 3219 4673 κατορθοῦσινθει
3250 4595 3301 4648 οἳ
3350 4595 3413 4648 τὸ
3456 4589 3662 4646 δίκαιον
3714 4592 3804 4647 καὶ

2153 4689 2216 4743 τὸ
2245 4687 2370 4761 περὶ
2402 4687 2494 4742 τὸν
2533 4687 2648 4763 βίον
2682 4686 2995 4760 ἰσονομικὸν
3028 4684 3259 4758 μετίασι.
3289 4683 3386 4736 Καὶ
3442 4679 3576 4751 αὕτη
3623 4681 3716 4735 οῦν
3766 4680 3803 4750 ἧ

2154 4777 2340 4848 ἰσότης
2388 4775 2448 4832 ἐκ
2490 4780 2623 4832 Θεοῦ
2675 4776 2924 4846 συνέστη.
2979 4780 3158 4829 Πᾶσαν
3204 4775 3331 4845 γοῦν
3378 4768 3665 4842 ἰσονομίαν
3714 4769 3804 4823 καὶ

2155 4864 2504 4936 δικαιοσύνην
2552 4866 2580 4920 ὁ
2628 4865 2756 4926 Θεὸς
2807 4863 2857 4920 έν
2920 4864 3093 4934 ἑαυτῷ
3122 4859 3311 4922 ἁπλῶς
3338 4857 3429 4914 καὶ
3458 4857 3702 4934 ἀμερῶς,
3735 4858 3810 4919 ὡς

2154 4954 2208 5010 ἐν
2264 4952 2432 5016 ἰδέαις
2487 4953 2580 5008 καὶ
2627 4949 3060 5030 παραδείγμασιν
3113 4950 3164 5004 ἐν
3212 4954 3333 5010 ταῖς
3386 4944 3588 5008 ἀϊδίοις
3646 4944 3810 5000 αὐτοῦ

2151 5045 2374 5116 νοήσεσι
2405 5043 2659 5118 προέχει,
2692 5041 2819 5114 ἤτοι
2851 5041 3095 5118 περιέχει
3127 5037 3328 5113 κυρίως
3368 5036 3557 5092 εἰπεῖν.

1403 5365 1638 5424 VARDE
1678 5365 2068 5424 LECTIONES
2104 5365 2198 5424 ET
2233 5365 2800 5424 CORREC‘I‘IONES.

467 5569 509 5604 ⁹¹
545 5566 947 5643 ὑπαγορεύσας.

395 5635 610 5696 ἓαυτοῦ.
673 5635 738 5676 ’⁸⁸⁷
761 5638 1108 5715 ἀνθρωπίνης
1138 5635 1290 5719 ψυχῇ
1302 5662 1348 5704 ς.

1025 5571 1070 5606 θ’
1101 5569 1371 5649 ούρανίοίς
1403 5570 1691 5649 διγγέλοις,
1768 5572 2050 5649 ετξ-ὁμοίαν,
2071 5531 2320 5649 χωρή-σιν
2355 5565 2424 5624 δι’
2457 5569 2724 5649 ᾀλλήλων
2754 5570 2855 5639 τὴν
2885 5571 2994 5624 τῶν
3025 5563 3312 5641 στοιχείων
3343 5562 3534 5638 φησίν.
3609 5565 3655 5600 ’⁸
3689 5561 3810 5635 μεθ’

1423 5591 1691 5699 ἱγγὶεΑοις,
1769 5591 2037 5682 ’στομοιαν
2071 5591 2320 5680 χωρηῗιν
2355 5591 2419 5624 οι-
2457 5591 2686 5658 αΑὲηΛω

1535 5648 1710 5719 ογικὰ.
1788 5647 1809 5683 θ
1862 5641 2148 5721 δεδομένη.
2223 5645 2244 5682 θ
2295 5644 2686 5718 κατορθουμεν.
