4034 6214
170 299 281 354 385

244 531 349 600 §l.
409 529 496 589 Ὠς
554 524 967 601 παντοκράτορα
1021 523 1109 578 καὶ
1167 522 1242 584 ὡς
1298 519 1555 576 παλαιόν.
1618 519 1823 581 Πολιὸς

175 619 276 690 μὲν
336 616 490 691 ὤφθη
550 617 578 669 6
636 617 764 677 Θεὸς
794 619 876 685 τῷ
935 610 1162 683 Δανιὴλ,
1195 610 1393 678 λευκὴν
1427 607 1572 683 ἔχων
1602 610 1701 677 τὴν
1733 630 1827 662 κε·-

172 709 382 786 φαλήν,
413 708 488 769 ὡς
538 706 706 781 ἔριον,
747 705 866 768 καθ’
897 705 926 758 ’ὁ
957 703 1046 758 καὶ
1081 700 1322 762 Παλαιὸς
1351 703 1574 772 ἡμερῶν
1606 698 1830 771 ὠνομά-

173 809 303 867 σθη’
337 796 598 868 νεώτερος
631 792 688 848 δὲ
723 798 819 850 τοῦ
869 791 1070 848 πολιοῦ
1099 790 1375 866 γέροντος,
1409 788 1532 844 ὅταν
1586 789 1659 850 ὡς
1692 789 1828 862 ἀνὴρ

173 884 336 962 ὤφθη
364 891 446 956 τῷ
477 880 728 959 Ἀϐραὰμ
779 883 911 956 μετά
946 886 1053 935 τῶν
1087 879 1352 954 ἀγγέλων,
1408 879 1498 932 καὶ
1539 876 1830 939 νεανίσκος.

170 979 245 1031 Ἀ
292 975 384 1028 καὶ
429 976 646 1047 θεωρῶν
702 970 966 1026 ἀπέλυσεν
1020 967 1147 1024 ὧδεο
1204 962 1510 1042 πρεσϐύτην
1579 967 1698 1038 μὲν,
1757 967 1830 1027 ὡς

174 1065 395 1118 πάντων
427 1063 488 1117 ἐκ
542 1066 678 1117 Θεοῦ
717 1082 775 1116 τε
822 1056 990 1114 ὄντων
1039 1058 1131 1113 καὶ
1186 1059 1300 1131 μετ’
1358 1056 1543 1111 αὐτόν·
1606 1053 1692 1109 διὸ
1741 1053 1831 1109 καὶ

173 1152 460 1226 νεωτέρων
516 1151 681 1206 αὐτοῦ
715 1169 728 1182 ·
788 1149 905 1204 νέον
958 1147 1036 1216 δὲ,
1098 1147 1175 1208 ὡς
1232 1145 1312 1200 ἀεὶ
1371 1143 1422 1198 ἐν
1484 1143 1690 1216 ἀκμαία
1743 1142 1834 1198 καὶ

176 1241 428 1304 εὐσταθεῖ
482 1238 842 1314 μακαριότητι
909 1235 1255 1292 ἀπαλαίωτον
1311 1229 1459 1289 ὄντα.
1514 1233 1579 1289 Εἰ
1633 1230 1693 1287 δὲ
1745 1229 1835 1286 καὶ

175 1330 356 1390 εἴποις
411 1330 474 1384 τὸ
527 1327 954 1405 συναμφότερον,
1004 1324 1248 1379 τουτέστι
1306 1323 1369 1376 τὸ
1422 1321 1697 1397 γηραλέον
1745 1321 1839 1375 καὶ

173 1421 289 1475 νέον
326 1418 464 1490 ἅμα,
498 1419 570 1478 ὡς
600 1417 690 1471 ἀπ’
721 1416 901 1490 ἀρχῆς
928 1414 1090 1469 αὐτὸν
1123 1409 1327 1484 δηλοῦν
1373 1410 1459 1466 ἐπὶ
1491 1411 1664 1465 πάντα
1714 1407 1837 1480 διή-

175 1529 345 1563 κοντα
375 1507 468 1561 καὶ
527 1505 788 1579 προϊόντα
819 1504 952 1580 ἀχρι
983 1501 1176 1564 τέλους
1210 1499 1556 1570 διαιωνίζειν,
1589 1499 1722 1576 ὅπερ
1751 1499 1838 1554 τέ-

179 1596 344 1658 λος⁹⁹
391 1602 492 1664 τῆς
519 1595 700 1671 ἀρχῆς
729 1592 838 1648 ἐστι
873 1593 1154 1666 νεώτερον,
1195 1589 1322 1660 ἓξει,
1356 1589 1510 1666 φησὶ,
1557 1586 1646 1642 καὶ
1676 1591 1837 1642 τοῦτο

181 1685 377 1760 λόγον’
431 1685 544 1739 εἶτα
589 1684 820 1760 παράγει
851 1680 940 1736 καὶ
970 1680 1198 1756 γνώμην
1226 1678 1483 1750 Ίεροθέου
1539 1681 1636 1732 τοῦ
1669 1677 1836 1741 θείου·

921 301 981 354 Β.
1019 297 1295 352 MAXIM!
1329 295 1637 350 SCHOLIA
1681 295 1758 349 IN
1796 294 1932 348 LIB.
1973 297 2071 348 DE
2110 297 2380 352 DIVINlB
2417 300 2832 359 NOMINIBUS.

688 421 802 476 EI}:
840 419 926 475 το
964 417 1229 473 ΚΕΦΑΛ.
1273 415 1330 470 1'.
1860 416 1910 482 Α

3487 316 3593 370 386

2572 422 2644 476 IN
2683 423 2840 481 CAP.
2882 427 2952 482 Χ.

2011 525 2041 598 §
2070 527 2112 582 Ι.
2147 527 2209 582 Ut
2256 527 2683 597 omnipotentem
2715 542 2768 585 et
2796 536 2854 586 ut
2901 538 3208 608 antiquum.
3243 540 3398 597 Deus
3429 545 3592 602 visus

1940 620 2028 668 est
2061 633 2090 669 a
2123 615 2361 671 Daniele
2388 634 2572 672 canus
2606 619 2925 676 candidum
2956 623 3176 681 habens
3217 635 3393 698 caput
3434 633 3594 688 velut.

1941 703 2138 758 lanam
2174 710 2410 776 propter
2431 708 2585 776 quod
2619 710 2794 764 etiam
2839 711 3107 782 Antiquos
3154 715 3371 772 dierum
3403 722 3594 776 nomi-

1943 798 2119 848 natus
2140 798 2261 861 est;
2285 794 2492 864 junior
2521 812 2652 851 vero
2685 814 2822 854 sene
2854 816 3019 868 cano,
3046 805 3281 873 quando
3312 810 3595 879 tanquam

1943 880 2032 934 vir
2060 888 2415 953 conspectus
2446 887 2534 938 est
2556 885 2888 941 Abrahamo
2919 905 3052 944 cum
3088 893 3336 964 angelis,
3369 900 3425 950 et
3456 898 3598 953 ado-

1944 967 2173 1025 lescens
2207 988 2219 1026 :
2255 988 2384 1041 quae
2403 976 2577 1026 etiam
2607 975 2990 1032 considerans
3012 978 3186 1034 solvit
3212 980 3306 1036 hic
3332 1000 3343 1038 :
3370 1001 3598 1052 senem,

1945 1059 2100 1128 quod
2132 1059 2331 1114 omnia
2351 1077 2384 1114 a
2411 1062 2519 1115 Deo
2545 1063 2824 1133 producta
2856 1073 2996 1120 sunt
3016 1073 3072 1122 et
3092 1069 3218 1140 ipso
3242 1074 3597 1142 posteriora:

1945 1146 2194 1218 ideoque
2224 1147 2605 1219 ipsojuniora
2638 1152 2952 1222 :juvenem
2975 1172 3130 1227 vero,
3165 1161 3320 1230 quod
3369 1178 3603 1235 semper

1947 1235 2025 1290 sit
2054 1235 2112 1290 in
2144 1236 2358 1308 vigore,
2381 1243 2439 1293 et
2461 1240 2628 1295 firma
2653 1241 2926 1298 beatitate
2948 1245 3095 1300 senii
3122 1263 3363 1319 expers;
3392 1253 3440 1306 si
3467 1270 3600 1309 vero

1947 1325 2125 1379 etiam
2158 1325 2335 1380 simul
2371 1332 2685 1399 utrumque
2716 1330 2954 1397 dixeris,
2987 1333 3043 1388 id
3077 1341 3165 1390 est
3192 1337 3368 1393 simul
3394 1357 3597 1397 senem

1948 1418 2006 1467 et
2029 1413 2329 1484 juvenem,
2355 1415 2651 1473 declarare
2683 1423 2835 1489 quod
2887 1439 2918 1476 a
2964 1423 3248 1496 principio
3294 1429 3364 1482 ad
3399 1431 3600 1486 omnia

1950 1503 2290 1571 perveniens
2321 1509 2376 1558 et
2408 1507 2788 1577 progrediens
2835 1527 3022 1582 usque
3065 1513 3134 1566 ad
3183 1514 3357 1570 ﬁnem
3393 1533 3600 1588 peren-

1951 1593 2068 1659 net,
2091 1591 2191 1662 qui
2217 1590 2572 1662 ﬁnisjunior
2595 1600 2682 1649 est
2704 1596 3011 1669 principio,
3038 1599 3170 1670 hoc,
3192 1602 3405 1674 inquit,
3425 1605 3601 1662 etiam

1948 1679 2234 1735 rationem
2292 1680 2532 1736 habebit
2582 1699 2594 1736 :
2654 1689 2853 1755 postea
2902 1688 3140 1743 adducit
3168 1691 3343 1746 etiam
3371 1698 3602 1749 senten-

183 1775 302 1848 περὶ
337 1771 544 1827 τούτου
573 1772 678 1846 γὰρ
709 1765 998 1825 ἐπιϐάλλω
1029 1768 1203 1842 λέγειν
1247 1767 1405 1822 αὒτὸν
1443 1767 1643 1820 οἰκεῖον
1693 1765 1839 1838 ἱερο-

1967 1769 2092 1824 ;iam
2119 1769 2921 1843 divinillierothei:conjicio
2970 1777 3127 1833 enim
3175 1795 3309 1835 eum
3359 1782 3430 1836 de
3459 1781 3587 1852 ipso

183 1861 472 1930 τελιστήν,
507 1862 599 1914 ἁτε
629 1856 954 1914 διδάσκαλον
989 1858 1180 1912 ἑαυτοῦ
1214 1853 1618 1912 ἀποκαλοῦντα.

257 2040 392 2109 §II.
427 2037 532 2095 Καὶ
577 2036 772 2099 πολιὸς
811 2036 901 2091 καὶ
951 2035 1090 2096 νέος.
1140 2038 1264 2095 Πῶς
1314 2033 1446 2088 ποτὶ
1499 2033 1593 2105 μὶν
1623 2031 1843 2100 πολιὸς,

189 2130 326 2182 ποτε
359 2125 419 2181 δὲ
449 2125 570 2188 νέος
602 2127 629 2180 6
661 2127 857 2196 Κύριος
885 2125 1169 2200 γράφεται,
1204 2121 1279 2183 ώς
1309 2121 1397 2175 τό⁶
1431 2124 1644 2191 Ἰησοῦς
1675 2126 1844 2194 Χρισ-

190 2219 282 2279 τὸς
310 2217 444 2291 χθὲς
473 2216 563 2269 καὶ
597 2217 838 2291 σήμερον
866 2215 894 2268 6
921 2212 1106 2282 αὐτὸς,
1135 2211 1224 2266 καὶ
1259 2211 1334 2274 είς
1363 2209 1490 2271 τοὺς
1539 2208 1754 2273 αἰῶνας·
1786 2211 1846 2264 τὸ

189 2310 319 2380 γοῦν
356 2307 600 2378 σήμερον
630 2308 726 2358 τοῦ
758 2303 889 2378 χθὲς
918 2303 1207 2375 νεώτερον.

265 2397 528 2468 Ἐπείπερ
590 2395 622 2462 ἡ
691 2392 874 2465 μόνας.
928 2387 1260 2464 Ἐπειδήπερ
1302 2391 1337 2458 ἠ
1387 2388 1724 2463 ἀριθμητικὴ
1783 2387 1845 2441 τὸ

191 2483 242 2538 ἐν
275 2483 543 2557 ἀριθμοῖς
600 2479 855 2556 διαίρεσιν
909 2475 1038 2554 ἔχον
1089 2478 1304 2547 πλῆθος
1360 2476 1437 2540 εἷς
1492 2477 1660 2552 πέρας
1719 2477 1844 2545 ἀνή-

187 2592 345 2648 γαγε’
417 2569 625 2646 μονάδα
691 2572 782 2643 μὲν
855 2569 1034 2644 ἀρχὴν
1085 2566 1282 2640 θεμένη
1333 2570 1430 2620 τοῦ
1488 2565 1689 2628 παντὸς
1736 2566 1850 2638 ἀρι-

190 2667 334 2734 θμοῦ
399 2657 571 2716 δυάδα
627 2657 686 2714 δὶ
755 2657 977 2732 ἀρτίων,
1027 2655 1116 2710 καὶ
1162 2659 1270 2710 τῶν
1319 2655 1441 2725 ἑξῆς
1494 2652 1568 2715 εἲς
1624 2653 1848 2728 μέγεθος

189 2752 506 2824 προϊόντων
534 2749 780 2824 ἀριθμῶν
811 2746 947 2801 κατά
1001 2746 1291 2818 παράθεσιν
1349 2739 1622 2816 μονάδων,
1655 2738 1844 2810 ἐπειδὴ

188 2841 250 2893 τὸ
299 2837 548 2907 πλῆθος,
601 2836 873 2891 τουτέστιν
936 2837 970 2903 ἡ
1010 2833 1203 2901 κτίσις,
1254 2832 1314 2887 έκ
1359 2836 1456 2886 τοῦ
1496 2835 1630 2886 Θεοῦ
1682 2829 1845 2885 ἐστιν’

88 2946 102 2958 ⁸
192 2929 220 2981 ὁ
251 2925 313 2982 δὲ
365 2926 604 3000 ἀριθμὸς
649 2924 737 2979 ἐπὶ
767 2928 847 2996 τῷ
895 2922 1093 2992 πλήθει
1143 2920 1304 2976 ἐστίν’
1358 2920 1580 2981 εἰκότως
1625 2919 1688 2973 τὸ
1733 2919 1849 2973 κατ’

192 3017 429 3088 ἀριθμὸν
472 3016 732 3090 νεώτερον
798 3012 1156 3084 ὀνομάζεται·
1226 3010 1289 3064 τὸ
1343 3011 1446 3084 γὰρ
1494 3007 1732 3077 πλῆθος,
1787 3008 1850 3062 τὸ

191 3105 281 3159 καὶ
314 3102 750 3177 ἀριθμούμενον,
806 3100 941 3172 μετά
981 3101 1072 3154 τὸν
1107 3099 1235 3154 Θεὸν
1269 3096 1484 3174 ἀφάτως
1531 3096 1621 3151 καὶ
1667 3095 1726 3150 ἐκ
1754 3101 1850 3150 τοῦ

192 3197 329 3247 Θεοῦ
359 3193 653 3266 παρήχθη’
690 3188 834 3244 ἀλλά
861 3188 950 3243 καὶ
981 3191 1078 3242 τοῦ
1097 3186 1364 3261 νεωτέρου
1394 3184 1590 3239 τούτου
1619 3185 1853 3258 ἀριθμοῦ

191 3289 293 3350 τῆς
324 3281 560 3343 κτίσεως
610 3276 1056 3354 ἀρχηγικώτερόν
1109 3274 1253 3330 ἐστιν
1301 3276 1335 3344 ἠ
1373 3275 1562 3345 μονὰς,
1597 3274 1672 3334 ὡς
1705 3271 1859 3348 ἔφην,

197 3371 234 3438 ἢ
265 3369 492 3423 καὶτῶν
525 3369 774 3442 ἀριθμῶν
822 3365 989 3435 αἰτία,
1019 3363 1110 3418 καὶ
1134 3358 1339 3438 ἔχουσα
1371 3363 1558 3437 σχέσιν
1579 3361 1701 3415 τινὰ
1730 3361 1866 3431 πρὸς

195 3458 265 3512 τά
297 3458 351 3528 ἐξ
396 3457 566 3525 αὐτῆς
611 3454 818 3510 πολλά.
867 3453 1076 3511 Οὐκοῦν
1123 3453 1151 3506 6
1202 3453 1351 3518 Θεὸς,
1385 3453 1460 3513 ὡς
1508 3450 1599 3505 καὶ
1655 3450 1862 3504 τούτων

195 3546 400 3615 αἴτιος,
451 3546 542 3599 καὶ
578 3541 810 3618 μονάδος
841 3542 1006 3617 λόγον
1041 3541 1278 3615 ἐπέχων,
1309 3540 1568 3614 νεώτερος
1596 3539 1734 3593 κατὰ
1759 3539 1858 3606 τήν

196 3635 501 3709 εῗρημένην
553 3631 778 3709 θεωρίαν
831 3631 891 3686 έκ
937 3635 1043 3686 τῶν
1094 3628 1144 3702 ἒξ
1176 3629 1341 3684 αὐτοῦ
1378 3627 1858 3704 προσαγορεύεται.

194 3722 318 3779 Εἰσὶ
354 3720 414 3777 δὲ
445 3721 498 3777 οἵ
525 3723 593 3776 1i
623 3721 848 3793 σώματα
877 3721 944 3759 ¹⁰⁰
973 3718 1203 3792 ἀριθμὸν
1238 3712 1545 3789 ὠνόμαζον.

267 3991 299 4063 ἕ
348 3995 446 4044 Ill.
503 3987 598 4042 Καὶ
655 3984 948 4047 ἀπσλύτως
999 3985 1281 4060 ἀγέννητα.
1329 3985 1475 4039 ’Ἁνω
1525 3982 1619 4054 μὲν
1679 3979 1732 4035 έν
1781 3985 1860 4052 τῷ

191 4080 442 4150 πέμπτῳ
492 4074 772 4154 κεφαλαίῳ
819 4073 943 4147 περὶ
985 4073 1184 4134 αἰῶνος
1233 4074 1319 4126 καὶ
1373 4069 1576 4146 χρόνου
1606 4067 1860 4131 πλατέως

190 4160 566 4236 διελάὄομεν¹
625 4170 717 4218 νῦν
765 4162 822 4218 δὲ
869 4163 935 4218 τά
984 4161 1295 4233 ζητούμενα
1347 4161 1739 4236 σαφηνιστέονο
1799 4157 1861 4212 οὐ

189 4254 370 4326 μόνον
399 4255 502 4329 γὰρ
533 4256 567 4322 ἡ
598 4254 810 4328 Γραφῆ,
843 4252 1030 4329 φησὶν,
1086 4249 1307 4304 αἰώνιον
1335 4245 1496 4302 καλεῖ
1550 4247 1642 4302 τὸν
1705 4247 1856 4317 Θεὸν,

189 4343 246 4397 έν
281 4347 366 4415 τῷ
398 4341 593 4416 λέγειν·
654 4344 715 4399 Ὁ
744 4343 876 4404 Θεὸς
905 4342 933 4395 6
981 4339 1225 4405 αἰώνιος,
1257 4339 1285 4391 ὁ
1336 4336 1738 4398 κατασκευάσας
1795 4336 1861 4390 τά

190 4432 342 4505 ἀκρα
392 4439 492 4500 τῆς
535 4437 656 4507 γῆς’
703 4432 794 4485 τὸν
841 4430 942 4504 γὰρ
989 4429 1118 4483 Θεὸν
1167 4425 1311 4502 λέγει
1366 4422 1660 4487 ἀπολύτως
1716 4424 1867 4500 ἀγέν-

1955 1858 2148 1912 dicere
2178 1858 2479 1929 proprium
2513 1859 2572 1914 in
2605 1861 2790 1917 sacris
2822 1863 3198 1934 iniliatorem,
3231 1884 3335 1924 seu
3384 1874 3605 1942 magis-

1956 1950 2113 2001 trum
2145 1962 2318 2002 suum
2351 1947 2764 2019 appellantem.

2025 2035 2054 2108 ἓ
2085 2034 2153 2090 Il.
2187 2037 2251 2090 Et
2273 2051 2466 2102 canus,
2498 2041 2550 2092 et
2569 2039 2812 2109 juvenis.
2847 2043 3149 2108 Quomodo
3181 2046 3467 2104 Dominus
3489 2047 3601 2103 ali-

1956 2124 2192 2194 quando
2224 2125 2464 2195 quidem
2523 2127 2827 2199 antiquus,
2860 2130 3178 2202 aliquando
3234 2151 3368 2190 vero
3419 2154 3604 2193 novus

1957 2213 2342 2280 describatur,
2379 2219 2442 2268 ut
2473 2231 2485 2269 :
2519 2217 2674 2272 Iesus
2702 2218 2951 2274 Christus
2982 2221 3102 2276 heri
3133 2227 3184 2276 et
3232 2224 3419 2292 hodie,
3459 2226 3604 2280 idem

1954 2305 2006 2356 et
2037 2303 2099 2356 in
2127 2303 2331 2356 saecula
2359 2303 2436 2372 (ά)
2473 2319 2484 2356 :
2523 2311 2674 2359 certe
2706 2306 2878 2361 hodie
2907 2313 2996 2362 est
3017 2311 3226 2378 junius
3260 2312 3404 2367 heri.

2025 2391 2178 2446 212
2211 2392 2658 2462 Quandoquidem
2697 2397 2916 2450 veritas.
2957 2399 3444 2470 Quandoquidem
3480 2403 3594 2456 ari-

1956 2478 2232 2534 thmetica
2272 2479 2716 2536 multitudinem
2740 2483 2796 2538 in
2825 2487 3086 2541 numeris
3112 2487 3456 2545 divisionem
3489 2490 3596 2546 ha-

1958 2568 2186 2622 bentem
2211 2567 2270 2622 in
2304 2569 2479 2623 finem
2512 2570 2774 2636 deduxit,
2802 2589 3027 2643 ponens
3048 2579 3304 2632 monada
3332 2595 3434 2632 seu
3472 2581 3604 2633 uni-

1957 2659 2138 2712 tatem
2161 2657 2354 2712 omnis
2384 2659 2612 2712 numeri
2648 2660 3036 2732 principium;
3070 2665 3264 2720 cluada
3286 2682 3388 2720 seu
3415 2667 3606 2721 duali-

1960 2750 2137 2800 tatem
2168 2762 2324 2815 vero,
2364 2747 2594 2817 parium
2636 2753 2692 2802 et
2726 2748 3086 2821 reliquorum
3122 2770 3502 2809 numerorum
3547 2756 3606 2811 in

1961 2834 2370 2905 magnitudine
2411 2837 2912 2906 progredientium
2953 2840 3250 2896 additione
3283 2843 3600 2910 unitatum,

1960 2922 2238 2994 quoniam
2286 2924 2626 2991 multitudo,
2674 2925 2731 2979 id
2781 2933 2871 2981 est
2909 2935 3175 2984 creatura
3205 2936 3294 2986 est
3333 2948 3403 2986 ex
3445 2932 3605 2989 Deo:

1961 3027 2243 3066 numerus
2274 3017 2468 3066 autem
2495 3014 2658 3067 estin
2687 3014 3300 3082 multitudine,inerito
3315 3025 3605 3090 quantum

1964 3099 2034 3153 ad
2069 3115 2380 3154 numerum
2409 3102 2613 3170 junior
2645 3104 2985 3158 nominatur
3017 3123 3030 3160 :
3064 3105 3382 3163 multitudo
3432 3106 3635 3175 enim,

1970 3203 2096 3257 quae
2123 3191 2212 3241 est
2243 3187 2298 3241 id
2322 3190 2476 3258 quod
2518 3195 2887 3259 numeratur,
2941 3196 3068 3262 post
3099 3192 3279 3247 Deum
3309 3193 3618 3250 ineffabili-

1971 3279 2053 3328 ter
2080 3279 2137 3330 et
2178 3292 2211 3328 a
2246 3275 2360 3330 Deo
2395 3278 2678 3346 producta
2723 3283 2813 3333 est
2845 3295 2856 3333 :
2894 3280 3216 3350 quinetiam
3269 3299 3474 3338 monas
3529 3286 3619 3338 est

1971 3362 2265 3433 antiquior
2285 3365 2523 3434 juniore
2549 3366 2654 3420 hoc
2678 3371 2960 3422 creatura;
2985 3386 3249 3439 nurnero,
3282 3387 3431 3441 qum,
3465 3372 3621 3426 sicut

1971 3451 2110 3521 dixi,
2140 3456 2230 3507 est
2254 3470 2634 3508 numerorum
2668 3471 2870 3523 causa,
2909 3461 2965 3511 et
2992 3456 3167 3512 habet
3196 3458 3619 3514 connexionem

1970 3541 2286 3611 quamdam
2321 3558 2454 3597 cum
2489 3543 2715 3608 multis,
2747 3561 2874 3614 quae
2908 3561 2973 3599 ex
3005 3545 3132 3616 ipsa
3163 3549 3620 3617 procedunt.lta-

1970 3646 2082 3701 que
2115 3630 2288 3697 Deus,
2327 3635 2390 3685 ut
2418 3632 2594 3686 etiam
2627 3633 2836 3687 horum
2870 3640 3094 3700 auctor,
3129 3640 3186 3690 et
3219 3638 3488 3692 monadis
3526 3655 3619 3691 ra-

1968 3719 2187 3774 tionem
2211 3719 2502 3788 obtinens,
2536 3722 2863 3775 secundum
2896 3723 3114 3776 dictam
3148 3725 3620 3796 comtemplatio-

1969 3823 2126 3878 nem,
2159 3807 2488 3878 appellatur
2511 3808 2717 3878 junior
2747 3809 2818 3863 iis
2840 3825 2967 3879 quae
2994 3810 3065 3865 ab
3091 3826 3157 3864 eo
3191 3813 3472 3881 producta
3494 3813 3621 3866 fue-

1970 3901 2109 3951 runt
2139 3913 2151 3951 :
2187 3901 2327 3951 sunt
2346 3897 2448 3966 qui
2479 3913 2724 3967 corpora
2754 3897 3130 3968 appellarunt
3163 3915 3504 3954 numerum.

2037 3987 2064 4052 §
2123 3984 2201 4040 Ill
2260 3986 2322 4038 Et
2381 3985 2627 4039 absolute
2685 3985 2959 4054 ingenita.
3022 3991 3206 4058 Supra
3267 3987 3504 4059 quidem
3562 3989 3622 4044 in

1969 4074 2175 4145 quinto
2223 4075 2434 4144 capite,
2487 4075 2614 4129 fuse
2653 4074 3039 4130 tractavimus
3089 4076 3159 4131 de
3203 4076 3526 4132 aeternitate
3567 4080 3628 4132 et

1969 4169 2226 4231 tempore
2260 4179 2273 4217 :
2308 4180 2465 4217 nunc
2491 4180 2626 4218 vero
2659 4164 3006 4234 explicanda
3050 4169 3190 4219 sunt
3242 4182 3364 4235 quae
3416 4170 3626 4236 petun-

1968 4257 2256 4306 turznon
2317 4256 2546 4307 tantum
2581 4252 2738 4307 enim
2799 4252 3125 4322 Scriptura,
3181 4252 3398 4321 inquit,
3462 4258 3628 4309 vocat

1975 4341 2152 4395 Deum
2187 4345 2494 4406 aeternum,
2521 4341 2660 4394 dum
2696 4341 2874 4395 dicit:
2910 4340 3064 4395 Deus
3097 4346 3372 4408 aeternus,
3411 4342 3509 4412 qui
3541 4343 3622 4396 fa-

1972 4427 2233 4483 bricatus
2264 4433 2353 4483 est
2393 4434 2652 4483 extrema
2706 4433 2909 4484 terrae:
2943 4429 3084 4484 dicit
3118 4429 3273 4483 enim
3310 4434 3489 4483 Deum
3523 4430 3624 4484 ab-

189 4542 397 4591 νητον,
447 4521 538 4575 ἅτε
587 4521 676 4574 καὶ
724 4519 980 4580 ἀναιτίως
1029 4515 1157 4572 ὄντα
1202 4520 1409 4582 τοῦτο,
1469 4513 1615 4569 ἀλλᾶ
1659 4515 1750 4569 καὶ
1799 4516 1845 4569 τέ

1973 4516 2160 4572 solute
2193 4516 2544 4586 ingenitum,
2578 4523 2859 4586 tanquam
2913 4533 3046 4571 eum
3093 4517 3192 4587 qui
3225 4517 3334 4572 hoc
3369 4521 3458 4572 est
3502 4518 3630 4572 sine

195 4609 518 4684 μετέχοντα
543 4609 843 4686 ἀφθαρσίας
875 4607 964 4661 καὶ
1013 4604 1360 4661 ἀναλλοίωτα
1406 4603 1531 4676 περὶ
1565 4601 1733 4672 αὐτὴν
1766 4604 1866 4671 τήν

194 4698 400 4752 οὐσίαν
463 4697 659 4751 αἰώνια
726 4697 893 4770 Λέγει,
945 4694 1051 4748 εἸτε
1094 4691 1386 4768 ἀγγέλους,
1449 4687 1554 4746 ε’ἷτε
1601 4691 1869 4766 ἀνώτερον

193 4786 462 4860 οὐρανὸν,
505 4787 579 4846 ὡς
624 4785 708 4840 τό·
759 4785 1022 4853 Ἔστησεν
1073 4781 1206 4836 αὐτὰ
1253 4780 1328 4841 εἷς
1370 4779 1462 4834 τὸν
1514 4778 1722 4845 αἶ’ῶνα,
1779 4779 1870 4832 καὶ

194 4874 280 4935 εἷς
312 4874 411 4928 τὸν
462 4873 628 4928 alam
682 4877 779 4928 τοῦ
831 4871 1050 4936 αἷῶνος,
1104 4871 1190 4924 καὶ
1253 4868 1336 4923 τό·
1396 4868 1478 4923 Τὰ
1540 4868 1615 4940 μὴ
1668 4866 1872 4941 βλεπό-

194 4983 368 5034 μενα,
403 4960 617 5017 αἰώνια.
646 4959 1028 5016 Ἀναλλοίωτα
1061 4956 1118 5014 δέ
1149 4979 1279 5034 φησι
1336 4956 1592 5028 μείναντα
1637 4955 1711 5017 ώς
1761 4955 1871 5031 έγέυ

189 5071 391 5105 νοντο⁸
439 5052 528 5104 καὶ
579 5049 756 5111 πύλας
804 5048 1026 5110 αἰωνίας
1077 5046 1238 5102 καλεῖ
1287 5043 1392 5100 ε’ίτε
1425 5043 1707 5118 οὐρανοὺς,
1768 5042 1874 5098 ε’ἰτε

187 5139 334 5202 τοὺς
386 5135 743 5216 ἐφεστηκότας
789 5137 1005 5199 τούτοις
1055 5133 1355 5212 ἀγγέλους,
1409 5136 1500 5188 οἶα
1555 5132 1870 5207 πυλωρούςο

272 5281 364 5351 (ά)
397 5279 571 5337 Hebr.
603 5296 729 5348 xm,
759 5279 815 5335 8.

1979 4611 2237 4673 auctore,
2260 4621 2462 4660 verum
2494 4604 2670 4659 etiam
2703 4604 2844 4658 dicit
2872 4610 3088 4660 aeterna
3119 4623 3246 4674 quae
3279 4605 3632 4677 participant

1978 4693 2505 4762 incorruptionem,
2539 4709 2726 4763 neque
2755 4692 2813 4746 in
2849 4693 2977 4762 ipsa
3006 4695 3263 4748 essentia
3303 4699 3628 4761 mutantur,

1981 4781 2101 4837 sive
2132 4781 2248 4836 sint
2274 4781 2486 4850 angeli,
2510 4782 2632 4836 sive
2655 4781 2865 4835 cmlum
2898 4797 3265 4851 supremum,
3291 4783 3442 4836 sicut
3468 4798 3479 4835 :
3505 4781 3630 4836 Sta-

1982 4870 2088 4925 tuit
2109 4886 2173 4925 ea
2203 4869 2263 4924 in
2293 4877 2592 4939 aeternum,
2624 4874 2677 4926 et
2723 4871 2786 4924 in
2835 4868 3100 4924 secutum
3149 4872 3342 4925 seculi
3386 4876 3451 4938 te)
3475 4889 3496 4933 ;
3526 4876 3583 4924 et
3617 4886 3629 4924 :

1983 4960 2118 5027 Quae
2147 4975 2255 5014 non
2294 4961 2576 5027 videntur,
2606 4963 2816 5013 aeterna
2843 4959 2935 5028 (Γ).
2972 4959 3146 5014 Porro
3171 4955 3514 5012 ἀναλλοίωτα
3533 4976 3631 5014 vo-

1983 5053 2077 5104 cat
2124 5065 2251 5119 quae
2299 5052 2536 5103 manent
2566 5047 2721 5102 sicut
2752 5048 3012 5115 fuerunt,
3059 5052 3116 5101 et
3151 5053 3349 5118 portas
3380 5053 3631 5103 aeternas

1986 5141 2168 5202 vocat,
2204 5137 2324 5190 sive
2380 5134 2576 5198 ccelos.
2629 5135 2750 5190 sive
2809 5134 3048 5206 angelos
3101 5136 3198 5206 qui
3232 5135 3317 5190 eis
3346 5142 3627 5207 praesunt,

920 5279 992 5351 (θ)
1024 5277 1177 5335 Psal.
1208 5292 1438 5346 cxavm,
1469 5276 1522 5329 6.
1599 5274 1676 5346 (Γ)
1706 5273 1754 5330 ΙΙ
1784 5272 1914 5330 Cor.
1941 5290 2020 5340 IV,
2053 5274 2138 5328 18.

1231 5427 1471 5483 VARUE
1513 5424 1898 5482 LECTIONES
1938 5426 2028 5480 ET
2065 5424 2622 5482 CORRECTIONES.

275 5531 331 5566 ”
366 5525 500 5601 ἄχρι
539 5523 729 5588 τέλους
778 5523 1172 5595 διαιωνίζοντα,
1228 5522 1317 5578 καὶ
1369 5520 1457 5576 ἐπὶ
1516 5523 1687 5577 πάντα
1747 5519 1954 5592 διήκειν
2009 5523 2098 5576 καί
2159 5522 2428 5597 προϊέναι,
2482 5520 2614 5595 ὅπερ
2672 5517 2854 5581 τέλος.
2935 5522 3002 5558 ¹⁰⁰
3050 5520 3309 5594 ὀνόματα.
3387 5525 3404 5559 ¹
3465 5523 3635 5598 παρέ-

201 5615 270 5667 oe
276 5619 409 5675 μεν.
