4034 6214
435 274 540 329 387

1250 270 1614 328 APPENDIX
1648 271 1748 324 AD
1785 267 2026 324 OPBRA
2060 267 2118 322 Β.
2158 264 2473 321 DIONYSII
2514 263 3022 322 AREOPAGITB.

3741 267 3847 323 388

434 400 720 468 tanquam
780 392 1082 469 portarum
1144 394 1460 462 custodes;
1522 395 1579 446 et
1614 391 1859 462 antiqua
1907 396 2057 444 voca‘

2187 385 2277 440 καὶ
2303 387 2371 440 τὰ
2427 385 2632 462 ἀρχαῖα
2691 383 2750 440 δὲ
2805 384 3002 440 αἰώνια
3049 383 3228 456 καλεῖ,
3283 385 3359 447 ὡς
3414 387 3524 445 καὶ,
3558 388 3643 442 τὸ·
3706 391 3842 460 Ἐτη

433 490 671 554 aeterna,
705 486 880 554 sicut,
938 485 1121 540 Annos
1150 493 1389 540 aeternos
1437 483 1495 537 in
1535 487 1721 536 mente
1776 479 1946 534 habui
1977 478 2076 549 (g),

435 578 821 644 nostrumque
851 577 1086 645 tempus
1117 571 1394 627 saeculum
1427 570 1587 638 dicit,
1622 570 1771 624 sicut
1806 570 1980 638 Usque
2009 566 2079 621 ad

431 664 954 718 consummationem
1007 661 1203 717 swculi
1233 661 1310 731 (Ii)
1335 677 1348 728 ;
1373 664 1430 714 et
1460 676 1472 714 :
1511 660 1572 716 Ut
1611 660 1852 729 eriperet
1889 672 1986 711 nos
2016 661 2079 709 de

430 754 694 824 praesenti
719 751 916 806 saeculo
946 766 1180 822 nequam
1212 750 1297 819 (i);
1341 753 1397 803 et
1425 747 1545 802 vice
1576 763 1761 811 versa,
1795 744 2078 800 saeculum

434 845 670 912 tempus
697 840 858 906 dicit,
896 843 956 894 ut
989 856 1002 891 :
1039 843 1144 908 Ego
1167 837 1524 893 ressuscitabo
1572 851 1698 891 eum
1739 837 1797 890 in
1839 832 2075 888 novissi-

434 947 521 986 mo
549 930 640 985 die
668 929 746 997 (k)
776 947 794 983 :
827 927 1104 983 smculum
1165 927 1343 993 enim,
1406 942 1520 980 non
1580 941 1713 980 vero
1773 924 1918 986 dies,
1951 938 2080 993 quae

425 1019 486 1074 in
521 1017 950 1074 resurrectione
984 1032 996 1070 :
1032 1021 1086 1070 et
1121 1015 1332 1070 iterum
1370 1031 1382 1067 :
1418 1015 1476 1069 In
1509 1015 1706 1085 quibus
1737 1014 1874 1068 Deus
1906 1012 2076 1083 hujus

423 1109 632 1176 saeculi,
660 1107 952 1161 excaecauit
993 1108 1206 1159 mentes
1263 1103 1578 1173 inﬁdelium
1603 1104 1690 1173 (l),
1724 1110 1898 1173 alque
1927 1106 2071 1155 tem-

422 1214 554 1267 pus,
584 1193 860 1250 saaculum
895 1193 1055 1258 dicit,
1092 1196 1153 1246 ut
1188 1208 1199 1245 :
1237 1191 1359 1246 Dies
1408 1192 1609 1248 saeculi
1637 1191 1779 1261 (m);
1819 1197 1875 1244 et
1923 1190 2072 1243 Moa-

417 1285 549 1340 bitcs
577 1293 628 1339 et
657 1283 990 1337 Ammoniles
1021 1281 1187 1335 etiam
1214 1285 1337 1351 post
1358 1279 1627 1335 decimam
1658 1279 2070 1347 generationem

411 1390 519 1429 non
553 1371 839 1427 intrabunt
891 1371 1192 1425 Ecclesium
1241 1370 1477 1435 Domini,
1535 1369 1596 1422 in
1642 1373 1918 1424 aeternum
1967 1372 2064 1437 (τι).

412 1467 559 1518 Nam
592 1462 792 1515 decem
822 1458 1234 1529 generationes
1277 1457 1556 1513 swculum
1617 1456 1779 1512 dicit.
1837 1455 2061 1510 Aliter:

414 1556 537 1607 Non
561 1555 807 1622 oportet,
841 1550 1054 1622 inquit,
1089 1549 1186 1604 ubi
1218 1547 1523 1618 Scriptura
1573 1545 1850 1600 saeculum
1902 1545 2063 1615 dicit,

415 1638 652 1694 omnino
684 1637 1047 1694 divinitatem
1078 1635 1438 1707 intelligere:
1465 1635 1575 1690 hoc
1603 1636 1760 1690 enim
1792 1637 1881 1690 est
1910 1634 2062 1690 213

2191 472 2388 528 αἰώνια
2444 473 2740 546 ἐμνήσθην·
2790 474 3009 529 καὶτὸν
3069 475 3186 538 καθ’
3237 477 3385 547 ἡμᾶς
3445 477 3644 551 χρόνον
3674 477 3846 532 αῐῶνὰ

2189 583 2374 640 φησιν,
2409 564 2482 624 ὡς
2509 559 2591 618 τό’
2626 566 2771 625 "Em:
2825 570 2930 632 τῆς
2985 561 3292 626 συντελείας
3321 568 3418 618 τοῦ
3475 563 3692 628 αἰῶνος·
3752 567 3844 620 καὶ

2186 652 2270 706 τοο
2301 653 2486 714 Ὅπως
2517 651 2765 725 ἐξέληται
2795 655 2944 725 ἡμᾶς
2977 653 3082 707 ἀπὸ
3134 657 3230 706 τοῦ
3291 652 3599 716 ἐνεστῶτος
3635 655 3841 718 αἰῶνος

2188 745 2455 817 πονηροῦ·
2501 741 2590 796 καὶ
2631 739 2924 811 ἀνάπαλιν,
2965 742 3057 796 τὸν
3111 740 3285 796 αἰῶνα
3313 742 3514 816 χρόνον
3545 741 3712 817 λέγει,
3768 745 3847 806 ὡς

2186 831 2270 884 τό·
2340 830 2480 905 Ἐγώ
2538 831 2824 902 ἀναστήσω
2883 829 3044 885 αὐτὸν
3104 830 3156 886 ἰν
3211 835 3279 904 τῇ
3340 829 3544 906 ἐσχάτῃ
3605 832 3794 908 ἡμέρᾳ
3830 853 3842 866 ’

2188 919 2320 974 αἶ’ὼν
2357 919 2478 994 γὰρ,
2525 917 2655 974 ἀλλ’
2701 918 2807 995 οὐχ
2855 921 3058 993 ἡμέρα,
3089 920 3155 974 τὰ
3203 918 3255 974 ἐν
3286 923 3353 984 τῆ
3387 920 3694 976 ἀναστάσει’
3750 923 3843 976 καὶ

2186 1007 2372 1062 πάλιν·
2432 1009 2517 1066 Ἐν
2581 1011 2661 1071 οἷς
2718 1011 2746 1063 6
2778 1009 2905 1070 Θεὸς
2961 1013 3058 1064 τοῦ
3088 1008 3287 1069 αἰῶνος
3319 1009 3518 1064 τούτου
3557 1007 3844 1084 έτῦῳλωσι

2181 1099 2250 1151 τὰ
2276 1099 2528 1169 νοήματα
2571 1103 2678 1151 τῶν
2733 1097 2994 1153 ἀπίστων·
3047 1097 3136 1152 καὶ
3178 1099 3268 1152 τὸν
3317 1099 3514 1173 χρόνον
3550 1095 3607 1152 δὲ
3665 1097 3842 1153 αἰῶνά

2183 1207 2369 1262 φησιν,
2429 1187 2502 1247 ὡς
2557 1185 2638 1240 τό”
2700 1187 2767 1242 Αἰ
2820 1187 3024 1262 ἡμέραι
3054 1191 3148 1240 τοῦ
3180 1186 3399 1254 αἰῶνος,
3463 1182 3839 1242 καίοΜωαῦί-

2177 1295 2277 1345 της
2335 1274 2425 1329 καὶ
2485 1273 2784 1348 ’Λμανίτης
2818 1274 2918 1330 οὐκ
2947 1272 3343 1329 εἰσελεύσονται
3403 1274 3478 1336 εἰς
3530 1275 3624 1329 τὸν
3688 1275 3842 1330 οἶκον

2179 1365 2381 1440 Κυρίου
2428 1361 2531 1425 ἕως
2562 1361 2794 1435 δεκάτητ
2827 1370 3011 1439 γενεᾶς
3071 1363 3148 1426 εἰς
3201 1362 3296 1418 τὸν
3354 1362 3540 1418 αἰῶνα·
3600 1363 3700 1426 τὰς
3731 1366 3841 1439 γὰρ

2178 1449 2307 1507 δέκα
2334 1453 2516 1528 γενεὰς
2547 1449 2717 1506 αἰῶνᾶ
2757 1473 2943 1526 φησιν.
2992 1450 3243 1513 ’Ἀλλωςο
3305 1451 3382 1508 Οὐ
3441 1453 3580 1526 χρὴ,
3638 1453 3842 1527 φησὶν,

2175 1535 2350 1610 ἕνθαή
2385 1542 2569 1616 Γραφή
2617 1539 2838 1595 αἰώνιον
2873 1539 3044 1615 λέγει,
3104 1539 3318 1601 πάντως
3362 1541 3425 1595 τὸ
3456 1543 3603 1595 θεῖον
3657 1547 3834 1595 νοεῖνο

2172 1633 2332 1683 τοῦτο
2365 1630 2470 1704 γάρ
2502 1627 2611 1684 ἐστι
2640 1629 2702 1684 τὸ
2732 1630 2905 1699 πάντη
2938 1628 3028 1682 καὶ
3059 1627 3371 1696 ἆπολύτως,
3412 1631 3662 1684 τουτέστι
3694 1631 3840 1684 κατᾶ

413 1724 586 1794 πύντη
619 1731 675 1780 et
703 1722 1018 1794 ἀπολάτως,
1053 1725 1206 1780 idem
1262 1724 1588 1780 secundum
1639 1740 1872 1778 omnem
1924 1739 2057 1778 sen-

2173 1721 2343 1774 πᾶσαν
2393 1717 2626 1789 ἔννοιαν,
2658 1719 2942 1794 ἀγέννητον
2975 1717 3064 1773 καὶ
3098 1715 3296 1772 ἀῒδιον·
3334 1715 3480 1773 ἀλλὰ
3525 1721 3614 1773 καὶ
3666 1719 3836 1794 ἀγγέ-

2174 1807 2191 1822 .
2374 1812 2400 1822 -
2565 1809 2577 1822 .
2681 1805 2769 1822 ς...
3005 1805 3017 1822 ι
3113 1809 3136 1822 ..
3265 1806 3278 1822 .
3397 1807 3410 1822 ς
3452 1805 3467 1822 ς
3678 1807 3690 1822 .

414 1832 568 1881 sum,
610 1815 939 1887 ingenitum
972 1831 1037 1869 ac
1069 1818 1348 1869 teternum
1387 1813 1750 1883 :quinetiam
1783 1812 1882 1868 tali
1929 1812 2053 1868 dic-

412 1907 572 1960 tione
603 1903 793 1975 angeli
826 1903 1257 1975 signiﬁcantur,
1283 1907 1347 1958 ut
1378 1902 1478 1973 qui
1509 1902 1567 1956 in
1602 1901 1908 1957 identitate
1926 1919 2056 1974 per-

413 2009 678 2048 severare
710 1997 982 2063 possunt.

484 2083 869 2137 Eternitatem
908 2089 1309 2137 consecuturos.
1365 2080 1530 2136 Hunc
1589 2079 1762 2136 ctiam
1826 2080 2054 2136 Patrem

409 2172 673 2241 accipere
703 2170 1107 2236 aeternitatem,
1141 2169 1468 2224 secundum
1520 2168 1862 2241 Gregorium
1896 2169 2053 2224 theo-

409 2257 633 2330 logum,
682 2274 784 2329 pro
825 2257 1219 2314 declarations
1274 2257 1562 2329 perpetui,
1596 2275 1697 2313 seu
1740 2258 1868 2327 ejus
1899 2258 2052 2328 quod

409 2364 644 2417 semper
669 2363 801 2401 esse
830 2346 1066 2402 dicitur.

481 2435 797 2504 Quinetiam
852 2450 1033 2492 ιῖῖυιιηι
1064 2436 1363 2506 temporale
1390 2435 1712 2490 celebratur.
1745 2434 2056 2490 ZEternitas

407 2523 468 2578 in
500 2529 783 2595 tempore,
847 2528 911 2577 ut
969 2523 1213 2595 psalmis
1248 2542 1260 2580 :
1295 2523 1588 2578 Laboravit
1646 2526 1702 2578 in
1759 2532 2051 2593 aeternum,

405 2617 457 2667 et
485 2613 628 2668 vivet
661 2614 718 2666 in
743 2613 909 2681 ﬁnem
936 2613 1360 2684 (0).1Eternum
1394 2618 1589 2668 autem
1624 2617 1880 2684 tempus,
1924 2631 2050 2685 quae

401 2701 555 2772 apud
579 2700 952 2772 Apostolum,
985 2701 1160 2756 veluti
1187 2719 1199 2756 :
1226 2702 1362 2756 Ante
1382 2710 1624 2772 tempora
1650 2703 2048 2772 secularia(p);

403 2795 492 2845 et:
516 2792 862 2860 Temporibus
881 2792 1120 2847 aeternis
1160 2791 1316 2846 taciti
1345 2791 1439 2862 (q).
1475 2791 1631 2844 Acin
1673 2791 1898 2862 Moyse:
1930 2793 2052 2846 Erit

403 2880 506 2934 tibi
529 2895 802 2950 possessus
835 2881 896 2935 in.
925 2888 1220 2937 aeternum.
1250 2880 1394 2935 Nota
1425 2895 1576 2946 vero,
1629 2879 1908 2935 saeculum
1961 2881 2049 2935 fu-

403 2971 603 3021 turum
637 2983 763 3023 esse
792 2967 1198 3042 incorruptum
1225 2974 1283 3024 et
1304 2984 1536 3040 semper
1565 2969 1769 3025 eodem
1794 2970 1964 3026 modo
1988 2986 2050 3025 se

403 3054 643 3110 habere.

470 3145 710 3200 Tametsi
735 3146 941 3201 scimus
970 3145 1037 3202 ab
1071 3148 1218 3218 ipsis.
1254 3146 1403 3218 Ipsis
1462 3146 1730 3204 videlicet
1773 3148 1994 3204 sanctis
2028 3165 2041 3203 :
2077 3117 2121 3184 C

395 3238 535 3288 nota
567 3237 761 3288 autem
789 3236 942 3305 quod
967 3234 1384 3306 intelligibilia,
1408 3236 1566 3292 entia
1614 3241 1800 3306 vocat,
1833 3237 2049 3307 quibus

397 3322 575 3378 etiam
607 3323 991 3379 aeternitatem
1025 3330 1442 3393 connumerat;
1489 3325 1735 3380 sensilia
1756 3341 1911 3396 vero,
1945 3341 2046 3396 ge-

401 3411 760 3467 nerationem
797 3413 939 3468 dicit
962 3429 1212 3483 quorum
1237 3414 1413 3468 etiam
1451 3420 1688 3486 tempus
1721 3430 1850 3469 esse
1870 3413 2048 3486 signia

397 3501 549 3554 licet.
575 3501 704 3556 Haec
728 3502 976 3572 perfecte
998 3501 1179 3558 habes
1212 3503 1269 3557 in
1297 3502 1485 3574 capite
1517 3503 1743 3575 quinto.

463 3591 578 3644 Non
612 3590 944 3660 simpliciter
975 3594 1248 3647 cowterna
1288 3593 1414 3647 Deo.
1464 3591 1914 3662 Sapientissime
1961 3609 2047 3646 se-

395 3694 603 3733 curum
637 3679 825 3734 reddit
857 3680 1185 3736 auditorem
1218 3679 1276 3734 in
1312 3680 1610 3753 religione,
1645 3682 1882 3737 discens
1931 3699 2044 3736 non

391 3767 603 3822 debere
663 3767 982 3823 existimari
1042 3785 1110 3824 ea
1159 3785 1287 3840 quae
1335 3776 1552 3824 aeterna
1582 3770 1884 3836 dicuntur,
1917 3770 2047 3826 ideo

391 3871 521 3910 esse
556 3861 668 3911 Deo
709 3867 993 3913 coaeterna
1043 3858 1143 3928 qui
1194 3865 1286 3914 est
1339 3864 1472 3914 ante
1531 3859 1766 3915 saecula.
1799 3860 1869 3914 Et
1915 3859 2041 3930 jam

394 3945 631 4012 quidem
668 3962 848 4015 supra
873 3946 1156 4017 diximus,
1179 3951 1461 4002 aeternum
1498 3949 1728 4020 proprie
1761 3948 1899 4016 dici,
1925 3965 2042 4003 non

393 4030 583 4100 ipsam
615 4033 1022 4100 aeternitatem,
1059 4035 1154 4089 sed
1189 4036 1345 4106 quod
1378 4037 1760 4092 mternitatem
1807 4037 2048 4109 partici-

394 4122 496 4188 pat
521 4133 532 4170 :
559 4134 693 4189 ergo
718 4137 844 4190 qua:
869 4121 1266 4192 intelligibilia
1296 4125 1528 4196 pr0prie
1549 4130 1606 4180 et
1627 4125 1808 4192 entia,
1836 4131 1900 4180 ut
1922 4142 2048 4196 quae

395 4207 599 4261 ell'ecta
623 4213 763 4262 sunt
785 4209 1166 4279 immortalia,
1196 4215 1254 4267 et
1289 4218 1528 4282 (eterna,
1555 4219 1619 4268 ut
1654 4231 1784 4285 quae
1827 4215 1920 4269 Dei
1950 4232 2048 4271 vo-

393 4293 618 4351 luntate
651 4296 776 4352 sine
840 4297 952 4352 ﬁne
1000 4306 1369 4370 permanent,
1401 4302 1592 4357 dicere
1623 4308 1870 4373 oportet,
1919 4309 2048 4360 tan-

392 4401 570 4456 quam
603 4389 658 4440 et
688 4403 721 4440 a
751 4385 866 4442 Deo
917 4387 1221 4458 producta,
1267 4405 1400 4443 cum
1450 4390 1614 4460 prius
1665 4407 1779 4446 non
1825 4398 2045 4447 essent.

2173 1807 2305 1870 λους
2335 1812 2404 1873 τῆ
2426 1809 2652 1881 τοιαύτῃ
2681 1805 2820 1878 λέξει
2844 1805 3222 1880 σημαίνεσθαι,
3249 1806 3326 1870 ὡς
3355 1807 3420 1862 τὸ
3449 1805 3502 1862 έν
3527 1807 3836 1877 ταυτότητι

2167 1894 2434 1971 διαμένειν
2457 1891 2705 1971 ἔχοντας.

2236 2075 2442 2138 Δίῶνος
2494 2077 2750 2149 μεθέξειν.
2796 2078 2919 2133 ’Ότι
2965 2078 3055 2130 καὶ
3107 2072 3262 2138 οὗτος
3312 2077 3340 2131 6
3389 2076 3576 2151 Πατὴρ
3636 2075 3826 2130 αἰῶνα

2165 2161 2427 2238 λαμϐάνει
2457 2166 2594 2220 κατὰ
2614 2166 2702 2220 τὸν
2734 2160 2995 2238 θεολόγον
3030 2164 3355 2241 Γρηγόριον,
3378 2169 3475 2219 τοῦ
3504 2161 3823 2236 διηνεκοῦς,

2163 2250 2336 2327 ἤγουν
2366 2258 2462 2308 τοῦ
2493 2253 2574 2308 ἀεὶ
2606 2253 2737 2308 εἶναι
2764 2259 2864 2322 τήν
2898 2249 3164 2324 δήλωσιν.

2236 2436 2329 2492 Καὶ
2363 2432 2631 2510 ἓγχρονος
2691 2433 2822 2488 αἰὼν
2857 2431 3158 2505 δοξάζεται.
3190 2439 3498 2510 Ἔγχρονος
3557 2433 3696 2488 αἰὼν
3757 2436 3822 2489 τὸ

2162 2522 2214 2578 έν
2273 2522 2539 2597 ψαλμοῖςο
2581 2523 2895 2578 Ἐκοπίασεν
2955 2521 3030 2584 εἰς
3067 2523 3160 2577 τὸν
3219 2522 3388 2577 αἰῶνα
3443 2523 3532 2577 καὶ
3596 2525 3822 2593 ζήσεται

2161 2611 2238 2674 εἰς
2268 2610 2446 2674 τέλος.
2481 2612 2720 2674 Αἰώνιος
2751 2609 2808 2666 δὲ
2839 2606 3042 2686 χρὸνος
3071 2611 3138 2666 τὰ
3165 2611 3310 2686 παρὰ
3359 2615 3437 2684 τῷ
3470 2611 3822 2685 Ἀποστόλῳ,

2161 2704 2278 2756 οἷον
2305 2703 2387 2756 τόο
2422 2702 2537 2776 ΙΙρὸ
2567 2700 2784 2777 γρόνων
2817 2701 3078 2771 αἰωνίων,
3123 2699 3232 2755 καί·
3295 2701 3529 2773 Χρόνοις
3574 2699 3824 2763 αἰωνίοις

2160 2789 2542 2866 σεσιγημένου·
2575 2789 2663 2844 καὶ
2695 2789 2746 2843 έν
2781 2792 2971 2847 Μωσεῖ
2998 2790 3082 2844 τό·
3135 2791 3319 2844 Ἔσται
3369 2809 3453 2842 σοι
3502 2787 3820 2864 κατόχιμος

2160 2878 2236 2941 εἰς
2285 2879 2375 2933 τὸν
2421 2878 2610 2934 αἰῶνα.
2663 2875 2982 2950 Σημείωσαι
3037 2874 3116 2948 δὲ,
3163 2878 3244 2933 ὅτι
3277 2873 3548 2954 ἄφθαρτος
3575 2877 3672 2932 καὶ
3731 2877 3816 2933 ἀεὶ

2159 2966 2415 3030 ὡσαύτως
2444 2963 2587 3042 ἔχων
2618 2967 2645 3021 6
2681 2964 2901 3040 μέλλων
2933 2965 3090 3022 αἰών.

2230 3151 2297 3204 Ἥ
2331 3148 2417 3203 καὶ
2473 3145 2685 3220 μᾶλλον
2735 3144 2889 3218 ἴσμεν
2937 3144 3145 3209 αὐτοῖς.
3207 3145 3404 3208 Αῦτοῖς
3459 3150 3578 3210 τοῖς
3628 3149 3814 3222 ἁγίοις

2159 3235 2440 3307 δηλονότι.
2501 3235 2820 3308 Σημείωσαι
2877 3232 2955 3305 δέ,
2989 3233 3071 3289 ὅτι
3103 3235 3171 3289 τὰ
3199 3236 3390 3305 νοητὰ,
3447 3230 3576 3290 ὄντα
3628 3235 3815 3304 καλεῖ,

2158 3329 2240 3388 οἷς
2271 3325 2359 3380 καὶ
2390 3325 2481 3380 τὸν
2517 3324 2688 3379 αἰῶνα
2719 3325 3056 3399 συναριθμεῖ·
3093 3325 3158 3378 τὰ
3187 3321 3245 3378 δὲ
3291 3323 3543 3394 αἰσθητὰ,
3603 3325 3817 3400 γένεσιν

2157 3414 2346 3490 λέγει,
2401 3413 2474 3468 ὧν
2529 3414 2619 3468 καὶ
2673 3413 2765 3468 τὸν
2831 3412 3034 3489 χρόνον
3097 3413 3229 3468 εἰναι
3290 3413 3580 3486 σημαίνει.
3632 3419 3816 3468 Ταῦτα

2154 3503 2382 3566 τελείως
2413 3499 2558 3578 ἔχεις
2593 3502 2645 3557 έν
2674 3499 2954 3579 κεφαλαίῳ
2985 3503 3241 3576 πέμπτῳ.

2228 3592 2352 3667 Οὐχ
2409 3591 2599 3654 ἁπλῶς
2658 3588 2904 3645 συναίδια
2957 3595 3108 3662 Θεῷ.
3181 3592 3480 3669 Σοφώτατα
3531 3611 3818 3668 κατασφα-

2157 3679 2360 3750 λίζεται
2391 3680 2481 3734 τὸν
2512 3679 2778 3754 ἀκροατὴν
2815 3680 2890 3739 εἰς
2919 3673 3213 3746 εὐσέϐειαν,
3268 3679 3487 3754 φᾶσκων
3525 3679 3604 3750 μὴ
3668 3685 3819 3752 χρῆ-

2155 3791 2241 3823 ναι
2293 3769 2536 3822 ὑπονοεῖν
2590 3768 2659 3822 τὰ
2715 3765 2983 3842 λεγόμενα
3033 3767 3249 3838 αἰώνια,
3306 3766 3442 3821 κατὰ
3496 3770 3660 3820 τοῦτο
3724 3768 3818 3820 καὶ

2158 3855 2402 3912 συναίδια
2451 3859 2588 3910 εῖναι
2631 3860 2747 3928 Θεῷ
2793 3859 2873 3927 τῷ
2926 3857 3032 3932 πρὸ
3083 3855 3329 3910 αἰώνων.
3386 3855 3485 3909 Καὶ
3538 3852 3649 3924 ἤδη
3719 3857 3813 3928 μὲν

2156 3949 2260 4022 γὰρ
2294 3944 2402 4000 ἄνω
2433 3945 2726 4019 εἰρήκαμεν
2757 3945 2974 3998 αἰώνιον
3023 3942 3285 4019 λέγεσθαι
3327 3943 3532 4018 κυρίως
3565 3943 3666 3998 οὐκ
3715 3945 3812 3999 αὖ·

2155 4037 2246 4092 τὸν
2279 4037 2370 4090 τὸν
2402 4035 2596 4106 αἰῶνα,
2629 4031 2775 4088 αλλᾶ
2819 4035 2882 4088 τὸ
2929 4033 3134 4095 αἰῶνος
3185 4031 3438 4108 μετέχον⁸
3491 4031 3693 4088 οὐκοῦρ
3753 4034 3824 4088 τὰ

2157 4126 2325 4195 νοητὰ
2379 4125 2583 4199 κυρίως
2633 4123 2722 4177 καὶ
2777 4117 2906 4177 ὅντα
2963 4123 3039 4184 ὡς
3098 4121 3337 4176 ἀθάνατα
3381 4120 3673 4198 γενόμενα,
3731 4123 3825 4176 καὶ

2160 4215 2354 4270 αἰώνια
2385 4213 2457 4273 ὠς
2487 4209 2819 4281 ἀτελεύτητα
2848 4208 3112 4286 βουλήσει
3143 4215 3278 4265 Θεοῦ
3311 4207 3642 4282 διαμένοντα
3705 4213 3825 4286 χρῆ

2161 4303 2359 4378 λέγειν,
2392 4303 2482 4356 ἅτε
2529 4301 2619 4354 καὶ
2673 4298 3019 4374 παραχθέντα
3075 4299 3178 4354 ὑπὸ
3228 4303 3387 4370 Θεοῦ,
3433 4297 3494 4352 οὐ
3550 4298 3827 4374 πρότερον

2161 4389 2305 4445 ὄνταο
2355 4389 2722 4465 κυριολεκτῶν
2759 4385 2817 4442 δὲ
2847 4387 3109 4460 μάλιστα,
3139 4389 3206 4442 τὰ
3249 4391 3356 4442 τῶν
3413 4388 3540 4462 παρ’
3567 4385 3822 4458 ’Έλλησι

392 4475 636 4528 Maxime
665 4491 800 4530 vero
834 4476 1088 4546 propriis
1125 4481 1290 4531 utens
1323 4476 1702 4544 dictionibus,
1729 4495 1854 4550 quae
1886 4483 2040 4551 apud

2173 4477 2466 4556 ιιλοσὸφων
2530 4477 2699 4550 σεμνὰ
2761 4475 2974 4552 μετάγει
3026 4475 3113 4530 ἐπὶ
3158 4477 3256 4545 τὴν
3309 4471 3586 4531 εὐσέϐειαν
3639 4475 3819 4554 ἀσφα-

389 4561 779 4633 philosophos
810 4580 1030 4634 graecos
1062 4581 1274 4620 arcana
1305 4566 1656 4631 veneranda,
1710 4567 1837 4622 sine
1897 4569 2046 4639 peri-

391 4651 520 4706 culo
552 4653 622 4707 ad
657 4651 998 4721 religionem
1057 4654 1314 4708 traducit
1368 4672 1380 4710 :
1423 4653 1567 4709 dicit
1626 4657 1846 4726 itaque,
1894 4658 2050 4712 entia

391 4740 631 4809 quidem
663 4757 792 4796 esse
815 4758 880 4796 ac
901 4746 1136 4807 aeterna,
1166 4741 1540 4814 incorporeas
1591 4745 1838 4800 virtutes
1870 4764 1899 4800 a
1932 4747 2048 4802 Deo

393 4835 620 4884 creatas
645 4847 756 4886 non
801 4839 994 4886 tamen
1040 4831 1154 4886 Deo
1180 4838 1524 4899 cooeternas,
1551 4833 1703 4888 sicut
1724 4834 1902 4889 Graeci
1938 4853 2048 4890 nu-

395 4925 631 4989 gantur,
666 4919 853 4976 Simul
889 4919 1064 4987 Deus,
1099 4920 1275 4974 simul
1309 4922 1508 4974 omnia
1556 4922 1859 4989 dicentes;
1909 4930 2050 4979 sunt

395 5014 591 5061 autem
625 5025 750 5078 quae
772 5010 1102 5080 gignuntur
1124 5009 1266 5077 haec,
1289 5009 1500 5077 inquit,
1529 5015 1759 5065 terrena
1781 5028 2046 5083 corpora,

393 5112 520 5164 qua:
551 5102 610 5151 et
649 5099 1082 5166 generationem
1143 5104 1202 5153 et
1258 5098 1696 5169 corruptionem
1731 5101 2046 5171 appellant,

465 5248 539 5318 (g)
572 5249 722 5304 Psal.
754 5267 935 5314 Lxxv1,
965 5253 1020 5306 6.

1100 5252 1175 5323 (Ιι)
1205 5251 1410 5306 Matth.
1443 5268 1638 5316 xxvm,
1669 5253 1758 5306 20.

392 5316 548 5373 lach.
585 5337 669 5388 ιιι,
702 5323 734 5375 4

809 5322 890 5392 (η)
925 5324 1086 5379 Deut.
1118 5322 1280 5393 χχιιι,
1310 5324 1363 5378 3.
1441 5323 1516 5395 (0)
1550 5323 1699 5379 Psal.
1733 5322 1926 5394 mm,
1957 5328 2010 5382 9.

1838 5253 1903 5324 (i)
1935 5255 2121 5312 Galat.
2147 5274 2185 5323 ι,
2222 5257 2272 5310 4.

2088 5328 2165 5399 (ρ)
2190 5327 2302 5383 Τίι.
2336 5343 2378 5395 ι,
2407 5329 2461 5381 2.

2162 4570 2294 4633 λῶς.
2329 4567 2503 4638 Φησὶν
2527 4567 2642 4634 οῦν,
2675 4561 2804 4619 ὄντα
2832 4566 2926 4639 μέν
2959 4566 3092 4620 εἶναι
3134 4565 3223 4620 καὶ
3271 4564 3467 4619 αἰώνια
3524 4565 3622 4625 τὰς
3681 4565 3826 4620 ἀσω-

2165 4655 2468 4732 ματώδεις²
2523 4653 2780 4726 δυνάμεις
2839 4654 2942 4708 ὑπὸ
2997 4658 3130 4709 Θεοῦ
3164 4651 3687 4729 δημιουργηθείσας,
3758 4653 3826 4708 οὗ

2164 4748 2270 4820 μὴν
2294 4742 2602 4806 συναϊδίους
2630 4747 2766 4814 Θεῷ,
2802 4744 2876 4806 ὡς
2926 4741 3198 4812 Ἓλληνες
3233 4739 3604 4817 ληρῳδοῦσιν,
3663 4745 3827 4814 ’Άμα

2161 4837 2311 4902 Θεὸς,
2373 4837 2486 4907 ἅμα
2541 4833 2731 4896 πάντα,
2765 4831 3040 4907 λέγοντες.
3075 4831 3191 4888 Εἰσὶ
3227 4828 3284 4886 δὲ
3322 4833 3410 4886 καὶ
3459 4831 3529 4886 τὰ
3555 4831 3830 4904 γινόμενα

2158 4930 2346 4992 ταῦτα,
2381 4922 2535 4998 φησί,
2567 4923 2633 4976 τὰ
2665 4921 2927 4996 πρόσγεια
2967 4922 3218 4993 σώματα,
3280 4919 3312 4974 ἃ
3352 4920 3441 4974 καὶ
3472 4920 3679 4994 γένεσιν
3731 4921 3829 4975 καὶ

2159 5015 2364 5092 φθορὰν
2412 5012 2796 5085 ὀνομάζουσιν,
2857 5011 2933 5072 ὡς
2979 5014 3079 5074 τῆς
3133 5010 3484 5082 ὑποστάθμης
3534 5004 3664 5062 ὄντα
3720 5017 3830 5077 τῆς

2160 5103 2319 5171 ὕλης,
2376 5101 2465 5155 καὶ
2524 5099 2808 5174 παχύτερα
2865 5097 3040 5153 πάντα
3095 5099 3162 5153 τὰ
3223 5097 3358 5170 μετᾶ
3407 5095 3671 5166 σελήνην.
3702 5097 3829 5152 Εἰσὶ

2353 5255 2425 5324 (Ic)
2457 5255 2625 5311 Joan.
2659 5270 2735 5318 νι,
2765 5253 2858 5307 55.
2938 5253 3000 5323 (ι)
3045 5253 3091 5307 ΙΙ
3143 5251 3273 5308 Cor.
3309 5268 3386 5317 ιν,
3412 5251 3465 5305 Ιι.

2539 5326 2614 5398 (q)
2646 5324 2810 5380 Rom.
2845 5340 2961 5390 xw,
2991 5324 3086 5378 25.

3544 5249 3644 5321 (ml
3699 5250 3826 5305 Μει-

1405 5476 1638 5534 VARI/E
1679 5477 2072 5537 LECTIONES
2110 5479 2202 5537 ET
2241 5476 2804 5537 CORRECTIONES.

471 5577 492 5611 ²
520 5575 864 5651 ἀσωμάτους.
