4034 6214
239 338 338 394 389
980 337 1039 390 Β.
1081 334 1351 389 ΜΔΧΙΜῙ
1387 332 1696 389 SCHOLIA
1732 333 1808 386 IN
1845 332 1889 386 L

2020 332 2116 386 DE
2154 334 2426 388 DIVINIS
2463 333 2768 388 NOMINIB
2777 338 2882 392 US.

3535 339 3642 394 390

238 461 289 517 δὲ
321 461 460 534 μέσα
487 459 638 529 ὄντα,
669 458 796 528 ἤτοι
830 457 1064 512 αἰωνίων
1112 457 1202 511 καὶ
1248 456 1574 529 γενομένων,
1605 451 1730 524 ἤτοι
1777 474 1884 508 πα-

2004 455 2151 510 velut
2171 472 2238 511 ea
2259 473 2389 528 quasI
2418 456 2476 510 in
2510 457 2776 528 subjecta
2797 458 3087 514 exsistunt
3117 462 3362 517 materia
3385 463 3453 517 ad
3488 479 3645 518 cras-

241 551 483 626 χυτέρων
513 549 604 604 καὶ
654 546 960 622 προσγείων
1012 543 1303 617 σωμάτων,
1327 548 1434 598 τῶν
1487 543 1788 617 γινομένων
1830 562 1888 596 τε

236 640 321 695 καὶ
380 636 791 714 ἀπογινομένων
847 639 1064 695 πυκνῶς
1125 632 1199 695 εἷς
1259 632 1461 707 γένεσιν
1521 633 1608 685 καὶ
1660 631 1884 709 φθορὰν,

236 732 382 784 ἅτινα
444 727 579 801 μέσα
633 725 840 780 τούτων
893 729 1120 796 σώματα
1169 723 1264 795 μέν
1303 721 1406 776 εἰσι
1432 721 1521 775 καὶ
1554 720 1706 789 αὐτὰ,
1737 718 1884 788 πλὴν

234 820 315 872 καὶ
350 816 552 880 αἰῶνος
586 814 902 889 μετέχουσι,
932 812 1022 867 καὶ
1057 812 1262 887 χρόνου
1293 814 1476 872 ποσῶς
1511 829 1524 843 σ
1555 809 1622 864 τὰ
1654 807 1710 864 δὲ
1752 809 1888 882 μέσα

235 906 390 975 εἰσὶν,
424 905 652 980 οὐρανὸς
700 903 790 958 καὶ
832 900 1050 973 ἀστέρες
1099 902 1293 962 πάντες
1321 919 1334 931 θ
1380 899 1609 971 σώματα
1650 897 1754 972 γὰρ
1796 895 1886 951 καὶ

231 1001 421 1062 ταῦτα,
461 994 506 1048 εἰ
538 992 626 1047 καὶ
659 991 1150 1066 λεπτομερέστερα,
1183 989 1272 1043 καὶ
1301 995 1402 1057 τῆς
1440 986 1581 1057 ὕλης
1633 987 1695 1040 τὸ
1744 985 1886 1040 εἰλι-

230 1081 596 1152 κρινέστατον,
631 1077 706 1140 ὥς
752 1098 913 1156 φησιν
969 1077 997 1131 ὁ
1035 1073 1393 1145 Ἀπὸστολος,
1428 1076 1668 1147 Σώματα
1720 1072 1886 1128 ἐπου-

239 1173 397 1247 ράνια
453 1168 542 1223 xui
600 1168 828 1240 σώματα
887 1164 1098 1239 ἐπίγεια
1131 1184 1143 1197 ·
1205 1165 1319 1219 εἶτα
1375 1164 1707 1239 σαφηνίζων,
1755 1162 1888 1217 ποῖά

237 1259 397 1327 εἰσιν,
429 1256 612 1332 ἐπάγει
651 1276 663 1288 ·
693 1254 874 1325 ’Ἄλλη
905 1252 1033 1325 δόξα
1063 1252 1253 1323 ἡλίου,
1284 1253 1374 1308 καὶ
1434 1250 1580 1322 ἄλλη
1623 1247 1750 1324 δόξα
1796 1272 1886 1306 σε·-

233 1347 435 1419 λήνης,
466 1347 556 1400 καὶ
608 1342 756 1414 ἄλλη
809 1341 935 1416 δόξα
982 1342 1245 1418 ἀστέρων.
1299 1343 1355 1394 Ὀ
1409 1342 1502 1413 μὲν
1550 1341 1640 1395 οὗν
1682 1340 1888 1394 ἀνώτε-

235 1458 322 1514 ρος
360 1436 590 1507 οὐρανὸς
632 1433 684 1488 ἐν
727 1437 845 1494 τοῖς
892 1431 1052 1486 αἰῶσι
1101 1430 1296 1506 γέγονε
1324 1431 1414 1484 καὶ
1444 1432 1480 1499 ἡ
1511 1436 1581 1505 γῆ
1602 1447 1618 1464 ⁶
1644 1429 1750 1504 πρὸ
1781 1429 1885 1503 γὰρ

233 1530 327 1580 τοῦ
381 1522 687 1584 κτισθέντος
738 1521 916 1597 φωτὸς
984 1525 1082 1575 τοῦ
1145 1519 1236 1574 xui
1297 1520 1506 1595 ἡμέρας
1564 1517 1886 1588 κληθέντος,

236 1612 785 1686 έδημιουργήθησαν,
817 1610 892 1671 ὥς
922 1630 1053 1686 φησι
1086 1610 1330 1676 Μωϋσῆς
1365 1627 1378 1639 ⁸
1425 1606 1478 1662 ἐν
1527 1612 1644 1668 τοῖς
1695 1626 1886 1681 χρονι-

233 1708 346 1764 κοῖς
401 1699 754 1772 διαστήμασι,
793 1698 856 1752 τὸ
905 1697 1186 1772 στερέωμα
1228 1697 1316 1751 καὶ
1369 1696 1420 1750 οἱ
1469 1695 1708 1769 ἀστέρες,
1738 1692 1884 1763 πλὴν

233 1789 324 1846 κᾶν
384 1790 614 1860 σώματα
661 1788 753 1842 καὶ
797 1784 1034 1862 ἔγχρονα
1066 1805 1078 1817 ·
1129 1784 1232 1840 εἰσὶ
1278 1785 1379 1859 γὰρ
1446 1785 1535 1838 καὶ
1600 1783 1740 1838 ἁπτὰ
1797 1783 1888 1837 καὶ

245 1878 434 1954 ὁρατὰ,
467 1875 620 1950 ὅμως
653 1874 846 1929 αἰώνια
877 1868 1113 1941 ἔσονται,
1149 1873 1434 1946 μεθέξοντα
1481 1873 1569 1926 καὶ
1619 1871 1753 1926 αὐτὰ
1796 1874 1892 1925 τοῦ

237 1965 459 2036 αἲῶνος,
491 1965 566 2026 ὡς
613 1964 704 2018 καὶ
736 1963 803 2017 τὰ
831 1964 1059 2036 σώματα
1088 1964 1248 2035 ἡμῶν
1307 1959 1896 2037 μετασχηματιζόμενοι

246 2055 318 2117 εἷς
354 2052 660 2131 ἀφθαρσίαν
693 2055 734 2089 ³⁸
769 2051 846 2114 ὡς
875 2051 964 2106 καὶ
997 2052 1025 2105 ὁ
1053 2048 1392 2112 Ἀπόστολος
1426 2047 1613 2120 δηλοῖ,
1643 2049 1706 2103 τὸ
1753 2055 1894 2124 σχῆ-

242 2164 310 2216 μα
364 2142 542 2217 λέγων
593 2139 848 2215 παράγειν
895 2143 992 2193 τοῦ
1040 2139 1250 2212 κόσμου
1296 2138 1516 2210 τούτου,
1549 2137 1609 2192 οὐ
1660 2138 1750 2191 τὸν
1798 2137 1894 2191 κό-

240 2252 374 2304 σμον
413 2251 426 2265 ο
462 2227 549 2283 διὸ
598 2229 838 2303 καὶπερὶ
887 2231 993 2282 τῶν
1048 2225 1224 2300 μέσων
1257 2227 1464 2281 τούτων
1514 2225 1782 2299 σωμάτων
1815 2223 1894 2281 εἷ’-

240 2340 403 2395 ρηται
464 2318 517 2372 ἐν
577 2315 824 2391 ψαλμοῖς
858 2334 872 2347 ·
935 2322 1196 2385 Ἔστησεν
1256 2315 1392 2369 αὐτά
1439 2314 1514 2378 εἷς
1555 2313 1644 2369 τὸν
1700 2314 1893 2386 αῗῶνα,

237 2409 322 2464 καὶ
385 2406 462 2469 εἷς
511 2407 602 2461 τὸν
654 2405 826 2460 αἰῶνα
882 2409 979 2460 τοῦ
1031 2405 1229 2465 αἰῶνος
1263 2423 1276 2438 ο
1327 2403 1657 2477 πρόσταγμα
1723 2397 1890 2475 ἔθετο,

234 2498 316 2552 καὶ
377 2496 440 2550 οὐ
494 2493 905 2568 παρελεύσεται.
959 2493 1274 2566 Σημείωσαι
1325 2491 1416 2546 οὖν
1477 2491 1559 2546 ὅτι
1621 2493 1672 2545 oi
1739 2491 1890 2545 ἀστέ-

235 2606 342 2660 ρες,
380 2583 472 2638 καὶ
529 2585 558 2638 ὁ
606 2583 788 2655 ἥλιος,
816 2583 905 2637 καὶ
951 2585 986 2651 ἡ
1043 2578 1274 2652 σελήνη,
1304 2580 1396 2636 καὶ
1445 2581 1472 2635 ὁ
1505 2580 1747 2655 οὐρανὸς,
1781 2581 1890 2634 σώ-

241 2694 384 2746 ματα
459 2672 555 2744 μέν
631 2671 733 2724 εῗσι
810 2667 1301 2744 λεπτομερέστερα,
1359 2668 1592 2724 ἀθάνατα
1640 2665 1699 2722 δὲ
1759 2672 1892 2724 Θεοῦ

243 2760 511 2836 βουλήσει
543 2760 812 2834 ἐγένοντο,
846 2760 922 2822 ὠς
949 2757 1038 2813 καὶ
1068 2759 1135 2812 τὰ
1165 2759 1392 2831 σώματα
1439 2761 1600 2830 ἡμῶν
1649 2756 1892 2832 γίνονται

240 2851 378 2924 μετά
419 2850 520 2918 τήν
551 2847 857 2905 ἀνάστασιν.
891 2845 1118 2909 ’Ἄλλως
1152 2866 1164 2878 ⁸
1201 2847 1352 2904 Μέσα
1400 2843 1568 2901 ὄντων
1620 2847 1709 2900 καὶ
1749 2866 1894 2921 γινο-

240 2941 420 3011 μένων
449 2936 713 3012 ἀγγέλους
742 2935 844 3013 ἔφη
875 2937 965 2990 καὶ
995 2936 1196 3011 ψυχὰς,
1228 2937 1305 3004 πή
1361 2936 1479 3008 μὶν,
1514 2934 1712 2998 αΐῶνος
1762 2955 1892 3007 μετ-

239 3029 460 3103 έχοντα,
494 3024 584 3080 διὰ
629 3026 692 3080 τὸ
736 3026 1006 3100 ἄφθαρτον
1054 3025 1144 3080 καὶ
1194 3023 1477 3096 ἀθάνατον,
1515 3025 1592 3093 πὴ
1643 3022 1701 3079 δι
1751 3024 1892 3098 χρόα

235 3137 354 3186 νου,
405 3113 497 3169 διὰ
537 3115 600 3168 τὸ
648 3112 700 3167 ἐν
739 3115 940 3189 γενέσει
1001 3114 1221 3187 ὁρᾶσθαι
1259 3133 1273 3147 ο
1316 3110 1400 3168 διὸ
1446 3117 1614 3167 ταῦτα
1660 3111 1894 3190 ἔγχρονα

1996 545 2154 599 siora
2183 545 2380 600 omnia
2420 545 2789 601 sublunaria.
2823 548 2973 602 Sunt
3018 565 3152 603 vero
3200 549 3394 606 media
3439 567 3640 606 eorum

1997 649 2122 704 quae
2154 638 2314 704 sunt,
2339 634 2460 689 sive
2490 640 2838 690 uternorum
2863 640 2919 691 et
2938 653 3138 692 eorum
3169 654 3295 708 quae
3319 639 3488 706 ﬁunt,
3522 641 3641 695 sive

1997 720 2354 776 crassiorem
2384 727 2440 776 et
2471 728 2832 778 terrenarum
2865 740 3198 796 corporum,
3225 742 3351 797 quae
3384 743 3641 783 nascun-

1995 814 2094 864 tur
2136 815 2192 864 et
2235 810 2635 866 denascuntur
2683 812 3016 883 frequenter
3064 813 3124 867 in
3174 814 3544 884 generatione
3575 833 3640 871 ac

1997 897 2404 969 corruptione:
2433 915 2557 970 quas
2582 899 2790 955 horum
2817 902 3024 972 media,
3045 907 3180 957 sunt
3202 903 3439 974 quidem
3462 904 3638 960 etiam

1998 1003 2261 1059 corpora,
2313 987 2457 1058 quin
2513 987 2688 1043 etiam
2739 990 3124 1046 aeternitatem
3173 992 3548 1064 participant,
3591 997 3648 1048 et

1997 1076 2278 1147 temporis
2325 1093 2564 1148 parum;
2613 1078 2808 1133 media
2849 1095 2985 1134 vero
3035 1085 3195 1147 sunt,
3227 1080 3459 1148 omium,
3491 1084 3646 1138 214

1997 1169 2054 1220 et
2083 1169 2242 1219 astra
2286 1165 2559 1220 universa
2590 1181 2602 1219 :
2640 1171 2777 1221 sunt
2808 1167 2962 1222 enim
3017 1169 3192 1224 etiam
3243 1186 3506 1241 corpora,
3541 1172 3650 1228 etsi

1996 1252 2367 1308 tenuioribus
2398 1259 2666 1309 constent
2696 1256 2982 1326 partibus,
3004 1257 3242 1328 sintque
3265 1260 3520 1314 materiae
3554 1263 3649 1314 de-

1998 1342 2458 1412 fazcatissimum,
2483 1348 2546 1397 ut
2579 1342 2839 1414 loquitur
2860 1346 3175 1416 Apostolus
3217 1363 3229 1400 :
3273 1351 3515 1420 Corpora
3547 1365 3648 1404 ca:-

1999 1432 2154 1487 lestz'a
2174 1437 2229 1487 et
2247 1448 2478 1501 corpora
2501 1436 2788 1489 terrestria
2811 1434 2888 1505 (r)
2914 1451 2925 1489 :
2953 1440 3154 1506 postea
3175 1436 3500 1503 declarans,
3515 1456 3650 1508 qua-

1999 1520 2078 1576 lia
2107 1521 2229 1576 sint
2260 1521 2456 1576 addit:
2481 1522 2606 1577 Atia
2637 1523 2821 1591 gloria
2854 1523 3003 1591 satis,
3033 1532 3083 1579 et
3110 1524 3235 1580 alia
3263 1526 3444 1594 gloria
3477 1528 3647 1595 tunae,

1999 1619 2050 1665 et
2068 1610 2184 1665 alia
2205 1610 2388 1679 gloria
2408 1612 2696 1666 stellarum
2717 1612 2807 1683 (δ).
2832 1615 3030 1682 Itaque
3053 1613 3263 1668 coelum
3284 1632 3649 1686 supremum,

1999 1702 2056 1754 et
2084 1703 2241 1754 terra
2266 1699 2324 1754 in
2358 1699 2787 1755 aaternitatibus
2819 1702 3086 1768 fuerunt;
3120 1719 3258 1757 nam
3289 1709 3484 1759 creata
3514 1709 3654 1760 sunt

2002 1786 2348 1859 priusquam
2381 1787 2606 1854 lumen,
2640 1789 2795 1859 quod
2845 1790 3022 1844 etiam
3075 1795 3346 1846 vocatum
3385 1797 3475 1848 est
3504 1794 3651 1860 dies,

2000 1882 2316 1945 crearetur,
2351 1876 2504 1932 sicut
2553 1877 2694 1932 dicit
2744 1877 3005 1950 Moyses;
3041 1879 3098 1934 in
3131 1885 3465 1950 temporum
3517 1899 3653 1938 vero

2003 1964 2232 2035 spatiis,
2259 1965 2698 2021 ﬁrmamentum
2723 1973 2780 2021 et
2811 1967 3291 2038 stellae,quamvis
3322 1985 3567 2042 corpora
3596 1975 3654 2026 et

2003 2054 2358 2126 temporaria
2383 2069 2396 2109 :
2424 2059 2563 2109 sunt
2591 2055 2747 2110 enim
2780 2055 3087 2127 tangibilia
3118 2074 3182 2112 ac
3203 2057 3474 2129 visibilia,
3497 2060 3657 2132 pari-

2002 2148 2092 2199 ter
2120 2149 2336 2200 aaterna
2367 2149 2560 2212 erunt,
2587 2160 2654 2199 ea
2685 2161 2919 2218 quoque
2950 2147 3393 2218 participabunt
3423 2151 3657 2206 aeterni-

2003 2239 2206 2302 tatem,
2240 2233 2394 2287 sicut
2438 2250 2681 2302 corpora
2710 2238 2932 2301 nostra,
2965 2236 3102 2288 dum
3155 2235 3212 2288 in
3263 2236 3657 2309 incorruptio-

2005 2338 2139 2377 nem
2185 2322 2707 2392 transﬁgurantur,
2739 2323 3237 2392 quemadmodum
3286 2325 3462 2380 etiam
3499 2329 3656 2398 Apo-

2005 2410 2192 2466 stolus
2224 2408 2502 2476 declarat,
2535 2409 2738 2464 dicens
2771 2409 3020 2480 ﬁguram
3055 2410 3233 2480 hujus
3268 2414 3473 2467 mundi
3506 2431 3654 2484 prae-

2004 2498 2178 2554 terire
2199 2498 2282 2569 (t),
2309 2515 2422 2552 non
2457 2498 2746 2552 mundum
2776 2515 2788 2552 :
2814 2499 2943 2552 ideo
2979 2499 3050 2552 de
3082 2499 3290 2554 mediis
3323 2501 3417 2556 bis
3449 2518 3652 2574 corpo-

2003 2587 2168 2642 ribus
2198 2587 2414 2642 dicitur
2442 2587 2502 2640 in
2544 2587 2785 2658 psalmis
2814 2604 2827 2642 :
2863 2586 3067 2642 Statuit
3097 2603 3160 2642 ea
3192 2590 3251 2643 in
3293 2594 3568 2645 aeternum
3600 2602 3651 2646 et

2003 2677 2063 2729 in
2091 2676 2362 2732 saeculum
2388 2676 2619 2738 caecati;
2647 2685 2981 2747 praeceptum
3011 2679 3214 2747 posuit,
3239 2681 3290 2732 et
3319 2694 3427 2733 non
3453 2685 3655 2750 praete-

2001 2764 2140 2818 ribit
2162 2765 2262 2835 (u).
2289 2763 2439 2818 Nota
2470 2763 2653 2835 igitur
2677 2763 2828 2833 quod
2854 2762 3059 2829 stellas,
3085 2769 3140 2818 et
3163 2765 3269 2832 sol,
3298 2771 3470 2836 atque
3493 2767 3654 2838 luna,

2001 2867 2106 2906 nec
2135 2868 2250 2906 non
2283 2850 2513 2920 coelum,
2547 2856 2685 2906 sunt
2715 2850 2954 2922 quidem
2997 2869 3241 2924 corpora
3290 2856 3658 2912 tenuioribus

2002 2941 2269 3012 partibus
2322 2941 2684 3009 constantia;
2748 2941 2842 2995 Dei
2902 2947 3099 2998 autem
3145 2944 3444 3000 voluntate
3506 2948 3656 3005 facta

2002 3033 2144 3084 sunt
2190 3027 2564 3099 immortalia,
2599 3029 2751 3083 sicut
2780 3029 2956 3084 etiam
2990 3046 3234 3101 corpora
3283 3038 3486 3088 nostra
3515 3036 3628 3091 ﬁen

2001 3123 2133 3188 post
2153 3116 2662 3172 resurrectionem.
2679 3115 2886 3173 Aliter:
2904 3118 3094 3173 Media
3110 3135 3311 3174 eorum
3336 3137 3463 3192 quae
3486 3129 3646 3194 sunt,

235 3206 323 3260 καὶ
352 3203 551 3259 αἰώνιά
582 3224 712 3280 φησι
746 3222 760 3236 ο
794 3207 1024 3276 προεῖπε
1050 3203 1152 3278 γὰρ
1197 3201 1265 3256 τὰ.
1315 3203 1545 3275 μένοντα
1591 3207 1670 3274 τῷ
1729 3203 1885 3257 αἰῶνι

2004 3210 2200 3276 etquae
2225 3205 2395 3270 ﬁunt,
2418 3205 2562 3259 dicit
2587 3205 2826 3276 angelos
2850 3222 2914 3260 ac
2937 3208 3188 3274 animas,
3215 3225 3343 3279 qua:
3365 3212 3654 3281 quodam-

240 3291 570 3364 δηλοῦσθαι,
599 3293 874 3347 τουτέστιν
925 3291 1022 3346 ὅσα
1065 3291 1188 3364 περὶ
1232 3296 1366 3346 Θεοῦ
1413 3291 1672 3365 λέγεται·
1723 3291 1789 3344 τὰ
1831 3289 1889 3345 δὲ

238 3383 290 3437 ἐν
339 3383 547 3457 γενέσει
591 3386 671 3454 τῷ
720 3382 908 3457 χρόνῳ
940 3399 952 3413 ·
987 3381 1034 3434 εἷ’
1082 3381 1172 3435 καὶ
1222 3380 1517 3442 ἀκούοντας
1566 3380 1760 3434 αἰώνια
1798 3381 1887 3435 καὶ

238 3470 499 3547 ἔγχρονα,
531 3472 644 3545 οὐχ
673 3469 862 3532 ἁπλῶς
895 3468 1038 3525 οὕτω
1065 3474 1232 3524 ταῦτα
1270 3465 1567 3543 λαμϐάνειν
1620 3470 1756 3545 χρὴ,
1789 3468 1888 3522 ἆλ-

239 3560 309 3616 λᾶ
338 3561 476 3615 κατὰ
503 3559 630 3622 τοὺς
674 3558 1141 3633 συνεγνωσμένους
1188 3557 1372 3622 αὐτοῖς
1415 3557 1652 3632 τρόπους
1701 3556 1887 3635 φησὶν,

235 3647 409 3726 ἤγουν
439 3649 566 3712 τοὺς
594 3655 777 3727 σαφῶς
803 3649 1244 3722 πιστευομένους.

1999 3293 2170 3348 modo
2219 3293 2458 3363 quidem
2509 3292 2782 3348 videntur
2838 3296 3225 3350 aeternitatem
3278 3298 3650 3370 participare,

2000 3381 2137 3452 quia
2186 3381 2430 3435 minime
2472 3381 2768 3451 corrumpi
2816 3399 2882 3437 ac
2931 3382 3169 3438 interire
3219 3390 3472 3454 queunt;
3506 3404 3650 3459 quo-

1999 3469 2314 3524 dammodo
2345 3474 2565 3538 autem,
2599 3473 2836 3540 tempus
2887 3471 3257 3542 participare,
3282 3473 3418 3543 quia
3449 3492 3652 3531 crean-

1998 3563 2098 3614 tur
2141 3575 2154 3613 :
2203 3557 2416 3612 idcirco
2468 3558 2590 3613 haec
2637 3563 2805 3613 vocat
2854 3561 3210 3631 temporaria
3255 3578 3322 3616 ac
3386 3569 3649 3621 aeterna:

2001 3652 2172 3702 antea
2202 3646 2360 3700 enim
2413 3644 2558 3700 dixit
2594 3645 2659 3697 τὰ
2703 3643 2949 3716 μένοντα,
2996 3650 3399 3717 permanentia,
3457 3651 3512 3705 id
3561 3658 3652 3706 est

236 3758 370 3813 quae
400 3742 475 3796 de
506 3741 622 3797 Deo
655 3741 951 3809 dicuntur,
985 3738 1304 3811 signiﬁcari
1354 3755 1456 3810 per
1481 3741 1561 3810 τῷ
1591 3734 1745 3790 αἰῶνι
1780 3753 1792 3792 :
1828 3752 1956 3808 quae
2005 3738 2200 3790 autem
2233 3733 2560 3804 gignuntur
2591 3749 2690 3803 per
2717 3736 2796 3802 τῷ
2828 3731 3055 3806 χρόνῳε
3091 3736 3200 3790 etsi
3249 3737 3348 3805 qui
3398 3739 3651 3792 audiunt

237 3829 438 3883 aiam
470 3829 562 3882 xui
594 3827 834 3904 ἔγχρονα
864 3835 1080 3884 aeterna
1108 3835 1164 3884 et
1193 3827 1567 3899 temporaria,
1601 3844 1718 3882 non
1764 3827 2016 3882 debeant
2061 3821 2410 3894 simpliciter
2459 3821 2580 3876 haec
2611 3839 2836 3893 capere,
2878 3823 2977 3877 sed
3020 3823 3192 3892 juxta
3238 3825 3503 3895 cognitos
3534 3827 3649 3881 sibi

236 3919 473 3985 modos,
505 3917 719 3989 inquit,
755 3933 855 3972 seu
892 3915 1199 3971 manifeste
1229 3916 1500 3972 creditos.

713 4045 827 4093 ΕΙΣ
869 4039 963 4096 ΤΟ
1005 4044 1260 4094 ΚΕΦΑΛ.
1308 4041 1411 4096 ΙᾹ’.

312 4134 343 4199 §
387 4135 428 4184 Ι.
482 4127 964 4204 Ἀρχισυνάγωγον
1009 4127 1256 4203 εἰρήνην.
1304 4127 1624 4200 Σημείωσαι
1675 4126 1756 4180 ὅτι
1803 4126 1894 4179 τὸν

237 4220 374 4274 Θεὸν
406 4217 657 4272 ἰκάλεσεν
691 4218 1137 4293 ἀρχισυνάγωγον
1175 4236 1186 4249 ·
1219 4217 1282 4272 τὸ
1311 4215 1367 4271 δὲ
1400 4217 1648 4290 μεριστὸν
1682 4215 1897 4284 πλῆθος

235 4308 441 4378 νόησον
474 4307 538 4362 τὸ
570 4305 854 4376 αἰσθητόν.

310 4397 412 4458 Εἷς
442 4399 541 4466 τήν
576 4395 714 4467 ὅλην
745 4395 994 4468 ἑνότητα.
1025 4398 1201 4468 ’Ὀλην
1253 4396 1482 4466 ἑνότητα
1526 4396 1578 4451 οἱ
1622 4396 1714 4468 μὲν
1765 4390 1893 4450 ἕλα-

233 4481 337 4540 ὂον
397 4487 501 4554 τήν
552 4483 734 4555 ἁπλῆν
776 4485 865 4540 καὶ
915 4486 1090 4560 ἀμερῆ
1146 4489 1251 4540 τῶν
1308 4481 1476 4539 ὄντων
1524 4483 1718 4554 αἰτίαν,
1760 4483 1895 4559 πρὸς

233 4577 298 4644 ἦν
352 4575 420 4629 τὰ
468 4573 640 4629 πᾶντα
692 4575 1075 4649 ἐπέστραπται,
1106 4575 1179 4636 ὡς
1220 4574 1271 4628 ἐν
1319 4575 1458 4647 αὐτῇ
1501 4573 1890 4644 συνιστάμενα·

233 4666 287 4719 οἱ
354 4663 413 4719 δὶ
468 4666 568 4733 τήν
622 4667 718 4718 τοῦ
776 4663 977 4725 παντὸς
1023 4663 1282 4739 ἁρμονίαν
1337 4662 1386 4733 ἐξ
1430 4664 1731 4739 ὲτεροφυῶν
1784 4665 1890 4715 τῶν

233 4753 532 4828 στοιχείων
558 4749 992 4826 συγκεκραμένην
1029 4770 1040 4782 ⁸
1077 4748 1161 4805 διὸ
1191 4751 1280 4806 καὶ
1325 4751 1569 4823 πόλεμον
1625 4747 1891 4826 ἐμφύλιον

230 4841 499 4914 ὠνόμασε
545 4842 642 4910 τήν
691 4845 798 4894 τῶν
850 4839 902 4894 έν
945 4839 1130 4902 αὐτοῖς
1179 4843 1488 4910 ποιοτήτων
1522 4838 1892 4908 ἐναντιότητα,

232 4935 453 5005 θερμοῦ
485 4930 618 5003 πρὸς
651 4929 890 5005 ψυχρὸν,
920 4930 1010 4984 καὶ
1044 4930 1212 5004 ὑγροῦ
1251 4929 1384 5005 πρὸς
1431 4928 1618 5000 ξηρὸν,
1651 4927 1738 4981 καί
1787 4932 1892 4981 τῶν

228 5017 430 5074 ἄλλων
483 5018 711 5090 ὁμοίως,
765 5021 897 5093 ἅπερ
951 5018 1026 5080 εἷς
1075 5019 1192 5081 ἰνὸς
1235 5019 1444 5091 κόσμου
1496 5015 1896 5090 συμπλήρωσιν

228 5108 471 5174 ἥνωται.
510 5108 530 5141 ⁸

304 5236 386 5306 (r)
422 5236 443 5290 Ι
474 5233 603 5290 Cor.
635 5251 729 5302 xv,
762 5235 848 5288 40.
929 5233 995 5304 (s)
1029 5233 1200 5300 Ibid.,
1236 5234 1324 5290 41.

1402 5233 1464 5305 (t)
1501 5234 1519 5288 Ι
1552 5233 1678 5288 Cor.
1711 5249 1812 5300 vn,
1846 5232 1936 5288 31.

2633 4033 2705 4088 ΙΝ
2747 4033 2900 4088 CAP.
2943 4034 3033 4090 XI.

2075 4125 2177 4193 §I.
2225 4125 2422 4178 Pacem
2469 4122 2887 4180 conciliationis
2938 4127 3270 4198 principem.
3303 4127 3450 4182 Nota
3501 4129 3658 4199 quod

2005 4217 2171 4268 vocet
2206 4219 2380 4267 Deum
2417 4212 2765 4268 conciliandi
2808 4215 3128 4286 principem
3170 4232 3183 4269 :
3230 4233 3330 4286 per
3359 4217 3660 4272 dividuam

2005 4301 2449 4358 multitudinem
2485 4300 2746 4373 intellige
2775 4302 2833 4357 id
2868 4306 3022 4374 quod
3056 4303 3355 4360 sensibile.

2076 4392 2154 4448 Ad
2197 4395 2476 4462 integram
2525 4393 2814 4448 unitatem.
2869 4394 2983 4449 Alii
3035 4397 3273 4466 quidem
3326 4411 3428 4466 per
3475 4400 3659 4451 totam

2005 4484 2293 4540 unitatem
2344 4481 2758 4538 intellexerunt
2799 4484 3125 4556 simplicem
3179 4503 3244 4540 ac
3294 4485 3658 4541 individuam

2004 4590 2198 4629 rerum
2235 4589 2500 4641 causam,
2529 4572 2600 4627 ad
2635 4590 2813 4643 quam
2847 4574 3040 4628 omnia
3076 4591 3356 4629 conversa
3398 4579 3557 4642 sunt,
3593 4577 3661 4628 ut

2004 4662 2062 4716 in
2089 4662 2217 4732 ipsa
2238 4660 2650 4728 consistentia;
2677 4659 2775 4714 alii
2799 4677 2929 4716 vero
2957 4678 3291 4733 compagem
3316 4661 3571 4716 universi
3593 4677 3662 4716 ex

2005 4749 2312 4806 elementis
2345 4749 2586 4804 diversae
2619 4755 2840 4804 natura:
2873 4751 3245 4806 commistam
3275 4767 3288 4806 :
3324 4752 3452 4806 ideo
3483 4751 3660 4805 etiam

2006 4838 2330 4894 nominavit
2359 4837 2580 4894 bellum
2626 4838 2996 4904 intestinum,
3028 4857 3229 4895 earum
3264 4856 3389 4910 quas
3420 4839 3480 4893 in
3513 4839 3659 4909 ipsis

2006 4927 2360 5000 qualitatum
2383 4927 2531 4984 215
2560 4927 3248 4995 contrarietatem,calidi
3281 4943 3413 4982 cum
3447 4927 3660 4999 frigido

2006 5024 2062 5074 et
2093 5017 2323 5072 humidi
2354 5034 2488 5072 cum
2521 5019 2706 5085 sicco;
2741 5023 2798 5074 et
2827 5018 3103 5074 similiter
3133 5017 3406 5086 aliorum,
3427 5034 3555 5089 quae
3587 5019 3661 5073 ad

2006 5108 2183 5162 unius
2215 5108 2421 5162 mundi
2453 5105 2947 5178 complementum
2978 5108 3292 5162 uniuntur.

2012 5232 2095 5303 (u)
2130 5233 2282 5288 Psal.
2315 5249 2547 5300 CXLVIII,
2579 5233 2635 5285 6.

1256 5375 1496 5431 VARI/E
1535 5373 1928 5430 LECTIONES
1967 5373 2057 5430 ET
2093 5373 2656 5431 CORRECTIONES.

304 5480 328 5513 ²
362 5472 680 5532 ἀθανασίαν.
757 5475 779 5508 ⁸
807 5473 897 5550 καὶ
925 5477 1095 5550 ταῦτα
1127 5475 1231 5550 γὰρ
1262 5475 1306 5550 ’ἦΔ
1328 5474 1552 5550 μετοχῇ⁵
1572 5478 1671 5550 τῆς
1704 5471 1857 5550 θείας-
1879 5471 2104 5550 εἰρήνης
2136 5473 2272 5550 προς
2305 5470 3039 5550 μίανμὰρμονίανισυνάπτει.
3071 5471 3418 5550 Ἢ-πόλεμον
3443 5473 3655 5550 Δνόησον

224 5549 322 5603 τὸν
388 5549 631 5635 φυσικῶς
685 5550 822 5633 τοῖς,
859 5542 1172 5618 ἀσωμάτοις
1203 5542 1365 5635 ’πρὸςς
1395 5542 1667 5635 tinnula?
1716 5542 2135 5635 ἐγκείμενον-³⁸11
2308 5542 2477 5635 σὰρξ,
2501 5542 2701 5635 ιξησὶν,
2734 5543 2988 5635 ἐπιθυμξῖ
3037 5546 3171 5599 κατὰ
3193 5550 3297 5635 δοῦ
3318 5542 3656 5635 ’τι-νεύματος,

225 5622 322 5676 καὶ
357 5614 430 5673 τὸ
459 5621 670 5692 πνεῦμα
696 5617 835 5672 κατὰ
878 5614 1201 5694 τῆςσαρκός
1234 5614 1368 5673 θ’καὶ
1397 5619 1489 5672 τὸν
1514 5614 1765 5672 τοιοῦτον
1807 5614 1909 5691 γὰρ
1961 5614 2207 5690 πόλεμον

2259 5619 2292 5685 ἡ
2338 5617 2450 5671 Θεία
2505 5613 2695 5690 εἲρήνη
2747 5613 2907 5689 πρὸς
2938 5613 3125 5672 ἕνωσιν
3187 5614 3319 5675 ἄνει.
3360 5613 3660 5696 Πρεσϐυτέὲ
