4004 6200
393 306 493 360 391

464 429 543 484 Ad
580 427 895 484 concordem
953 428 1074 482 unit
1127 426 1630 482 commorationem.
1684 421 1766 476 Ne
1821 418 2038 490 cogites
2070 417 2125 485 Α

392 517 546 574 sicut
577 517 742 589 impii
781 515 1103 584 Manichei,
1133 515 1290 584 quod
1340 511 1587 567 materia
1636 525 1832 566 secum
1867 506 2041 562 dissi-

391 609 538 663 dens
569 607 857 678 pepererit
886 605 1008 660 haac
1039 603 1329 658 daemonia
1357 623 1369 656 ;
1409 602 1509 656 sed
1544 601 1696 672 quod
1731 597 2040 653 humidum

393 702 608 750 natura
628 711 735 750 suo
759 695 914 748 sicco
939 695 1240 756 infestum,
1265 695 1322 746 et
1345 691 1621 762 frigidum
1647 687 1865 743 calido:
1895 690 2044 739 Deus

391 786 548 841 enim
601 784 771 840 etiam
825 781 1122 852 ejusmodi
1156 780 1443 835 convertit
1491 779 1564 834 ad
1616 777 1937 833 amicitiam
1987 780 2046 830 et

391 875 873 931 constitutionem
908 871 1164 926 universi
1199 887 1211 924 :
1247 886 1383 942 ergo
1417 885 1520 941 per
1552 867 1921 935 intestinum,
1954 865 2043 920 in-

391 961 589 1034 tellige
622 961 975 1033 ingenitum.

462 1054 672 1108 Primae
702 1053 903 1120 itaque.
930 1047 1258 1118 Praecipuas
1279 1045 1530 1100 virtutes
1561 1043 1706 1098 dicit
1756 1059 1867 1096 non
1901 1041 2043 1096 sim-

391 1139 623 1212 pliciter
682 1138 1080 1210 prinoipatum
1132 1135 1357 1190 ordinis
1415 1132 1890 1204 seraphinorum,
1943 1129 2044 1184 sed

391 1235 683 1300 quatenus
716 1229 772 1282 in
820 1226 1230 1297 conjungendo
1273 1241 1372 1280 seu
1409 1222 1800 1277 convertendo
1831 1220 2045 1274 divinis

389 1310 888 1368 illustrationibus
948 1307 1292 1375 inferiores,
1339 1305 1562 1375 primas
1623 1307 1783 1358 tenet
1831 1317 1842 1354 :
1905 1302 2044 1371 ipsa

393 1402 550 1457 enim
595 1399 844 1471 primam
898 1397 994 1452 Dei
1047 1396 1331 1451 visionem
1379 1393 1724 1464 accipiunt:
1761 1389 2048 1445 Individue

389 1510 546 1559 vero,
583 1491 636 1544 id
672 1493 761 1544 est
806 1505 919 1542 non
972 1486 1272 1558 aliquibus
1306 1485 1364 1539 in
1399 1490 1582 1556 parte,
1607 1483 1706 1538 sed
1740 1480 2045 1537 confertim

396 1581 556 1636 totis.

466 1671 524 1724 In
557 1667 841 1733 inﬁnitum
873 1662 1154 1736 diffundi.
1181 1662 1392 1732 Arguit
1423 1661 1596 1716 modo
1629 1675 1875 1730 magnos
1896 1659 2048 1711 Grae-

395 1773 595 1814 corum
630 1754 1118 1827 philosophorum
1143 1767 1391 1815 errores,
1415 1756 1593 1820 atque
1626 1749 1695 1802 ad
1732 1747 1895 1818 pium
1925 1744 2046 1800 cul-

396 1851 519 1902 tum
552 1842 845 1899 traducit:
871 1839 1073 1896 multis
1094 1839 1251 1894 enim
1275 1839 1425 1892 inter
1448 1837 1576 1892 illos
1599 1833 2043 1901 dissidentibus,

398 1939 454 1989 et
484 1933 575 1988 his
606 1931 846 2002 quidem
874 1927 1205 1984 dicentibus
1230 1926 1428 1980 omnia
1453 1941 1521 1980 ex
1551 1923 1960 1979 contrarietate
1989 1925 2047 1975 et

395 2021 548 2077 bello
582 2038 686 2092 per
728 2017 1163 2074 contentionem
1201 2020 1257 2070 et
1289 2031 1547 2085 pugnam
1588 2011 1882 2084 generari;
1915 2009 2048 2065 aliis

395 2128 553 2179 vero,
579 2115 808 2165 tantum
844 2124 911 2162 ex
953 2105 1214 2161 amicitia
1243 2114 1301 2158 et
1330 2103 1641 2158 concordia
1671 2108 1884 2156 cuncta
1914 2116 2046 2170 pro-

399 2201 556 2265 duci,
579 2201 649 2254 de
679 2199 796 2253 Deo
829 2201 1026 2252 autem
1056 2211 1171 2248 non
1206 2210 1306 2264 pro
1341 2192 1621 2257 dignitate
1652 2193 2050 2246 commentan-

398 2288 581 2356 tibus,
611 2286 704 2340 hic
736 2285 973 2339 illorum
1017 2283 1316 2337 nominum
1354 2281 1618 2335 fictiones
1651 2296 1716 2334 ac
1749 2276 2047 2332 rectitudi-

402 2393 536 2432 nem
569 2375 956 2438 transferens,
989 2372 1248 2427 instituit
1274 2370 1455 2426 Deum
1491 2367 1747 2424 universi
1779 2365 2048 2421 condito-

403 2483 526 2520 rem
561 2470 619 2520 et
649 2465 1206 2534 coagmentatorem,
1252 2459 1598 2514 intestinum
1643 2456 1880 2528 quidem
1916 2453 2049 2509 uni-

400 2553 553 2609 versi
594 2551 814 2606 bellum
866 2549 1196 2620 intelligens
1247 2547 1722 2618 incorporearum
1754 2549 1811 2598 et
1840 2543 2049 2597 imma-

404 2641 698 2698 terialium
758 2644 812 2696 et
869 2636 1332 2708 intelligibilium
1401 2653 1535 2691 cum
1593 2633 1937 2704 Corporibus
1995 2635 2052 2686 et

405 2729 814 2784 materialibus
856 2732 1029 2798 atque
1078 2724 1398 2780 sensilibus
1456 2723 1780 2778 naturalem
1831 2722 2051 2775 discor-

404 2819 562 2874 diam
600 2833 612 2870 :
648 2822 786 2872 sunt
816 2816 972 2870 enim
1009 2814 1129 2868 haec
1176 2811 1491 2867 dissimilia
1537 2809 1803 2865 essentiis
1836 2827 1901 2865 ac
1933 2808 2050 2863 dis-

405 2911 684 2960 scntanca
718 2920 730 2957 :
769 2903 906 2959 Garo
936 2905 1085 2958 enim
1115 2901 1455 2970 concupiscit
1485 2898 1747 2955 adversus
1769 2899 2049 2968 spiritum,

404 3001 455 3048 ct
486 2994 721 3062 spiritus
772 2991 1036 3045 adversus
1060 3005 1286 3046 carnem
1310 2989 1384 3058 (υ)
1422 3005 1434 3042 :
1469 3005 1584 3042 non
1635 2986 1822 3042 solum
1857 2990 2051 3040 autem

410 3083 539 3151 hoc,
563 3083 662 3136 sed
693 3087 749 3136 et
779 3081 1018 3136 sensilia
1046 3081 1261 3142 omnia,
1287 3079 1406 3134 sive
1434 3095 1676 3150 corpora
1696 3078 2050 3148 quibusdam

1205 298 1573 354 APPENDIX
1611 299 1708 352 an
1743 296 1984 350 orsaa
2021 293 2079 347 ε.
2118 292 2435 349 momen
2471 280 2975 352 misceamus.
3673 303 3760 358 392

2223 415 2481 485 Ἐνούσης
2539 415 2614 477 εἰς
2679 415 2890 487 ἐνοειδῆ
2945 418 3238 475 συνοικίαν.
3271 422 3357 490 Μὴ
3413 424 3606 496 νοήσῃς
3633 425 3698 486 ὡς
3724 428 3765 480 οἱ

2152 500 2297 565 ἄθεοι
2333 505 2659 579 Μανιχαῖοι,
2695 503 2778 560 ὅτι
2811 507 3172 576 στασιάζουσα
3213 508 3349 577 πρὸς
3397 510 3586 578 ἑαυτήν
3613 514 3644 580 ἡ
3673 512 3762 583 ὕλη

2153 591 2424 662 άπεκύησε
2454 593 2519 646 τά
2550 590 2803 666 δαιμόνια
2831 599 3000 650 ταῦτα
3032 615 3045 628 ⁶
3079 595 3209 651 ἀλλ’
3235 596 3316 651 ὅτι
3349 596 3500 674 φύσει
3530 603 3606 671 τῷ
3640 601 3766 674 ξηρῷ

2150 682 2212 734 τὸ
2298 683 2456 757 ὑγρὸν
2525 682 2814 756 πολέμιον,
2873 686 2962 738 xui
3034 687 3096 740 τὸ
3170 688 3378 760 ψυχρὸν
3442 693 3520 760 τῷ
3573 695 3763 763 θερμῷ·

2153 770 2280 830 Θεὸς
2314 771 2416 844 γάρ
2465 771 2554 825 xui
2603 772 2670 825 τά
2699 773 2872 834 οὕτως
2913 771 3115 849 ἔχοντα
3144 775 3398 830 συνάπτει
3427 778 3562 849 πρὸς
3609 777 3765 854 φιλίαν

2153 859 2242 912 xui
2295 859 2544 914 σύστασιν
2595 865 2692 915 τοῦ
2739 861 2963 924 παντός.
2999 864 3076 920 Τὸ
3106 861 3374 941 ἐμφύλιον
3420 864 3514 919 οὖν
3562 864 3765 943 ἔμφυτον

2152 946 2346 1016 νόησον
2359 993 2371 1004 .

2224 1037 2290 1091 Ai
2347 1041 2473 1111 γοῦν
2531 1032 2914 1112 πρεσϐύτεραι.
2948 1035 3318 1114 Πρεσϐυτὲρας
3380 1039 3630 1115 δυνάμεις
3684 1044 3772 1120 οὐχ

2155 1125 2344 1185 ἁπλῶς
2374 1125 2472 1193 τήν
2502 1130 2610 1179 τῶν
2646 1127 2884 1204 σεραφὶμ
2909 1128 3230 1203 ταξιαρχίαν
3265 1130 3450 1206 φησὶν,
3484 1131 3626 1186 ἀλλὰ
3659 1134 3771 1206 πρὸς

2153 1214 2214 1267 τὸ
2245 1215 2508 1290 συνάγειν,
2540 1212 2711 1289 ἤγουν
2765 1217 3072 1285 συνάπτειν,
3103 1223 3223 1279 ταῖς
3276 1222 3448 1281 θείαις
3494 1219 3768 1293 ἐλλάμψεσι

2154 1302 2248 1364 τάς
2276 1302 2562 1374 ὑφειμένας
2589 1305 2652 1358 τὸ
2680 1311 2966 1379 πρεσοεῖον
2997 1303 3227 1379 ἔχουσαν
3255 1327 3267 1338 ·
3300 1309 3400 1374 τήν
3434 1308 3537 1384 γὰρ
3579 1309 3772 1380 πρώτην

2155 1390 2310 1445 αὐταὶ
2343 1389 2599 1466 δέχονται
2630 1394 2942 1470 θεοφάνειαν
2978 1413 2990 1424 ·
3027 1394 3247 1468 ἀμερῶς
3291 1392 3369 1465 δὲ,
3402 1397 3667 1452 τουτέστιν
3696 1397 3776 1452 οὐκ

2154 1478 2206 1532 ἐν
2242 1478 2390 1554 μέρει
2421 1481 2583 1553 τισὶν,
2617 1479 2742 1536 ἀλλ’
2772 1481 2983 1556 ἀθρόως
3014 1487 3130 1544 τοῖς
3163 1482 3339 1546 ὅλοις.

2227 1658 2477 1726 Χυθῆναι
2537 1657 2672 1731 πρὸς
2730 1658 2791 1712 τὸ
2853 1653 3094 1732 ἄπειρον.
3143 1659 3396 1734 Μεγάλας
3453 1659 3654 1724 πλάνας
3704 1685 3773 1739 φι·

2159 1745 2410 1822 λοσόφων
2437 1745 2722 1816 Ἑλλήνων
2756 1743 3029 1821 διελέγχει
3080 1751 3198 1819 νῦν,
3245 1750 3336 1802 xui
3381 1749 3521 1824 πρὸς
3569 1751 3659 1819 τὴν
3703 1751 3775 1807 εὖ.

2156 1830 2366 1890 σὲϐειαν
2397 1835 2610 1909 μετάγει
2647 1852 2659 1864 ”
2688 1833 2917 1890 πολλῶν
2977 1835 3078 1910 γὰρ
3127 1833 3178 1889 ἐν
3225 1834 3454 1898 ἐκείνοις
3502 1842 3778 1908 στασιαζόν·

2152 1945 2282 1991 των,
2316 1922 2406 1977 xui
2435 1926 2542 1976 τῶν
2578 1923 2674 1994 μὶν
2706 1921 2754 1995 ἐξ
2788 1921 3148 1984 ἐναντιώσεως
3193 1924 3286 1978 xui
3331 1924 3582 1999 πολέμου
3627 1927 3777 1982 πάντα

2157 2011 2226 2066 δι’
2257 2009 2434 2086 ἔριδος
2461 2011 2551 2064 xui
2585 2012 2773 2086 μάχης
2807 2012 3074 2087 λεγόντων
3122 2015 3402 2086 γεννᾶσθαι
3436 2033 3450 2047 ·
3481 2020 3584 2069 τῶν
3629 2013 3697 2084 δὶ,
3727 2016 3776 2070 ἐκ

2157 2099 2345 2178 φιλίας
2375 2101 2463 2153 vui
2497 2101 2812 2171 συμφωνίας
2838 2098 3001 2172 μόνον
3035 2096 3488 2175 δημιουργεῖσθαι
3513 2104 3578 2158 τά
3606 2107 3773 2171 πάντα,

2157 2195 2289 2246 Θεοῦ
2341 2187 2398 2244 δὲ
2448 2191 2524 2261 μὴ
2575 2190 2691 2243 κατ’
2720 2188 2867 2258 ἀξίαν
2917 2187 2982 2258 δὴ
3037 2192 3462 2267 φροντιζόντων,
3504 2193 3779 2259 οὗτος,τάς

2159 2278 2373 2333 ἐκείνων
2456 2277 2885 2351 ὀνοματοποιίας
2960 2278 3035 2340 είς
3121 2279 3393 2354 ὀρθότητα
3474 2280 3779 2358 μεταφέρων,

2158 2368 2285 2422 Θεὸν
2318 2365 2566 2442 ἐφίστησι
2613 2371 2708 2421 τοῦ
2747 2366 2948 2428 παντὸς
2989 2367 3079 2421 xui
3135 2368 3372 2437 ποιητὴν
3425 2372 3519 2423 xui
3569 2391 3778 2444 συναγω-

2156 2457 2272 2532 γέα,
2321 2454 2590 2532 ἐμφύλιον
2649 2456 2741 2527 μὲν
2797 2453 3046 2527 πόλεμον
3091 2459 3189 2510 τοῦ
3240 2458 3444 2520 παντὸς
3504 2463 3635 2512 νοῶν
3688 2463 3778 2512 τῶν

2158 2543 2462 2617 ἀσωμάτων
2492 2544 2581 2598 καὶ
2615 2543 2796 2599 ἀὺλων
2843 2543 2934 2598 xui
2963 2549 3175 2614 νοητῶν
3215 2545 3350 2619 πρὸς
3395 2547 3500 2614 τὴν
3538 2553 3640 2601 τῶν
3685 2569 3778 2600 σω-

2164 2640 2345 2710 μάτων
2396 2638 2484 2691 xui
2533 2635 2734 2725 ὑλικῶν
2781 2637 2870 2690 xui
2918 2637 3189 2707 αἰσθητῶν
3252 2639 3488 2712 φυσικὴν
3541 2641 3780 2715 ἀσυμφω-

2158 2727 2275 2780 νίαν
2311 2745 2324 2756 ’
2357 2724 2590 2797 ἀνόμοια
2631 2726 2730 2800 γάρ
2780 2726 2944 2779 ταῦτα
2977 2731 3097 2788 ταῖς
3145 2725 3350 2787 οὐσίαις
3399 2729 3496 2782 καὶ
3542 2727 3779 2804 ἀσύμφω-

2158 2836 2224 2868 να
2255 2835 2266 2846 ’
2299 2815 2361 2870 Ἡ
2390 2813 2490 2888 γάρ
2515 2813 2642 2886 σὰρξ
2703 2813 2956 2886 ἐπιθυμεῖ
3002 2816 3136 2868 κατὰ
3191 2815 3288 2869 τοῦ
3345 2815 3676 2887 πνεύματος,
3704 2815 3779 2869 xui

2159 2904 2220 2958 τὸ
2268 2907 2475 2974 πνεῦμα
2537 2903 2674 2956 κατὰ
2725 2909 2825 2970 τῆς
2883 2904 3099 2975 σαρκός.
3151 2905 3228 2960 Οὐ
3282 2903 3448 2976 μόνον
3510 2903 3567 2960 δὲ
3618 2909 3778 2971 τοῦτο,

2162 2990 2306 3047 ἀλλὰ
2352 2992 2438 3045 xui
2483 2989 2549 3045 τὰ
2601 2989 2832 3060 αἰσθητὰ
2887 2990 3076 3061 πάντα,
3126 2989 3253 3060 ἤτοι
3312 2994 3565 3066 σώματα,
3610 2996 3781 3067 ἄπειρα

2163 3080 2429 3156 λεγόντων
2463 3079 2617 3134 ἐνίων
2665 3080 2753 3134 xui
2815 3079 2892 3140 είς
2944 3081 3188 3155 ἀπειρίαν
3241 3081 3572 3159 φθείρεσθαι,
3603 3083 3685 3138 xui
3730 3082 3782 3135 τὸ

409 3172 744 3227 dicentibus
777 3170 951 3224 etiam
984 3170 1213 3223 infinita
1239 3171 1296 3223 in
1333 3169 1630 3223 inﬁnitum
1654 3167 1973 3238 corrumpi,
1996 3170 2051 3222 et

2166 3170 2346 3242 μίγμα
2375 3173 2480 3221 τῶν
2515 3168 2787 3234 ἁπάντων,
2817 3169 2948 3242 ὅπερ
2981 3167 3144 3245 φησίν
3169 3169 3440 3242 ἀπειρίαν,
3474 3172 3783 3247 τρεπόμενον

409 3259 672 3316 omnium
697 3257 1056 3325 mistionem,
1079 3257 1232 3327 quod
1256 3256 1398 3311 dicit
1419 3257 1792 3324 infinitatem,
1816 3271 2052 3310 conver-

408 3365 536 3403 sam
570 3346 629 3401 in
663 3345 979 3400 discrimen
1025 3361 1091 3399 ac
1135 3345 1564 3416 separationem
1596 3350 1654 3399 et
1684 3349 1898 3414 partes,
1931 3343 2049 3397 dis-

407 3437 566 3492 cerni
597 3441 654 3490 et
703 3435 958 3506 separari
1009 3436 1066 3490 in
1117 3435 1619 3506 generationibus,
1641 3440 1816 3505 atque
1846 3450 1913 3488 ex
1943 3433 2052 3488 hoc

407 3525 652 3581 dissidio
685 3523 873 3596 magis
917 3530 1288 3596 augescente,
1321 3529 1378 3578 et
1409 3539 1521 3578 non
1558 3529 1789 3579 tantum
1838 3539 2050 3593 expur-

405 3619 580 3687 gante
633 3613 801 3668 mista
831 3631 864 3668 a
896 3630 1010 3668 non
1062 3613 1528 3668 coalescentibus
1583 3620 1640 3668 et
1687 3611 1917 3681 alienis,
1949 3611 2050 3666 sed

406 3704 582 3759 etiam
629 3701 687 3757 in
732 3702 1051 3758 sectionem
1085 3705 1142 3756 et
1174 3701 1507 3756 fractionem
1551 3703 1674 3772 jam
1724 3700 2052 3756 coalescen-

405 3793 552 3848 tium
587 3793 740 3848 216
773 3790 912 3857 lata,
937 3795 1112 3862 atque
1144 3789 1203 3844 in
1235 3790 1784 3845 dissimilitudinem
1819 3805 2049 3844 omnem

407 3890 464 3938 et
494 3882 1041 3953 differentiamque:
1065 3885 1334 3937 concreta
1365 3885 1504 3935 sunt
1533 3881 1800 3949 ducente,
1824 3879 1967 3935 solvi
1997 3883 2054 3934 et

406 3972 704 4041 corrumpi
735 3974 953 4037 omnia,
980 3973 1234 4041 exceptis
1265 3971 1634 4042 simplicibus
1665 3988 1766 4026 seu
1800 3970 2052 4025 elemen-

405 4059 504 4122 tis,
537 4063 592 4112 et
624 4057 733 4110 hoc
773 4059 993 4112 bellum
1027 4059 1378 4127 dicentibus,
1407 4060 1562 4128 quod
1605 4076 1717 4115 non
1760 4059 1903 4114 sinit
1932 4063 2054 4114 tota

408 4143 583 4199 uniri.
611 4145 854 4214 Magnus
879 4147 1515 4217 Dionysius,tanquam
1538 4149 1796 4202 veritatis
1824 4165 2052 4217 amans,

409 4233 545 4300 tale,
569 4233 724 4286 sicut
747 4231 885 4298 dixi,
914 4233 1176 4287 naturale
1198 4233 1417 4287 bellum
1441 4235 1573 4301 (hoc
1603 4235 1756 4289 enim
1787 4237 2054 4291 naturale

405 4325 591 4390 vocat,
616 4316 1081 4393 ἐμφύλιον,εἱουῐ
1129 4321 1300 4375 etiam
1353 4319 1659 4396 σύμφυλον,
1695 4324 1845 4394 quod
1899 4324 2052 4391 ejus-

409 4411 536 4464 dem
589 4413 678 4464 est
725 4407 998 4479 generis),
1031 4408 1249 4463 solvere
1281 4407 1363 4462 ait
1391 4408 1598 4470 Deum,
1624 4427 1726 4480 pro
1775 4411 2054 4467 intestino

2163 3257 2236 3318 ε’ς
2298 3255 2580 3331 διαφορὰν,
2607 3254 2695 3309 καὶ
2757 3257 3064 3330 χωρισμὸν,
3096 3256 3188 3310 xui
3248 3257 3409 3332 μέρη,
3445 3256 3784 3332 διακρίνεσθαι

2161 3347 2250 3400 xui
2281 3344 2611 3420 χωρίζεσθαι
2645 3343 2717 3405 είς
2738 3342 3093 3419 γενέσεις,καῖ
3121 3343 3180 3400 ἐκ
3199 3345 3394 3400 τούτου
3419 3347 3634 3419 μᾶλλον
3657 3347 3788 3416 αὐξα·

2161 3436 2397 3506 νομὲνης
2430 3440 2528 3502 τῆς
2558 3430 2907 3502 διαστάσεως,
2940 3433 3029 3487 xui
3083 3435 3159 3506 μή
3204 3434 3367 3506 μόνον
3398 3436 3467 3490 τὰ
3503 3435 3788 3510 μεμιγμένα

2163 3527 2266 3576 τῶν
2301 3523 2594 3598 ἀσυμφυῶν
2639 3520 2727 3574 xui
2776 3519 3088 3596 ἀλλοτρίων
3139 3522 3633 3599 ἀποκαθαιρούσης,
3663 3521 3790 3577 ἀλλὰ

2161 3610 2249 3664 xui
2282 3611 2355 3672 είς
2385 3611 2562 3682 τομὴν
2594 3609 2683 3663 xui
2717 3611 2934 3683 θραῦσιν
2963 3607 3073 3680 ἤδη
3108 3615 3216 3664 τῶν
3263 3616 3527 3686 συμφυῶν
3579 3611 3789 3687 φερομέ-

2161 3721 2276 3769 νης,
2336 3699 2422 3754 xui
2483 3698 2557 3760 είς
2616 3697 2986 3771 ἀνομοιότητα
3045 3704 3217 3752 πᾶσαν
3285 3700 3374 3754 xui
3428 3697 3687 3779 διαφοράν
3736 3702 3793 3753 τὰ

2161 3787 2501 3862 συγκρίματα
2548 3785 2807 3860 ἀγούσης,
2843 3786 3064 3850 λύεσθαι
3113 3789 3204 3842 xui
3260 3789 3571 3865 φθείρεσθαι
3617 3790 3790 3853 πάντα,

2161 3877 2308 3945 πλὴν
2341 3880 2447 3931 τῶν
2482 3873 2694 3943 άπλῶν,
2728 3874 2854 3944 ἤτοι
2887 3876 3202 3950 στοιχείων,
3235 3877 3325 3931 xui
3367 3876 3534 3932 τουτο
3567 3876 3792 3948 πόλεμον

2164 3964 2456 4039 λεγόντων,
2483 3965 2544 4018 τὸ
2579 3966 2654 4036 μή
2683 3963 2784 4018 ἐῶν
2818 3966 3057 4032 ἡνῶσθαι
3089 3965 3155 4018 τά
3203 3965 3306 4021 ὅλα
3342 3985 3355 3999 ·
3389 3967 3416 4020 ὁ
3471 3968 3642 4041 μέγας
3688 3975 3795 4020 Διο-

2162 4055 2366 4121 νῦσιος,
2400 4057 2489 4108 ἅτε
2516 4060 2616 4122 τῆς
2649 4051 2905 4122 ἀληθείας
2938 4051 3099 4127 φίλος
3130 4056 3151 4090 ⁸
3175 4056 3485 4129 τυγχάνων,
3508 4057 3602 4110 τὸν
3633 4058 3795 4109 τοιοῦ-

2162 4165 2277 4210 τον,
2310 4145 2383 4204 ὡς
2433 4138 2588 4219 ἔφην,
2640 4143 2862 4215 φυσικὸν
2913 4140 3158 4216 πόλεμον
3189 4147 3401 4215 (τοῦτον
3441 4146 3547 4219 γάρ
3597 4143 3798 4221 φυσικὸν

2163 4231 2341 4300 καλεῖ,
2371 4232 2462 4285 τὸν
2497 4229 2790 4306 ἐμφύλιον,
2822 4231 2896 4291 ὡς
2940 4231 3028 4284 xui
3081 4229 3367 4305 σύμφυλον
3411 4232 3502 4286 τὸν
3556 4233 3800 4308 ὁμοφυᾶ),

2167 4320 2312 4376 λύειν
2347 4319 2477 4396 φησὶ
2509 4319 2601 4373 τὸν
2635 4319 2787 4388 Θεὸν,
2819 4317 2934 4372 άντὶ
2975 4322 3070 4372 τοῦ
3120 4317 3390 4394 ἐμφυλίου
3437 4319 3710 4393 πολέμου,
3738 4318 3802 4372 εἰ·

2168 4411 2336 4486 ρήνην
2369 4409 2457 4462 xui
2491 4406 2752 4479 άρμονίαν
2805 4406 2895 4460 vui
2936 4407 3238 4480 σύμπνοιαν
3284 4413 3364 4474 τῷ
3398 4409 3560 4463 παντὶ
3611 4405 3802 4484 δωροῦο

410 4497 584 4566 bello,
617 4513 818 4568 pacem
869 4513 934 4550 ac
981 4512 1320 4568 compagem
1358 4501 1532 4567 atque
1563 4499 2051 4570 conspirationem

2172 4518 2353 4571 μενον,
2385 4496 2473 4550 xui
2507 4495 2557 4550 ἐν
2593 4496 2767 4566 ἑαυτῷ
2811 4495 3106 4570 συνέχοντα
3154 4497 3326 4552 πάντα
3375 4498 3464 4552 xui
3509 4495 3805 4552 ἀποχαταλ·

412 4585 682 4639 universo
717 4584 1053 4652 donantem,
1085 4589 1141 4638 et
1189 4585 1244 4636 in
1296 4584 1490 4655 seipso
1521 4585 1719 4640 omnia
1751 4589 2058 4642 continen-

408 4678 524 4726 tem
551 4676 606 4726 et
629 4671 1128 4738 reconciliantem,
1154 4677 1219 4725 ut
1250 4671 1507 4743 laquitur
1526 4674 1840 4745 Apostolus
1864 4677 1975 4746 (J3);
2003 4683 2060 4732 et

410 4759 810 4817 reconciliabit
839 4760 1098 4814 cmlestia
1128 4760 1398 4826 terrenis,
1423 4777 1525 4831 per
1555 4779 1683 4833 quae
1712 4767 2060 4821 commissas

410 4848 666 4923 singulis
694 4849 962 4912 virtutes,
994 4855 1050 4903 et
1095 4849 1282 4903 instar
1323 4850 1723 4906 ministrorum
1760 4853 2061 4911 institutas

409 4939 780 4995 subditorum
825 4954 1023 4993 amore
1057 4939 1183 4992 unit
1217 4956 1230 4993 :
1265 4939 1462 4993 omnia
1492 4956 1622 4994 vero
1674 4942 1742 4994 ad
1798 4943 2058 5014 seipsum

408 5028 713 5091 convertit,
751 5026 980 5082 clavum
1013 5032 1218 5082 tenens
1251 5032 1305 5082 et
1337 5028 1537 5081 omnia
1567 5029 1899 5087 continens.

2171 4587 2457 4652 λάττοντα,
2512 4586 2588 4646 ὥς
2645 4606 2807 4658 φησιν
2859 4586 2886 4640 ὁ
2941 4583 3298 4656 Ἀπόστολος,
3358 4587 3445 4641 xui
3507 4582 3804 4641 ἀποκαταλ-

2171 4675 2318 4744 λάξει
2370 4674 2436 4728 τὰ
2494 4673 2795 4728 ἐπουπάνια
2844 4679 2959 4734 τοῖς
3012 4673 3292 4750 ἐπιγείοις,
3343 4672 3416 4729 δι’
3455 4673 3552 4743 ὧν,
3583 4675 3680 4738 τάς

2171 4763 2593 4837 ἐπιτεταγμένας
2624 4768 2740 4823 τοῖς
2779 4768 2895 4825 καθ’
2917 4760 3139 4816 ’ἕκαστον
3193 4761 3448 4835 δυνάμεις
3497 4764 3588 4818 καὶ
3639 4760 3807 4817 διακοο

2170 4857 2332 4914 νικῶς
2361 4850 2670 4913 διοικοῦσας
2695 4855 2763 4923 τῇ
2798 4850 2977 4924 ἀγάπῃ
3009 4855 3117 4904 τῶν
3150 4851 3602 4926 ὑποτεταγμένων
3662 4852 3768 4906 ὲνοῑ
3795 4867 3806 4879 ·

2170 4944 2236 4999 τὰ
2289 4940 2346 4997 δὲ
2389 4943 2561 4996 πάντα
2611 4941 2744 5014 πρὸς
2803 4939 2988 4993 ἑαυτὸν
3050 4939 3378 5018 ἐπιστρέφει,
3424 4938 3812 5014 πηδαλιουχῶν

2172 5034 2259 5087 xui
2295 5031 2538 5105 συνέχων
2569 5029 2635 5084 τά
2666 5029 2857 5084 πάντα.

481 5163 554 5232 (υ)
585 5161 771 5217 Galat.
804 5179 860 5228 v,
896 5163 980 5217 17.
1057 5163 1138 5234 (ω)
1171 5161 1392 5218 Colossi
1429 5179 1466 5230 ι,
1499 5161 1590 5217 20.

1425 5286 1660 5342 VARI/E
1703 5290 2091 5349 LECTIONES
2132 5293 2219 5348 ET
2257 5286 2812 5345 CORRECTIONES.

414 5399 530 5465 ρας,
564 5387 673 5465 etc.
695 5384 1211 5465 'Haecenimletiam
1239 5384 1630 5465 pacisdivinze
1663 5391 2026 5465 participatio
2073 5389 2145 5446 ad
2182 5385 2536 5465 concordiam
2557 5384 2788 5465 redigit,
2820 5395 2874 5442 et
2902 5387 3072 5465 simul
3118 5386 3430 5465 coniungit.
3471 5388 3559 5465 ιζει
3588 5404 3692 5461 per
3719 5386 3819 5465 bet-

414 5455 527 5536 tum
561 5454 650 5536 hic
684 5454 930 5535 intelligo
961 5455 1123 5536 itlud,
1153 5457 1483 5536 quadreous
1513 5454 1851 5536 incorporeis
1879 5454 1956 5518 ad
1986 5459 2306 5517 materiatio
2337 5454 2869 5536 naturalitcr‘inest.
2906 5479 2933 5506 «
2967 5459 3103 5536 Caro
3132 5459 3305 5536 enim,
3331 5454 3541 5530 inquit,
3569 5454 3820 5536 concupii

415 5527 518 5608 scit
543 5524 806 5579 adversus
836 5524 1200 5608 spiritum_,.et
1225 5529 1486 5608 spiritus
1507 5524 1764 5608 adversus
1813 5549 2041 5589 carnem
2073 5551 2089 5586 :
2115 5554 2143 5581 ››
2175 5527 2613 5601 quandoquidem
2661 5538 2712 5584 et
2759 5530 3076 5602 hujusmodi
3125 5529 3335 5586 bellum
3380 5524 3496 5602 pitu:
3528 5524 3822 5587 divina-ad

415 5597 678 5653 unionem
705 5611 1000 5668 pacemque
1034 5597 1276 5653 adducit.
1353 5601 1374 5633 ⁸
1405 5597 1729 5677 φιλόσοφος.
