  <div class='ocr_page' id='page_1' title='image "/cluster/home/n/w/nwhite01/storage/ocr_20150623/4/hvd.32044073426538/206.png"; bbox 0 0 4004 6200; ppageno 0'>
   <div class='ocr_carea' id='block_1_1' title="bbox 302 331 410 384">
    <p class='ocr_par' dir='ltr' id='par_1_1' title="bbox 302 331 410 384">
     <span class='ocr_line' id='line_1_1' title="bbox 302 331 410 384; baseline 0 0"><span class='ocrx_word' id='word_1_1' title='bbox 302 331 410 384; x_wconf 82' lang='grc'>393</span> 
     </span>
    </p>
   </div>
   <div class='ocr_carea' id='block_1_2' title="bbox 377 448 1736 528">
    <p class='ocr_par' dir='ltr' id='par_1_2' title="bbox 377 448 1736 528">
     <span class='ocr_line' id='line_1_2' title="bbox 377 448 1736 528; baseline -0.001 -20"><span class='ocrx_word' id='word_1_2' title='bbox 377 453 477 508; x_wconf 84' lang='grc' dir='ltr'><strong>’Ήν</strong></span> <span class='ocrx_word' id='word_1_3' title='bbox 564 452 593 505; x_wconf 81' lang='grc' dir='ltr'>ὁ</span> <span class='ocrx_word' id='word_1_4' title='bbox 678 450 830 526; x_wconf 72' lang='grc' dir='ltr'>ἱερὸς</span> <span class='ocrx_word' id='word_1_5' title='bbox 907 455 1139 515; x_wconf 77' lang='grc' dir='ltr'><strong>Ἰοῦστος</strong></span> <span class='ocrx_word' id='word_1_6' title='bbox 1205 451 1485 528; x_wconf 69' lang='grc' dir='ltr'>ἀφθεγξίαν</span> <span class='ocrx_word' id='word_1_7' title='bbox 1559 448 1736 506; x_wconf 76' lang='grc' dir='ltr'>καλεῖ.</span> 
     </span>
    </p>
   </div>
   <div class='ocr_carea' id='block_1_3' title="bbox 304 539 1962 614">
    <p class='ocr_par' dir='ltr' id='par_1_3' title="bbox 304 539 1962 614">
     <span class='ocr_line' id='line_1_3' title="bbox 384 539 1855 570; baseline -0.003 -9"><span class='ocrx_word' id='word_1_8' title='bbox 384 541 396 560; x_wconf 77' lang='grc' dir='ltr'><strong>Ι</strong></span> <span class='ocrx_word' id='word_1_9' title='bbox 702 539 715 560; x_wconf 80' lang='lat'><strong><em>\</em></strong></span> <span class='ocrx_word' id='word_1_10' title='bbox 777 540 793 561; x_wconf 67' lang='grc' dir='ltr'><strong><em>ι</em></strong></span> <span class='ocrx_word' id='word_1_11' title='bbox 870 539 884 557; x_wconf 78' lang='grc' dir='ltr'><strong><em>Ι</em></strong></span> <span class='ocrx_word' id='word_1_12' title='bbox 1147 540 1161 560; x_wconf 84' lang='lat'><strong><em>\</em></strong></span> <span class='ocrx_word' id='word_1_13' title='bbox 1245 540 1253 556; x_wconf 75' lang='grc' dir='ltr'><strong><em>ο</em></strong></span> <span class='ocrx_word' id='word_1_14' title='bbox 1382 543 1395 560; x_wconf 59' lang='grc' dir='ltr'><strong>ς</strong></span> <span class='ocrx_word' id='word_1_15' title='bbox 1555 545 1580 556; x_wconf 73' lang='lat'><strong>~</strong></span> <span class='ocrx_word' id='word_1_16' title='bbox 1652 541 1694 570; x_wconf 61' lang='grc' dir='ltr'>,Ι</span> <span class='ocrx_word' id='word_1_17' title='bbox 1843 539 1855 557; x_wconf 69' lang='grc' dir='ltr'><strong>ν</strong></span> 
     </span>
     <span class='ocr_line' id='line_1_4' title="bbox 304 540 1962 614; baseline -0.001 -20"><span class='ocrx_word' id='word_1_18' title='bbox 304 541 564 614; x_wconf 78' lang='grc' dir='ltr'>μειῶσαι]</span> <span class='ocrx_word' id='word_1_19' title='bbox 593 560 717 614; x_wconf 84' lang='grc' dir='ltr'>περι</span> <span class='ocrx_word' id='word_1_20' title='bbox 796 546 1041 609; x_wconf 87' lang='grc' dir='ltr'>Ιουστου,</span> <span class='ocrx_word' id='word_1_21' title='bbox 1073 561 1164 594; x_wconf 86' lang='grc' dir='ltr'><strong>και</strong></span> <span class='ocrx_word' id='word_1_22' title='bbox 1223 542 1306 595; x_wconf 77' lang='grc' dir='ltr'>δτι</span> <span class='ocrx_word' id='word_1_23' title='bbox 1336 562 1434 611; x_wconf 88' lang='grc' dir='ltr'><strong>την</strong></span> <span class='ocrx_word' id='word_1_24' title='bbox 1488 561 1584 596; x_wconf 79' lang='grc' dir='ltr'><strong>του</strong></span> <span class='ocrx_word' id='word_1_25' title='bbox 1617 551 1763 604; x_wconf 70' lang='grc' dir='ltr'>θειου</span> <span class='ocrx_word' id='word_1_26' title='bbox 1814 540 1962 614; x_wconf 80' lang='grc' dir='ltr'>ειρή·</span> 
     </span>
    </p>
   </div>
   <div class='ocr_carea' id='block_1_4' title="bbox 300 624 1962 705">
    <p class='ocr_par' dir='ltr' id='par_1_4' title="bbox 300 624 1962 705">
     <span class='ocr_line' id='line_1_5' title="bbox 300 624 1962 705; baseline -0.001 -23"><span class='ocrx_word' id='word_1_27' title='bbox 300 653 403 698; x_wconf 83' lang='grc' dir='ltr'><strong>νην</strong></span> <span class='ocrx_word' id='word_1_28' title='bbox 455 628 738 705; x_wconf 69' lang='grc' dir='ltr'>ἀφθεγξίαν</span> <span class='ocrx_word' id='word_1_29' title='bbox 804 628 892 684; x_wconf 80' lang='grc' dir='ltr'>καὶ</span> <span class='ocrx_word' id='word_1_30' title='bbox 941 629 1229 699; x_wconf 77' lang='grc' dir='ltr'><strong>ἀκινησίαν</strong></span> <span class='ocrx_word' id='word_1_31' title='bbox 1290 630 1588 702; x_wconf 74' lang='grc' dir='ltr'>ὁνομᾶζει,</span> <span class='ocrx_word' id='word_1_32' title='bbox 1639 629 1847 683; x_wconf 67' lang='grc' dir='ltr'>Τούτου</span> <span class='ocrx_word' id='word_1_33' title='bbox 1905 624 1962 681; x_wconf 71' lang='grc' dir='ltr'><strong>δὲ</strong></span> 
     </span>
    </p>
   </div>
   <div class='ocr_carea' id='block_1_5' title="bbox 300 715 1959 794">
    <p class='ocr_par' dir='ltr' id='par_1_5' title="bbox 300 715 1959 794">
     <span class='ocr_line' id='line_1_6' title="bbox 300 715 1959 794; baseline -0.002 -21"><span class='ocrx_word' id='word_1_34' title='bbox 300 724 401 774; x_wconf 71' lang='grc' dir='ltr'>τοῦ</span> <span class='ocrx_word' id='word_1_35' title='bbox 431 718 586 792; x_wconf 82' lang='grc' dir='ltr'>ἁγίου</span> <span class='ocrx_word' id='word_1_36' title='bbox 619 718 856 776; x_wconf 68' lang='grc' dir='ltr'>Ἰούστου</span> <span class='ocrx_word' id='word_1_37' title='bbox 889 719 1194 791; x_wconf 74' lang='grc' dir='ltr'>μέμνηνται</span> <span class='ocrx_word' id='word_1_38' title='bbox 1248 720 1301 772; x_wconf 70' lang='grc' dir='ltr'>αἱ</span> <span class='ocrx_word' id='word_1_39' title='bbox 1354 716 1578 794; x_wconf 71' lang='grc' dir='ltr'>Πρᾶξεις</span> <span class='ocrx_word' id='word_1_40' title='bbox 1634 722 1741 772; x_wconf 88' lang='grc' dir='ltr'><strong>τῶν</strong></span> <span class='ocrx_word' id='word_1_41' title='bbox 1798 715 1959 789; x_wconf 83' lang='grc' dir='ltr'>ἁγίων</span> 
     </span>
    </p>
   </div>
   <div class='ocr_carea' id='block_1_6' title="bbox 303 803 1960 884">
    <p class='ocr_par' dir='ltr' id='par_1_6' title="bbox 303 803 1960 884">
     <span class='ocr_line' id='line_1_7' title="bbox 303 803 1960 884; baseline -0.001 -22"><span class='ocrx_word' id='word_1_42' title='bbox 303 805 660 879; x_wconf 78' lang='grc' dir='ltr'>ἀποστόλων,</span> <span class='ocrx_word' id='word_1_43' title='bbox 715 805 1012 884; x_wconf 72' lang='grc' dir='ltr'>φᾶσκουσαι</span> <span class='ocrx_word' id='word_1_44' title='bbox 1072 807 1230 863; x_wconf 80' lang='grc' dir='ltr'>αὐτὸν</span> <span class='ocrx_word' id='word_1_45' title='bbox 1272 807 1362 862; x_wconf 78' lang='grc' dir='ltr'>καὶ</span> <span class='ocrx_word' id='word_1_46' title='bbox 1413 809 1598 875; x_wconf 77' lang='grc' dir='ltr'>Ἰωσῆν</span> <span class='ocrx_word' id='word_1_47' title='bbox 1654 803 1960 867; x_wconf 81' lang='grc' dir='ltr'>καλεῖσθαι.</span> 
     </span>
    </p>
   </div>
   <div class='ocr_carea' id='block_1_7' title="bbox 305 890 1963 972">
    <p class='ocr_par' dir='ltr' id='par_1_7' title="bbox 305 890 1963 972">
     <span class='ocr_line' id='line_1_8' title="bbox 305 890 1963 972; baseline -0.005 -18"><span class='ocrx_word' id='word_1_48' title='bbox 305 896 539 954; x_wconf 74' lang='grc' dir='ltr'>Μᾶλλον</span> <span class='ocrx_word' id='word_1_49' title='bbox 597 895 687 952; x_wconf 66' lang='grc' dir='ltr'><strong>οὖν</strong></span> <span class='ocrx_word' id='word_1_50' title='bbox 739 896 828 951; x_wconf 74' lang='grc' dir='ltr'>καὶ</span> <span class='ocrx_word' id='word_1_51' title='bbox 889 893 1180 972; x_wconf 63' lang='grc' dir='ltr'>συνέγραψε</span> <span class='ocrx_word' id='word_1_52' title='bbox 1233 918 1284 951; x_wconf 81' lang='grc' dir='ltr'><strong>τι</strong></span> <span class='ocrx_word' id='word_1_53' title='bbox 1462 895 1552 950; x_wconf 79' lang='grc' dir='ltr'><strong>καὶ</strong></span> <span class='ocrx_word' id='word_1_54' title='bbox 1587 891 1848 970; x_wconf 62' lang='grc' dir='ltr'>ἀγρέηοις</span> <span class='ocrx_word' id='word_1_55' title='bbox 1875 890 1963 946; x_wconf 84' lang='grc' dir='ltr'>δι-</span> 
     </span>
     <span class='ocr_line' id='line_1_9' title="bbox 987 925 1847 971; baseline -0.002 0"><span class='ocrx_word' id='word_1_56' title='bbox 987 939 1056 971; x_wconf 76' lang='grc' dir='ltr'><strong>ἰ</strong></span> <span class='ocrx_word' id='word_1_57' title='bbox 1162 939 1183 952; x_wconf 76' lang='grc'><em>’⁸</em></span> <span class='ocrx_word' id='word_1_58' title='bbox 1292 943 1307 970; x_wconf 76' lang='grc'><strong>9</strong></span> <span class='ocrx_word' id='word_1_59' title='bbox 1731 925 1761 970; x_wconf 61' lang='grc' dir='ltr'>Υ</span> <span class='ocrx_word' id='word_1_60' title='bbox 1826 935 1847 955; x_wconf 75' lang='lat'><strong>‘</strong></span> 
     </span>
    </p>
   </div>
   <div class='ocr_carea' id='block_1_8' title="bbox 303 984 1962 1060">
    <p class='ocr_par' dir='ltr' id='par_1_8' title="bbox 303 984 1962 1060">
     <span class='ocr_line' id='line_1_10' title="bbox 303 984 1962 1060; baseline -0.004 -20"><span class='ocrx_word' id='word_1_61' title='bbox 303 984 632 1045; x_wconf 73' lang='grc' dir='ltr'>δασκαλίαις</span> <span class='ocrx_word' id='word_1_62' title='bbox 659 984 954 1060; x_wconf 78' lang='grc' dir='ltr'>ἐχρήσατο.</span> <span class='ocrx_word' id='word_1_63' title='bbox 989 985 1093 1041; x_wconf 82' lang='grc' dir='ltr'>Καὶ</span> <span class='ocrx_word' id='word_1_64' title='bbox 1123 990 1284 1040; x_wconf 78' lang='grc' dir='ltr'>τοῦτο</span> <span class='ocrx_word' id='word_1_65' title='bbox 1318 987 1409 1039; x_wconf 76' lang='grc' dir='ltr'>οὖν</span> <span class='ocrx_word' id='word_1_66' title='bbox 1458 984 1805 1059; x_wconf 74' lang='grc' dir='ltr'>παρατίθεται</span> <span class='ocrx_word' id='word_1_67' title='bbox 1863 984 1962 1035; x_wconf 74' lang='grc' dir='ltr'><strong>τοῦ</strong></span> 
     </span>
    </p>
   </div>
   <div class='ocr_carea' id='block_1_9' title="bbox 304 1072 1962 1149">
    <p class='ocr_par' dir='ltr' id='par_1_9' title="bbox 304 1072 1962 1149">
     <span class='ocr_line' id='line_1_11' title="bbox 304 1072 1962 1149; baseline -0.002 -21"><span class='ocrx_word' id='word_1_68' title='bbox 304 1075 459 1149; x_wconf 72' lang='grc' dir='ltr'>ἁγίου</span> <span class='ocrx_word' id='word_1_69' title='bbox 506 1074 790 1129; x_wconf 71' lang='grc' dir='ltr'>Διονυσίου</span> <span class='ocrx_word' id='word_1_70' title='bbox 835 1075 936 1144; x_wconf 83' lang='grc' dir='ltr'><strong>τήν</strong></span> <span class='ocrx_word' id='word_1_71' title='bbox 985 1075 1349 1149; x_wconf 78' lang='grc' dir='ltr'>ἀρχαιότητα,</span> <span class='ocrx_word' id='word_1_72' title='bbox 1407 1073 1495 1128; x_wconf 85' lang='grc' dir='ltr'>καὶ</span> <span class='ocrx_word' id='word_1_73' title='bbox 1551 1075 1634 1127; x_wconf 80' lang='grc' dir='ltr'><strong>ὅτι</strong></span> <span class='ocrx_word' id='word_1_74' title='bbox 1671 1077 1789 1133; x_wconf 80' lang='grc' dir='ltr'>τοῖς</span> <span class='ocrx_word' id='word_1_75' title='bbox 1821 1072 1962 1125; x_wconf 84' lang='grc' dir='ltr'>ἀπο-</span> 
     </span>
    </p>
   </div>
   <div class='ocr_carea' id='block_1_10' title="bbox 303 1159 1960 1237">
    <p class='ocr_par' dir='ltr' id='par_1_10' title="bbox 303 1159 1960 1237">
     <span class='ocr_line' id='line_1_12' title="bbox 303 1159 1960 1237; baseline -0.002 -19"><span class='ocrx_word' id='word_1_76' title='bbox 303 1164 529 1227; x_wconf 74' lang='grc' dir='ltr'>στόλοις</span> <span class='ocrx_word' id='word_1_77' title='bbox 578 1163 764 1225; x_wconf 80' lang='grc' dir='ltr'>αὐτοῖς</span> <span class='ocrx_word' id='word_1_78' title='bbox 816 1163 902 1217; x_wconf 86' lang='grc' dir='ltr'><strong>καὶ</strong></span> <span class='ocrx_word' id='word_1_79' title='bbox 950 1161 1343 1225; x_wconf 82' lang='grc' dir='ltr'>ἆποστολικοῖς</span> <span class='ocrx_word' id='word_1_80' title='bbox 1375 1159 1595 1237; x_wconf 73' lang='grc' dir='ltr'>ἀνδρὲἱσι</span> <span class='ocrx_word' id='word_1_81' title='bbox 1629 1162 1960 1233; x_wconf 79' lang='grc' dir='ltr'>συνήκμασε.</span> 
     </span>
    </p>
   </div>
   <div class='ocr_carea' id='block_1_11' title="bbox 304 1247 1965 1326">
    <p class='ocr_par' dir='ltr' id='par_1_11' title="bbox 304 1247 1965 1326">
     <span class='ocr_line' id='line_1_13' title="bbox 304 1247 1965 1326; baseline -0.002 -20"><span class='ocrx_word' id='word_1_82' title='bbox 304 1253 626 1324; x_wconf 73' lang='grc' dir='ltr'>Σημείωσαι</span> <span class='ocrx_word' id='word_1_83' title='bbox 660 1249 717 1306; x_wconf 73' lang='grc' dir='ltr'><strong>δὲ</strong></span> <span class='ocrx_word' id='word_1_84' title='bbox 747 1249 829 1306; x_wconf 81' lang='grc' dir='ltr'><strong>ὅτι</strong></span> <span class='ocrx_word' id='word_1_85' title='bbox 860 1251 948 1306; x_wconf 77' lang='grc' dir='ltr'>καὶ</span> <span class='ocrx_word' id='word_1_86' title='bbox 983 1252 1034 1306; x_wconf 72' lang='grc' dir='ltr'>οἱ</span> <span class='ocrx_word' id='word_1_87' title='bbox 1070 1257 1206 1316; x_wconf 78' lang='grc' dir='ltr'>θεῖοι</span> <span class='ocrx_word' id='word_1_88' title='bbox 1239 1250 1436 1306; x_wconf 73' lang='grc' dir='ltr'>ἐκεῑνοι</span> <span class='ocrx_word' id='word_1_89' title='bbox 1484 1248 1670 1326; x_wconf 76' lang='grc' dir='ltr'>ἄνδρες</span> <span class='ocrx_word' id='word_1_90' title='bbox 1731 1247 1965 1326; x_wconf 68' lang='grc' dir='ltr'>φιλοσό-</span> 
     </span>
    </p>
   </div>
   <div class='ocr_carea' id='block_1_12' title="bbox 305 1337 1963 1416">
    <p class='ocr_par' dir='ltr' id='par_1_12' title="bbox 305 1337 1963 1416">
     <span class='ocr_line' id='line_1_14' title="bbox 305 1337 1963 1416; baseline -0.004 -22"><span class='ocrx_word' id='word_1_91' title='bbox 305 1363 430 1415; x_wconf 60' lang='grc' dir='ltr'>φοις</span> <span class='ocrx_word' id='word_1_92' title='bbox 485 1339 692 1410; x_wconf 79' lang='grc' dir='ltr'>λέξεσιν</span> <span class='ocrx_word' id='word_1_93' title='bbox 752 1340 1021 1415; x_wconf 76' lang='grc' dir='ltr'>ἐχρῶντο,</span> <span class='ocrx_word' id='word_1_94' title='bbox 1085 1341 1372 1416; x_wconf 77' lang='grc' dir='ltr'>ἀφθεγξίαν</span> <span class='ocrx_word' id='word_1_95' title='bbox 1412 1339 1500 1394; x_wconf 74' lang='grc' dir='ltr'>καὶ</span> <span class='ocrx_word' id='word_1_96' title='bbox 1553 1338 1831 1409; x_wconf 72' lang='grc' dir='ltr'>ἀκινησίαν</span> <span class='ocrx_word' id='word_1_97' title='bbox 1865 1337 1963 1406; x_wconf 74' lang='grc' dir='ltr'>τὴν</span> 
     </span>
    </p>
   </div>
   <div class='ocr_carea' id='block_1_13' title="bbox 303 1428 1242 1503">
    <p class='ocr_par' dir='ltr' id='par_1_13' title="bbox 303 1428 1242 1503">
     <span class='ocr_line' id='line_1_15' title="bbox 303 1428 1242 1503; baseline 0.001 -19"><span class='ocrx_word' id='word_1_98' title='bbox 303 1434 402 1484; x_wconf 64' lang='grc' dir='ltr'><strong>τοῦ</strong></span> <span class='ocrx_word' id='word_1_99' title='bbox 435 1434 572 1484; x_wconf 75' lang='grc' dir='ltr'>Θεοῦ</span> <span class='ocrx_word' id='word_1_100' title='bbox 605 1430 826 1503; x_wconf 74' lang='grc' dir='ltr'>εἰρήνην</span> <span class='ocrx_word' id='word_1_101' title='bbox 862 1428 1242 1502; x_wconf 73' lang='grc' dir='ltr'>ὀνομάζοντες.</span> 
     </span>
    </p>
   </div>
   <div class='ocr_carea' id='block_1_14' title="bbox 378 1514 1966 1587">
    <p class='ocr_par' dir='ltr' id='par_1_14' title="bbox 378 1514 1966 1587">
     <span class='ocr_line' id='line_1_16' title="bbox 378 1514 1966 1587; baseline -0.004 -13"><span class='ocrx_word' id='word_1_102' title='bbox 378 1517 705 1574; x_wconf 85' lang='grc' dir='ltr'>Ἀπολείπει</span> <span class='ocrx_word' id='word_1_103' title='bbox 735 1519 836 1586; x_wconf 78' lang='grc' dir='ltr'><strong>τήν</strong></span> <span class='ocrx_word' id='word_1_104' title='bbox 883 1518 1079 1587; x_wconf 71' lang='grc' dir='ltr'>ἑαυτῆς</span> <span class='ocrx_word' id='word_1_105' title='bbox 1121 1514 1333 1574; x_wconf 69' lang='grc' dir='ltr'>ἕνωσιν.</span> <span class='ocrx_word' id='word_1_106' title='bbox 1366 1519 1600 1574; x_wconf 81' lang='grc' dir='ltr'>Ἕνωσιν</span> <span class='ocrx_word' id='word_1_107' title='bbox 1633 1515 1857 1579; x_wconf 78' lang='grc' dir='ltr'>ἐνταῦθα</span> <span class='ocrx_word' id='word_1_108' title='bbox 1905 1515 1966 1568; x_wconf 82' lang='grc' dir='ltr'>τὸ</span> 
     </span>
    </p>
   </div>
   <div class='ocr_carea' id='block_1_15' title="bbox 307 1604 1643 1684">
    <p class='ocr_par' dir='ltr' id='par_1_15' title="bbox 307 1604 1643 1684">
     <span class='ocr_line' id='line_1_17' title="bbox 307 1604 1643 1684; baseline -0.001 -22"><span class='ocrx_word' id='word_1_109' title='bbox 307 1606 518 1662; x_wconf 72' lang='grc' dir='ltr'>ἁπλοῦν</span> <span class='ocrx_word' id='word_1_110' title='bbox 550 1607 640 1661; x_wconf 78' lang='grc' dir='ltr'>καὶ</span> <span class='ocrx_word' id='word_1_111' title='bbox 671 1607 892 1672; x_wconf 73' lang='grc' dir='ltr'>ἐνιαῖον,</span> <span class='ocrx_word' id='word_1_112' title='bbox 924 1608 1091 1680; x_wconf 74' lang='grc' dir='ltr'>ἤγουν</span> <span class='ocrx_word' id='word_1_113' title='bbox 1114 1604 1420 1680; x_wconf 82' lang='grc' dir='ltr'>ἀδιαίρετον</span> <span class='ocrx_word' id='word_1_114' title='bbox 1457 1605 1643 1684; x_wconf 70' lang='grc' dir='ltr'>φησίν.</span> 
     </span>
    </p>
   </div>
   <div class='ocr_carea' id='block_1_16' title="bbox 376 1693 1966 1770">
    <p class='ocr_par' dir='ltr' id='par_1_16' title="bbox 376 1693 1966 1770">
     <span class='ocr_line' id='line_1_18' title="bbox 376 1693 1966 1770; baseline -0.004 -18"><span class='ocrx_word' id='word_1_115' title='bbox 376 1695 572 1752; x_wconf 81' lang='grc' dir='ltr'>Ἐνδον</span> <span class='ocrx_word' id='word_1_116' title='bbox 606 1695 711 1765; x_wconf 80' lang='grc' dir='ltr'><strong>ὅλη</strong></span> <span class='ocrx_word' id='word_1_117' title='bbox 750 1694 1001 1768; x_wconf 78' lang='grc' dir='ltr'>μένουσα.</span> <span class='ocrx_word' id='word_1_118' title='bbox 1037 1697 1296 1752; x_wconf 85' lang='grc' dir='ltr'>Τουτέστι</span> <span class='ocrx_word' id='word_1_119' title='bbox 1327 1697 1426 1764; x_wconf 72' lang='grc' dir='ltr'>τήν</span> <span class='ocrx_word' id='word_1_120' title='bbox 1476 1696 1700 1750; x_wconf 73' lang='grc' dir='ltr'>ὲαυτοῦθ</span> <span class='ocrx_word' id='word_1_121' title='bbox 1737 1693 1966 1770; x_wconf 53' lang='lat' dir='ltr'><strong>&gt;190&quot;;er-</strong></span> 
     </span>
    </p>
   </div>
   <div class='ocr_carea' id='block_1_17' title="bbox 304 1782 1349 1859">
    <p class='ocr_par' dir='ltr' id='par_1_17' title="bbox 304 1782 1349 1859">
     <span class='ocr_line' id='line_1_19' title="bbox 304 1782 1349 1859; baseline -0.002 -19"><span class='ocrx_word' id='word_1_122' title='bbox 304 1806 445 1855; x_wconf 86' lang='grc' dir='ltr'>τητα</span> <span class='ocrx_word' id='word_1_123' title='bbox 473 1785 806 1859; x_wconf 78' lang='grc' dir='ltr'>παρεξιοῦσα</span> <span class='ocrx_word' id='word_1_124' title='bbox 834 1785 920 1839; x_wconf 78' lang='grc' dir='ltr'>καὶ</span> <span class='ocrx_word' id='word_1_125' title='bbox 958 1782 1349 1839; x_wconf 79' lang='grc' dir='ltr'>ἀπολείπουσα.</span> 
     </span>
    </p>
   </div>
   <div class='ocr_carea' id='block_1_18' title="bbox 378 1869 1963 1949">
    <p class='ocr_par' dir='ltr' id='par_1_18' title="bbox 378 1869 1963 1949">
     <span class='ocr_line' id='line_1_20' title="bbox 378 1869 1963 1949; baseline -0.004 -19"><span class='ocrx_word' id='word_1_126' title='bbox 378 1874 490 1936; x_wconf 83' lang='grc' dir='ltr'><strong>Τάς</strong></span> <span class='ocrx_word' id='word_1_127' title='bbox 535 1874 738 1944; x_wconf 71' lang='grc' dir='ltr'>νοητὰς</span> <span class='ocrx_word' id='word_1_128' title='bbox 787 1873 954 1943; x_wconf 75' lang='grc' dir='ltr'>αὐτῆς</span> <span class='ocrx_word' id='word_1_129' title='bbox 997 1873 1086 1928; x_wconf 83' lang='grc' dir='ltr'>καὶ</span> <span class='ocrx_word' id='word_1_130' title='bbox 1133 1873 1321 1949; x_wconf 69' lang='grc' dir='ltr'>ῥητὰς.</span> <span class='ocrx_word' id='word_1_131' title='bbox 1383 1873 1600 1943; x_wconf 79' lang='grc' dir='ltr'>Νοητᾶς</span> <span class='ocrx_word' id='word_1_132' title='bbox 1655 1873 1742 1927; x_wconf 80' lang='grc' dir='ltr'><strong>καὶ</strong></span> <span class='ocrx_word' id='word_1_133' title='bbox 1796 1869 1963 1946; x_wconf 74' lang='grc' dir='ltr'>ῥητὰς</span> 
     </span>
    </p>
   </div>
   <div class='ocr_carea' id='block_1_19' title="bbox 313 1959 1963 2039">
    <p class='ocr_par' dir='ltr' id='par_1_19' title="bbox 313 1959 1963 2039">
     <span class='ocr_line' id='line_1_21' title="bbox 313 1959 1963 2039; baseline -0.002 -22"><span class='ocrx_word' id='word_1_134' title='bbox 313 1962 607 2034; x_wconf 69' lang='grc' dir='ltr'>μετουσίας</span> <span class='ocrx_word' id='word_1_135' title='bbox 639 1961 806 2037; x_wconf 75' lang='grc' dir='ltr'>φησὶν</span> <span class='ocrx_word' id='word_1_136' title='bbox 865 1962 961 2017; x_wconf 76' lang='grc' dir='ltr'><strong>ὅσα</strong></span> <span class='ocrx_word' id='word_1_137' title='bbox 1021 1959 1110 2017; x_wconf 70' lang='grc' dir='ltr'><strong>διὰ</strong></span> <span class='ocrx_word' id='word_1_138' title='bbox 1164 1968 1272 2017; x_wconf 84' lang='grc' dir='ltr'><strong>τῶν</strong></span> <span class='ocrx_word' id='word_1_139' title='bbox 1307 1960 1612 2039; x_wconf 75' lang='grc' dir='ltr'>εἰρημένων</span> <span class='ocrx_word' id='word_1_140' title='bbox 1655 1965 1725 2034; x_wconf 76' lang='grc' dir='ltr'><strong>τῇ</strong></span> <span class='ocrx_word' id='word_1_141' title='bbox 1777 1963 1963 2036; x_wconf 74' lang='grc' dir='ltr'>Γραφῇ</span> 
     </span>
    </p>
   </div>
   <div class='ocr_carea' id='block_1_20' title="bbox 313 2051 900 2129">
    <p class='ocr_par' dir='ltr' id='par_1_20' title="bbox 313 2051 900 2129">
     <span class='ocr_line' id='line_1_22' title="bbox 313 2051 900 2129; baseline 0.005 -23"><span class='ocrx_word' id='word_1_142' title='bbox 313 2051 517 2129; x_wconf 66' lang='grc' dir='ltr'>ἐφεῖται</span> <span class='ocrx_word' id='word_1_143' title='bbox 549 2057 692 2107; x_wconf 83' lang='grc' dir='ltr'>νοεῖν</span> <span class='ocrx_word' id='word_1_144' title='bbox 727 2054 900 2125; x_wconf 73' lang='grc' dir='ltr'>ἡμᾶς.</span> 
     </span>
    </p>
   </div>
   <div class='ocr_carea' id='block_1_21' title="bbox 384 2230 1962 2308">
    <p class='ocr_par' dir='ltr' id='par_1_21' title="bbox 384 2230 1962 2308">
     <span class='ocr_line' id='line_1_23' title="bbox 384 2230 1962 2308; baseline -0.003 -18"><span class='ocrx_word' id='word_1_145' title='bbox 384 2237 413 2304; x_wconf 90' lang='lat'>§</span> <span class='ocrx_word' id='word_1_146' title='bbox 445 2235 516 2290; x_wconf 86' lang='grc' dir='ltr'><strong>Π.</strong></span> <span class='ocrx_word' id='word_1_147' title='bbox 552 2233 695 2288; x_wconf 80' lang='grc' dir='ltr'>Κατά</span> <span class='ocrx_word' id='word_1_148' title='bbox 721 2235 822 2302; x_wconf 79' lang='grc' dir='ltr'><strong>τήν</strong></span> <span class='ocrx_word' id='word_1_149' title='bbox 851 2232 1154 2308; x_wconf 72' lang='grc' dir='ltr'>ἀσύγχυτον</span> <span class='ocrx_word' id='word_1_150' title='bbox 1185 2235 1365 2288; x_wconf 81' lang='grc' dir='ltr'>αὐτῶν</span> <span class='ocrx_word' id='word_1_151' title='bbox 1393 2230 1601 2289; x_wconf 71' lang='grc' dir='ltr'>ἕνωσιν.</span> <span class='ocrx_word' id='word_1_152' title='bbox 1632 2233 1755 2290; x_wconf 78' lang='grc' dir='ltr'>’Ὁτι</span> <span class='ocrx_word' id='word_1_153' title='bbox 1778 2231 1867 2286; x_wconf 82' lang='grc' dir='ltr'><strong>καὶ</strong></span> <span class='ocrx_word' id='word_1_154' title='bbox 1898 2231 1962 2285; x_wconf 71' lang='grc' dir='ltr'><strong>τὰ</strong></span> 
     </span>
    </p>
   </div>
   <div class='ocr_carea' id='block_1_22' title="bbox 316 2318 1960 2395">
    <p class='ocr_par' dir='ltr' id='par_1_22' title="bbox 316 2318 1960 2395">
     <span class='ocr_line' id='line_1_24' title="bbox 316 2318 1960 2395; baseline -0.002 -18"><span class='ocrx_word' id='word_1_155' title='bbox 316 2323 388 2384; x_wconf 84' lang='grc' dir='ltr'>εἷς</span> <span class='ocrx_word' id='word_1_156' title='bbox 441 2321 684 2386; x_wconf 75' lang='grc' dir='ltr'>σύνθεσιν</span> <span class='ocrx_word' id='word_1_157' title='bbox 735 2321 882 2376; x_wconf 72' lang='grc' dir='ltr'>ἰόντα</span> <span class='ocrx_word' id='word_1_158' title='bbox 934 2318 1118 2376; x_wconf 75' lang='grc' dir='ltr'>ἕνωσιν</span> <span class='ocrx_word' id='word_1_159' title='bbox 1147 2322 1326 2395; x_wconf 73' lang='grc' dir='ltr'>καλεῖ,</span> <span class='ocrx_word' id='word_1_160' title='bbox 1375 2321 1469 2377; x_wconf 69' lang='grc' dir='ltr'><strong>κᾶν</strong></span> <span class='ocrx_word' id='word_1_161' title='bbox 1568 2319 1820 2393; x_wconf 74' lang='grc' dir='ltr'>ἀνόμοια·</span> <span class='ocrx_word' id='word_1_162' title='bbox 1870 2319 1960 2375; x_wconf 80' lang='grc' dir='ltr'>καὶ</span> 
     </span>
    </p>
   </div>
   <div class='ocr_carea' id='block_1_23' title="bbox 311 2407 1600 2489">
    <p class='ocr_par' dir='ltr' id='par_1_23' title="bbox 311 2407 1600 2489">
     <span class='ocr_line' id='line_1_25' title="bbox 311 2407 1600 2489; baseline -0.001 -22"><span class='ocrx_word' id='word_1_163' title='bbox 311 2407 468 2467; x_wconf 80' lang='grc' dir='ltr'>ποῖόν</span> <span class='ocrx_word' id='word_1_164' title='bbox 502 2433 668 2488; x_wconf 75' lang='grc' dir='ltr'>φησιν</span> <span class='ocrx_word' id='word_1_165' title='bbox 696 2412 755 2466; x_wconf 87' lang='grc' dir='ltr'><strong>’ὸν</strong></span> <span class='ocrx_word' id='word_1_166' title='bbox 783 2412 1000 2489; x_wconf 75' lang='grc' dir='ltr'>προέφη</span> <span class='ocrx_word' id='word_1_167' title='bbox 1033 2409 1300 2488; x_wconf 66' lang='grc' dir='ltr'>ἐμφύλιον</span> <span class='ocrx_word' id='word_1_168' title='bbox 1331 2410 1600 2484; x_wconf 77' lang='grc' dir='ltr'>πόλεμον.</span> 
     </span>
    </p>
   </div>
   <div class='ocr_carea' id='block_1_24' title="bbox 378 2589 1959 2666">
    <p class='ocr_par' dir='ltr' id='par_1_24' title="bbox 378 2589 1959 2666">
     <span class='ocr_line' id='line_1_26' title="bbox 378 2589 1959 2666; baseline -0.004 -19"><span class='ocrx_word' id='word_1_169' title='bbox 378 2591 575 2663; x_wconf 80' lang='grc' dir='ltr'>’Ὀμως</span> <span class='ocrx_word' id='word_1_170' title='bbox 633 2591 925 2666; x_wconf 74' lang='grc' dir='ltr'><strong>ἀκραιφνῆ.</strong></span> <span class='ocrx_word' id='word_1_171' title='bbox 972 2591 1032 2646; x_wconf 83' lang='grc' dir='ltr'><strong>Εἰ</strong></span> <span class='ocrx_word' id='word_1_172' title='bbox 1080 2589 1172 2644; x_wconf 82' lang='grc' dir='ltr'><strong>καὶ</strong></span> <span class='ocrx_word' id='word_1_173' title='bbox 1209 2591 1278 2645; x_wconf 72' lang='grc' dir='ltr'>τὰ</span> <span class='ocrx_word' id='word_1_174' title='bbox 1331 2596 1598 2666; x_wconf 79' lang='grc' dir='ltr'>στοιχεῖα,</span> <span class='ocrx_word' id='word_1_175' title='bbox 1658 2590 1814 2663; x_wconf 77' lang='grc' dir='ltr'>φησὶ,</span> <span class='ocrx_word' id='word_1_176' title='bbox 1858 2589 1959 2656; x_wconf 84' lang='grc' dir='ltr'><strong>τήν</strong></span> 
     </span>
    </p>
   </div>
   <div class='ocr_carea' id='block_1_25' title="bbox 311 2675 1956 2751">
    <p class='ocr_par' dir='ltr' id='par_1_25' title="bbox 311 2675 1956 2751">
     <span class='ocr_line' id='line_1_27' title="bbox 311 2675 1956 2751; baseline -0.001 -19"><span class='ocrx_word' id='word_1_177' title='bbox 311 2679 446 2751; x_wconf 77' lang='grc' dir='ltr'>πρὸς</span> <span class='ocrx_word' id='word_1_178' title='bbox 492 2675 719 2747; x_wconf 71' lang='grc' dir='ltr'>ἄλληλα</span> <span class='ocrx_word' id='word_1_179' title='bbox 769 2677 858 2732; x_wconf 83' lang='grc' dir='ltr'><strong>καὶ</strong></span> <span class='ocrx_word' id='word_1_180' title='bbox 917 2676 1058 2750; x_wconf 78' lang='grc' dir='ltr'>μίξιν</span> <span class='ocrx_word' id='word_1_181' title='bbox 1116 2678 1204 2732; x_wconf 83' lang='grc' dir='ltr'><strong>καὶ</strong></span> <span class='ocrx_word' id='word_1_182' title='bbox 1265 2677 1589 2750; x_wconf 74' lang='grc' dir='ltr'>συμπλοκὴν</span> <span class='ocrx_word' id='word_1_183' title='bbox 1650 2675 1956 2751; x_wconf 82' lang='grc' dir='ltr'>ἀδιαίρετον</span> 
     </span>
    </p>
   </div>
   <div class='ocr_carea' id='block_1_26' title="bbox 313 2765 1961 2843">
    <p class='ocr_par' dir='ltr' id='par_1_26' title="bbox 313 2765 1961 2843">
     <span class='ocr_line' id='line_1_28' title="bbox 313 2765 1961 2843; baseline -0.001 -21"><span class='ocrx_word' id='word_1_184' title='bbox 313 2765 555 2843; x_wconf 74' lang='grc' dir='ltr'>ἔχουσιν,</span> <span class='ocrx_word' id='word_1_185' title='bbox 607 2767 736 2821; x_wconf 75' lang='grc' dir='ltr'>ἀλλ’</span> <span class='ocrx_word' id='word_1_186' title='bbox 791 2766 944 2837; x_wconf 77' lang='grc' dir='ltr'>ὅμως</span> <span class='ocrx_word' id='word_1_187' title='bbox 972 2767 1027 2820; x_wconf 75' lang='grc' dir='ltr'>αἱ</span> <span class='ocrx_word' id='word_1_188' title='bbox 1073 2766 1281 2822; x_wconf 76' lang='grc' dir='ltr'>τούτων</span> <span class='ocrx_word' id='word_1_189' title='bbox 1337 2766 1624 2836; x_wconf 81' lang='grc' dir='ltr'>ποιότητες</span> <span class='ocrx_word' id='word_1_190' title='bbox 1650 2767 1746 2834; x_wconf 79' lang='grc' dir='ltr'><strong>τήν</strong></span> <span class='ocrx_word' id='word_1_191' title='bbox 1800 2765 1961 2840; x_wconf 85' lang='grc' dir='ltr'>ἀκρό-</span> 
     </span>
    </p>
   </div>
   <div class='ocr_carea' id='block_1_27' title="bbox 311 2852 1963 2930">
    <p class='ocr_par' dir='ltr' id='par_1_27' title="bbox 311 2852 1963 2930">
     <span class='ocr_line' id='line_1_29' title="bbox 311 2852 1963 2930; baseline 0 -20"><span class='ocrx_word' id='word_1_192' title='bbox 311 2877 450 2925; x_wconf 83' lang='grc' dir='ltr'>τητα</span> <span class='ocrx_word' id='word_1_193' title='bbox 479 2856 659 2910; x_wconf 76' lang='grc' dir='ltr'>αὐτῶν</span> <span class='ocrx_word' id='word_1_194' title='bbox 708 2856 772 2909; x_wconf 75' lang='grc' dir='ltr'><strong>οὐ</strong></span> <span class='ocrx_word' id='word_1_195' title='bbox 822 2852 1328 2930; x_wconf 83' lang='grc' dir='ltr'>παραπολλύουσιν,</span> <span class='ocrx_word' id='word_1_196' title='bbox 1380 2858 1494 2910; x_wconf 84' lang='grc' dir='ltr'>οἷον</span> <span class='ocrx_word' id='word_1_197' title='bbox 1525 2855 1587 2909; x_wconf 86' lang='grc' dir='ltr'>τὸ</span> <span class='ocrx_word' id='word_1_198' title='bbox 1619 2856 1842 2929; x_wconf 81' lang='grc' dir='ltr'>θερμὸν,</span> <span class='ocrx_word' id='word_1_199' title='bbox 1900 2855 1963 2910; x_wconf 84' lang='grc' dir='ltr'><strong>τὸ</strong></span> 
     </span>
    </p>
   </div>
   <div class='ocr_carea' id='block_1_28' title="bbox 316 2940 1962 3021">
    <p class='ocr_par' dir='ltr' id='par_1_28' title="bbox 316 2940 1962 3021">
     <span class='ocr_line' id='line_1_30' title="bbox 316 2940 1962 3021; baseline -0.001 -22"><span class='ocrx_word' id='word_1_200' title='bbox 316 2945 498 3021; x_wconf 79' lang='grc' dir='ltr'>ξηρὸν,</span> <span class='ocrx_word' id='word_1_201' title='bbox 531 2945 622 2998; x_wconf 71' lang='grc' dir='ltr'><strong>καὶ</strong></span> <span class='ocrx_word' id='word_1_202' title='bbox 655 2943 724 2998; x_wconf 70' lang='grc' dir='ltr'>τὰ</span> <span class='ocrx_word' id='word_1_203' title='bbox 753 2943 923 2998; x_wconf 80' lang='grc' dir='ltr'>λοιπά</span> <span class='ocrx_word' id='word_1_204' title='bbox 950 2943 1000 2997; x_wconf 83' lang='grc' dir='ltr'><strong>έν</strong></span> <span class='ocrx_word' id='word_1_205' title='bbox 1028 2946 1096 3016; x_wconf 78' lang='grc' dir='ltr'><strong>τῇ</strong></span> <span class='ocrx_word' id='word_1_206' title='bbox 1143 2948 1249 2998; x_wconf 91' lang='grc' dir='ltr'><strong>τῶν</strong></span> <span class='ocrx_word' id='word_1_207' title='bbox 1283 2940 1596 3019; x_wconf 68' lang='grc' dir='ltr'>ἑτιροειδῶν</span> <span class='ocrx_word' id='word_1_208' title='bbox 1622 2945 1832 3018; x_wconf 73' lang='grc' dir='ltr'>κράσει,</span> <span class='ocrx_word' id='word_1_209' title='bbox 1863 2944 1962 3012; x_wconf 81' lang='grc' dir='ltr'><strong>τήν</strong></span> 
     </span>
    </p>
   </div>
   <div class='ocr_carea' id='block_1_29' title="bbox 316 3031 1108 3108">
    <p class='ocr_par' dir='ltr' id='par_1_29' title="bbox 316 3031 1108 3108">
     <span class='ocr_line' id='line_1_31' title="bbox 316 3031 1108 3108; baseline 0 -20"><span class='ocrx_word' id='word_1_210' title='bbox 316 3033 366 3088; x_wconf 70' lang='grc' dir='ltr'>ἐν</span> <span class='ocrx_word' id='word_1_211' title='bbox 397 3039 476 3104; x_wconf 79' lang='grc' dir='ltr'>τῷ</span> <span class='ocrx_word' id='word_1_212' title='bbox 506 3032 667 3088; x_wconf 80' lang='grc' dir='ltr'>παντὶ</span> <span class='ocrx_word' id='word_1_213' title='bbox 700 3031 1108 3108; x_wconf 71' lang='grc' dir='ltr'>θεωρουμένην.</span> 
     </span>
    </p>
   </div>
   <div class='ocr_carea' id='block_1_30' title="bbox 385 3118 1964 3196">
    <p class='ocr_par' dir='ltr' id='par_1_30' title="bbox 385 3118 1964 3196">
     <span class='ocr_line' id='line_1_32' title="bbox 385 3118 1964 3196; baseline -0.001 -20"><span class='ocrx_word' id='word_1_214' title='bbox 385 3123 530 3196; x_wconf 83' lang='grc' dir='ltr'>Πρὸς</span> <span class='ocrx_word' id='word_1_215' title='bbox 589 3121 658 3175; x_wconf 69' lang='grc' dir='ltr'>τὲ</span> <span class='ocrx_word' id='word_1_216' title='bbox 726 3119 1067 3192; x_wconf 75' lang='grc' dir='ltr'>ἀντικείμενα</span> <span class='ocrx_word' id='word_1_217' title='bbox 1139 3119 1380 3194; x_wconf 71' lang='grc' dir='ltr'>κράσεως</span> <span class='ocrx_word' id='word_1_218' title='bbox 1418 3165 1430 3178; x_wconf 93' lang='grc'><strong>.</strong></span> <span class='ocrx_word' id='word_1_219' title='bbox 1482 3126 1676 3194; x_wconf 77' lang='grc' dir='ltr'>Κρᾶσιν</span> <span class='ocrx_word' id='word_1_220' title='bbox 1739 3118 1964 3185; x_wconf 71' lang='grc' dir='ltr'>ἐνταῦθα</span> 
     </span>
    </p>
   </div>
   <div class='ocr_carea' id='block_1_31' title="bbox 1067 329 2954 387">
    <p class='ocr_par' dir='ltr' id='par_1_31' title="bbox 1067 329 2954 387">
     <span class='ocr_line' id='line_1_33' title="bbox 1067 329 2954 387; baseline -0.001 -2"><span class='ocrx_word' id='word_1_221' title='bbox 1067 334 1126 385; x_wconf 84' lang='lat' dir='ltr'><strong>S.</strong></span> <span class='ocrx_word' id='word_1_222' title='bbox 1168 331 1440 386; x_wconf 81' lang='lat' dir='ltr'><strong>MAXIMI</strong></span> <span class='ocrx_word' id='word_1_223' title='bbox 1478 330 1778 387; x_wconf 84' lang='lat' dir='ltr'><strong>SCHOLIA</strong></span> <span class='ocrx_word' id='word_1_224' title='bbox 1819 330 1893 382; x_wconf 78' lang='lat' dir='ltr'><strong>IN</strong></span> <span class='ocrx_word' id='word_1_225' title='bbox 1932 329 2064 382; x_wconf 87' lang='lat' dir='ltr'><strong>LIB.</strong></span> <span class='ocrx_word' id='word_1_226' title='bbox 2105 331 2201 383; x_wconf 80' lang='lat' dir='ltr'><strong>DE</strong></span> <span class='ocrx_word' id='word_1_227' title='bbox 2239 331 2508 386; x_wconf 77' lang='lat' dir='ltr'><strong>DIVINIS</strong></span> <span class='ocrx_word' id='word_1_228' title='bbox 2544 332 2954 387; x_wconf 79' lang='lat' dir='ltr'><strong>NOMINIBUS.</strong></span> 
     </span>
    </p>
   </div>
   <div class='ocr_carea' id='block_1_32' title="bbox 1824 453 3719 528">
    <p class='ocr_par' dir='ltr' id='par_1_32' title="bbox 1824 453 3719 528">
     <span class='ocr_line' id='line_1_34' title="bbox 1824 453 3719 528; baseline 0.006 -26"><span class='ocrx_word' id='word_1_229' title='bbox 1824 453 1963 520; x_wconf 84' lang='grc' dir='ltr'><strong>[Ση-</strong></span> <span class='ocrx_word' id='word_1_230' title='bbox 1997 454 2045 518; x_wconf 74' lang='grc' dir='ltr'><strong>Α</strong></span> <span class='ocrx_word' id='word_1_231' title='bbox 2150 453 2324 520; x_wconf 80' lang='lat' dir='ltr'><strong>Quam</strong></span> <span class='ocrx_word' id='word_1_232' title='bbox 2371 464 2588 508; x_wconf 70' lang='lat' dir='ltr'><strong>saucius</strong></span> <span class='ocrx_word' id='word_1_233' title='bbox 2643 457 2828 509; x_wconf 72' lang='lat' dir='ltr'><strong>Justus</strong></span> <span class='ocrx_word' id='word_1_234' title='bbox 2877 458 3034 509; x_wconf 74' lang='lat' dir='ltr'><strong>vorat</strong></span> <span class='ocrx_word' id='word_1_235' title='bbox 3077 455 3471 511; x_wconf 75' lang='lat' dir='ltr'><strong>insommtiam.</strong></span> <span class='ocrx_word' id='word_1_236' title='bbox 3526 457 3719 528; x_wconf 87' lang='lat' dir='ltr'><strong>[Nota]</strong></span> 
     </span>
    </p>
   </div>
   <div class='ocr_carea' id='block_1_33' title="bbox 3610 333 3716 388">
    <p class='ocr_par' dir='ltr' id='par_1_33' title="bbox 3610 333 3716 388">
     <span class='ocr_line' id='line_1_35' title="bbox 3610 333 3716 388; baseline 0.019 -2"><span class='ocrx_word' id='word_1_237' title='bbox 3610 333 3716 388; x_wconf 75' lang='grc'><strong>394</strong></span> 
     </span>
    </p>
   </div>
   <div class='ocr_carea' id='block_1_34' title="bbox 2071 541 3720 614">
    <p class='ocr_par' dir='ltr' id='par_1_34' title="bbox 2071 541 3720 614">
     <span class='ocr_line' id='line_1_36' title="bbox 2071 541 3720 614; baseline 0.004 -19"><span class='ocrx_word' id='word_1_238' title='bbox 2071 541 2142 595; x_wconf 82' lang='lat' dir='ltr'><strong>de</strong></span> <span class='ocrx_word' id='word_1_239' title='bbox 2171 542 2356 603; x_wconf 85' lang='lat' dir='ltr'><strong>Justo.</strong></span> <span class='ocrx_word' id='word_1_240' title='bbox 2390 546 2446 596; x_wconf 89' lang='lat' dir='ltr'><strong>et</strong></span> <span class='ocrx_word' id='word_1_241' title='bbox 2476 542 2631 613; x_wconf 91' lang='lat' dir='ltr'><strong>quod</strong></span> <span class='ocrx_word' id='word_1_242' title='bbox 2665 541 2926 597; x_wconf 91' lang='lat' dir='ltr'><strong>numinis</strong></span> <span class='ocrx_word' id='word_1_243' title='bbox 2958 541 3494 614; x_wconf 85' lang='lat' dir='ltr'><strong>pacem,silentium</strong></span> <span class='ocrx_word' id='word_1_244' title='bbox 3517 550 3576 601; x_wconf 92' lang='lat' dir='ltr'><strong>et</strong></span> <span class='ocrx_word' id='word_1_245' title='bbox 3592 562 3720 600; x_wconf 83' lang='lat' dir='ltr'><strong>mo-</strong></span> 
     </span>
    </p>
   </div>
   <div class='ocr_carea' id='block_1_35' title="bbox 2071 630 3719 703">
    <p class='ocr_par' dir='ltr' id='par_1_35' title="bbox 2071 630 3719 703">
     <span class='ocr_line' id='line_1_37' title="bbox 2071 630 3719 703; baseline 0.003 -20"><span class='ocrx_word' id='word_1_246' title='bbox 2071 634 2167 685; x_wconf 88' lang='lat' dir='ltr'><strong>tus</strong></span> <span class='ocrx_word' id='word_1_247' title='bbox 2198 632 2550 686; x_wconf 75' lang='lat' dir='ltr'><strong>vacuitatem</strong></span> <span class='ocrx_word' id='word_1_248' title='bbox 2582 630 2854 703; x_wconf 88' lang='lat' dir='ltr'><strong>appellet.</strong></span> <span class='ocrx_word' id='word_1_249' title='bbox 2890 630 3078 701; x_wconf 80' lang='lat' dir='ltr'><strong>Hujus</strong></span> <span class='ocrx_word' id='word_1_250' title='bbox 3109 636 3308 687; x_wconf 88' lang='lat' dir='ltr'><strong>autem</strong></span> <span class='ocrx_word' id='word_1_251' title='bbox 3352 634 3541 688; x_wconf 82' lang='lat' dir='ltr'><strong>sancti</strong></span> <span class='ocrx_word' id='word_1_252' title='bbox 3564 634 3719 690; x_wconf 90' lang='lat' dir='ltr'><strong>Justi</strong></span> 
     </span>
    </p>
   </div>
   <div class='ocr_carea' id='block_1_36' title="bbox 2074 719 3724 791">
    <p class='ocr_par' dir='ltr' id='par_1_36' title="bbox 2074 719 3724 791">
     <span class='ocr_line' id='line_1_38' title="bbox 2074 719 3724 791; baseline 0.004 -19"><span class='ocrx_word' id='word_1_253' title='bbox 2074 719 2474 775; x_wconf 90' lang='lat' dir='ltr'><strong>meminerunt</strong></span> <span class='ocrx_word' id='word_1_254' title='bbox 2495 723 2628 774; x_wconf 84' lang='lat' dir='ltr'><strong>Acta</strong></span> <span class='ocrx_word' id='word_1_255' title='bbox 2659 723 2996 776; x_wconf 87' lang='lat' dir='ltr'><strong>sanctorum</strong></span> <span class='ocrx_word' id='word_1_256' title='bbox 3030 720 3724 791; x_wconf 85' lang='lat' dir='ltr'><strong>apostolorum,asseren-</strong></span> 
     </span>
    </p>
   </div>
   <div class='ocr_carea' id='block_1_37' title="bbox 2072 807 3720 883">
    <p class='ocr_par' dir='ltr' id='par_1_37' title="bbox 2072 807 3720 883">
     <span class='ocr_line' id='line_1_39' title="bbox 2072 807 3720 883; baseline 0.002 -21"><span class='ocrx_word' id='word_1_257' title='bbox 2072 807 2152 862; x_wconf 86' lang='lat' dir='ltr'><strong>tia</strong></span> <span class='ocrx_word' id='word_1_258' title='bbox 2183 807 2377 879; x_wconf 87' lang='lat' dir='ltr'><strong>ipsum</strong></span> <span class='ocrx_word' id='word_1_259' title='bbox 2410 809 2582 864; x_wconf 87' lang='lat' dir='ltr'><strong>etiam</strong></span> <span class='ocrx_word' id='word_1_260' title='bbox 2616 809 2792 864; x_wconf 88' lang='lat' dir='ltr'><strong>Josen</strong></span> <span class='ocrx_word' id='word_1_261' title='bbox 2837 809 3050 864; x_wconf 86' lang='lat' dir='ltr'><strong>vocari.</strong></span> <span class='ocrx_word' id='word_1_262' title='bbox 3072 809 3268 864; x_wconf 85' lang='lat' dir='ltr'><strong>Potius</strong></span> <span class='ocrx_word' id='word_1_263' title='bbox 3291 809 3471 882; x_wconf 79' lang='lat' dir='ltr'><strong>igitur</strong></span> <span class='ocrx_word' id='word_1_264' title='bbox 3500 809 3720 883; x_wconf 86' lang='lat' dir='ltr'><strong>aliquid</strong></span> 
     </span>
    </p>
   </div>
   <div class='ocr_carea' id='block_1_38' title="bbox 2073 896 3723 970">
    <p class='ocr_par' dir='ltr' id='par_1_38' title="bbox 2073 896 3723 970">
     <span class='ocr_line' id='line_1_40' title="bbox 2073 896 3723 970; baseline 0.002 -20"><span class='ocrx_word' id='word_1_265' title='bbox 2073 896 2249 950; x_wconf 88' lang='lat' dir='ltr'><strong>ctiam</strong></span> <span class='ocrx_word' id='word_1_266' title='bbox 2282 898 2656 968; x_wconf 84' lang='lat' dir='ltr'><strong>conscripsit,</strong></span> <span class='ocrx_word' id='word_1_267' title='bbox 2689 902 2790 952; x_wconf 87' lang='lat' dir='ltr'><strong>aut</strong></span> <span class='ocrx_word' id='word_1_268' title='bbox 2819 897 2993 953; x_wconf 86' lang='lat' dir='ltr'><strong>etiam</strong></span> <span class='ocrx_word' id='word_1_269' title='bbox 3044 915 3156 953; x_wconf 88' lang='lat' dir='ltr'><strong>non</strong></span> <span class='ocrx_word' id='word_1_270' title='bbox 3214 898 3451 970; x_wconf 79' lang='lat' dir='ltr'><strong>scriptis</strong></span> <span class='ocrx_word' id='word_1_271' title='bbox 3479 899 3723 955; x_wconf 85' lang='lat' dir='ltr'><strong>institu-</strong></span> 
     </span>
    </p>
   </div>
   <div class='ocr_carea' id='block_1_39' title="bbox 2071 984 3724 1060">
    <p class='ocr_par' dir='ltr' id='par_1_39' title="bbox 2071 984 3724 1060">
     <span class='ocr_line' id='line_1_41' title="bbox 2071 984 3724 1060; baseline 0.003 -22"><span class='ocrx_word' id='word_1_272' title='bbox 2071 984 2333 1040; x_wconf 90' lang='lat' dir='ltr'><strong>tionibus</strong></span> <span class='ocrx_word' id='word_1_273' title='bbox 2367 1003 2510 1042; x_wconf 88' lang='lat' dir='ltr'><strong>usus</strong></span> <span class='ocrx_word' id='word_1_274' title='bbox 2543 986 2669 1041; x_wconf 80' lang='lat' dir='ltr'><strong>fuit.</strong></span> <span class='ocrx_word' id='word_1_275' title='bbox 2705 986 2822 1042; x_wconf 87' lang='lat' dir='ltr'><strong>Hoc</strong></span> <span class='ocrx_word' id='word_1_276' title='bbox 2847 986 3026 1059; x_wconf 81' lang='lat' dir='ltr'><strong>igitur</strong></span> <span class='ocrx_word' id='word_1_277' title='bbox 3046 987 3459 1059; x_wconf 82' lang='lat' dir='ltr'><strong>antiquitatem</strong></span> <span class='ocrx_word' id='word_1_278' title='bbox 3492 1005 3724 1060; x_wconf 90' lang='lat' dir='ltr'><strong>quoque</strong></span> 
     </span>
    </p>
   </div>
   <div class='ocr_carea' id='block_1_40' title="bbox 2071 1073 3723 1149">
    <p class='ocr_par' dir='ltr' id='par_1_40' title="bbox 2071 1073 3723 1149">
     <span class='ocr_line' id='line_1_42' title="bbox 2071 1073 3723 1149; baseline 0.002 -19"><span class='ocrx_word' id='word_1_279' title='bbox 2071 1073 2258 1130; x_wconf 82' lang='lat' dir='ltr'><strong>sancti</strong></span> <span class='ocrx_word' id='word_1_280' title='bbox 2291 1075 2550 1147; x_wconf 84' lang='lat' dir='ltr'><strong>Dionysii</strong></span> <span class='ocrx_word' id='word_1_281' title='bbox 2582 1076 2915 1144; x_wconf 82' lang='lat' dir='ltr'><strong>conﬁrmat,</strong></span> <span class='ocrx_word' id='word_1_282' title='bbox 2949 1080 3008 1132; x_wconf 86' lang='lat' dir='ltr'><strong>et</strong></span> <span class='ocrx_word' id='word_1_283' title='bbox 3037 1078 3193 1148; x_wconf 90' lang='lat' dir='ltr'><strong>quod</strong></span> <span class='ocrx_word' id='word_1_284' title='bbox 3219 1076 3396 1132; x_wconf 86' lang='lat' dir='ltr'><strong>simul</strong></span> <span class='ocrx_word' id='word_1_285' title='bbox 3430 1093 3564 1132; x_wconf 91' lang='lat' dir='ltr'><strong>cum</strong></span> <span class='ocrx_word' id='word_1_286' title='bbox 3591 1094 3723 1149; x_wconf 87' lang='lat' dir='ltr'><strong>apo-</strong></span> 
     </span>
    </p>
   </div>
   <div class='ocr_carea' id='block_1_41' title="bbox 2077 1163 3724 1236">
    <p class='ocr_par' dir='ltr' id='par_1_41' title="bbox 2077 1163 3724 1236">
     <span class='ocr_line' id='line_1_43' title="bbox 2077 1163 3724 1236; baseline 0.002 -18"><span class='ocrx_word' id='word_1_287' title='bbox 2077 1163 2247 1218; x_wconf 83' lang='lat' dir='ltr'><strong>stolis</strong></span> <span class='ocrx_word' id='word_1_288' title='bbox 2280 1163 2425 1235; x_wconf 84' lang='lat' dir='ltr'><strong>ipsis</strong></span> <span class='ocrx_word' id='word_1_289' title='bbox 2453 1170 2512 1219; x_wconf 93' lang='lat' dir='ltr'><strong>et</strong></span> <span class='ocrx_word' id='word_1_290' title='bbox 2540 1164 2684 1219; x_wconf 88' lang='lat' dir='ltr'><strong>viris</strong></span> <span class='ocrx_word' id='word_1_291' title='bbox 2716 1163 3054 1236; x_wconf 81' lang='lat' dir='ltr'><strong>apostolicis</strong></span> <span class='ocrx_word' id='word_1_292' title='bbox 3084 1165 3346 1221; x_wconf 87' lang='lat' dir='ltr'><strong>ﬂoruerit</strong></span> <span class='ocrx_word' id='word_1_293' title='bbox 3379 1182 3392 1220; x_wconf 90' lang='lat'>:</span> <span class='ocrx_word' id='word_1_294' title='bbox 3429 1170 3568 1222; x_wconf 86' lang='lat' dir='ltr'><strong>nota</strong></span> <span class='ocrx_word' id='word_1_295' title='bbox 3588 1182 3724 1222; x_wconf 87' lang='lat' dir='ltr'><strong>vero</strong></span> 
     </span>
    </p>
   </div>
   <div class='ocr_carea' id='block_1_42' title="bbox 2075 1252 3726 1326">
    <p class='ocr_par' dir='ltr' id='par_1_42' title="bbox 2075 1252 3726 1326">
     <span class='ocr_line' id='line_1_44' title="bbox 2075 1252 3726 1326; baseline 0.003 -20"><span class='ocrx_word' id='word_1_296' title='bbox 2075 1252 2304 1308; x_wconf 91' lang='lat' dir='ltr'><strong>divinos</strong></span> <span class='ocrx_word' id='word_1_297' title='bbox 2356 1252 2488 1308; x_wconf 89' lang='lat' dir='ltr'><strong>illos</strong></span> <span class='ocrx_word' id='word_1_298' title='bbox 2535 1253 2688 1308; x_wconf 90' lang='lat' dir='ltr'><strong>viros</strong></span> <span class='ocrx_word' id='word_1_299' title='bbox 2752 1253 3241 1326; x_wconf 81' lang='lat' dir='ltr'><strong>phil030pborum</strong></span> <span class='ocrx_word' id='word_1_300' title='bbox 3306 1255 3500 1310; x_wconf 87' lang='lat' dir='ltr'><strong>verbis</strong></span> <span class='ocrx_word' id='word_1_301' title='bbox 3546 1257 3726 1311; x_wconf 89' lang='lat' dir='ltr'><strong>etiam</strong></span> 
     </span>
    </p>
   </div>
   <div class='ocr_carea' id='block_1_43' title="bbox 2077 1339 3725 1416">
    <p class='ocr_par' dir='ltr' id='par_1_43' title="bbox 2077 1339 3725 1416">
     <span class='ocr_line' id='line_1_45' title="bbox 2077 1339 3725 1416; baseline 0.002 -22"><span class='ocrx_word' id='word_1_302' title='bbox 2077 1357 2236 1406; x_wconf 88' lang='lat' dir='ltr'><strong>usos,</strong></span> <span class='ocrx_word' id='word_1_303' title='bbox 2302 1340 2584 1416; x_wconf 71' lang='grc' dir='ltr'>ἀφοεγξὶαν</span> <span class='ocrx_word' id='word_1_304' title='bbox 2637 1341 2724 1394; x_wconf 87' lang='grc' dir='ltr'><strong>καὶ</strong></span> <span class='ocrx_word' id='word_1_305' title='bbox 2779 1339 3056 1410; x_wconf 77' lang='grc' dir='ltr'>ἀκινησίαν</span> <span class='ocrx_word' id='word_1_306' title='bbox 3112 1343 3212 1399; x_wconf 90' lang='lat' dir='ltr'><strong>Dei</strong></span> <span class='ocrx_word' id='word_1_307' title='bbox 3273 1360 3475 1415; x_wconf 88' lang='lat' dir='ltr'><strong>pacem</strong></span> <span class='ocrx_word' id='word_1_308' title='bbox 3533 1344 3725 1400; x_wconf 89' lang='lat' dir='ltr'><strong>nomi-</strong></span> 
     </span>
    </p>
   </div>
   <div class='ocr_carea' id='block_1_44' title="bbox 2077 1435 2308 1486">
    <p class='ocr_par' dir='ltr' id='par_1_44' title="bbox 2077 1435 2308 1486">
     <span class='ocr_line' id='line_1_46' title="bbox 2077 1435 2308 1486; baseline 0.009 -2"><span class='ocrx_word' id='word_1_309' title='bbox 2077 1435 2308 1486; x_wconf 84' lang='lat' dir='ltr'><strong>nantes.</strong></span> 
     </span>
    </p>
   </div>
   <div class='ocr_carea' id='block_1_45' title="bbox 2147 1516 3725 1587">
    <p class='ocr_par' dir='ltr' id='par_1_45' title="bbox 2147 1516 3725 1587">
     <span class='ocr_line' id='line_1_47' title="bbox 2147 1516 3725 1587; baseline 0.002 -13"><span class='ocrx_word' id='word_1_310' title='bbox 2147 1521 2557 1575; x_wconf 69' lang='lat' dir='ltr'><strong>[manusuam</strong></span> <span class='ocrx_word' id='word_1_311' title='bbox 2611 1521 2890 1587; x_wconf 81' lang='lat' dir='ltr'><strong>unionem,</strong></span> <span class='ocrx_word' id='word_1_312' title='bbox 2941 1521 3039 1577; x_wconf 91' lang='lat' dir='ltr'><strong>Gr.</strong></span> <span class='ocrx_word' id='word_1_313' title='bbox 3087 1516 3298 1575; x_wconf 72' lang='grc' dir='ltr'>ἕνωσιν.</span> <span class='ocrx_word' id='word_1_314' title='bbox 3351 1521 3581 1575; x_wconf 77' lang='grc' dir='ltr'>Ἔνωσιν</span> <span class='ocrx_word' id='word_1_315' title='bbox 3615 1521 3725 1577; x_wconf 87' lang='lat' dir='ltr'><strong>hoc</strong></span> 
     </span>
    </p>
   </div>
   <div class='ocr_carea' id='block_1_46' title="bbox 2075 1605 3567 1680">
    <p class='ocr_par' dir='ltr' id='par_1_46' title="bbox 2075 1605 3567 1680">
     <span class='ocr_line' id='line_1_48' title="bbox 2075 1605 3567 1680; baseline 0.003 -18"><span class='ocrx_word' id='word_1_316' title='bbox 2075 1608 2221 1675; x_wconf 93' lang='lat' dir='ltr'><strong>loco,</strong></span> <span class='ocrx_word' id='word_1_317' title='bbox 2256 1609 2524 1680; x_wconf 85' lang='lat' dir='ltr'><strong>simplex,</strong></span> <span class='ocrx_word' id='word_1_318' title='bbox 2557 1613 2614 1664; x_wconf 90' lang='lat' dir='ltr'><strong>et</strong></span> <span class='ocrx_word' id='word_1_319' title='bbox 2646 1626 2832 1665; x_wconf 89' lang='lat' dir='ltr'><strong>unum</strong></span> <span class='ocrx_word' id='word_1_320' title='bbox 2865 1626 2966 1665; x_wconf 89' lang='lat' dir='ltr'><strong>seu</strong></span> <span class='ocrx_word' id='word_1_321' title='bbox 3001 1605 3372 1666; x_wconf 87' lang='lat' dir='ltr'><strong>individuum</strong></span> <span class='ocrx_word' id='word_1_322' title='bbox 3405 1611 3567 1667; x_wconf 89' lang='lat' dir='ltr'><strong>dicit.</strong></span> 
     </span>
    </p>
   </div>
   <div class='ocr_carea' id='block_1_47' title="bbox 2147 1699 3725 1773">
    <p class='ocr_par' dir='ltr' id='par_1_47' title="bbox 2147 1699 3725 1773">
     <span class='ocr_line' id='line_1_49' title="bbox 2147 1699 3725 1773; baseline 0.003 -21"><span class='ocrx_word' id='word_1_323' title='bbox 2147 1699 2298 1753; x_wconf 81' lang='lat' dir='ltr'><strong>Intus</strong></span> <span class='ocrx_word' id='word_1_324' title='bbox 2330 1703 2439 1754; x_wconf 79' lang='lat' dir='ltr'><strong>tota</strong></span> <span class='ocrx_word' id='word_1_325' title='bbox 2469 1699 2798 1754; x_wconf 73' lang='lat' dir='ltr'><strong>manenst</strong></span> <span class='ocrx_word' id='word_1_326' title='bbox 2820 1703 2911 1755; x_wconf 89' lang='lat' dir='ltr'><strong>est</strong></span> <span class='ocrx_word' id='word_1_327' title='bbox 2941 1716 3114 1755; x_wconf 89' lang='lat' dir='ltr'><strong>suam</strong></span> <span class='ocrx_word' id='word_1_328' title='bbox 3139 1699 3559 1756; x_wconf 82' lang='lat' dir='ltr'><strong>obscuritatem</strong></span> <span class='ocrx_word' id='word_1_329' title='bbox 3586 1718 3725 1773; x_wconf 71' lang='lat' dir='ltr'><strong>pra:-</strong></span> 
     </span>
    </p>
   </div>
   <div class='ocr_carea' id='block_1_48' title="bbox 1999 1786 2831 1882">
    <p class='ocr_par' dir='ltr' id='par_1_48' title="bbox 1999 1786 2831 1882">
     <span class='ocr_line' id='line_1_50' title="bbox 1999 1786 2831 1882; baseline 0.001 -40"><span class='ocrx_word' id='word_1_330' title='bbox 1999 1818 2045 1882; x_wconf 78' lang='grc' dir='ltr'><strong>Β</strong></span> <span class='ocrx_word' id='word_1_331' title='bbox 2077 1786 2295 1843; x_wconf 88' lang='lat' dir='ltr'><strong>teriens</strong></span> <span class='ocrx_word' id='word_1_332' title='bbox 2329 1792 2504 1859; x_wconf 88' lang='lat' dir='ltr'><strong>atque</strong></span> <span class='ocrx_word' id='word_1_333' title='bbox 2531 1789 2831 1844; x_wconf 86' lang='lat' dir='ltr'><strong>deserens.</strong></span> 
     </span>
    </p>
   </div>
   <div class='ocr_carea' id='block_1_49' title="bbox 2149 1877 3721 1952">
    <p class='ocr_par' dir='ltr' id='par_1_49' title="bbox 2149 1877 3721 1952">
     <span class='ocr_line' id='line_1_51' title="bbox 2149 1877 3721 1952; baseline 0.002 -20"><span class='ocrx_word' id='word_1_334' title='bbox 2149 1877 2283 1946; x_wconf 58' lang='lat' dir='ltr'><strong>Qua:</strong></span> <span class='ocrx_word' id='word_1_335' title='bbox 2313 1878 2730 1947; x_wconf 78' lang='lat' dir='ltr'><strong>intelliguntur,</strong></span> <span class='ocrx_word' id='word_1_336' title='bbox 2763 1895 2826 1933; x_wconf 88' lang='lat' dir='ltr'><strong>ac</strong></span> <span class='ocrx_word' id='word_1_337' title='bbox 2855 1880 3218 1936; x_wconf 77' lang='lat' dir='ltr'><strong>nominantur</strong></span> <span class='ocrx_word' id='word_1_338' title='bbox 3233 1879 3368 1951; x_wconf 75' lang='lat' dir='ltr'><strong>ejw.</strong></span> <span class='ocrx_word' id='word_1_339' title='bbox 3403 1879 3721 1952; x_wconf 87' lang='lat' dir='ltr'><strong>Participa-</strong></span> 
     </span>
    </p>
   </div>
   <div class='ocr_carea' id='block_1_50' title="bbox 2076 1966 3722 2040">
    <p class='ocr_par' dir='ltr' id='par_1_50' title="bbox 2076 1966 3722 2040">
     <span class='ocr_line' id='line_1_52' title="bbox 2076 1966 3722 2040; baseline 0.002 -19"><span class='ocrx_word' id='word_1_340' title='bbox 2076 1966 2264 2022; x_wconf 85' lang='lat' dir='ltr'><strong>tiones</strong></span> <span class='ocrx_word' id='word_1_341' title='bbox 2294 1983 2421 2038; x_wconf 70' lang='lat' dir='ltr'><strong>quae</strong></span> <span class='ocrx_word' id='word_1_342' title='bbox 2453 1966 2703 2039; x_wconf 86' lang='lat' dir='ltr'><strong>intelligi</strong></span> <span class='ocrx_word' id='word_1_343' title='bbox 2733 1968 2968 2040; x_wconf 89' lang='lat' dir='ltr'><strong>dicique</strong></span> <span class='ocrx_word' id='word_1_344' title='bbox 2998 1968 3417 2040; x_wconf 89' lang='lat' dir='ltr'><strong>possunt,dicit</strong></span> <span class='ocrx_word' id='word_1_345' title='bbox 3445 1985 3722 2040; x_wconf 78' lang='lat' dir='ltr'><strong>quaecun-</strong></span> 
     </span>
    </p>
   </div>
   <div class='ocr_carea' id='block_1_51' title="bbox 2075 2057 3722 2130">
    <p class='ocr_par' dir='ltr' id='par_1_51' title="bbox 2075 2057 3722 2130">
     <span class='ocr_line' id='line_1_53' title="bbox 2075 2057 3722 2130; baseline 0.002 -19"><span class='ocrx_word' id='word_1_346' title='bbox 2075 2072 2188 2127; x_wconf 91' lang='lat' dir='ltr'><strong>que</strong></span> <span class='ocrx_word' id='word_1_347' title='bbox 2219 2057 2387 2112; x_wconf 90' lang='lat' dir='ltr'><strong>nobis</strong></span> <span class='ocrx_word' id='word_1_348' title='bbox 2418 2073 2521 2128; x_wconf 89' lang='lat' dir='ltr'><strong>per</strong></span> <span class='ocrx_word' id='word_1_349' title='bbox 2548 2073 2616 2112; x_wconf 89' lang='lat' dir='ltr'><strong>ea</strong></span> <span class='ocrx_word' id='word_1_350' title='bbox 2647 2073 2774 2128; x_wconf 71' lang='lat' dir='ltr'><strong>qum</strong></span> <span class='ocrx_word' id='word_1_351' title='bbox 2805 2057 2864 2112; x_wconf 90' lang='lat' dir='ltr'><strong>in</strong></span> <span class='ocrx_word' id='word_1_352' title='bbox 2895 2057 3200 2130; x_wconf 84' lang='lat' dir='ltr'><strong>Scriptura</strong></span> <span class='ocrx_word' id='word_1_353' title='bbox 3247 2059 3526 2114; x_wconf 90' lang='lat' dir='ltr'><strong>dicuntur</strong></span> <span class='ocrx_word' id='word_1_354' title='bbox 3546 2058 3722 2114; x_wconf 85' lang='lat' dir='ltr'><strong>intel-</strong></span> 
     </span>
    </p>
   </div>
   <div class='ocr_carea' id='block_1_52' title="bbox 2073 2144 2756 2216">
    <p class='ocr_par' dir='ltr' id='par_1_52' title="bbox 2073 2144 2756 2216">
     <span class='ocr_line' id='line_1_54' title="bbox 2073 2144 2756 2216; baseline 0.003 -18"><span class='ocrx_word' id='word_1_355' title='bbox 2073 2144 2248 2215; x_wconf 87' lang='lat' dir='ltr'><strong>ligere</strong></span> <span class='ocrx_word' id='word_1_356' title='bbox 2279 2147 2569 2216; x_wconf 86' lang='lat' dir='ltr'><strong>permissa</strong></span> <span class='ocrx_word' id='word_1_357' title='bbox 2597 2151 2756 2202; x_wconf 89' lang='lat' dir='ltr'><strong>sunt.</strong></span> 
     </span>
    </p>
   </div>
   <div class='ocr_carea' id='block_1_53' title="bbox 2143 2235 3717 2308">
    <p class='ocr_par' dir='ltr' id='par_1_53' title="bbox 2143 2235 3717 2308">
     <span class='ocr_line' id='line_1_55' title="bbox 2143 2235 3717 2308; baseline 0.002 -19"><span class='ocrx_word' id='word_1_358' title='bbox 2143 2237 2170 2302; x_wconf 83' lang='lat'>§</span> <span class='ocrx_word' id='word_1_359' title='bbox 2203 2235 2272 2290; x_wconf 87' lang='lat' dir='ltr'><strong>ll.</strong></span> <span class='ocrx_word' id='word_1_360' title='bbox 2304 2235 2527 2291; x_wconf 79' lang='lat' dir='ltr'><strong>Minime</strong></span> <span class='ocrx_word' id='word_1_361' title='bbox 2555 2238 2784 2306; x_wconf 73' lang='lat' dir='ltr'><strong>confusa</strong></span> <span class='ocrx_word' id='word_1_362' title='bbox 2813 2239 3059 2307; x_wconf 73' lang='lat' dir='ltr'><strong>ipsorum</strong></span> <span class='ocrx_word' id='word_1_363' title='bbox 3105 2237 3505 2308; x_wconf 74' lang='lat' dir='ltr'><strong>conjunctione.</strong></span> <span class='ocrx_word' id='word_1_364' title='bbox 3556 2237 3717 2301; x_wconf 88' lang='lat' dir='ltr'><strong>Quod</strong></span> 
     </span>
    </p>
   </div>
   <div class='ocr_carea' id='block_1_54' title="bbox 2071 2321 3713 2396">
    <p class='ocr_par' dir='ltr' id='par_1_54' title="bbox 2071 2321 3713 2396">
     <span class='ocr_line' id='line_1_56' title="bbox 2071 2321 3713 2396; baseline 0.001 -16"><span class='ocrx_word' id='word_1_365' title='bbox 2071 2323 2326 2380; x_wconf 87' lang='lat' dir='ltr'><strong>etiamea</strong></span> <span class='ocrx_word' id='word_1_366' title='bbox 2348 2340 2474 2395; x_wconf 79' lang='lat' dir='ltr'><strong>quae</strong></span> <span class='ocrx_word' id='word_1_367' title='bbox 2503 2323 2561 2378; x_wconf 92' lang='lat' dir='ltr'><strong>in</strong></span> <span class='ocrx_word' id='word_1_368' title='bbox 2593 2325 3356 2396; x_wconf 89' lang='lat' dir='ltr'><strong>compositionemveniunt,</strong></span> <span class='ocrx_word' id='word_1_369' title='bbox 3387 2321 3577 2379; x_wconf 73' lang='grc' dir='ltr'>ἕνωσιν</span> <span class='ocrx_word' id='word_1_370' title='bbox 3610 2343 3713 2382; x_wconf 83' lang='grc' dir='ltr'>νο·-</span> 
     </span>
    </p>
   </div>
   <div class='ocr_carea' id='block_1_55' title="bbox 2072 2411 3713 2485">
    <p class='ocr_par' dir='ltr' id='par_1_55' title="bbox 2072 2411 3713 2485">
     <span class='ocr_line' id='line_1_57' title="bbox 2072 2411 3713 2485; baseline 0.001 -18"><span class='ocrx_word' id='word_1_371' title='bbox 2072 2417 2165 2468; x_wconf 87' lang='lat' dir='ltr'><strong>cat</strong></span> <span class='ocrx_word' id='word_1_372' title='bbox 2195 2428 2208 2466; x_wconf 89' lang='lat'>:</span> <span class='ocrx_word' id='word_1_373' title='bbox 2243 2411 2352 2468; x_wconf 88' lang='lat' dir='ltr'><strong>etsi</strong></span> <span class='ocrx_word' id='word_1_374' title='bbox 2382 2417 2522 2468; x_wconf 88' lang='lat' dir='ltr'><strong>sunt</strong></span> <span class='ocrx_word' id='word_1_375' title='bbox 2546 2412 2861 2468; x_wconf 86' lang='lat' dir='ltr'><strong>dissimilia</strong></span> <span class='ocrx_word' id='word_1_376' title='bbox 2891 2430 2904 2467; x_wconf 89' lang='lat'>:</span> <span class='ocrx_word' id='word_1_377' title='bbox 2941 2429 3004 2468; x_wconf 87' lang='lat' dir='ltr'><strong>ac</strong></span> <span class='ocrx_word' id='word_1_378' title='bbox 3023 2413 3194 2485; x_wconf 88' lang='lat' dir='ltr'><strong>quale</strong></span> <span class='ocrx_word' id='word_1_379' title='bbox 3226 2413 3368 2469; x_wconf 89' lang='lat' dir='ltr'><strong>dicit</strong></span> <span class='ocrx_word' id='word_1_380' title='bbox 3398 2415 3553 2485; x_wconf 89' lang='lat' dir='ltr'><strong>quod</strong></span> <span class='ocrx_word' id='word_1_381' title='bbox 3577 2419 3713 2470; x_wconf 87' lang='lat' dir='ltr'><strong>ante</strong></span> 
     </span>
    </p>
   </div>
   <div class='ocr_carea' id='block_1_56' title="bbox 2071 2499 2874 2557">
    <p class='ocr_par' dir='ltr' id='par_1_56' title="bbox 2071 2499 2874 2557">
     <span class='ocr_line' id='line_1_58' title="bbox 2071 2499 2874 2557; baseline 0.002 -2"><span class='ocrx_word' id='word_1_382' title='bbox 2071 2499 2219 2555; x_wconf 85' lang='lat' dir='ltr'><strong>dixit</strong></span> <span class='ocrx_word' id='word_1_383' title='bbox 2247 2500 2597 2556; x_wconf 87' lang='lat' dir='ltr'><strong>intestinum</strong></span> <span class='ocrx_word' id='word_1_384' title='bbox 2631 2499 2874 2557; x_wconf 86' lang='lat' dir='ltr'><strong>bellum.</strong></span> 
     </span>
    </p>
   </div>
   <div class='ocr_carea' id='block_1_57' title="bbox 2143 2589 3718 2662">
    <p class='ocr_par' dir='ltr' id='par_1_57' title="bbox 2143 2589 3718 2662">
     <span class='ocr_line' id='line_1_59' title="bbox 2143 2589 3718 2662; baseline 0.001 -18"><span class='ocrx_word' id='word_1_385' title='bbox 2143 2590 2337 2644; x_wconf 84' lang='lat' dir='ltr'><strong>Tamen</strong></span> <span class='ocrx_word' id='word_1_386' title='bbox 2365 2606 2528 2659; x_wconf 82' lang='lat' dir='ltr'><strong>pura.</strong></span> <span class='ocrx_word' id='word_1_387' title='bbox 2561 2589 2685 2646; x_wconf 89' lang='lat' dir='ltr'><strong>Etsi</strong></span> <span class='ocrx_word' id='word_1_388' title='bbox 2707 2590 3015 2658; x_wconf 84' lang='lat' dir='ltr'><strong>elementa,</strong></span> <span class='ocrx_word' id='word_1_389' title='bbox 3048 2590 3263 2662; x_wconf 88' lang='lat' dir='ltr'><strong>inquit,</strong></span> <span class='ocrx_word' id='word_1_390' title='bbox 3299 2590 3636 2647; x_wconf 87' lang='lat' dir='ltr'><strong>mistionem</strong></span> <span class='ocrx_word' id='word_1_391' title='bbox 3659 2594 3718 2646; x_wconf 91' lang='lat' dir='ltr'><strong>et</strong></span> 
     </span>
    </p>
   </div>
   <div class='ocr_carea' id='block_1_58' title="bbox 2072 2677 3711 2749">
    <p class='ocr_par' dir='ltr' id='par_1_58' title="bbox 2072 2677 3711 2749">
     <span class='ocr_line' id='line_1_60' title="bbox 2072 2677 3711 2749; baseline -0.001 -15"><span class='ocrx_word' id='word_1_392' title='bbox 2072 2677 2439 2749; x_wconf 88' lang='lat' dir='ltr'><strong>complexum</strong></span> <span class='ocrx_word' id='word_1_393' title='bbox 2472 2677 2627 2734; x_wconf 90' lang='lat' dir='ltr'><strong>inter</strong></span> <span class='ocrx_word' id='word_1_394' title='bbox 2656 2695 2715 2734; x_wconf 90' lang='lat' dir='ltr'><strong>se</strong></span> <span class='ocrx_word' id='word_1_395' title='bbox 2749 2679 2994 2734; x_wconf 85' lang='lat' dir='ltr'><strong>minime</strong></span> <span class='ocrx_word' id='word_1_396' title='bbox 3023 2679 3376 2736; x_wconf 89' lang='lat' dir='ltr'><strong>divisibilem</strong></span> <span class='ocrx_word' id='word_1_397' title='bbox 3408 2679 3666 2736; x_wconf 88' lang='lat' dir='ltr'><strong>habeant</strong></span> <span class='ocrx_word' id='word_1_398' title='bbox 3697 2696 3711 2733; x_wconf 88' lang='lat'><strong>:</strong></span> 
     </span>
    </p>
   </div>
   <div class='ocr_carea' id='block_1_59' title="bbox 2072 2766 3721 2840">
    <p class='ocr_par' dir='ltr' id='par_1_59' title="bbox 2072 2766 3721 2840">
     <span class='ocr_line' id='line_1_61' title="bbox 2072 2766 3721 2840; baseline 0 -18"><span class='ocrx_word' id='word_1_399' title='bbox 2072 2771 2267 2823; x_wconf 87' lang='lat' dir='ltr'><strong>tamen</strong></span> <span class='ocrx_word' id='word_1_400' title='bbox 2301 2766 2510 2822; x_wconf 89' lang='lat' dir='ltr'><strong>horum</strong></span> <span class='ocrx_word' id='word_1_401' title='bbox 2552 2767 2864 2836; x_wconf 88' lang='lat' dir='ltr'><strong>qualitates</strong></span> <span class='ocrx_word' id='word_1_402' title='bbox 2910 2785 3022 2823; x_wconf 90' lang='lat' dir='ltr'><strong>non</strong></span> <span class='ocrx_word' id='word_1_403' title='bbox 3053 2767 3203 2824; x_wconf 89' lang='lat' dir='ltr'><strong>male</strong></span> <span class='ocrx_word' id='word_1_404' title='bbox 3246 2769 3500 2840; x_wconf 88' lang='lat' dir='ltr'><strong>perdunt</strong></span> <span class='ocrx_word' id='word_1_405' title='bbox 3550 2784 3721 2823; x_wconf 87' lang='lat' dir='ltr'><strong>suam</strong></span> 
     </span>
    </p>
   </div>
   <div class='ocr_carea' id='block_1_60' title="bbox 2072 2855 3723 2929">
    <p class='ocr_par' dir='ltr' id='par_1_60' title="bbox 2072 2855 3723 2929">
     <span class='ocr_line' id='line_1_62' title="bbox 2072 2855 3723 2929; baseline 0.001 -18"><span class='ocrx_word' id='word_1_406' title='bbox 2072 2856 2523 2920; x_wconf 78' lang='lat' dir='ltr'><strong>extremitatem,</strong></span> <span class='ocrx_word' id='word_1_407' title='bbox 2553 2855 2731 2912; x_wconf 89' lang='lat' dir='ltr'><strong>veluti</strong></span> <span class='ocrx_word' id='word_1_408' title='bbox 2764 2856 3044 2924; x_wconf 88' lang='lat' dir='ltr'><strong>calidum,</strong></span> <span class='ocrx_word' id='word_1_409' title='bbox 3075 2857 3394 2928; x_wconf 88' lang='lat' dir='ltr'><strong>siccum,et</strong></span> <span class='ocrx_word' id='word_1_410' title='bbox 3423 2856 3643 2929; x_wconf 87' lang='lat' dir='ltr'><strong>reliqua</strong></span> <span class='ocrx_word' id='word_1_411' title='bbox 3664 2858 3723 2912; x_wconf 93' lang='lat' dir='ltr'><strong>in</strong></span> 
     </span>
    </p>
   </div>
   <div class='ocr_carea' id='block_1_61' title="bbox 2073 2945 3721 3018">
    <p class='ocr_par' dir='ltr' id='par_1_61' title="bbox 2073 2945 3721 3018">
     <span class='ocr_line' id='line_1_63' title="bbox 2073 2945 3721 3018; baseline -0.001 -18"><span class='ocrx_word' id='word_1_412' title='bbox 2073 2962 2272 3000; x_wconf 89' lang='lat' dir='ltr'><strong>eorum</strong></span> <span class='ocrx_word' id='word_1_413' title='bbox 2309 2961 2435 3015; x_wconf 65' lang='lat' dir='ltr'><strong>quas</strong></span> <span class='ocrx_word' id='word_1_414' title='bbox 2467 2945 2708 3000; x_wconf 69' lang='lat' dir='ltr'><strong>diversae</strong></span> <span class='ocrx_word' id='word_1_415' title='bbox 2739 2946 2937 3000; x_wconf 72' lang='lat' dir='ltr'><strong>formm</strong></span> <span class='ocrx_word' id='word_1_416' title='bbox 2969 2951 3110 3000; x_wconf 90' lang='lat' dir='ltr'><strong>sunt</strong></span> <span class='ocrx_word' id='word_1_417' title='bbox 3161 2945 3461 3018; x_wconf 87' lang='lat' dir='ltr'><strong>temperie,</strong></span> <span class='ocrx_word' id='word_1_418' title='bbox 3497 2946 3556 3000; x_wconf 90' lang='lat' dir='ltr'><strong>in</strong></span> <span class='ocrx_word' id='word_1_419' title='bbox 3591 2945 3721 3001; x_wconf 88' lang='lat' dir='ltr'><strong>uni-</strong></span> 
     </span>
    </p>
   </div>
   <div class='ocr_carea' id='block_1_62' title="bbox 2072 3034 2723 3090">
    <p class='ocr_par' dir='ltr' id='par_1_62' title="bbox 2072 3034 2723 3090">
     <span class='ocr_line' id='line_1_64' title="bbox 2072 3034 2723 3090; baseline 0 -2"><span class='ocrx_word' id='word_1_420' title='bbox 2072 3051 2238 3090; x_wconf 90' lang='lat' dir='ltr'><strong>verso</strong></span> <span class='ocrx_word' id='word_1_421' title='bbox 2270 3034 2723 3090; x_wconf 82' lang='lat' dir='ltr'><strong>consideratam.</strong></span> 
     </span>
    </p>
   </div>
   <div class='ocr_carea' id='block_1_63' title="bbox 2146 3124 3724 3194">
    <p class='ocr_par' dir='ltr' id='par_1_63' title="bbox 2146 3124 3724 3194">
     <span class='ocr_line' id='line_1_65' title="bbox 2146 3124 3724 3194; baseline -0.001 -15"><span class='ocrx_word' id='word_1_422' title='bbox 2146 3125 2238 3179; x_wconf 76' lang='lat'><strong>2|</strong></span> <span class='ocrx_word' id='word_1_423' title='bbox 2256 3126 2291 3177; x_wconf 80' lang='grc'>7</span> <span class='ocrx_word' id='word_1_424' title='bbox 2327 3129 2436 3178; x_wconf 83' lang='lat' dir='ltr'><strong>Per</strong></span> <span class='ocrx_word' id='word_1_425' title='bbox 2463 3126 2868 3178; x_wconf 78' lang='lat' dir='ltr'><strong>contrariorum</strong></span> <span class='ocrx_word' id='word_1_426' title='bbox 2887 3125 3372 3194; x_wconf 77' lang='lat' dir='ltr'><strong>temperationem.</strong></span> <span class='ocrx_word' id='word_1_427' title='bbox 3408 3124 3724 3194; x_wconf 83' lang='lat' dir='ltr'><strong>Tempera-</strong></span> 
     </span>
    </p>
   </div>
   <div class='ocr_carea' id='block_1_64' title="bbox 314 3185 1963 3286">
    <p class='ocr_par' dir='ltr' id='par_1_64' title="bbox 314 3208 1962 3286">
     <span class='ocr_line' id='line_1_66' title="bbox 314 3208 1962 3286; baseline -0.001 -22"><span class='ocrx_word' id='word_1_428' title='bbox 314 3213 533 3280; x_wconf 85' lang='grc' dir='ltr'>νοητέον</span> <span class='ocrx_word' id='word_1_429' title='bbox 565 3209 626 3264; x_wconf 79' lang='grc' dir='ltr'>οὗ</span> <span class='ocrx_word' id='word_1_430' title='bbox 683 3211 782 3278; x_wconf 81' lang='grc' dir='ltr'><strong>τήν</strong></span> <span class='ocrx_word' id='word_1_431' title='bbox 837 3209 911 3271; x_wconf 84' lang='grc' dir='ltr'>ὡς</span> <span class='ocrx_word' id='word_1_432' title='bbox 968 3208 1179 3264; x_wconf 70' lang='grc' dir='ltr'>ἐπὶτοῦ</span> <span class='ocrx_word' id='word_1_433' title='bbox 1215 3211 1380 3284; x_wconf 71' lang='grc' dir='ltr'>ὑγροῦ</span> <span class='ocrx_word' id='word_1_434' title='bbox 1410 3209 1658 3286; x_wconf 68' lang='grc' dir='ltr'>φύρασιν,</span> <span class='ocrx_word' id='word_1_435' title='bbox 1714 3209 1803 3264; x_wconf 83' lang='grc' dir='ltr'>καὶ</span> <span class='ocrx_word' id='word_1_436' title='bbox 1861 3211 1962 3279; x_wconf 82' lang='grc' dir='ltr'><strong>τήν</strong></span> 
     </span>
    </p>
   </div>
   <div class='ocr_carea' id='block_1_65' title="bbox 2087 3185 3722 3286">
    <p class='ocr_par' dir='ltr' id='par_1_65' title="bbox 2087 3211 3722 3284">
     <span class='ocr_line' id='line_1_67' title="bbox 2087 3211 3722 3284; baseline -0.001 -18"><span class='ocrx_word' id='word_1_437' title='bbox 2087 3211 2290 3266; x_wconf 66' lang='lat' dir='ltr'><strong>tionem</strong></span> <span class='ocrx_word' id='word_1_438' title='bbox 2324 3212 2432 3265; x_wconf 87' lang='lat' dir='ltr'><strong>hoc</strong></span> <span class='ocrx_word' id='word_1_439' title='bbox 2465 3211 3198 3282; x_wconf 79' lang='lat' dir='ltr'><strong>locointelligendum,non</strong></span> <span class='ocrx_word' id='word_1_440' title='bbox 3215 3229 3345 3268; x_wconf 90' lang='lat' dir='ltr'><strong>eam</strong></span> <span class='ocrx_word' id='word_1_441' title='bbox 3369 3229 3496 3284; x_wconf 66' lang='lat' dir='ltr'><strong>quae</strong></span> <span class='ocrx_word' id='word_1_442' title='bbox 3530 3212 3589 3266; x_wconf 89' lang='lat' dir='ltr'><strong>in</strong></span> <span class='ocrx_word' id='word_1_443' title='bbox 3613 3211 3722 3266; x_wconf 90' lang='lat' dir='ltr'><strong>hu-</strong></span> 
     </span>
    </p>
   </div>
   <div class='ocr_carea' id='block_1_66' title="bbox 316 3296 1964 3374">
    <p class='ocr_par' dir='ltr' id='par_1_66' title="bbox 316 3296 1964 3374">
     <span class='ocr_line' id='line_1_68' title="bbox 316 3296 1964 3374; baseline -0.001 -20"><span class='ocrx_word' id='word_1_444' title='bbox 316 3301 673 3374; x_wconf 73' lang='grc' dir='ltr'>ἁφανίζουσαν</span> <span class='ocrx_word' id='word_1_445' title='bbox 700 3299 768 3353; x_wconf 71' lang='grc' dir='ltr'><strong>τὰ</strong></span> <span class='ocrx_word' id='word_1_446' title='bbox 805 3297 1154 3370; x_wconf 83' lang='grc' dir='ltr'>ὑποκείμενα,</span> <span class='ocrx_word' id='word_1_447' title='bbox 1186 3296 1333 3354; x_wconf 79' lang='grc' dir='ltr'><strong>ἀλλά</strong></span> <span class='ocrx_word' id='word_1_448' title='bbox 1359 3299 1458 3366; x_wconf 71' lang='grc' dir='ltr'><strong>τήν</strong></span> <span class='ocrx_word' id='word_1_449' title='bbox 1515 3298 1816 3371; x_wconf 74' lang='grc' dir='ltr'>σύμπνοιαν</span> <span class='ocrx_word' id='word_1_450' title='bbox 1876 3299 1964 3354; x_wconf 86' lang='grc' dir='ltr'><strong>καὶ</strong></span> 
     </span>
    </p>
   </div>
   <div class='ocr_carea' id='block_1_67' title="bbox 315 3385 1966 3464">
    <p class='ocr_par' dir='ltr' id='par_1_67' title="bbox 315 3385 1966 3464">
     <span class='ocr_line' id='line_1_69' title="bbox 315 3385 1966 3464; baseline 0 -22"><span class='ocrx_word' id='word_1_451' title='bbox 315 3385 722 3462; x_wconf 78' lang='grc' dir='ltr'>ἀλληλουχίαν,</span> <span class='ocrx_word' id='word_1_452' title='bbox 769 3388 869 3456; x_wconf 72' lang='grc' dir='ltr'>τὴν</span> <span class='ocrx_word' id='word_1_453' title='bbox 918 3385 969 3440; x_wconf 80' lang='grc' dir='ltr'>ἐν</span> <span class='ocrx_word' id='word_1_454' title='bbox 1020 3385 1256 3461; x_wconf 75' lang='grc' dir='ltr'>ἁρμονίᾳ</span> <span class='ocrx_word' id='word_1_455' title='bbox 1295 3387 1666 3464; x_wconf 64' lang='grc' dir='ltr'>φυλάττουσαν</span> <span class='ocrx_word' id='word_1_456' title='bbox 1723 3388 1788 3441; x_wconf 68' lang='grc' dir='ltr'><strong>τὰ</strong></span> <span class='ocrx_word' id='word_1_457' title='bbox 1847 3387 1966 3455; x_wconf 81' lang='grc' dir='ltr'>ἐφε-</span> 
     </span>
    </p>
   </div>
   <div class='ocr_carea' id='block_1_68' title="bbox 314 3474 1966 3552">
    <p class='ocr_par' dir='ltr' id='par_1_68' title="bbox 314 3474 1966 3552">
     <span class='ocr_line' id='line_1_70' title="bbox 314 3474 1966 3552; baseline -0.001 -22"><span class='ocrx_word' id='word_1_458' title='bbox 314 3479 521 3530; x_wconf 80' lang='grc' dir='ltr'>στῶτα⁷</span> <span class='ocrx_word' id='word_1_459' title='bbox 563 3476 654 3530; x_wconf 80' lang='grc' dir='ltr'><strong>καὶ</strong></span> <span class='ocrx_word' id='word_1_460' title='bbox 710 3475 777 3528; x_wconf 75' lang='grc' dir='ltr'><strong>τὰ</strong></span> <span class='ocrx_word' id='word_1_461' title='bbox 837 3474 1259 3549; x_wconf 85' lang='grc' dir='ltr'>ὑποτεταγμένα·</span> <span class='ocrx_word' id='word_1_462' title='bbox 1320 3477 1488 3545; x_wconf 84' lang='grc' dir='ltr'>νοητά</span> <span class='ocrx_word' id='word_1_463' title='bbox 1540 3497 1682 3552; x_wconf 72' lang='grc' dir='ltr'>φημι</span> <span class='ocrx_word' id='word_1_464' title='bbox 1741 3477 1830 3531; x_wconf 71' lang='grc' dir='ltr'>καί</span> <span class='ocrx_word' id='word_1_465' title='bbox 1879 3477 1966 3531; x_wconf 81' lang='grc' dir='ltr'><strong>αἷ-</strong></span> 
     </span>
    </p>
   </div>
   <div class='ocr_carea' id='block_1_69' title="bbox 314 3561 1966 3636">
    <p class='ocr_par' dir='ltr' id='par_1_69' title="bbox 314 3561 1966 3636">
     <span class='ocr_line' id='line_1_71' title="bbox 314 3561 1966 3636; baseline 0 -19"><span class='ocrx_word' id='word_1_466' title='bbox 314 3566 506 3634; x_wconf 76' lang='grc' dir='ltr'>σοητα,</span> <span class='ocrx_word' id='word_1_467' title='bbox 537 3563 785 3617; x_wconf 89' lang='grc' dir='ltr'>τουτέστι</span> <span class='ocrx_word' id='word_1_468' title='bbox 840 3563 908 3618; x_wconf 86' lang='grc' dir='ltr'><strong>τά</strong></span> <span class='ocrx_word' id='word_1_469' title='bbox 935 3562 992 3617; x_wconf 79' lang='grc' dir='ltr'>ἐν</span> <span class='ocrx_word' id='word_1_470' title='bbox 1025 3563 1255 3636; x_wconf 77' lang='grc' dir='ltr'>γενέσει,</span> <span class='ocrx_word' id='word_1_471' title='bbox 1303 3564 1391 3618; x_wconf 76' lang='grc' dir='ltr'><strong>καὶ</strong></span> <span class='ocrx_word' id='word_1_472' title='bbox 1448 3563 1578 3617; x_wconf 80' lang='grc' dir='ltr'><strong>αὖτᾶ</strong></span> <span class='ocrx_word' id='word_1_473' title='bbox 1637 3561 1693 3618; x_wconf 73' lang='grc' dir='ltr'><strong>δὲ</strong></span> <span class='ocrx_word' id='word_1_474' title='bbox 1720 3565 1786 3618; x_wconf 75' lang='grc' dir='ltr'><strong>τὰ</strong></span> <span class='ocrx_word' id='word_1_475' title='bbox 1814 3563 1966 3618; x_wconf 83' lang='grc' dir='ltr'>ἐναν-</span> 
     </span>
    </p>
   </div>
   <div class='ocr_carea' id='block_1_70' title="bbox 313 3651 1964 3727">
    <p class='ocr_par' dir='ltr' id='par_1_70' title="bbox 313 3651 1964 3727">
     <span class='ocr_line' id='line_1_72' title="bbox 313 3651 1964 3727; baseline 0 -19"><span class='ocrx_word' id='word_1_476' title='bbox 313 3653 418 3722; x_wconf 82' lang='grc' dir='ltr'>τία,</span> <span class='ocrx_word' id='word_1_477' title='bbox 451 3657 572 3707; x_wconf 74' lang='grc' dir='ltr'>οἷον</span> <span class='ocrx_word' id='word_1_478' title='bbox 618 3651 969 3727; x_wconf 77' lang='grc' dir='ltr'>εἷρηνεύοντα</span> <span class='ocrx_word' id='word_1_479' title='bbox 1015 3653 1152 3724; x_wconf 82' lang='grc' dir='ltr'>πρὸς</span> <span class='ocrx_word' id='word_1_480' title='bbox 1201 3651 1447 3722; x_wconf 74' lang='grc' dir='ltr'>ἄλληλα,</span> <span class='ocrx_word' id='word_1_481' title='bbox 1481 3653 1552 3713; x_wconf 82' lang='grc' dir='ltr'><strong>ὡς</strong></span> <span class='ocrx_word' id='word_1_482' title='bbox 1582 3654 1644 3706; x_wconf 80' lang='grc' dir='ltr'>τὸ</span> <span class='ocrx_word' id='word_1_483' title='bbox 1675 3651 1819 3727; x_wconf 71' lang='grc' dir='ltr'>ὕδωρ</span> <span class='ocrx_word' id='word_1_484' title='bbox 1876 3654 1964 3708; x_wconf 81' lang='grc' dir='ltr'>καὶ</span> 
     </span>
    </p>
   </div>
   <div class='ocr_carea' id='block_1_71' title="bbox 316 3735 1963 3816">
    <p class='ocr_par' dir='ltr' id='par_1_71' title="bbox 316 3735 1963 3816">
     <span class='ocr_line' id='line_1_73' title="bbox 316 3735 1963 3816; baseline 0.001 -20"><span class='ocrx_word' id='word_1_485' title='bbox 316 3745 412 3809; x_wconf 73' lang='grc' dir='ltr'><strong>τήν</strong></span> <span class='ocrx_word' id='word_1_486' title='bbox 441 3749 571 3815; x_wconf 82' lang='grc' dir='ltr'>γῆν,</span> <span class='ocrx_word' id='word_1_487' title='bbox 605 3742 652 3812; x_wconf 83' lang='grc' dir='ltr'>ᾦ</span> <span class='ocrx_word' id='word_1_488' title='bbox 681 3735 1128 3814; x_wconf 72' lang='grc' dir='ltr'>περιϐεϐλημένη</span> <span class='ocrx_word' id='word_1_489' title='bbox 1161 3743 1195 3809; x_wconf 83' lang='grc' dir='ltr'>ἡ</span> <span class='ocrx_word' id='word_1_490' title='bbox 1227 3747 1296 3816; x_wconf 84' lang='grc' dir='ltr'><strong>γῆ</strong></span> <span class='ocrx_word' id='word_1_491' title='bbox 1332 3741 1397 3795; x_wconf 74' lang='grc' dir='ltr'>οὗ</span> <span class='ocrx_word' id='word_1_492' title='bbox 1432 3740 1638 3812; x_wconf 67' lang='grc' dir='ltr'>λύεται,</span> <span class='ocrx_word' id='word_1_493' title='bbox 1691 3741 1780 3796; x_wconf 80' lang='grc' dir='ltr'>καὶ</span> <span class='ocrx_word' id='word_1_494' title='bbox 1814 3743 1842 3798; x_wconf 83' lang='grc' dir='ltr'>ὁ</span> <span class='ocrx_word' id='word_1_495' title='bbox 1874 3742 1963 3797; x_wconf 77' lang='grc' dir='ltr'><strong>οὐ·</strong></span> 
     </span>
    </p>
   </div>
   <div class='ocr_carea' id='block_1_72' title="bbox 319 3825 1965 3906">
    <p class='ocr_par' dir='ltr' id='par_1_72' title="bbox 319 3825 1965 3906">
     <span class='ocr_line' id='line_1_74' title="bbox 319 3825 1965 3906; baseline 0.001 -22"><span class='ocrx_word' id='word_1_496' title='bbox 319 3832 474 3906; x_wconf 79' lang='grc' dir='ltr'>ρανὸς</span> <span class='ocrx_word' id='word_1_497' title='bbox 506 3830 559 3900; x_wconf 78' lang='grc' dir='ltr'>ἐξ</span> <span class='ocrx_word' id='word_1_498' title='bbox 618 3827 812 3890; x_wconf 79' lang='grc' dir='ltr'>ὕδατος</span> <span class='ocrx_word' id='word_1_499' title='bbox 862 3825 958 3900; x_wconf 78' lang='grc' dir='ltr'><strong>ὢν,</strong></span> <span class='ocrx_word' id='word_1_500' title='bbox 1004 3829 1093 3883; x_wconf 81' lang='grc' dir='ltr'><strong>καὶ</strong></span> <span class='ocrx_word' id='word_1_501' title='bbox 1122 3831 1150 3884; x_wconf 85' lang='grc' dir='ltr'>ὁ</span> <span class='ocrx_word' id='word_1_502' title='bbox 1198 3831 1360 3905; x_wconf 74' lang='grc' dir='ltr'>αἰθήρ</span> <span class='ocrx_word' id='word_1_503' title='bbox 1393 3829 1454 3884; x_wconf 71' lang='grc' dir='ltr'>οὐ</span> <span class='ocrx_word' id='word_1_504' title='bbox 1485 3827 1628 3884; x_wconf 73' lang='grc' dir='ltr'>λύων</span> <span class='ocrx_word' id='word_1_505' title='bbox 1659 3831 1750 3885; x_wconf 80' lang='grc' dir='ltr'><strong>τὸν</strong></span> <span class='ocrx_word' id='word_1_506' title='bbox 1800 3830 1965 3905; x_wconf 78' lang='grc' dir='ltr'>οὐρα-</span> 
     </span>
    </p>
   </div>
   <div class='ocr_carea' id='block_1_73' title="bbox 316 3916 1962 3996">
    <p class='ocr_par' dir='ltr' id='par_1_73' title="bbox 316 3916 1962 3996">
     <span class='ocr_line' id='line_1_75' title="bbox 316 3916 1962 3996; baseline 0.002 -26"><span class='ocrx_word' id='word_1_507' title='bbox 316 3920 425 3974; x_wconf 79' lang='grc' dir='ltr'>νόν·</span> <span class='ocrx_word' id='word_1_508' title='bbox 459 3919 550 3972; x_wconf 78' lang='grc' dir='ltr'><strong>καὶ</strong></span> <span class='ocrx_word' id='word_1_509' title='bbox 582 3916 740 3979; x_wconf 72' lang='grc' dir='ltr'>οὗτός</span> <span class='ocrx_word' id='word_1_510' title='bbox 773 3916 913 3973; x_wconf 71' lang='grc' dir='ltr'>ἱστιν</span> <span class='ocrx_word' id='word_1_511' title='bbox 938 3918 966 3972; x_wconf 83' lang='grc' dir='ltr'>ὁ</span> <span class='ocrx_word' id='word_1_512' title='bbox 998 3917 1264 3996; x_wconf 72' lang='grc' dir='ltr'>ἐμφύλιος</span> <span class='ocrx_word' id='word_1_513' title='bbox 1295 3917 1560 3991; x_wconf 76' lang='grc' dir='ltr'>πόλεμος,</span> <span class='ocrx_word' id='word_1_514' title='bbox 1595 3919 1652 3974; x_wconf 80' lang='grc' dir='ltr'>ὃν</span> <span class='ocrx_word' id='word_1_515' title='bbox 1686 3919 1748 3974; x_wconf 73' lang='grc' dir='ltr'>οὗ</span> <span class='ocrx_word' id='word_1_516' title='bbox 1798 3919 1962 3992; x_wconf 74' lang='grc' dir='ltr'>μόνον</span> 
     </span>
    </p>
   </div>
   <div class='ocr_carea' id='block_1_74' title="bbox 321 4005 1963 4086">
    <p class='ocr_par' dir='ltr' id='par_1_74' title="bbox 321 4005 1963 4086">
     <span class='ocr_line' id='line_1_76' title="bbox 321 4005 1963 4086; baseline 0.001 -24"><span class='ocrx_word' id='word_1_517' title='bbox 321 4010 346 4062; x_wconf 84' lang='grc' dir='ltr'><strong>ὁ</strong></span> <span class='ocrx_word' id='word_1_518' title='bbox 399 4006 742 4082; x_wconf 75' lang='grc' dir='ltr'>δημιουργὸς</span> <span class='ocrx_word' id='word_1_519' title='bbox 791 4010 973 4076; x_wconf 73' lang='grc' dir='ltr'>σοφῶς</span> <span class='ocrx_word' id='word_1_520' title='bbox 1019 4005 1246 4080; x_wconf 69' lang='grc' dir='ltr'>ἐξεῦρεν,</span> <span class='ocrx_word' id='word_1_521' title='bbox 1295 4005 1440 4062; x_wconf 83' lang='grc' dir='ltr'><strong>ἀλλά</strong></span> <span class='ocrx_word' id='word_1_522' title='bbox 1492 4008 1582 4062; x_wconf 75' lang='grc' dir='ltr'><strong>καὶ</strong></span> <span class='ocrx_word' id='word_1_523' title='bbox 1639 4011 1963 4086; x_wconf 77' lang='grc' dir='ltr'>σοφωτέρως</span> 
     </span>
    </p>
   </div>
   <div class='ocr_carea' id='block_1_75' title="bbox 321 4093 1960 4174">
    <p class='ocr_par' dir='ltr' id='par_1_75' title="bbox 321 4093 1960 4174">
     <span class='ocr_line' id='line_1_77' title="bbox 321 4093 1960 4174; baseline -0.001 -22"><span class='ocrx_word' id='word_1_524' title='bbox 321 4097 392 4158; x_wconf 60' lang='grc' dir='ltr'>εἷς</span> <span class='ocrx_word' id='word_1_525' title='bbox 441 4095 632 4174; x_wconf 67' lang='grc' dir='ltr'>φιλίαν</span> <span class='ocrx_word' id='word_1_526' title='bbox 677 4095 768 4150; x_wconf 81' lang='grc' dir='ltr'><strong>καὶ</strong></span> <span class='ocrx_word' id='word_1_527' title='bbox 818 4097 1081 4170; x_wconf 82' lang='grc' dir='ltr'>ἁρμονίαν</span> <span class='ocrx_word' id='word_1_528' title='bbox 1109 4093 1223 4173; x_wconf 74' lang='grc' dir='ltr'>ἄγει</span> <span class='ocrx_word' id='word_1_529' title='bbox 1253 4097 1321 4151; x_wconf 78' lang='grc' dir='ltr'><strong>τὰ</strong></span> <span class='ocrx_word' id='word_1_530' title='bbox 1348 4094 1520 4151; x_wconf 75' lang='grc' dir='ltr'>πᾶντα</span> <span class='ocrx_word' id='word_1_531' title='bbox 1547 4094 1616 4151; x_wconf 83' lang='grc' dir='ltr'>δι’</span> <span class='ocrx_word' id='word_1_532' title='bbox 1645 4098 1822 4152; x_wconf 84' lang='grc' dir='ltr'>αὐτῶν</span> <span class='ocrx_word' id='word_1_533' title='bbox 1854 4103 1960 4152; x_wconf 90' lang='grc' dir='ltr'><strong>τῶν</strong></span> 
     </span>
    </p>
   </div>
   <div class='ocr_carea' id='block_1_76' title="bbox 319 4185 1962 4263">
    <p class='ocr_par' dir='ltr' id='par_1_76' title="bbox 319 4185 1962 4263">
     <span class='ocr_line' id='line_1_78' title="bbox 319 4185 1962 4263; baseline 0.001 -23"><span class='ocrx_word' id='word_1_534' title='bbox 319 4186 504 4241; x_wconf 80' lang='grc' dir='ltr'>ἁπλῶν</span> <span class='ocrx_word' id='word_1_535' title='bbox 559 4185 874 4260; x_wconf 78' lang='grc' dir='ltr'>στοιχείων,</span> <span class='ocrx_word' id='word_1_536' title='bbox 915 4186 1051 4240; x_wconf 81' lang='grc' dir='ltr'>κατᾶ</span> <span class='ocrx_word' id='word_1_537' title='bbox 1091 4187 1153 4240; x_wconf 86' lang='grc' dir='ltr'><strong>τὸ</strong></span> <span class='ocrx_word' id='word_1_538' title='bbox 1200 4185 1510 4262; x_wconf 82' lang='grc' dir='ltr'>εἰρημένον,</span> <span class='ocrx_word' id='word_1_539' title='bbox 1560 4185 1722 4261; x_wconf 85' lang='grc' dir='ltr'>Θέρος</span> <span class='ocrx_word' id='word_1_540' title='bbox 1752 4186 1838 4241; x_wconf 82' lang='grc' dir='ltr'>καί</span> <span class='ocrx_word' id='word_1_541' title='bbox 1871 4185 1962 4263; x_wconf 82' lang='grc' dir='ltr'>ἔαρ</span> 
     </span>
    </p>
   </div>
   <div class='ocr_carea' id='block_1_77' title="bbox 321 4275 701 4345">
    <p class='ocr_par' dir='ltr' id='par_1_77' title="bbox 321 4275 701 4345">
     <span class='ocr_line' id='line_1_79' title="bbox 321 4275 701 4345; baseline 0.013 -18"><span class='ocrx_word' id='word_1_542' title='bbox 321 4275 380 4328; x_wconf 65' lang='grc' dir='ltr'><strong>σῖ)</strong></span> <span class='ocrx_word' id='word_1_543' title='bbox 409 4275 701 4345; x_wconf 82' lang='grc' dir='ltr'>ἐποίησας.</span> 
     </span>
    </p>
   </div>
   <div class='ocr_carea' id='block_1_78' title="bbox 388 4451 1964 4528">
    <p class='ocr_par' dir='ltr' id='par_1_78' title="bbox 388 4451 1964 4528">
     <span class='ocr_line' id='line_1_80' title="bbox 388 4451 1964 4528; baseline -0.004 -18"><span class='ocrx_word' id='word_1_544' title='bbox 388 4455 485 4510; x_wconf 76' lang='grc' dir='ltr'><strong>Καὶ</strong></span> <span class='ocrx_word' id='word_1_545' title='bbox 521 4453 718 4527; x_wconf 80' lang='grc' dir='ltr'>ἀμιγῆ.</span> <span class='ocrx_word' id='word_1_546' title='bbox 751 4453 957 4528; x_wconf 78' lang='grc' dir='ltr'>Ἀμιγῆ</span> <span class='ocrx_word' id='word_1_547' title='bbox 988 4453 1079 4507; x_wconf 82' lang='grc' dir='ltr'><strong>καὶ</strong></span> <span class='ocrx_word' id='word_1_548' title='bbox 1122 4451 1532 4528; x_wconf 74' lang='grc' dir='ltr'>συγκεκραμένα</span> <span class='ocrx_word' id='word_1_549' title='bbox 1563 4454 1678 4507; x_wconf 76' lang='grc' dir='ltr'>εἷπε</span> <span class='ocrx_word' id='word_1_550' title='bbox 1706 4452 1841 4506; x_wconf 80' lang='grc' dir='ltr'><strong>κατά</strong></span> <span class='ocrx_word' id='word_1_551' title='bbox 1867 4453 1964 4521; x_wconf 72' lang='grc' dir='ltr'><strong>τήν</strong></span> 
     </span>
    </p>
   </div>
   <div class='ocr_carea' id='block_1_79' title="bbox 317 4539 961 4617">
    <p class='ocr_par' dir='ltr' id='par_1_79' title="bbox 317 4539 961 4617">
     <span class='ocr_line' id='line_1_81' title="bbox 317 4539 961 4617; baseline 0.003 -22"><span class='ocrx_word' id='word_1_552' title='bbox 317 4545 665 4617; x_wconf 79' lang='grc' dir='ltr'>προτεθεῖσαν</span> <span class='ocrx_word' id='word_1_553' title='bbox 700 4539 961 4616; x_wconf 72' lang='grc' dir='ltr'><strong>ἐκδοχή-ι.</strong></span> 
     </span>
    </p>
   </div>
   <div class='ocr_carea' id='block_1_80' title="bbox 388 4627 1967 4703">
    <p class='ocr_par' dir='ltr' id='par_1_80' title="bbox 388 4627 1967 4703">
     <span class='ocr_line' id='line_1_82' title="bbox 388 4627 1967 4703; baseline -0.001 -18"><span class='ocrx_word' id='word_1_554' title='bbox 388 4633 465 4685; x_wconf 86' lang='grc' dir='ltr'><strong>Δι’</strong></span> <span class='ocrx_word' id='word_1_555' title='bbox 524 4633 586 4698; x_wconf 75' lang='grc' dir='ltr'>ἣν</span> <span class='ocrx_word' id='word_1_556' title='bbox 622 4631 675 4684; x_wconf 74' lang='grc' dir='ltr'>οἱ</span> <span class='ocrx_word' id='word_1_557' title='bbox 731 4631 867 4685; x_wconf 75' lang='grc' dir='ltr'>θεῖοι</span> <span class='ocrx_word' id='word_1_558' title='bbox 897 4629 1015 4692; x_wconf 86' lang='grc' dir='ltr'>νόες</span> <span class='ocrx_word' id='word_1_559' title='bbox 1070 4629 1372 4703; x_wconf 78' lang='grc' dir='ltr'>ἐνούμενοι.</span> <span class='ocrx_word' id='word_1_560' title='bbox 1437 4627 1681 4703; x_wconf 61' lang='grc' dir='ltr'>Εἴπομεν</span> <span class='ocrx_word' id='word_1_561' title='bbox 1735 4629 1824 4685; x_wconf 79' lang='grc' dir='ltr'>καὶ</span> <span class='ocrx_word' id='word_1_562' title='bbox 1858 4628 1967 4684; x_wconf 75' lang='grc' dir='ltr'>ἄνω</span> 
     </span>
    </p>
   </div>
   <div class='ocr_carea' id='block_1_81' title="bbox 317 4718 1970 4789">
    <p class='ocr_par' dir='ltr' id='par_1_81' title="bbox 317 4718 1970 4789">
     <span class='ocr_line' id='line_1_83' title="bbox 317 4718 1970 4789; baseline -0.001 -15"><span class='ocrx_word' id='word_1_563' title='bbox 317 4720 437 4780; x_wconf 68' lang='grc' dir='ltr'>τοὺς</span> <span class='ocrx_word' id='word_1_564' title='bbox 471 4718 654 4782; x_wconf 78' lang='grc' dir='ltr'>θείους</span> <span class='ocrx_word' id='word_1_565' title='bbox 683 4718 811 4781; x_wconf 86' lang='grc' dir='ltr'>νόας</span> <span class='ocrx_word' id='word_1_566' title='bbox 841 4719 933 4774; x_wconf 79' lang='grc' dir='ltr'><strong>καὶ</strong></span> <span class='ocrx_word' id='word_1_567' title='bbox 984 4719 1205 4781; x_wconf 72' lang='grc' dir='ltr'>ἑαυτοὺς</span> <span class='ocrx_word' id='word_1_568' title='bbox 1253 4725 1421 4789; x_wconf 85' lang='grc' dir='ltr'>νοεῖν,</span> <span class='ocrx_word' id='word_1_569' title='bbox 1460 4720 1548 4774; x_wconf 80' lang='grc' dir='ltr'><strong>καὶ</strong></span> <span class='ocrx_word' id='word_1_570' title='bbox 1606 4719 1732 4777; x_wconf 70' lang='grc' dir='ltr'>τοὺς</span> <span class='ocrx_word' id='word_1_571' title='bbox 1780 4719 1970 4773; x_wconf 82' lang='grc' dir='ltr'>ἐπανα-</span> 
     </span>
    </p>
   </div>
   <div class='ocr_carea' id='block_1_82' title="bbox 321 4804 1965 4883">
    <p class='ocr_par' dir='ltr' id='par_1_82' title="bbox 321 4804 1965 4883">
     <span class='ocr_line' id='line_1_84' title="bbox 321 4804 1965 4883; baseline -0.001 -21"><span class='ocrx_word' id='word_1_572' title='bbox 321 4804 648 4879; x_wconf 72' lang='grc' dir='ltr'>ϐεϐηκότας,</span> <span class='ocrx_word' id='word_1_573' title='bbox 694 4808 784 4862; x_wconf 82' lang='grc' dir='ltr'><strong>καὶ</strong></span> <span class='ocrx_word' id='word_1_574' title='bbox 828 4808 894 4862; x_wconf 70' lang='grc' dir='ltr'>τὰ</span> <span class='ocrx_word' id='word_1_575' title='bbox 945 4805 1336 4883; x_wconf 79' lang='grc' dir='ltr'>ὑποδεέστερα·</span> <span class='ocrx_word' id='word_1_576' title='bbox 1407 4809 1494 4862; x_wconf 69' lang='grc' dir='ltr'><strong>καὶ</strong></span> <span class='ocrx_word' id='word_1_577' title='bbox 1544 4811 1719 4881; x_wconf 81' lang='grc' dir='ltr'>μένειν</span> <span class='ocrx_word' id='word_1_578' title='bbox 1773 4809 1866 4880; x_wconf 74' lang='grc' dir='ltr'>μὲν</span> <span class='ocrx_word' id='word_1_579' title='bbox 1914 4808 1965 4862; x_wconf 79' lang='grc' dir='ltr'>ἐν</span> 
     </span>
    </p>
   </div>
   <div class='ocr_carea' id='block_1_83' title="bbox 319 4897 1968 4973">
    <p class='ocr_par' dir='ltr' id='par_1_83' title="bbox 319 4897 1968 4973">
     <span class='ocr_line' id='line_1_85' title="bbox 319 4897 1968 4973; baseline -0.001 -21"><span class='ocrx_word' id='word_1_580' title='bbox 319 4900 550 4968; x_wconf 69' lang='grc' dir='ltr'>ἑαυτοῖς,</span> <span class='ocrx_word' id='word_1_581' title='bbox 602 4897 730 4952; x_wconf 79' lang='grc' dir='ltr'>ὅταν</span> <span class='ocrx_word' id='word_1_582' title='bbox 778 4897 844 4951; x_wconf 74' lang='grc' dir='ltr'><strong>τὰ</strong></span> <span class='ocrx_word' id='word_1_583' title='bbox 893 4898 1090 4952; x_wconf 73' lang='grc' dir='ltr'>ἑαυτῶν</span> <span class='ocrx_word' id='word_1_584' title='bbox 1126 4897 1381 4973; x_wconf 75' lang='grc' dir='ltr'>ἐνεργῶσι</span> <span class='ocrx_word' id='word_1_585' title='bbox 1430 4903 1548 4960; x_wconf 81' lang='grc' dir='ltr'>ταῖς</span> <span class='ocrx_word' id='word_1_586' title='bbox 1583 4898 1788 4952; x_wconf 65' lang='grc' dir='ltr'>ἑαυτῶν</span> <span class='ocrx_word' id='word_1_587' title='bbox 1823 4897 1968 4952; x_wconf 71' lang='grc' dir='ltr'>ἑνού-</span> 
     </span>
    </p>
   </div>
   <div class='ocr_carea' id='block_1_84' title="bbox 325 4983 1969 5061">
    <p class='ocr_par' dir='ltr' id='par_1_84' title="bbox 325 4983 1969 5061">
     <span class='ocr_line' id='line_1_86' title="bbox 325 4983 1969 5061; baseline -0.001 -20"><span class='ocrx_word' id='word_1_588' title='bbox 325 5008 472 5058; x_wconf 81' lang='grc' dir='ltr'>μενοι</span> <span class='ocrx_word' id='word_1_589' title='bbox 533 4989 806 5056; x_wconf 71' lang='grc' dir='ltr'>νοήσεσιν·</span> <span class='ocrx_word' id='word_1_590' title='bbox 861 4985 936 5048; x_wconf 70' lang='grc' dir='ltr'>εἷς</span> <span class='ocrx_word' id='word_1_591' title='bbox 992 4983 1048 5040; x_wconf 71' lang='grc' dir='ltr'><strong>δὲ</strong></span> <span class='ocrx_word' id='word_1_592' title='bbox 1084 4985 1151 5041; x_wconf 76' lang='grc' dir='ltr'>τᾶ</span> <span class='ocrx_word' id='word_1_593' title='bbox 1181 4984 1280 5056; x_wconf 79' lang='grc' dir='ltr'><strong>ἔξω</strong></span> <span class='ocrx_word' id='word_1_594' title='bbox 1313 4983 1488 5040; x_wconf 80' lang='grc' dir='ltr'>δοκεῖν</span> <span class='ocrx_word' id='word_1_595' title='bbox 1517 4987 1787 5061; x_wconf 82' lang='grc' dir='ltr'>προϊέναι,</span> <span class='ocrx_word' id='word_1_596' title='bbox 1847 4985 1969 5040; x_wconf 81' lang='grc' dir='ltr'>ὅταν</span> 
     </span>
    </p>
   </div>
   <div class='ocr_carea' id='block_1_85' title="bbox 322 5069 1967 5149">
    <p class='ocr_par' dir='ltr' id='par_1_85' title="bbox 322 5069 1967 5149">
     <span class='ocr_line' id='line_1_87' title="bbox 322 5069 1967 5149; baseline -0.001 -19"><span class='ocrx_word' id='word_1_597' title='bbox 322 5072 373 5129; x_wconf 74' lang='grc' dir='ltr'><strong>δὲ</strong></span> <span class='ocrx_word' id='word_1_598' title='bbox 419 5076 486 5130; x_wconf 81' lang='grc' dir='ltr'><strong>τά</strong></span> <span class='ocrx_word' id='word_1_599' title='bbox 522 5069 910 5145; x_wconf 74' lang='grc' dir='ltr'>ὑποϐεϐηκότα</span> <span class='ocrx_word' id='word_1_600' title='bbox 937 5079 1126 5143; x_wconf 89' lang='grc' dir='ltr'>νοῶσι,</span> <span class='ocrx_word' id='word_1_601' title='bbox 1174 5074 1263 5129; x_wconf 80' lang='grc' dir='ltr'>καὶ</span> <span class='ocrx_word' id='word_1_602' title='bbox 1312 5074 1383 5129; x_wconf 79' lang='grc' dir='ltr'><strong>τα</strong></span> <span class='ocrx_word' id='word_1_603' title='bbox 1441 5075 1818 5149; x_wconf 83' lang='grc' dir='ltr'>ὑπερκείμενα·</span> <span class='ocrx_word' id='word_1_604' title='bbox 1877 5073 1967 5128; x_wconf 82' lang='grc' dir='ltr'><strong>καὶ</strong></span> 
     </span>
    </p>
   </div>
   <div class='ocr_carea' id='block_1_86' title="bbox 321 5161 1966 5242">
    <p class='ocr_par' dir='ltr' id='par_1_86' title="bbox 321 5161 1966 5242">
     <span class='ocr_line' id='line_1_88' title="bbox 321 5161 1966 5242; baseline -0.001 -25"><span class='ocrx_word' id='word_1_605' title='bbox 321 5165 491 5228; x_wconf 65' lang='grc' dir='ltr'>οὕτως</span> <span class='ocrx_word' id='word_1_606' title='bbox 522 5163 600 5226; x_wconf 82' lang='grc' dir='ltr'><strong>ὡς</strong></span> <span class='ocrx_word' id='word_1_607' title='bbox 643 5163 858 5242; x_wconf 70' lang='grc' dir='ltr'>ἐφικτὸν</span> <span class='ocrx_word' id='word_1_608' title='bbox 888 5162 964 5225; x_wconf 72' lang='grc' dir='ltr'>εἷς</span> <span class='ocrx_word' id='word_1_609' title='bbox 993 5165 1056 5218; x_wconf 84' lang='grc' dir='ltr'><strong>τὸ</strong></span> <span class='ocrx_word' id='word_1_610' title='bbox 1086 5167 1252 5232; x_wconf 86' lang='grc' dir='ltr'>νοεῖν,</span> <span class='ocrx_word' id='word_1_611' title='bbox 1284 5162 1374 5217; x_wconf 84' lang='grc' dir='ltr'><strong>καὶ</strong></span> <span class='ocrx_word' id='word_1_612' title='bbox 1403 5168 1512 5218; x_wconf 88' lang='grc' dir='ltr'><strong>τῶν</strong></span> <span class='ocrx_word' id='word_1_613' title='bbox 1541 5163 1752 5217; x_wconf 84' lang='grc' dir='ltr'>πάντων</span> <span class='ocrx_word' id='word_1_614' title='bbox 1798 5161 1966 5217; x_wconf 75' lang='grc' dir='ltr'>αἶ’τιον</span> 
     </span>
    </p>
   </div>
   <div class='ocr_carea' id='block_1_87' title="bbox 319 5249 1970 5324">
    <p class='ocr_par' dir='ltr' id='par_1_87' title="bbox 319 5249 1970 5324">
     <span class='ocr_line' id='line_1_89' title="bbox 319 5249 1970 5324; baseline -0.001 -18"><span class='ocrx_word' id='word_1_615' title='bbox 319 5251 630 5309; x_wconf 79' lang='grc' dir='ltr'>ἐπανίωσιν.</span> <span class='ocrx_word' id='word_1_616' title='bbox 687 5251 847 5310; x_wconf 76' lang='grc' dir='ltr'>Οὕτω</span> <span class='ocrx_word' id='word_1_617' title='bbox 897 5249 954 5307; x_wconf 72' lang='grc' dir='ltr'>δὲ</span> <span class='ocrx_word' id='word_1_618' title='bbox 999 5257 1250 5314; x_wconf 77' lang='grc' dir='ltr'>νοοῦντες</span> <span class='ocrx_word' id='word_1_619' title='bbox 1292 5253 1343 5306; x_wconf 75' lang='grc' dir='ltr'>οἱ</span> <span class='ocrx_word' id='word_1_620' title='bbox 1391 5258 1525 5316; x_wconf 80' lang='grc' dir='ltr'>θεῖοι</span> <span class='ocrx_word' id='word_1_621' title='bbox 1574 5253 1712 5323; x_wconf 82' lang='grc' dir='ltr'>νὸες,</span> <span class='ocrx_word' id='word_1_622' title='bbox 1767 5251 1970 5324; x_wconf 86' lang='grc' dir='ltr'>ὁμολο-</span> 
     </span>
    </p>
   </div>
   <div class='ocr_carea' id='block_1_88' title="bbox 389 5423 1008 5496">
    <p class='ocr_par' dir='ltr' id='par_1_88' title="bbox 389 5423 1008 5496">
     <span class='ocr_line' id='line_1_90' title="bbox 389 5423 1008 5496; baseline 0 -16"><span class='ocrx_word' id='word_1_623' title='bbox 389 5424 468 5496; x_wconf 84' lang='lat' dir='ltr'><strong>(y)</strong></span> <span class='ocrx_word' id='word_1_624' title='bbox 501 5423 656 5481; x_wconf 89' lang='lat' dir='ltr'><strong>Psal.</strong></span> <span class='ocrx_word' id='word_1_625' title='bbox 691 5440 887 5494; x_wconf 83' lang='lat' dir='ltr'><strong>Lxxm,</strong></span> <span class='ocrx_word' id='word_1_626' title='bbox 923 5425 1008 5480; x_wconf 87' lang='grc'><strong>17.</strong></span> 
     </span>
    </p>
   </div>
   <div class='ocr_carea' id='block_1_89' title="bbox 2079 3300 3724 3372">
    <p class='ocr_par' dir='ltr' id='par_1_89' title="bbox 2079 3300 3724 3372">
     <span class='ocr_line' id='line_1_91' title="bbox 2079 3300 3724 3372; baseline -0.001 -17"><span class='ocrx_word' id='word_1_627' title='bbox 2079 3301 2238 3355; x_wconf 90' lang='lat' dir='ltr'><strong>mido</strong></span> <span class='ocrx_word' id='word_1_628' title='bbox 2269 3301 2335 3355; x_wconf 84' lang='lat' dir='ltr'><strong>ﬁt</strong></span> <span class='ocrx_word' id='word_1_629' title='bbox 2365 3300 2647 3370; x_wconf 89' lang='lat' dir='ltr'><strong>mistio,et</strong></span> <span class='ocrx_word' id='word_1_630' title='bbox 2675 3301 2941 3371; x_wconf 87' lang='lat' dir='ltr'><strong>subjecta</strong></span> <span class='ocrx_word' id='word_1_631' title='bbox 2971 3302 3331 3371; x_wconf 85' lang='lat' dir='ltr'><strong>corrumpit;</strong></span> <span class='ocrx_word' id='word_1_632' title='bbox 3366 3301 3466 3356; x_wconf 87' lang='lat' dir='ltr'><strong>sed</strong></span> <span class='ocrx_word' id='word_1_633' title='bbox 3491 3300 3724 3372; x_wconf 71' lang='lat' dir='ltr'><strong>conSpi-</strong></span> 
     </span>
    </p>
   </div>
   <div class='ocr_carea' id='block_1_90' title="bbox 2077 3388 3724 3461">
    <p class='ocr_par' dir='ltr' id='par_1_90' title="bbox 2077 3388 3724 3461">
     <span class='ocr_line' id='line_1_92' title="bbox 2077 3388 3724 3461; baseline -0.002 -16"><span class='ocrx_word' id='word_1_634' title='bbox 2077 3390 2363 3447; x_wconf 82' lang='lat' dir='ltr'><strong>rationem</strong></span> <span class='ocrx_word' id='word_1_635' title='bbox 2395 3395 2451 3444; x_wconf 91' lang='lat' dir='ltr'><strong>et</strong></span> <span class='ocrx_word' id='word_1_636' title='bbox 2482 3389 2657 3444; x_wconf 88' lang='lat' dir='ltr'><strong>unius</strong></span> <span class='ocrx_word' id='word_1_637' title='bbox 2689 3392 2760 3444; x_wconf 90' lang='lat' dir='ltr'><strong>ab</strong></span> <span class='ocrx_word' id='word_1_638' title='bbox 2792 3389 2976 3446; x_wconf 87' lang='lat' dir='ltr'><strong>altero</strong></span> <span class='ocrx_word' id='word_1_639' title='bbox 3007 3389 3634 3461; x_wconf 70' lang='lat' dir='ltr'><strong>dependentiam,quae</strong></span> <span class='ocrx_word' id='word_1_640' title='bbox 3663 3388 3724 3442; x_wconf 92' lang='lat' dir='ltr'><strong>in</strong></span> 
     </span>
    </p>
   </div>
   <div class='ocr_carea' id='block_1_91' title="bbox 2076 3479 3728 3550">
    <p class='ocr_par' dir='ltr' id='par_1_91' title="bbox 2076 3479 3728 3550">
     <span class='ocr_line' id='line_1_93' title="bbox 2076 3479 3728 3550; baseline -0.002 -15"><span class='ocrx_word' id='word_1_641' title='bbox 2076 3495 2358 3550; x_wconf 90' lang='lat' dir='ltr'><strong>compage</strong></span> <span class='ocrx_word' id='word_1_642' title='bbox 2388 3479 2643 3534; x_wconf 86' lang='lat' dir='ltr'><strong>custodit</strong></span> <span class='ocrx_word' id='word_1_643' title='bbox 2671 3495 2737 3533; x_wconf 90' lang='lat' dir='ltr'><strong>ea</strong></span> <span class='ocrx_word' id='word_1_644' title='bbox 2769 3495 2896 3549; x_wconf 75' lang='lat' dir='ltr'><strong>qua:</strong></span> <span class='ocrx_word' id='word_1_645' title='bbox 2927 3484 3209 3549; x_wconf 65' lang='lat' dir='ltr'><strong>praesunt,</strong></span> <span class='ocrx_word' id='word_1_646' title='bbox 3232 3484 3288 3533; x_wconf 90' lang='lat' dir='ltr'><strong>et</strong></span> <span class='ocrx_word' id='word_1_647' title='bbox 3316 3496 3443 3550; x_wconf 64' lang='lat' dir='ltr'><strong>quae</strong></span> <span class='ocrx_word' id='word_1_648' title='bbox 3467 3479 3728 3534; x_wconf 86' lang='lat' dir='ltr'><strong>subsunt</strong></span> 
     </span>
    </p>
   </div>
   <div class='ocr_carea' id='block_1_92' title="bbox 2078 3566 3728 3638">
    <p class='ocr_par' dir='ltr' id='par_1_92' title="bbox 2078 3566 3728 3638">
     <span class='ocr_line' id='line_1_94' title="bbox 2078 3566 3728 3638; baseline -0.003 -13"><span class='ocrx_word' id='word_1_649' title='bbox 2078 3566 2724 3637; x_wconf 76' lang='lat' dir='ltr'><strong>Intelligibiliainquam</strong></span> <span class='ocrx_word' id='word_1_650' title='bbox 2759 3572 2815 3621; x_wconf 88' lang='lat' dir='ltr'><strong>et</strong></span> <span class='ocrx_word' id='word_1_651' title='bbox 2845 3566 3171 3634; x_wconf 85' lang='lat' dir='ltr'><strong>sensilia,id</strong></span> <span class='ocrx_word' id='word_1_652' title='bbox 3203 3571 3293 3622; x_wconf 92' lang='lat' dir='ltr'><strong>cst</strong></span> <span class='ocrx_word' id='word_1_653' title='bbox 3323 3584 3450 3637; x_wconf 73' lang='lat' dir='ltr'><strong>qua:</strong></span> <span class='ocrx_word' id='word_1_654' title='bbox 3475 3567 3728 3638; x_wconf 85' lang='lat' dir='ltr'><strong>gignun-</strong></span> 
     </span>
    </p>
   </div>
   <div class='ocr_carea' id='block_1_93' title="bbox 2079 3653 3726 3727">
    <p class='ocr_par' dir='ltr' id='par_1_93' title="bbox 2079 3653 3726 3727">
     <span class='ocr_line' id='line_1_95' title="bbox 2079 3653 3726 3727; baseline -0.002 -15"><span class='ocrx_word' id='word_1_655' title='bbox 2079 3663 2193 3721; x_wconf 87' lang='lat' dir='ltr'><strong>tur,</strong></span> <span class='ocrx_word' id='word_1_656' title='bbox 2226 3662 2283 3710; x_wconf 88' lang='lat' dir='ltr'><strong>et</strong></span> <span class='ocrx_word' id='word_1_657' title='bbox 2313 3657 2441 3727; x_wconf 87' lang='lat' dir='ltr'><strong>ipsa</strong></span> <span class='ocrx_word' id='word_1_658' title='bbox 2467 3661 2662 3710; x_wconf 86' lang='lat' dir='ltr'><strong>autem</strong></span> <span class='ocrx_word' id='word_1_659' title='bbox 2695 3655 3009 3724; x_wconf 86' lang='lat' dir='ltr'><strong>contraria,</strong></span> <span class='ocrx_word' id='word_1_660' title='bbox 3043 3653 3221 3709; x_wconf 87' lang='lat' dir='ltr'><strong>veluti</strong></span> <span class='ocrx_word' id='word_1_661' title='bbox 3254 3672 3454 3725; x_wconf 88' lang='lat' dir='ltr'><strong>pacem</strong></span> <span class='ocrx_word' id='word_1_662' title='bbox 3487 3653 3641 3709; x_wconf 90' lang='lat' dir='ltr'><strong>inter</strong></span> <span class='ocrx_word' id='word_1_663' title='bbox 3662 3669 3726 3709; x_wconf 89' lang='lat' dir='ltr'><strong>se</strong></span> 
     </span>
    </p>
   </div>
   <div class='ocr_carea' id='block_1_94' title="bbox 2077 3743 3725 3816">
    <p class='ocr_par' dir='ltr' id='par_1_94' title="bbox 2077 3743 3725 3816">
     <span class='ocr_line' id='line_1_96' title="bbox 2077 3743 3725 3816; baseline -0.003 -14"><span class='ocrx_word' id='word_1_664' title='bbox 2077 3750 2280 3816; x_wconf 78' lang='lat' dir='ltr'><strong>agunt,</strong></span> <span class='ocrx_word' id='word_1_665' title='bbox 2315 3750 2379 3800; x_wconf 88' lang='lat' dir='ltr'><strong>ut</strong></span> <span class='ocrx_word' id='word_1_666' title='bbox 2409 3761 2616 3815; x_wconf 85' lang='lat' dir='ltr'><strong>aquam</strong></span> <span class='ocrx_word' id='word_1_667' title='bbox 2650 3749 2707 3800; x_wconf 89' lang='lat' dir='ltr'><strong>et</strong></span> <span class='ocrx_word' id='word_1_668' title='bbox 2747 3749 2986 3811; x_wconf 84' lang='lat' dir='ltr'><strong>terram,</strong></span> <span class='ocrx_word' id='word_1_669' title='bbox 3017 3760 3135 3814; x_wconf 90' lang='lat' dir='ltr'><strong>qua</strong></span> <span class='ocrx_word' id='word_1_670' title='bbox 3183 3749 3338 3799; x_wconf 91' lang='lat' dir='ltr'><strong>terra</strong></span> <span class='ocrx_word' id='word_1_671' title='bbox 3379 3743 3725 3798; x_wconf 88' lang='lat' dir='ltr'><strong>circumcin-</strong></span> 
     </span>
    </p>
   </div>
   <div class='ocr_carea' id='block_1_95' title="bbox 2077 3832 3725 3903">
    <p class='ocr_par' dir='ltr' id='par_1_95' title="bbox 2077 3832 3725 3903">
     <span class='ocr_line' id='line_1_97' title="bbox 2077 3832 3725 3903; baseline -0.002 -14"><span class='ocrx_word' id='word_1_672' title='bbox 2077 3839 2168 3889; x_wconf 86' lang='lat' dir='ltr'><strong>cta</strong></span> <span class='ocrx_word' id='word_1_673' title='bbox 2198 3850 2312 3888; x_wconf 92' lang='lat' dir='ltr'><strong>non</strong></span> <span class='ocrx_word' id='word_1_674' title='bbox 2345 3833 2626 3900; x_wconf 87' lang='lat' dir='ltr'><strong>solvitur;</strong></span> <span class='ocrx_word' id='word_1_675' title='bbox 2661 3838 2718 3887; x_wconf 89' lang='lat' dir='ltr'><strong>et</strong></span> <span class='ocrx_word' id='word_1_676' title='bbox 2745 3832 2952 3887; x_wconf 71' lang='lat' dir='ltr'><strong>coelum</strong></span> <span class='ocrx_word' id='word_1_677' title='bbox 3005 3848 3074 3887; x_wconf 81' lang='lat' dir='ltr'><strong>ex</strong></span> <span class='ocrx_word' id='word_1_678' title='bbox 3123 3849 3279 3903; x_wconf 86' lang='lat' dir='ltr'><strong>aqua</strong></span> <span class='ocrx_word' id='word_1_679' title='bbox 3331 3835 3583 3901; x_wconf 87' lang='lat' dir='ltr'><strong>constat,</strong></span> <span class='ocrx_word' id='word_1_680' title='bbox 3619 3847 3725 3886; x_wconf 89' lang='lat' dir='ltr'><strong>nec</strong></span> 
     </span>
    </p>
   </div>
   <div class='ocr_carea' id='block_1_96' title="bbox 2072 3919 3725 3992">
    <p class='ocr_par' dir='ltr' id='par_1_96' title="bbox 2072 3919 3725 3992">
     <span class='ocr_line' id='line_1_98' title="bbox 2072 3919 3725 3992; baseline -0.004 -14"><span class='ocrx_word' id='word_1_681' title='bbox 2072 3929 2264 3978; x_wconf 88' lang='lat' dir='ltr'><strong>tamen</strong></span> <span class='ocrx_word' id='word_1_682' title='bbox 2289 3921 2468 3977; x_wconf 62' lang='lat' dir='ltr'><strong>aether</strong></span> <span class='ocrx_word' id='word_1_683' title='bbox 2499 3921 2740 3977; x_wconf 88' lang='lat' dir='ltr'><strong>dissovit</strong></span> <span class='ocrx_word' id='word_1_684' title='bbox 2769 3920 2978 3976; x_wconf 70' lang='lat' dir='ltr'><strong>malum</strong></span> <span class='ocrx_word' id='word_1_685' title='bbox 3003 3940 3016 3988; x_wconf 89' lang='lat'><strong>;</strong></span> <span class='ocrx_word' id='word_1_686' title='bbox 3050 3925 3228 3992; x_wconf 87' lang='lat' dir='ltr'><strong>atque</strong></span> <span class='ocrx_word' id='word_1_687' title='bbox 3247 3919 3356 3975; x_wconf 84' lang='lat' dir='ltr'><strong>hoc</strong></span> <span class='ocrx_word' id='word_1_688' title='bbox 3386 3923 3476 3975; x_wconf 82' lang='lat' dir='ltr'><strong>est</strong></span> <span class='ocrx_word' id='word_1_689' title='bbox 3497 3920 3725 3974; x_wconf 85' lang='lat' dir='ltr'><strong>intesti-</strong></span> 
     </span>
    </p>
   </div>
   <div class='ocr_carea' id='block_1_97' title="bbox 2074 4009 3720 4082">
    <p class='ocr_par' dir='ltr' id='par_1_97' title="bbox 2074 4009 3720 4082">
     <span class='ocr_line' id='line_1_99' title="bbox 2074 4009 3720 4082; baseline -0.003 -15"><span class='ocrx_word' id='word_1_690' title='bbox 2074 4028 2215 4068; x_wconf 90' lang='lat' dir='ltr'><strong>num</strong></span> <span class='ocrx_word' id='word_1_691' title='bbox 2248 4010 2489 4078; x_wconf 85' lang='lat' dir='ltr'><strong>bellum,</strong></span> <span class='ocrx_word' id='word_1_692' title='bbox 2526 4010 2679 4082; x_wconf 81' lang='lat' dir='ltr'><strong>quod</strong></span> <span class='ocrx_word' id='word_1_693' title='bbox 2711 4015 2938 4066; x_wconf 85' lang='lat' dir='ltr'><strong>creator</strong></span> <span class='ocrx_word' id='word_1_694' title='bbox 2980 4027 3094 4065; x_wconf 91' lang='lat' dir='ltr'><strong>non</strong></span> <span class='ocrx_word' id='word_1_695' title='bbox 3143 4013 3378 4064; x_wconf 86' lang='lat' dir='ltr'><strong>tantum</strong></span> <span class='ocrx_word' id='word_1_696' title='bbox 3421 4009 3720 4081; x_wconf 85' lang='lat' dir='ltr'><strong>sapienter</strong></span> 
     </span>
    </p>
   </div>
   <div class='ocr_carea' id='block_1_98' title="bbox 2074 4097 3723 4170">
    <p class='ocr_par' dir='ltr' id='par_1_98' title="bbox 2074 4097 3723 4170">
     <span class='ocr_line' id='line_1_100' title="bbox 2074 4097 3723 4170; baseline -0.002 -14"><span class='ocrx_word' id='word_1_697' title='bbox 2074 4099 2315 4168; x_wconf 85' lang='lat' dir='ltr'><strong>invenit,</strong></span> <span class='ocrx_word' id='word_1_698' title='bbox 2347 4099 2450 4154; x_wconf 87' lang='lat' dir='ltr'><strong>sed</strong></span> <span class='ocrx_word' id='word_1_699' title='bbox 2481 4099 2660 4154; x_wconf 86' lang='lat' dir='ltr'><strong>etiam</strong></span> <span class='ocrx_word' id='word_1_700' title='bbox 2693 4098 3019 4170; x_wconf 83' lang='lat' dir='ltr'><strong>sapientius</strong></span> <span class='ocrx_word' id='word_1_701' title='bbox 3049 4099 3251 4154; x_wconf 90' lang='lat' dir='ltr'><strong>omnia</strong></span> <span class='ocrx_word' id='word_1_702' title='bbox 3294 4099 3354 4153; x_wconf 91' lang='lat' dir='ltr'><strong>in</strong></span> <span class='ocrx_word' id='word_1_703' title='bbox 3396 4097 3723 4154; x_wconf 86' lang='lat' dir='ltr'><strong>amicitiam</strong></span> 
     </span>
    </p>
   </div>
   <div class='ocr_carea' id='block_1_99' title="bbox 2076 4188 3728 4260">
    <p class='ocr_par' dir='ltr' id='par_1_99' title="bbox 2076 4188 3728 4260">
     <span class='ocr_line' id='line_1_101' title="bbox 2076 4188 3728 4260; baseline -0.002 -15"><span class='ocrx_word' id='word_1_704' title='bbox 2076 4195 2134 4246; x_wconf 88' lang='lat' dir='ltr'><strong>et</strong></span> <span class='ocrx_word' id='word_1_705' title='bbox 2162 4188 2730 4260; x_wconf 86' lang='lat' dir='ltr'><strong>coagmentationem</strong></span> <span class='ocrx_word' id='word_1_706' title='bbox 2785 4205 2886 4258; x_wconf 89' lang='lat' dir='ltr'><strong>per</strong></span> <span class='ocrx_word' id='word_1_707' title='bbox 2917 4189 3044 4260; x_wconf 90' lang='lat' dir='ltr'><strong>ipsa</strong></span> <span class='ocrx_word' id='word_1_708' title='bbox 3093 4188 3391 4260; x_wconf 83' lang='lat' dir='ltr'><strong>simplicia</strong></span> <span class='ocrx_word' id='word_1_709' title='bbox 3437 4189 3728 4244; x_wconf 84' lang='lat' dir='ltr'><strong>elementa</strong></span> 
     </span>
    </p>
   </div>
   <div class='ocr_carea' id='block_1_100' title="bbox 2077 4277 3728 4348">
    <p class='ocr_par' dir='ltr' id='par_1_100' title="bbox 2077 4277 3728 4348">
     <span class='ocr_line' id='line_1_102' title="bbox 2077 4277 3728 4348; baseline -0.002 -15"><span class='ocrx_word' id='word_1_710' title='bbox 2077 4278 2259 4346; x_wconf 90' lang='lat' dir='ltr'><strong>ducit,</strong></span> <span class='ocrx_word' id='word_1_711' title='bbox 2294 4278 2618 4332; x_wconf 85' lang='lat' dir='ltr'><strong>secundum</strong></span> <span class='ocrx_word' id='word_1_712' title='bbox 2665 4277 3032 4348; x_wconf 89' lang='lat' dir='ltr'><strong>Scripturam</strong></span> <span class='ocrx_word' id='word_1_713' title='bbox 3068 4293 3081 4330; x_wconf 92' lang='lat'>:</span> <span class='ocrx_word' id='word_1_714' title='bbox 3119 4279 3382 4332; x_wconf 72' lang='grc' dir='ltr'>Αῖειίιιεηι</span> <span class='ocrx_word' id='word_1_715' title='bbox 3427 4284 3481 4332; x_wconf 79' lang='lat' dir='ltr'><strong>et</strong></span> <span class='ocrx_word' id='word_1_716' title='bbox 3533 4293 3623 4332; x_wconf 86' lang='lat' dir='ltr'><strong>ver</strong></span> <span class='ocrx_word' id='word_1_717' title='bbox 3669 4279 3728 4330; x_wconf 83' lang='lat' dir='ltr'><strong>tu</strong></span> 
     </span>
    </p>
   </div>
   <div class='ocr_carea' id='block_1_101' title="bbox 2075 4369 2479 4439">
    <p class='ocr_par' dir='ltr' id='par_1_101' title="bbox 2075 4369 2479 4439">
     <span class='ocr_line' id='line_1_103' title="bbox 2075 4369 2479 4439; baseline -0.007 -16"><span class='ocrx_word' id='word_1_718' title='bbox 2075 4369 2348 4439; x_wconf 73' lang='lat' dir='ltr'><strong>plasmati</strong></span> <span class='ocrx_word' id='word_1_719' title='bbox 2379 4369 2479 4438; x_wconf 76' lang='grc' dir='ltr'><strong>(ῃ).</strong></span> 
     </span>
    </p>
   </div>
   <div class='ocr_carea' id='block_1_102' title="bbox 2149 4451 3726 4527">
    <p class='ocr_par' dir='ltr' id='par_1_102' title="bbox 2149 4451 3726 4527">
     <span class='ocr_line' id='line_1_104' title="bbox 2149 4451 3726 4527; baseline -0.003 -16"><span class='ocrx_word' id='word_1_720' title='bbox 2149 4459 2320 4527; x_wconf 70' lang='lat' dir='ltr'><strong>Atque</strong></span> <span class='ocrx_word' id='word_1_721' title='bbox 2349 4457 2716 4526; x_wconf 77' lang='lat' dir='ltr'><strong>impermista.</strong></span> <span class='ocrx_word' id='word_1_722' title='bbox 2749 4455 2872 4509; x_wconf 86' lang='lat' dir='ltr'><strong>Non</strong></span> <span class='ocrx_word' id='word_1_723' title='bbox 2911 4455 3087 4510; x_wconf 81' lang='lat' dir='ltr'><strong>mista</strong></span> <span class='ocrx_word' id='word_1_724' title='bbox 3116 4461 3175 4510; x_wconf 89' lang='lat' dir='ltr'><strong>et</strong></span> <span class='ocrx_word' id='word_1_725' title='bbox 3205 4455 3529 4525; x_wconf 88' lang='lat' dir='ltr'><strong>temperata</strong></span> <span class='ocrx_word' id='word_1_726' title='bbox 3579 4451 3726 4507; x_wconf 84' lang='lat' dir='ltr'><strong>dixit</strong></span> 
     </span>
    </p>
   </div>
   <div class='ocr_carea' id='block_1_103' title="bbox 1999 4542 3458 4622">
    <p class='ocr_par' dir='ltr' id='par_1_103' title="bbox 1999 4542 3458 4622">
     <span class='ocr_line' id='line_1_105' title="bbox 1999 4542 3458 4622; baseline -0.003 -20"><span class='ocrx_word' id='word_1_727' title='bbox 1999 4559 2041 4622; x_wconf 82' lang='lat' dir='ltr'>D</span> <span class='ocrx_word' id='word_1_728' title='bbox 2073 4546 2398 4602; x_wconf 85' lang='lat' dir='ltr'><strong>secundum</strong></span> <span class='ocrx_word' id='word_1_729' title='bbox 2435 4544 2799 4615; x_wconf 89' lang='lat' dir='ltr'><strong>propositam</strong></span> <span class='ocrx_word' id='word_1_730' title='bbox 2835 4545 3002 4599; x_wconf 88' lang='lat' dir='ltr'><strong>nobis</strong></span> <span class='ocrx_word' id='word_1_731' title='bbox 3035 4542 3458 4614; x_wconf 87' lang='lat' dir='ltr'><strong>acceptionem.</strong></span> 
     </span>
    </p>
   </div>
   <div class='ocr_carea' id='block_1_104' title="bbox 2148 4629 3732 4702">
    <p class='ocr_par' dir='ltr' id='par_1_104' title="bbox 2148 4629 3732 4702">
     <span class='ocr_line' id='line_1_106' title="bbox 2148 4629 3732 4702; baseline -0.003 -13"><span class='ocrx_word' id='word_1_732' title='bbox 2148 4639 2260 4689; x_wconf 82' lang='lat' dir='ltr'><strong>Per</strong></span> <span class='ocrx_word' id='word_1_733' title='bbox 2285 4634 2424 4688; x_wconf 84' lang='lat' dir='ltr'><strong>hanc</strong></span> <span class='ocrx_word' id='word_1_734' title='bbox 2453 4633 2667 4690; x_wconf 67' lang='lat' dir='ltr'><strong>divinw</strong></span> <span class='ocrx_word' id='word_1_735' title='bbox 2705 4642 2912 4688; x_wconf 70' lang='lat' dir='ltr'><strong>mentes</strong></span> <span class='ocrx_word' id='word_1_736' title='bbox 2959 4633 3256 4702; x_wconf 67' lang='lat' dir='ltr'><strong>copulatae.</strong></span> <span class='ocrx_word' id='word_1_737' title='bbox 3291 4629 3556 4684; x_wconf 80' lang='lat' dir='ltr'><strong>Diximus</strong></span> <span class='ocrx_word' id='word_1_738' title='bbox 3586 4645 3732 4700; x_wconf 86' lang='lat' dir='ltr'><strong>quo-</strong></span> 
     </span>
    </p>
   </div>
   <div class='ocr_carea' id='block_1_105' title="bbox 2075 4716 3727 4795">
    <p class='ocr_par' dir='ltr' id='par_1_105' title="bbox 2075 4716 3727 4795">
     <span class='ocr_line' id='line_1_107' title="bbox 2075 4716 3727 4795; baseline -0.004 -16"><span class='ocrx_word' id='word_1_739' title='bbox 2075 4739 2184 4795; x_wconf 90' lang='lat' dir='ltr'><strong>que</strong></span> <span class='ocrx_word' id='word_1_740' title='bbox 2217 4722 2491 4794; x_wconf 89' lang='lat' dir='ltr'><strong>superius</strong></span> <span class='ocrx_word' id='word_1_741' title='bbox 2523 4721 2751 4776; x_wconf 83' lang='lat' dir='ltr'><strong>divinas</strong></span> <span class='ocrx_word' id='word_1_742' title='bbox 2782 4725 3094 4782; x_wconf 89' lang='lat' dir='ltr'><strong>mentes,et</strong></span> <span class='ocrx_word' id='word_1_743' title='bbox 3129 4719 3355 4790; x_wconf 81' lang='lat' dir='ltr'><strong>seipsas</strong></span> <span class='ocrx_word' id='word_1_744' title='bbox 3379 4716 3727 4788; x_wconf 87' lang='lat' dir='ltr'><strong>intelligere,</strong></span> 
     </span>
    </p>
   </div>
   <div class='ocr_carea' id='block_1_106' title="bbox 2077 4807 3730 4883">
    <p class='ocr_par' dir='ltr' id='par_1_106' title="bbox 2077 4807 3730 4883">
     <span class='ocr_line' id='line_1_108' title="bbox 2077 4807 3730 4883; baseline -0.005 -15"><span class='ocrx_word' id='word_1_745' title='bbox 2077 4817 2133 4868; x_wconf 91' lang='lat' dir='ltr'><strong>et</strong></span> <span class='ocrx_word' id='word_1_746' title='bbox 2163 4812 2492 4883; x_wconf 86' lang='lat' dir='ltr'><strong>superiores</strong></span> <span class='ocrx_word' id='word_1_747' title='bbox 2523 4815 2580 4864; x_wconf 92' lang='lat' dir='ltr'><strong>ct</strong></span> <span class='ocrx_word' id='word_1_748' title='bbox 2604 4809 2915 4877; x_wconf 80' lang='lat' dir='ltr'><strong>inferiora;</strong></span> <span class='ocrx_word' id='word_1_749' title='bbox 2949 4807 3201 4879; x_wconf 86' lang='lat' dir='ltr'><strong>atquein</strong></span> <span class='ocrx_word' id='word_1_750' title='bbox 3228 4807 3442 4878; x_wconf 87' lang='lat' dir='ltr'><strong>seipsis</strong></span> <span class='ocrx_word' id='word_1_751' title='bbox 3465 4822 3730 4872; x_wconf 86' lang='lat' dir='ltr'><strong>manere,</strong></span> 
     </span>
    </p>
   </div>
   <div class='ocr_carea' id='block_1_107' title="bbox 2079 4894 3726 4969">
    <p class='ocr_par' dir='ltr' id='par_1_107' title="bbox 2079 4894 3726 4969">
     <span class='ocr_line' id='line_1_109' title="bbox 2079 4894 3726 4969; baseline -0.005 -13"><span class='ocrx_word' id='word_1_752' title='bbox 2079 4917 2212 4956; x_wconf 90' lang='lat' dir='ltr'><strong>cum</strong></span> <span class='ocrx_word' id='word_1_753' title='bbox 2245 4917 2353 4956; x_wconf 88' lang='lat' dir='ltr'><strong>sua</strong></span> <span class='ocrx_word' id='word_1_754' title='bbox 2382 4904 2651 4955; x_wconf 81' lang='lat' dir='ltr'><strong>exercent</strong></span> <span class='ocrx_word' id='word_1_755' title='bbox 2673 4898 2798 4953; x_wconf 90' lang='lat' dir='ltr'><strong>suis</strong></span> <span class='ocrx_word' id='word_1_756' title='bbox 2822 4899 2996 4952; x_wconf 69' lang='lat' dir='ltr'><strong>unita:</strong></span> <span class='ocrx_word' id='word_1_757' title='bbox 3022 4895 3516 4969; x_wconf 86' lang='lat' dir='ltr'><strong>cogitationibus:</strong></span> <span class='ocrx_word' id='word_1_758' title='bbox 3544 4894 3726 4950; x_wconf 80' lang='lat' dir='ltr'><strong>videri</strong></span> 
     </span>
    </p>
   </div>
   <div class='ocr_carea' id='block_1_108' title="bbox 2079 4984 3728 5059">
    <p class='ocr_par' dir='ltr' id='par_1_108' title="bbox 2079 4984 3728 5059">
     <span class='ocr_line' id='line_1_110' title="bbox 2079 4984 3728 5059; baseline -0.004 -15"><span class='ocrx_word' id='word_1_759' title='bbox 2079 4994 2275 5045; x_wconf 85' lang='lat' dir='ltr'><strong>autem</strong></span> <span class='ocrx_word' id='word_1_760' title='bbox 2309 4993 2469 5044; x_wconf 81' lang='lat' dir='ltr'><strong>extra</strong></span> <span class='ocrx_word' id='word_1_761' title='bbox 2501 4987 2794 5059; x_wconf 89' lang='lat' dir='ltr'><strong>progredi,</strong></span> <span class='ocrx_word' id='word_1_762' title='bbox 2828 4987 3067 5057; x_wconf 88' lang='lat' dir='ltr'><strong>quando</strong></span> <span class='ocrx_word' id='word_1_763' title='bbox 3112 4985 3288 5040; x_wconf 86' lang='lat' dir='ltr'><strong>etiam</strong></span> <span class='ocrx_word' id='word_1_764' title='bbox 3324 4984 3602 5040; x_wconf 81' lang='lat' dir='ltr'><strong>inferiora</strong></span> <span class='ocrx_word' id='word_1_765' title='bbox 3633 4999 3728 5038; x_wconf 93' lang='lat' dir='ltr'><strong>co-</strong></span> 
     </span>
    </p>
   </div>
   <div class='ocr_carea' id='block_1_109' title="bbox 2079 5073 3731 5150">
    <p class='ocr_par' dir='ltr' id='par_1_109' title="bbox 2079 5073 3731 5150">
     <span class='ocr_line' id='line_1_111' title="bbox 2079 5073 3731 5150; baseline -0.004 -17"><span class='ocrx_word' id='word_1_766' title='bbox 2079 5079 2270 5150; x_wconf 86' lang='lat' dir='ltr'><strong>gitant</strong></span> <span class='ocrx_word' id='word_1_767' title='bbox 2299 5083 2357 5132; x_wconf 92' lang='lat' dir='ltr'><strong>et</strong></span> <span class='ocrx_word' id='word_1_768' title='bbox 2387 5076 2727 5146; x_wconf 86' lang='lat' dir='ltr'><strong>superiora;</strong></span> <span class='ocrx_word' id='word_1_769' title='bbox 2759 5079 2932 5144; x_wconf 89' lang='lat' dir='ltr'><strong>atque</strong></span> <span class='ocrx_word' id='word_1_770' title='bbox 2966 5075 3049 5128; x_wconf 91' lang='lat' dir='ltr'><strong>ita</strong></span> <span class='ocrx_word' id='word_1_771' title='bbox 3081 5090 3182 5144; x_wconf 85' lang='lat' dir='ltr'><strong>pro</strong></span> <span class='ocrx_word' id='word_1_772' title='bbox 3247 5073 3470 5128; x_wconf 87' lang='lat' dir='ltr'><strong>viribus</strong></span> <span class='ocrx_word' id='word_1_773' title='bbox 3503 5073 3572 5127; x_wconf 87' lang='lat' dir='ltr'><strong>ad</strong></span> <span class='ocrx_word' id='word_1_774' title='bbox 3605 5087 3731 5126; x_wconf 83' lang='lat' dir='ltr'><strong>om-</strong></span> 
     </span>
    </p>
   </div>
   <div class='ocr_carea' id='block_1_110' title="bbox 2081 5161 3732 5234">
    <p class='ocr_par' dir='ltr' id='par_1_110' title="bbox 2081 5161 3732 5234">
     <span class='ocr_line' id='line_1_112' title="bbox 2081 5161 3732 5234; baseline -0.005 -11"><span class='ocrx_word' id='word_1_775' title='bbox 2081 5168 2243 5222; x_wconf 90' lang='lat' dir='ltr'><strong>nium</strong></span> <span class='ocrx_word' id='word_1_776' title='bbox 2275 5170 2572 5222; x_wconf 89' lang='lat' dir='ltr'><strong>auctorem</strong></span> <span class='ocrx_word' id='word_1_777' title='bbox 2609 5163 3057 5234; x_wconf 86' lang='lat' dir='ltr'><strong>intelligendum</strong></span> <span class='ocrx_word' id='word_1_778' title='bbox 3102 5162 3348 5217; x_wconf 90' lang='lat' dir='ltr'><strong>redeunt</strong></span> <span class='ocrx_word' id='word_1_779' title='bbox 3379 5179 3393 5216; x_wconf 89' lang='lat'><strong>:</strong></span> <span class='ocrx_word' id='word_1_780' title='bbox 3427 5161 3513 5216; x_wconf 88' lang='lat' dir='ltr'><strong>sic</strong></span> <span class='ocrx_word' id='word_1_781' title='bbox 3535 5165 3732 5216; x_wconf 88' lang='lat' dir='ltr'><strong>autem</strong></span> 
     </span>
    </p>
   </div>
   <div class='ocr_carea' id='block_1_111' title="bbox 2080 5249 3730 5325">
    <p class='ocr_par' dir='ltr' id='par_1_111' title="bbox 2080 5249 3730 5325">
     <span class='ocr_line' id='line_1_113' title="bbox 2080 5249 3730 5325; baseline -0.005 -16"><span class='ocrx_word' id='word_1_782' title='bbox 2080 5254 2474 5325; x_wconf 82' lang='lat' dir='ltr'><strong>intelligentes</strong></span> <span class='ocrx_word' id='word_1_783' title='bbox 2503 5252 2710 5306; x_wconf 72' lang='lat' dir='ltr'><strong>divina:</strong></span> <span class='ocrx_word' id='word_1_784' title='bbox 2744 5255 2988 5320; x_wconf 88' lang='lat' dir='ltr'><strong>mentes,</strong></span> <span class='ocrx_word' id='word_1_785' title='bbox 3023 5250 3149 5305; x_wconf 88' lang='lat' dir='ltr'><strong>sine</strong></span> <span class='ocrx_word' id='word_1_786' title='bbox 3198 5250 3379 5306; x_wconf 87' lang='lat' dir='ltr'><strong>dubio</strong></span> <span class='ocrx_word' id='word_1_787' title='bbox 3435 5249 3730 5305; x_wconf 91' lang='lat' dir='ltr'><strong>uniuntur</strong></span> 
     </span>
    </p>
   </div>
   <div class='ocr_carea' id='block_1_112' title="bbox 1330 5517 2723 5577">
    <p class='ocr_par' dir='ltr' id='par_1_112' title="bbox 1330 5517 2723 5577">
     <span class='ocr_line' id='line_1_114' title="bbox 1330 5517 2723 5577; baseline -0.001 -3"><span class='ocrx_word' id='word_1_788' title='bbox 1330 5521 1574 5577; x_wconf 71' lang='lat' dir='ltr'><strong>VARI/{&#39;3</strong></span> <span class='ocrx_word' id='word_1_789' title='bbox 1614 5520 2006 5577; x_wconf 83' lang='lat' dir='ltr'><strong>LECTIONES</strong></span> <span class='ocrx_word' id='word_1_790' title='bbox 2045 5521 2134 5576; x_wconf 83' lang='lat' dir='ltr'><strong>ET</strong></span> <span class='ocrx_word' id='word_1_791' title='bbox 2171 5517 2723 5576; x_wconf 82' lang='lat' dir='ltr'><strong>CORRECTIONES.</strong></span> 
     </span>
    </p>
   </div>
   <div class='ocr_carea' id='block_1_113' title="bbox 392 5645 1326 5721">
    <p class='ocr_par' dir='ltr' id='par_1_113' title="bbox 392 5645 1326 5721">
     <span class='ocr_line' id='line_1_115' title="bbox 392 5645 1326 5721; baseline -0.002 -20"><span class='ocrx_word' id='word_1_792' title='bbox 392 5649 523 5721; x_wconf 74' lang='grc' dir='ltr'>θγρ.</span> <span class='ocrx_word' id='word_1_793' title='bbox 559 5645 773 5709; x_wconf 74' lang='grc' dir='ltr'>εαυτῆς.</span> <span class='ocrx_word' id='word_1_794' title='bbox 853 5647 872 5681; x_wconf 84' lang='grc'>⁷</span> <span class='ocrx_word' id='word_1_795' title='bbox 903 5664 988 5719; x_wconf 91' lang='grc' dir='ltr'>γρ.</span> <span class='ocrx_word' id='word_1_796' title='bbox 1027 5645 1326 5716; x_wconf 76' lang='grc' dir='ltr'>ὑφεστῶτα.</span> 
     </span>
    </p>
   </div>
   <div class='ocr_carea' id='block_1_114' title="bbox 652 5775 1216 5836">
    <p class='ocr_par' dir='ltr' id='par_1_114' title="bbox 652 5775 1216 5836">
     <span class='ocr_line' id='line_1_116' title="bbox 652 5775 1216 5836; baseline -0.002 -2"><span class='ocrx_word' id='word_1_797' title='bbox 652 5777 912 5836; x_wconf 74' lang='grc' dir='ltr'>ΡΑνι-ιιοι..</span> <span class='ocrx_word' id='word_1_798' title='bbox 960 5775 1071 5835; x_wconf 83' lang='lat' dir='ltr'><strong>GR.</strong></span> <span class='ocrx_word' id='word_1_799' title='bbox 1118 5775 1216 5835; x_wconf 80' lang='grc' dir='ltr'>ιν.</span> 
     </span>
    </p>
   </div>
   <div class='ocr_carea' id='block_1_115' title="bbox 3342 5775 3411 5829">
    <p class='ocr_par' dir='ltr' id='par_1_115' title="bbox 3342 5775 3411 5829">
     <span class='ocr_line' id='line_1_117' title="bbox 3342 5775 3411 5829; baseline 0 0"><span class='ocrx_word' id='word_1_800' title='bbox 3342 5775 3411 5829; x_wconf 82' lang='grc'><strong>13</strong></span> 
     </span>
    </p>
   </div>
  </div>
