4004 6200
341 397 448 452 397

1098 402 1157 454 s.
1199 366 1470 455 unum
1507 399 1811 454 scaeua
1849 399 1923 451 IN
1963 398 2096 452 LIB.
2137 401 2232 453 DE
2271 399 2545 454 nmms
2584 399 3001 457 mommsus.

3652 402 3757 458 308

413 519 582 588 §llI.
636 522 761 580 Πῶς
821 515 899 586 δὲ,
960 517 1090 596 φαίη
1151 540 1257 582 τις.
1317 520 1610 584 ’Δντίθεσις
1669 519 1806 596 πρὸς
1861 516 1988 580 τοὺς

2177 520 2207 595 §
2240 521 2336 577 III.
2372 521 2472 578 Sed
2501 521 2765 594 quomodo
2797 522 2941 579 dicet
2989 523 3225 594 aliquis.
3276 523 3575 597 Oppositio
3623 542 3760 600 pro—

337 606 606 682 λέγοντας
663 608 738 680 μή
771 605 1007 685 ἐφίεσθαι
1063 605 1236 664 πάντα
1293 608 1513 687 εἰρήνης
1543 627 1556 640 ·
1602 607 1691 662 καὶ
1748 606 1799 661 τί
1849 605 1987 661 ἐστιν

338 697 627 770 ἑτερότης.

408 789 534 840 Τῶν
599 782 770 842 ὄντων
843 783 1113 856 ἰδιότητα.
1167 785 1482 861 Σημείωσαι
1539 787 1590 841 τί
1653 806 1812 864 φησιν
1859 781 1995 839 ἰδιό-

282 922 283 925 η
332 895 483 946 τητα
509 893 523 908 ’
564 875 646 930 ὅτι
676 875 739 930 τὸ
769 875 905 930 εἶναι
933 871 1183 945 ἕκαστον,
1211 875 1284 937 ὡς
1316 869 1429 951 ἔχει
1463 875 1697 956 φύσεως,
1725 873 1815 929 καὶ
1862 874 1999 931 κατᾶ

330 964 399 1018 τὸ
431 962 571 1018 αύτὸ
622 963 698 1026 ὡς
745 964 949 1042 γέγονε.
974 956 1167 1021 ⁶Ταῦτα
1211 964 1350 1020 κατὰ
1378 961 1717 1040 Ἀκεφάλων,
1746 966 1854 1018 τῶν
1906 960 1998 1018 καὶ

332 1055 715 1132 ἀγνοούντων,
740 1055 794 1110 τί
844 1053 987 1114 ἐστιν
1048 1052 1280 1128 ἰδιότης.
1314 1054 1437 1112 Ἐπὶ
1492 1054 1636 1110 πολὺ
1698 1051 1754 1110 δὶ
1792 1056 1999 1127 κατεξε-

328 1146 491 1216 τάζει
538 1145 640 1217 τήν
689 1144 813 1222 περὶ
858 1151 955 1217 τῆς
988 1142 1265 1217 ἰδιότητος
1294 1143 1653 1222 κυριολεξίαν,
1689 1141 1996 1223 σαφηνίζων

332 1234 541 1304 αὐτήν.

410 1322 597 1379 Ἀλλά
643 1323 731 1377 καὶ
791 1321 996 1396 ταύτην
1055 1322 1276 1399 εἰρήνης
1355 1319 1557 1399 ἔφεσιν.
1618 1321 1889 1387 Ἐντεῦθεν
1962 1321 1997 1388 ἡ

336 1409 527 1477 λύσις.
561 1415 678 1466 Τῶν
738 1412 940 1468 ἑαυτῶν
1001 1407 1057 1466 δὲ
1114 1431 1275 1492 φησιν
1332 1409 1450 1465 ἀντὶ
1496 1413 1592 1465 τοῦ
1620 1413 1727 1464 τῶν
1762 1406 1998 1483 ἰδιωμά-

332 1521 453 1555 των
465 1545 479 1558 .

416 1587 763 1660 ’Δκινησίαν.
818 1589 1135 1660 ’Λκινησίαν
1193 1586 1324 1667 φησῖ
1382 1587 1446 1642 τὸ
1508 1587 1584 1661 μή
1653 1584 1998 1660 μεταπίπτειν

334 1684 444 1747 τῆς
481 1676 688 1740 οἰκείας
721 1676 932 1756 φύσεως
962 1676 1049 1732 καὶ
1076 1679 1362 1748 κινήσεως.

412 1772 444 1837 §
473 1767 568 1823 IV.
602 1766 706 1824 Kal
747 1765 792 1821 εἰ
836 1766 903 1821 τὰ
943 1766 1241 1840 κινούμενα
1294 1766 1488 1822 πάντα.
1530 1761 1725 1826 Καλῶς
1779 1764 1892 1818 εἶπε
1936 1761 2003 1817 τὰ

341 1856 527 1909 πάντα
576 1861 839 1918 κινεῖσθαι
889 1855 951 1909 ού
1007 1854 1134 1928 μίαν
1177 1851 1565 1927 κίνησιν,ἆλλ⁹
1595 1849 1730 1907 ἰδίαν
1763 1851 1883 1907 τινὰ
1911 1850 2001 1905 καὶ

336 1943 710 2016 κατάλληλον
754 1943 967 2015 κίνησιν
1004 1963 1016 1977 ·
1067 1942 1134 1999 τὰ
1184 1944 1280 2017 μὶν
1327 1943 1430 2020 γὰρ
1486 1943 1657 2012 νοητὰ
1707 1940 1797 1997 καὶ
1846 1940 2006 2016 νοερὰ

348 2032 550 2089 ἄλλως
589 2052 601 2064 ·
630 2033 696 2087 τά
721 2030 779 2088 δὲ
809 2033 1039 2103 αἰσθητά
1076 2033 1177 2103 τὴν
1231 2031 1306 2096 εἰς
1356 2031 1584 2109 γένεσιν,
1617 2030 1655 2100 ἢ
1699 2030 1787 2084 καὶ
1846 2027 2004 2083 ποιάν

346 2143 481 2179 τινα
508 2122 726 2192 κίνησιν
762 2126 1012 2194 κινεῖται,
1045 2121 1167 2197 περὶ
1202 2121 1276 2175 ὧν
1309 2118 1360 2175 ἐν
1385 2124 1465 2193 τῷ
1502 2119 1699 2193 ἐννάτῳ
1729 2115 2007 2193 κεφαλαίῳ

354 2210 723 2287 διεξήλθομεν
750 2209 1111 2287 τελειότερον.

424 2302 530 2355 Καὶ
590 2302 692 2370 τήν
740 2301 955 2355 πάντων
1008 2302 1114 2353 τῶν
1168 2298 1507 2370 κινουμένων
1566 2293 1836 2367 ἰδιότητα.
1888 2295 2007 2348 ’Ότι

351 2388 575 2460 ἰδιότης
606 2387 719 2443 ἐστῖ
748 2388 841 2445 καὶ
870 2390 907 2458 ἡ
936 2387 1194 2462 κινητική
1230 2386 1342 2457 ζωὴ
1374 2390 1471 2441 τοῦ
1507 2384 1626 2441 καθ’
1653 2382 1899 2441 ἕκαστον.

430 2567 553 2641 εν.
590 2565 651 2623 ΕΞ
704 2562 761 2620 δὲ
790 2565 889 2634 τήν
915 2564 1032 2621 κατ’
1066 2562 1355 2619 ἔκπτωσιν.
1390 2563 1531 2639 Πρὸς
1572 2560 1701 2623 τοὺς
1752 2558 2009 2634 λέγοντας

355 2656 657 2731 ἑτερότητα
688 2653 818 2709 εἶναι
863 2654 965 2722 τὴν
1013 2654 1129 2708 κατ’
1161 2650 1425 2708 ἔκπτωσιν
1453 2654 1473 2687 ⁹
1500 2657 1601 2720 τῆς
1648 2648 1890 2724 εἷρήνης,
1919 2647 2009 2703 καὶ

347 2744 597 2800 ἐντεῦθεν
631 2742 1104 2820 ἱσχυριζομὲνους,
1138 2742 1215 2815 μὴ
1245 2746 1404 2797 πᾶσιν
1455 2738 1684 2816 ἐραστήν
1730 2738 1862 2793 εἶναι
1908 2737 2007 2805 τήν

356 2834 605 2911 εἰρήνην,
640 2830 958 2903 Σημείωσαι
1014 2830 1111 2892 τάς
1169 2826 1265 2883 δύο
1314 2827 1634 2903 ἑτερότητας
1669 2844 1683 2858 ⁸
1721 2823 1867 2911 μίαν.
1912 2823 2009 2897 μὶν

350 2908 455 2992 sip:
483 2921 606 2976 κατ’
635 2919 901 2974 ἔκπτωσιν
937 2917 1159 2994 εἰρήνης
1192 2936 1206 2949 ’
1238 2916 1328 2972 καὶ
1360 2916 1540 2992 ἓτὲραν
1571 2915 1672 2985 τήν
1699 2917 1805 2968 τῶν
1839 2908 2010 2968 ὄντων

352 3012 589 3068 ἑκάστου
622 3007 892 3081 ἰδιότητα.

427 3100 509 3159 Τὸ
541 3100 649 3176 γαρ
679 3098 858 3168 πάντη
890 3094 1139 3153 ἄστατον.
1172 3094 1496 3170 Θαυμασίως
1542 3094 1721 3158 ἀθετεῖ
1762 3092 1857 3153 τὰς
1903 3094 2008 3145 τῶν

352 3189 648 3259 Ἑλλήνων
683 3186 774 3241 καὶ
819 3190 926 3240 τῶν
969 3183 1233 3243 τοιούτων
1293 3185 1579 3260 αἱρετικῶν
1608 3182 1856 3260 γνώμας,
1890 3182 2011 3235 οἷον

2106 615 2231 682 pter
2265 626 2365 666 eos
2388 612 2490 683 qui
2524 617 2741 685 negant
2770 611 2972 669 omnia
3001 629 3205 685 pacem
3239 628 3469 686 cupere,
3519 620 3576 673 et
3619 617 3760 689 quid

2104 699 2181 754 sit
2212 698 2466 773 ἑτερότης
2498 718 2600 758 seu
2643 702 2978 758 diversitas.

2175 793 2379 847 Rerum
2407 792 2824 867 proprietatem.
2858 791 3007 848 Nota
3033 792 3173 863 quid
3221 792 3377 848 dicat
3424 793 3750 867 proprieta-

2108 882 2224 933 tem
2250 895 2263 946 ;
2299 894 2527 952 nempe,
2561 880 3019 951 unumquodque
3049 897 3199 946 esse,
3226 880 3380 937 sicut
3401 881 3583 938 habet
3603 899 3636 938 ιι
3662 899 3759 939 na-

2110 970 2264 1035 tura,
2299 971 2354 1023 et
2376 967 2529 1023 idem
2564 969 2719 1041 quod
2751 969 2879 1025 fuit.
2914 968 3041 1025 Haec
3073 974 3275 1027 contra
3315 970 3657 1043 Acephalos,
3704 976 3761 1028 et

2111 1070 2210 1111 eos
2240 1053 2337 1126 qui
2367 1056 2638 1128 ignorant
2669 1058 2808 1130 quid
2832 1053 3075 1129 ίδιότηςς
3126 1057 3389 1132 pluribus
3432 1075 3567 1115 vero
3623 1077 3760 1116 exa-

2114 1143 2299 1200 minat
2324 1145 2463 1218 quid
2496 1146 2727 1219 proprie
2752 1142 2962 1218 ίδιότης
2993 1147 3303 1220 signiticet,
3327 1147 3638 1221 ipsamque
3662 1150 3760 1206 dc-

2111 1230 2313 1287 clarat.

2179 1321 2288 1377 Sed
2317 1320 2657 1378 desiderium
2682 1324 2836 1395 pacis
2879 1325 3115 1397 idipsum
3165 1341 3394 1396 quoque.
3441 1326 3549 1380 Hic
3597 1327 3755 1382 solu-

2114 1407 2189 1463 lio
2216 1429 2229 1478 ;
2263 1408 2409 1465 dixit
2439 1414 2637 1467 autem
2667 1411 2874 1465 ἑαυτῶν
2903 1430 2937 1468 a
2966 1430 3048 1484 se,
3099 1430 3202 1486 pro
3253 1410 3568 1486 ίδιωμάτῶν
3627 1430 3758 1485 pro-

2113 1496 2485 1570 prietatibus.

2184 1588 2829 1662 219lmmobititalem,
2899 1591 2994 1647 Gr.
3073 1590 3379 1661 άκινηαίαν.
3444 1592 3759 1662 Ἀκινησίαν

2111 1675 2271 1743 dicit,
2298 1693 2412 1733 non
2448 1676 2642 1733 delabi
2675 1695 2709 1734 a
2740 1680 2977 1751 propria
3008 1684 3219 1736 natura
3248 1684 3305 1737 et
3331 1680 3603 1738 motione.

2181 1763 2331 1834 διν.
2364 1764 2426 1820 Si
2452 1770 2650 1824 cuncta
2679 1783 2842 1838 porro
2893 1785 3013 1840 quae
3052 1773 3359 1826 moventur.
3409 1770 3580 1826 Recte
3621 1770 3769 1825 dixit

2111 1851 2311 1909 omnia
2338 1854 2577 1923 moveri,
2610 1871 2726 1911 non
2752 1872 2870 1911 una
2920 1857 3198 1928 motione,
3220 1858 3322 1913 sed
3364 1857 3596 1930 propria
3627 1875 3772 1930 qua-

2116 1942 2251 1997 dam
2283 1946 2340 1999 et
2370 1944 2738 2001 convenienti
2765 1945 3059 2014 motione;
3112 1963 3249 2002 nam
3293 1946 3685 2019 intelligibilia
3714 1951 3771 2003 et

2115 2031 2510 2106 intelligentia
2528 2032 2698 2089 aliter
2724 2051 2739 2104 ;
2763 2034 3068 2091 sensibilis
3084 2052 3239 2106 vero,
3260 2037 3319 2092 in
3337 2036 3767 2109 generationem

2117 2123 2220 2175 aut
2250 2119 2508 2192 aliquam
2540 2120 2792 2177 similem
2823 2124 3140 2179 motionem
3173 2128 3517 2194 moventur;
3551 2125 3623 2181 de
3644 2125 3769 2197 quiv

2118 2209 2229 2265 bus
2250 2208 2310 2263 in
2345 2226 2497 2265 nono
2528 2211 2716 2283 capite
2747 2212 3061 2282 perfectius
3090 2212 3499 2269 disseruimus.

2186 2299 2361 2369 Atque
2389 2313 2579 2354 eorum
2607 2297 2855 2355 omnium
2884 2316 3006 2371 quae
3033 2309 3326 2356 moventur
3342 2301 3753 2375 proprietatem.

2116 2385 2537 2458 Proprietatem
2571 2403 2805 2459 quoque
2835 2405 2987 2459 esse,
3025 2389 3325 2445 motriccm
3373 2390 3657 2463 cujusque
3685 2391 3765 2447 vi-

2118 2478 2262 2531 tam.

2189 2563 2306 2633 §V.
2341 2562 2613 2621 Caeterum
2652 2563 2703 2620 si
2750 2566 2872 2635 quis
2926 2566 3355 2639 prolapsionem.
3403 2571 3622 2624 Contra
3671 2584 3771 2624 eos

2120 2653 2218 2725 qui
2251 2653 2459 2709 dicunt
2488 2652 2871 2710 mutationem
2905 2670 3035 2712 esse
3065 2674 3097 2713 ο
3129 2673 3271 2729 pace
3318 2655 3773 2730 prolapsionom,

2121 2746 2178 2797 et
2209 2742 2345 2798 hinc
2375 2743 2747 2812 confirmant,
2778 2759 2895 2799 non
2918 2759 3048 2801 esse
3066 2745 3340 2801 omnibus
3374 2761 3578 2817 pacem
3612 2761 3776 2816 expe-

2118 2831 2382 2888 tendam.
2413 2831 2562 2887 Nota
2582 2832 2731 2888 duas
2756 2834 3143 2890 mutationes:
3166 2850 3343 2890 unam
3364 2834 3622 2909 quidem,
3648 2852 3776 2908 pro-

2121 2919 2446 2992 lapsionem
2479 2936 2513 2976 a
2542 2936 2722 2992 pace,
2767 2925 2824 2978 et
2869 2921 3114 2979 alteram
3164 2923 3639 2996 uniuscujusque
3689 2925 3773 2980 rei

2122 3007 2558 3082 proprietatem.

2192 3098 2250 3153 Id
2280 3099 2429 3153 enim
2459 3097 2600 3173 quod
2626 3099 2847 3171 penitus
2879 3101 3142 3157 instabile
3186 3109 3288 3158 est.
3337 3100 3775 3159 Admirabiliter

2121 3186 2709 3259 abrogatGraecorum
2724 3193 2780 3243 et
2795 3186 3079 3245 similium
3108 3189 3514 3247 haereticorum
3546 3195 3772 3248 senten.

352 3277 825 3340 Οὖαλεντινιανῶν
852 3275 945 3333 καὶ
976 3275 1323 3354 Μανιχαίων,
1354 3278 1459 3331 τῶν
1492 3274 1590 3343 τὴν
1623 3270 1759 3344 ὕλην
1820 3272 2002 3328 ὑποθε-

2132 3274 2261 3345 tias,
2293 3292 2503 3348 nempe
2524 3274 3071 3333 Valentinianorum
3090 3283 3148 3334 et
3172 3278 3643 3347 Manichmorum,
3670 3279 3771 3351 qui

360 3370 541 3446 μενων
570 3366 775 3443 ἀρχὴν,
806 3365 873 3422 τὰ
899 3364 1111 3421 ἐναντία
1143 3372 1404 3441 φέρουσαν
1450 3362 1501 3417 ἐν
1551 3362 1715 3435 ἑαυτῇ
1759 3366 1875 3423 τοῖς
1915 3363 2014 3416 τοῦ

362 3463 501 3515 Θεοῦ
535 3476 549 3488 °
581 3455 835 3512 ἆστασίαν
879 3455 979 3531 γὰρ
1019 3454 1109 3509 καὶ
1153 3452 1473 3531 περιφορὰν,
1506 3452 1592 3506 καὶ
1626 3448 1895 3525 ἀπειρίαν,
1924 3449 2014 3504 καὶ

354 3546 664 3622 ἀοριστίαν,
699 3544 790 3600 καὶ
842 3542 1007 3601 ταῦτα
1066 3544 1239 3598 πάντα
1296 3540 1519 3614 διηνεκῆ
1568 3540 1667 3610 τήν
1715 3538 1852 3611 ὕλην
1881 3536 2016 3616 ἔφη·

352 3659 473 3706 σαν,
510 3635 647 3715 ὅπερ
708 3631 1088 3689 ἀποδείκνυται
1143 3628 1334 3708 ψευδὲς
1384 3628 1606 3701 ἀληθῶς
1635 3624 1916 3690 παντελῶς
1951 3630 2013 3682 ίθ.

352 3724 515 3783 οὐδὲν
570 3724 676 3801 γὰρ
722 3722 891 3795 ἐστὶν,
917 3718 1042 3777 οὐδὲ
1073 3722 1314 3800 γέγονεν,
1346 3719 1375 3775 ’ὀ
1409 3720 1485 3795 μή
1519 3719 1607 3797 ἀφ’
1633 3718 1695 3773 οὗ
1725 3718 2013 3792 παρήχθη,

351 3817 446 3871 καὶ
479 3811 992 3888 διακεκοσμημένον
1027 3811 1131 3866 ὑπὸ
1163 3812 1295 3864 Θεοῦ
1325 3808 1591 3885 παρήχθη
1627 3805 1704 3869 εἷς
1736 3802 1901 3877 εἶδος,
1927 3805 2015 3861 καὶ

351 3908 455 3961 τοῦ
510 3898 688 3965 ὅντως
736 3896 883 3975 ἔχειν
931 3899 1005 3962 ὡς
1046 3899 1334 3975 παρήχθη,
1366 3894 1625 3977 προνοίας
1671 3890 1860 3970 ἔτυχεν
1912 3893 2016 3947 ἀπὸ

351 3998 494 4050 Θεοῦ
509 4035 523 4051 .

425 4172 737 4247 Ἀμαυροῖς
785 4164 1067 4229 εἰδώλοις.
1127 4163 1275 4222 Ἀντὶ
1332 4169 1428 4220 τοῦ
1486 4160 1749 4240 ἀμυδροῖς
1815 4159 2007 4215 εἰκονί-

354 4282 558 4336 σμασιν
597 4278 609 4292 ⁸
667 4257 900 4336 ἐφίενται
970 4255 1076 4335 γὰρ
1131 4260 1230 4325 τῆς
1285 4254 1422 4326 πρὸς
1474 4253 1569 4314 τὰς
1634 4249 1858 4329 ῥεούσας
1917 4248 2008 4305 καὶ

353 4347 726 4427 φθειρομένας
776 4341 1129 4417 ἡδυπαθείας,
1159 4340 1532 4411 ἀπολαύσεως,
1557 4339 1646 4397 καὶ
1704 4336 2008 4416 συναφείας,

350 4426 564 4495 καὶτὸ
613 4433 750 4511 πρὸς
800 4431 996 4495 ταύτας
1054 4430 1423 4495 ἀστασιάστως
1480 4431 1609 4500 ὁρᾷν
1670 4426 2009 4502 αἱρούμενοι,

351 4524 528 4607 ἤγουν
561 4523 769 4581 τούτων
804 4523 1077 4599 μετέχειν,
1101 4518 1190 4576 διὰ
1218 4520 1279 4576 τὸ
1314 4519 1392 4594 μὴ
1422 4522 1584 4574 τοῦτο
1616 4516 1822 4585 αὐτοῖς,
1854 4516 2009 4596 φησὶ,

350 4616 496 4672 κατᾶ
521 4618 648 4671 νοῦν
687 4615 914 4689 χωρεῖν,
944 4609 1383 4686 ἒκταρέίσσονται.

431 4703 534 4763 Καὶ
596 4706 762 4758 ταῦτα
807 4702 984 4773 ἱστᾷν.
1032 4697 1191 4757 Οὕτω
1241 4695 1323 4753 δεῖ
1360 4698 1423 4755 τὸ
1475 4694 1640 4775 ῥητὸν
1680 4699 1841 4751 τοῦτο
1890 4716 2012 4753 συν-

352 4799 558 4865 θεῖναι,
598 4792 679 4847 ὅτι
725 4790 815 4846 καὶ
872 4789 929 4843 οἱ
970 4784 1245 4867 φιλέριδες
1284 4784 1375 4843 καὶ
1416 4783 1634 4841 ἄστατοι
1666 4784 1935 4861 ἀμαυροῖς
1970 4790 2011 4823 ¹ί

347 4880 634 4939 καὶαύτοὶ
662 4877 920 4941 εἰδώλοις
950 4882 1045 4932 τοῦ
1101 4877 1307 4953 ἀγαπᾷν
1365 4875 1588 4952 εἰρήνην
1638 4874 1963 4952 κατέχονται
1999 4893 2011 4907 ·

350 4972 466 5027 ὑπὸ
519 4972 623 5046 γὰρ
679 4972 869 5033 παθῶν
944 4964 1360 5041 ἐνοχλούμενοι,
1411 4962 1502 5019 καὶ
1559 4964 1627 5018 τὰ
1679 4963 1823 5034 πάθη
1881 4964 2017 5019 κατὰ

348 5061 602 5137 ἄγνοιαν,
638 5058 712 5120 ὠς
766 5055 912 5113 καλά
966 5054 1213 5118 θέλοντες
1270 5056 1440 5125 ἱστᾷν,
1482 5050 1731 5108 δοκοῦσιν
1794 5052 2015 5129 εἰρήνης

344 5152 668 5225 ὀρέγεσθαι,
703 5147 976 5222 ἐφιέμενοι
1010 5141 1181 5208 ἀδεῶς
1228 5142 1451 5208 ἑαυτοὺς
1506 5141 1803 5198 ἀπολαύειν
1838 5145 1881 5179 ¹³
1909 5148 2016 5198 τῶν

344 5238 596 5316 ῥευστῶν
662 5235 752 5291 καὶ
819 5238 1000 5290 κακῶν
1079 5234 1290 5302 παθῶν,
1349 5230 1869 5311 ἐκταραττομένους,
1928 5231 2017 5288 ἐὰν

340 5326 681 5402 ἀποτύχωσι
732 5328 832 5380 τοῦ
888 5320 1183 5378 ἀπολαύειν
1234 5326 1342 5376 τῶν
1397 5321 1775 5395 νομιζομένων
1809 5320 2013 5393 καλῶν,

348 5413 531 5473 ὄντων
566 5413 626 5471 δὲ
646 5417 836 5483 παθῶν
867 5415 930 5473 ³³.
960 5412 1106 5469 Κατά
1147 5414 1336 5468 κοινοῦ
1390 5409 1482 5467 οὖν
1535 5411 1597 5465 τὸ
1656 5410 1877 5474 ἑαυτοὺς
1922 5430 2014 5465 τα-

2044 4647 2091 4713 D

2123 3364 2429 3421 materiam
2453 3365 2821 3421 constituunt
2850 3365 3528 3439 principium,contraria
3558 3367 3772 3425 divinis

2122 3454 2181 3508 in
2214 3454 2409 3527 seipsa
2428 3454 2708 3509 ferentem
2734 3475 2748 3523 ;
2774 3454 3218 3513 instabilitatem
3244 3457 3400 3514 enim
3432 3463 3490 3514 et
3519 3457 3771 3514 circum-

2122 3541 2454 3612 ferentium,
2487 3546 2543 3598 et
2573 3541 2948 3614 inﬁnitatem,
2982 3549 3036 3600 et
3080 3545 3316 3600 termini
3365 3547 3774 3619 privationem,

2124 3634 2181 3687 et
2209 3630 2332 3687 haec
2363 3631 2560 3687 omnia
2592 3635 2932 3703 perpetuam
2960 3633 3262 3688 materiam
3287 3634 3596 3705 dicebant;
3622 3637 3776 3705 quod

2122 3735 2253 3775 vere
2282 3717 2521 3774 omnino
2557 3718 2776 3775 falsum
2818 3720 3148 3776 ostenditur
3173 3745 3187 3788 ;
3212 3720 3357 3776 nihil
3377 3722 3533 3777 enim
3557 3727 3645 3777 est
3671 3737 3776 3777 ne-

2125 3823 2237 3880 que
2267 3805 2396 3875 fuit,
2429 3808 2582 3878 quod
2610 3824 2726 3863 non
2757 3824 2826 3863 ex
2857 3825 2971 3881 quo
2999 3809 3351 3881 productum
3383 3814 3492 3877 est,
3525 3814 3581 3866 et
3603 3827 3766 3866 exor-

2125 3900 2330 3951 natum
2366 3912 2401 3951 a
2433 3899 2546 3951 Deo
2576 3896 2931 3969 productum
2962 3897 3113 3953 sitin
3148 3898 3775 3966 formam,etdivinam

2125 3983 2553 4057 providentiam
2606 3990 2990 4041 consecutum
3035 3985 3132 4055 sit,
3189 3991 3257 4042 ut
3303 3988 3389 4043 ita
3434 4003 3496 4044 se
3538 3987 3781 4045 haberet

2118 4072 2293 4128 sicuti
2325 4074 2678 4145 productum
2709 4074 2919 4131 fuerat.

2189 4161 2446 4225 Obscuris
2488 4161 2831 4218 simulacris.
2885 4163 2990 4220 Pro
3042 4162 3307 4221 obscuris
3368 4165 3771 4238 imaginibus:

2120 4251 2474 4323 appetebant
2503 4250 2660 4307 enim
2693 4251 3036 4308 fruitionem
3065 4256 3122 4309 et
3147 4254 3615 4325 conjunctionem
3639 4273 3774 4311 cum

2121 4340 2292 4396 ﬂuxis
2320 4343 2377 4396 et
2397 4340 2882 4412 corruptibilibus
2913 4341 3522 4415 voluptatibus,atque
3550 4342 3774 4415 eligen-

2122 4433 2211 4487 tes
2237 4428 2345 4484 has
2366 4428 2496 4485 sine
2527 4430 2933 4501 pertubatione
2978 4432 3191 4498 videre,
3246 4449 3349 4489 seu
3390 4431 3487 4487 his
3537 4431 3776 4504 partici-

2122 4534 2283 4590 pare,
2316 4516 2457 4590 quia
2489 4517 2621 4587 boc,
2653 4518 2866 4591 inquit,
2895 4519 3043 4593 ipsis
3074 4520 3314 4577 minime
3332 4537 3402 4576 ex
3427 4518 3609 4575 animi
3641 4535 3777 4575 sen-

2123 4606 2310 4663 tentia
2340 4606 2621 4674 succedit,
2654 4608 3105 4665 conturbantur.

2192 4699 2257 4754 Et
2286 4696 2398 4752 haec
2425 4696 2633 4753 sedare.
2668 4697 2753 4752 Ita
2782 4700 3007 4769 oportet
3037 4696 3392 4753 sententiam
3424 4696 3575 4754 hanc
3613 4712 3778 4752 com-

2123 4802 2361 4860 ponere,
2393 4787 2671 4842 nimirum
2703 4805 2716 4842 :
2750 4788 3120 4855 contentiosi,
3145 4792 3201 4844 et
3223 4787 3487 4845 seditiosi
3509 4786 3778 4843 obscuris

2123 4877 2300 4933 etiam
2341 4875 2700 4948 imaginibus
2751 4876 3036 4935 desiderio
3078 4877 3239 4950 pacis
3282 4880 3590 4932 tenentur:
3637 4892 3771 4932 nam

2124 4965 2662 5039 perturbationibus
2676 4966 2900 5038 agitati,
2921 4970 3095 5037 atque
3111 4982 3181 5020 ex
3194 4965 3428 5022 inscitia
3448 4965 3775 5038 passiones,

2121 5061 2403 5128 tanquam
2417 5055 2603 5110 bonas
2623 5055 2826 5110 sedere
2844 5054 3167 5124 cupientes,
3187 5055 3416 5110 videtur
3443 5071 3646 5127 pacem
3677 5070 3773 5109 ex-

2126 5148 2339 5214 petere,
2372 5141 2677 5214 cupientes
2706 5141 2830 5198 sine
2863 5145 3022 5197 metu
3042 5142 3215 5198 ﬂuxis
3237 5142 3771 5214 etmalispassioni-

2124 5233 2234 5291 bus
2263 5230 2399 5297 frui,
2430 5230 2756 5301 perturbati
2779 5229 2827 5285 si
2861 5229 3222 5287 frustrentur
3251 5231 3538 5304 reputatis
3578 5231 3771 5297 bonis,

2125 5323 2224 5379 sed
2245 5338 2440 5378 revera
2453 5320 2646 5377 malis.
2664 5321 2743 5376 Ex
2755 5320 3169 5379 subauditione
3190 5322 3274 5379 sic
3286 5339 3420 5378 cum
3442 5318 3666 5382 ἑαυτούς
3685 5326 3774 5378 est

2126 5410 2609 5479 construendum,
2629 5412 2697 5465 ut
2720 5408 2797 5466 sit
2819 5425 2831 5465 :
2859 5412 3196 5484 expetentes
3217 5410 3298 5468 sei
3306 5428 3467 5487 psos,
3488 5416 3773 5487 tanquam

1383 5592 1624 5653 VARle
1664 5590 2047 5651 LECTIONEB
2076 5591 2163 5651 ET
2197 5589 2761 5651 CORRECTIONES.

426 5727 454 5764 ’
483 5743 570 5801 γρ.
600 5722 703 5793 τὴν
736 5718 1025 5778 ἔκπτωσιν.
1105 5721 1153 5759 ¹⁰
1180 5739 1270 5795 γρ.
1294 5717 1486 5794 ψευδὲς
1517 5716 1823 5780 παντελῶς.
1900 5719 1937 5754 ¹¹
1963 5736 2046 5793 γρ.
2083 5712 2366 5792 ἀμυδροῖς.
2446 5717 2491 5753 ¹²
2518 5734 2605 5791 γρ.
2640 5712 2921 5771 ἀπολύειν.
3002 5717 3046 5753 ‘3
3074 5735 3160 5792 γρ.
3192 5721 3391 5772 κακῶν.
