4004 6200
402 319 506 373 399
1220 316 1588 369 APPENDlX
1625 316 1722 367 AD
1759 312 1997 367 OPERA
2033 313 2093 366 S.
2134 313 2446 368 DlONYSll
2487 318 2993 373 AREOPAGITE.
3647 322 3729 376 400

396 438 772 513 perturbatos
842 436 891 490 si
961 436 1320 491 frustrentur
1386 433 1977 507 passionibus,paca

2159 430 2333 500 κτέον,
2361 431 2453 489 ’ίνα
2481 436 2537 507 ᾖ,
2573 434 2843 512 ὲφιέμενοι
2885 433 3135 503 ἑαυτοὺς,
3164 437 3252 490 ἅτε
3282 435 3724 510 ἐκταραττομένους,

397 527 645 584 fruendo
677 523 1075 597 passionibus.
1111 525 1197 579 Ita
1228 523 1492 594 intelligo
1523 522 1677 579 220
1695 522 1870 577 etiam
1904 519 1978 576 illi

2161 519 2249 575 ἐὰν
2305 522 2622 599 ἆποτῦχωσι
2678 529 2786 579 τῶν
2842 529 3049 594 παθῶν,
3107 521 3427 597 [δοκοῦσιν]
3481 525 3725 600 εἰρηνεύειν

399 632 604 674 omnes
633 630 834 687 pacem
867 617 1162 685 appetere,
1196 611 1254 668 id
1287 617 1378 668 est
1406 612 1653 667 bonum.

2159 609 2379 675 ἑαυτοὺς
2410 612 2483 674 εἰς
2513 614 2575 667 τὸ
2608 611 2901 668 ἀπολαύειν
2929 618 3035 668 τῶν
3066 617 3274 677 παθῶν.
3295 612 3442 671 Οὕτω
3469 614 3638 683 νόησον
3661 616 3729 670 καὶ

2158 697 2218 751 τὸ
2244 700 2441 763 πάντας
2476 699 2713 778 ἐφίεσθαι
2748 702 2995 777 εἰρήνης,
3024 703 3264 756 τουτέστι
3289 705 3380 756 τοῦ
3408 701 3606 777 ἀγαθοῦ.

471 795 615 866 Quid
640 810 804 865 porro
824 792 974 849 dicat
994 791 1117 864 quis
1145 791 1211 847 de
1238 790 1470 847 Christi.
1522 788 1823 855 Quomodo
1872 788 2049 843 Jesus

2228 787 2290 840 Τί
2320 785 2379 842 ἄν
2411 809 2493 851 τις
2520 786 2659 844 εἷ’ποι
2692 789 2813 866 περὶ
2843 798 2945 860 τῆς
2975 789 3111 845 κατᾶ
3158 791 3396 864 Χριστόν.
3426 793 3536 853 Πῶς
3578 790 3729 864 εἰρήνη

395 885 664 943 Christus
696 900 808 956 pax
839 887 1041 938 nostra
1071 885 1127 938 et
1160 878 1524 953 angelorum,
1557 879 1772 934 sedans
1803 876 1976 932 bellui

2160 876 2364 945 Ἰησοῦς
2436 879 2666 953 Χριστὸς
2735 882 2898 952 ἡμῶν
2973 879 3063 934 καὶ
3121 877 3377 955 ἀγγέλων,
3436 877 3618 940 παύσας
3664 880 3734 933 τὸν

394 982 448 1030 et
460 973 709 1029 medium
729 973 997 1044 parietem
1017 969 1280 1028 maceriae
1297 969 1510 1026 solvens
1530 968 1632 1039 (a),
1656 971 1712 1022 et
1734 982 1934 1039 pacem
1957 966 1973 1020 i

2158 963 2426 1039 πόλεμον,
2484 969 2573 1023 καὶ
2628 969 2691 1023 τὸ
2753 968 3080 1044 μεσότοιχον
3136 972 3231 1023 τοῦ
3297 970 3534 1045 φραγμοῦ
3583 964 3735 1035 λύσας,

392 1067 483 1120 ter
511 1080 617 1120 nos
647 1063 998 1134 dispensans
1029 1063 1087 1117 et
1116 1058 1334 1115 faciens
1356 1061 1606 1128 utraque
1641 1072 1824 1112 unum
1850 1072 1866 1125 ;
1894 1054 1973 1110 sic

2156 1053 2245 1107 καὶ
2296 1054 2516 1129 εἰρήνην
2576 1056 2770 1129 μεταξῦ
2829 1059 2990 1130 ἡμῶν
3049 1052 3363 1134 βραϐεύσας,
3412 1056 3494 1112 καί
3545 1057 3735 1125 ποιήσας

392 1151 627 1208 divinus
650 1150 968 1223 Apostolus
991 1149 1048 1205 in
1081 1145 1331 1221 epistola
1359 1146 1431 1202 ad
1463 1145 1748 1217 Ephesios
1779 1143 1939 1200 dicit.

2159 1142 2221 1196 τὰ
2276 1142 2552 1221 ἀμφότερα
2604 1144 2685 1216 ἓν,
2718 1144 2795 1209 ὠς
2847 1146 2875 1200 6
2925 1140 3427 1208 θεῖοςἋπόστολος
3475 1142 3520 1198 ἓν
3547 1147 3607 1218 τῇ
3633 1144 3740 1216 πρὸς

2156 1231 2428 1306 Ἐφεσίους
2458 1235 2646 1311 φησίν.

465 1330 580 1398 Qua
609 1329 868 1386 docemur
900 1344 1009 1383 non
1043 1329 1191 1383 ultra
1224 1328 1423 1383 bellum
1451 1340 1658 1398 gerere.
1706 1322 1806 1379 Ille
1850 1337 2044 1377 secum

2227 1323 2353 1385 καθ’
2410 1323 2471 1391 ἦν
2533 1322 2594 1377 οὗ
2656 1324 2732 1396 μή
2790 1322 3050 1397 μάθωμεν
3109 1320 3185 1378 ἔτι
3240 1318 3510 1395 πολεμεῖν.
3539 1320 3734 1381 Ἐκεῖνός

392 1436 509 1475 non
540 1422 784 1492 pugnat,
817 1416 916 1488 qui
947 1416 1097 1471 iram
1147 1421 1206 1471 et
1249 1413 1784 1486 concupiscentiam
1835 1410 1973 1467 ratio

2154 1407 2293 1464 ἐστιν
2342 1411 2369 1465 6
2425 1411 2500 1483 μή
2561 1412 2734 1483 ἑαυτῷ
2774 1411 3060 1485 πολεμῶν,
3095 1412 3123 1467 6
3155 1412 3319 1484 θυμὸν
3358 1410 3444 1465 καὶ
3497 1408 3735 1481 ἐπιθυμίαν

392 1506 669 1578 subjecit.
703 1505 804 1562 Ille
825 1522 957 1561 vero
977 1521 1179 1577 pacem
1203 1521 1333 1560 cum
1357 1502 1698 1560 hominibus
1723 1500 1919 1569 habet,
1944 1516 1973 1571 q

2155 1500 2521 1572 καθυποτάξας
2554 1505 2631 1572 τῷ
2662 1499 2832 1574 λόγῳ.
2865 1499 3149 1577 Εἰρηνεύει
3181 1498 3238 1555 δὲ
3277 1501 3360 1555 καὶ
3408 1499 3535 1574 πρὸς
3577 1497 3736 1570 ἀνθρώ-

393 1612 573 1651 unam
606 1611 740 1650 eum
772 1594 1049 1650 omnibus
1097 1593 1451 1649 sententiam
1500 1592 1710 1659 habet;
1764 1588 1865 1662 qui
1912 1605 1974 1644 ve

2156 1588 2467 1658 πουςὸτὴν
2526 1590 2755 1665 γνώμην
2819 1588 2944 1663 μίαν
2996 1591 3135 1666 πρὸς
3181 1590 3375 1651 πάντας
3431 1586 3737 1659 κτησάμενος.

390 1688 647 1740 mentem
679 1700 849 1740 suam
871 1683 1215 1756 angelorum
1239 1681 1600 1738 motionibus
1622 1680 1971 1751 obsequente

2157 1677 2211 1733 Ὁ
2243 1674 2301 1731 δὲ
2329 1678 2423 1732 τὸν
2455 1678 2646 1734 ἑαυτοῦ
2674 1682 2801 1734 νοῦν
2829 1678 2967 1754 πρὸς
3023 1680 3092 1735 τὰ
3140 1676 3228 1734 διὰ
3270 1682 3376 1734 τῶν
3424 1674 3637 1753 ἀγγέλων
3675 1695 3738 1728 κι-

391 1773 626 1845 praebet,
658 1772 754 1828 hic
785 1772 1139 1829 etiamﬂcum
1171 1769 1398 1843 angelis
1427 1785 1631 1842 pacem
1658 1767 1933 1824 obtinuit.

2150 1765 2387 1839 νούμενα
2443 1766 2743 1843 παρασχὼν
2801 1768 3106 1838 πειθήνιον,
3140 1768 3294 1830 οὗτος
3350 1764 3436 1821 καὶ
3494 1764 3610 1838 μετᾶ
3647 1767 3730 1817 τῶν

2151 1853 2398 1931 ἀγγέλων
2430 1858 2528 1927 τήν
2563 1856 2784 1930 εἰρήνην
2816 1854 3098 1926 ἐκτήσατο.

464 1952 572 2021 Qui
598 1951 766 2008 etiam
794 1967 924 2009 eum
951 1952 1088 2024 ipsi:
1111 1949 1327 2006 divina.
1361 1949 1423 2005 Id
1455 1951 1563 2020 est,
1595 1948 1859 2004 eamdem
1905 1963 2040 2004 cum

2221 1942 2397 2001 Ἀλλᾶ
2443 1945 2529 2000 καὶ
2581 1944 2765 2008 αὐτοῖς
2820 1947 2887 2002 τὰ
2944 1949 3081 2003 θεῖα.
3139 1944 3391 2004 Τουτέστι
3452 1944 3544 2013 τήν
3594 1940 3728 2008 αὐτὴν

388 2042 535 2113 ipsis
565 2040 720 2097 circa
735 2039 993 2097 divinam
1025 2038 1394 2111 majestatem
1418 2036 1641 2094 cultum
1667 2040 1725 2094 et
1743 2037 1969 2094 adorati

2151 2032 2335 2098 αὐτοῖς
2362 2033 2487 2110 περὶ
2533 2035 2596 2090 τὸ
2626 2035 2768 2090 Θεῖον
2796 2031 2954 2098 σέϐας
2982 2034 3234 2111 λατρείαν
3287 2034 3372 2089 καὶ
3420 2030 3728 2108 προσκύνησιν

394 2144 528 2186 nem
560 2128 953 2201 perﬁciamus.

2149 2120 2546 2197 ἐπιτελέσωμεν
2557 2167 2568 2180 .

461 2218 526 2273 ιη
554 2218 891 2289 theologieis.
927 2217 1076 2273 Nota
1105 2231 1236 2274 esse
1268 2215 1503 2289 aliquod
1540 2214 1730 2289 ipsius
1778 2232 1926 2289 opus
1970 2216 2042 2273 de

2220 2214 2292 2269 Ev
2349 2217 2469 2274 ταῖς
2526 2214 2888 2289 θεοΛογικαῖς.
2921 2212 3263 2289 Σημείωσαι,
3294 2211 3374 2268 ὅτι
3430 2208 3556 2266 ἐστὶν
3603 2207 3730 2263 αὐτοῦ

390 2305 605 2363 divinis
632 2305 1134 2375 institutionibus;
1157 2306 1267 2363 hoc
1288 2305 1467 2362 etiam
1487 2304 1547 2361 in
1569 2304 1857 2377 principio
1880 2322 1971 2378 ea;

2149 2301 2235 2356 καί
2270 2299 2605 2376 θεολογικῶν
2642 2302 3039 2358 ὑποτυπώσεων
3062 2302 3341 2378 σύνταγμα
3366 2319 3379 2332 ·
3410 2304 3556 2355 τοῦτο
3592 2297 3663 2352 καὶ
3691 2292 3730 2348 ἐν

392 2394 470 2452 tis
499 2395 677 2467 primi
707 2394 871 2451 dicit.

2149 2390 2297 2466 ἀρχῇ
2328 2395 2424 2445 τοῦ
2450 2390 2672 2467 πρώτου
2701 2390 3002 2471 κεφαλαίου
3032 2393 3189 2467 φησί.

459 2488 487 2554 §
516 2484 609 2540 VI.
642 2486 751 2541 Per
771 2485 1060 2557 epistolam
1080 2483 1465 2558 interrogasti.
1491 2483 1790 2549 Quomodo
1822 2483 2037 2540 intelli-

2217 2484 2243 2549 ξ
2275 2480 2370 2537 VI.
2405 2480 2484 2534 Δι’
2515 2477 2809 2550 ἐπιστολῆς
2836 2479 3058 2545 ἐπύθου.
3088 2485 3215 2544 Πῶς
3243 2483 3356 2537 νοεῖ
3379 2479 3464 2535 τὸν
3491 2477 3605 2534 Θεὸν
3630 2473 3732 2530 αὐτὸ

385 2577 505 2647 gat,
539 2579 721 2630 Deum
752 2589 882 2630 esse
900 2574 1089 2645 ipsam
1106 2574 1309 2641 vitam,
1335 2577 1392 2627 et
1413 2572 1601 2644 ipsius
1622 2572 1750 2627 vita
1777 2573 1966 2629 condit

2152 2571 2293 2639 ζωὴν
2352 2571 2507 2642 εἶναι,
2538 2572 2623 2627 καί
2684 2578 2783 2642 τῆς
2844 2570 3125 2641 αὖτοζωῆς
3192 2571 3508 2640 ὑποστάτην,
3561 2567 3636 2622 καὶ
3682 2564 3733 2619 ei

388 2678 533 2731 rem,
568 2679 633 2718 ac
662 2661 901 2719 similia.
928 2662 1099 2717 Recte
1120 2666 1313 2717 autem
1337 2659 1480 2715 illud
1507 2660 1649 2716 dicit
1670 2660 1725 2715 in
1747 2660 1969 2733 epistoli

2150 2659 2331 2731 ὅμοια.
2366 2659 2562 2723 Καλῶς
2610 2657 2668 2716 ’ὀὶ
2715 2659 2844 2716 αὐτό
2876 2682 3009 2736 φησι
3040 2660 3130 2715 καὶ
3174 2661 3313 2716 κατὰ
3344 2659 3404 2715 τὸ
3434 2659 3481 2714 ἐν
3508 2658 3613 2718 ταῖς
3642 2653 3731 2708 ἑπι-

386 2750 639 2807 maxime
668 2750 729 2806 in
761 2750 1041 2807 secunda.
1076 2749 1265 2821 [Nota,
1299 2765 1368 2804 ex
1397 2749 1572 2803 rebus
1614 2748 1846 2818 creatis,
1877 2754 1934 2804 et
1963 2770 1967 2801 :

2154 2747 2385 2816 στολαῖς,
2425 2748 2660 2822 μάλιστα
2691 2752 2759 2823 τῇ
2788 2745 3028 2825 δευτέρα.
3063 2748 3428 2824 [Σημείωσαι,
3458 2745 3533 2802 δτι
3572 2745 3646 2799 καὶ
3689 2741 3735 2796 ἐι

381 2837 509 2909 ipso
537 2839 707 2895 factis
736 2839 919 2895 Deum
954 2837 1267 2904 nominari,
1292 2854 1357 2892 eo
1390 2837 1544 2908 quod
1570 2837 1692 2907 ipse
1723 2836 1802 2892 sit
1830 2853 1962 2892 earu

2150 2840 2252 2891 τῶν
2282 2834 2450 2892 ὄντων
2482 2838 2571 2893 καὶ
2620 2836 2671 2908 ἐξ
2722 2837 2886 2893 αὐτοῦ
2916 2839 3309 2913 παραχθέντων
3341 2840 3368 2894 6
3398 2836 3523 2898 Οεὸς
3563 2833 3731 2905 ὄνομα·

382 2927 647 2982 omnium
679 2932 883 2982 auctor
913 2931 972 2982 et
998 2927 1235 2997 Opifex.]

2146 2929 2310 2997 ζεται,
2339 2925 2412 2989 ὡς
2445 2924 2621 2988 αἶ’τιος
2654 2926 2827 2982 αὐτῶν
2864 2927 3175 3003 ὑπάρχων.]

451 3014 535 3070 Ere
558 3013 633 3069 iis
660 3031 780 3087 qua
826 3014 1012 3085 primo
1056 3019 1201 3070 sunt.
1254 3013 1518 3069 Arbitror
1564 3012 1756 3084 ipsum
1808 3030 1910 3080 per
1965 3029 2032 3070 ea

2212 3015 2307 3070 Ἐκ
2350 3018 2457 3070 τῶν
2515 3016 2748 3092 πρώτως
2802 3010 2994 3072 ὄντων.
3029 3016 3276 3091 Ηρώτως
3326 3018 3447 3071 ὄντα
3492 3012 3625 3085 οἶμαι
3661 3005 3731 3062 αὖ·

382 3120 508 3175 quae
538 3103 729 3175 primo
750 3102 876 3159 loco
929 3106 1087 3174 sunt,
1138 3100 1466 3173 intelligere
1518 3102 1960 3173 supermundan

2152 3103 2230 3157 τὸν
2288 3103 2559 3178 εἰρηκέναι
2596 3104 2690 3167 τὰς
2751 3103 3153 3181 ὑπερκοσμίους
3200 3106 3406 3181 φύσεις,
3438 3102 3507 3163 ὠς
3542 3098 3733 3174 πρώτως

379 3196 644 3264 naturas,
676 3196 957 3264 tanquam
991 3191 1180 3263 primo
1211 3190 1336 3245 loco
1359 3195 1416 3245 et
1446 3206 1588 3262 pure
1623 3189 1819 3246 divina
1848 3201 1960 3262 part

2152 3192 2228 3246 mi
2262 3192 2571 3270 ἀκραιφνῶς
2616 3197 2722 3248 τῶν
2764 3192 2920 3248 θείων
2973 3190 3192 3268 δωρεῶν
3251 3190 3586 3269 μετεχούσας,
3616 3189 3733 3255 ζωῆς

379 3281 644 3354 cipantes
665 3281 1033 3348 dona,vitam
1065 3283 1123 3335 et
1142 3278 1389 3350 reliqua.
1425 3281 1574 3350 Ergo
1591 3275 1651 3332 ἒκ
1676 3281 1782 3332 τῶν
1835 3274 1960 3333 ὄντα

2154 3279 2227 3335 ιαὶ
2258 3285 2366 3335 τῶν
2400 3285 2629 3338 Λοιπῶν.
2661 3282 2755 3338 Ἐκ
2780 3285 2889 3336 τῶν
2924 3276 3094 3336 ὄντων
3142 3280 3354 3352 τοίνυν,
3382 3276 3609 3335 τουτέστι
3650 3275 3735 3326 τῶν

376 3368 436 3424 id
458 3374 636 3425 estex
657 3369 731 3426 iis
751 3386 879 3441 qua:
903 3369 960 3424 in
986 3369 1059 3423 iis
1085 3384 1213 3440 qua:
1230 3374 1370 3424 sunt
1385 3368 1852 3437 considerantur,
1876 3368 1954 3424 De

2155 3369 2191 3422 ἐν
2223 3373 2339 3430 τοῖς
2371 3367 2489 3422 οὖσι
2540 3368 2949 3443 θεωρουμένων,
2982 3367 3196 3445 λέγεται
3232 3371 3263 3424 6
3293 3370 3420 3430 Θεὸς
3468 3372 3559 3435 τῆς
3606 3359 3736 3417 αὐτο·

376 3458 612 3526 dicitur,
641 3459 829 3531 ipsius
862 3458 989 3514 vitae
1022 3472 1125 3514 seu
1156 3456 1343 3529 ipsius
1375 3458 1615 3512 eli‘ectus
1661 3457 1852 3512 forma!
1901 3459 1951 3527 ej

2154 3459 2308 3526 ζωῆς,
2340 3453 2510 3531 ἤγουν
2543 3461 2639 3512 τοῦ
2669 3457 2834 3512 αὐτοῦ
2862 3458 3183 3534 πρὸἰγματος
3225 3459 3313 3513 καὶ
3347 3460 3442 3512 τοῦ
3473 3451 3632 3514 εἴδους
3662 3445 3735 3503 αὖ·

376 3547 645 3605 conditor
665 3553 723 3604 et.
744 3547 1096 3620 produclor;
1130 3561 1199 3601 ex
1232 3561 1347 3600 uno
1373 3545 1525 3601 enim
1553 3546 1676 3600 vita:
1707 3562 1812 3601 nos
1851 3544 1957 3601 etia

2154 3552 2235 3613 τῆς
2265 3545 2568 3615 ὑποστάτης
2597 3545 2684 3599 καί
2717 3544 3072 3622 παραγωγεύς
3111 3564 3125 3579 ⁸
3161 3544 3214 3616 ἒξ
3246 3546 3365 3608 ἰνὸς
3406 3545 3503 3620 γὰρ
3547 3543 3633 3596 τοῦ
3656 3542 3735 3604 τῆς

377 3639 450 3694 de
483 3636 781 3694 similibus
813 3634 1089 3693 similiter
1109 3635 1361 3708 cogitare
1383 3639 1628 3706 oportet.
1669 3633 1808 3690 Cum
1830 3639 1958 3691 aute

2154 3640 2284 3702 ζωῆς
2333 3632 2422 3687 καὶ
2471 3633 2595 3708 περὶ
2643 3637 2751 3687 τῶν
2811 3634 3021 3707 ὁμοίων
3049 3634 3198 3706 ἡμᾶς
3233 3632 3439 3708 ὁμοίιος
3479 3634 3611 3686 νοεῖν
3655 3622 3735 3681 δεῖ..

374 3727 531 3783 Deus
560 3727 688 3799 ipse
716 3725 945 3782 dicatur
975 3724 1105 3797 ipsa
1135 3724 1251 3778 vita
1271 3727 1328 3779 et
1358 3720 1595 3790 similia,
1624 3727 1904 3795 tanquam
1929 3741 1955 3780 s

2156 3725 2300 3780 Ὀταν
2331 3720 2388 3776 δὲ
2419 3723 2446 3776 6
2468 3722 2596 3784 Θεὸς
2627 3722 2785 3786 αὐτὸς
2817 3720 3048 3799 λέγηται
3083 3722 3336 3792 αὐτοζωή
3369 3723 3452 3778 καὶ
3484 3721 3548 3774 τὰ
3594 3734 3737 3789 παρα-

376 3833 482 3888 pra
501 3832 737 3872 omnem
760 3818 1033 3871 naturam
1059 3829 1125 3869 ea
1150 3812 1442 3869 exsistens
1463 3811 1697 3881 dicitur,
1721 3829 1823 3869 seu
1849 3829 1957 3884 sup

2157 3811 2369 3884 πλήσια,
2403 3810 2476 3873 ὠς
2505 3815 2673 3866 ταῦτα
2706 3810 2968 3888 ὑπάρχων
3016 3811 3150 3888 ὑπὲρ
3202 3810 3361 3890 φύσιν
3408 3815 3569 3865 πᾶσαν
3615 3803 3738 3879 λίγε-

374 3904 637 3976 angelos,
668 3920 735 3959 ac
765 3920 1001 3960 omnem
1031 3902 1348 3959 essentiam
1384 3900 1835 3974 intelligentem.

2157 3922 2244 3972 ται,
2300 3897 2467 3975 ἤγουν
2524 3900 2613 3955 καί
2683 3900 2815 3975 ὑπὲρ
2867 3898 3152 3976 ἀγγέλους,
3208 3902 3301 3956 καὶ
3359 3906 3527 3956 πᾶσαν
3582 3891 3738 3967 νοερᾶν

2137 3989 2345 4046 οὐσίαν.

442 4081 527 4134 Ea:
557 4081 628 4133 iis
683 4094 808 4148 qua:
853 4081 1058 4151 primo.
1102 4078 1345 4152 Πρώτως·
1391 4073 1520 4132 ὅντα
1542 4080 1685 4135 dicit
1727 4086 2023 4137 creaturas

2207 4081 2302 4137 Ἐκ
2324 4083 2431 4134 τῶν
2464 4080 2715 4152 πρώτως.
2750 4080 2992 4155 ΙΙρώτως
3051 4075 3183 4135 ὅντα
3229 4079 3333 4143 τὰς
3392 4075 3581 4150 venti;
3633 4092 3742 4151 φησι

373 4166 775 4239 intelligibiles
807 4183 873 4221 ac
903 4166 1301 4239 incorporeas,
1337 4168 1394 4222 id
1429 4172 1519 4222 est
1568 4168 1825 4239 angelos.
1878 4170 1954 4226 No

2169 4167 2517 4245 ημιουργίας,
2545 4167 2638 4231 τὰς
2695 4167 2785 4223 καὶ
2843 4166 3186 4242 ἀσωμάτους,
3213 4172 3457 4224 τουτέστι
3504 4164 3621 4228 τοὺς
3669 4160 3745 4234 ἀγ-

367 4256 432 4311 τὸ
454 4254 777 4331 ἀρχηγικῶς
803 4254 942 4326 quia
966 4253 1153 4326 primo
1174 4252 1301 4309 loco
1325 4254 1612 4321 substitit,
1629 4255 1769 4311 dicit
1787 4256 1848 4309 τὸ
1868 4255 1948 4310 ὑπι

2161 4257 2356 4321 έλους.
2385 4259 2429 4295 1⁸
2454 4256 2771 4331 Σημείωσαι
2801 4258 2863 4313 τὸ
2896 4258 3246 4334 ἀρχηγικῶς,
3270 4257 3357 4315 ὅτι
3389 4258 3610 4332 πρώτως
3641 4249 3742 4329 ὑφέ-

368 4344 551 4399 οόσιον
581 4362 684 4417 pro
715 4344 889 4409 Deus,
944 4342 1108 4398 solus
1159 4342 1311 4397 enim
1361 4344 1509 4399 221
1569 4343 1949 4417 intelligibilic

2165 4368 2319 4417 τηκε,
2353 4347 2508 4426 φησί,
2534 4347 2596 4401 τὸ
2631 4345 2949 4422 ὑπερούσιον
3011 4347 3127 4402 ἀντὶ
3165 4351 3289 4415 τοῦ,
3327 4349 3355 4403 ὁ
3404 4346 3530 4407 Θεὸς
3560 4363 3572 4378 ⁶
3605 4342 3746 4416 μόνος

370 4451 437 4491 ac
480 4432 789 4490 sensilium
839 4436 1082 4488 creator.
1117 4430 1241 4487 Non
1301 4430 1460 4486 enim
1514 4435 1742 4503 oportet
1789 4434 1951 4490 crede

2170 4436 2234 4510 ἀρ
2265 4436 2505 4507 ποιητής
2537 4439 2748 4506 νοητῶν
2773 4435 2864 4491 καὶ
2914 4435 3185 4507 αἰσθητῶν
3223 4455 3236 4468 ·
3271 4435 3334 4491 οὖ
3384 4435 3486 4512 γὰρ
3531 4431 3608 4488 δεῖ
3649 4426 3746 4485 πεί-

367 4522 489 4579 illis
521 4522 621 4596 qui
653 4521 855 4578 dicunt
884 4517 1190 4576 creatrices
1235 4519 1339 4575 Dei
1387 4518 1636 4575 virtutes
1685 4520 1826 4577 deos
1874 4538 1948 4577 es:

2168 4535 2314 4589 εσθαι
2376 4530 2493 4588 τοῖς
2539 4522 2757 4602 λέγουσι
2810 4524 2905 4587 τὰς
2937 4522 3338 4601 δημιουργικὰς
3375 4522 3621 4597 δυνάμεις
3667 4520 3747 4572 τοῦ

369 4612 524 4684 quod
556 4610 771 4667 falsum
803 4615 930 4665 est:
965 4624 1100 4665 nam
1156 4605 1319 4664 solus
1376 4608 1531 4664 Deus
1585 4613 1829 4665 creat-or.
1877 4611 1950 4669 Nc

2167 4617 2290 4681 ιεοῦ,
2327 4612 2480 4677 θεοὺς
2514 4614 2671 4682 εἶναι,
2702 4612 2831 4688 ὅπερ
2865 4613 2964 4669 οὐκ
3012 4608 3131 4669 ἔστι
3161 4631 3174 4644 ·
3208 4616 3377 4688 μόνος
3421 4612 3522 4688 γᾶρ
3568 4610 3595 4665 6
3639 4604 3748 4665 Θεὸς

370 4700 566 4758 solum
602 4700 781 4785 Deum
825 4702 1147 4756 creatorem
1181 4696 1640 4770 intelligibilium
1674 4714 1739 4753 ac
1770 4700 1951 4756 sensit

2167 4702 2500 4779 ημιουργός.
2536 4701 2881 4776 Σημείωσαι,
2911 4701 2993 4758 ὅτι
3053 4704 3219 4777 μόνος
3273 4703 3302 4757 6
3349 4703 3479 4763 Θεὸς
3536 4694 3747 4766 ποιητὴς

373 4788 543 4845 lium.
2131 4794 2349 4846 πάντων
2376 4796 2589 4862 νοητῶν
2621 4790 2711 4845 καὶ
2742 4790 3038 4862 αἰσθητῶν.

441 4878 777 4947 Contortum,
809 4877 911 4933 Gr.
952 4870 1209 4949 ἀγκύλον.
1243 4873 1546 4929 Inﬂexum.

1313 4873 1546 4929 ﬂexum.
2203 4878 2496 4955 Ἀγκύλον.
2528 4878 2886 4952 Ἑπικαμπὲς.

368 5055 446 5126 (ιι)
476 5054 687 5127 Ephes.
723 5072 786 5126 ιι,
820 5055 907 5110 Ui.

1368 5222 1605 5277 VARIE
1647 5223 2041 5280 LECTIONES
2066 5226 2157 5282 ET
2188 5226 2752 5287 CORRECTIONES.

439 5396 812 5490 ¹⁸ισημὶείωσαι
858 5398 910 5452 τί
960 5396 1071 5489 ἐστι
1116 5400 1177 5490 τὸ
1222 5401 1717 5490 δερχηγίκῶξιείναι
1754 5403 2126 5490 ’ἢάρχηγικιῖζς
2168 5402 2270 5490 ,μὲν
2322 5401 2396 5490 ᾡς
2425 5404 2640 5490 παντων
2672 5403 2847 5490 αἴτιος
2873 5408 2984 5461 τῶν
3009 5403 3233 5490 ῥγαθῶν.
3259 5406 3288 5460 6
3318 5406 3469 5478 Θεὸς,
3499 5407 3756 5480 μεθεκτῶς

366 5464 450 5554 δὲ,
476 5464 1022 5560 ὡςἀἱνπρονοητιξαί
1044 5476 1172 5545 παρ’
1202 5464 1368 5560 αὖτ’ὄῦ
1386 5464 1737 5545 ’ἐκδιδόμεναι
1772 5464 1946 5547 δυζνᾶζυί

2172 5464 2224 5529 ta
2254 5475 2391 5560 quid
2440 5477 2517 5560 sit
2556 5464 2880 5560 ἀρχηγικῶς
2922 5464 3316 5560 principaliter
3359 5464 3514 5560 esse;
3564 5464 3753 5560 nempe

364 5540 761 5614 principaliter
804 5546 893 5597 est
929 5540 1295 5606 Deus,'velut
1340 5559 1519 5600 causa
1568 5540 1826 5602 omnium
1874 5540 1943 5603 b'o

362 5613 612 5672 virtutes
642 5631 677 5669 a
706 5612 825 5669 Deo
856 5618 1186 5668 manantes.

2187 5562 2201 5613 ;
2238 5540 2510 5616 μέθεκτῶς
2552 5540 3077 5625 verb'partieipate,
3111 5540 3405 5609 exsistunt
3433 5540 3755 5623 provisoria
