4004 6200
343 336 442 389 401

1114 339 1172 392 S.
1215 341 1480 392 MAXlMI
1519 338 1822 392 SCHOLIA
1860 337 1933 388 IN
1974 335 2101 386 LIB.
2147 335 2239 385 DE
2278 335 2546 388 DIVlNIS
2584 336 2994 390 NOMINIBUS.

3650 336 3755 392 402

418 459 517 513 Καὶ
567 458 723 523 θεοὺς
775 465 884 514 τῶν
942 455 1134 515 ὄντων.
1166 460 1290 515 “Οτι
1343 456 1441 513 οῧκ
1498 459 1599 512 είσι
1650 457 1760 521 θεοὶ
1812 455 1846 524 ἢ
1889 452 1955 524 δη

2181 457 2243 510 Et
2277 455 2401 511 deos
2433 473 2638 512 eorum.
2676 458 2797 513 Non
2833 474 2960 513 esse
2990 458 3128 513 deos
3176 463 3278 513 aut
3325 461 3614 516 creatores
3645 478 3751 517 an-

345 549 602 624 μιουργοῖ
632 546 883 624 ἄγγελοι,
915 547 1040 602 οὐδὲ
1071 545 1211 603 ἄλλο
1242 569 1292 602 τι
1323 549 1469 624 παρὰ
1496 548 1588 602 τὸν
1629 545 1781 604 Θεόν.

416 636 672 707 Ἀληοῶς
723 637 812 691 καὶ
854 637 1077 712 κυρίως.
1130 635 1469 709 Σημείωσαι,
1512 637 1594 690 δτι
1627 633 1750 690 οὐδὲ
1781 636 1935 695 οὗτος
1968 635 1994 686 6

342 731 487 789 θεῖος
517 725 655 800 ἀνὴρ
687 724 947 802 διαφορὰν
977 724 1090 781 οἶδε
1118 730 1214 780 τοῦ
1244 725 1443 799 κυρίως
1474 725 1562 779 καὶ
1602 721 1848 794 ἀληθῶς.

409 816 520 882 Τήν
582 815 1018 874 αὖτοουσίωσιν.
1073 817 1165 871 Ἐν
1223 813 1438 869 τούτοις
1517 811 1835 890 σαφέστερον
1891 811 1990 878 τήν

339 901 498 957 λύσιν
524 903 818 973 ἐποιήσατο
847 908 943 958 τοῦ
991 903 1339 978 προτεθέντος
1391 897 1808 978 προϐλήματος,
1841 899 1990 961 ὅπως

490 987 680 1047 λαϐεῖν
727 993 814 1062 τὸ,
862 993 996 1047 ποτὲ
1049 990 1294 1067 λέγεσθαι
1353 992 1445 1064 μὲν
1497 990 1655 1045 αὐτὸν
1705 989 1989 1058 αὐτοζωήν

334 1081 427 1135 καὶ
458 1081 528 1135 τὰ
557 1079 647 1136 σὺν
698 1079 846 1154 αὖτῷ
898 1081 990 1136 τὸν
1038 1081 1191 1148 Θεὸν,
1222 1081 1352 1135 ποτὲ
1402 1077 1459 1134 δὲ
1503 1079 1710 1134 τούτων
1756 1078 1988 1132 ὑποστά-

336 1190 463 1240 την,
495 1167 668 1245 ἤγουν
716 1175 882 1225 ταῦτα
936 1170 1334 1240 ὑποστήσαντα·
1370 1170 1452 1223 ὅτι
1485 1169 1512 1222 6
1545 1169 1664 1241 μὲν,
1710 1167 1784 1229 ὡς
1817 1165 1988 1227 αἰετιος

334 1259 550 1313 τούτων
599 1260 684 1313 καὶ
740 1259 890 1334 ἀρχὴ
942 1259 1297 1334 ὁπεράρχιος,
1348 1256 1491 1312 οὕτω
1539 1261 1704 1311 ταῦτα
1749 1255 1984 1330 λέγεται·

333 1350 402 1404 τα
454 1347 512 1404 δὲ
561 1346 689 1404 ὄντα
733 1349 941 1405 τούτων
995 1351 1313 1425 μετέχοντα,
1372 1348 1660 1405 καλοῦνται
1711 1347 1762 1418 ἐξ
1812 1347 1986 1401 αὐτῶν

336 1443 540 1508 ζῶντα,
587 1440 675 1494 καὶ
727 1434 856 1494 ὄντα
902 1440 992 1494 καὶ
1039 1436 1206 1496 ἔνθεα.
1257 1439 1372 1507 Τὴν
1421 1440 1630 1507 ζώωσιν
1685 1440 1838 1511 γοῦν,
1887 1437 1986 1504 τὴν

333 1526 594 1582 οὖσίωσιν
667 1529 782 1582 ἀντὶ
855 1533 952 1583 τοῦ
1009 1529 1079 1582 τὰ
1134 1529 1426 1604 πράγματα
1479 1529 1542 1594 ¹⁸,
1608 1527 1898 1596 ὑπέστησεν
1959 1526 1988 1578 6

332 1618 490 1678 Θεός.
554 1617 793 1691 Πρώτως
868 1618 960 1671 οὖν
1023 1615 1350 1690 ἐννοούμεθα
1424 1616 1554 1671 αὐτὸ
1623 1615 1684 1670 τὸ
1740 1619 1984 1690 πρᾶγμα·

332 1707 430 1769 εἶθ’
462 1705 607 1760 οὕτω
637 1708 733 1776 τήν
767 1704 1072 1775 καθολικὴν
1099 1706 1263 1761 αὐτοῦ
1312 1700 1539 1760 ἔννοιαν·
1574 1707 1690 1760 οἷον
1720 1705 1820 1773 τὴν
1851 1723 1986 1758 παν-

330 1795 504 1857 τοίως
534 1795 1096 1868 θεωρουμένην⁶ζωὴν
1129 1795 1163 1863 ἢ
1197 1795 1408 1850 οὐσίαν*
1440 1793 1529 1849 καί
1580 1795 1701 1849 τότε
1730 1794 1799 1848 τὰ
1831 1813 1985 1869 μερι-

330 1884 424 1952 xi,
453 1884 700 1938 τουτέστι
728 1885 827 1952 τήν
871 1889 968 1939 106'
1016 1885 1136 1948 καθ’
1162 1880 1386 1938 ἕκαστον
1429 1881 1569 1945 εἶδος
1600 1879 1804 1938 ἔννοιαν
1837 1881 1980 1956 λαμ-

328 1966 594 2045 ϐάνομεν,
671 1975 785 2027 οἷον
855 1973 956 2042 τῆς
1023 1972 1314 2048 ἆ-ίγελικῆς
1463 1980 1563 2042 τῆς
1633 1972 1980 2046 ἀνθρωπίνης

328 2063 499 2130 ζωῆς,
555 2060 643 2115 καὶ
693 2065 801 2116 τῶν
851 2060 1058 2117 λοιπῶν
1110 2064 1192 2124 οἷς
1242 2057 1638 2134 συνεισϐἀλλει,
1670 2063 1759 2116 καὶ
1800 2059 1974 2116 αὐτῶν

320 2155 434 2205 τῶν
485 2152 826 2226 μετεχόντων
877 2154 912 2221 ἡ
958 2155 1174 2224 μνήμη.
1226 2152 1550 2226 Ἐπαγαγὼν
1601 2149 1658 2205 δὲ
1707 2152 1820 2207 εἶτα
1863 2154 1972 2206 τῶν

315 2239 467 2295 ὅλων
528 2238 706 2294 αὐτῶν
763 2240 1124 2316 μετεχόντων,
1184 2237 1459 2311 ἐδήλωσεν
1523 2241 1595 2302 ὡς
1674 2240 1735 2294 οὗ
1801 2239 1973 2295 πάντα

307 2331 532 2384 πάντων
569 2327 880 2405 μετέχουσι·
914 2329 982 2384 τὰ
1038 2330 1132 2402 μὲν
1185 2329 1287 2406 γὰρ
1331 2328 1519 2392 οὐσίας
1570 2329 1758 2402 μόνης·
1810 2330 1877 2384 τὰ
1915 2327 1972 2383 δὲ

309 2423 491 2486 ζωῆςο
545 2418 610 2471 τὰ
661 2415 718 2471 δὲ
766 2417 856 2472 καὶ
907 2419 1169 2489 νοήσεως,
1201 2417 1236 2486 ἢ
1290 2416 1378 2472 καὶ
1430 2417 1867 2489 νοερότητος’τα
1914 2415 1968 2472 δὲ

307 2508 452 2579 πρὸς
483 2505 697 2568 τούτοις
727 2505 816 2560 καὶ
851 2507 1113 2570 θεώσεως.

379 2688 480 2744 Ὃν
528 2687 594 2741 τὰ
643 2684 770 2742 ὄντα
820 2685 1037 2749 οἷ’κείως
1086 2689 1295 2750 ἑαυτοῖς
1331 2731 1344 2744 .
1399 2691 1469 2742 Τὸ
1521 2685 1713 2742 δοκοῦν
1769 2688 1966 2766 ἀσαφέ-

313 2797 504 2850 στερον
558 2775 912 2854 σαφηνιστέον
964 2775 1161 2839 οὕτως·
1196 2778 1224 2832 ὁ
1272 2777 1401 2838 Θεὸς
1455 2777 1627 2831 πάντα
1680 2777 1754 2838 εἷς
1795 2799 1969 2848 σωτη-

311 2864 438 2940 ρίαν
498 2864 554 2920 ἐν
603 2866 778 2937 ἑαυτῷ
818 2864 1074 2940 προέχων
1131 2865 1567 2942 ὑπερηνωμένως
1616 2866 1704 2920 καὶ
1748 2867 1964 2921 ἀσυνθέ-

311 2975 444 3021 τως,
471 2954 562 3008 καὶ
595 2955 671 3016 ὡς
701 2955 912 3029 πηγαία
943 2955 1090 3030 ἆρχή
1127 2952 1194 3009 δι’
1241 2955 1578 3031 ἀγαθότητος
1629 2950 1964 3031 ὑπερϐολήν,

311 3044 401 3097 καὶ
447 3048 567 3105 τοῖς
605 3042 656 3115 ἐξ
697 3041 864 3098 αὐτοῦ
915 3041 1323 3118 δημιουργικῶς
1377 3045 1673 3113 ὑποστᾶσι,
1723 3044 1961 3118 καθάπερ

313 3132 534 3194 ἀκτῖνάς
573 3153 722 3194 τινας
775 3132 971 3209 ἀφιείς,
1027 3131 1200 3205 μένων
1249 3132 1394 3194 ὅλως
1446 3132 1497 3187 ἐν
1538 3132 1711 3205 ἐαυτῷ
1742 3131 1960 3206 μεταδί-

2107 545 2288 616 gelos,
2323 561 2510 617 neque
2542 545 2760 617 aliquid
2795 546 2951 602 aliud
2986 551 3194 618 praeter
3224 546 3430 605 Deum.

2181 636 2310 690 Vere
2339 651 2403 690 ac
2425 637 2674 707 proprie.
2709 639 2852 690 Nota
2884 636 3036 706 quod
3058 651 3244 707 neque
3267 635 3499 693 divinus
3542 639 3636 694 hic
3663 639 3752 695 vir

2101 722 2491 779 dilfercntiam
2525 730 2806 795 agnoscat
2836 725 2988 778 inter
3015 723 3218 797 κυρίως
3249 728 3306 779 et
3335 721 3604 793 ἀληθῶς..

2175 815 2280 868 Per
2302 830 2360 868 se
2386 829 2522 868 esse.
2555 814 2617 867 In
2652 813 2745 868 bis
2779 813 3086 885 perspicue
3119 813 3308 885 magis
3340 813 3514 868 solvit
3544 831 3748 886 propo-

2102 901 2282 957 situm
2300 902 2544 956 dubium
2569 903 2862 972 quomodo
2875 901 3175 972 accipiend
3189 918 3283 957 um
3307 901 3602 974 sit,ipsum
3620 904 3748 974 qui-

2102 991 2233 1046 dem
2261 991 2578 1062 aliquando
2600 990 2714 1046 dici
2753 991 2943 1062 ipsam
2981 991 3178 1058 vitam;
3204 995 3261 1046 et
3283 1008 3410 1062 quas
3432 1007 3567 1047 cum
3621 991 3747 1064 ipso

2100 1083 2306 1147 Deum;
2327 1079 2644 1152 aliquando
2667 1085 2862 1135 autem
2884 1079 3092 1134 borum
3117 1079 3481 1136 conditorem
3504 1097 3605 1136 seu
3628 1080 3746 1136 hanc

2099 1169 2752 1226 condidisse.Nimirum
2768 1185 2900 1224 eum
2922 1174 3204 1240 tanquam
3219 1169 3429 1224 borum
3444 1175 3743 1226 auctorem

2099 1263 2155 1313 et
2187 1257 2541 1330 principium
2575 1275 2753 1328 supra
2798 1257 3154 1329 principium
3196 1258 3278 1312 ita
3307 1257 3620 1329 nominari,
3651 1275 3745 1314 res

2100 1363 2233 1402 vero
2256 1364 2382 1417 quae
2409 1347 2524 1402 haec
2551 1346 2925 1418 participant,
2958 1363 3026 1401 ex
3063 1345 3210 1417 ipsis
3233 1346 3424 1402 vocari
3462 1348 3740 1417 viventes,

2099 1437 2414 1492 existentes
2447 1453 2513 1491 ac
2543 1436 2791 1490 divinas.
2845 1435 2990 1506 Ergo
3023 1435 3176 1490 Deus
3228 1452 3330 1508 pro
3374 1435 3550 1491 rebus
3598 1435 3743 1508 ipsis

2099 1541 2202 1580 seu
2237 1525 2458 1581 effectis
2481 1523 2755 1597 produxit
2779 1524 3005 1580 vivendi
3031 1523 3344 1590 actionem,
3366 1528 3423 1579 et
3453 1525 3740 1580 actionem

2098 1613 2358 1670 essentia;
2391 1615 2696 1670 datricem.
2731 1618 2934 1684 Itaque
2979 1613 3168 1684 primo
3199 1612 3324 1668 loco
3357 1613 3741 1684 intelligimus

2098 1706 2292 1776 ipsum
2326 1704 2617 1759 effectum.
2644 1703 2850 1759 Postea
2880 1702 3269 1758 universalem
3291 1703 3420 1773 ejus
3442 1702 3742 1774 cogitatio-

2098 1809 2258 1863 nem,
2282 1791 2525 1863 scilicet,
2549 1792 2826 1848 omnibus
2852 1791 3042 1847 modis
3083 1790 3511 1847 consideratam
3556 1791 3736 1848 vitam

2090 1886 2194 1938 aut
2223 1881 2562 1949 essentiam,
2599 1885 2657 1937 et
2681 1885 2807 1936 tum
2831 1879 3227 1953 particularia,
3251 1879 3311 1935 id
3333 1885 3425 1936 est
3446 1881 3735 1953 cujusque

2089 1971 2305 2045 speciei
2338 1970 2787 2043 intelligentiam
2836 1968 3156 2042 accipimus
3185 1968 3462 2040 angelica
3491 1974 3592 2026 aut
3618 1970 3731 2026 hu-

2089 2078 2271 2117 manae
2302 2060 2455 2127 vitae,
2489 2077 2555 2116 ac
2585 2059 2947 2132 reliquorum
2978 2058 3192 2130 quibus
3233 2057 3518 2116 memoria
3547 2059 3725 2116 simul

2086 2150 2398 2219 incumbit,
2448 2166 2513 2206 ac
2555 2164 2756 2205 eorum
2786 2165 2912 2219 quin
2961 2147 3493 2219 participant.Cum
3526 2153 3723 2205 autem

2085 2241 2334 2308 addidit,
2364 2243 2483 2295 tum
2511 2255 2701 2296 eorum
2729 2253 2855 2309 qua:
2885 2237 3138 2293 omnibus
3164 2237 3527 2310 participant,
3549 2239 3728 2310 signi-

2087 2331 2279 2386 iicavit
2309 2345 2424 2385 non
2457 2328 2657 2384 omnia
2685 2327 2963 2384 omnibus
2993 2325 3380 2398 participare;
3413 2327 3528 2382 alia
3569 2329 3728 2382 enim

2083 2419 2209 2476 sola
2241 2419 2521 2488 essentia,
2549 2416 2664 2473 alia
2694 2432 2825 2472 vero
2855 2415 3009 2482 vita;
3043 2415 3310 2486 quaedam
3343 2415 3522 2470 etiam
3556 2416 3727 2470 intel-

2079 2507 2329 2564 lectione
2355 2525 2457 2564 seu
2491 2505 2904 2577 intelligentia,
2953 2504 3222 2575 quaedam
3273 2507 3473 2559 autem
3520 2506 3730 2576 praeter

2077 2595 2177 2652 illa
2206 2595 2380 2653 etiam
2408 2595 2730 2650 divinitate.

2150 2688 2281 2756 Qum
2312 2701 2396 2740 res
2424 2690 2589 2756 prout
2632 2685 2832 2754 cuique
2877 2683 3147 2737 convenit.
3198 2682 3360 2745 Quod
3413 2682 3724 2738 obscurius

2075 2777 2329 2842 videtur,
2365 2774 2449 2828 ita
2481 2772 2898 2828 declarandum
2923 2774 3030 2826 est.
3057 2775 3208 2826 Deus
3237 2771 3436 2826 omnia
3465 2771 3537 2826 ad
3556 2770 3720 2828 salu-

2076 2870 2191 2922 tem
2225 2865 2282 2919 in
2310 2863 2503 2934 seipso
2526 2866 2660 2917 ante
2681 2860 2906 2916 habens
2939 2860 3110 2915 modo
3132 2859 3470 2915 unitissimo
3502 2864 3559 2915 et
3591 2861 3720 2916 sine

2074 2952 2518 3024 compositione,
2552 2967 2618 3006 ac
2647 2948 2806 3005 velut
2836 2947 3053 3004 fontale
3085 2947 3443 3020 principium
3484 2952 3722 3021 propter

2075 3041 2356 3098 bonitatis
2384 3055 2711 3104 excessum,
2744 3041 2919 3109 atque
2951 3037 3022 3092 iis
3073 3052 3204 3108 qua:
3234 3037 3305 3092 ab
3347 3036 3475 3109 ipso
3507 3037 3721 3094 virtute

2070 3131 2306 3188 creandi
2319 3129 2554 3185 condita
2566 3126 2908 3194 sunt,veluti
2925 3125 3118 3181 radios
3132 3125 3409 3196 quosdam
3419 3125 3716 3197 emittens,

311 3218 446 3275 δωσι
501 3223 771 3294 μεθεκτῶς
823 3221 1029 3294 ἑκάστῳ
1079 3221 1290 3284 οἰκείως
1336 3227 1443 3276 τῶν
1499 3220 1748 3299 μεγάλων
1795 3222 1959 3278 αὐτοῦ

2088 3225 2232 3277 μοῐιιε
2272 3219 2330 3274 in
2355 3234 2417 3275 se
2448 3233 2716 3286 manens,
2750 3215 3073 3286 unicuique
3103 3231 3207 3286 pro
3229 3217 3404 3286 captu
3453 3230 3559 3286 per
3596 3231 3717 3271 mo-

308 3311 781 3385 προτερημσίτων·
833 3311 890 3364 αἱ
939 3310 1031 3364 οὖν
1081 3309 1141 3364 ἐκ
1181 3315 1289 3365 τῶν
1347 3309 1570 3365 ένοντων
1629 3311 1772 3384 αὑτῷ
1825 3313 1959 3388 ἀγα-

309 3401 415 3452 θῶν
451 3397 523 3459 si:
569 3395 856 3470 μετάδοσιν
909 3396 1212 3472 ἐλλάμψεις
1259 3399 1631 3472 πρωτοτύπως
1683 3401 1955 3476 λέγονται,

309 3488 400 3541 καὶ
447 3487 718 3541 αὖτοεῖναι
767 3488 856 3542 καὶ
902 3487 1298 3559 αὐτοζωώσεις,
1330 3487 1418 3542 καὶ
1470 3488 1824 3554 αὖτοθεώσεις
1867 3490 1956 3545 καὶ

311 3578 410 3630 ὅσα
439 3581 661 3631 τοιαῦτα
712 3575 846 3631 κατᾶ
882 3576 1112 3649 μίμησιν
1153 3581 1261 3632 τῶν
1316 3577 1527 3652 ἀρχῶν,
1558 3579 1798 3634 τουτέστι
1847 3584 1953 3633 τῶν

307 3665 475 3720 αὐτοῦ
530 3663 596 3734 δὴ
645 3669 738 3719 τοῦ
788 3664 924 3720 Θεοῦ
974 3661 1167 3732 ὄντων,
1214 3667 1357 3743 φημὶ
1405 3673 1505 3736 τῆς
1537 3667 1954 3738 αὐτοθεότητος,

307 3755 394 3808 καὶ
430 3752 923 3828 αὐτοαγαθότητος,
971 3754 1062 3808 καὶ
1108 3754 1410 3823 αὖτοζωῆς·
1459 3750 1720 3829 δευτέρως
1759 3753 1815 3810 δὲ
1865 3755 1954 3810 καὶ

309 3842 415 3897 ὅλα
458 3842 596 3897 αὐτᾶ
643 3842 941 3912 ὑποστῆναι
995 3841 1232 3918 λέγεται,
1283 3842 1373 3898 διὰ
1400 3848 1505 3898 τῶν
1557 3844 1691 3898 κατᾶ
1721 3842 1956 3920 πρόοδον

311 3933 627 3986 ὑποπασῶν
664 3932 754 3986 ὑπ’
781 3930 946 3986 αὐτοῦ
978 3930 1200 3999 οὐσιῶν,
1233 3936 1386 4000 ζωῶν
1420 3932 1596 3986 οὐσῶν
1648 3930 1954 4001 οὐσιωδῶς,

306 4019 395 4073 καὶ
457 4016 760 4090 διδομένων
809 4024 1080 4082 αεθεκτῶς
1123 4025 1238 4080 τοῖς
1290 4019 1456 4090 ἀξίοις
1513 4023 1581 4057 ¹⁸·
1641 4020 1838 4094 τρίτως
1897 4018 1954 4076 δὲ

304 4113 414 4162 τῶν
465 4113 702 4183 μερικῶν
746 4107 956 4162 τούτων
1009 4105 1370 4180 μεταδόσεωνο
1411 4108 1532 4163 τινὰ
1585 4111 1685 4184 γὰρ
1735 4111 1949 4185 μετέχει

309 4198 573 4265 ζωώσεως
627 4196 822 4268 μόνης,
874 4198 995 4251 τινα
1053 4194 1108 4252 δὲ
1151 4197 1241 4251 καὶ
1294 4197 1560 4270 θεώσεως,
1609 4200 1727 4254 τινὰ
1777 4196 1833 4253 δὲ
1861 4199 1952 4254 καὶ

303 4290 409 4340 τῶν
443 4283 592 4339 ὅλων
642 4287 782 4358 ὁμοῦ
824 4285 1056 4357 τούτων,
1090 4286 1166 4347 ὡς
1214 4287 1268 4340 αἱ
1317 4287 1586 4341 ἀνώταται
1633 4287 1824 4358 νοηταὶ
1856 4285 1950 4342 δυ-

306 4373 516 4446 νέμεις.

2069 3311 2210 3365 dum
2241 3305 2798 3364 communicationis
2861 3318 3107 3376 magnas
3152 3319 3292 3359 suas
3344 3302 3716 3358 excellentiae

2069 3397 2488 3456 communicat.
2509 3396 2709 3466 Itaque
2725 3392 3152 3450 illustrationes
3175 3408 3244 3448 ex
3264 3390 3338 3447 iis
3352 3408 3479 3463 qua
3503 3391 3616 3465 ipsi
3634 3393 3717 3449 in-

2068 3493 2207 3544 sunt
2227 3486 2396 3543 bonis
2418 3482 3011 3542 communicabilibus
3044 3481 3232 3553 primo
3254 3480 3380 3537 loco
3413 3481 3714 3552 dicuntur,

2067 3581 2122 3632 et
2138 3577 2329 3647 ipsum
2355 3589 2503 3637 esse,
2528 3577 2584 3628 et
2604 3571 2792 3644 ipsius
2812 3570 2944 3625 vitae
2961 3569 3322 3641 largitiones,
3342 3572 3398 3625 et
3422 3569 3614 3641 ipsius
3631 3571 3715 3624 di-

2065 3665 2294 3720 vinitati
2314 3662 2655 3734 largitiones
2677 3664 2734 3715 et
2749 3662 3035 3730 quotquot
3055 3657 3195 3712 talia
3215 3658 3542 3714 secundum
3557 3660 3708 3715 222

2066 3753 2450 3808 imitationem
2479 3748 2921 3821 principiorum,
2952 3747 3010 3801 id
3034 3751 3347 3801 esteorum
3368 3762 3495 3816 quae
3519 3745 3710 3818 ipsius

2062 3841 2164 3897 Dei
2179 3839 2532 3911 sunt,ipsius
2547 3835 2875 3891 divinitatis
2888 3835 3211 3906 inquam,et
3225 3833 3413 3906 ipsius
3427 3833 3709 3890 bonitatis

2065 3935 2240 4002 atque
2272 3927 2459 4000 ipsius
2481 3927 2639 3994 vitae;
2700 3924 2958 3980 secundo
3019 3939 3149 3978 vero
3181 3921 3356 3977 etiam
3401 3926 3523 3979 tota
3578 3922 3710 3996 ipsa

2064 4018 2399 4076 condidisse
2415 4015 2646 4081 dicitur,
2672 4017 2908 4087 propter
2930 4011 3219 4068 cssentias
3240 4012 3370 4082 ejus
3391 4027 3707 4084 progressu

2065 4108 2133 4164 ad
2168 4111 2330 4163 extra
2359 4104 2774 4171 subsistentes,
2800 4118 2928 4173 quae
2969 4099 3362 4157 essentialiter
3391 4105 3531 4156 sunt
3557 4101 3706 4169 vitae,

2062 4203 2118 4253 et
2149 4195 2343 4268 dignis
2365 4191 2858 4250 communicando
2889 4191 3125 4258 dantur;
3151 4189 3326 4245 tertio
3357 4197 3551 4246 autem
3582 4207 3709 4262 par-

2061 4288 2398 4346 ticularium
2430 4287 2642 4342 harum
2675 4280 3280 4340 communicationum
3316 4297 3514 4336 causa.
3543 4283 3707 4346 Qua":-

2061 4381 2194 4435 dam
2227 4378 2382 4433 enim
2417 4375 2602 4431 solam
2635 4375 2761 4432 vitae
2812 4371 3206 4445 largitionem,
3255 4371 3522 4440 quaedam
3571 4383 3705 4424 vero

309 4467 482 4519 etiam
519 4464 842 4520 divinitatis
870 4464 1264 4538 largitionem,
1299 4467 1565 4537 quaedam
1597 4467 1850 4538 denique
1898 4468 2076 4525 simul
2115 4468 2240 4523 haec
2286 4470 2426 4533 tota,
2481 4464 2636 4520 sicut
2687 4477 2968 4534 suprema:
3014 4457 3413 4530 intelligibiles
3460 4456 3706 4514 virtutes

304 4555 678 4628 participant.

377 4645 504 4700 Τῶν
572 4646 808 4717 μερικῶν
845 4683 858 4698 .

303 4736 493 4807 γενῶν.

377 4821 483 4878 Καὶ
530 4823 629 4888 τῆς
686 4819 1179 4895 ἀύτοαγαθότητος.
1234 4822 1355 4877 Ὅτι
1410 4822 1499 4875 καὶ
1540 4829 1638 4892 τῆς
1684 4823 1952 4897 αὐτοαγα-

305 4912 534 4981 θότητος
579 4912 668 4965 καὶ
715 4911 972 4981 Θεότητος
1023 4911 1326 4983 ὑποστάτης
1381 4911 1520 4968 ἐστὶν
1553 4915 1580 4968 6
1614 4914 1951 4990 ὐπεροὶγαθος

297 5001 380 5053 καὶ
445 5000 728 5075 ὑπέροεος.
778 5000 1095 5074 Σημείωσαι
1144 5001 1234 5055 οὖν
1297 4998 1378 5056 ὅτι
1439 5002 1537 5056 οὐκ
1592 4997 1731 5058 ἔστιν
1793 5004 1953 5058 οὐσία

298 5094 426 5142 Θεοῦ
473 5090 539 5142 τὰ
586 5093 835 5147 τοιαῦτα.
890 5089 1188 5165 Ἀνάγνωθι
1241 5089 1292 5143 ἐν
1358 5094 1427 5164 τῇ
1596 5094 1732 5166 πρὸς
1797 5099 1953 5148 Γαῖον

297 5176 586 5250 ἐπιστολῇ.

367 5266 634 5340 Προνοίας
691 5267 780 5320 καὶ
840 5264 1222 5341 ἀγαθότητας.
1289 5268 1554 5342 Προνοίας
1610 5271 1696 5324 καὶ
1757 5269 1953 5344 ἀγαθά-

916 4643 1124 4718 Μερικαὶ
1180 4664 1311 4720 φησι
1379 4644 1472 4704 τὰς
1532 4641 1793 4720 διαδοχὰς
1846 4650 1952 4700 τῶν

2134 4647 2602 4704 Particularium.
2641 4640 3026 4697 Particularia
3074 4639 3212 4693 dicit
3241 4653 3521 4710 generum
3571 4653 3701 4693 suc-

2060 4753 2376 4794 088810088.

2132 4829 2194 4880 Et
2221 4842 2320 4896 per
2347 4841 2402 4880 se
2433 4822 2712 4879 bonitatis.
2745 4825 2894 4876 Eum
2926 4835 3054 4875 esse
3092 4817 3279 4889 ipsius
3326 4814 3602 4871 bonitatis
3649 4818 3706 4870 et

2062 4915 2384 4972 divinitatis
2429 4913 2794 4969 conditorem
2828 4913 2928 4980 qui
2971 4911 3061 4963 est
3091 4922 3270 4977 supra
3298 4903 3618 4960 bonitatem
3648 4909 3707 4959 et

2063 5023 2243 5077 supra
2265 5003 2650 5058 divinitatem.
2674 5000 2823 5054 Nota
2874 4997 3074 5069 igitur,
3108 4993 3249 5050 talia
3280 5011 3396 5048 non
3441 5009 3570 5049 esse
3602 4992 3706 5048 Dei

2063 5094 2403 5150 essentiam.
2435 5091 2581 5162 Lege
2613 5087 2931 5144 secundum
2964 5086 3034 5140 ad
3062 5084 3265 5141 Caium
3300 5082 3631 5154 epistolam.

2132 5267 2511 5325 Providentias
2536 5269 2584 5320 ct
2616 5266 2894 5320 bonitates.
2934 5260 3337 5318 Providentiae
3384 5264 3440 5316 et
3474 5259 3708 5317 bonita-

1306 5493 1550 5549 VAItI/E
1595 5495 1986 5551 LECTIONES
2026 5495 2113 5549 ET
2152 5491 2710 5549 CORRECTIONES.

380 5640 425 5675 ¹⁵
450 5641 552 5709 τήν
584 5641 802 5713 Θέωσιν,
831 5639 1001 5718 ⁸ἤγοον
1033 5642 1170 5696 αὐτᾶ
1196 5641 1262 5695 τὰ
1291 5644 1454 5718 πρά-ί.
1534 5647 1577 5680 ¹⁶
1606 5664 1686 5719 γρ.
1724 5644 1916 5720 ἁγίοις.
