4004 6200
303 310 407 368 403

1114 306 1481 368 APPENDIX
1517 314 1616 367 an
1652 310 1895 368 ornas
1934 313 1991 365 s.
2033 311 2349 367 momen
2390 276 2895 366 sumpserim.
3588 312 3680 367 4οι

306 444 413 509 tes,
440 437 703 512 προνοίας
733 439 791 492 et
819 434 1160 509 ἀγαθότητας
1189 436 1353 503 dicit,
1386 452 1515 507 quas
1546 439 1717 491 antea
1732 434 1952 491 vocavit

2077 433 2231 503 εητάς
2264 452 2449 510 φησιν,
2484 432 2618 506 ἅπερ
2664 443 2921 508 προεῖπεν
2967 430 3252 502 οὐσίωσιν,
3298 433 3518 502 ζώωσιν,
3564 434 3678 511 ἀγα-

304 532 571 587 σεεοηιίω
600 528 999 601 largitionem,
1030 526 1160 582 vitae
1192 525 1587 600 largitionem,
1607 526 1954 597 bonitatem,

305 618 697 687 divinitatem,
728 614 1256 689 pulchritudinem,
1292 628 1360 672 ac
1392 615 1633 672 similia.

374 711 413 765 A
447 710 551 765 Deo
571 707 761 780 quiest
780 710 939 762 extra
955 705 1047 761 sui
1054 704 1563 778 participationem.
1582 704 1763 761 Paulo
1785 709 1960 761 antea

306 799 552 867 dixerat,
600 796 783 851 Deum
835 793 1259 851 communicari
1328 808 1524 866 posse,
1599 811 1757 850 nunc
1814 793 1959 849 dicit

302 888 497 958 ispum
530 902 646 942 non
697 898 870 958 posse
909 883 1351 940 communicari.
1402 884 1552 955 Ergo
1597 884 1752 940 Deus
1798 898 1957 939 com-

305 976 598 1032 municari
630 974 825 1048 potest
852 971 1198 1029 liberalibus
1238 971 1367 1028 suis
1404 972 1956 1029 communicationi-

304 1065 446 1136 bus;
479 1065 684 1138 nequit
714 1062 911 1119 autem
944 1059 1368 1117 communicari
1414 1065 1707 1133 quatenus
1738 1066 1828 1119 est
1859 1076 1959 1115 au-

305 1158 451 1223 ctor,
481 1157 538 1209 et
559 1153 701 1225 quia
720 1151 865 1207 illud
890 1164 1071 1221 super
1098 1148 1297 1205 omnia
1319 1149 1558 1222 proprie
1591 1149 1789 1218 habet,
1821 1149 1956 1221 qui-

305 1245 416 1299 bus
446 1240 645 1298 omnia
677 1252 782 1313 pro
815 1243 991 1312 captu
1034 1237 1425 1310 participant;
1488 1236 1598 1295 hoc
1655 1238 1813 1294 enim
1870 1242 1960 1294 est

307 1332 501 1388 simile
533 1330 617 1386 illi
650 1329 808 1402 quod
842 1344 1025 1401 supra
1053 1328 1113 1382 in
1147 1326 1337 1400 capite
1365 1327 1574 1399 quinto
1606 1327 1827 1383 dictum
1845 1332 1954 1396 est,

307 1434 518 1493 nempe
543 1420 701 1492 quod
734 1422 844 1489 est,
874 1422 931 1473 et
960 1416 1018 1472 in
1053 1415 1332 1473 omnibus
1372 1420 1480 1487 est,
1530 1421 1589 1472 et
1634 1415 1782 1472 nihil
1833 1432 1959 1472 om-

308 1509 473 1567 nium
506 1514 632 1578 est;
684 1507 823 1580 quia
853 1506 1011 1562 enim
1050 1506 1331 1576 continet,
1365 1510 1423 1561 et
1469 1505 1742 1573 vivificat,
1790 1509 1959 1577 atque

311 1597 596 1667 custodit,
630 1596 845 1652 dicitur
875 1595 933 1649 in
966 1595 1243 1651 omnibus
1266 1609 1424 1663 esse;
1462 1593 1609 1650 nihil
1635 1599 1833 1651 autem
1865 1610 1958 1651 re-

309 1703 440 1742 rum
472 1690 579 1753 est,
604 1689 899 1758 quatenus
930 1698 1108 1740 causa
1130 1682 1536 1756 productionis
1555 1683 1817 1740 omnium
1845 1688 1956 1740 est.

305 1779 496 1833 Causa
519 1788 655 1831 vero
704 1788 1012 1845 nunquam
1044 1788 1114 1828 ex
1143 1772 1364 1829 eil'cctis
1419 1788 1550 1829 esse
1605 1775 1796 1844 potest
1827 1788 1840 1828 :
1873 1773 1959 1828 sic

308 1864 484 1921 etiam
514 1856 624 1919 hoc
651 1860 797 1930 loco,
831 1862 987 1918 Deus
1016 1860 1257 1932 quidem
1288 1860 1712 1917 communicari
1742 1865 1954 1933 potest,

310 1950 603 2026 quatenus
633 1953 834 2008 omnia
862 1964 989 2024 quas
1034 1954 1174 2007 sunt
1220 1949 1417 2023 ipsum
1473 1949 1848 2022 participant,
1898 1954 1957 2007 et

308 2057 413 2115 per
440 2041 637 2113 ipsum
669 2040 1036 2109 consistunt;
1073 2040 1228 2112 quod
1261 2039 1420 2097 enim
1452 2055 1587 2096 eum
1622 2054 1739 2096 non
1770 2040 1953 2112 parti-

309 2131 485 2203 cipat,
520 2142 711 2204 neque
759 2135 868 2199 est,
902 2143 1092 2202 neque
1145 2129 1279 2196 erit,
1325 2143 1517 2201 neque
1573 2133 1718 2185 erat.
1745 2130 1958 2186 Contra

2066 523 2288 594 θότητα,
2322 523 2571 597 θεότητα,
2605 521 2834 593 κάλλος,
2864 523 2955 579 καὶ
2978 522 3045 578 τὰ
3075 524 3268 598 ὅμοιοι.

2138 705 2234 759 Ἐκ
2262 707 2395 758 Θεοῦ
2443 706 2543 757 τοῦ
2590 701 2912 776 ἀμεθέκτυυ.
2962 703 3078 779 Πρὸ
3113 700 3353 779 βραχέος
3392 702 3547 759 εἰπὼν
3579 707 3685 777 μεθ-

2066 792 2215 847 εκτὸν
2273 792 2366 847 τὸν
2413 793 2568 861 Θεὸν,
2617 796 2709 846 νῦν
2759 791 3053 865 ἆμὲθεκτον
3118 791 3282 848 αὐτόν
3335 814 3492 870 φησιν
3544 796 3680 849 εἶναι·

2069 881 2324 954 μεθεκτὸς
2377 882 2471 954 μὶν
2525 880 2614 935 οὖν
2655 882 2684 936 6
2728 880 2860 944 Θεὸς
2906 880 3042 936 κατὰ
3084 881 3184 944 τὰς
3224 878 3560 960 φιλοδώρους
3602 882 3685 937 αύ-

2063 972 2160 1024 τοῦ
2203 965 2532 1042 μεταδόσεις·
2585 968 2879 1041 ἆμὲθεκτος
2926 965 2984 1024 δὶ
3022 969 3164 1024 κατὰ
3217 968 3281 1023 τὸ
3337 964 3490 1024 αὐτὸν
3535 966 3684 1025 α’ἱτιον

2067 1054 2214 1127 ὅντα,
2259 1057 2350 1113 καὶ
2395 1062 2557 1113 τοῦτο
2605 1058 2736 1133 ὑπὲρ
2790 1057 2964 1112 πάντα
3012 1056 3159 1133 ἔχειν
3216 1052 3388 1128 ἰδίως,
3420 1059 3490 1112 ὧν
3536 1055 3687 1113 πάντα

2065 1146 2391 1225 προσφόρως
2437 1145 2680 1222 μετίχει·
2713 1147 2908 1221 ὅμοιον
2956 1148 3057 1223 γάρ
3107 1145 3223 1202 ἔστι
3272 1150 3434 1202 τοῦτο
3459 1150 3537 1219 τῷ
3564 1146 3690 1223 εἰρη-

2071 1235 2214 1309 μένῳ
2244 1232 2354 1290 ἅνω
2384 1235 2439 1290 ἑν
2468 1233 2749 1310 κεφαλαίῳ
2777 1236 3034 1309 πέμπτῳ,
3064 1234 3148 1291 ὅτι
3180 1236 3245 1291 τὸ
3275 1236 3333 1291 ’ὸν
3368 1235 3456 1290 καὶ
3499 1231 3547 1290 ἓν
3589 1241 3688 1299 τοῖς

2066 1323 2224 1380 πᾶσίν
2252 1324 2384 1398 ἐστι,
2417 1325 2508 1379 καὶ
2556 1321 2710 1380 οὐδὸν
2763 1329 2871 1380 τῶν
2922 1325 3138 1380 πάντων
3190 1323 3326 1380 ἐστί·
3375 1321 3462 1378 ’διὰ
3504 1323 3598 1399 γὰρ
3637 1325 3688 1379 τὸ

2068 1414 2311 1491 συνέχειν
2359 1413 2449 1469 καὶ
2494 1417 2668 1483 ζωοῦν
2716 1415 2805 1469 καὶ
2866 1412 3154 1492 φυλάττειν
3215 1414 3430 1488 λέγεται
3487 1411 3535 1468 ἐν
3586 1418 3689 1474 τοῖς

2066 1509 2227 1559 πᾶσιν
2277 1503 2433 1558 εἶναι·
2467 1500 2618 1558 οὐδὲν
2655 1498 2713 1558 δὶ
2755 1506 2864 1558 τῶν
2915 1498 3085 1559 ὄντων
3132 1501 3272 1571 ἐστὶ,
3318 1503 3434 1566 καθ’
3480 1502 3509 1557 ’ὀ
3537 1500 3684 1558 α’ίτιον

2065 1599 2167 1663 τῆς
2195 1593 2410 1648 πάντων
2455 1594 2807 1668 παραγωγῆς,
2838 1590 2938 1648 οὐκ
2984 1590 3041 1647 ἂν
3093 1589 3153 1647 δὲ
3200 1592 3264 1647 τὸ
3309 1589 3477 1646 α’ἰτιον
3506 1590 3561 1645 ἐκ
3596 1594 3687 1644 τῶν

2067 1680 2323 1737 αἴτιατῶν
2381 1678 2490 1752 εἴη.
2548 1680 2706 1738 Οὕτω
2762 1680 2853 1736 καὶ
2907 1679 3152 1750 ἐνταῦθα,
3218 1680 3471 1754 μεθεκτὸς
3532 1679 3615 1752 μὲν
3666 1678 3689 1732 ὁ

2067 1770 2196 1832 Θεὸς
2252 1771 2370 1834 καθ’
2427 1770 2457 1825 ὃ
2512 1771 2688 1825 πάντα.
2750 1771 2817 1825 τὰ
2890 1764 3021 1825 ὄντα
3088 1769 3261 1825 αύτοῦ
3328 1769 3560 1843 μετέχει,
3609 1765 3684 1821 καὶ

2066 1857 2136 1915 δι’
2177 1859 2340 1915 αὐτοῦ
2392 1864 2701 1928 συνέστηκε·
2733 1859 2796 1914 τὸ
2841 1859 2941 1933 γὰρ
2989 1859 3155 1914 αὐτοῦ
3210 1859 3287 1932 μὴ
3332 1857 3552 1932 μετέχον
3582 1853 3688 1910 οὕτε

2063 1942 2227 2017 ἔστιν,
2281 1945 2404 2004 οὕτε
2451 1944 2617 2019 ἔσται,
2664 1946 2788 2004 ούτε
2833 1949 2924 2018 ἦν.
2983 1947 3316 2021 Ἀμέθεκτος
3378 1945 3436 2002 δὲ
3488 1944 3638 2001 πάλιν
3668 1989 3681 2015 ,

2066 2034 2253 2106 ἒπειδή
2295 2044 2397 2107 τῆς
2441 2034 2604 2093 αὑτοῦ
2653 2036 2836 2100 οὐσίας
2885 2033 3041 2093 οὐδὲν
3090 2040 3200 2092 τῶν
3246 2032 3416 2093 ὄντων
3469 2033 3679 2110 μετέχει·

2066 2126 2199 2203 ὑπὲρ
2230 2127 2295 2181 τὰ
2324 2122 2450 2181 ὄντα
2478 2126 2581 2202 γὰρ
2613 2126 2640 2182 6
2672 2127 2802 2189 Θεὸς
2828 2127 2965 2182 κατὰ
2992 2128 3094 2196 τὴν
3125 2123 3272 2181 ῗδίαν
3304 2125 3483 2205 φύσιν.

311 2233 446 2278 vero
476 2219 901 2278 communicari
932 2219 1139 2292 nequit
1171 2219 1451 2291 quoniam
1482 2217 1630 2275 nihil
1661 2231 1862 2275 eorum
1893 2234 2021 2291 quae
2042 2222 2206 2287 sunt,
2237 2217 2554 2274 essentiam
2583 2219 2714 2289 ejus
2743 2217 3086 2291 participat;
3124 2233 3267 2274 nam
3315 2218 3467 2274 Deus
3503 2231 3687 2271 secun-

315 2311 455 2366 dum
488 2309 787 2383 propriam
820 2312 1093 2366 naturam
1125 2310 1183 2365 et
1211 2324 1392 2380 supra
1421 2323 1489 2364 ea
1520 2324 1647 2379 quae
1679 2313 1839 2363 sunt.

921 2424 992 2485 IN
1035 2426 1188 2484 CAP.
1238 2420 1358 2481 Xll.

385 2517 416 2590 §
442 2516 483 2572 I.
515 2520 624 2574 Per
676 2517 967 2573 nominum
1017 2514 1474 2588 gominationem.
1500 2512 1963 2571 Geminationem

2545 2425 2659 2480 ΕΙΣ
2698 2424 2791 2480 ΤΟ
2829 2425 3092 2479 ΚΕΦΑΛ.
3137 2423 3243 2479 ΙΒ’.

2144 2514 2174 2587 §
2204 2514 2244 2569 Ι.
2278 2516 2368 2583 Τῷ
2395 2509 2783 2585 διπλασιασμῷ
2809 2516 2918 2567 τῶν
2950 2510 3267 2584 ὀνομάτων.
3314 2508 3687 2580 Διπλασιασμὸν

316 2608 624 2663 nominum
684 2608 848 2678 dicit,
908 2606 1334 2678 superlativum
1394 2618 1528 2660 cum
1590 2603 1856 2675 positivo,
1897 2609 1952 2660 ut

2077 2599 2355 2673 ὀνομάτων
2414 2600 2547 2678 φησὶ
2602 2601 2665 2655 τὸ
2736 2601 2875 2676 πρὸς
2946 2602 3010 2656 τὸ
3079 2598 3296 2655 ἁπλοῦν
3356 2596 3689 2674 ὑπερθετικὸν,

312 2695 595 2751 δευοίατο
629 2700 993 2764 sanctorum,
1021 2693 1330 2749 Dominum
1361 2689 1755 2759 dominorum,
1781 2696 1959 2748 Deum

311 2780 579 2852 deorum,
611 2784 847 2856 [Regem
882 2782 1132 2854 regum,]
1163 2784 1219 2837 et
1246 2780 1340 2836 his
1372 2778 1609 2836 similia.

377 2872 529 2929 sua
558 2867 684 2944 §II.
721 2872 1061 2943 Quapropter
1089 2866 1412 2926 dominatio.
1446 2867 1577 2924 Haec
1607 2866 1813 2925 dicunt
1843 2869 1960 2925 duo

305 2959 589 3031 Gregorii,
611 2958 922 3031 theologus
953 2964 1009 3014 et
1038 2957 1358 3031 Nyssenus.

372 3042 1831 3120 §IILAbsolulepra’dicanda.‘Anoldrmcabsoluledd
1844 3050 1954 3116 est,

308 3151 427 3193 non
447 3135 773 3192 secundum
795 3131 1016 3207 aliquid
1043 3133 1302 3204 laudare,
1327 3135 1656 3193 secundum
1690 3148 1826 3192 vero
1848 3134 1952 3192 ali-

304 3223 449 3299 quid
464 3242 579 3283 non
597 3224 1154 3297 laudare,autprout
1167 3239 1300 3281 cum
1325 3222 1438 3281 alio
1450 3239 1576 3280 com
1586 3226 1953 3297 paratur,sed

314 3314 642 3373 secundum
662 3314 770 3371 sim
781 3312 991 3387 plicem
1002 3314 1437 3388 cogitationem,
1450 3312 1510 3370 id
1525 3318 1614 3371 est
1634 3316 1886 3387 proprie.

382 3403 446 3458 Et
497 3400 960 3476 inmqualilatem.
999 3400 1131 3458 Haec
1176 3405 1267 3457 est
1309 3399 1529 3471 unitas,
1563 3399 1958 3472 aequalitatem

313 3498 370 3548 et
401 3490 766 3548 identitatem
801 3491 960 3561 dico;
997 3491 1115 3547 haec
1140 3489 1298 3547 enim
1329 3495 1417 3547 est
1445 3504 1626 3546 causa
1655 3489 1958 3562 conspira-

312 3579 493 3637 tionis
522 3585 579 3637 et
609 3579 956 3649 concordiae,
987 3584 1044 3636 et
1075 3578 1286 3636 salutis
1329 3582 1608 3646 totorum,
1641 3595 1775 3635 nam
1809 3580 1958 3637 ratio

314 3668 558 3727 unitatis
588 3668 908 3727 secundum
943 3668 1149 3726 eadem
1173 3672 1229 3724 et
1249 3667 1599 3741 simpliciter
1621 3685 1682 3726 se
1713 3667 1957 3741 habens,

313 3775 498 3815 unum
531 3758 739 3816 merito
771 3757 1051 3832 appellari
1083 3762 1295 3832 potest,
1316 3774 1501 3814 unum
1531 3758 1688 3814 enim
1719 3759 1873 3831 quod
1897 3758 1957 3815 in

308 3846 785 3919 particularibus,
817 3853 905 3904 est
935 3849 1166 3903 unitum
1200 3846 1490 3919 partibus,
1523 3848 1580 3903 et
1608 3846 1957 3920 conspirans

304 3936 364 3991 in
396 3936 844 4008 participatione
876 3932 1076 4008 primae
1107 3952 1317 3993 causae.
1354 3938 1484 3992 Haec
1516 3935 1753 3993 ratione
1783 3936 1957 3994 etiam

306 4022 590 4078 Dominus
622 4041 723 4095 pro
755 4023 1060 4096 discipulis
1093 4028 1238 4081 orat.
1276 4024 1338 4081 Ut
1367 4026 1480 4081 sint
1526 4029 1582 4080 et
1611 4026 1722 4097 ipsi
1760 4038 1956 4094 unum,

304 4112 446 4166 sicut
485 4113 538 4165 et
577 4127 677 4166 nos
731 4128 905 4166 unum
957 4126 1170 4179 sumus,
1222 4121 1282 4168 ut
1335 4113 1447 4169 sint
1501 4117 1870 4170 consummati
1896 4113 1957 4170 in

305 4212 478 4252 unum
506 4197 583 4271 (b)
615 4198 788 4271 [quod
825 4198 1118 4269 significat
1139 4201 1535 4268 sanctitatem,
1567 4218 1635 4257 ac
1666 4200 1955 4274 regnum],

301 4282 573 4360 γάννυται,
634 4298 737 4342 seu
790 4292 1081 4343 recreatur
1128 4284 1283 4345 Deus
1336 4290 1396 4345 in
1455 4288 1708 4362 propriis
1764 4291 1955 4363 operi-

303 4374 417 4429 bus
463 4375 787 4431 secundum
840 4374 983 4430 illud
1037 4376 1406 4433 Psalmorum
1441 4391 1456 4434 :
1492 4376 1794 4434 Laetabitur
1845 4380 1957 4435 Do-

303 4463 489 4519 minus
520 4464 580 4520 in
610 4467 864 4538 operibus
888 4464 1004 4521 suis
1033 4466 1105 4538 (c)
1139 4466 1314 4538 [quod
1365 4466 1698 4523 dominium
1729 4468 1955 4541 signiti-

307 4553 441 4624 cat].

381 4732 409 4798 §
438 4731 529 4787 IV.
563 4732 759 4787 Auctor
791 4732 1306 4805 z’mparticipabilis.
1339 4733 1497 4790 Deus
1528 4731 1953 4791 communicari

305 4820 531 4891 nequit,
566 4821 889 4876 secundum
925 4825 1141 4877 naturas
1173 4818 1481 4879 rationem.

369 4908 601 4964 Sanctus
656 4917 975 4966 sanctorum
1020 4909 1303 4968 laudatur.
1352 4910 1654 4974 Quomodo
1703 4913 1955 4969 Sanctus

294 5000 659 5066 sanctorum,
685 5000 741 5053 et
763 4996 984 5055 similia
1018 4998 1173 5056 Deus
1198 4997 1492 5066 laudatur,
1528 5000 1958 5057 admirabiliter

301 5084 716 5153 maniisstavit,
738 5090 795 5143 et
815 5086 916 5155 ait,
941 5094 1229 5161 quantum
1256 5086 1451 5145 differt
1480 5092 1690 5145 natura
1721 5104 1869 5161 pura
1900 5093 1958 5145 et

301 5186 478 5226 causa
509 5191 540 5227 a
573 5174 856 5244 qualitate
886 5178 1034 5233 etab
1065 5177 1304 5245 effectu;
1341 5178 1680 5250 quodenim
1703 5177 1953 5234 estillud

298 5257 453 5326 quod
485 5264 570 5314 cst
594 5268 861 5333 respectu
892 5264 1054 5321 illius
1100 5266 1256 5338 quod
1306 5267 1540 5338 proprie
1589 5282 1707 5322 non
1757 5271 1864 5337 est,
1899 5272 1957 5323 et

301 5350 592 5413 quantum
622 5347 765 5404 illud
791 5355 942 5421 quod
971 5354 1360 5425 participatur
1389 5355 1461 5411 ab
1493 5370 1560 5410 eo
1592 5355 1747 5426 quod
1780 5355 1957 5426 parti-

303 5432 483 5505 cipat;
508 5439 738 5492 tantum
761 5438 955 5496 ditl'ert
988 5444 1139 5499 Deus
1169 5445 1311 5499 dum
1343 5443 1467 5500 haec
1496 5444 1736 5515 dicitur,
1770 5445 1842 5501 sb
1884 5444 1957 5501 iis

383 5617 462 5687 (ὁ)
492 5616 661 5674 Joan.
694 5635 832 5691 xvn,
869 5623 953 5690 11,
984 5622 1074 5679 23.
1152 5622 1225 5694 (ε)
1256 5622 1406 5681 Psal.
1438 5640 1559 5696 cur,
1593 5625 1683 5680 31.

2073 2687 2186 2743 οἷον
2235 2691 2427 2764 Ἂγιον
2480 2688 2669 2764 ἁγίων,
2721 2686 2918 2765 Κύριον
2965 2686 3193 2763 κυρίων,
3248 2687 3377 2744 Θεὸν
3426 2687 3551 2751 θεῶν
3595 2682 3687 2757 [καί

2070 2776 2304 2833 Βασιλέα
2337 2776 2653 2853 ﬂuctuum],
2682 2776 2773 2832 καὶ
2801 2778 2869 2832 τὰ
2897 2775 3065 2851 ὅμοια
3092 2776 3327 2836 τούτων.

2138 2866 2267 2935 §Il.
2304 2867 2396 2921 Διὸ
2445 2866 2536 2921 καὶ
2584 2866 2867 2943 κυριότης.
2916 2868 3094 2923 Ταῦτά
3134 2884 3299 2946 φασιν
3350 2868 3402 2922 οἱ
3445 2863 3536 2921 δύο
3574 2869 3686 2938 Γρη-

2068 2953 2270 3030 γόριοι,
2298 2955 2329 3011 6'
2356 2972 2416 3011 τε
2445 2953 2709 3031 θεολόγος
2737 2956 2826 3012 καὶ
2860 2956 2888 3010 6
2920 2957 3156 3028 Νύσσης.

2137 3042 2293 3113 §III.
2369 3043 2690 3107 Ἀπολύτως
2762 3041 3050 3116 ὑμνητὲον.
3122 3044 3466 3107 Ἀπολύτως.
3530 3040 3683 3097 τουτί-

2069 3150 2181 3187 στιν
2238 3132 2300 3189 οὑ
2351 3134 2488 3188 κατὰ
2532 3152 2584 3189 τι
2635 3133 2755 3206 μὶν,
2802 3136 2939 3189 κατά
2982 3154 3035 3191 τι
3082 3133 3140 3191 δὶ
3185 3135 3275 3205 οὒ,
3307 3136 3341 3205 ἢ
3375 3136 3450 3194 ὡς
3496 3131 3617 3208 πρός
3640 3149 3683 3183 τι

2066 3216 2269 3298 ἕτερον,
2300 3219 2447 3279 ἀλλὰ
2475 3222 2611 3278 κατὰ
2636 3220 2820 3293 ἁπλῆν
2853 3218 3085 3292 ἔννοιαν,
3116 3224 3363 3281 τουτέστι
3389 3222 3597 3299 κυρίως.

2137 3400 2241 3458 Καὶ
2299 3398 2612 3471 ἀνισότητα.
2684 3399 2832 3472 Αὕτη
2908 3398 3050 3458 ἐστὶν
3119 3403 3154 3473 ἡ
3223 3402 3438 3474 ἑνότης,
3492 3400 3548 3455 τὸ
3599 3400 3684 3467 τῆς

2067 3490 2319 3561 ἱσότητος
2372 3490 2463 3544 καὶ
2509 3492 2840 3561 ταυτότητος
2891 3486 3033 3567 λέγω
3068 3507 3082 3524 ·
3131 3495 3296 3547 τοῦτο
3345 3489 3443 3568 γᾶρ
3493 3489 3592 3544 ἐστι
3632 3487 3683 3539 τὸ

2068 3573 2244 3632 αἴτιον
2291 3582 2393 3649 τῆς
2442 3579 2767 3653 συμπνοίας,
2797 3580 2887 3634 καὶ
2933 3585 3036 3649 τῆς
3082 3579 3437 3653 συμπαθείας,
3484 3579 3568 3633 καὶ
3601 3581 3684 3644 τῆς

2066 3664 2340 3741 σωτηρίας
2380 3671 2490 3723 τῶν
2536 3664 2707 3723 ὅλων·
2757 3670 2786 3724 ὁ
2829 3668 2931 3746 γὰρ
2972 3675 3073 3740 τῆς
3120 3668 3377 3741 ἑνότητος
3435 3666 3607 3743 λόγος,
3658 3664 3682 3717 ὁ

2065 3756 2199 3811 κατὰ
2254 3757 2323 3811 τὰ
2378 3756 2511 3812 αὑτὰ
2565 3757 2655 3812 καὶ
2713 3757 2972 3823 ὡσαύτως
3026 3756 3195 3835 ἔχων,
3252 3758 3311 3814 ἓν
3368 3759 3579 3818 εἰκότως
3631 3752 3680 3807 ἃν

2065 3844 2551 3921 προσαγορεύοιτο·
2596 3843 2686 3901 καί
2738 3847 2842 3922 γὰρ
2894 3847 2957 3901 τὸ
2999 3845 3051 3901 ἐν
3103 3849 3223 3911 τοῖς
3260 3844 3396 3903 κατὰ
3444 3846 3595 3921 μέρος
3634 3842 3680 3896 ἓν

2063 3937 2311 3989 τοιοῦτον
2355 3932 2613 4010 ὑπάρχει,
2662 3936 2948 4009 ἡνωμένον
2995 3941 3115 3998 τοῖς
3174 3935 3379 4011 μέρεσι,
3428 3935 3515 3991 καὶ
3563 3930 3683 4003 σύμ·

2065 4040 2232 4078 πνουν
2289 4024 2425 4079 κατὰ
2477 4020 2763 4096 μετουσίαν
2834 4028 2933 4079 τοῖ’)
3002 4024 3227 4098 πρώτου
3284 4025 3458 4082 αἰτίου
3489 4062 3503 4080 .-
3558 4018 3685 4079 Κατὰ

2064 4115 2255 4167 τοῦτον
2308 4111 2400 4167 τὸν
2447 4106 2610 4187 λύγον
2660 4112 2750 4167 καὶ
2805 4113 2833 4168 ὁ
2883 4112 3079 4189 Κύριος
3134 4111 3241 4169 ὒπὸ
3285 4119 3394 4170 τῶν
3453 4110 3684 4186 μαθητῶν

2066 4200 2224 4270 αἰτεῖ,
2272 4203 2386 4256 ’Ίνα
2429 4202 2529 4256 ὦσι
2576 4201 2667 4257 καὶ
2715 4201 2869 4256 αὑτοὶ
2919 4200 2998 4270 ἓν,
3050 4203 3126 4267 ὡς
3170 4203 3261 4258 καὶ
3313 4205 3476 4277 ἡμεῖς
3517 4198 3569 4255 ἓν
3612 4197 3685 4251 ἐσ-

2070 4307 2188 4362 μεν,
2213 4286 2307 4344 ’ίνα
2353 4290 2455 4343 ὦσι
2501 4288 2916 4363 τετελειωμένοι
2948 4290 3026 4353 εἷς
3072 4289 3137 4345 τὸ
3166 4287 3244 4346 ἓν·
3282 4293 3376 4364 ["0
3412 4288 3575 4360 δηλοῖ
3596 4288 3682 4354 τήν

2066 4376 2352 4452 ἀγιότητα,
2384 4379 2412 4433 ’ὸ
2455 4376 2621 4449 δηλοῖ
2657 4380 2756 4448 τὴν
2812 4378 3113 4455 βασιλείαν,
3160 4379 3410 4454 γάννυται
3461 4376 3534 4451 δὲ,
3578 4374 3686 4443 ἤτοι

2065 4466 2408 4544 εὐφραίνεται
2461 4466 2548 4523 ἐπὶ
2595 4472 2716 4529 τοῖς
2764 4464 2926 4529 ῗδίοις
2971 4470 3274 4541 ποιήμασιν
3326 4466 3355 4523 6
3385 4467 3529 4536 Θεὸς,
3570 4460 3687 4519 κατὰ

1984 4547 2031 4610 Ι)
2059 4556 2122 4610 τὸ
2155 4554 2206 4610 ἐν
2238 4555 2504 4630 ψαλμοῖς·
2538 4557 2974 4635 Εὑφρανθήσεται
3024 4556 3219 4631 Κύριος
3267 4555 3352 4613 ἐπὶ
3382 4562 3499 4618 τοῖς
3526 4550 3687 4630 ἔργοις

2064 4643 2226 4700 αὐτοῦ
2258 4645 2308 4719 ['6
2340 4642 2507 4716 δηλοῖ
2534 4649 2633 4714 τὴν
2659 4645 2999 4722 κυριότητα].

2135 4739 2162 4803 §
2193 4736 2287 4792 IV.
2320 4735 2376 4788 Ὀ
2415 4734 2710 4807 ἆμὲοεκτος
2763 4732 2959 4797 αἴτιος.
2992 4733 3315 4809 Ἀμὲθεκτος
3346 4737 3374 4791 6
3419 4733 3541 4795 Θεὸς
3568 4727 3687 4785 κατὰ

2061 4823 2154 4877 τὸν
2184 4829 2286 4892 τῆς
2316 4822 2529 4898 φύσεως
2559 4822 2751 4898 λόγον.

2134 4913 2326 4987 ’Ἀγιος
2382 4908 2548 4989 ἆγίων
2600 4911 2869 4985 ὐμνεῖται.
2928 4913 3056 4976 Πῶς
3104 4914 3293 4986 Ἄγιος
3348 4908 3560 4989 ἁγίων,
3611 4902 3687 4960 καί

2062 4996 2131 5055 τὰ
2183 5005 2409 5057 τοιαῦτα
2467 5001 2714 5074 ὑμνεῖται
2756 5001 2783 5055 6
2833 5001 2989 5071 Θεὸς,
3048 5002 3365 5074 θαυμασίως
3424 4999 3687 5076 ἑτράνωσε,

2063 5089 2152 5143 καί
2211 5108 2366 5166 φησι,
2417 5090 2536 5154 καθ’
2585 5086 2708 5145 ὅσον
2761 5084 3000 5167 διαφέρει
3059 5087 3219 5168 φύσις
3272 5088 3568 5168 ἀκραιφνὴς
3612 5080 3690 5138 καὶ

2066 5178 2211 5232 αἰτία
2265 5178 2562 5247 ποιότητος
2606 5178 2696 5233 καὶ
2740 5178 3004 5234 αἰτιατοῦ·
3054 5183 3217 5234 τοῦτο
3267 5181 3371 5254 γάρ
3416 5178 3524 5234 ἐστι
3560 5174 3616 5230 τὸ
3643 5171 3692 5224 ὃν

2064 5266 2201 5342 πρὸς
2247 5265 2311 5319 τὸ
2364 5265 2442 5337 μή
2472 5265 2674 5339 κυρίως
2726 5265 2809 5339 ὃν,
2838 5266 2929 5322 καί
2976 5266 3093 5322 καθ’
3147 5268 3272 5322 ὅσον
3309 5267 3504 5323 τούτου
3552 5259 3691 5336 μετέ-

2066 5372 2266 5428 χοντος
2322 5350 2449 5407 αὐτὸ
2492 5354 2553 5407 τὸ
2616 5350 3009 5430 μετεχόμενον,
3057 5357 3195 5411 κατὰ
3247 5360 3505 5411 τοσοῦτον
3553 5344 3691 5405 διαλ-

2066 5439 2250 5496 λάττει
2314 5442 2342 5495 6
2401 5442 2527 5504 Θεὸς
2581 5448 2750 5499 ταῦτα
2801 5443 3098 5521 λεγόμενος
3151 5449 3259 5501 τῶν
3311 5445 3445 5500 κατά
3502 5440 3687 5516 μέθεξιν
