4004 6200
338 390 446 443 405

337 516 505 566 τοῦτο
559 506 878 586 ἐσχηκότων
910 529 923 544 ο

331 780 567 850 κυρίων,
599 779 688 833 καί
723 779 852 840 Θεὸς
887 781 1019 832 θεῶν
1054 777 1316 853 λέγεται.]

403 868 628 944 Ἃγίους
673 865 728 922 δὲ
772 868 860 922 καὶ
906 865 1173 942 βασιλεῖς.
1226 867 1381 932 Θείας
1443 868 1683 932 ἐπινοίας
1733 870 1760 922 6
1818 870 1990 941 μακά-

331 977 451 1032 ριος
505 958 667 1018 οὗτος
716 957 1043 1029 ἠξιωμένος,
1084 951 1316 1018 εὐσεϐῶς
1366 958 1432 1011 τὰ
1490 959 1634 1032 παρά
1699 979 1836 1011 τισιν
1915 957 1989 1018 εἷς

328 1045 638 1109 πολυθείαν
692 1045 983 1100 ἐκπεσόντα
1036 1042 1307 1120 φιλοοέως
1363 1052 1726 1121 μυσταγωγεῖ,
1758 1046 1847 1101 καὶ
1894 1047 1990 1108 τὰς

327 1136 695 1212 ξτεστηκυίας
745 1139 854 1190 τῶν
903 1129 1326 1204 ὑποϐεϐηκότων
1375 1134 1549 1210 ἀρχὰς
1609 1137 1745 1189 κατὰ
1793 1135 1987 1209 ἐξοχὴν

326 1226 547 1298 ἁγίους,
581 1225 671 1278 καὶ
735 1223 999 1298 βασιλεῖς,
1032 1222 1123 1276 καὶ
1176 1222 1419 1298 κυρίους,
1469 1223 1556 1277 καὶ
1618 1222 1770 1286 θεοὺς
1823 1221 1984 1294 λὲγε-

328 1312 454 1366 σθοιί
508 1333 697 1390 φησιν,
727 1312 909 1386 ὥσπερ
953 1312 1043 1366 καὶ
1093 1311 1144 1366 ἐν
1193 1312 1500 1384 ἀνθρώποις
1555 1313 1605 1366 οἱ
1652 1311 1985 1386 ἐξοχώτατοι

325 1402 478 1456 οὕτω
531 1401 1054 1478 προσαγορεύονται,
1113 1400 1202 1454 καὶ
1273 1400 1453 1476 ὥσπερ
1523 1399 1572 1455 ἐν
1635 1403 1773 1474 ἡμῖν
1831 1402 1882 1454 οἱ
1932 1400 1982 1455 ἐν

320 1489 494 1565 ἀρετῇ
533 1489 873 1566 προῦχοντες
904 1487 1222 1544 διδάσκαλοι
1250 1491 1350 1558 τὴν
1381 1490 1577 1564 ἀρετὴν
1610 1489 1660 1544 ἐν
1718 1495 1786 1563 τῇ
1829 1493 1983 1564 ψυχῇ

323 1581 551 1634 ἑνιαίως
613 1578 1075 1654 συνηθροισμένην
1144 1577 1356 1652 ἔχουσι.
1413 1579 1512 1634 Διὰ
1560 1577 1618 1634 ’ὀὶ
1672 1585 1774 1648 τῆς
1834 1576 1983 1634 διδα-

318 1668 559 1729 σκαλίας
618 1669 823 1744 ἑτέροις
880 1667 975 1729 τὰς
1035 1669 1224 1742 ἀρετὰς
1260 1665 1636 1741 μεταδιδόντες
1694 1669 1832 1744 πρὸς
1880 1670 1980 1737 τὴν

320 1755 596 1836 διαᾳορὰν
627 1763 725 1812 τοῦ
757 1755 1005 1828 πλήθους
1031 1760 1136 1810 τῶν
1191 1754 1598 1830 διδασκομένων
1647 1757 1979 1828 πληθύνεται

319 1847 416 1901 καὶ
497 1850 533 1916 ἡ
619 1844 1017 1920 μεταδιδομένη
1095 1847 1222 1920 παρ’
1272 1847 1449 1902 αὐτῶν
1537 1848 1696 1921 ἀρετή
1734 1866 1746 1879 ⁸
1808 1847 1980 1910 οὕτως

324 1936 642 2012 ἷσχνοτέρῳ
699 1936 804 1990 τινὶ
864 1937 952 1990 καί
1009 1935 1264 2009 θειοτὲρῳ
1311 1935 1499 2012 τρόπῳ
1539 1935 1648 1991 ἐστὶ
1691 1941 1798 1990 τῶν
1847 1935 1984 1992 ἀσω-

332 2025 528 2097 μάτων
564 2026 764 2096 τάξεων
798 2024 1071 2100 θεωρητόν
1105 2028 1174 2061 “-
1210 2026 1296 2080 καὶ
1331 2023 1419 2079 διὰ
1444 2031 1550 2079 τῶν
1580 2025 1859 2097 ἀνωτὲρων
1894 2026 1983 2079 καὶ

327 2115 747 2189 πλησιαιτέρων
821 2119 937 2186 Θεῷ
992 2115 1044 2168 αἱ
1106 2109 1501 2184 ὑποϐεϐηκυῖαι
1577 2116 1752 2187 τάξεις
1833 2115 1981 2186 μετε-

325 2223 494 2279 χουσι
548 2209 657 2257 τῶν
719 2201 937 2278 δωρεῶν
996 2207 1093 2257 τοῦ
1151 2207 1307 2269 Θεοῦ,
1359 2202 1540 2279 ὥσπερ
1597 2201 1657 2257 ἐκ
1711 2209 1981 2278 κρατῆρος

327 2289 776 2367 ὑπερϐλύζοντος
819 2291 909 2346 καὶ
960 2290 1320 2365 πηγάζοντος,
1350 2291 1418 2346 τὰ
1469 2293 1562 2364 μὶν
1608 2290 1984 2362 πλησιάζοντα

324 2381 495 2450 σκεύη
552 2385 740 2456 πρῶτα
797 2383 1159 2454 πληροῦνται,
1194 2378 1465 2455 δεχόμενα
1507 2381 1569 2435 τὸ
1621 2379 1707 2435 ἐπὶ
1738 2381 1806 2435 τὰ
1851 2379 1982 2436 αὐτὰ

325 2472 634 2544 φερόμενον
671 2489 682 2500 ⁵
738 2469 869 2541 εἶτα,
931 2470 1020 2524 καὶ
1079 2471 1255 2524 αὐτῶν
1338 2465 1810 2543 ὑπερϐλυζὸντων,
1871 2467 1984 2524 δια-

318 2565 512 2634 χεῖται
574 2558 650 2620 εἷς
706 2556 869 2634 ἕτερα
929 2557 1260 2632 ὑποκείμενα
1315 2557 1504 2628 σκεύη,
1563 2559 1653 2613 καὶ
1717 2559 1854 2633 πρὸς
1919 2560 1982 2613 τὸ

319 2651 546 2718 πλῆθος
604 2653 710 2702 τῶν
767 2645 1106 2723 δεχομένων,
1158 2648 1245 2702 καὶ
1291 2649 1390 2717 τήν
1444 2645 1702 2724 διαφορὰν
1735 2646 1841 2702 εἴτε
1892 2665 1980 2719 μι-

323 2746 479 2815 κρῶν
541 2735 649 2792 εἷ’τε
703 2736 981 2812 μεγάλων,
1034 2739 1147 2792 οἷον
1201 2736 1629 2814 διαῤῥαντίζεται
1675 2737 1736 2791 τὸ
1783 2736 1840 2792 ἐκ
1885 2741 1982 2792 τοῦ

325 2836 609 2904 κρατῆρος
679 2822 980 2896 ἀναϐλῦζον
1044 2831 1152 2882 τῶν
1213 2829 1446 2902 πρώτων
1514 2830 1717 2882 σκευῶν
1768 2826 1819 2880 ἐν
1867 2827 1984 2881 ἑαυ-

327 2925 454 2979 τοῖς
499 2916 743 2992 ἑχόντων
795 2918 930 2971 κατὰ
982 2918 1082 2985 τὴν
1116 2915 1342 2986 ἑνότητα
1368 2920 1466 2970 τοῦ
1491 2917 1871 2990 πληρώματος
1919 2916 1981 2970 τὸ

327 3008 571 3080 πρώτως
614 3004 674 3060 ἐκ
721 3009 817 3059 τοῦ
867 3012 1140 3079 κρατῆρος
1193 3004 1409 3079 ἄνεχθέν
1445 3024 1458 3037 °
1495 3005 1636 3059 οὕτω
1686 3003 1982 3078 παχυτὲρῳ

334 3097 491 3171 λόγῳ
521 3097 622 3163 τὴν
654 3094 912 3172 ἀφθονίαν
956 3102 1058 3165 τῆς
1114 3092 1451 3167 μεταδόσεως
1501 3099 1610 3149 τῶν
1670 3094 1825 3148 Θείων
1876 3089 1982 3147 δω-

1106 395 1163 445 S.
1204 391 1470 446 MAXIMI
1512 392 1816 448 SCHOLIA
1857 394 1929 446 IN
1969 394 1981 444 1

2098 425 2102 443 .
2144 394 2240 444 DE
2279 393 2547 448 DIVINIS
2587 395 3000 451 NOMINIBUS.

974 511 1040 565 τὰ
1086 509 1189 586 γὰρ
1235 513 1408 566 πάντα
1458 511 1516 566 ἐκ
1565 516 1697 568 Θεοῦ
1746 511 1981 580 ἐστι,καῖ

2109 513 2206 585 qui
2267 512 2367 568 illa
2426 514 2876 586 participatione
2935 517 3430 586 habent;omnia
3473 525 3630 581 enim
3689 545 3758 584 ex

343 598 585 674 λέγεται,
619 601 707 655 καὶ
740 597 854 676 ἔχει
890 621 902 632 ·
933 603 960 654 ὁ
993 601 1120 662 Θεὸς
1171 599 1220 671 ἐξ
1271 598 1505 662 οὐδενός·
1538 602 1656 674 [Δίὰ
1705 601 1757 656 τί
1804 603 1992 676 Ἄγιος

335 689 535 764 ἁγίων,
582 690 671 742 καί
724 687 976 763 βασιλεὺς
1023 688 1442 764 βασιλευόντων,
1493 691 1580 743 καὶ
1634 689 1829 765 Κύριος
1887 695 1994 744 τῶν

3655 405 3761 459 406

2104 603 2220 658 Deo
2253 607 2392 658 sunt
2422 609 2476 659 et
2507 604 2785 660 dicuntur
2811 611 2867 661 et
2896 605 3112 663 habent
3147 626 3160 675 ;
3216 610 3370 665 Deus
3430 618 3624 671 autem
3685 635 3755 676 ex

2103 690 2285 747 nullo.
2320 692 2530 761 [Quare
2561 693 2811 748 Sanctus
2837 702 3200 762 sanctorum,
3237 697 3354 754 Rex
3386 716 3612 772 regum,
3637 704 3748 760 Do-

2105 781 2302 836 minus
2336 781 2794 852 dominantium,
2825 787 2882 838 et
2914 785 3064 839 Deus
3093 785 3338 840 deorum
3368 787 3626 860 dicitur.]

2171 873 2400 929 Sancto:
2430 889 2554 928 vero
2583 877 2636 929 et
2668 888 2836 944 reges.
2871 874 3082 930 Beatus
3133 874 3228 931 hic
3277 876 3472 933 divina
3514 879 3758 953 inspira-

2102 962 2257 1018 tione
2286 961 2502 1032 dignus
2538 961 2793 1031 habitus,
2826 978 2894 1017 ea
2950 979 3077 1033 quae
3135 966 3294 1036 apud
3355 968 3646 1038 quosdam
3695 971 3753 1027 in

2099 1050 2341 1105 deorum
2370 1047 2754 1104 multitudine
2785 1048 3025 1120 delapsa
3057 1056 3242 1121 erant,
3278 1053 3554 1125 religiose
3583 1060 3641 1112 et
3663 1058 3755 1129 pie

2100 1137 2287 1205 docet,
2317 1140 2374 1191 et
2417 1135 2782 1208 principatus
2842 1136 3220 1194 inferioribus
3278 1142 3602 1216 prat’ectos,
3654 1161 3756 1217 per

2098 1225 2501 1280 excellentiam
2532 1229 2790 1292 sanctos,
2823 1230 2879 1281 et
2910 1241 3098 1297 reges,
3157 1227 3450 1300 dominos,
3509 1236 3569 1287 et
3611 1233 3752 1290 deos

2097 1312 2210 1368 dici
2241 1313 2520 1380 affirmat,
2554 1314 2709 1369 sicut
2741 1314 2895 1370 inter
2927 1331 3032 1370 nos
3065 1317 3329 1387 magistri
3361 1318 3576 1374 virtute
3612 1339 3752 1393 pra:-

2096 1405 2343 1469 stantes,
2376 1401 2650 1457 virtutem
2686 1403 2743 1456 in
2769 1402 2967 1457 anima
2998 1403 3160 1460 unite
3181 1403 3485 1462 collectam
3509 1406 3748 1465 habent.

2095 1490 2364 1546 Docendo
2397 1495 2592 1545 autem
2626 1491 2870 1546 virtutes
2916 1491 3047 1547 aliis
3097 1493 3621 1563 communicantes,
3657 1513 3747 1552 se-

2095 1579 2356 1634 cundum
2388 1579 2790 1634 diversitatem
2824 1578 3222 1635 multitudinis
3270 1597 3472 1636 eorum
3505 1583 3604 1653 qui
3640 1585 3747 1638 do-

2095 1673 2301 1725 centur
2329 1667 2508 1723 etiam
2549 1668 2735 1722 virtus
2785 1668 2856 1722 ab
2915 1668 3061 1740 ipsis
3121 1669 3558 1724 communicata
3590 1672 3744 1727 224
3827 1742 3830 1743 ν

2093 1757 2558 1830 multiplicatur:
2593 1758 2678 1813 sic
2709 1758 2932 1813 fortiori
2966 1759 3220 1830 quadam
3261 1762 3319 1813 et
3349 1759 3618 1814 diviniori
3653 1777 3741 1815 ra-

2089 1848 2249 1905 tione
2276 1849 2336 1904 in
2367 1848 2724 1920 incorporeie
2754 1848 3060 1905 ordinibus
3090 1847 3608 1920 contemplandum
3639 1866 3653 1918 ;
3687 1856 3744 1906 et

2091 1936 2397 1993 inferiores
2427 1937 2662 1992 ordines
2694 1953 2795 2008 per
2815 1937 3146 2008 superiores
3175 1941 3232 1993 et
3259 1937 3374 1994 Deo
3405 1937 3737 2008 viciniores,

2095 2026 2195 2081 Dei
2227 2028 2380 2082 dona
2407 2026 2779 2098 participant,
2814 2026 2967 2082 sicut
2997 2044 3064 2082 ex
3122 2032 3342 2083 cratere
3385 2028 3738 2084 exuberante

2093 2119 2151 2172 et
2179 2115 2555 2183 scaturiente,
2590 2115 2780 2170 vicina
2810 2116 3048 2187 quidem
3079 2133 3237 2184 vasa,
3289 2117 3480 2189 prima
3520 2118 3743 2189 replen-

2091 2209 2211 2276 tur,
2244 2206 2591 2278 excipientia
2629 2205 2784 2276 quod
2817 2205 2875 2260 in
2919 2205 3050 2276 ipsa
3091 2206 3343 2276 decidit;
3392 2213 3593 2280 postea
3622 2207 3743 2264 illis

2091 2295 2266 2350 etiam
2300 2294 2760 2351 exuberantibus
2787 2293 3006 2349 dil'lluit
3036 2295 3095 2349 in
3127 2295 3242 2350 alia
3282 2295 3549 2365 subjecta
3577 2313 3740 2367 vasa,

2091 2387 2148 2438 et
2176 2383 2501 2438 secundum
2535 2381 2975 2438 multitudinem
3007 2383 3430 2454 recipientium,
3463 2387 3521 2440 et
3551 2385 3738 2439 diver-

2093 2471 2326 2528 sitatem
2362 2471 2484 2525 sive
2515 2487 2827 2544 parvorum
2861 2471 2980 2527 sive
2997 2487 3383 2543 magnorum;
3418 2472 3642 2528 scilicet
3659 2491 3745 2528 as-

2093 2561 2358 2632 pergitur
2390 2561 2546 2631 quod
2582 2576 2650 2615 ex
2681 2564 2904 2616 cratere
2945 2561 3302 2617 exuberabat
3351 2561 3558 2633 primis
3589 2563 3746 2618 vasis

2093 2653 2151 2705 in
2184 2666 2246 2706 se
2273 2647 2714 2706 continentibus
2746 2665 2848 2720 per
2880 2648 3163 2704 unitatem
3179 2649 3565 2722 plenitudinis
3585 2652 3738 2722 quod

2092 2739 2282 2810 primo
2323 2756 2391 2794 ex
2423 2743 2645 2794 cratere
2701 2737 3000 2793 delatum:
3059 2738 3142 2793 ita
3192 2737 3416 2793 rudiori
3472 2753 3740 2794 sermone

2092 2827 2513 2883 abundantiam
2556 2826 3109 2883 communicationis
3175 2827 3506 2882 divinorum
3564 2826 3743 2882 dono-

2093 2932 2223 2970 rum
2251 2915 2501 2971 divisam
2535 2915 2594 2970 in
2628 2931 2831 2970 omnes
2863 2915 3086 2985 primos
3141 2914 3375 2970 ordines
3407 2913 3743 2985 intelligen-

2093 3005 2254 3060 dum.
2287 3004 2356 3059 Et
2387 3003 2700 3076 Apostolus
2721 3019 2824 3059 vas
2843 3002 3146 3059 electionis
3177 3003 3520 3058 nominatus
3551 3003 3741 3072 θείω).

2094 3094 2263 3162 Nota,
2296 3108 2430 3147 eum
2464 3108 2621 3148 nunc
2668 3091 2861 3147 dicere
2891 3091 3078 3146 Deum
3133 3107 3247 3146 non
3279 3107 3448 3164 posse
3479 3106 3744 3146 commu-

333 3164 474 3259 ρεῶν
511 3164 876 3257 μεριζομὲνην
911 3178 986 3244 εἷς
1017 3164 1254 3244 ἅπαντας
1287 3179 1377 3236 διὰ
1429 3187 1536 3236 τῶν
1587 3182 1818 3255 πρώτων
1869 3178 1981 3234 δια-

2099 3181 2281 3236 nicari
2313 3182 2639 3237 secundum
2673 3184 2896 3237 natura;
2936 3181 3243 3237 rationem.

329 3276 557 3344 κόσμων
590 3271 838 3342 νοητέον.
869 3270 968 3325 Καὶ
1000 3273 1028 3326 6
1062 3269 1394 3333 Ἀπόστολος
1423 3276 1610 3332 σκεῦος
1643 3271 1745 3346 γὰρ
1778 3268 2008 3344 ἐκλογῆς
2043 3267 2360 3340 ὠνομάσθη.
2399 3268 2719 3342 Σημείωσαι
2750 3265 2808 3322 δὲ
2855 3267 2937 3323 ὅτι
2987 3268 3280 3340 ἀμέθεκτον
3328 3265 3418 3323 νῦν
3473 3268 3564 3323 τὸν
3613 3266 3739 3321 Θεὸν

332 3362 471 3416 κατὰ
497 3361 590 3416 τὸν
623 3369 720 3430 τῆς
752 3360 961 3439 φύσεως
993 3360 1156 3437 λόγον
1187 3359 1336 3431 φησί,

400 3451 668 3528 Διαφοράς
698 3449 1028 3520 πληθύουσι.
1060 3451 1317 3506 Τουτὲστι
1349 3448 1578 3510 πλείους
1621 3447 1974 3504 δεικνύουσιν·

328 3538 454 3594 ὅσον
530 3542 630 3616 γᾶρ
704 3537 936 3617 διάφορα
981 3539 1049 3594 τὰ
1099 3537 1421 3614 μετέχοντα,
1469 3539 1727 3593 τοσοῦτον
1787 3536 1875 3592 καὶ
1925 3537 1978 3590 αἱ

328 3625 526 3704 δωρεαέ
555 3623 869 3689 πολυειδεῖς
900 3625 1292 3706 διαφαίνονται.

819 3749 930 3798 ΕΙΣ
967 3749 1048 3798 ΤΟ
1088 3745 1348 3800 ΚΕΦΑΛ.
1392 3748 1488 3799 II".

401 3855 503 3925 ξι.
536 3853 649 3929 Ὑφ’
696 3853 888 3907 ἑαυτοῦ
940 3848 1236 3924 μονοειδῶς
1294 3850 1708 3928 ἀφοριζόμενον.
1741 3849 1796 3900 Ὀ
1850 3847 1978 3909 Θεὸς

331 3945 522 3996 ἑαυτοῦ
576 3941 665 3996 καὶ
726 3938 852 4014 ὅρος
907 3941 994 3995 καὶ
1044 3939 1233 4008 τόπος,
1265 3939 1354 3993 καὶ
1407 3936 1562 3993 οὐδὲν
1615 3937 1976 4012 ὑπερεκτείνε-

326 4052 414 4084 ται
473 4034 571 4084 τοῦ
638 4034 807 4083 Θεοῦ·
841 4027 987 4084 ἀλλὰ
1039 4028 1128 4082 καὶ
1178 4029 1240 4082 τὰ
1291 4028 1487 4102 ἄπειρα
1517 4027 1678 4088 αὐτὸς
1706 4031 1932 4100 περατοῖ
1963 4043 1976 4057 ’

508 4120 612 4193 γὰρ
671 4117 870 4178 αἰῶνας
928 4115 1185 4191 ἀπείρους
1239 4111 1395 4179 ὄντας
1445 4114 1590 4187 (οὐδὲ
1637 4115 1735 4191 γὰρ
1785 4108 1977 4190 ἔχουσι

330 4206 520 4282 πέρας)
582 4207 768 4275 αὐτὸς,
819 4211 896 4277 τῷ
973 4205 1179 4278 ἀπείρῳ
1262 4205 1474 4280 μεγέθει
1565 4206 1846 4278 ὑπερέχων
1901 4208 1979 4274 τῷ

326 4297 518 4350 ἑαυτοῦ
594 4293 1009 4370 ἀπειροπλασίῳ
1072 4294 1318 4370 περιέχει
1351 4311 1363 4326 ⁸
1422 4294 1511 4348 καὶ
1582 4299 1751 4348 πᾶσαν
1823 4292 1977 4367 ἀορι-

327 4385 474 4438 etiam
539 4389 709 4452 ζωῆς,
742 4383 816 4446 ὡς
869 4381 954 4437 ἐπὶ
1014 4387 1122 4437 τῶν
1181 4385 1392 4452 νοητῶν
1429 4402 1441 4415 ⁸
1478 4381 1540 4436 οὐ
1588 4383 1689 4458 γὰρ
1752 4378 1977 4457 ὥρισται

322 4474 542 4533 τοῦτοις
575 4474 603 4527 ὁ
637 4472 773 4547 βίος,
807 4472 881 4533 ὡς
915 4469 999 4526 ἐπὶ
1035 4470 1358 4548 ἀνθρώπων,
1395 4469 1520 4526 ἀλλ’
1553 4470 1806 4534 ἀθάνατοι
1840 4468 1980 4524 ἐκτί-

323 4574 548 4631 σθησαν.
579 4563 641 4617 Ὀ
683 4558 740 4615 δὲ
769 4560 896 4621 Θεὸς
927 4558 979 4614 ἐν
1009 4563 1092 4632 τῷ
1133 4558 1472 4635 ὑπεραιωνίῳ
1503 4557 1655 4621 ἑστὸς
1686 4563 1784 4628 τῆς
1837 4555 1973 4620 ίδίας

322 4648 637 4720 ἀιδιότητος
671 4649 907 4724 ὁρίζεται
943 4651 1032 4707 ¹’¹”.

394 4742 522 4810 §l[.
566 4741 658 4794 Ἑν
726 4735 802 4810 δὲ,
865 4739 948 4792 ὅτι
1008 4737 1201 4794 πάντα.
1259 4736 1452 4792 Πολλὰ
1506 4739 1584 4808 τῷ
1631 4736 1867 4811 ἀριθμῷ,
1923 4735 1978 4792 ’ὲν

324 4827 379 4883 δὲ
436 4833 519 4900 τῷ
577 4823 828 4898 εἷ’δει,τὰ
883 4823 1210 4900 νομίσματα,
1238 4826 1327 4881 καὶ
1379 4826 1445 4880 τὰ
1497 4823 1747 4901 ἀργύρια,
1775 4826 1865 4879 καὶ
1925 4827 1974 4880 οἱ

323 4914 520 4973 ὀϐολοί
555 4936 568 4950 ο
602 4917 665 4970 τὸ
719 4912 818 4989 γὰρ
873 4912 1014 4976 εἶδος
1045 4914 1125 4984 ἓν,
1157 4915 1191 4985 ἢ
1229 4913 1460 4989 χαλκὸς,
1558 4914 1780 4988 χρυσὸς,
1815 4912 1849 4982 ἢ
1884 4914 1977 4990 ἅρ-

318 5028 483 5081 γορος
518 5025 530 5038 ·
563 5003 624 5059 τὰ
686 5002 744 5058 δὲ
799 5001 988 5058 πολλὰ
1033 5007 1152 5065 ταῖς
1195 4999 1504 5076 δυνάμεσιν,
1547 5003 1621 5066 ὡς
1650 5001 1702 5056 αἰ
1741 5003 1892 5071 πόαι,
1920 5003 1976 5057 ἓν

319 5093 372 5150 δὲ
399 5100 480 5167 τῷ
524 5091 655 5149 εἷ’δει
684 5111 698 5126 ·
739 5098 905 5147 πᾶσαι
953 5090 1053 5167 γὰρ
1113 5085 1317 5167 χόρτος
1349 5111 1361 5124 ·
1397 5092 1458 5146 τὸ
1510 5088 1566 5145 δὲ
1623 5089 1807 5145 πολλᾶ
1861 5097 1976 5154 τοῖς

317 5183 533 5251 εἴδεσιν,
571 5183 691 5236 οἷον
745 5179 943 5252 ἵππος,
1000 5180 1148 5254 βοῦς,
1201 5176 1506 5252 ἅνθρωπος,
1539 5179 1628 5234 καὶ
1669 5179 1735 5233 τὰ
1786 5180 1978 5250 νοητὰ,

311 5271 363 5326 ’ἓν
425 5269 483 5327 δὲ
545 5276 622 5342 τῷ
677 5271 843 5346 γένει,
871 5266 956 5323 ὅτι
1018 5272 1188 5322 ταῦτα
1241 5269 1379 5337 ζῶόν
1410 5268 1509 5322 εἶσι
1545 5288 1556 5301 ·
1588 5269 1650 5324 τὸ
1684 5265 1741 5322 δὲ
1795 5265 1981 5324 πολλὰ

395 4119 404 4132 ‘

327 4140 452 4179 τους

382 5454 459 5527 (ιι)
485 5457 614 5510 Act.
653 5470 734 5519 ιχ,
777 5451 857 5506 15.

2156 3448 2946 3520 Differentiasmultiplicant.
3010 3449 3070 3504 Id
3125 3452 3215 3504 est
3271 3447 3470 3520 plures
3527 3450 3731 3502 osten-

2091 3538 2265 3606 dunt;
2301 3545 2587 3608 quantum
2609 3539 2762 3593 enim
2781 3537 3010 3594 diversa
3038 3542 3178 3593 sunt
3209 3553 3337 3609 quae
3365 3535 3741 3609 participant,

2092 3631 2321 3682 tantum
2345 3627 2524 3682 etiam
2559 3629 2710 3682 dona
2742 3625 3130 3681 multifariam
3162 3629 3468 3698 apparent.

2687 3741 2758 3795 IN
2800 3740 2948 3795 CAP.
2989 3740 3146 3796 XIII.

2159 3851 2186 3916 §
2221 3847 2259 3902 Ι.
2294 3848 2332 3902 Α
2366 3861 2424 3901 se
2456 3846 2814 3918 uni/ormitar
2841 3843 3118 3917 deﬁnitus.
3152 3845 3304 3902 Deus
3337 3845 3429 3901 sui
3461 3844 3647 3916 ipsius
3672 3845 3737 3900 {l-

2093 3937 2181 3993 nis
2209 3939 2264 3992 et
2295 3937 2482 4007 locus,
2517 3933 2778 4005 nihilque
2808 3951 2988 4006 supra
3021 3933 3204 3991 Deum
3234 3933 3604 4003 extenditur;
3637 3935 3739 3990 sed

2088 4025 2214 4096 ipse
2248 4023 2477 4079 infinita
2500 4023 2741 4090 definit;
2769 4039 2903 4078 nam
2932 4022 3146 4078 saecula
3167 4039 3294 4095 quae
3321 4026 3460 4078 sunt
3488 4021 3740 4087 infinita,

2089 4131 2202 4169 non
2237 4111 2390 4168 enim
2423 4113 2740 4168 terminum
2775 4109 3012 4181 habent,
3046 4109 3357 4183 multiplici
3407 4127 3514 4166 sua
3544 4109 3744 4165 infini-

2090 4205 2207 4257 tate
2236 4199 2670 4273 complectitur,
2700 4204 2757 4255 et
2787 4214 3020 4254 omnem
3054 4199 3230 4254 vitam
3275 4197 3514 4254 termini
3546 4211 3744 4269 exper-

2088 4298 2228 4363 tem,
2256 4294 2409 4349 sicut
2441 4293 2496 4347 in
2527 4288 2998 4362 intelligibilibus
3031 4291 3250 4346 habent
3276 4289 3475 4358 finem,
3503 4291 3629 4361 ipse
3655 4291 3742 4345 in-

2088 4381 2290 4450 finita;
2326 4399 2427 4437 seu
2470 4379 2713 4452 angelis,
2749 4395 2863 4434 non
2916 4379 3073 4435 enim
3106 4379 3197 4435 his
3226 4379 3575 4434 terminatur
3602 4379 3741 4446 vita,

2087 4471 2583 4542 quemadmodum
2617 4468 2676 4523 in
2699 4467 3172 4535 hominibus,sed
3199 4467 3559 4523 immortales
3581 4483 3738 4523 crea-

2087 4558 2132 4614 ti
2166 4562 2322 4614 sunt.
2361 4562 2510 4612 Deus
2541 4572 2676 4612 vero
2705 4554 2762 4610 in
2812 4559 3212 4627 supermterna
3242 4555 3477 4628 propria
3509 4556 3737 4612 aeterni-

2084 4651 2203 4704 tate
2235 4647 2606 4702 terminatur.

2158 4739 2186 4811 Ξ
2217 4738 2286 4793 Il.
2323 4739 2500 4793 Unum
2527 4743 2734 4803 autem,
2766 4735 2899 4806 quia
2921 4739 2999 4790 est
3021 4735 3225 4790 omnia.
3251 4733 3436 4789 Multa
3466 4749 3736 4801 numero,

2087 4843 2269 4883 unum
2285 4820 3733 4896 verospecie,numismata,pecuniaetoboli;unum

2085 4915 2240 4972 enim
2273 4914 2594 4986 specie,aut
2625 4927 2722 4978 aes,
2748 4916 2849 4967 aut
2881 4913 3219 4978 aurum,aut
3248 4914 3557 4982 argentum
3581 4925 3594 4976 ;
3619 4911 3736 4965 vir-

2086 5008 2210 5059 tute
2243 5009 2435 5058 autem
2471 5000 2680 5069 multa,
2714 5004 2780 5055 ut
2811 5000 3132 5071 herbe,sed
3160 5015 3345 5055 unum
3377 4999 3733 5072 specie,nam

2088 5109 2291 5148 omnes
2313 5092 2509 5146 fenum
2539 5108 2551 5146 :
2587 5087 2778 5144 multa
2799 5103 2931 5142 vero
2960 5087 3363 5158 speciebus,ut
3391 5088 3734 5159 equus,bos,

2087 5181 2279 5247 homo,
2312 5176 2808 5248 ctintelligibilia,
2841 5191 2941 5232 seu
2976 5173 3206 5246 angeli;
3242 5192 3425 5231 unum
3469 5193 3603 5232 vero
3638 5193 3738 5248 ge-

2089 5285 2245 5337 nere,
2279 5269 2418 5340 quia
2449 5267 2570 5323 haec
2602 5269 2742 5323 sunt
2770 5263 2988 5320 animal
3016 5265 3233 5332 ;multa
3258 5269 3452 5320 autem
3476 5281 3740 5338 progres-

1323 5573 1569 5630 VARIIE
1610 5575 2004 5632 LECTIONES
2043 5575 2134 5630 ET
2173 5571 2731 5630 CORRECTIONES.

388 5710 429 5742 ¹⁷
460 5726 549 5781 γρ.
585 5704 908 5777 θεωρητέον.
987 5703 1057 5737 ¹τ¹
1083 5721 1169 5777 γρ.
1205 5699 1394 5775 ὁρίζει.
