4004 6200
363 366 468 423 407

1178 366 1546 420 APPENDIX
1585 364 1680 417 AD
1717 360 1958 415 OPERA
1993 360 2052 414 Β.
2094 358 2411 415 DIONYSII
2453 358 2952 416 AREOPOGITJE.
3655 361 3745 417 408

363 489 633 546 sionibus
663 488 885 543 scilicet
913 503 947 542 a
975 486 1114 551 Deo,
1172 490 1475 553 creaturae,
1503 485 1606 542 sed
1635 499 1819 541 unum
1851 483 2011 555 prin-

2140 485 2244 542 ιαῖς
2274 477 2557 553 προόδοις,
2585 482 2640 537 αἱ
2684 478 3063 555 δημιουργίαι,
3091 477 3149 534 ’ὲν
3202 475 3259 534 δὲ
3312 483 3380 553 τῇ
3413 479 3558 555 ἀρχῇ
3591 500 3603 513 ⁸
3634 484 3745 545 Θεὸς

364 577 535 650 cipio.
566 577 719 632 Deus
748 576 904 632 enim
937 575 1205 631 omnium
1236 580 1326 631 est
1364 577 1589 630 auctor.

433 667 536 722 Sed
558 665 1013 739 quemadmodum
1069 679 1329 720 numerus
1360 664 1560 719 omnis.
1594 663 1743 719 225
1773 659 2018 717 Pulchre

364 757 732 812 demonstrat
761 754 917 826 quod
952 752 1240 820 intendit;
1273 751 1413 808 huic
1469 751 1626 808 enim
1668 749 1866 805 divino
1896 747 2019 803 viro

364 861 581 917 scopus
613 847 723 915 est,
756 842 1116 899 sententiam
1148 858 1317 897 suam
1353 841 1530 898 etiam
1564 857 1632 896 ex
1654 838 1876 894 ratione
1906 854 2018 892 nu-

362 932 630 990 merandi
661 932 1030 988 conﬁrmare.
1062 930 1213 986 Dicit
1239 930 1441 1002 itaque
1481 928 1705 985 nullam
1738 943 1860 983 rem
1891 942 2022 983 esse

366 1022 543 1078 unius
583 1024 903 1093 expertem,
966 1020 1023 1075 id
1055 1023 1148 1076 est
1176 1018 1307 1088 Dei;
1341 1018 1481 1090 quia
1510 1019 1707 1074 omnis
1737 1032 2020 1072 numerus

365 1110 650 1167 unitatem
685 1108 1035 1182 participat;
1069 1124 1208 1164 nam
1239 1107 1290 1162 si
1323 1124 1356 1163 a
1376 1108 1609 1163 duobus
1640 1106 1774 1179 quis
1795 1104 2023 1176 incepe-

366 1200 463 1267 rit,
494 1215 674 1256 unam
706 1198 1054 1255 dualitatem
1082 1197 1332 1269 primam
1365 1200 1662 1262 numerat,
1693 1199 1750 1250 et
1797 1210 1866 1250 ex
1921 1194 2020 1249 de-

363 1305 491 1346 cem
513 1288 805 1357 similiter,
840 1286 1098 1359 amplius
1132 1285 1295 1355 dicit,
1329 1286 1485 1358 quod
1517 1284 1628 1341 etsi
1660 1282 1875 1355 aliquis
1899 1281 2022 1353 pri-

365 1395 461 1434 mo
490 1375 777 1451 inceperit
805 1393 839 1431 a
868 1374 1448 1442 minimis,numerat
1468 1373 1784 1430 dimidium
1807 1387 2019 1438 unum,

364 1472 423 1524 et
452 1483 637 1523 unum
672 1465 1129 1534 tcrtium,unum
1162 1464 1480 1531 decimum,
1511 1468 1569 1519 et
1597 1462 1680 1519 ita
1706 1461 2019 1531 deinceps;

360 1556 564 1628 itaque
595 1571 711 1611 non
741 1558 832 1611 est
860 1570 1171 1625 numerus,
1203 1553 1308 1626 qui
1341 1568 1457 1608 non
1489 1550 1801 1624 participet
1821 1548 2023 1605 unita-

366 1651 486 1703 tem
518 1660 623 1701 seu
657 1644 1003 1700 monadcm:
1068 1641 1179 1698 etsi
1229 1643 1387 1698 enim
1435 1640 1619 1714 partis
1658 1637 2021 1706 memineris,

367 1734 549 1805 dices,
580 1750 761 1789 unam
791 1732 1187 1801 dimidiam,et
1217 1747 1395 1787 unam
1425 1729 1684 1794 tertiam,
1708 1743 1887 1783 unam
1918 1727 2023 1782 de-

368 1823 609 1893 cimam,
640 1825 694 1878 et
725 1820 1003 1893 deinceps
1037 1837 1052 1876 :
1113 1825 1290 1892 atque
1331 1834 1512 1875 unam
1565 1815 1929 1882 dualitatem,
1969 1818 2026 1872 et

372 1927 554 1970 uuam
585 1910 865 1967 decadem
900 1909 1037 1980 dici,
1070 1910 1225 1982 quod
1267 1908 1444 1965 etiam
1492 1906 1583 1963 hm
1632 1921 1703 1961 ex
1751 1921 1819 1961 ea
1874 1921 2029 1961 com-

371 2001 667 2076 pleantur.

442 2095 625 2149 Unum
681 2089 825 2146 illud
854 2089 997 2161 quod
1025 2091 1107 2144 est
1158 2089 1409 2144 omnium
1467 2101 1653 2142 causa.
1683 2084 2030 2142 Manifestus

369 2186 462 2239 est
491 2198 727 2255 scopus,
751 2179 1043 2236 nimirum
1075 2178 1322 2252 probare
1342 2180 1525 2233 Deum
1553 2175 1667 2231 dici
1698 2191 2029 2245 unum,non

367 2270 645 2329 similiter
695 2286 763 2327 ac
826 2273 1037 2325 caetera
1067 2284 1197 2340 quae
1228 2268 1639 2322 numerantur.
1673 2265 1825 2320 Deus
1870 2266 2027 2322 enim

368 2376 553 2416 unum
609 2362 723 2426 est,
760 2375 795 2426 q
819 2361 1067 2414 uatenus
1091 2354 1343 2428 simplex
1372 2359 1431 2412 et
1460 2352 1824 2423 individuus,
1855 2357 2031 2427 atque

365 2448 713 2505 differentiae
734 2446 1023 2520 specificw
1040 2444 1663 2517 cxpers,omniumque
1684 2442 2026 2514 passionum

367 2542 427 2595 et
459 2536 852 2594 accidentium
904 2534 1168 2603 alienus;
1202 2533 1420 2590 dicitur
1441 2532 1618 2589 etiam
1646 2549 1855 2599 unum,
1886 2534 2028 2589 dum

368 2631 662 2699 tanquam
702 2623 1062 2697 principium
1099 2621 1341 2694 aliquod
1356 2623 1783 2681 etulementum
1810 2623 2030 2678 futuro-

371 2712 962 2786 rumintelligitur.At
976 2711 2033 2784 idem,autdiversum,autmajus,aut

375 2806 595 2873 minus,
628 2805 873 2875 insuper
893 2800 1071 2856 etiam
1120 2799 1417 2873 integrum
1438 2804 1540 2856 aut
1562 2801 1901 2856 redundans
1931 2803 2033 2855 aut

374 2892 601 2965 mquale
618 2896 720 2946 aut
739 2888 1212 2961 inequale,quod
1238 2889 1296 2943 in
1317 2888 1581 2945 numeris
1604 2888 2031 2959 consideratur,

376 2979 578 3036 nullus
635 2994 768 3033 cum
824 2976 1053 3033 ratione
1102 2976 1161 3031 in
1195 2976 1550 3048 principium
1596 2978 1931 3048 transferat,
1964 2994 2033 3033 ea

377 3065 737 3142 principium
757 3065 1157 3121 constituens:
1174 3064 1314 3120 talia
1329 3066 1487 3121 enim
1528 3065 1914 3138 passiones,et
1942 3083 2030 3123 ac-

377 3155 634 3214 cidentia
652 3153 987 3210 necessario
1009 3153 1383 3225 sunt.ltaque
1411 3153 1471 3209 in
1502 3154 1767 3211 numeris
1790 3155 2027 3211 ﬁnisdi-

2126 567 2226 643 γὰρ
2256 566 2429 631 αἴτιος
2458 570 2692 627 πάντων.

2198 654 2355 713 Ἀλλ’
2394 657 2575 731 ὥσπερ
2637 659 2775 721 ἅπας
2832 657 3089 733 ἀριθμός.
3152 656 3348 719 Καλῶς
3398 655 3745 714 ἀποδείκνυσιν

2129 744 2259 819 ὅπερ
2312 746 2402 802 καὶ
2465 747 2741 823 βούλεται.
2775 746 2989 809 Σκοπὸς
3039 746 3145 820 γὰρ
3185 750 3265 818 τῷ
3295 745 3425 819 θείῳ
3459 747 3631 819 τούτῳ
3671 750 3746 802 ἀν-

2131 832 2218 909 δρὶ
2268 837 2360 890 καὶ
2421 836 2526 891 ἀπὸ
2581 843 2681 905 τῆς
2740 836 3111 909 ἀριθμητικῆς
3166 841 3427 905 συστῆσαι
3464 835 3530 890 τὰ
3558 835 3747 893 ἑαυτοῦ.

2130 923 2284 1001 Λέγει
2341 928 2492 999 γοῦν,
2524 924 2607 980 ὅτι
2674 922 2828 980 οὐδέν
2868 924 2982 980 ἐστι
3007 928 3118 979 τῶν
3149 920 3317 979 ὄντων
3348 923 3620 1001 ἀμέτοχον
3668 930 3751 980 τοῦ

2130 1014 2270 1085 ἑνὸς,
2300 1014 2549 1069 τουτέστι
2579 1018 2674 1069 τοῦ
2699 1017 2835 1069 Θεοῦ
2867 1033 2880 1047 ·
2917 1010 3058 1069 διότι
3098 1012 3187 1068 καὶ
3238 1017 3341 1076 πᾶς
3395 1013 3623 1089 ἀριθμὸς
3663 1036 3751 1088 μο-

2128 1100 2289 1165 νάδος
2339 1103 2558 1179 μετέχει
2591 1121 2606 1137 ο
2641 1103 2688 1158 εἰ
2739 1102 2843 1179 γάρ
2902 1102 2961 1159 ἐκ
2995 1106 3104 1158 τῶν
3134 1100 3229 1157 δύο
3262 1099 3475 1175 ἅρξεταί
3504 1123 3607 1171 τις,
3639 1104 3749 1177 μίαν

2132 1189 2299 1247 δυάδα
2353 1192 2578 1266 πρώτην
2637 1190 2879 1268 ἀριθμεῖ,
2911 1191 3002 1246 καὶ
3050 1190 3111 1246 ἐκ
3136 1196 3243 1247 τῶν
3294 1187 3422 1246 δέκα
3453 1190 3672 1264 ὁμοίως,
3698 1194 3750 1247 τὸ

2131 1280 2297 1337 πλέον
2359 1282 2544 1359 φησὶν,
2577 1279 2660 1336 ὅτι
2712 1278 2808 1335 κᾶν
2862 1280 2922 1335 ἐκ
2975 1285 3082 1335 τῶν
3117 1279 3427 1357 λεγομένων
3455 1280 3751 1351 πολλοστη-

2135 1369 2340 1443 μορίων
2397 1369 2621 1442 ἄρξηταί
2676 1389 2759 1432 τις
2816 1373 3057 1445 πρῶτον,
3088 1369 3309 1444 ἀριθμεῖ
3359 1369 3536 1443 ἥμισυ
3573 1369 3751 1443 ἓν,καὶ

2130 1460 2312 1535 τρίτον
2370 1459 2448 1530 ἓν,
2482 1457 2704 1514 δέκατον
2761 1457 2841 1531 ἓν,
2870 1459 2958 1514 καὶ
3021 1459 3196 1521 οὕτως
3262 1457 3475 1538 ἐφεξῆς,
3507 1460 3641 1514 ὥστε
3686 1461 3749 1532 μὴ

2133 1549 2265 1603 εἶναι
2294 1547 2523 1624 ἀριθμὸν
2557 1548 2634 1621 μὴ
2697 1546 3001 1623 μετέχοντα
3044 1548 3143 1602 τοῦ
3191 1548 3328 1614 ἑνὸς,
3362 1545 3493 1617 ἤτοι
3533 1551 3627 1613 τῆς
3669 1567 3752 1621 μο-

2131 1633 2315 1699 νάδος⁶
2348 1634 2443 1692 κᾶν
2502 1637 2604 1713 γάρ
2639 1637 2838 1712 μορίου
2896 1635 3258 1711 ἑπιμνησθῇς,
3291 1634 3433 1713 ἐρεῖς
3473 1636 3638 1711 ἥμισυ
3685 1636 3753 1707 ἓν,

2131 1725 2222 1782 καὶ
2277 1725 2460 1800 τρίτον
2503 1724 2582 1795 ἓν,
2619 1724 2707 1780 καὶ
2757 1721 2976 1781 δέκατον
3024 1724 3102 1796 ἓν,
3154 1724 3246 1780 καὶ
3291 1722 3488 1800 ἐφεξῆς
3513 1744 3526 1757 ·
3558 1725 3643 1780 καὶ
3682 1723 3752 1779 ὅτι

2140 1816 2239 1889 μία
2268 1812 2418 1887 δυάς,
2446 1814 2535 1870 καὶ
2598 1815 2696 1888 μία
2743 1810 2900 1877 δεκὰς
2943 1813 3180 1890 λέγεται,
3214 1814 3289 1877 ὡς
3325 1815 3419 1870 καὶ
3466 1814 3661 1872 τούτων
3709 1814 3750 1887 ἐξ

2139 1903 2306 1974 αὐτῆς
2339 1925 2401 1958 συ
2410 1902 2565 1977 μπλη
2574 1922 2670 1980 ρου
2679 1904 2876 1977 μένων.

2207 2086 2285 2142 Τὸ
2336 2082 2551 2139 πάντων
2603 2083 2776 2139 αἴτιον
2843 2081 2921 2142 ἓν.
2979 2085 3037 2141 Ὀ
3086 2084 3286 2147 σκοπὸς
3339 2080 3540 2155 δῆλος,
3586 2083 3662 2140 δτι
3709 2080 3754 2137 ’ἐν

2139 2174 2436 2251 λεγόμενος
2466 2175 2496 2228 6
2525 2174 2675 2243 Θεὸς,
2707 2172 2816 2248 οὐχ
2840 2173 3047 2247 ὁμοίως
3079 2178 3197 2237 τοῖς
3226 2174 3557 2248 ἀριθμητοῖς
3592 2171 3642 2228 ’ἐν
3688 2170 3761 2227 λὲο

2136 2284 2286 2338 γεται
2320 2283 2335 2299 ο
2370 2264 2399 2318 6
2435 2264 2529 2337 μὶν
2561 2263 2666 2339 γὰρ
2697 2263 2826 2324 Θεὸς
2882 2260 2937 2318 ἓν
2990 2262 3124 2331 ἐστι,
3154 2262 3288 2327 καθὸ
3336 2260 3551 2325 ἁπλοῦς
3591 2282 3645 2318 τε
3684 2259 3759 2315 καὶ

2139 2353 2371 2425 ἀμερὴς,
2429 2352 2521 2407 καὶ
2578 2358 2678 2421 τῆς
2723 2352 2841 2406 κατ’
2901 2349 3041 2414 εἶδος
3088 2349 3350 2430 διαφορᾶς
3394 2349 3644 2428 ἄμοιρος,
3684 2348 3758 2405 καὶ

2137 2442 2354 2496 πάντων
2413 2441 2756 2515 παθημάτων
2810 2440 2902 2495 καὶ
2951 2434 3379 2513 συμϐεϐηκότων
3444 2439 3719 2516 ἀλλότριος
3746 2454 3759 2468 ·

2140 2527 2357 2605 λέγεται
2406 2529 2497 2585 καὶ
2544 2526 2625 2598 ἓν,
2659 2529 2807 2606 ἀρχή
2853 2550 2937 2591 τις
2984 2527 3166 2605 ὥσπερ
3213 2530 3304 2584 καὶ
3349 2534 3622 2605 στοιχεῖον
3667 2531 3758 2582 τῶν

2142 2619 2415 2693 ἐσομένων
2447 2617 2767 2692 νοούμενος.
2799 2620 2873 2675 Τὸ
2905 2616 2963 2675 δὲ
3004 2618 3224 2691 ταύτὸν,
3255 2620 3290 2689 ἢ
3338 2617 3549 2692 ἕτερον,
3579 2620 3613 2690 ἦ
3659 2623 3758 2691 μεῖ-

2144 2714 2256 2780 ζον,
2305 2707 2340 2777 ἢ
2391 2704 2636 2776 ἔλαττον,
2669 2702 2748 2763 ἔτι
2801 2704 2859 2762 δὲ
2906 2709 3087 2782 ἄρτιον
3133 2709 3168 2779 ἢ
3200 2708 3481 2784 περιττὸν,
3511 2710 3545 2779 ἢ
3575 2709 3679 2762 ἴσον

2140 2796 2345 2867 ἄνισον,
2377 2796 2509 2870 ὅπερ
2542 2795 2593 2851 έν
2622 2801 2740 2858 τοῖς
2777 2796 3036 2872 ἀριθμοῖς
3094 2801 3394 2873 θεωρεῖται,
3433 2796 3533 2852 οὐκ
3586 2798 3642 2851 ἄν
3691 2816 3761 2857 τις

2143 2884 2390 2962 εὐλόγως
2421 2884 2508 2940 ἐπὶ
2537 2887 2638 2955 τὴν
2669 2885 2848 2961 ἀρχὴν
2878 2883 3157 2963 ἀναφέροι,
3190 2885 3370 2961 ἀρχὴν
3432 2886 3565 2941 αὖτά
3589 2883 3760 2940 aciemi-

2145 2996 2305 3049 μενος
2333 2996 2348 3012 ο
2400 2977 2468 3031 τὰ
2513 2975 2612 3051 γὰρ
2666 2979 2889 3031 τοιαῦτα
2943 2974 3090 3046 πάθη
3151 2974 3243 3031 καὶ
3290 2971 3670 3049 συμϐεϐηκότα
3717 2972 3759 3043 ἐξ

2142 3066 2385 3141 ἀνάγκης
2440 3064 2563 3120 εἶσί.
2613 3068 2733 3120 Τῶν
2797 3063 2893 3137 μὲν
2952 3062 3045 3119 οὖν
3099 3062 3150 3118 έν
3179 3063 3441 3139 ἀριθμοῖς
3473 3062 3757 3139 διαιρέσεων

2140 3153 2218 3217 είς
2244 3152 2461 3225 πλῆθος
2486 3155 2549 3210 τὸ
2584 3154 2749 3227 πέρας
2778 3152 2855 3216 εἷς
2890 3150 3095 3225 μονάδα
3123 3152 3371 3229 ἀνάγεται
3406 3172 3421 3186 σ
3456 3156 3492 3224 ἡ
3524 3151 3579 3209 δὲ
3630 3152 3757 3229 ἀρχὴ

371 3242 745 3303 visionumin
770 3240 1198 3298 multitudinem
1252 3243 1321 3297 ad
1365 3242 1652 3299 unitatem
1691 3244 2022 3313 reducitur;

2654 3209 2900 3227 ,,,,
3234 3209 3247 3229 ,
3481 3209 3492 3224 ,
3663 3209 3757 3229 ,μ

2140 3242 2194 3299 έν
2225 3243 2434 3315 ἑκάστῳ
2461 3241 2601 3318 γένει
2635 3240 3009 3297 ἀπλούστατόν
3047 3240 3158 3297 ἐστι
3192 3260 3207 3275 ·
3238 3242 3328 3297 καὶ
3378 3241 3437 3298 ἰν
3482 3243 3597 3304 τοὶς
3632 3238 3758 3295 οὖσιν

373 3334 476 3392 sed
507 3331 863 3407 principium
909 3330 972 3386 in
1005 3346 1361 3402 unoquoque
1405 3347 1616 3404 genere
1658 3331 2029 3404 simplicissi-

375 3439 542 3481 mum
572 3426 701 3490 est;
736 3436 871 3492 ergo
892 3418 1069 3476 etiam
1104 3419 1164 3474 in
1196 3418 1269 3475 iis
1286 3436 1416 3491 quae
1431 3425 1592 3491 sunt,
1615 3422 2029 3478 siveunumsit

376 3511 587 3580 multa,
607 3510 732 3566 sive
746 3507 1066 3565 multasint
1084 3523 1297 3578 unum,
1327 3508 1682 3581 principium
1706 3508 1938 3581 aliquod
1969 3514 2027 3566 et

377 3599 736 3657 elementum
768 3596 1282 3671 simplicissimum
1310 3600 1418 3669 est,
1465 3601 1523 3653 et
1552 3614 1737 3654 unum
1763 3598 2024 3655 omnium

377 3704 607 3763 expers,
638 3704 707 3745 ex
736 3701 873 3759 quo,
910 3689 1194 3757 tanquam
1252 3702 1322 3741 ex
1378 3684 1698 3759 exemplari
1756 3691 1815 3743 et
1870 3687 2021 3755 idea,

278 3808 293 3811 υ
377 3794 564 3836 unum
589 3775 737 3833 illud
766 3775 923 3848 quod
945 3774 1006 3831 in
1028 3774 1101 3831 iis
1125 3791 1253 3848 qum
1282 3778 1443 3843 sunt,
1478 3773 1762 3833 nimirum
1791 3776 1901 3833 etsi
1930 3775 2023 3831 lu-

378 3882 513 3924 men
541 3863 823 3945 sensibile
838 3862 1025 3921 multa
1054 3862 1134 3920 sit
1162 3862 1454 3935 partibus,
1486 3879 1589 3936 pro
1620 3863 1811 3920 stellis
1833 3864 2021 3921 omni-

376 3953 509 4021 bus,
544 3952 701 4024 quod
729 3954 988 4008 attamen
1021 3955 1209 4008 totum
1250 3950 1309 4007 in
1364 3967 1549 4007 unum
1593 3950 2028 4025 colligiturﬁest

376 4054 564 4095 unum
593 4036 794 4094 lumen
833 4042 890 4094 et
919 4039 1104 4094 multa
1131 4037 1555 4106 accidentibus,
1612 4038 1793 4095 veluti
1840 4057 2025 4113 pavo;

374 4124 554 4181 habet
581 4123 739 4180 enim
769 4141 965 4193 aurea,
1004 4129 1062 4181 et
1090 4124 1358 4192 caerulea,
1410 4131 1467 4182 et
1526 4126 1679 4194 alba,
1723 4143 1909 4183 unum
1939 4132 2028 4184 est

374 4214 639 4286 subjecto
669 4227 911 4285 corpore
945 4228 960 4267 :
1000 4212 1084 4267 ita
1113 4217 1172 4269 et
1201 4214 1274 4269 de
1305 4214 1531 4270 caateris
1551 4215 1952 4286 cogitandum.

446 4305 630 4377 Neque
654 4302 809 4359 enim
835 4306 916 4358 est
971 4301 1302 4357 multitudo.
1362 4305 1481 4357 Hoc
1518 4300 1645 4358 loco
1702 4318 1771 4358 ex
1819 4319 2027 4360 nume-

374 4392 543 4451 randi
572 4391 820 4449 scientia
843 4389 1056 4447 evincit
1087 4389 1241 4462 quod
1282 4389 1529 4446 dicebat.
1558 4394 1705 4446 Nota
1733 4408 1867 4447 eum
1905 4409 2023 4449 me-

376 4484 489 4540 rito
531 4481 723 4538 dicere
762 4481 947 4537 Deum
1006 4494 1135 4536 esse
1186 4484 1321 4534 ante
1357 4495 1554 4549 unum,
1609 4481 1887 4550 quoniam
1939 4486 2030 4538 est

2138 3331 2253 3405 οὗν,
2286 3328 2396 3386 εἴτε
2449 3331 2513 3386 τὸ
2568 3327 2622 3385 ’ἐν
2674 3327 2863 3387 πολλά
2892 3329 3058 3398 ἐστιν,
3086 3327 3195 3386 εἴτε
3221 3330 3289 3385 τὰ
3316 3328 3509 3387 πολλά
3533 3327 3606 3403 ἓν,
3629 3328 3755 3405 ἀρχή

2133 3440 2217 3481 τις
2257 3419 2345 3474 καὶ
2408 3423 2685 3493 στοιχεῖον
2745 3418 2807 3472 τὸ
2866 3417 3241 3474 ἀπλούστατόν
3286 3417 3421 3487 ἐστι,
3456 3420 3546 3475 καὶ
3574 3418 3761 3475 πάντων

2137 3507 2410 3584 ἀμέτοχον
2466 3505 2546 3578 ἓν,
2604 3505 2655 3577 ἐξ
2715 3506 2799 3578 οὗ,
2842 3505 3025 3576 ὥσπερ
3085 3506 3146 3562 ἐκ
3200 3505 3636 3584 παραδείγματος
3684 3505 3760 3562 καὶ

2135 3595 2282 3661 ῗδέας
2309 3596 2398 3651 καὶ
2426 3596 2489 3651 τὸ
2520 3596 2573 3651 έν
2611 3601 2731 3659 τοῖς
2778 3593 2928 3651 οὖσιν
2972 3592 3050 3664 ἓν,
3084 3597 3196 3651 οἷον
3254 3596 3351 3652 κᾶν
3408 3598 3476 3653 τὸ
3529 3596 3757 3666 αἰσθητὸν

2134 3690 2248 3764 φῶς
2275 3683 2460 3741 πολλά
2485 3682 2522 3759 ᾖ
2547 3690 2665 3747 τοῖς
2699 3683 2935 3760 μέρεσιν,
2968 3683 3087 3740 ἀντὶ
3113 3689 3211 3740 τοῦ
3248 3690 3368 3747 τοῖς
3414 3683 3634 3763 ἄστροις
3673 3689 3759 3740 πᾶ-

2134 3796 2235 3842 σιν,
2268 3772 2394 3829 ἀλλ’
2422 3772 2550 3828 ὅλον
2589 3771 3020 3847 συλλεγόμενον,
3049 3770 3105 3828 ’ἐν
3133 3778 3248 3852 φῶς
3281 3772 3390 3830 ἔστι
3423 3792 3440 3808 ο
3470 3776 3559 3831 καὶ
3596 3770 3761 3829 πολλὰ

2129 3868 2247 3924 τοῖς
2277 3856 2702 3935 συμϐεϐηκόσιν,
2736 3862 2852 3916 οἷον
2886 3861 2914 3915 6
2944 3860 3088 3923 ταώς
3108 3880 3121 3894 ·
3154 3858 3271 3937 ἔχει
3323 3862 3427 3938 γάρ
3476 3863 3567 3919 καὶ
3594 3859 3760 3939 χρυσί-

2138 3955 2312 4020 ζοντα,
2371 3948 2461 4004 καὶ
2513 3950 2732 4018 κυάνεα,
2790 3948 2881 4003 καὶ
2943 3946 3132 4021 λευκά,
3188 3946 3245 4005 ἓν
3300 3954 3380 4022 τῷ
3442 3949 3760 4023 ὑποκειμένῳ

2135 4038 2347 4112 σώματί
2380 4037 2518 4093 ἐστιν
2557 4058 2571 4072 ’
2606 4036 2748 4093 οὕτω
2778 4037 2866 4092 καὶ
2891 4038 2960 4093 τὰ
2989 4037 3111 4109 ἑξῆς
3139 4040 3384 4109 νοητέον.

2205 4304 2341 4361 Οὐδὲ
2367 4306 2468 4382 γάρ
2494 4303 2607 4361 ἐστι
2635 4304 2873 4375 πλῆθος.
2909 4301 3033 4361 Ὧδε
3080 4305 3134 4377 ἐξ
3163 4307 3535 4381 ἀριθμητικῆς
3573 4303 3761 4381 περιγὲο

2134 4416 2278 4450 νεται
2308 4398 2406 4449 τοῦ
2437 4392 2757 4472 λεγομένου.
2784 4395 3104 4467 Σημείωσαι
3136 4391 3193 4450 δὲ
3249 4396 3332 4449 ὅτι
3388 4394 3480 4449 καὶ
3531 4394 3635 4470 πρὸ
3677 4394 3765 4447 τοῦ

2135 4483 2251 4545 ἑνὸς
2304 4484 2452 4559 Λέγει
2509 4484 2638 4538 εἶναι
2689 4483 2779 4538 τὸν
2840 4483 2967 4538 Θεὸν
3022 4483 3272 4555 εἰκότως,
3316 4480 3504 4553 ἐπειδὴ
3564 4483 3761 4538 πάντων

376 4571 666 4640 omnium,
696 4586 876 4644 quare
919 4569 1096 4625 etiam
1139 4568 1367 4624 numeri
1421 4571 1645 4637 auctor,
1705 4585 1808 4626 seu
1858 4571 2022 4626 adin-

2140 4572 2393 4649 ὑπάρχει,
2450 4571 2568 4636 ὅθεν
2640 4571 2730 4627 καὶ
2786 4575 2883 4627 τοῦ
2942 4572 3177 4647 ἀριθμοῦ
3235 4570 3599 4649 δημιουργὸς,
3652 4568 3762 4641 ἤτοι

374 4665 596 4718 venter.
1426 4692 1433 4697 ι

447 4751 549 4808 Sed
577 4749 719 4822 quod
746 4748 966 4822 quidem
1003 4748 1199 4804 multa.
1233 4747 1718 4804 Subaudiendum
1751 4749 1903 4806 226
1936 4755 2026 4807 est

373 4842 436 4897 in
459 4855 814 4912 unoquoque
841 4839 1132 4905 exsistem,
1165 4840 1232 4892 ut
1263 4836 1342 4893 sit
1369 4836 1504 4893 talis
1525 4837 1816 4894 sententia
1835 4854 1848 4893 :
1866 4840 2019 4911 quod

373 4929 562 4986 multa
591 4933 683 4986 est
711 4928 1001 5001 partibus,
1031 4930 1152 4984 toto
1186 4943 1369 4983 unum
1404 4932 1512 4993 est,
1560 4935 1622 4983 ut
1669 4944 1902 5001 corpus,
1937 4928 2021 4985 sic

370 5023 427 5073 et
449 5016 694 5089 reliqua,
728 5032 913 5071 unum
946 5018 1088 5072 sunt
1128 5014 1415 5087 subjecto,
1448 5031 1552 5071 seu
1586 5015 1881 5085 essentia;
1916 5017 2018 5073 sed

368 5104 772 5162 accidentibus
796 5102 1006 5174 multa,
1030 5107 1095 5159 ut
1126 5103 1323 5160 homo.
1345 5103 1686 5159 Accidentia
1707 5121 2020 5178 vero,quaa-

368 5195 502 5249 dam
536 5192 911 5265 scparabilia,
943 5196 1007 5249 ut
1055 5192 1278 5260 sedere,
1312 5192 1640 5258 ambulare,
1668 5198 1727 5249 et
1756 5193 2014 5263 similia;

369 5281 635 5353 quaedam
654 5297 790 5339 vero
814 5280 1249 5354 inseparabilis,
1274 5286 1341 5338 ut
1372 5281 1684 5339 caeruleum
1736 5285 1790 5339 et
1827 5285 2013 5340 adun-

369 5384 523 5442 cum,
555 5373 613 5427 et
631 5367 847 5428 similia
879 5384 893 5426 :
927 5373 985 5427 et
1031 5374 1237 5428 contra
1273 5387 1459 5428 unum
1518 5371 1759 5445 quidem
1792 5374 2009 5446 specie,

2134 4661 2425 4739 ἐφευρέτης
2456 4660 2620 4717 ἐστίν.

2201 4750 2379 4807 Ἀλλά
2433 4751 2496 4806 τὸ
2556 4751 2651 4824 μὲν
2700 4748 2905 4807 πολλά.
2968 4750 3487 4828 Προσυπακουστέον
3531 4750 3612 4829 ἐφ’
3649 4749 3762 4805 ἑκά-

2132 4861 2258 4896 στου
2288 4838 2494 4895 τούτων
2547 4840 2609 4895 τὸ
2657 4839 2927 4915 ὑπάρχον,
2954 4839 3046 4895 ’ἱνα
3074 4840 3110 4915 ᾗ
3138 4841 3202 4896 τὸ
3258 4839 3554 4916 λεγόμενον
3595 4842 3764 4896 τοιοῦ-

2128 4951 2245 4999 τον,
2273 4929 2336 4985 τὸ
2396 4929 2649 5004 ὑπάρχον
2696 4933 2817 4991 τοῖς
2853 4930 3036 5006 μέρεσι
3067 4928 3260 4986 πολλά
3285 4928 3339 4985 ἓν
3373 4930 3482 4985 ἔστι
3511 4934 3593 5002 τῷ
3636 4927 3762 4999 ὅλῳ,

2129 5021 2247 5074 οἷον
2293 5018 2357 5073 τὸ
2416 5022 2595 5092 σῶμα,
2628 5016 2771 5073 οὕτω
2801 5018 2891 5073 καὶ
2939 5019 3008 5073 τὰ
3037 5017 3209 5075 λοιπά
3236 5016 3290 5074 ’ἐν
3320 5023 3399 5091 τῷ
3436 5015 3765 5091 ὑποκειμένῳ

2126 5107 2267 5163 ἐστὶν
2324 5104 2452 5178 ἤτοι
2511 5106 2704 5180 οὖσίᾳ’
2747 5104 2893 5162 ἀλλά
2942 5107 3130 5163 πολλά
3173 5113 3292 5169 τοῖς
3350 5102 3763 5181 συμϐεϐηκόσιν,

2126 5200 2243 5255 οἷον
2286 5199 2313 5253 ὁ
2349 5195 2656 5274 ἅνθρωπος.
2693 5190 3092 5272 Συμόεϐηκότα
3124 5193 3182 5253 δὲ
3231 5198 3300 5252 τά
3352 5197 3446 5270 μὲν
3505 5193 3764 5273 χωριστὰ,

2125 5288 2200 5352 ὡς
2253 5288 2316 5344 τὸ
2366 5288 2703 5358 καθέζεσθαι,
2761 5292 3101 5362 περιπατεῖν,
3156 5287 3249 5343 καὶ
3305 5288 3372 5343 τὰ
3418 5284 3588 5360 ὅμοια
3620 5287 3677 5322 η’
3708 5280 3767 5337 τὶ

2124 5372 2180 5432 δὶ
2200 5374 2503 5452 ἀχώριστα,
2537 5376 2611 5440 ὡς
2641 5375 2704 5432 τὸ
2733 5374 2995 5455 γλαυκὸν,
3021 5375 3056 5448 ἢ
3090 5375 3326 5453 γρυπὸν,
3356 5374 3447 5433 καὶ
3495 5373 3562 5430 τὰ
3588 5371 3764 5447 ὅμοια.

1363 5548 1601 5606 VARl/E
1643 5549 2031 5609 LECTIONES
2070 5552 2163 5609 ET
2200 5551 2763 5614 CORRECTIONES.

449 5671 493 5709 ¹⁸
522 5689 608 5747 γρ.
642 5670 887 5725 τοιαῦτα.
