  <div class='ocr_page' id='page_1' title='image "/cluster/home/n/w/nwhite01/storage/ocr_20150623/4/hvd.32044073426538/214.png"; bbox 0 0 4004 6200; ppageno 0'>
   <div class='ocr_carea' id='block_1_1' title="bbox 212 373 324 429">
    <p class='ocr_par' dir='ltr' id='par_1_1' title="bbox 212 373 324 429">
     <span class='ocr_line' id='line_1_1' title="bbox 212 373 324 429; baseline -0.009 0"><span class='ocrx_word' id='word_1_1' title='bbox 212 373 324 429; x_wconf 69' lang='grc'><strong>409</strong></span> 
     </span>
    </p>
   </div>
   <div class='ocr_carea' id='block_1_2' title="bbox 987 362 2868 425">
    <p class='ocr_par' dir='ltr' id='par_1_2' title="bbox 987 362 2868 425">
     <span class='ocr_line' id='line_1_2' title="bbox 987 362 2868 425; baseline -0.002 0"><span class='ocrx_word' id='word_1_2' title='bbox 987 373 1043 425; x_wconf 84' lang='grc' dir='ltr'><strong>Β.</strong></span> <span class='ocrx_word' id='word_1_3' title='bbox 1083 368 1353 425; x_wconf 78' lang='lat' dir='ltr'><strong>MAXIMI</strong></span> <span class='ocrx_word' id='word_1_4' title='bbox 1389 362 1695 421; x_wconf 81' lang='lat' dir='ltr'><strong>SCHOLIA</strong></span> <span class='ocrx_word' id='word_1_5' title='bbox 1731 364 1806 418; x_wconf 81' lang='lat' dir='ltr'><strong>IN</strong></span> <span class='ocrx_word' id='word_1_6' title='bbox 1848 363 1978 418; x_wconf 83' lang='lat' dir='ltr'><strong>LIB.</strong></span> <span class='ocrx_word' id='word_1_7' title='bbox 2021 363 2116 416; x_wconf 81' lang='lat' dir='ltr'><strong>DE</strong></span> <span class='ocrx_word' id='word_1_8' title='bbox 2154 363 2422 420; x_wconf 81' lang='lat' dir='ltr'><strong>DIVINIS</strong></span> <span class='ocrx_word' id='word_1_9' title='bbox 2462 363 2868 421; x_wconf 73' lang='lat' dir='ltr'><strong>NOMINIBUS.</strong></span> 
     </span>
    </p>
   </div>
   <div class='ocr_carea' id='block_1_3' title="bbox 3530 374 3633 429">
    <p class='ocr_par' dir='ltr' id='par_1_3' title="bbox 3530 374 3633 429">
     <span class='ocr_line' id='line_1_3' title="bbox 3530 374 3633 429; baseline 0.01 -1"><span class='ocrx_word' id='word_1_10' title='bbox 3530 374 3633 429; x_wconf 77' lang='grc'><strong>410</strong></span> 
     </span>
    </p>
   </div>
   <div class='ocr_carea' id='block_1_4' title="bbox 204 483 1864 568">
    <p class='ocr_par' dir='ltr' id='par_1_4' title="bbox 204 483 1864 568">
     <span class='ocr_line' id='line_1_4' title="bbox 204 483 1864 568; baseline -0.008 -19"><span class='ocrx_word' id='word_1_11' title='bbox 204 497 301 549; x_wconf 69' lang='grc' dir='ltr'><strong>καὶ</strong></span> <span class='ocrx_word' id='word_1_12' title='bbox 331 492 527 564; x_wconf 69' lang='grc' dir='ltr'>πάλιν,</span> <span class='ocrx_word' id='word_1_13' title='bbox 576 492 631 548; x_wconf 74' lang='grc' dir='ltr'><strong>ἓν</strong></span> <span class='ocrx_word' id='word_1_14' title='bbox 664 495 758 568; x_wconf 79' lang='grc' dir='ltr'>μὶν</span> <span class='ocrx_word' id='word_1_15' title='bbox 789 491 955 563; x_wconf 81' lang='grc' dir='ltr'>εἶδος,</span> <span class='ocrx_word' id='word_1_16' title='bbox 989 489 1185 558; x_wconf 67' lang='grc' dir='ltr'>ἵππος,</span> <span class='ocrx_word' id='word_1_17' title='bbox 1233 489 1268 558; x_wconf 76' lang='grc' dir='ltr'><strong>ἢ</strong></span> <span class='ocrx_word' id='word_1_18' title='bbox 1314 488 1467 559; x_wconf 75' lang='grc' dir='ltr'>βοῦς,</span> <span class='ocrx_word' id='word_1_19' title='bbox 1516 483 1665 542; x_wconf 74' lang='grc' dir='ltr'>ἀλλὰ</span> <span class='ocrx_word' id='word_1_20' title='bbox 1713 487 1864 538; x_wconf 61' lang='grc' dir='ltr'>τοῦτο</span> 
     </span>
    </p>
   </div>
   <div class='ocr_carea' id='block_1_5' title="bbox 1988 483 3636 568">
    <p class='ocr_par' dir='ltr' id='par_1_5' title="bbox 1991 485 3636 556">
     <span class='ocr_line' id='line_1_5' title="bbox 1991 485 3636 556; baseline 0.009 -16"><span class='ocrx_word' id='word_1_21' title='bbox 1991 500 2199 556; x_wconf 87' lang='lat' dir='ltr'><strong>equus,</strong></span> <span class='ocrx_word' id='word_1_22' title='bbox 2229 489 2327 540; x_wconf 88' lang='lat' dir='ltr'><strong>aut</strong></span> <span class='ocrx_word' id='word_1_23' title='bbox 2359 485 2484 550; x_wconf 86' lang='lat' dir='ltr'><strong>bos,</strong></span> <span class='ocrx_word' id='word_1_24' title='bbox 2518 486 2618 541; x_wconf 89' lang='lat' dir='ltr'><strong>sed</strong></span> <span class='ocrx_word' id='word_1_25' title='bbox 2642 485 2750 542; x_wconf 89' lang='lat' dir='ltr'><strong>hoc</strong></span> <span class='ocrx_word' id='word_1_26' title='bbox 2801 488 2987 544; x_wconf 89' lang='lat' dir='ltr'><strong>multa</strong></span> <span class='ocrx_word' id='word_1_27' title='bbox 3016 495 3106 546; x_wconf 91' lang='lat' dir='ltr'><strong>est</strong></span> <span class='ocrx_word' id='word_1_28' title='bbox 3145 508 3425 550; x_wconf 88' lang='lat' dir='ltr'><strong>numero:</strong></span> <span class='ocrx_word' id='word_1_29' title='bbox 3460 497 3636 554; x_wconf 87' lang='lat' dir='ltr'><strong>multi</strong></span> 
     </span>
    </p>
   </div>
   <div class='ocr_carea' id='block_1_6' title="bbox 209 571 1871 658">
    <p class='ocr_par' dir='ltr' id='par_1_6' title="bbox 209 571 1871 658">
     <span class='ocr_line' id='line_1_6' title="bbox 209 571 1871 658; baseline -0.008 -20"><span class='ocrx_word' id='word_1_30' title='bbox 209 582 404 638; x_wconf 77' lang='grc' dir='ltr'>πολλά</span> <span class='ocrx_word' id='word_1_31' title='bbox 451 585 686 658; x_wconf 67' lang='grc' dir='ltr'>ὑπάρχει</span> <span class='ocrx_word' id='word_1_32' title='bbox 731 585 811 654; x_wconf 74' lang='grc' dir='ltr'><strong>τῷ</strong></span> <span class='ocrx_word' id='word_1_33' title='bbox 857 581 1093 656; x_wconf 76' lang='grc' dir='ltr'>ἀριθμῷ·</span> <span class='ocrx_word' id='word_1_34' title='bbox 1158 577 1361 633; x_wconf 83' lang='grc' dir='ltr'>πολλοὶ</span> <span class='ocrx_word' id='word_1_35' title='bbox 1407 572 1722 651; x_wconf 70' lang='grc' dir='ltr'>γὰρ’ίπποι,</span> <span class='ocrx_word' id='word_1_36' title='bbox 1783 571 1871 627; x_wconf 83' lang='grc' dir='ltr'>καὶ</span> 
     </span>
    </p>
   </div>
   <div class='ocr_carea' id='block_1_7' title="bbox 210 664 1870 747">
    <p class='ocr_par' dir='ltr' id='par_1_7' title="bbox 210 664 1870 747">
     <span class='ocr_line' id='line_1_7' title="bbox 210 664 1870 747; baseline -0.008 -19"><span class='ocrx_word' id='word_1_37' title='bbox 210 672 429 728; x_wconf 79' lang='grc' dir='ltr'>πολλοὶ</span> <span class='ocrx_word' id='word_1_38' title='bbox 466 672 608 747; x_wconf 82' lang='grc' dir='ltr'>βόες.</span> <span class='ocrx_word' id='word_1_39' title='bbox 659 669 836 726; x_wconf 84' lang='grc' dir='ltr'>Ἀλλά</span> <span class='ocrx_word' id='word_1_40' title='bbox 880 668 969 724; x_wconf 82' lang='grc' dir='ltr'><strong>καὶ</strong></span> <span class='ocrx_word' id='word_1_41' title='bbox 1009 673 1128 730; x_wconf 84' lang='grc' dir='ltr'>ταῖς</span> <span class='ocrx_word' id='word_1_42' title='bbox 1161 664 1420 738; x_wconf 82' lang='grc' dir='ltr'>δυνάμεσι</span> <span class='ocrx_word' id='word_1_43' title='bbox 1473 669 1591 725; x_wconf 79' lang='grc' dir='ltr'>ταῖς</span> <span class='ocrx_word' id='word_1_44' title='bbox 1621 666 1870 740; x_wconf 76' lang='grc' dir='ltr'><strong>φυσικαῖς</strong></span> 
     </span>
    </p>
   </div>
   <div class='ocr_carea' id='block_1_8' title="bbox 209 749 1868 835">
    <p class='ocr_par' dir='ltr' id='par_1_8' title="bbox 209 749 1868 835">
     <span class='ocr_line' id='line_1_8' title="bbox 209 749 1868 835; baseline -0.008 -19"><span class='ocrx_word' id='word_1_45' title='bbox 209 760 407 816; x_wconf 85' lang='grc' dir='ltr'>πολλά</span> <span class='ocrx_word' id='word_1_46' title='bbox 439 761 698 835; x_wconf 75' lang='grc' dir='ltr'><strong>ὑπάρχει·</strong></span> <span class='ocrx_word' id='word_1_47' title='bbox 749 757 838 813; x_wconf 79' lang='grc' dir='ltr'>καὶ</span> <span class='ocrx_word' id='word_1_48' title='bbox 888 756 1040 820; x_wconf 73' lang='grc' dir='ltr'>αὖθις</span> <span class='ocrx_word' id='word_1_49' title='bbox 1079 757 1146 811; x_wconf 69' lang='lat' dir='ltr'><strong>ti</strong></span> <span class='ocrx_word' id='word_1_50' title='bbox 1193 752 1380 810; x_wconf 85' lang='grc' dir='ltr'>πολλά</span> <span class='ocrx_word' id='word_1_51' title='bbox 1417 749 1562 824; x_wconf 59' lang='grc' dir='ltr'>εἴδη,</span> <span class='ocrx_word' id='word_1_52' title='bbox 1614 753 1726 806; x_wconf 84' lang='grc' dir='ltr'>οἷον</span> <span class='ocrx_word' id='word_1_53' title='bbox 1779 752 1868 804; x_wconf 75' lang='grc' dir='ltr'><strong>ἂν·</strong></span> 
     </span>
    </p>
   </div>
   <div class='ocr_carea' id='block_1_9' title="bbox 210 840 1867 926">
    <p class='ocr_par' dir='ltr' id='par_1_9' title="bbox 210 840 1867 926">
     <span class='ocr_line' id='line_1_9' title="bbox 210 840 1867 926; baseline -0.007 -21"><span class='ocrx_word' id='word_1_54' title='bbox 210 862 464 926; x_wconf 79' lang='grc' dir='ltr'>θρωπος,</span> <span class='ocrx_word' id='word_1_55' title='bbox 491 847 690 916; x_wconf 63' lang='grc' dir='ltr'>ἵππος,</span> <span class='ocrx_word' id='word_1_56' title='bbox 733 848 876 903; x_wconf 69' lang='grc' dir='ltr'>κύων</span> <span class='ocrx_word' id='word_1_57' title='bbox 907 845 996 901; x_wconf 84' lang='grc' dir='ltr'><strong>καὶ</strong></span> <span class='ocrx_word' id='word_1_58' title='bbox 1025 845 1094 900; x_wconf 80' lang='grc' dir='ltr'><strong>τά</strong></span> <span class='ocrx_word' id='word_1_59' title='bbox 1124 842 1290 915; x_wconf 78' lang='grc' dir='ltr'>ἄλλα,</span> <span class='ocrx_word' id='word_1_60' title='bbox 1319 843 1374 898; x_wconf 82' lang='grc' dir='ltr'><strong>’ἐν</strong></span> <span class='ocrx_word' id='word_1_61' title='bbox 1413 841 1514 896; x_wconf 82' lang='grc' dir='ltr'>εἰσι</span> <span class='ocrx_word' id='word_1_62' title='bbox 1571 845 1650 912; x_wconf 80' lang='grc' dir='ltr'>τῷ</span> <span class='ocrx_word' id='word_1_63' title='bbox 1705 840 1867 916; x_wconf 81' lang='grc' dir='ltr'>γὲνει·</span> 
     </span>
    </p>
   </div>
   <div class='ocr_carea' id='block_1_10' title="bbox 211 925 1871 1014">
    <p class='ocr_par' dir='ltr' id='par_1_10' title="bbox 211 925 1871 1014">
     <span class='ocr_line' id='line_1_10' title="bbox 211 925 1871 1014; baseline -0.007 -23"><span class='ocrx_word' id='word_1_64' title='bbox 211 925 360 1009; x_wconf 78' lang='grc' dir='ltr'>ζῶον</span> <span class='ocrx_word' id='word_1_65' title='bbox 409 939 512 1014; x_wconf 76' lang='grc' dir='ltr'><strong>γὰρ</strong></span> <span class='ocrx_word' id='word_1_66' title='bbox 564 936 772 992; x_wconf 74' lang='grc' dir='ltr'>τούτων</span> <span class='ocrx_word' id='word_1_67' title='bbox 817 933 1064 990; x_wconf 73' lang='grc' dir='ltr'>ἕκαστον·</span> <span class='ocrx_word' id='word_1_68' title='bbox 1100 932 1242 988; x_wconf 75' lang='grc' dir='ltr'>οὕτω</span> <span class='ocrx_word' id='word_1_69' title='bbox 1271 935 1398 1006; x_wconf 71' lang='grc' dir='ltr'>γοῦν</span> <span class='ocrx_word' id='word_1_70' title='bbox 1449 930 1538 984; x_wconf 80' lang='grc' dir='ltr'>καὶ</span> <span class='ocrx_word' id='word_1_71' title='bbox 1593 929 1656 984; x_wconf 87' lang='grc' dir='ltr'><strong>τὸ</strong></span> <span class='ocrx_word' id='word_1_72' title='bbox 1686 925 1871 982; x_wconf 79' lang='grc' dir='ltr'>πολλά</span> 
     </span>
    </p>
   </div>
   <div class='ocr_carea' id='block_1_11' title="bbox 212 1017 1866 1103">
    <p class='ocr_par' dir='ltr' id='par_1_11' title="bbox 212 1017 1866 1103">
     <span class='ocr_line' id='line_1_11' title="bbox 212 1017 1866 1103; baseline -0.007 -21"><span class='ocrx_word' id='word_1_73' title='bbox 212 1028 472 1103; x_wconf 70' lang='grc' dir='ltr'>ὑπάρχον</span> <span class='ocrx_word' id='word_1_74' title='bbox 525 1031 644 1087; x_wconf 84' lang='grc' dir='ltr'>ταῖς</span> <span class='ocrx_word' id='word_1_75' title='bbox 689 1021 990 1101; x_wconf 72' lang='grc' dir='ltr'>περιόδοις,</span> <span class='ocrx_word' id='word_1_76' title='bbox 1039 1021 1210 1097; x_wconf 74' lang='grc' dir='ltr'>ἤγουν</span> <span class='ocrx_word' id='word_1_77' title='bbox 1238 1026 1356 1083; x_wconf 84' lang='grc' dir='ltr'>τοῖς</span> <span class='ocrx_word' id='word_1_78' title='bbox 1393 1017 1781 1095; x_wconf 73' lang='grc' dir='ltr'><strong>βουλεύμασιν,</strong></span> <span class='ocrx_word' id='word_1_79' title='bbox 1833 1018 1866 1086; x_wconf 69' lang='grc' dir='ltr'><strong>ἢ</strong></span> 
     </span>
    </p>
   </div>
   <div class='ocr_carea' id='block_1_12' title="bbox 209 1110 1216 1190">
    <p class='ocr_par' dir='ltr' id='par_1_12' title="bbox 209 1110 1216 1190">
     <span class='ocr_line' id='line_1_12' title="bbox 209 1110 1216 1190; baseline -0.004 -19"><span class='ocrx_word' id='word_1_80' title='bbox 209 1117 304 1172; x_wconf 79' lang='grc' dir='ltr'><strong>καὶ</strong></span> <span class='ocrx_word' id='word_1_81' title='bbox 337 1122 459 1178; x_wconf 75' lang='grc' dir='ltr'>τοῖς</span> <span class='ocrx_word' id='word_1_82' title='bbox 490 1110 692 1190; x_wconf 81' lang='grc' dir='ltr'>ἔργοις,</span> <span class='ocrx_word' id='word_1_83' title='bbox 723 1112 776 1169; x_wconf 74' lang='grc' dir='ltr'>ἓν</span> <span class='ocrx_word' id='word_1_84' title='bbox 812 1113 914 1169; x_wconf 76' lang='grc' dir='ltr'>εἰσι</span> <span class='ocrx_word' id='word_1_85' title='bbox 943 1116 1012 1186; x_wconf 76' lang='grc' dir='ltr'>τῇ</span> <span class='ocrx_word' id='word_1_86' title='bbox 1044 1113 1216 1188; x_wconf 78' lang='grc' dir='ltr'>ἀρχῇ.</span> 
     </span>
    </p>
   </div>
   <div class='ocr_carea' id='block_1_13' title="bbox 287 1194 1865 1280">
    <p class='ocr_par' dir='ltr' id='par_1_13' title="bbox 287 1194 1865 1280">
     <span class='ocr_line' id='line_1_13' title="bbox 287 1194 1865 1280; baseline -0.008 -20"><span class='ocrx_word' id='word_1_87' title='bbox 287 1208 317 1280; x_wconf 70' lang='grc' dir='ltr'>Ξ</span> <span class='ocrx_word' id='word_1_88' title='bbox 363 1210 434 1260; x_wconf 80' lang='lat' dir='ltr'><strong>ll.</strong></span> <span class='ocrx_word' id='word_1_89' title='bbox 484 1203 665 1258; x_wconf 68' lang='grc' dir='ltr'>Πάντα</span> <span class='ocrx_word' id='word_1_90' title='bbox 706 1202 796 1256; x_wconf 74' lang='grc' dir='ltr'><strong>καὶ</strong></span> <span class='ocrx_word' id='word_1_91' title='bbox 843 1199 947 1257; x_wconf 82' lang='grc' dir='ltr'>ὅλα</span> <span class='ocrx_word' id='word_1_92' title='bbox 975 1202 1170 1256; x_wconf 75' lang='grc' dir='ltr'>πάντα.</span> <span class='ocrx_word' id='word_1_93' title='bbox 1227 1200 1405 1254; x_wconf 81' lang='grc' dir='ltr'>Πάντα</span> <span class='ocrx_word' id='word_1_94' title='bbox 1453 1197 1692 1272; x_wconf 70' lang='grc' dir='ltr'>λέγεται,</span> <span class='ocrx_word' id='word_1_95' title='bbox 1742 1194 1865 1249; x_wconf 76' lang='grc' dir='ltr'>ὅταν</span> 
     </span>
    </p>
   </div>
   <div class='ocr_carea' id='block_1_14' title="bbox 212 1283 1868 1368">
    <p class='ocr_par' dir='ltr' id='par_1_14' title="bbox 212 1283 1868 1368">
     <span class='ocr_line' id='line_1_14' title="bbox 212 1283 1868 1368; baseline -0.007 -19"><span class='ocrx_word' id='word_1_96' title='bbox 212 1292 363 1365; x_wconf 71' lang='grc' dir='ltr'>εἴδη,</span> <span class='ocrx_word' id='word_1_97' title='bbox 409 1293 503 1348; x_wconf 79' lang='grc' dir='ltr'><strong>καὶ</strong></span> <span class='ocrx_word' id='word_1_98' title='bbox 565 1294 702 1368; x_wconf 76' lang='grc' dir='ltr'>μὲρη</span> <span class='ocrx_word' id='word_1_99' title='bbox 740 1334 755 1358; x_wconf 87' lang='grc'>,</span> <span class='ocrx_word' id='word_1_100' title='bbox 814 1292 902 1346; x_wconf 76' lang='grc' dir='ltr'><strong>καὶ</strong></span> <span class='ocrx_word' id='word_1_101' title='bbox 969 1288 1221 1368; x_wconf 75' lang='grc' dir='ltr'>διαφοραὶ</span> <span class='ocrx_word' id='word_1_102' title='bbox 1275 1286 1326 1343; x_wconf 78' lang='grc' dir='ltr'><strong>ἐν</strong></span> <span class='ocrx_word' id='word_1_103' title='bbox 1377 1292 1498 1350; x_wconf 82' lang='grc' dir='ltr'>ταῖς</span> <span class='ocrx_word' id='word_1_104' title='bbox 1552 1283 1868 1357; x_wconf 69' lang='grc' dir='ltr'><strong>διαιρέσεσιν</strong></span> 
     </span>
    </p>
   </div>
   <div class='ocr_carea' id='block_1_15' title="bbox 207 1371 1872 1452">
    <p class='ocr_par' dir='ltr' id='par_1_15' title="bbox 207 1371 1872 1452">
     <span class='ocr_line' id='line_1_15' title="bbox 207 1371 1872 1452; baseline -0.005 -16"><span class='ocrx_word' id='word_1_105' title='bbox 207 1384 370 1436; x_wconf 74' lang='grc' dir='ltr'>ὦσιν·</span> <span class='ocrx_word' id='word_1_106' title='bbox 427 1381 558 1436; x_wconf 77' lang='grc' dir='ltr'>ὅλον</span> <span class='ocrx_word' id='word_1_107' title='bbox 594 1378 672 1448; x_wconf 73' lang='grc' dir='ltr'><strong>δὲ,</strong></span> <span class='ocrx_word' id='word_1_108' title='bbox 705 1381 830 1436; x_wconf 79' lang='grc' dir='ltr'>ὅταν</span> <span class='ocrx_word' id='word_1_109' title='bbox 856 1380 924 1434; x_wconf 70' lang='grc' dir='ltr'>τὰ</span> <span class='ocrx_word' id='word_1_110' title='bbox 955 1377 1094 1452; x_wconf 78' lang='grc' dir='ltr'>μὲρη</span> <span class='ocrx_word' id='word_1_111' title='bbox 1129 1375 1503 1451; x_wconf 80' lang='grc' dir='ltr'>συλλεγόμενα</span> <span class='ocrx_word' id='word_1_112' title='bbox 1531 1373 1585 1430; x_wconf 74' lang='grc' dir='ltr'><strong>ἓν</strong></span> <span class='ocrx_word' id='word_1_113' title='bbox 1635 1371 1872 1444; x_wconf 84' lang='grc' dir='ltr'>ὁλόκλη-</span> 
     </span>
    </p>
   </div>
   <div class='ocr_carea' id='block_1_16' title="bbox 208 1461 1872 1546">
    <p class='ocr_par' dir='ltr' id='par_1_16' title="bbox 208 1461 1872 1546">
     <span class='ocr_line' id='line_1_16' title="bbox 208 1461 1872 1546; baseline -0.006 -20"><span class='ocrx_word' id='word_1_114' title='bbox 208 1492 307 1546; x_wconf 83' lang='grc' dir='ltr'><strong>ρον</strong></span> <span class='ocrx_word' id='word_1_115' title='bbox 372 1469 740 1538; x_wconf 77' lang='grc' dir='ltr'>ἀποτελῶσιν,</span> <span class='ocrx_word' id='word_1_116' title='bbox 772 1471 808 1539; x_wconf 76' lang='grc' dir='ltr'><strong>ἢ</strong></span> <span class='ocrx_word' id='word_1_117' title='bbox 838 1469 906 1523; x_wconf 74' lang='grc' dir='ltr'>τὰ</span> <span class='ocrx_word' id='word_1_118' title='bbox 931 1464 1048 1538; x_wconf 78' lang='grc' dir='ltr'>εἷ’δη</span> <span class='ocrx_word' id='word_1_119' title='bbox 1081 1462 1133 1521; x_wconf 79' lang='grc' dir='ltr'>ἕν</span> <span class='ocrx_word' id='word_1_120' title='bbox 1189 1469 1367 1540; x_wconf 72' lang='grc' dir='ltr'>γένος,</span> <span class='ocrx_word' id='word_1_121' title='bbox 1418 1467 1453 1536; x_wconf 77' lang='grc' dir='ltr'>ἢ</span> <span class='ocrx_word' id='word_1_122' title='bbox 1517 1465 1602 1519; x_wconf 78' lang='grc' dir='ltr'><strong>καὶ</strong></span> <span class='ocrx_word' id='word_1_123' title='bbox 1637 1464 1703 1518; x_wconf 76' lang='grc' dir='ltr'>τὰ</span> <span class='ocrx_word' id='word_1_124' title='bbox 1727 1461 1872 1517; x_wconf 80' lang='grc' dir='ltr'>ἐναν-</span> 
     </span>
    </p>
   </div>
   <div class='ocr_carea' id='block_1_17' title="bbox 204 1551 1866 1628">
    <p class='ocr_par' dir='ltr' id='par_1_17' title="bbox 204 1551 1866 1628">
     <span class='ocr_line' id='line_1_17' title="bbox 204 1551 1866 1628; baseline -0.007 -13"><span class='ocrx_word' id='word_1_125' title='bbox 204 1561 300 1616; x_wconf 80' lang='grc' dir='ltr'>τία</span> <span class='ocrx_word' id='word_1_126' title='bbox 352 1557 447 1614; x_wconf 70' lang='grc' dir='ltr'><strong>καὶ</strong></span> <span class='ocrx_word' id='word_1_127' title='bbox 505 1558 850 1628; x_wconf 69' lang='grc' dir='ltr'><strong>ἀντικείμενα</strong></span> <span class='ocrx_word' id='word_1_128' title='bbox 906 1557 981 1618; x_wconf 80' lang='grc' dir='ltr'>εἷς</span> <span class='ocrx_word' id='word_1_129' title='bbox 1039 1554 1342 1628; x_wconf 79' lang='grc' dir='ltr'>σύμπνοιαν</span> <span class='ocrx_word' id='word_1_130' title='bbox 1388 1555 1474 1608; x_wconf 80' lang='grc' dir='ltr'><strong>καὶ</strong></span> <span class='ocrx_word' id='word_1_131' title='bbox 1534 1551 1866 1625; x_wconf 80' lang='grc' dir='ltr'>συμπάθειαν</span> 
     </span>
    </p>
   </div>
   <div class='ocr_carea' id='block_1_18' title="bbox 209 1641 1871 1725">
    <p class='ocr_par' dir='ltr' id='par_1_18' title="bbox 209 1641 1871 1725">
     <span class='ocr_line' id='line_1_18' title="bbox 209 1641 1871 1725; baseline -0.006 -21"><span class='ocrx_word' id='word_1_132' title='bbox 209 1650 500 1725; x_wconf 74' lang='grc' dir='ltr'>ἡσυχάζῃ,</span> <span class='ocrx_word' id='word_1_133' title='bbox 535 1647 609 1708; x_wconf 86' lang='grc' dir='ltr'>ὡς</span> <span class='ocrx_word' id='word_1_134' title='bbox 661 1643 806 1721; x_wconf 81' lang='grc' dir='ltr'>ὕδωρ</span> <span class='ocrx_word' id='word_1_135' title='bbox 859 1647 1023 1718; x_wconf 76' lang='grc' dir='ltr'>ὁμοῦ,</span> <span class='ocrx_word' id='word_1_136' title='bbox 1067 1644 1158 1699; x_wconf 81' lang='grc' dir='ltr'><strong>καὶ</strong></span> <span class='ocrx_word' id='word_1_137' title='bbox 1205 1651 1299 1719; x_wconf 81' lang='grc' dir='ltr'>γῆ,</span> <span class='ocrx_word' id='word_1_138' title='bbox 1346 1643 1434 1697; x_wconf 83' lang='grc' dir='ltr'><strong>καὶ</strong></span> <span class='ocrx_word' id='word_1_139' title='bbox 1482 1642 1608 1717; x_wconf 80' lang='grc' dir='ltr'>ἀὴρ,</span> <span class='ocrx_word' id='word_1_140' title='bbox 1656 1641 1746 1695; x_wconf 80' lang='grc' dir='ltr'>καὶ</span> <span class='ocrx_word' id='word_1_141' title='bbox 1804 1642 1871 1694; x_wconf 83' lang='grc' dir='ltr'>τὰ</span> 
     </span>
    </p>
   </div>
   <div class='ocr_carea' id='block_1_19' title="bbox 208 1729 1870 1813">
    <p class='ocr_par' dir='ltr' id='par_1_19' title="bbox 208 1729 1870 1813">
     <span class='ocr_line' id='line_1_19' title="bbox 208 1729 1870 1813; baseline -0.007 -19"><span class='ocrx_word' id='word_1_142' title='bbox 208 1734 450 1813; x_wconf 81' lang='grc' dir='ltr'><strong>πυρώδη</strong></span> <span class='ocrx_word' id='word_1_143' title='bbox 499 1734 690 1811; x_wconf 80' lang='grc' dir='ltr'>ἄστρα,</span> <span class='ocrx_word' id='word_1_144' title='bbox 737 1735 824 1789; x_wconf 79' lang='grc' dir='ltr'><strong>καὶ</strong></span> <span class='ocrx_word' id='word_1_145' title='bbox 878 1731 1129 1810; x_wconf 79' lang='grc' dir='ltr'>οὐρανόςο</span> <span class='ocrx_word' id='word_1_146' title='bbox 1187 1732 1398 1808; x_wconf 70' lang='grc' dir='ltr'>Λέγεται</span> <span class='ocrx_word' id='word_1_147' title='bbox 1437 1731 1538 1805; x_wconf 78' lang='grc' dir='ltr'><strong>γὰρ</strong></span> <span class='ocrx_word' id='word_1_148' title='bbox 1571 1729 1675 1786; x_wconf 81' lang='grc' dir='ltr'><strong>ὅλα</strong></span> <span class='ocrx_word' id='word_1_149' title='bbox 1703 1733 1870 1784; x_wconf 60' lang='grc' dir='ltr'>ταῦτα</span> 
     </span>
    </p>
   </div>
   <div class='ocr_carea' id='block_1_20' title="bbox 208 1826 448 1900">
    <p class='ocr_par' dir='ltr' id='par_1_20' title="bbox 208 1826 448 1900">
     <span class='ocr_line' id='line_1_20' title="bbox 208 1826 448 1900; baseline -0.008 -17"><span class='ocrx_word' id='word_1_150' title='bbox 208 1826 448 1900; x_wconf 82' lang='grc' dir='ltr'>κόσμος.</span> 
     </span>
    </p>
   </div>
   <div class='ocr_carea' id='block_1_21' title="bbox 284 1906 1866 1986">
    <p class='ocr_par' dir='ltr' id='par_1_21' title="bbox 284 1906 1866 1986">
     <span class='ocr_line' id='line_1_21' title="bbox 284 1906 1866 1986; baseline -0.006 -15"><span class='ocrx_word' id='word_1_151' title='bbox 284 1916 396 1972; x_wconf 76' lang='grc' dir='ltr'>Καὶ</span> <span class='ocrx_word' id='word_1_152' title='bbox 452 1912 573 1969; x_wconf 78' lang='grc' dir='ltr'>ἄνευ</span> <span class='ocrx_word' id='word_1_153' title='bbox 608 1913 703 1986; x_wconf 77' lang='grc' dir='ltr'><strong>μὶν</strong></span> <span class='ocrx_word' id='word_1_154' title='bbox 745 1916 840 1966; x_wconf 74' lang='grc' dir='ltr'>τοῦ</span> <span class='ocrx_word' id='word_1_155' title='bbox 891 1911 1022 1973; x_wconf 77' lang='grc' dir='ltr'><strong>ἑνός.</strong></span> <span class='ocrx_word' id='word_1_156' title='bbox 1079 1907 1301 1979; x_wconf 78' lang='grc' dir='ltr'>Ἐπειδὴ</span> <span class='ocrx_word' id='word_1_157' title='bbox 1352 1910 1414 1964; x_wconf 89' lang='grc' dir='ltr'><strong>τὸ</strong></span> <span class='ocrx_word' id='word_1_158' title='bbox 1460 1906 1516 1964; x_wconf 77' lang='grc' dir='ltr'><strong>ἓν</strong></span> <span class='ocrx_word' id='word_1_159' title='bbox 1559 1907 1708 1964; x_wconf 83' lang='grc' dir='ltr'>δοκεῖ</span> <span class='ocrx_word' id='word_1_160' title='bbox 1749 1928 1866 1969; x_wconf 89' lang='grc' dir='ltr'>πως</span> 
     </span>
    </p>
   </div>
   <div class='ocr_carea' id='block_1_22' title="bbox 211 1996 1867 2080">
    <p class='ocr_par' dir='ltr' id='par_1_22' title="bbox 211 1996 1867 2080">
     <span class='ocr_line' id='line_1_22' title="bbox 211 1996 1867 2080; baseline -0.005 -20"><span class='ocrx_word' id='word_1_161' title='bbox 211 2004 368 2080; x_wconf 76' lang='grc' dir='ltr'>ἔχειν</span> <span class='ocrx_word' id='word_1_162' title='bbox 396 2005 584 2079; x_wconf 68' lang='grc' dir='ltr'>σχέσιν</span> <span class='ocrx_word' id='word_1_163' title='bbox 616 1999 754 2077; x_wconf 81' lang='grc' dir='ltr'>πρὸς</span> <span class='ocrx_word' id='word_1_164' title='bbox 804 2000 1058 2076; x_wconf 84' lang='grc' dir='ltr'>ἀριθμὸν,</span> <span class='ocrx_word' id='word_1_165' title='bbox 1086 1998 1208 2055; x_wconf 77' lang='grc' dir='ltr'>ἄνευ</span> <span class='ocrx_word' id='word_1_166' title='bbox 1239 2000 1356 2062; x_wconf 66' lang='grc' dir='ltr'><strong>ἰνὸς</strong></span> <span class='ocrx_word' id='word_1_167' title='bbox 1388 1998 1491 2054; x_wconf 78' lang='grc' dir='ltr'>οὐκ</span> <span class='ocrx_word' id='word_1_168' title='bbox 1514 1996 1574 2052; x_wconf 79' lang='grc' dir='ltr'><strong>ἂν</strong></span> <span class='ocrx_word' id='word_1_169' title='bbox 1605 1996 1686 2068; x_wconf 69' lang='grc' dir='ltr'><strong>εἴη</strong></span> <span class='ocrx_word' id='word_1_170' title='bbox 1722 1997 1867 2064; x_wconf 81' lang='grc' dir='ltr'>πλῆ-</span> 
     </span>
    </p>
   </div>
   <div class='ocr_carea' id='block_1_23' title="bbox 207 2086 1868 2166">
    <p class='ocr_par' dir='ltr' id='par_1_23' title="bbox 207 2086 1868 2166">
     <span class='ocr_line' id='line_1_23' title="bbox 207 2086 1868 2166; baseline -0.004 -18"><span class='ocrx_word' id='word_1_171' title='bbox 207 2095 330 2155; x_wconf 75' lang='grc' dir='ltr'>θοςο</span> <span class='ocrx_word' id='word_1_172' title='bbox 367 2092 612 2152; x_wconf 74' lang='grc' dir='ltr'>σύνθεσις</span> <span class='ocrx_word' id='word_1_173' title='bbox 639 2091 739 2166; x_wconf 76' lang='grc' dir='ltr'><strong>γὰρ</strong></span> <span class='ocrx_word' id='word_1_174' title='bbox 768 2086 1000 2163; x_wconf 79' lang='grc' dir='ltr'>μονάδος</span> <span class='ocrx_word' id='word_1_175' title='bbox 1025 2087 1157 2142; x_wconf 83' lang='grc' dir='ltr'>εἰσὶν</span> <span class='ocrx_word' id='word_1_176' title='bbox 1187 2089 1238 2143; x_wconf 76' lang='grc' dir='ltr'>οἱ</span> <span class='ocrx_word' id='word_1_177' title='bbox 1271 2087 1345 2149; x_wconf 83' lang='grc' dir='ltr'><strong>εἰς</strong></span> <span class='ocrx_word' id='word_1_178' title='bbox 1377 2086 1592 2157; x_wconf 80' lang='grc' dir='ltr'>πλῆθος</span> <span class='ocrx_word' id='word_1_179' title='bbox 1621 2087 1868 2163; x_wconf 75' lang='grc' dir='ltr'>ἀριθμοὶ,</span> 
     </span>
    </p>
   </div>
   <div class='ocr_carea' id='block_1_24' title="bbox 209 2175 1868 2259">
    <p class='ocr_par' dir='ltr' id='par_1_24' title="bbox 209 2175 1868 2259">
     <span class='ocr_line' id='line_1_24' title="bbox 209 2175 1868 2259; baseline -0.004 -22"><span class='ocrx_word' id='word_1_180' title='bbox 209 2181 352 2259; x_wconf 76' lang='grc' dir='ltr'>ὅπερ</span> <span class='ocrx_word' id='word_1_181' title='bbox 383 2183 530 2237; x_wconf 72' lang='grc' dir='ltr'>εἶπεν</span> <span class='ocrx_word' id='word_1_182' title='bbox 563 2181 696 2248; x_wconf 78' lang='grc' dir='ltr'>ἅνω,</span> <span class='ocrx_word' id='word_1_183' title='bbox 729 2177 812 2233; x_wconf 76' lang='grc' dir='ltr'>ὅτι</span> <span class='ocrx_word' id='word_1_184' title='bbox 845 2175 1386 2246; x_wconf 84' lang='grc' dir='ltr'>πολλαπλασιαζεται</span> <span class='ocrx_word' id='word_1_185' title='bbox 1419 2177 1448 2231; x_wconf 85' lang='lat'><strong>6</strong></span> <span class='ocrx_word' id='word_1_186' title='bbox 1479 2177 1628 2243; x_wconf 86' lang='grc' dir='ltr'>Θεὸς,</span> <span class='ocrx_word' id='word_1_187' title='bbox 1661 2176 1733 2238; x_wconf 84' lang='grc' dir='ltr'><strong>ὡς</strong></span> <span class='ocrx_word' id='word_1_188' title='bbox 1764 2177 1868 2231; x_wconf 86' lang='grc' dir='ltr'>ἀπὸ</span> 
     </span>
    </p>
   </div>
   <div class='ocr_carea' id='block_1_25' title="bbox 208 2261 1871 2348">
    <p class='ocr_par' dir='ltr' id='par_1_25' title="bbox 208 2261 1871 2348">
     <span class='ocr_line' id='line_1_25' title="bbox 208 2261 1871 2348; baseline -0.005 -21"><span class='ocrx_word' id='word_1_189' title='bbox 208 2273 590 2348; x_wconf 77' lang='grc' dir='ltr'>ἀριθμητικῆς</span> <span class='ocrx_word' id='word_1_190' title='bbox 621 2267 941 2341; x_wconf 78' lang='grc' dir='ltr'>νοούμενος.</span> <span class='ocrx_word' id='word_1_191' title='bbox 973 2265 1044 2320; x_wconf 86' lang='grc' dir='ltr'><strong>Τὸ</strong></span> <span class='ocrx_word' id='word_1_192' title='bbox 1078 2263 1135 2320; x_wconf 75' lang='grc' dir='ltr'>δὲ</span> <span class='ocrx_word' id='word_1_193' title='bbox 1163 2261 1218 2320; x_wconf 71' lang='grc' dir='ltr'>ἓν</span> <span class='ocrx_word' id='word_1_194' title='bbox 1258 2264 1346 2319; x_wconf 78' lang='grc' dir='ltr'><strong>καὶ</strong></span> <span class='ocrx_word' id='word_1_195' title='bbox 1379 2265 1496 2328; x_wconf 81' lang='grc' dir='ltr'>καθ’</span> <span class='ocrx_word' id='word_1_196' title='bbox 1532 2265 1687 2320; x_wconf 70' lang='grc' dir='ltr'>ἑαυτὸ</span> <span class='ocrx_word' id='word_1_197' title='bbox 1718 2265 1871 2341; x_wconf 66' lang='grc' dir='ltr'>ὑφέσ-</span> 
     </span>
    </p>
   </div>
   <div class='ocr_carea' id='block_1_26' title="bbox 203 2355 637 2432">
    <p class='ocr_par' dir='ltr' id='par_1_26' title="bbox 203 2355 637 2432">
     <span class='ocr_line' id='line_1_26' title="bbox 203 2355 637 2432; baseline -0.002 -16"><span class='ocrx_word' id='word_1_198' title='bbox 203 2381 349 2432; x_wconf 83' lang='grc' dir='ltr'>τηκε</span> <span class='ocrx_word' id='word_1_199' title='bbox 377 2357 468 2413; x_wconf 74' lang='grc' dir='ltr'>καὶ</span> <span class='ocrx_word' id='word_1_200' title='bbox 502 2355 637 2415; x_wconf 74' lang='grc' dir='ltr'>ἔστι.</span> 
     </span>
    </p>
   </div>
   <div class='ocr_carea' id='block_1_27' title="bbox 282 2442 1868 2511">
    <p class='ocr_par' dir='ltr' id='par_1_27' title="bbox 282 2442 1868 2511">
     <span class='ocr_line' id='line_1_27' title="bbox 282 2442 1868 2511; baseline -0.004 -8"><span class='ocrx_word' id='word_1_201' title='bbox 282 2448 387 2503; x_wconf 77' lang='grc' dir='ltr'><strong>Καὶ</strong></span> <span class='ocrx_word' id='word_1_202' title='bbox 424 2446 468 2500; x_wconf 82' lang='grc' dir='ltr'><strong>εἶ</strong></span> <span class='ocrx_word' id='word_1_203' title='bbox 513 2452 646 2501; x_wconf 65' lang='lat' dir='ltr'><strong>nisi</strong></span> <span class='ocrx_word' id='word_1_204' title='bbox 700 2447 763 2500; x_wconf 76' lang='grc' dir='ltr'>τὰ</span> <span class='ocrx_word' id='word_1_205' title='bbox 807 2443 998 2500; x_wconf 76' lang='grc' dir='ltr'>πάντα.</span> <span class='ocrx_word' id='word_1_206' title='bbox 1049 2444 1127 2500; x_wconf 89' lang='lat' dir='ltr'>T6</span> <span class='ocrx_word' id='word_1_207' title='bbox 1191 2442 1447 2498; x_wconf 81' lang='grc' dir='ltr'>ὑποθοῖτό</span> <span class='ocrx_word' id='word_1_208' title='bbox 1499 2464 1606 2511; x_wconf 88' lang='grc' dir='ltr'>τις,</span> <span class='ocrx_word' id='word_1_209' title='bbox 1662 2443 1750 2498; x_wconf 68' lang='grc' dir='ltr'>οιαὶ</span> <span class='ocrx_word' id='word_1_210' title='bbox 1806 2443 1868 2497; x_wconf 86' lang='grc' dir='ltr'>τὸ</span> 
     </span>
    </p>
   </div>
   <div class='ocr_carea' id='block_1_28' title="bbox 202 2529 1870 2607">
    <p class='ocr_par' dir='ltr' id='par_1_28' title="bbox 202 2529 1870 2607">
     <span class='ocr_line' id='line_1_28' title="bbox 202 2529 1870 2607; baseline -0.005 -14"><span class='ocrx_word' id='word_1_211' title='bbox 202 2537 330 2601; x_wconf 80' lang='grc' dir='ltr'>καθ’</span> <span class='ocrx_word' id='word_1_212' title='bbox 364 2536 619 2591; x_wconf 79' lang='grc' dir='ltr'>ὑπόθεσιν</span> <span class='ocrx_word' id='word_1_213' title='bbox 663 2529 999 2606; x_wconf 71' lang='grc' dir='ltr'>λαμϐάνεται</span> <span class='ocrx_word' id='word_1_214' title='bbox 1049 2531 1136 2587; x_wconf 82' lang='grc' dir='ltr'><strong>ἐπὶ</strong></span> <span class='ocrx_word' id='word_1_215' title='bbox 1185 2536 1293 2587; x_wconf 80' lang='grc' dir='ltr'>τῶν</span> <span class='ocrx_word' id='word_1_216' title='bbox 1339 2536 1728 2607; x_wconf 77' lang='grc' dir='ltr'><strong>πραγματικῶς</strong></span> <span class='ocrx_word' id='word_1_217' title='bbox 1772 2530 1870 2586; x_wconf 77' lang='grc' dir='ltr'><strong>οὐκ</strong></span> 
     </span>
    </p>
   </div>
   <div class='ocr_carea' id='block_1_29' title="bbox 204 2619 1870 2698">
    <p class='ocr_par' dir='ltr' id='par_1_29' title="bbox 204 2619 1870 2698">
     <span class='ocr_line' id='line_1_29' title="bbox 204 2619 1870 2698; baseline -0.004 -18"><span class='ocrx_word' id='word_1_218' title='bbox 204 2624 408 2698; x_wconf 75' lang='grc' dir='ltr'>ὄντων,</span> <span class='ocrx_word' id='word_1_219' title='bbox 461 2621 607 2679; x_wconf 79' lang='grc' dir='ltr'><strong>ἀλλά</strong></span> <span class='ocrx_word' id='word_1_220' title='bbox 655 2623 811 2697; x_wconf 75' lang='grc' dir='ltr'>λόγῳ</span> <span class='ocrx_word' id='word_1_221' title='bbox 856 2621 1240 2694; x_wconf 73' lang='grc' dir='ltr'><strong>τυπουμένων·</strong></span> <span class='ocrx_word' id='word_1_222' title='bbox 1274 2619 1500 2675; x_wconf 78' lang='grc' dir='ltr'>ἐνταῦθα</span> <span class='ocrx_word' id='word_1_223' title='bbox 1532 2621 1715 2692; x_wconf 66' lang='grc' dir='ltr'>μέντοι</span> <span class='ocrx_word' id='word_1_224' title='bbox 1764 2620 1870 2696; x_wconf 74' lang='grc' dir='ltr'><strong>οὐχ</strong></span> 
     </span>
    </p>
   </div>
   <div class='ocr_carea' id='block_1_30' title="bbox 204 2707 1868 2784">
    <p class='ocr_par' dir='ltr' id='par_1_30' title="bbox 204 2707 1868 2784">
     <span class='ocr_line' id='line_1_30' title="bbox 204 2707 1868 2784; baseline -0.003 -16"><span class='ocrx_word' id='word_1_225' title='bbox 204 2713 359 2768; x_wconf 79' lang='grc' dir='ltr'>οὕτω</span> <span class='ocrx_word' id='word_1_226' title='bbox 411 2710 674 2783; x_wconf 68' lang='grc' dir='ltr'>ληπτέον,</span> <span class='ocrx_word' id='word_1_227' title='bbox 727 2709 871 2766; x_wconf 86' lang='grc' dir='ltr'><strong>ἀλλά</strong></span> <span class='ocrx_word' id='word_1_228' title='bbox 913 2710 976 2765; x_wconf 85' lang='grc' dir='ltr'>τὸ</span> <span class='ocrx_word' id='word_1_229' title='bbox 1034 2709 1170 2766; x_wconf 82' lang='grc' dir='ltr'><strong>κατά</strong></span> <span class='ocrx_word' id='word_1_230' title='bbox 1225 2707 1669 2784; x_wconf 77' lang='grc' dir='ltr'>ὲπίνοιανλὸγῳ</span> <span class='ocrx_word' id='word_1_231' title='bbox 1706 2713 1868 2763; x_wconf 76' lang='grc' dir='ltr'>τοῦτο</span> 
     </span>
    </p>
   </div>
   <div class='ocr_carea' id='block_1_31' title="bbox 206 2797 1868 2871">
    <p class='ocr_par' dir='ltr' id='par_1_31' title="bbox 206 2797 1868 2871">
     <span class='ocr_line' id='line_1_31' title="bbox 206 2797 1868 2871; baseline -0.002 -15"><span class='ocrx_word' id='word_1_232' title='bbox 206 2800 420 2871; x_wconf 84' lang='grc' dir='ltr'>θετέον,</span> <span class='ocrx_word' id='word_1_233' title='bbox 454 2798 660 2869; x_wconf 73' lang='grc' dir='ltr'>διὶτήν</span> <span class='ocrx_word' id='word_1_234' title='bbox 686 2804 785 2855; x_wconf 76' lang='grc' dir='ltr'><strong>τοῦ</strong></span> <span class='ocrx_word' id='word_1_235' title='bbox 818 2799 1058 2863; x_wconf 79' lang='grc' dir='ltr'>ἐκτίσθαι</span> <span class='ocrx_word' id='word_1_236' title='bbox 1085 2799 1409 2869; x_wconf 84' lang='grc' dir='ltr'>ταυτότητα,</span> <span class='ocrx_word' id='word_1_237' title='bbox 1441 2798 1530 2853; x_wconf 75' lang='grc' dir='ltr'><strong>καὶ</strong></span> <span class='ocrx_word' id='word_1_238' title='bbox 1561 2799 1623 2853; x_wconf 87' lang='grc' dir='ltr'><strong>τὸ</strong></span> <span class='ocrx_word' id='word_1_239' title='bbox 1653 2797 1782 2854; x_wconf 82' lang='grc' dir='ltr'>ὅλον</span> <span class='ocrx_word' id='word_1_240' title='bbox 1814 2797 1868 2853; x_wconf 82' lang='grc' dir='ltr'><strong>ἐν</strong></span> 
     </span>
    </p>
   </div>
   <div class='ocr_carea' id='block_1_32' title="bbox 209 2885 1673 2964">
    <p class='ocr_par' dir='ltr' id='par_1_32' title="bbox 209 2885 1673 2964">
     <span class='ocr_line' id='line_1_32' title="bbox 209 2885 1673 2964; baseline -0.001 -18"><span class='ocrx_word' id='word_1_241' title='bbox 209 2897 338 2953; x_wconf 77' lang='grc' dir='ltr'>τοῖς</span> <span class='ocrx_word' id='word_1_242' title='bbox 371 2887 557 2963; x_wconf 79' lang='grc' dir='ltr'>μέρεσι</span> <span class='ocrx_word' id='word_1_243' title='bbox 587 2891 925 2964; x_wconf 77' lang='grc' dir='ltr'>Θεωρεῖσθαι,</span> <span class='ocrx_word' id='word_1_244' title='bbox 958 2888 1048 2942; x_wconf 83' lang='grc' dir='ltr'><strong>καὶ</strong></span> <span class='ocrx_word' id='word_1_245' title='bbox 1073 2887 1130 2943; x_wconf 81' lang='grc' dir='ltr'><strong>’ἒν</strong></span> <span class='ocrx_word' id='word_1_246' title='bbox 1161 2887 1241 2958; x_wconf 87' lang='grc' dir='ltr'>τῷ</span> <span class='ocrx_word' id='word_1_247' title='bbox 1273 2885 1387 2959; x_wconf 77' lang='grc' dir='ltr'><strong>ὅλῳ</strong></span> <span class='ocrx_word' id='word_1_248' title='bbox 1413 2886 1479 2942; x_wconf 76' lang='grc' dir='ltr'>τὰ</span> <span class='ocrx_word' id='word_1_249' title='bbox 1512 2886 1673 2962; x_wconf 76' lang='grc' dir='ltr'>μέρη.</span> 
     </span>
    </p>
   </div>
   <div class='ocr_carea' id='block_1_33' title="bbox 275 3067 1866 3142">
    <p class='ocr_par' dir='ltr' id='par_1_33' title="bbox 275 3067 1866 3142">
     <span class='ocr_line' id='line_1_33' title="bbox 275 3067 1866 3142; baseline 0.002 -18"><span class='ocrx_word' id='word_1_250' title='bbox 275 3074 412 3129; x_wconf 78' lang='grc' dir='ltr'><strong>Ὀτι</strong></span> <span class='ocrx_word' id='word_1_251' title='bbox 482 3070 618 3125; x_wconf 65' lang='lat' dir='ltr'><strong>uti</strong></span> <span class='ocrx_word' id='word_1_252' title='bbox 685 3069 750 3124; x_wconf 83' lang='grc' dir='ltr'><strong>τὸ</strong></span> <span class='ocrx_word' id='word_1_253' title='bbox 838 3067 954 3130; x_wconf 76' lang='grc' dir='ltr'><strong>ὲνὸς</strong></span> <span class='ocrx_word' id='word_1_254' title='bbox 1025 3069 1250 3123; x_wconf 70' lang='grc' dir='ltr'>ἒκάστου</span> <span class='ocrx_word' id='word_1_255' title='bbox 1319 3068 1816 3142; x_wconf 75' lang='grc' dir='ltr'>προεπινοούμενον</span> <span class='ocrx_word' id='word_1_256' title='bbox 1852 3114 1866 3127; x_wconf 94' lang='grc'><strong>.</strong></span> 
     </span>
    </p>
   </div>
   <div class='ocr_carea' id='block_1_34' title="bbox 206 3155 1863 3236">
    <p class='ocr_par' dir='ltr' id='par_1_34' title="bbox 206 3155 1863 3236">
     <span class='ocr_line' id='line_1_34' title="bbox 206 3155 1863 3236; baseline -0.002 -20"><span class='ocrx_word' id='word_1_257' title='bbox 206 3161 271 3216; x_wconf 77' lang='lat' dir='ltr'><strong>Ei</strong></span> <span class='ocrx_word' id='word_1_258' title='bbox 313 3161 393 3233; x_wconf 89' lang='grc' dir='ltr'>μή</span> <span class='ocrx_word' id='word_1_259' title='bbox 423 3158 876 3236; x_wconf 76' lang='grc' dir='ltr'>προεπινοηθείη,</span> <span class='ocrx_word' id='word_1_260' title='bbox 909 3156 1064 3236; x_wconf 75' lang='grc' dir='ltr'>φησὶ,</span> <span class='ocrx_word' id='word_1_261' title='bbox 1102 3157 1165 3212; x_wconf 87' lang='grc' dir='ltr'><strong>τὸ</strong></span> <span class='ocrx_word' id='word_1_262' title='bbox 1213 3160 1308 3211; x_wconf 76' lang='grc' dir='ltr'>τοῦ</span> <span class='ocrx_word' id='word_1_263' title='bbox 1359 3157 1643 3230; x_wconf 83' lang='grc' dir='ltr'>ἀνθρώπου</span> <span class='ocrx_word' id='word_1_264' title='bbox 1698 3155 1863 3226; x_wconf 78' lang='grc' dir='ltr'>εἶδος,</span> 
     </span>
    </p>
   </div>
   <div class='ocr_carea' id='block_1_35' title="bbox 939 3243 952 3262">
    <p class='ocr_par' dir='ltr' id='par_1_35' title="bbox 939 3243 952 3262">
     <span class='ocr_line' id='line_1_35' title="bbox 939 3243 952 3262; baseline 0 0"><span class='ocrx_word' id='word_1_265' title='bbox 939 3243 952 3262; x_wconf 72' lang='grc' dir='ltr'><strong><em>Ι</em></strong></span> 
     </span>
    </p>
   </div>
   <div class='ocr_carea' id='block_1_36' title="bbox 1983 574 3632 645">
    <p class='ocr_par' dir='ltr' id='par_1_36' title="bbox 1983 574 3632 645">
     <span class='ocr_line' id='line_1_36' title="bbox 1983 574 3632 645; baseline 0.007 -15"><span class='ocrx_word' id='word_1_266' title='bbox 1983 574 2137 630; x_wconf 90' lang='lat' dir='ltr'><strong>enim</strong></span> <span class='ocrx_word' id='word_1_267' title='bbox 2170 577 2310 628; x_wconf 87' lang='lat' dir='ltr'><strong>sunt</strong></span> <span class='ocrx_word' id='word_1_268' title='bbox 2330 574 2486 645; x_wconf 85' lang='lat' dir='ltr'><strong>equi,</strong></span> <span class='ocrx_word' id='word_1_269' title='bbox 2511 579 2568 630; x_wconf 89' lang='lat' dir='ltr'><strong>et</strong></span> <span class='ocrx_word' id='word_1_270' title='bbox 2599 574 2768 631; x_wconf 88' lang='lat' dir='ltr'><strong>multi</strong></span> <span class='ocrx_word' id='word_1_271' title='bbox 2800 577 2992 633; x_wconf 87' lang='lat' dir='ltr'><strong>boves.</strong></span> <span class='ocrx_word' id='word_1_272' title='bbox 3021 579 3354 643; x_wconf 78' lang='lat' dir='ltr'><strong>Quinetiam</strong></span> <span class='ocrx_word' id='word_1_273' title='bbox 3391 582 3632 641; x_wconf 82' lang='lat' dir='ltr'><strong>faculta-</strong></span> 
     </span>
    </p>
   </div>
   <div class='ocr_carea' id='block_1_37' title="bbox 1986 661 3631 742">
    <p class='ocr_par' dir='ltr' id='par_1_37' title="bbox 1986 661 3631 742">
     <span class='ocr_line' id='line_1_37' title="bbox 1986 661 3631 742; baseline 0.006 -26"><span class='ocrx_word' id='word_1_274' title='bbox 1986 662 2142 718; x_wconf 91' lang='lat' dir='ltr'><strong>tibus</strong></span> <span class='ocrx_word' id='word_1_275' title='bbox 2167 661 2535 718; x_wconf 79' lang='lat' dir='ltr'><strong>naturalibus</strong></span> <span class='ocrx_word' id='word_1_276' title='bbox 2564 668 2654 718; x_wconf 90' lang='lat' dir='ltr'><strong>est</strong></span> <span class='ocrx_word' id='word_1_277' title='bbox 2697 664 2968 729; x_wconf 85' lang='lat' dir='ltr'><strong>multa,et</strong></span> <span class='ocrx_word' id='word_1_278' title='bbox 3009 683 3215 723; x_wconf 82' lang='lat' dir='ltr'><strong>rursus</strong></span> <span class='ocrx_word' id='word_1_279' title='bbox 3268 669 3454 725; x_wconf 82' lang='lat' dir='ltr'><strong>multa</strong></span> <span class='ocrx_word' id='word_1_280' title='bbox 3501 688 3631 742; x_wconf 88' lang='lat' dir='ltr'><strong>spe-</strong></span> 
     </span>
    </p>
   </div>
   <div class='ocr_carea' id='block_1_38' title="bbox 1982 749 3634 826">
    <p class='ocr_par' dir='ltr' id='par_1_38' title="bbox 1982 749 3634 826">
     <span class='ocr_line' id='line_1_38' title="bbox 1982 749 3634 826; baseline 0.006 -22"><span class='ocrx_word' id='word_1_281' title='bbox 1982 749 2205 817; x_wconf 90' lang='lat' dir='ltr'><strong>ciebus,</strong></span> <span class='ocrx_word' id='word_1_282' title='bbox 2229 755 2293 804; x_wconf 90' lang='lat' dir='ltr'><strong>ut</strong></span> <span class='ocrx_word' id='word_1_283' title='bbox 2323 749 2519 818; x_wconf 86' lang='lat' dir='ltr'><strong>homo,</strong></span> <span class='ocrx_word' id='word_1_284' title='bbox 2553 767 2764 823; x_wconf 89' lang='lat' dir='ltr'><strong>equus,</strong></span> <span class='ocrx_word' id='word_1_285' title='bbox 2792 753 2980 824; x_wconf 81' lang='lat' dir='ltr'><strong>canis,</strong></span> <span class='ocrx_word' id='word_1_286' title='bbox 3012 758 3068 810; x_wconf 88' lang='lat' dir='ltr'><strong>et</strong></span> <span class='ocrx_word' id='word_1_287' title='bbox 3111 755 3244 826; x_wconf 84' lang='lat' dir='ltr'><strong>alia,</strong></span> <span class='ocrx_word' id='word_1_288' title='bbox 3283 773 3462 812; x_wconf 91' lang='lat' dir='ltr'><strong>unum</strong></span> <span class='ocrx_word' id='word_1_289' title='bbox 3496 765 3634 814; x_wconf 88' lang='lat' dir='ltr'><strong>sunt</strong></span> 
     </span>
    </p>
   </div>
   <div class='ocr_carea' id='block_1_39' title="bbox 1981 841 3633 912">
    <p class='ocr_par' dir='ltr' id='par_1_39' title="bbox 1981 841 3633 912">
     <span class='ocr_line' id='line_1_39' title="bbox 1981 841 3633 912; baseline 0.005 -18"><span class='ocrx_word' id='word_1_290' title='bbox 1981 856 2211 912; x_wconf 88' lang='lat' dir='ltr'><strong>genere,</strong></span> <span class='ocrx_word' id='word_1_291' title='bbox 2243 841 2707 912; x_wconf 85' lang='lat' dir='ltr'><strong>unumquodque</strong></span> <span class='ocrx_word' id='word_1_292' title='bbox 2729 843 2885 897; x_wconf 90' lang='lat' dir='ltr'><strong>enim</strong></span> <span class='ocrx_word' id='word_1_293' title='bbox 2918 843 3128 899; x_wconf 89' lang='lat' dir='ltr'><strong>horum</strong></span> <span class='ocrx_word' id='word_1_294' title='bbox 3148 849 3238 901; x_wconf 90' lang='lat' dir='ltr'><strong>est</strong></span> <span class='ocrx_word' id='word_1_295' title='bbox 3270 846 3522 902; x_wconf 81' lang='lat' dir='ltr'><strong>animal:</strong></span> <span class='ocrx_word' id='word_1_296' title='bbox 3550 849 3633 903; x_wconf 92' lang='lat' dir='ltr'><strong>sic</strong></span> 
     </span>
    </p>
   </div>
   <div class='ocr_carea' id='block_1_40' title="bbox 1980 928 3634 1006">
    <p class='ocr_par' dir='ltr' id='par_1_40' title="bbox 1980 928 3634 1006">
     <span class='ocr_line' id='line_1_40' title="bbox 1980 928 3634 1006; baseline 0.007 -24"><span class='ocrx_word' id='word_1_297' title='bbox 1980 928 2232 1000; x_wconf 81' lang='lat' dir='ltr'><strong>denique</strong></span> <span class='ocrx_word' id='word_1_298' title='bbox 2255 933 2311 984; x_wconf 90' lang='lat' dir='ltr'><strong>et</strong></span> <span class='ocrx_word' id='word_1_299' title='bbox 2332 931 2483 999; x_wconf 89' lang='lat' dir='ltr'><strong>quod</strong></span> <span class='ocrx_word' id='word_1_300' title='bbox 2519 930 2706 985; x_wconf 87' lang='lat' dir='ltr'><strong>multa</strong></span> <span class='ocrx_word' id='word_1_301' title='bbox 2735 936 2825 987; x_wconf 83' lang='lat' dir='ltr'><strong>est</strong></span> <span class='ocrx_word' id='word_1_302' title='bbox 2853 929 3158 1006; x_wconf 84' lang='grc' dir='ltr'>περιόδοις,</span> <span class='ocrx_word' id='word_1_303' title='bbox 3216 952 3320 991; x_wconf 90' lang='lat' dir='ltr'><strong>seu</strong></span> <span class='ocrx_word' id='word_1_304' title='bbox 3370 936 3634 992; x_wconf 84' lang='lat' dir='ltr'><strong>consiliis</strong></span> 
     </span>
    </p>
   </div>
   <div class='ocr_carea' id='block_1_41' title="bbox 1980 1018 3344 1096">
    <p class='ocr_par' dir='ltr' id='par_1_41' title="bbox 1980 1018 3344 1096">
     <span class='ocr_line' id='line_1_41' title="bbox 1980 1018 3344 1096; baseline 0.007 -24"><span class='ocrx_word' id='word_1_305' title='bbox 1980 1021 2080 1072; x_wconf 86' lang='lat' dir='ltr'><strong>aut</strong></span> <span class='ocrx_word' id='word_1_306' title='bbox 2109 1018 2286 1073; x_wconf 91' lang='lat' dir='ltr'><strong>etiam</strong></span> <span class='ocrx_word' id='word_1_307' title='bbox 2319 1020 2614 1090; x_wconf 84' lang='lat' dir='ltr'><strong>operibus,</strong></span> <span class='ocrx_word' id='word_1_308' title='bbox 2650 1037 2828 1076; x_wconf 90' lang='lat' dir='ltr'><strong>unum</strong></span> <span class='ocrx_word' id='word_1_309' title='bbox 2861 1028 3003 1078; x_wconf 88' lang='lat' dir='ltr'><strong>sunt</strong></span> <span class='ocrx_word' id='word_1_310' title='bbox 3033 1023 3344 1096; x_wconf 87' lang='lat' dir='ltr'><strong>principio.</strong></span> 
     </span>
    </p>
   </div>
   <div class='ocr_carea' id='block_1_42' title="bbox 2053 1197 3632 1269">
    <p class='ocr_par' dir='ltr' id='par_1_42' title="bbox 2053 1197 3632 1269">
     <span class='ocr_line' id='line_1_42' title="bbox 2053 1197 3632 1269; baseline 0.007 -17"><span class='ocrx_word' id='word_1_311' title='bbox 2053 1197 2084 1269; x_wconf 88' lang='lat'>§</span> <span class='ocrx_word' id='word_1_312' title='bbox 2115 1198 2183 1253; x_wconf 82' lang='lat' dir='ltr'><strong>Il.</strong></span> <span class='ocrx_word' id='word_1_313' title='bbox 2219 1198 2413 1253; x_wconf 80' lang='lat' dir='ltr'><strong>Omnia</strong></span> <span class='ocrx_word' id='word_1_314' title='bbox 2448 1201 2707 1256; x_wconf 78' lang='lat' dir='ltr'><strong>universa</strong></span> <span class='ocrx_word' id='word_1_315' title='bbox 2739 1205 2851 1256; x_wconf 84' lang='lat' dir='ltr'><strong>tota</strong></span> <span class='ocrx_word' id='word_1_316' title='bbox 2907 1202 3095 1257; x_wconf 79' lang='lat' dir='ltr'><strong>etiam.</strong></span> <span class='ocrx_word' id='word_1_317' title='bbox 3154 1203 3364 1260; x_wconf 80' lang='lat' dir='ltr'><strong>Omnia</strong></span> <span class='ocrx_word' id='word_1_318' title='bbox 3421 1206 3632 1262; x_wconf 87' lang='lat' dir='ltr'><strong>dicun-</strong></span> 
     </span>
    </p>
   </div>
   <div class='ocr_carea' id='block_1_43' title="bbox 1980 1287 3630 1360">
    <p class='ocr_par' dir='ltr' id='par_1_43' title="bbox 1980 1287 3630 1360">
     <span class='ocr_line' id='line_1_43' title="bbox 1980 1287 3630 1360; baseline 0.005 -20"><span class='ocrx_word' id='word_1_319' title='bbox 1980 1290 2097 1352; x_wconf 88' lang='lat' dir='ltr'><strong>tur,</strong></span> <span class='ocrx_word' id='word_1_320' title='bbox 2131 1287 2368 1357; x_wconf 82' lang='lat' dir='ltr'><strong>quando</strong></span> <span class='ocrx_word' id='word_1_321' title='bbox 2402 1287 2626 1359; x_wconf 80' lang='lat' dir='ltr'><strong>species</strong></span> <span class='ocrx_word' id='word_1_322' title='bbox 2657 1293 2714 1344; x_wconf 90' lang='lat' dir='ltr'><strong>et</strong></span> <span class='ocrx_word' id='word_1_323' title='bbox 2744 1295 2941 1360; x_wconf 86' lang='lat' dir='ltr'><strong>partes</strong></span> <span class='ocrx_word' id='word_1_324' title='bbox 2985 1296 3042 1344; x_wconf 87' lang='lat' dir='ltr'><strong>et</strong></span> <span class='ocrx_word' id='word_1_325' title='bbox 3073 1290 3396 1348; x_wconf 71' lang='lat' dir='ltr'><strong>differentia</strong></span> <span class='ocrx_word' id='word_1_326' title='bbox 3455 1293 3512 1348; x_wconf 90' lang='lat' dir='ltr'><strong>in</strong></span> <span class='ocrx_word' id='word_1_327' title='bbox 3542 1295 3630 1350; x_wconf 90' lang='lat' dir='ltr'><strong>di-</strong></span> 
     </span>
    </p>
   </div>
   <div class='ocr_carea' id='block_1_44' title="bbox 1979 1373 3627 1452">
    <p class='ocr_par' dir='ltr' id='par_1_44' title="bbox 1979 1373 3627 1452">
     <span class='ocr_line' id='line_1_44' title="bbox 1979 1373 3627 1452; baseline 0.006 -25"><span class='ocrx_word' id='word_1_328' title='bbox 1979 1373 2306 1431; x_wconf 85' lang='lat' dir='ltr'><strong>visionibus</strong></span> <span class='ocrx_word' id='word_1_329' title='bbox 2337 1380 2494 1431; x_wconf 89' lang='lat' dir='ltr'><strong>sunt.</strong></span> <span class='ocrx_word' id='word_1_330' title='bbox 2528 1378 2740 1432; x_wconf 88' lang='lat' dir='ltr'><strong>Totum</strong></span> <span class='ocrx_word' id='word_1_331' title='bbox 2767 1394 2924 1445; x_wconf 88' lang='lat' dir='ltr'><strong>vero,</strong></span> <span class='ocrx_word' id='word_1_332' title='bbox 2957 1379 3191 1448; x_wconf 78' lang='lat' dir='ltr'><strong>quando</strong></span> <span class='ocrx_word' id='word_1_333' title='bbox 3233 1384 3424 1452; x_wconf 85' lang='lat' dir='ltr'><strong>partes</strong></span> <span class='ocrx_word' id='word_1_334' title='bbox 3447 1382 3627 1438; x_wconf 91' lang='lat' dir='ltr'><strong>colle-</strong></span> 
     </span>
    </p>
   </div>
   <div class='ocr_carea' id='block_1_45' title="bbox 1979 1464 3628 1544">
    <p class='ocr_par' dir='ltr' id='par_1_45' title="bbox 1979 1464 3628 1544">
     <span class='ocr_line' id='line_1_45' title="bbox 1979 1464 3628 1544; baseline 0.005 -25"><span class='ocrx_word' id='word_1_335' title='bbox 1979 1467 2084 1519; x_wconf 69' lang='lat' dir='ltr'><strong>ctas</strong></span> <span class='ocrx_word' id='word_1_336' title='bbox 2117 1481 2300 1520; x_wconf 91' lang='lat' dir='ltr'><strong>unum</strong></span> <span class='ocrx_word' id='word_1_337' title='bbox 2331 1464 2624 1535; x_wconf 78' lang='lat' dir='ltr'><strong>integrum</strong></span> <span class='ocrx_word' id='word_1_338' title='bbox 2650 1466 2936 1528; x_wconf 75' lang='lat' dir='ltr'><strong>efﬁciunt.</strong></span> <span class='ocrx_word' id='word_1_339' title='bbox 2957 1469 3297 1539; x_wconf 88' lang='lat' dir='ltr'><strong>autspecies</strong></span> <span class='ocrx_word' id='word_1_340' title='bbox 3314 1485 3500 1526; x_wconf 89' lang='lat' dir='ltr'><strong>unum</strong></span> <span class='ocrx_word' id='word_1_341' title='bbox 3529 1488 3628 1544; x_wconf 87' lang='lat' dir='ltr'><strong>ge-</strong></span> 
     </span>
    </p>
   </div>
   <div class='ocr_carea' id='block_1_46' title="bbox 1979 1554 3633 1629">
    <p class='ocr_par' dir='ltr' id='par_1_46' title="bbox 1979 1554 3633 1629">
     <span class='ocr_line' id='line_1_46' title="bbox 1979 1554 3633 1629; baseline 0.006 -22"><span class='ocrx_word' id='word_1_342' title='bbox 1979 1569 2116 1623; x_wconf 88' lang='lat' dir='ltr'><strong>nus,</strong></span> <span class='ocrx_word' id='word_1_343' title='bbox 2148 1557 2250 1608; x_wconf 89' lang='lat' dir='ltr'><strong>aut</strong></span> <span class='ocrx_word' id='word_1_344' title='bbox 2280 1554 2576 1609; x_wconf 88' lang='lat' dir='ltr'><strong>contraria</strong></span> <span class='ocrx_word' id='word_1_345' title='bbox 2607 1559 2665 1610; x_wconf 90' lang='lat' dir='ltr'><strong>et</strong></span> <span class='ocrx_word' id='word_1_346' title='bbox 2713 1555 2982 1626; x_wconf 86' lang='lat' dir='ltr'><strong>opposita</strong></span> <span class='ocrx_word' id='word_1_347' title='bbox 3012 1557 3071 1611; x_wconf 90' lang='lat' dir='ltr'><strong>in</strong></span> <span class='ocrx_word' id='word_1_348' title='bbox 3113 1558 3546 1629; x_wconf 83' lang='lat' dir='ltr'><strong>conspiratione</strong></span> <span class='ocrx_word' id='word_1_349' title='bbox 3577 1568 3633 1617; x_wconf 86' lang='lat' dir='ltr'><strong>et</strong></span> 
     </span>
    </p>
   </div>
   <div class='ocr_carea' id='block_1_47' title="bbox 1979 1642 3629 1720">
    <p class='ocr_par' dir='ltr' id='par_1_47' title="bbox 1979 1642 3629 1720">
     <span class='ocr_line' id='line_1_47' title="bbox 1979 1642 3629 1720; baseline 0.005 -24"><span class='ocrx_word' id='word_1_350' title='bbox 1979 1642 2288 1698; x_wconf 87' lang='lat' dir='ltr'><strong>concordia</strong></span> <span class='ocrx_word' id='word_1_351' title='bbox 2319 1643 2655 1714; x_wconf 90' lang='lat' dir='ltr'><strong>quiescunt,</strong></span> <span class='ocrx_word' id='word_1_352' title='bbox 2689 1649 2755 1698; x_wconf 92' lang='lat' dir='ltr'><strong>ut</strong></span> <span class='ocrx_word' id='word_1_353' title='bbox 2785 1661 2940 1717; x_wconf 89' lang='lat' dir='ltr'><strong>aqua</strong></span> <span class='ocrx_word' id='word_1_354' title='bbox 2960 1645 3139 1701; x_wconf 86' lang='lat' dir='ltr'><strong>simul</strong></span> <span class='ocrx_word' id='word_1_355' title='bbox 3171 1651 3228 1702; x_wconf 90' lang='lat' dir='ltr'><strong>et</strong></span> <span class='ocrx_word' id='word_1_356' title='bbox 3257 1651 3415 1703; x_wconf 88' lang='lat' dir='ltr'><strong>terra</strong></span> <span class='ocrx_word' id='word_1_357' title='bbox 3443 1653 3629 1720; x_wconf 83' lang='lat' dir='ltr'><strong>etaer,</strong></span> 
     </span>
    </p>
   </div>
   <div class='ocr_carea' id='block_1_48' title="bbox 1977 1731 3632 1803">
    <p class='ocr_par' dir='ltr' id='par_1_48' title="bbox 1977 1731 3632 1803">
     <span class='ocr_line' id='line_1_48' title="bbox 1977 1731 3632 1803; baseline 0.005 -17"><span class='ocrx_word' id='word_1_358' title='bbox 1977 1733 2035 1786; x_wconf 90' lang='lat' dir='ltr'><strong>et</strong></span> <span class='ocrx_word' id='word_1_359' title='bbox 2061 1731 2243 1803; x_wconf 67' lang='lat' dir='ltr'><strong>igneis</strong></span> <span class='ocrx_word' id='word_1_360' title='bbox 2275 1731 2478 1799; x_wconf 66' lang='lat' dir='ltr'><strong>stellae,</strong></span> <span class='ocrx_word' id='word_1_361' title='bbox 2510 1736 2568 1788; x_wconf 88' lang='lat' dir='ltr'><strong>et</strong></span> <span class='ocrx_word' id='word_1_362' title='bbox 2587 1732 2798 1788; x_wconf 70' lang='lat' dir='ltr'><strong>omium</strong></span> <span class='ocrx_word' id='word_1_363' title='bbox 2826 1749 2840 1788; x_wconf 88' lang='lat'><strong>:</strong></span> <span class='ocrx_word' id='word_1_364' title='bbox 2877 1735 3136 1791; x_wconf 86' lang='lat' dir='ltr'><strong>mundus</strong></span> <span class='ocrx_word' id='word_1_365' title='bbox 3167 1735 3322 1792; x_wconf 88' lang='lat' dir='ltr'><strong>enim</strong></span> <span class='ocrx_word' id='word_1_366' title='bbox 3357 1736 3478 1792; x_wconf 70' lang='lat' dir='ltr'><strong>haec</strong></span> <span class='ocrx_word' id='word_1_367' title='bbox 3507 1742 3632 1795; x_wconf 89' lang='lat' dir='ltr'><strong>tota</strong></span> 
     </span>
    </p>
   </div>
   <div class='ocr_carea' id='block_1_49' title="bbox 1978 1821 2276 1877">
    <p class='ocr_par' dir='ltr' id='par_1_49' title="bbox 1978 1821 2276 1877">
     <span class='ocr_line' id='line_1_49' title="bbox 1978 1821 2276 1877; baseline 0.003 -1"><span class='ocrx_word' id='word_1_368' title='bbox 1978 1821 2276 1877; x_wconf 88' lang='lat' dir='ltr'><strong>dicuntur.</strong></span> 
     </span>
    </p>
   </div>
   <div class='ocr_carea' id='block_1_50' title="bbox 2050 1910 3628 1984">
    <p class='ocr_par' dir='ltr' id='par_1_50' title="bbox 2050 1910 3628 1984">
     <span class='ocr_line' id='line_1_50' title="bbox 2050 1910 3628 1984; baseline 0.005 -19"><span class='ocrx_word' id='word_1_369' title='bbox 2050 1910 2124 1965; x_wconf 82' lang='lat' dir='ltr'><strong>Ac</strong></span> <span class='ocrx_word' id='word_1_370' title='bbox 2149 1911 2272 1966; x_wconf 85' lang='lat' dir='ltr'><strong>sine</strong></span> <span class='ocrx_word' id='word_1_371' title='bbox 2301 1926 2408 1967; x_wconf 83' lang='lat' dir='ltr'><strong>uno</strong></span> <span class='ocrx_word' id='word_1_372' title='bbox 2437 1912 2681 1984; x_wconf 82' lang='lat' dir='ltr'><strong>quidem.</strong></span> <span class='ocrx_word' id='word_1_373' title='bbox 2714 1912 3000 1976; x_wconf 86' lang='lat' dir='ltr'><strong>Quoniam</strong></span> <span class='ocrx_word' id='word_1_374' title='bbox 3050 1930 3224 1971; x_wconf 86' lang='lat' dir='ltr'><strong>unum</strong></span> <span class='ocrx_word' id='word_1_375' title='bbox 3252 1914 3487 1972; x_wconf 86' lang='lat' dir='ltr'><strong>videtur</strong></span> <span class='ocrx_word' id='word_1_376' title='bbox 3530 1917 3628 1973; x_wconf 86' lang='lat' dir='ltr'><strong>ba-</strong></span> 
     </span>
    </p>
   </div>
   <div class='ocr_carea' id='block_1_51' title="bbox 1975 2000 3629 2074">
    <p class='ocr_par' dir='ltr' id='par_1_51' title="bbox 1975 2000 3629 2074">
     <span class='ocr_line' id='line_1_51' title="bbox 1975 2000 3629 2074; baseline 0.004 -19"><span class='ocrx_word' id='word_1_377' title='bbox 1975 2000 2114 2056; x_wconf 88' lang='lat' dir='ltr'><strong>bere</strong></span> <span class='ocrx_word' id='word_1_378' title='bbox 2197 2001 2616 2058; x_wconf 84' lang='lat' dir='ltr'><strong>connexionem</strong></span> <span class='ocrx_word' id='word_1_379' title='bbox 2695 2004 3012 2074; x_wconf 84' lang='lat' dir='ltr'><strong>quamdam</strong></span> <span class='ocrx_word' id='word_1_380' title='bbox 3095 2021 3228 2060; x_wconf 88' lang='lat' dir='ltr'><strong>cum</strong></span> <span class='ocrx_word' id='word_1_381' title='bbox 3335 2021 3580 2064; x_wconf 89' lang='lat' dir='ltr'><strong>numero</strong></span> <span class='ocrx_word' id='word_1_382' title='bbox 3615 2048 3629 2074; x_wconf 93' lang='lat'><strong>,</strong></span> 
     </span>
    </p>
   </div>
   <div class='ocr_carea' id='block_1_52' title="bbox 1978 2090 3634 2160">
    <p class='ocr_par' dir='ltr' id='par_1_52' title="bbox 1978 2090 3634 2160">
     <span class='ocr_line' id='line_1_52' title="bbox 1978 2090 3634 2160; baseline 0.004 -15"><span class='ocrx_word' id='word_1_383' title='bbox 1978 2090 2106 2146; x_wconf 87' lang='lat' dir='ltr'><strong>sine</strong></span> <span class='ocrx_word' id='word_1_384' title='bbox 2138 2106 2255 2145; x_wconf 91' lang='lat' dir='ltr'><strong>uno</strong></span> <span class='ocrx_word' id='word_1_385' title='bbox 2288 2106 2404 2146; x_wconf 91' lang='lat' dir='ltr'><strong>non</strong></span> <span class='ocrx_word' id='word_1_386' title='bbox 2449 2096 2604 2147; x_wconf 87' lang='lat' dir='ltr'><strong>esset</strong></span> <span class='ocrx_word' id='word_1_387' title='bbox 2635 2109 2922 2148; x_wconf 89' lang='lat' dir='ltr'><strong>numerus</strong></span> <span class='ocrx_word' id='word_1_388' title='bbox 2967 2111 2979 2160; x_wconf 92' lang='lat'><strong>;</strong></span> <span class='ocrx_word' id='word_1_389' title='bbox 3031 2110 3170 2149; x_wconf 89' lang='lat' dir='ltr'><strong>nam</strong></span> <span class='ocrx_word' id='word_1_390' title='bbox 3219 2095 3445 2150; x_wconf 90' lang='lat' dir='ltr'><strong>numeri</strong></span> <span class='ocrx_word' id='word_1_391' title='bbox 3495 2101 3634 2152; x_wconf 90' lang='lat' dir='ltr'><strong>sunt</strong></span> 
     </span>
    </p>
   </div>
   <div class='ocr_carea' id='block_1_53' title="bbox 1975 2179 3637 2257">
    <p class='ocr_par' dir='ltr' id='par_1_53' title="bbox 1975 2179 3637 2257">
     <span class='ocr_line' id='line_1_53' title="bbox 1975 2179 3637 2257; baseline 0.004 -22"><span class='ocrx_word' id='word_1_392' title='bbox 1975 2179 2328 2250; x_wconf 83' lang='lat' dir='ltr'><strong>compositio</strong></span> <span class='ocrx_word' id='word_1_393' title='bbox 2360 2179 2606 2236; x_wconf 80' lang='lat' dir='ltr'><strong>unitatis</strong></span> <span class='ocrx_word' id='word_1_394' title='bbox 2637 2180 2697 2236; x_wconf 90' lang='lat' dir='ltr'><strong>in</strong></span> <span class='ocrx_word' id='word_1_395' title='bbox 2723 2180 3127 2249; x_wconf 82' lang='lat' dir='ltr'><strong>multitudine,</strong></span> <span class='ocrx_word' id='word_1_396' title='bbox 3163 2185 3315 2255; x_wconf 89' lang='lat' dir='ltr'><strong>quod</strong></span> <span class='ocrx_word' id='word_1_397' title='bbox 3347 2201 3530 2257; x_wconf 85' lang='lat' dir='ltr'><strong>supra</strong></span> <span class='ocrx_word' id='word_1_398' title='bbox 3551 2187 3637 2241; x_wconf 92' lang='lat' dir='ltr'><strong>di-</strong></span> 
     </span>
    </p>
   </div>
   <div class='ocr_carea' id='block_1_54' title="bbox 1974 2267 3630 2341">
    <p class='ocr_par' dir='ltr' id='par_1_54' title="bbox 1974 2267 3630 2341">
     <span class='ocr_line' id='line_1_54' title="bbox 1974 2267 3630 2341; baseline 0.005 -19"><span class='ocrx_word' id='word_1_399' title='bbox 1974 2267 2080 2334; x_wconf 81' lang='lat' dir='ltr'><strong>xit,</strong></span> <span class='ocrx_word' id='word_1_400' title='bbox 2111 2268 2285 2323; x_wconf 84' lang='lat' dir='ltr'><strong>Deum</strong></span> <span class='ocrx_word' id='word_1_401' title='bbox 2322 2270 2712 2340; x_wconf 79' lang='lat' dir='ltr'><strong>multiplicari,</strong></span> <span class='ocrx_word' id='word_1_402' title='bbox 2745 2271 2913 2341; x_wconf 79' lang='lat' dir='ltr'><strong>quasi</strong></span> <span class='ocrx_word' id='word_1_403' title='bbox 2948 2287 3014 2326; x_wconf 81' lang='lat' dir='ltr'><strong>ex</strong></span> <span class='ocrx_word' id='word_1_404' title='bbox 3037 2271 3630 2330; x_wconf 86' lang='lat' dir='ltr'><strong>arithmeticaintelli-</strong></span> 
     </span>
    </p>
   </div>
   <div class='ocr_carea' id='block_1_55' title="bbox 1975 2360 3462 2432">
    <p class='ocr_par' dir='ltr' id='par_1_55' title="bbox 1975 2360 3462 2432">
     <span class='ocr_line' id='line_1_55' title="bbox 1975 2360 3462 2432; baseline 0.001 -18"><span class='ocrx_word' id='word_1_405' title='bbox 1975 2361 2210 2430; x_wconf 84' lang='lat' dir='ltr'><strong>geretur</strong></span> <span class='ocrx_word' id='word_1_406' title='bbox 2243 2373 2256 2413; x_wconf 92' lang='lat'><strong>:</strong></span> <span class='ocrx_word' id='word_1_407' title='bbox 2292 2374 2477 2414; x_wconf 90' lang='lat' dir='ltr'><strong>unum</strong></span> <span class='ocrx_word' id='word_1_408' title='bbox 2510 2375 2642 2415; x_wconf 90' lang='lat' dir='ltr'><strong>vero</strong></span> <span class='ocrx_word' id='word_1_409' title='bbox 2660 2363 2716 2414; x_wconf 89' lang='lat' dir='ltr'><strong>et</strong></span> <span class='ocrx_word' id='word_1_410' title='bbox 2745 2360 2940 2432; x_wconf 87' lang='lat' dir='ltr'><strong>seipse</strong></span> <span class='ocrx_word' id='word_1_411' title='bbox 2971 2361 3238 2416; x_wconf 84' lang='lat' dir='ltr'><strong>substitit</strong></span> <span class='ocrx_word' id='word_1_412' title='bbox 3266 2366 3323 2416; x_wconf 87' lang='lat' dir='ltr'><strong>et</strong></span> <span class='ocrx_word' id='word_1_413' title='bbox 3351 2368 3462 2418; x_wconf 91' lang='lat' dir='ltr'><strong>est.</strong></span> 
     </span>
    </p>
   </div>
   <div class='ocr_carea' id='block_1_56' title="bbox 2049 2449 3627 2523">
    <p class='ocr_par' dir='ltr' id='par_1_56' title="bbox 2049 2449 3627 2523">
     <span class='ocr_line' id='line_1_56' title="bbox 2049 2449 3627 2523; baseline 0.003 -19"><span class='ocrx_word' id='word_1_414' title='bbox 2049 2451 2111 2504; x_wconf 81' lang='lat' dir='ltr'><strong>Et</strong></span> <span class='ocrx_word' id='word_1_415' title='bbox 2156 2451 2207 2505; x_wconf 86' lang='lat' dir='ltr'><strong>si</strong></span> <span class='ocrx_word' id='word_1_416' title='bbox 2254 2449 2380 2521; x_wconf 80' lang='lat' dir='ltr'><strong>quis</strong></span> <span class='ocrx_word' id='word_1_417' title='bbox 2438 2450 2692 2506; x_wconf 83' lang='lat' dir='ltr'><strong>omnibus</strong></span> <span class='ocrx_word' id='word_1_418' title='bbox 2728 2451 2935 2507; x_wconf 80' lang='lat' dir='ltr'><strong>omnia.</strong></span> <span class='ocrx_word' id='word_1_419' title='bbox 2999 2451 3147 2507; x_wconf 90' lang='lat' dir='ltr'><strong>Illud</strong></span> <span class='ocrx_word' id='word_1_420' title='bbox 3207 2451 3466 2516; x_wconf 84' lang='grc' dir='ltr'>ὑποθοῖτό</span> <span class='ocrx_word' id='word_1_421' title='bbox 3519 2475 3627 2523; x_wconf 90' lang='grc' dir='ltr'>τις,</span> 
     </span>
    </p>
   </div>
   <div class='ocr_carea' id='block_1_57' title="bbox 1975 2540 3632 2617">
    <p class='ocr_par' dir='ltr' id='par_1_57' title="bbox 1975 2540 3632 2617">
     <span class='ocr_line' id='line_1_57' title="bbox 1975 2540 3632 2617; baseline 0.002 -21"><span class='ocrx_word' id='word_1_422' title='bbox 1975 2541 2179 2612; x_wconf 77' lang='lat' dir='ltr'><strong>aliquis</strong></span> <span class='ocrx_word' id='word_1_423' title='bbox 2207 2545 2493 2611; x_wconf 75' lang='lat' dir='ltr'><strong>supponat,</strong></span> <span class='ocrx_word' id='word_1_424' title='bbox 2516 2541 2602 2595; x_wconf 91' lang='lat' dir='ltr'><strong>vel</strong></span> <span class='ocrx_word' id='word_1_425' title='bbox 2637 2540 2780 2597; x_wconf 93' lang='lat' dir='ltr'><strong>illud</strong></span> <span class='ocrx_word' id='word_1_426' title='bbox 2811 2559 2880 2598; x_wconf 70' lang='lat' dir='ltr'><strong>ex</strong></span> <span class='ocrx_word' id='word_1_427' title='bbox 2907 2543 3278 2614; x_wconf 77' lang='lat' dir='ltr'><strong>suppositione</strong></span> <span class='ocrx_word' id='word_1_428' title='bbox 3309 2549 3632 2617; x_wconf 75' lang='lat' dir='ltr'><strong>usurpatur</strong></span> 
     </span>
    </p>
   </div>
   <div class='ocr_carea' id='block_1_58' title="bbox 1978 2629 3629 2703">
    <p class='ocr_par' dir='ltr' id='par_1_58' title="bbox 1978 2629 3629 2703">
     <span class='ocr_line' id='line_1_58' title="bbox 1978 2629 3629 2703; baseline 0.003 -20"><span class='ocrx_word' id='word_1_429' title='bbox 1978 2629 2036 2684; x_wconf 93' lang='lat' dir='ltr'><strong>in</strong></span> <span class='ocrx_word' id='word_1_430' title='bbox 2068 2629 2142 2686; x_wconf 90' lang='lat' dir='ltr'><strong>iis</strong></span> <span class='ocrx_word' id='word_1_431' title='bbox 2173 2646 2298 2701; x_wconf 63' lang='lat' dir='ltr'><strong>qua:</strong></span> <span class='ocrx_word' id='word_1_432' title='bbox 2328 2629 2524 2702; x_wconf 88' lang='lat' dir='ltr'><strong>reipsa</strong></span> <span class='ocrx_word' id='word_1_433' title='bbox 2549 2646 2678 2686; x_wconf 88' lang='lat' dir='ltr'><strong>esse</strong></span> <span class='ocrx_word' id='word_1_434' title='bbox 2727 2635 3050 2703; x_wconf 76' lang='lat' dir='ltr'><strong>nequeunt,</strong></span> <span class='ocrx_word' id='word_1_435' title='bbox 3106 2632 3208 2687; x_wconf 88' lang='lat' dir='ltr'><strong>sed</strong></span> <span class='ocrx_word' id='word_1_436' title='bbox 3263 2633 3488 2690; x_wconf 88' lang='lat' dir='ltr'><strong>ratione</strong></span> <span class='ocrx_word' id='word_1_437' title='bbox 3520 2635 3629 2688; x_wconf 80' lang='lat' dir='ltr'><strong>[in-</strong></span> 
     </span>
    </p>
   </div>
   <div class='ocr_carea' id='block_1_59' title="bbox 1975 2718 3625 2790">
    <p class='ocr_par' dir='ltr' id='par_1_59' title="bbox 1975 2718 3625 2790">
     <span class='ocr_line' id='line_1_59' title="bbox 1975 2718 3625 2790; baseline 0.002 -16"><span class='ocrx_word' id='word_1_438' title='bbox 1975 2723 2195 2790; x_wconf 85' lang='lat' dir='ltr'><strong>guntur</strong></span> <span class='ocrx_word' id='word_1_439' title='bbox 2229 2737 2242 2774; x_wconf 89' lang='lat'><strong>:</strong></span> <span class='ocrx_word' id='word_1_440' title='bbox 2275 2733 2477 2774; x_wconf 88' lang='lat' dir='ltr'><strong>verum</strong></span> <span class='ocrx_word' id='word_1_441' title='bbox 2508 2718 2618 2774; x_wconf 88' lang='lat' dir='ltr'><strong>hoc</strong></span> <span class='ocrx_word' id='word_1_442' title='bbox 2649 2718 2774 2776; x_wconf 93' lang='lat' dir='ltr'><strong>loco</strong></span> <span class='ocrx_word' id='word_1_443' title='bbox 2829 2736 2942 2776; x_wconf 90' lang='lat' dir='ltr'><strong>non</strong></span> <span class='ocrx_word' id='word_1_444' title='bbox 2983 2720 3067 2775; x_wconf 89' lang='lat' dir='ltr'><strong>ita</strong></span> <span class='ocrx_word' id='word_1_445' title='bbox 3118 2723 3475 2778; x_wconf 89' lang='lat' dir='ltr'><strong>sumendum</strong></span> <span class='ocrx_word' id='word_1_446' title='bbox 3517 2729 3625 2789; x_wconf 85' lang='lat' dir='ltr'><strong>est,</strong></span> 
     </span>
    </p>
   </div>
   <div class='ocr_carea' id='block_1_60' title="bbox 1978 2807 3628 2883">
    <p class='ocr_par' dir='ltr' id='par_1_60' title="bbox 1978 2807 3628 2883">
     <span class='ocr_line' id='line_1_60' title="bbox 1978 2807 3628 2883; baseline 0.003 -21"><span class='ocrx_word' id='word_1_447' title='bbox 1978 2823 2116 2863; x_wconf 90' lang='lat' dir='ltr'><strong>nam</strong></span> <span class='ocrx_word' id='word_1_448' title='bbox 2145 2807 2254 2863; x_wconf 88' lang='lat' dir='ltr'><strong>hoc</strong></span> <span class='ocrx_word' id='word_1_449' title='bbox 2283 2807 2456 2864; x_wconf 89' lang='lat' dir='ltr'><strong>verbo</strong></span> <span class='ocrx_word' id='word_1_450' title='bbox 2486 2809 2703 2865; x_wconf 91' lang='lat' dir='ltr'><strong>mentis</strong></span> <span class='ocrx_word' id='word_1_451' title='bbox 2748 2810 3086 2881; x_wconf 87' lang='lat' dir='ltr'><strong>ponendum</strong></span> <span class='ocrx_word' id='word_1_452' title='bbox 3117 2815 3354 2883; x_wconf 84' lang='lat' dir='ltr'><strong>propter</strong></span> <span class='ocrx_word' id='word_1_453' title='bbox 3383 2812 3628 2868; x_wconf 87' lang='lat' dir='ltr'><strong>creatio-</strong></span> 
     </span>
    </p>
   </div>
   <div class='ocr_carea' id='block_1_61' title="bbox 1977 2895 3626 2971">
    <p class='ocr_par' dir='ltr' id='par_1_61' title="bbox 1977 2895 3626 2971">
     <span class='ocr_line' id='line_1_61' title="bbox 1977 2895 3626 2971; baseline 0.003 -21"><span class='ocrx_word' id='word_1_454' title='bbox 1977 2896 2070 2950; x_wconf 89' lang='lat' dir='ltr'><strong>nis</strong></span> <span class='ocrx_word' id='word_1_455' title='bbox 2101 2895 2493 2962; x_wconf 84' lang='lat' dir='ltr'><strong>identitatem,</strong></span> <span class='ocrx_word' id='word_1_456' title='bbox 2526 2901 2585 2952; x_wconf 92' lang='lat' dir='ltr'><strong>et</strong></span> <span class='ocrx_word' id='word_1_457' title='bbox 2614 2896 2752 2969; x_wconf 90' lang='lat' dir='ltr'><strong>quia</strong></span> <span class='ocrx_word' id='word_1_458' title='bbox 2780 2901 2970 2954; x_wconf 89' lang='lat' dir='ltr'><strong>totum</strong></span> <span class='ocrx_word' id='word_1_459' title='bbox 3019 2899 3080 2954; x_wconf 92' lang='lat' dir='ltr'><strong>in</strong></span> <span class='ocrx_word' id='word_1_460' title='bbox 3130 2900 3402 2971; x_wconf 85' lang='lat' dir='ltr'><strong>partibus</strong></span> <span class='ocrx_word' id='word_1_461' title='bbox 3435 2901 3626 2957; x_wconf 87' lang='lat' dir='ltr'><strong>consi-</strong></span> 
     </span>
    </p>
   </div>
   <div class='ocr_carea' id='block_1_62' title="bbox 1978 2983 2814 3054">
    <p class='ocr_par' dir='ltr' id='par_1_62' title="bbox 1978 2983 2814 3054">
     <span class='ocr_line' id='line_1_62' title="bbox 1978 2983 2814 3054; baseline 0.002 -16"><span class='ocrx_word' id='word_1_462' title='bbox 1978 2983 2238 3051; x_wconf 89' lang='lat' dir='ltr'><strong>deratur,</strong></span> <span class='ocrx_word' id='word_1_463' title='bbox 2273 2989 2330 3040; x_wconf 90' lang='lat' dir='ltr'><strong>et</strong></span> <span class='ocrx_word' id='word_1_464' title='bbox 2360 2988 2554 3054; x_wconf 89' lang='lat' dir='ltr'><strong>partes</strong></span> <span class='ocrx_word' id='word_1_465' title='bbox 2582 2985 2640 3040; x_wconf 92' lang='lat' dir='ltr'><strong>in</strong></span> <span class='ocrx_word' id='word_1_466' title='bbox 2673 2989 2814 3041; x_wconf 87' lang='lat' dir='ltr'><strong>toto.</strong></span> 
     </span>
    </p>
   </div>
   <div class='ocr_carea' id='block_1_63' title="bbox 2054 3074 3631 3150">
    <p class='ocr_par' dir='ltr' id='par_1_63' title="bbox 2054 3074 3631 3150">
     <span class='ocr_line' id='line_1_63' title="bbox 2054 3074 3631 3150; baseline 0.004 -20"><span class='ocrx_word' id='word_1_467' title='bbox 2054 3075 2115 3130; x_wconf 81' lang='lat' dir='ltr'><strong>Ut</strong></span> <span class='ocrx_word' id='word_1_468' title='bbox 2173 3074 2470 3128; x_wconf 82' lang='lat' dir='ltr'><strong>secundum</strong></span> <span class='ocrx_word' id='word_1_469' title='bbox 2526 3075 2962 3147; x_wconf 75' lang='lat' dir='ltr'><strong>uniuscujusque</strong></span> <span class='ocrx_word' id='word_1_470' title='bbox 3028 3079 3266 3148; x_wconf 80' lang='lat' dir='ltr'><strong>speciem</strong></span> <span class='ocrx_word' id='word_1_471' title='bbox 3309 3093 3631 3150; x_wconf 59' lang='lat' dir='ltr'><strong>praeceptae-</strong></span> 
     </span>
    </p>
   </div>
   <div class='ocr_carea' id='block_1_64' title="bbox 1972 3161 3627 3237">
    <p class='ocr_par' dir='ltr' id='par_1_64' title="bbox 1972 3161 3627 3237">
     <span class='ocr_line' id='line_1_64' title="bbox 1972 3161 3627 3237; baseline 0.004 -21"><span class='ocrx_word' id='word_1_472' title='bbox 1972 3169 2147 3232; x_wconf 80' lang='lat' dir='ltr'><strong>plam.</strong></span> <span class='ocrx_word' id='word_1_473' title='bbox 2173 3161 2318 3228; x_wconf 88' lang='lat' dir='ltr'><strong>Nisi,</strong></span> <span class='ocrx_word' id='word_1_474' title='bbox 2352 3163 2566 3233; x_wconf 89' lang='lat' dir='ltr'><strong>inquit,</strong></span> <span class='ocrx_word' id='word_1_475' title='bbox 2591 3163 3142 3237; x_wconf 86' lang='lat' dir='ltr'><strong>priusintelligatur</strong></span> <span class='ocrx_word' id='word_1_476' title='bbox 3189 3166 3416 3237; x_wconf 88' lang='lat' dir='ltr'><strong>species</strong></span> <span class='ocrx_word' id='word_1_477' title='bbox 3438 3167 3627 3223; x_wconf 87' lang='lat' dir='ltr'><strong>homi-</strong></span> 
     </span>
    </p>
   </div>
   <div class='ocr_carea' id='block_1_65' title="bbox 209 3224 1864 3325">
    <p class='ocr_par' dir='ltr' id='par_1_65' title="bbox 209 3242 1864 3325">
     <span class='ocr_line' id='line_1_65' title="bbox 209 3242 1864 3325; baseline -0.002 -21"><span class='ocrx_word' id='word_1_478' title='bbox 209 3249 392 3325; x_wconf 74' lang='grc' dir='ltr'>ἤγουν</span> <span class='ocrx_word' id='word_1_479' title='bbox 438 3250 472 3318; x_wconf 85' lang='grc' dir='ltr'><strong>ἡ</strong></span> <span class='ocrx_word' id='word_1_480' title='bbox 529 3246 708 3325; x_wconf 69' lang='grc' dir='ltr'>φῦσις,</span> <span class='ocrx_word' id='word_1_481' title='bbox 768 3245 867 3301; x_wconf 66' lang='grc' dir='ltr'>οὐκ</span> <span class='ocrx_word' id='word_1_482' title='bbox 917 3243 976 3301; x_wconf 73' lang='grc' dir='ltr'>ἄν</span> <span class='ocrx_word' id='word_1_483' title='bbox 1034 3267 1118 3308; x_wconf 91' lang='grc' dir='ltr'><strong>τις</strong></span> <span class='ocrx_word' id='word_1_484' title='bbox 1170 3242 1313 3300; x_wconf 75' lang='grc' dir='ltr'>εἷ’ποι</span> <span class='ocrx_word' id='word_1_485' title='bbox 1361 3247 1489 3308; x_wconf 81' lang='grc' dir='ltr'>τοὺς</span> <span class='ocrx_word' id='word_1_486' title='bbox 1543 3245 1864 3321; x_wconf 84' lang='grc' dir='ltr'>ἀνθρώπους</span> 
     </span>
    </p>
   </div>
   <div class='ocr_carea' id='block_1_66' title="bbox 1988 3224 3626 3325">
    <p class='ocr_par' dir='ltr' id='par_1_66' title="bbox 1988 3253 3626 3324">
     <span class='ocr_line' id='line_1_66' title="bbox 1988 3253 3626 3324; baseline 0.002 -13"><span class='ocrx_word' id='word_1_487' title='bbox 1988 3255 2069 3311; x_wconf 83' lang='lat' dir='ltr'><strong>nis</strong></span> <span class='ocrx_word' id='word_1_488' title='bbox 2102 3271 2204 3310; x_wconf 89' lang='lat' dir='ltr'><strong>seu</strong></span> <span class='ocrx_word' id='word_1_489' title='bbox 2239 3260 2472 3324; x_wconf 90' lang='lat' dir='ltr'><strong>natura,</strong></span> <span class='ocrx_word' id='word_1_490' title='bbox 2517 3253 2716 3310; x_wconf 91' lang='lat' dir='ltr'><strong>nullus</strong></span> <span class='ocrx_word' id='word_1_491' title='bbox 2773 3255 2982 3311; x_wconf 87' lang='lat' dir='ltr'><strong>dixerit</strong></span> <span class='ocrx_word' id='word_1_492' title='bbox 3040 3255 3310 3312; x_wconf 87' lang='lat' dir='ltr'><strong>homines</strong></span> <span class='ocrx_word' id='word_1_493' title='bbox 3361 3257 3512 3313; x_wconf 92' lang='lat' dir='ltr'><strong>inter</strong></span> <span class='ocrx_word' id='word_1_494' title='bbox 3567 3275 3626 3315; x_wconf 91' lang='lat' dir='ltr'><strong>se</strong></span> 
     </span>
    </p>
   </div>
   <div class='ocr_carea' id='block_1_67' title="bbox 211 3332 1868 3408">
    <p class='ocr_par' dir='ltr' id='par_1_67' title="bbox 211 3332 1868 3408">
     <span class='ocr_line' id='line_1_67' title="bbox 211 3332 1868 3408; baseline -0.001 -15"><span class='ocrx_word' id='word_1_495' title='bbox 211 3341 466 3408; x_wconf 75' lang='grc' dir='ltr'>ἡνῶσθαι</span> <span class='ocrx_word' id='word_1_496' title='bbox 498 3334 862 3407; x_wconf 80' lang='grc' dir='ltr'>ἁλλήλους¹⁹⁶</span> <span class='ocrx_word' id='word_1_497' title='bbox 897 3332 1066 3405; x_wconf 80' lang='grc' dir='ltr'>δῆλον</span> <span class='ocrx_word' id='word_1_498' title='bbox 1103 3332 1159 3390; x_wconf 74' lang='grc' dir='ltr'>δὲ</span> <span class='ocrx_word' id='word_1_499' title='bbox 1189 3334 1272 3390; x_wconf 81' lang='grc' dir='ltr'><strong>ὅτι</strong></span> <span class='ocrx_word' id='word_1_500' title='bbox 1299 3337 1414 3390; x_wconf 83' lang='grc' dir='ltr'>κατ’</span> <span class='ocrx_word' id='word_1_501' title='bbox 1447 3335 1604 3391; x_wconf 80' lang='grc' dir='ltr'>αὐτὸν</span> <span class='ocrx_word' id='word_1_502' title='bbox 1653 3336 1744 3391; x_wconf 88' lang='grc' dir='ltr'><strong>τὸν</strong></span> <span class='ocrx_word' id='word_1_503' title='bbox 1771 3343 1868 3406; x_wconf 84' lang='grc' dir='ltr'>τῆς</span> 
     </span>
    </p>
   </div>
   <div class='ocr_carea' id='block_1_68' title="bbox 212 3425 649 3504">
    <p class='ocr_par' dir='ltr' id='par_1_68' title="bbox 212 3425 649 3504">
     <span class='ocr_line' id='line_1_68' title="bbox 212 3425 649 3504; baseline -0.002 -23"><span class='ocrx_word' id='word_1_504' title='bbox 212 3427 434 3504; x_wconf 69' lang='grc' dir='ltr'>φύσεως</span> <span class='ocrx_word' id='word_1_505' title='bbox 464 3425 649 3501; x_wconf 82' lang='grc' dir='ltr'>λόγον.</span> 
     </span>
    </p>
   </div>
   <div class='ocr_carea' id='block_1_69' title="bbox 281 3511 1865 3587">
    <p class='ocr_par' dir='ltr' id='par_1_69' title="bbox 281 3511 1865 3587">
     <span class='ocr_line' id='line_1_69' title="bbox 281 3511 1782 3570; baseline 0 -1"><span class='ocrx_word' id='word_1_506' title='bbox 281 3513 638 3569; x_wconf 74' lang='grc' dir='ltr'>Κ“ἷ”λ</span> <span class='ocrx_word' id='word_1_507' title='bbox 828 3511 1115 3570; x_wconf 63' lang='lat' dir='ltr'><strong>&quot;&quot;O&quot;</strong></span> <span class='ocrx_word' id='word_1_508' title='bbox 1288 3513 1496 3533; x_wconf 59' lang='grc'><strong>’⁸⁸</strong></span> <span class='ocrx_word' id='word_1_509' title='bbox 1667 3514 1782 3569; x_wconf 77' lang='grc' dir='ltr'><strong>θέ</strong></span> 
     </span>
     <span class='ocr_line' id='line_1_70' title="bbox 330 3533 1865 3587; baseline 0.001 -19"><span class='ocrx_word' id='word_1_510' title='bbox 330 3535 438 3569; x_wconf 73' lang='lat' dir='ltr'><strong>ast</strong></span> <span class='ocrx_word' id='word_1_511' title='bbox 518 3535 734 3578; x_wconf 83' lang='grc' dir='ltr'>ανε.οις</span> <span class='ocrx_word' id='word_1_512' title='bbox 789 3535 851 3568; x_wconf 86' lang='grc' dir='ltr'>το</span> <span class='ocrx_word' id='word_1_513' title='bbox 904 3535 978 3570; x_wconf 69' lang='grc' dir='ltr'>ιν.</span> <span class='ocrx_word' id='word_1_514' title='bbox 1088 3534 1198 3568; x_wconf 87' lang='grc' dir='ltr'><strong>υτω</strong></span> <span class='ocrx_word' id='word_1_515' title='bbox 1252 3534 1312 3568; x_wconf 91' lang='grc' dir='ltr'>το</span> <span class='ocrx_word' id='word_1_516' title='bbox 1371 3533 1534 3587; x_wconf 86' lang='grc' dir='ltr'>ρητον</span> <span class='ocrx_word' id='word_1_517' title='bbox 1567 3535 1657 3568; x_wconf 90' lang='grc' dir='ltr'>συν</span> <span class='ocrx_word' id='word_1_518' title='bbox 1700 3535 1752 3569; x_wconf 82' lang='grc' dir='ltr'>ετ</span> <span class='ocrx_word' id='word_1_519' title='bbox 1785 3537 1865 3583; x_wconf 94' lang='grc' dir='ltr'>ον,</span> 
     </span>
    </p>
   </div>
   <div class='ocr_carea' id='block_1_70' title="bbox 209 3599 1864 3677">
    <p class='ocr_par' dir='ltr' id='par_1_70' title="bbox 209 3599 1864 3677">
     <span class='ocr_line' id='line_1_71' title="bbox 209 3599 1864 3677; baseline -0.001 -18"><span class='ocrx_word' id='word_1_520' title='bbox 209 3605 292 3659; x_wconf 76' lang='grc' dir='ltr'>ὅτι</span> <span class='ocrx_word' id='word_1_521' title='bbox 328 3605 576 3673; x_wconf 64' lang='grc' dir='ltr'>ἡνῶσθαι</span> <span class='ocrx_word' id='word_1_522' title='bbox 625 3600 837 3677; x_wconf 76' lang='grc' dir='ltr'>λξγεται</span> <span class='ocrx_word' id='word_1_523' title='bbox 868 3601 934 3656; x_wconf 76' lang='grc' dir='ltr'><strong>τὰ</strong></span> <span class='ocrx_word' id='word_1_524' title='bbox 963 3602 1220 3674; x_wconf 69' lang='grc' dir='ltr'>ἡνωμένα</span> <span class='ocrx_word' id='word_1_525' title='bbox 1265 3605 1383 3656; x_wconf 81' lang='grc' dir='ltr'>κατ’</span> <span class='ocrx_word' id='word_1_526' title='bbox 1440 3599 1582 3664; x_wconf 79' lang='grc' dir='ltr'>εἶδος</span> <span class='ocrx_word' id='word_1_527' title='bbox 1640 3623 1864 3677; x_wconf 82' lang='grc' dir='ltr'>προεπι-</span> 
     </span>
    </p>
   </div>
   <div class='ocr_carea' id='block_1_71' title="bbox 209 3690 1872 3766">
    <p class='ocr_par' dir='ltr' id='par_1_71' title="bbox 209 3690 1872 3766">
     <span class='ocr_line' id='line_1_72' title="bbox 209 3690 1872 3766; baseline -0.001 -19"><span class='ocrx_word' id='word_1_528' title='bbox 209 3693 516 3765; x_wconf 70' lang='grc' dir='ltr'>νοοῦμενον</span> <span class='ocrx_word' id='word_1_529' title='bbox 570 3690 684 3752; x_wconf 69' lang='grc' dir='ltr'>ἑνὸς</span> <span class='ocrx_word' id='word_1_530' title='bbox 760 3690 1026 3745; x_wconf 72' lang='grc' dir='ltr'>ἑκάστου·</span> <span class='ocrx_word' id='word_1_531' title='bbox 1097 3691 1434 3766; x_wconf 80' lang='grc' dir='ltr'>προείπομεν</span> <span class='ocrx_word' id='word_1_532' title='bbox 1482 3692 1607 3766; x_wconf 74' lang='grc' dir='ltr'>γὰρ,</span> <span class='ocrx_word' id='word_1_533' title='bbox 1666 3694 1747 3746; x_wconf 79' lang='grc' dir='ltr'>ὅτι</span> <span class='ocrx_word' id='word_1_534' title='bbox 1806 3693 1872 3746; x_wconf 70' lang='grc' dir='ltr'>τὰ</span> 
     </span>
    </p>
   </div>
   <div class='ocr_carea' id='block_1_72' title="bbox 210 3777 1869 3854">
    <p class='ocr_par' dir='ltr' id='par_1_72' title="bbox 210 3777 1869 3854">
     <span class='ocr_line' id='line_1_73' title="bbox 210 3777 1869 3854; baseline -0.001 -18"><span class='ocrx_word' id='word_1_535' title='bbox 210 3779 328 3851; x_wconf 75' lang='grc' dir='ltr'>εἴδη</span> <span class='ocrx_word' id='word_1_536' title='bbox 386 3780 479 3835; x_wconf 76' lang='grc' dir='ltr'>καὶ</span> <span class='ocrx_word' id='word_1_537' title='bbox 510 3780 576 3834; x_wconf 68' lang='grc' dir='ltr'>τὰ</span> <span class='ocrx_word' id='word_1_538' title='bbox 605 3777 791 3834; x_wconf 78' lang='grc' dir='ltr'>πολλά</span> <span class='ocrx_word' id='word_1_539' title='bbox 822 3780 1098 3854; x_wconf 85' lang='grc' dir='ltr'>στοιχεῖόν</span> <span class='ocrx_word' id='word_1_540' title='bbox 1127 3801 1179 3834; x_wconf 88' lang='grc' dir='ltr'><strong>τι</strong></span> <span class='ocrx_word' id='word_1_541' title='bbox 1209 3779 1296 3834; x_wconf 82' lang='grc' dir='ltr'><strong>καὶ</strong></span> <span class='ocrx_word' id='word_1_542' title='bbox 1348 3780 1527 3853; x_wconf 65' lang='grc' dir='ltr'>ἀρχῆν</span> <span class='ocrx_word' id='word_1_543' title='bbox 1579 3780 1642 3834; x_wconf 87' lang='grc' dir='ltr'><strong>τὸ</strong></span> <span class='ocrx_word' id='word_1_544' title='bbox 1671 3777 1725 3834; x_wconf 80' lang='grc' dir='ltr'><strong>ἓν</strong></span> <span class='ocrx_word' id='word_1_545' title='bbox 1757 3779 1869 3835; x_wconf 82' lang='grc' dir='ltr'>ἐπι-</span> 
     </span>
    </p>
   </div>
   <div class='ocr_carea' id='block_1_73' title="bbox 207 3864 1865 3948">
    <p class='ocr_par' dir='ltr' id='par_1_73' title="bbox 207 3864 1865 3948">
     <span class='ocr_line' id='line_1_74' title="bbox 207 3864 1865 3948; baseline 0.001 -25"><span class='ocrx_word' id='word_1_546' title='bbox 207 3873 538 3948; x_wconf 66' lang='grc' dir='ltr'>γράφονται,</span> <span class='ocrx_word' id='word_1_547' title='bbox 591 3867 666 3930; x_wconf 76' lang='grc' dir='ltr'>εἷς</span> <span class='ocrx_word' id='word_1_548' title='bbox 708 3867 864 3943; x_wconf 64' lang='grc' dir='ltr'>γένος</span> <span class='ocrx_word' id='word_1_549' title='bbox 910 3864 968 3923; x_wconf 77' lang='grc' dir='ltr'><strong>’ἐν</strong></span> <span class='ocrx_word' id='word_1_550' title='bbox 1015 3867 1344 3944; x_wconf 81' lang='grc' dir='ltr'>ἀναγόμενα,</span> <span class='ocrx_word' id='word_1_551' title='bbox 1391 3866 1456 3921; x_wconf 74' lang='grc' dir='ltr'>οὗ</span> <span class='ocrx_word' id='word_1_552' title='bbox 1499 3870 1690 3942; x_wconf 80' lang='grc' dir='ltr'>γένους</span> <span class='ocrx_word' id='word_1_553' title='bbox 1749 3867 1865 3940; x_wconf 80' lang='grc' dir='ltr'>εἷ’δη</span> 
     </span>
    </p>
   </div>
   <div class='ocr_carea' id='block_1_74' title="bbox 210 3955 1868 4033">
    <p class='ocr_par' dir='ltr' id='par_1_74' title="bbox 210 3955 1868 4033">
     <span class='ocr_line' id='line_1_75' title="bbox 210 3955 1868 4033; baseline -0.001 -20"><span class='ocrx_word' id='word_1_554' title='bbox 210 3957 338 4013; x_wconf 75' lang='grc' dir='ltr'>εἲσί·</span> <span class='ocrx_word' id='word_1_555' title='bbox 372 3962 546 4014; x_wconf 64' lang='grc' dir='ltr'>ταῦτα</span> <span class='ocrx_word' id='word_1_556' title='bbox 589 3957 689 4033; x_wconf 68' lang='grc' dir='ltr'><strong>γὰρ</strong></span> <span class='ocrx_word' id='word_1_557' title='bbox 736 3959 993 4030; x_wconf 69' lang='grc' dir='ltr'>ἡνωμένα</span> <span class='ocrx_word' id='word_1_558' title='bbox 1043 3956 1188 4029; x_wconf 81' lang='grc' dir='ltr'><strong>αὐτῷ</strong></span> <span class='ocrx_word' id='word_1_559' title='bbox 1228 3961 1307 4029; x_wconf 79' lang='grc' dir='ltr'>τῷ</span> <span class='ocrx_word' id='word_1_560' title='bbox 1357 3955 1510 4026; x_wconf 78' lang='grc' dir='ltr'>εἷ’δει,</span> <span class='ocrx_word' id='word_1_561' title='bbox 1543 3958 1653 4012; x_wconf 83' lang='grc' dir='ltr'>οἷον</span> <span class='ocrx_word' id='word_1_562' title='bbox 1680 3956 1868 4027; x_wconf 63' lang='grc' dir='ltr'>ἵπποι,</span> 
     </span>
    </p>
   </div>
   <div class='ocr_carea' id='block_1_75' title="bbox 213 4045 1866 4122">
    <p class='ocr_par' dir='ltr' id='par_1_75' title="bbox 213 4045 1866 4122">
     <span class='ocr_line' id='line_1_76' title="bbox 213 4045 1866 4122; baseline 0 -20"><span class='ocrx_word' id='word_1_563' title='bbox 213 4046 360 4120; x_wconf 75' lang='grc' dir='ltr'>βόες,</span> <span class='ocrx_word' id='word_1_564' title='bbox 395 4046 488 4100; x_wconf 76' lang='grc' dir='ltr'><strong>καὶ</strong></span> <span class='ocrx_word' id='word_1_565' title='bbox 515 4046 581 4101; x_wconf 74' lang='grc' dir='ltr'>τὰ</span> <span class='ocrx_word' id='word_1_566' title='bbox 611 4046 754 4116; x_wconf 69' lang='grc' dir='ltr'>ἑξῆς,</span> <span class='ocrx_word' id='word_1_567' title='bbox 787 4047 920 4120; x_wconf 68' lang='grc' dir='ltr'>ἅπερ</span> <span class='ocrx_word' id='word_1_568' title='bbox 949 4045 1023 4108; x_wconf 82' lang='grc' dir='ltr'>εἷς</span> <span class='ocrx_word' id='word_1_569' title='bbox 1055 4045 1106 4100; x_wconf 79' lang='grc' dir='ltr'>ἕν</span> <span class='ocrx_word' id='word_1_570' title='bbox 1143 4047 1296 4120; x_wconf 73' lang='grc' dir='ltr'>γένος</span> <span class='ocrx_word' id='word_1_571' title='bbox 1330 4045 1632 4122; x_wconf 72' lang='grc' dir='ltr'>ἀνάγονται,</span> <span class='ocrx_word' id='word_1_572' title='bbox 1678 4048 1739 4101; x_wconf 87' lang='grc' dir='ltr'><strong>τὸ</strong></span> <span class='ocrx_word' id='word_1_573' title='bbox 1769 4068 1866 4102; x_wconf 82' lang='grc' dir='ltr'>κα-</span> 
     </span>
    </p>
   </div>
   <div class='ocr_carea' id='block_1_76' title="bbox 209 4132 622 4204">
    <p class='ocr_par' dir='ltr' id='par_1_76' title="bbox 209 4132 622 4204">
     <span class='ocr_line' id='line_1_77' title="bbox 209 4132 622 4204; baseline 0.007 -15"><span class='ocrx_word' id='word_1_574' title='bbox 209 4132 431 4199; x_wconf 71' lang='grc' dir='ltr'>λεῖσθαι</span> <span class='ocrx_word' id='word_1_575' title='bbox 460 4138 622 4204; x_wconf 80' lang='grc' dir='ltr'>ζῶον.</span> 
     </span>
    </p>
   </div>
   <div class='ocr_carea' id='block_1_77' title="bbox 281 4311 1861 4389">
    <p class='ocr_par' dir='ltr' id='par_1_77' title="bbox 281 4311 1861 4389">
     <span class='ocr_line' id='line_1_78' title="bbox 281 4311 1861 4389; baseline 0.003 -23"><span class='ocrx_word' id='word_1_576' title='bbox 281 4314 394 4382; x_wconf 70' lang='grc' dir='ltr'><strong>Τὴν</strong></span> <span class='ocrx_word' id='word_1_577' title='bbox 425 4312 562 4380; x_wconf 78' lang='grc' dir='ltr'>ὅλην</span> <span class='ocrx_word' id='word_1_578' title='bbox 609 4311 888 4387; x_wconf 81' lang='grc' dir='ltr'>θεαρχίαν.</span> <span class='ocrx_word' id='word_1_579' title='bbox 937 4311 1082 4382; x_wconf 75' lang='grc' dir='ltr'>’Ὁλη</span> <span class='ocrx_word' id='word_1_580' title='bbox 1136 4312 1366 4388; x_wconf 79' lang='grc' dir='ltr'>θεαρχία</span> <span class='ocrx_word' id='word_1_581' title='bbox 1411 4315 1446 4382; x_wconf 77' lang='grc' dir='ltr'><strong>ἡ</strong></span> <span class='ocrx_word' id='word_1_582' title='bbox 1496 4314 1728 4389; x_wconf 81' lang='grc' dir='ltr'>παναγία</span> <span class='ocrx_word' id='word_1_583' title='bbox 1775 4318 1861 4370; x_wconf 72' lang='grc' dir='ltr'><strong>καὶ</strong></span> 
     </span>
    </p>
   </div>
   <div class='ocr_carea' id='block_1_78' title="bbox 208 4398 1865 4481">
    <p class='ocr_par' dir='ltr' id='par_1_78' title="bbox 208 4398 1865 4481">
     <span class='ocr_line' id='line_1_79' title="bbox 208 4398 1865 4481; baseline 0.002 -25"><span class='ocrx_word' id='word_1_584' title='bbox 208 4402 569 4477; x_wconf 84' lang='grc' dir='ltr'>προσκυνητή</span> <span class='ocrx_word' id='word_1_585' title='bbox 603 4401 784 4476; x_wconf 74' lang='grc' dir='ltr'>Τριάς·</span> <span class='ocrx_word' id='word_1_586' title='bbox 821 4398 909 4455; x_wconf 73' lang='grc' dir='ltr'><strong>διὰ</strong></span> <span class='ocrx_word' id='word_1_587' title='bbox 939 4399 996 4455; x_wconf 71' lang='grc' dir='ltr'>δὲ</span> <span class='ocrx_word' id='word_1_588' title='bbox 1023 4403 1125 4470; x_wconf 72' lang='grc' dir='ltr'><strong>τήν</strong></span> <span class='ocrx_word' id='word_1_589' title='bbox 1149 4401 1509 4480; x_wconf 72' lang='grc' dir='ltr'>ἀνὲκφραστον</span> <span class='ocrx_word' id='word_1_590' title='bbox 1535 4411 1634 4473; x_wconf 82' lang='grc' dir='ltr'>τῆς</span> <span class='ocrx_word' id='word_1_591' title='bbox 1655 4405 1865 4481; x_wconf 70' lang='grc' dir='ltr'>φύσεως</span> 
     </span>
    </p>
   </div>
   <div class='ocr_carea' id='block_1_79' title="bbox 209 4487 1186 4564">
    <p class='ocr_par' dir='ltr' id='par_1_79' title="bbox 209 4487 1186 4564">
     <span class='ocr_line' id='line_1_80' title="bbox 209 4487 1186 4564; baseline 0.001 -19"><span class='ocrx_word' id='word_1_592' title='bbox 209 4487 429 4560; x_wconf 72' lang='grc' dir='ltr'>ἕνωσιν,</span> <span class='ocrx_word' id='word_1_593' title='bbox 462 4490 491 4545; x_wconf 80' lang='grc' dir='ltr'><strong>ὁ</strong></span> <span class='ocrx_word' id='word_1_594' title='bbox 523 4491 600 4552; x_wconf 81' lang='grc' dir='ltr'>εἷς</span> <span class='ocrx_word' id='word_1_595' title='bbox 630 4489 720 4544; x_wconf 74' lang='grc' dir='ltr'><strong>καὶ</strong></span> <span class='ocrx_word' id='word_1_596' title='bbox 751 4487 804 4544; x_wconf 80' lang='grc' dir='ltr'><strong>ἕν</strong></span> <span class='ocrx_word' id='word_1_597' title='bbox 834 4490 1186 4564; x_wconf 77' lang='grc' dir='ltr'>χρηματίζει.</span> 
     </span>
    </p>
   </div>
   <div class='ocr_carea' id='block_1_80' title="bbox 279 4666 1860 4746">
    <p class='ocr_par' dir='ltr' id='par_1_80' title="bbox 279 4666 1860 4746">
     <span class='ocr_line' id='line_1_81' title="bbox 279 4666 1860 4746; baseline 0.004 -24"><span class='ocrx_word' id='word_1_598' title='bbox 279 4669 494 4746; x_wconf 67' lang='grc' dir='ltr'>Ὑφ’-ης</span> <span class='ocrx_word' id='word_1_599' title='bbox 528 4667 620 4723; x_wconf 66' lang='grc' dir='ltr'><strong>καὶ</strong></span> <span class='ocrx_word' id='word_1_600' title='bbox 650 4666 703 4739; x_wconf 80' lang='grc' dir='ltr'>ἐξ</span> <span class='ocrx_word' id='word_1_601' title='bbox 760 4669 846 4738; x_wconf 78' lang='grc' dir='ltr'>ἧς.</span> <span class='ocrx_word' id='word_1_602' title='bbox 907 4672 1000 4741; x_wconf 86' lang='grc' dir='ltr'>Τῷ</span> <span class='ocrx_word' id='word_1_603' title='bbox 1059 4669 1147 4743; x_wconf 70' lang='grc' dir='ltr'><strong>ὑφ’</strong></span> <span class='ocrx_word' id='word_1_604' title='bbox 1201 4669 1267 4738; x_wconf 73' lang='grc' dir='ltr'>ἧς</span> <span class='ocrx_word' id='word_1_605' title='bbox 1327 4670 1574 4742; x_wconf 69' lang='grc' dir='ltr'>σῦνταξον</span> <span class='ocrx_word' id='word_1_606' title='bbox 1606 4676 1668 4728; x_wconf 88' lang='grc' dir='ltr'><strong>τὸ</strong></span> <span class='ocrx_word' id='word_1_607' title='bbox 1728 4674 1860 4745; x_wconf 75' lang='grc' dir='ltr'>ἐστὶ,</span> 
     </span>
    </p>
   </div>
   <div class='ocr_carea' id='block_1_81' title="bbox 207 4756 1862 4836">
    <p class='ocr_par' dir='ltr' id='par_1_81' title="bbox 207 4756 1862 4836">
     <span class='ocr_line' id='line_1_82' title="bbox 207 4756 1862 4836; baseline 0.005 -26"><span class='ocrx_word' id='word_1_608' title='bbox 207 4758 408 4829; x_wconf 78' lang='grc' dir='ltr'>καὶτῷ</span> <span class='ocrx_word' id='word_1_609' title='bbox 523 4758 592 4826; x_wconf 81' lang='grc' dir='ltr'><strong>ἧς</strong></span> <span class='ocrx_word' id='word_1_610' title='bbox 643 4757 707 4812; x_wconf 89' lang='grc' dir='ltr'><strong>τὸ</strong></span> <span class='ocrx_word' id='word_1_611' title='bbox 765 4756 1134 4830; x_wconf 67' lang='grc' dir='ltr'>συντέτακται,</span> <span class='ocrx_word' id='word_1_612' title='bbox 1162 4758 1252 4812; x_wconf 77' lang='grc' dir='ltr'><strong>καὶ</strong></span> <span class='ocrx_word' id='word_1_613' title='bbox 1309 4764 1388 4831; x_wconf 81' lang='grc' dir='ltr'>τῷ</span> <span class='ocrx_word' id='word_1_614' title='bbox 1434 4757 1505 4814; x_wconf 90' lang='grc' dir='ltr'><strong>δι’</strong></span> <span class='ocrx_word' id='word_1_615' title='bbox 1561 4763 1627 4830; x_wconf 83' lang='grc' dir='ltr'><strong>ἧς</strong></span> <span class='ocrx_word' id='word_1_616' title='bbox 1669 4763 1733 4818; x_wconf 81' lang='grc' dir='ltr'>τὸ</span> <span class='ocrx_word' id='word_1_617' title='bbox 1769 4763 1862 4836; x_wconf 68' lang='grc' dir='ltr'><strong>μὲ-</strong></span> 
     </span>
    </p>
   </div>
   <div class='ocr_carea' id='block_1_82' title="bbox 209 4844 1863 4927">
    <p class='ocr_par' dir='ltr' id='par_1_82' title="bbox 209 4844 1863 4927">
     <span class='ocr_line' id='line_1_83' title="bbox 209 4844 1863 4927; baseline 0.004 -27"><span class='ocrx_word' id='word_1_618' title='bbox 209 4867 311 4914; x_wconf 78' lang='grc' dir='ltr'>νῖι,</span> <span class='ocrx_word' id='word_1_619' title='bbox 366 4845 458 4899; x_wconf 80' lang='grc' dir='ltr'><strong>καὶ</strong></span> <span class='ocrx_word' id='word_1_620' title='bbox 507 4851 586 4916; x_wconf 58' lang='grc' dir='ltr'><strong>τῷ</strong></span> <span class='ocrx_word' id='word_1_621' title='bbox 615 4844 668 4900; x_wconf 79' lang='grc' dir='ltr'>ἐν</span> <span class='ocrx_word' id='word_1_622' title='bbox 727 4844 763 4919; x_wconf 74' lang='grc' dir='ltr'>ᾖ</span> <span class='ocrx_word' id='word_1_623' title='bbox 823 4846 887 4900; x_wconf 87' lang='grc' dir='ltr'><strong>τὸ</strong></span> <span class='ocrx_word' id='word_1_624' title='bbox 932 4845 1235 4921; x_wconf 68' lang='grc' dir='ltr'>συνέχεται,</span> <span class='ocrx_word' id='word_1_625' title='bbox 1295 4845 1462 4922; x_wconf 65' lang='grc' dir='ltr'>ἤγουν</span> <span class='ocrx_word' id='word_1_626' title='bbox 1513 4848 1863 4927; x_wconf 76' lang='grc' dir='ltr'>φυλάττεται,</span> 
     </span>
    </p>
   </div>
   <div class='ocr_carea' id='block_1_83' title="bbox 208 4933 1858 5014">
    <p class='ocr_par' dir='ltr' id='par_1_83' title="bbox 208 4933 1858 5014">
     <span class='ocr_line' id='line_1_84' title="bbox 208 4933 1858 5014; baseline 0.004 -25"><span class='ocrx_word' id='word_1_627' title='bbox 208 4935 296 4989; x_wconf 75' lang='grc' dir='ltr'>καὶ</span> <span class='ocrx_word' id='word_1_628' title='bbox 356 4938 437 5005; x_wconf 73' lang='grc' dir='ltr'>τῷ</span> <span class='ocrx_word' id='word_1_629' title='bbox 496 4933 570 4996; x_wconf 86' lang='grc' dir='ltr'>εἷς</span> <span class='ocrx_word' id='word_1_630' title='bbox 631 4935 693 5002; x_wconf 80' lang='grc' dir='ltr'>ἦν</span> <span class='ocrx_word' id='word_1_631' title='bbox 725 4936 770 4971; x_wconf 78' lang='grc'><strong>²⁰</strong></span> <span class='ocrx_word' id='word_1_632' title='bbox 822 4934 887 4989; x_wconf 90' lang='grc' dir='ltr'><strong>τὸ</strong></span> <span class='ocrx_word' id='word_1_633' title='bbox 943 4933 1339 5013; x_wconf 68' lang='grc' dir='ltr'>ἐπιστρέφεται,</span> <span class='ocrx_word' id='word_1_634' title='bbox 1391 4937 1435 4991; x_wconf 83' lang='grc' dir='ltr'>εἰ</span> <span class='ocrx_word' id='word_1_635' title='bbox 1494 4939 1582 4994; x_wconf 81' lang='grc' dir='ltr'><strong>καὶ</strong></span> <span class='ocrx_word' id='word_1_636' title='bbox 1615 4941 1642 4994; x_wconf 83' lang='grc' dir='ltr'>ὁ</span> <span class='ocrx_word' id='word_1_637' title='bbox 1676 4943 1858 5014; x_wconf 78' lang='grc' dir='ltr'>Πατήρ</span> 
     </span>
    </p>
   </div>
   <div class='ocr_carea' id='block_1_84' title="bbox 209 5019 1859 5099">
    <p class='ocr_par' dir='ltr' id='par_1_84' title="bbox 209 5019 1859 5099">
     <span class='ocr_line' id='line_1_85' title="bbox 209 5019 1859 5099; baseline 0.005 -24"><span class='ocrx_word' id='word_1_638' title='bbox 209 5021 364 5084; x_wconf 72' lang='grc' dir='ltr'>ἰδίως</span> <span class='ocrx_word' id='word_1_639' title='bbox 394 5023 483 5076; x_wconf 77' lang='grc' dir='ltr'>καὶ</span> <span class='ocrx_word' id='word_1_640' title='bbox 538 5023 624 5099; x_wconf 71' lang='grc' dir='ltr'><strong>ὑφ’</strong></span> <span class='ocrx_word' id='word_1_641' title='bbox 677 5019 732 5076; x_wconf 83' lang='grc' dir='ltr'><strong>ἔν</strong></span> <span class='ocrx_word' id='word_1_642' title='bbox 788 5022 855 5077; x_wconf 77' lang='grc' dir='ltr'><strong>τά</strong></span> <span class='ocrx_word' id='word_1_643' title='bbox 898 5021 1118 5097; x_wconf 70' lang='grc' dir='ltr'>ῥήματα</span> <span class='ocrx_word' id='word_1_644' title='bbox 1149 5022 1314 5095; x_wconf 77' lang='grc' dir='ltr'>ἔταξε·</span> <span class='ocrx_word' id='word_1_645' title='bbox 1348 5025 1526 5081; x_wconf 81' lang='grc' dir='ltr'>καὶτὸ</span> <span class='ocrx_word' id='word_1_646' title='bbox 1573 5026 1745 5083; x_wconf 70' lang='grc' dir='ltr'>πάντα</span> <span class='ocrx_word' id='word_1_647' title='bbox 1803 5029 1859 5084; x_wconf 69' lang='grc' dir='ltr'>δὲ</span> 
     </span>
    </p>
   </div>
   <div class='ocr_carea' id='block_1_85' title="bbox 209 5108 1856 5191">
    <p class='ocr_par' dir='ltr' id='par_1_85' title="bbox 209 5108 1856 5191">
     <span class='ocr_line' id='line_1_86' title="bbox 209 5108 1856 5191; baseline 0.005 -27"><span class='ocrx_word' id='word_1_648' title='bbox 209 5112 313 5164; x_wconf 78' lang='grc' dir='ltr'><strong>απὸ</strong></span> <span class='ocrx_word' id='word_1_649' title='bbox 366 5115 576 5167; x_wconf 63' lang='grc' dir='ltr'>κοινοῦ.</span> <span class='ocrx_word' id='word_1_650' title='bbox 613 5109 808 5172; x_wconf 78' lang='grc' dir='ltr'>Καλῶς</span> <span class='ocrx_word' id='word_1_651' title='bbox 840 5108 896 5165; x_wconf 73' lang='grc' dir='ltr'>δὲ</span> <span class='ocrx_word' id='word_1_652' title='bbox 945 5113 1114 5179; x_wconf 78' lang='grc' dir='ltr'>εἶπεν,</span> <span class='ocrx_word' id='word_1_653' title='bbox 1175 5112 1256 5168; x_wconf 74' lang='grc' dir='ltr'><strong>ὅτι</strong></span> <span class='ocrx_word' id='word_1_654' title='bbox 1317 5113 1403 5169; x_wconf 69' lang='grc' dir='ltr'>ἐὰν</span> <span class='ocrx_word' id='word_1_655' title='bbox 1437 5115 1634 5190; x_wconf 71' lang='grc' dir='ltr'>ἀνέλῃς</span> <span class='ocrx_word' id='word_1_656' title='bbox 1661 5119 1721 5172; x_wconf 89' lang='grc' dir='ltr'>τὸ</span> <span class='ocrx_word' id='word_1_657' title='bbox 1781 5117 1856 5191; x_wconf 78' lang='grc' dir='ltr'>ἔν,</span> 
     </span>
    </p>
   </div>
   <div class='ocr_carea' id='block_1_86' title="bbox 208 5197 1852 5277">
    <p class='ocr_par' dir='ltr' id='par_1_86' title="bbox 208 5197 1852 5277">
     <span class='ocr_line' id='line_1_87' title="bbox 208 5197 1852 5277; baseline 0.006 -27"><span class='ocrx_word' id='word_1_658' title='bbox 208 5197 330 5254; x_wconf 56' lang='grc' dir='ltr'>οὔτε</span> <span class='ocrx_word' id='word_1_659' title='bbox 364 5197 590 5268; x_wconf 64' lang='grc' dir='ltr'>ὁλότης,</span> <span class='ocrx_word' id='word_1_660' title='bbox 652 5197 776 5255; x_wconf 69' lang='grc' dir='ltr'>οὔτε</span> <span class='ocrx_word' id='word_1_661' title='bbox 805 5199 1310 5277; x_wconf 82' lang='grc' dir='ltr'>πολλοστημόριον,</span> <span class='ocrx_word' id='word_1_662' title='bbox 1354 5201 1475 5259; x_wconf 71' lang='grc' dir='ltr'>οὔτε</span> <span class='ocrx_word' id='word_1_663' title='bbox 1506 5203 1646 5260; x_wconf 76' lang='grc' dir='ltr'>ἄλλο</span> <span class='ocrx_word' id='word_1_664' title='bbox 1679 5205 1852 5262; x_wconf 72' lang='grc' dir='ltr'>οὐδὲν·</span> 
     </span>
    </p>
   </div>
   <div class='ocr_carea' id='block_1_87' title="bbox 203 5288 1857 5368">
    <p class='ocr_par' dir='ltr' id='par_1_87' title="bbox 203 5288 1857 5368">
     <span class='ocr_line' id='line_1_88' title="bbox 203 5288 1857 5368; baseline 0.005 -25"><span class='ocrx_word' id='word_1_665' title='bbox 203 5293 370 5344; x_wconf 68' lang='grc' dir='ltr'>τοῦτο</span> <span class='ocrx_word' id='word_1_666' title='bbox 395 5289 495 5365; x_wconf 72' lang='grc' dir='ltr'><strong>γὰρ</strong></span> <span class='ocrx_word' id='word_1_667' title='bbox 530 5288 862 5364; x_wconf 70' lang='grc' dir='ltr'>προῃνίξατο</span> <span class='ocrx_word' id='word_1_668' title='bbox 895 5289 984 5345; x_wconf 78' lang='grc' dir='ltr'><strong>καὶ</strong></span> <span class='ocrx_word' id='word_1_669' title='bbox 1016 5289 1126 5346; x_wconf 82' lang='grc' dir='ltr'>ἄνω</span> <span class='ocrx_word' id='word_1_670' title='bbox 1174 5291 1361 5361; x_wconf 81' lang='grc' dir='ltr'>εἰπὼν,</span> <span class='ocrx_word' id='word_1_671' title='bbox 1411 5295 1499 5348; x_wconf 78' lang='grc' dir='ltr'><strong>καὶ</strong></span> <span class='ocrx_word' id='word_1_672' title='bbox 1550 5295 1722 5368; x_wconf 81' lang='grc' dir='ltr'>ἥμισυ</span> <span class='ocrx_word' id='word_1_673' title='bbox 1779 5296 1857 5366; x_wconf 78' lang='grc' dir='ltr'><strong>ἓν,</strong></span> 
     </span>
    </p>
   </div>
   <div class='ocr_carea' id='block_1_88' title="bbox 1979 3342 3425 3415">
    <p class='ocr_par' dir='ltr' id='par_1_88' title="bbox 1979 3342 3425 3415">
     <span class='ocr_line' id='line_1_89' title="bbox 1979 3342 3425 3415; baseline 0.001 -16"><span class='ocrx_word' id='word_1_674' title='bbox 1979 3345 2345 3415; x_wconf 88' lang='lat' dir='ltr'><strong>conjunctos,</strong></span> <span class='ocrx_word' id='word_1_675' title='bbox 2380 3342 2658 3399; x_wconf 86' lang='lat' dir='ltr'><strong>nimirum</strong></span> <span class='ocrx_word' id='word_1_676' title='bbox 2691 3343 2893 3398; x_wconf 91' lang='lat' dir='ltr'><strong>eadem</strong></span> <span class='ocrx_word' id='word_1_677' title='bbox 2928 3347 3151 3400; x_wconf 73' lang='lat' dir='ltr'><strong>naturae</strong></span> <span class='ocrx_word' id='word_1_678' title='bbox 3182 3344 3425 3400; x_wconf 85' lang='lat' dir='ltr'><strong>ratione.</strong></span> 
     </span>
    </p>
   </div>
   <div class='ocr_carea' id='block_1_89' title="bbox 2047 3522 3627 3578">
    <p class='ocr_par' dir='ltr' id='par_1_89' title="bbox 2047 3522 3627 3578">
     <span class='ocr_line' id='line_1_90' title="bbox 2047 3522 3627 3578; baseline 0.001 -1"><span class='ocrx_word' id='word_1_679' title='bbox 2047 3522 2122 3577; x_wconf 86' lang='lat' dir='ltr'><strong>Ac</strong></span> <span class='ocrx_word' id='word_1_680' title='bbox 2148 3523 2200 3576; x_wconf 88' lang='lat' dir='ltr'><strong>si</strong></span> <span class='ocrx_word' id='word_1_681' title='bbox 2225 3522 2519 3576; x_wconf 72' lang='lat' dir='ltr'><strong>sustuleris</strong></span> <span class='ocrx_word' id='word_1_682' title='bbox 2546 3522 2845 3577; x_wconf 72' lang='lat' dir='ltr'><strong>unitatem.</strong></span> <span class='ocrx_word' id='word_1_683' title='bbox 2872 3524 2957 3577; x_wconf 87' lang='lat' dir='ltr'><strong>Ita</strong></span> <span class='ocrx_word' id='word_1_684' title='bbox 2989 3522 3284 3578; x_wconf 88' lang='lat' dir='ltr'><strong>sententia</strong></span> <span class='ocrx_word' id='word_1_685' title='bbox 3307 3522 3429 3578; x_wconf 65' lang='lat' dir='ltr'><strong>haec</strong></span> <span class='ocrx_word' id='word_1_686' title='bbox 3462 3539 3627 3578; x_wconf 89' lang='lat' dir='ltr'><strong>com-</strong></span> 
     </span>
    </p>
   </div>
   <div class='ocr_carea' id='block_1_90' title="bbox 1979 3609 3626 3681">
    <p class='ocr_par' dir='ltr' id='par_1_90' title="bbox 1979 3609 3626 3681">
     <span class='ocr_line' id='line_1_91' title="bbox 1979 3609 3626 3681; baseline 0.001 -16"><span class='ocrx_word' id='word_1_687' title='bbox 1979 3610 2264 3680; x_wconf 84' lang='lat' dir='ltr'><strong>ponenda,</strong></span> <span class='ocrx_word' id='word_1_688' title='bbox 2293 3609 2573 3664; x_wconf 88' lang='lat' dir='ltr'><strong>nimirum</strong></span> <span class='ocrx_word' id='word_1_689' title='bbox 2606 3625 2674 3664; x_wconf 85' lang='lat' dir='ltr'><strong>ea</strong></span> <span class='ocrx_word' id='word_1_690' title='bbox 2733 3626 2860 3680; x_wconf 69' lang='lat' dir='ltr'><strong>quas</strong></span> <span class='ocrx_word' id='word_1_691' title='bbox 2920 3612 3235 3681; x_wconf 86' lang='lat' dir='ltr'><strong>conjuncta</strong></span> <span class='ocrx_word' id='word_1_692' title='bbox 3292 3615 3452 3676; x_wconf 90' lang='lat' dir='ltr'><strong>sunt,</strong></span> <span class='ocrx_word' id='word_1_693' title='bbox 3485 3629 3626 3666; x_wconf 77' lang='lat' dir='ltr'><strong>con-</strong></span> 
     </span>
    </p>
   </div>
   <div class='ocr_carea' id='block_1_91' title="bbox 1968 3698 3625 3770">
    <p class='ocr_par' dir='ltr' id='par_1_91' title="bbox 1968 3698 3625 3770">
     <span class='ocr_line' id='line_1_92' title="bbox 1968 3698 3625 3770; baseline -0.001 -17"><span class='ocrx_word' id='word_1_694' title='bbox 1968 3699 2178 3769; x_wconf 86' lang='lat' dir='ltr'><strong>juncta</strong></span> <span class='ocrx_word' id='word_1_695' title='bbox 2209 3698 2321 3754; x_wconf 89' lang='lat' dir='ltr'><strong>dici</strong></span> <span class='ocrx_word' id='word_1_696' title='bbox 2353 3698 2825 3769; x_wconf 89' lang='lat' dir='ltr'><strong>uniuscujusque</strong></span> <span class='ocrx_word' id='word_1_697' title='bbox 2849 3698 3383 3770; x_wconf 68' lang='lat' dir='ltr'><strong>specie,quaeprius</strong></span> <span class='ocrx_word' id='word_1_698' title='bbox 3406 3698 3625 3754; x_wconf 90' lang='lat' dir='ltr'><strong>intelli-</strong></span> 
     </span>
    </p>
   </div>
   <div class='ocr_carea' id='block_1_92' title="bbox 1977 3785 3622 3858">
    <p class='ocr_par' dir='ltr' id='par_1_92' title="bbox 1977 3785 3622 3858">
     <span class='ocr_line' id='line_1_93' title="bbox 1977 3785 3622 3858; baseline -0.001 -16"><span class='ocrx_word' id='word_1_699' title='bbox 1977 3792 2187 3858; x_wconf 86' lang='lat' dir='ltr'><strong>gatur:</strong></span> <span class='ocrx_word' id='word_1_700' title='bbox 2222 3792 2394 3842; x_wconf 81' lang='lat' dir='ltr'><strong>antea</strong></span> <span class='ocrx_word' id='word_1_701' title='bbox 2426 3787 2583 3842; x_wconf 84' lang='lat' dir='ltr'><strong>enim</strong></span> <span class='ocrx_word' id='word_1_702' title='bbox 2617 3786 2896 3854; x_wconf 87' lang='lat' dir='ltr'><strong>diximus,</strong></span> <span class='ocrx_word' id='word_1_703' title='bbox 2927 3786 3153 3858; x_wconf 87' lang='lat' dir='ltr'><strong>species</strong></span> <span class='ocrx_word' id='word_1_704' title='bbox 3210 3791 3268 3841; x_wconf 87' lang='lat' dir='ltr'><strong>et</strong></span> <span class='ocrx_word' id='word_1_705' title='bbox 3317 3785 3503 3840; x_wconf 88' lang='lat' dir='ltr'><strong>multa</strong></span> <span class='ocrx_word' id='word_1_706' title='bbox 3550 3789 3622 3841; x_wconf 92' lang='lat' dir='ltr'><strong>ad</strong></span> 
     </span>
    </p>
   </div>
   <div class='ocr_carea' id='block_1_93' title="bbox 1980 3874 3620 3948">
    <p class='ocr_par' dir='ltr' id='par_1_93' title="bbox 1980 3874 3620 3948">
     <span class='ocr_line' id='line_1_94' title="bbox 1980 3874 3620 3948; baseline -0.001 -18"><span class='ocrx_word' id='word_1_707' title='bbox 1980 3892 2162 3930; x_wconf 91' lang='lat' dir='ltr'><strong>unum</strong></span> <span class='ocrx_word' id='word_1_708' title='bbox 2194 3891 2382 3948; x_wconf 84' lang='lat' dir='ltr'><strong>genus</strong></span> <span class='ocrx_word' id='word_1_709' title='bbox 2411 3876 2560 3931; x_wconf 72' lang='lat'><strong>227</strong></span> <span class='ocrx_word' id='word_1_710' title='bbox 2601 3875 2861 3944; x_wconf 86' lang='lat' dir='ltr'><strong>reducta,</strong></span> <span class='ocrx_word' id='word_1_711' title='bbox 2919 3874 3260 3930; x_wconf 88' lang='lat' dir='ltr'><strong>describunt</strong></span> <span class='ocrx_word' id='word_1_712' title='bbox 3298 3891 3476 3929; x_wconf 81' lang='lat' dir='ltr'><strong>unum</strong></span> <span class='ocrx_word' id='word_1_713' title='bbox 3503 3874 3620 3929; x_wconf 89' lang='lat' dir='ltr'><strong>ele-</strong></span> 
     </span>
    </p>
   </div>
   <div class='ocr_carea' id='block_1_94' title="bbox 1979 3964 3624 4036">
    <p class='ocr_par' dir='ltr' id='par_1_94' title="bbox 1979 3964 3624 4036">
     <span class='ocr_line' id='line_1_95' title="bbox 1979 3964 3624 4036; baseline -0.002 -15"><span class='ocrx_word' id='word_1_714' title='bbox 1979 3971 2243 4022; x_wconf 89' lang='lat' dir='ltr'><strong>mentum</strong></span> <span class='ocrx_word' id='word_1_715' title='bbox 2278 3965 2514 4036; x_wconf 87' lang='lat' dir='ltr'><strong>aliquod</strong></span> <span class='ocrx_word' id='word_1_716' title='bbox 2543 3969 2600 4020; x_wconf 88' lang='lat' dir='ltr'><strong>et</strong></span> <span class='ocrx_word' id='word_1_717' title='bbox 2623 3964 3002 4036; x_wconf 86' lang='lat' dir='ltr'><strong>principium,</strong></span> <span class='ocrx_word' id='word_1_718' title='bbox 3037 3966 3208 4036; x_wconf 88' lang='lat' dir='ltr'><strong>cujus</strong></span> <span class='ocrx_word' id='word_1_719' title='bbox 3237 3966 3466 4032; x_wconf 75' lang='lat' dir='ltr'><strong>generis</strong></span> <span class='ocrx_word' id='word_1_720' title='bbox 3487 3972 3624 4021; x_wconf 88' lang='lat' dir='ltr'><strong>sunt</strong></span> 
     </span>
    </p>
   </div>
   <div class='ocr_carea' id='block_1_95' title="bbox 1977 4053 3620 4125">
    <p class='ocr_par' dir='ltr' id='par_1_95' title="bbox 1977 4053 3620 4125">
     <span class='ocr_line' id='line_1_96' title="bbox 1977 4053 3620 4125; baseline -0.001 -15"><span class='ocrx_word' id='word_1_721' title='bbox 1977 4055 2236 4124; x_wconf 87' lang='lat' dir='ltr'><strong>species;</strong></span> <span class='ocrx_word' id='word_1_722' title='bbox 2274 4054 2397 4109; x_wconf 74' lang='lat' dir='ltr'><strong>hazc</strong></span> <span class='ocrx_word' id='word_1_723' title='bbox 2427 4054 2584 4110; x_wconf 89' lang='lat' dir='ltr'><strong>enim</strong></span> <span class='ocrx_word' id='word_1_724' title='bbox 2624 4053 2752 4125; x_wconf 89' lang='lat' dir='ltr'><strong>ipsa</strong></span> <span class='ocrx_word' id='word_1_725' title='bbox 2783 4054 2977 4125; x_wconf 87' lang='lat' dir='ltr'><strong>specie</strong></span> <span class='ocrx_word' id='word_1_726' title='bbox 2997 4055 3334 4125; x_wconf 88' lang='lat' dir='ltr'><strong>conjuncta,</strong></span> <span class='ocrx_word' id='word_1_727' title='bbox 3366 4057 3432 4109; x_wconf 82' lang='lat' dir='ltr'><strong>ut</strong></span> <span class='ocrx_word' id='word_1_728' title='bbox 3463 4053 3620 4125; x_wconf 90' lang='lat' dir='ltr'><strong>equi,</strong></span> 
     </span>
    </p>
   </div>
   <div class='ocr_carea' id='block_1_96' title="bbox 1976 4142 3625 4215">
    <p class='ocr_par' dir='ltr' id='par_1_96' title="bbox 1976 4142 3625 4215">
     <span class='ocr_line' id='line_1_97' title="bbox 1976 4142 3625 4215; baseline 0 -17"><span class='ocrx_word' id='word_1_729' title='bbox 1976 4144 2237 4210; x_wconf 87' lang='lat' dir='ltr'><strong>boves,et</strong></span> <span class='ocrx_word' id='word_1_730' title='bbox 2265 4142 2509 4214; x_wconf 87' lang='lat' dir='ltr'><strong>reliqua,</strong></span> <span class='ocrx_word' id='word_1_731' title='bbox 2533 4159 2660 4213; x_wconf 72' lang='lat' dir='ltr'><strong>qua:</strong></span> <span class='ocrx_word' id='word_1_732' title='bbox 2693 4143 2763 4198; x_wconf 90' lang='lat' dir='ltr'><strong>ad</strong></span> <span class='ocrx_word' id='word_1_733' title='bbox 2799 4159 2981 4198; x_wconf 90' lang='lat' dir='ltr'><strong>unum</strong></span> <span class='ocrx_word' id='word_1_734' title='bbox 3016 4159 3200 4215; x_wconf 83' lang='lat' dir='ltr'><strong>genus</strong></span> <span class='ocrx_word' id='word_1_735' title='bbox 3239 4143 3625 4211; x_wconf 85' lang='lat' dir='ltr'><strong>reducuntur,</strong></span> 
     </span>
    </p>
   </div>
   <div class='ocr_carea' id='block_1_97' title="bbox 1976 4231 2692 4303">
    <p class='ocr_par' dir='ltr' id='par_1_97' title="bbox 1976 4231 2692 4303">
     <span class='ocr_line' id='line_1_98' title="bbox 1976 4231 2692 4303; baseline 0.003 -17"><span class='ocrx_word' id='word_1_736' title='bbox 1976 4232 2116 4303; x_wconf 91' lang='lat' dir='ltr'><strong>quia</strong></span> <span class='ocrx_word' id='word_1_737' title='bbox 2142 4236 2424 4287; x_wconf 85' lang='lat' dir='ltr'><strong>vocantur</strong></span> <span class='ocrx_word' id='word_1_738' title='bbox 2453 4231 2692 4288; x_wconf 85' lang='lat' dir='ltr'><strong>animal.</strong></span> 
     </span>
    </p>
   </div>
   <div class='ocr_carea' id='block_1_98' title="bbox 2048 4317 3618 4396">
    <p class='ocr_par' dir='ltr' id='par_1_98' title="bbox 2048 4317 3618 4396">
     <span class='ocr_line' id='line_1_99' title="bbox 2048 4317 3618 4396; baseline -0.002 -21"><span class='ocrx_word' id='word_1_739' title='bbox 2048 4322 2233 4375; x_wconf 81' lang='lat' dir='ltr'><strong>Totam</strong></span> <span class='ocrx_word' id='word_1_740' title='bbox 2258 4320 2627 4376; x_wconf 78' lang='lat' dir='ltr'><strong>divinitatem.</strong></span> <span class='ocrx_word' id='word_1_741' title='bbox 2660 4324 2756 4376; x_wconf 88' lang='lat' dir='ltr'><strong>Gr.</strong></span> <span class='ocrx_word' id='word_1_742' title='bbox 2817 4321 2915 4388; x_wconf 70' lang='grc' dir='ltr'><strong>τὴν</strong></span> <span class='ocrx_word' id='word_1_743' title='bbox 2969 4318 3105 4391; x_wconf 82' lang='grc' dir='ltr'>ὅλην</span> <span class='ocrx_word' id='word_1_744' title='bbox 3167 4319 3445 4396; x_wconf 76' lang='grc' dir='ltr'>θεαρχὶαν.</span> <span class='ocrx_word' id='word_1_745' title='bbox 3474 4317 3618 4386; x_wconf 89' lang='grc' dir='ltr'>Ὅλη</span> 
     </span>
    </p>
   </div>
   <div class='ocr_carea' id='block_1_99' title="bbox 1975 4407 3622 4482">
    <p class='ocr_par' dir='ltr' id='par_1_99' title="bbox 1975 4407 3622 4482">
     <span class='ocr_line' id='line_1_100' title="bbox 1975 4407 3622 4482; baseline -0.001 -20"><span class='ocrx_word' id='word_1_746' title='bbox 1975 4407 2224 4482; x_wconf 83' lang='grc' dir='ltr'>ϐεαρχία,</span> <span class='ocrx_word' id='word_1_747' title='bbox 2262 4415 2448 4464; x_wconf 88' lang='lat' dir='ltr'><strong>totum</strong></span> <span class='ocrx_word' id='word_1_748' title='bbox 2480 4409 2802 4465; x_wconf 88' lang='lat' dir='ltr'><strong>divinitatis</strong></span> <span class='ocrx_word' id='word_1_749' title='bbox 2836 4410 3209 4481; x_wconf 87' lang='lat' dir='ltr'><strong>principium,</strong></span> <span class='ocrx_word' id='word_1_750' title='bbox 3244 4408 3622 4465; x_wconf 88' lang='lat' dir='ltr'><strong>sanctissima</strong></span> 
     </span>
    </p>
   </div>
   <div class='ocr_carea' id='block_1_100' title="bbox 1975 4497 3619 4570">
    <p class='ocr_par' dir='ltr' id='par_1_100' title="bbox 1975 4497 3619 4570">
     <span class='ocr_line' id='line_1_101' title="bbox 1975 4497 3619 4570; baseline -0.002 -16"><span class='ocrx_word' id='word_1_751' title='bbox 1975 4503 2032 4554; x_wconf 91' lang='lat' dir='ltr'><strong>et</strong></span> <span class='ocrx_word' id='word_1_752' title='bbox 2059 4498 2356 4553; x_wconf 88' lang='lat' dir='ltr'><strong>adoranda</strong></span> <span class='ocrx_word' id='word_1_753' title='bbox 2377 4497 2669 4565; x_wconf 84' lang='lat' dir='ltr'><strong>Trinitas;</strong></span> <span class='ocrx_word' id='word_1_754' title='bbox 2705 4507 2939 4570; x_wconf 88' lang='lat' dir='ltr'><strong>prepler</strong></span> <span class='ocrx_word' id='word_1_755' title='bbox 2970 4498 3321 4554; x_wconf 69' lang='lat' dir='ltr'><strong>ineffabilem</strong></span> <span class='ocrx_word' id='word_1_756' title='bbox 3355 4512 3490 4552; x_wconf 85' lang='lat' dir='ltr'><strong>vero</strong></span> <span class='ocrx_word' id='word_1_757' title='bbox 3513 4513 3619 4551; x_wconf 86' lang='lat' dir='ltr'><strong>na-</strong></span> 
     </span>
    </p>
   </div>
   <div class='ocr_carea' id='block_1_101' title="bbox 1895 4586 3328 4659">
    <p class='ocr_par' dir='ltr' id='par_1_101' title="bbox 1895 4586 3328 4659">
     <span class='ocr_line' id='line_1_102' title="bbox 1895 4586 3328 4659; baseline -0.001 -17"><span class='ocrx_word' id='word_1_758' title='bbox 1895 4590 1940 4654; x_wconf 89' lang='lat' dir='ltr'><strong>D</strong></span> <span class='ocrx_word' id='word_1_759' title='bbox 1973 4592 2114 4642; x_wconf 68' lang='lat' dir='ltr'><strong>turea</strong></span> <span class='ocrx_word' id='word_1_760' title='bbox 2147 4586 2454 4656; x_wconf 83' lang='lat' dir='ltr'><strong>unitatem,</strong></span> <span class='ocrx_word' id='word_1_761' title='bbox 2489 4604 2642 4642; x_wconf 91' lang='lat' dir='ltr'><strong>unus</strong></span> <span class='ocrx_word' id='word_1_762' title='bbox 2674 4593 2730 4641; x_wconf 89' lang='lat' dir='ltr'><strong>et</strong></span> <span class='ocrx_word' id='word_1_763' title='bbox 2762 4604 2940 4642; x_wconf 89' lang='lat' dir='ltr'><strong>unum</strong></span> <span class='ocrx_word' id='word_1_764' title='bbox 2983 4586 3328 4659; x_wconf 82' lang='lat' dir='ltr'><strong>appellatur.</strong></span> 
     </span>
    </p>
   </div>
   <div class='ocr_carea' id='block_1_102' title="bbox 2047 4676 3621 4752">
    <p class='ocr_par' dir='ltr' id='par_1_102' title="bbox 2047 4676 3621 4752">
     <span class='ocr_line' id='line_1_103' title="bbox 2047 4676 3621 4752; baseline -0.001 -20"><span class='ocrx_word' id='word_1_765' title='bbox 2047 4679 2083 4732; x_wconf 84' lang='lat' dir='ltr'><strong><em>A</em></strong></span> <span class='ocrx_word' id='word_1_766' title='bbox 2116 4694 2223 4748; x_wconf 85' lang='lat' dir='ltr'><strong>qua</strong></span> <span class='ocrx_word' id='word_1_767' title='bbox 2254 4687 2305 4732; x_wconf 82' lang='lat' dir='ltr'><strong>et</strong></span> <span class='ocrx_word' id='word_1_768' title='bbox 2334 4695 2402 4732; x_wconf 74' lang='lat' dir='ltr'><strong>ex</strong></span> <span class='ocrx_word' id='word_1_769' title='bbox 2432 4694 2558 4748; x_wconf 88' lang='lat' dir='ltr'><strong>qua.</strong></span> <span class='ocrx_word' id='word_1_770' title='bbox 2592 4677 2734 4732; x_wconf 89' lang='lat' dir='ltr'><strong>Cum</strong></span> <span class='ocrx_word' id='word_1_771' title='bbox 2772 4677 2856 4752; x_wconf 78' lang='grc' dir='ltr'><strong>ὑφ’</strong></span> <span class='ocrx_word' id='word_1_772' title='bbox 2909 4679 2997 4744; x_wconf 72' lang='grc' dir='ltr'><strong>ἧς,</strong></span> <span class='ocrx_word' id='word_1_773' title='bbox 3053 4695 3092 4733; x_wconf 84' lang='grc' dir='ltr'><strong>α</strong></span> <span class='ocrx_word' id='word_1_774' title='bbox 3144 4694 3269 4748; x_wconf 87' lang='lat' dir='ltr'><strong>qua,</strong></span> <span class='ocrx_word' id='word_1_775' title='bbox 3330 4676 3621 4748; x_wconf 89' lang='lat' dir='ltr'><strong>conjunge</strong></span> 
     </span>
    </p>
   </div>
   <div class='ocr_carea' id='block_1_103' title="bbox 1972 4765 3620 4840">
    <p class='ocr_par' dir='ltr' id='par_1_103' title="bbox 1972 4765 3620 4840">
     <span class='ocr_line' id='line_1_104' title="bbox 1972 4765 3620 4840; baseline 0.001 -20"><span class='ocrx_word' id='word_1_776' title='bbox 1972 4765 2103 4838; x_wconf 73' lang='grc' dir='ltr'>ἐστί,</span> <span class='ocrx_word' id='word_1_777' title='bbox 2135 4773 2190 4823; x_wconf 89' lang='lat' dir='ltr'><strong>et</strong></span> <span class='ocrx_word' id='word_1_778' title='bbox 2216 4785 2348 4823; x_wconf 90' lang='lat' dir='ltr'><strong>cum</strong></span> <span class='ocrx_word' id='word_1_779' title='bbox 2379 4765 2428 4836; x_wconf 80' lang='grc' dir='ltr'><strong>ἐξ</strong></span> <span class='ocrx_word' id='word_1_780' title='bbox 2459 4769 2548 4837; x_wconf 72' lang='grc' dir='ltr'>ἧς,</span> <span class='ocrx_word' id='word_1_781' title='bbox 2581 4785 2650 4822; x_wconf 72' lang='lat' dir='ltr'><strong>ex</strong></span> <span class='ocrx_word' id='word_1_782' title='bbox 2679 4785 2810 4839; x_wconf 83' lang='lat' dir='ltr'><strong>qua,</strong></span> <span class='ocrx_word' id='word_1_783' title='bbox 2833 4769 3124 4840; x_wconf 87' lang='lat' dir='ltr'><strong>conjunge</strong></span> <span class='ocrx_word' id='word_1_784' title='bbox 3145 4766 3620 4834; x_wconf 73' lang='grc' dir='ltr'>συντέτακται,ἀί8·</span> 
     </span>
    </p>
   </div>
   <div class='ocr_carea' id='block_1_104' title="bbox 1967 4852 3619 4928">
    <p class='ocr_par' dir='ltr' id='par_1_104' title="bbox 1967 4852 3619 4928">
     <span class='ocr_line' id='line_1_105' title="bbox 1967 4852 3619 4928; baseline -0.004 -17"><span class='ocrx_word' id='word_1_785' title='bbox 1967 4858 2147 4928; x_wconf 82' lang='lat' dir='ltr'><strong>posita</strong></span> <span class='ocrx_word' id='word_1_786' title='bbox 2174 4861 2652 4928; x_wconf 84' lang='lat' dir='ltr'><strong>sunl,atquecum</strong></span> <span class='ocrx_word' id='word_1_787' title='bbox 2680 4853 2748 4909; x_wconf 85' lang='grc' dir='ltr'><strong>δι’</strong></span> <span class='ocrx_word' id='word_1_788' title='bbox 2772 4857 2964 4925; x_wconf 69' lang='grc' dir='ltr'>ἦς,ρεν</span> <span class='ocrx_word' id='word_1_789' title='bbox 2983 4859 3419 4927; x_wconf 85' lang='lat' dir='ltr'><strong>quam,verbum</strong></span> <span class='ocrx_word' id='word_1_790' title='bbox 3448 4852 3619 4925; x_wconf 66' lang='grc' dir='ltr'>μένει,</span> 
     </span>
    </p>
   </div>
   <div class='ocr_carea' id='block_1_105' title="bbox 1969 4943 3620 5017">
    <p class='ocr_par' dir='ltr' id='par_1_105' title="bbox 1969 4943 3620 5017">
     <span class='ocr_line' id='line_1_106' title="bbox 1969 4943 3620 5017; baseline 0.001 -19"><span class='ocrx_word' id='word_1_791' title='bbox 1969 4955 2284 5014; x_wconf 79' lang='lat' dir='ltr'><strong>manent,nc</strong></span> <span class='ocrx_word' id='word_1_792' title='bbox 2316 4962 2448 5000; x_wconf 91' lang='lat' dir='ltr'><strong>cum</strong></span> <span class='ocrx_word' id='word_1_793' title='bbox 2483 4943 2534 4998; x_wconf 74' lang='grc' dir='ltr'><strong>ἐν</strong></span> <span class='ocrx_word' id='word_1_794' title='bbox 2557 4945 2616 5015; x_wconf 74' lang='grc' dir='ltr'>ᾗ,</span> <span class='ocrx_word' id='word_1_795' title='bbox 2649 4945 2710 4999; x_wconf 78' lang='lat' dir='ltr'><strong>in</strong></span> <span class='ocrx_word' id='word_1_796' title='bbox 2733 4948 3107 5016; x_wconf 84' lang='lat' dir='ltr'><strong>qua,verbum</strong></span> <span class='ocrx_word' id='word_1_797' title='bbox 3141 4943 3422 5017; x_wconf 75' lang='grc' dir='ltr'>συνέγεται</span> <span class='ocrx_word' id='word_1_798' title='bbox 3447 4945 3620 5000; x_wconf 77' lang='lat' dir='ltr'><strong>conli-</strong></span> 
     </span>
    </p>
   </div>
   <div class='ocr_carea' id='block_1_106' title="bbox 1970 5032 3618 5104">
    <p class='ocr_par' dir='ltr' id='par_1_106' title="bbox 1970 5032 3618 5104">
     <span class='ocr_line' id='line_1_107' title="bbox 1970 5032 3618 5104; baseline 0 -16"><span class='ocrx_word' id='word_1_799' title='bbox 1970 5047 2168 5089; x_wconf 77' lang='lat' dir='ltr'><strong>nentm&#39;</strong></span> <span class='ocrx_word' id='word_1_800' title='bbox 2198 5051 2297 5089; x_wconf 90' lang='lat' dir='ltr'><strong>seu</strong></span> <span class='ocrx_word' id='word_1_801' title='bbox 2330 5034 2802 5102; x_wconf 73' lang='lat' dir='ltr'><strong>cus!odiuntur,et</strong></span> <span class='ocrx_word' id='word_1_802' title='bbox 2823 5051 2955 5088; x_wconf 91' lang='lat' dir='ltr'><strong>cum</strong></span> <span class='ocrx_word' id='word_1_803' title='bbox 2987 5032 3061 5094; x_wconf 81' lang='grc' dir='ltr'>εἷς</span> <span class='ocrx_word' id='word_1_804' title='bbox 3090 5034 3181 5102; x_wconf 76' lang='grc' dir='ltr'>ἥν,</span> <span class='ocrx_word' id='word_1_805' title='bbox 3204 5034 3272 5088; x_wconf 84' lang='lat' dir='ltr'><strong>ad</strong></span> <span class='ocrx_word' id='word_1_806' title='bbox 3301 5050 3618 5104; x_wconf 83' lang='lat' dir='ltr'><strong>quam,ver-</strong></span> 
     </span>
    </p>
   </div>
   <div class='ocr_carea' id='block_1_107' title="bbox 1969 5122 3613 5199">
    <p class='ocr_par' dir='ltr' id='par_1_107' title="bbox 1969 5122 3613 5199">
     <span class='ocr_line' id='line_1_108' title="bbox 1969 5122 3613 5199; baseline 0.001 -22"><span class='ocrx_word' id='word_1_807' title='bbox 1969 5122 2106 5177; x_wconf 90' lang='lat' dir='ltr'><strong>bum</strong></span> <span class='ocrx_word' id='word_1_808' title='bbox 2131 5122 2525 5199; x_wconf 65' lang='grc' dir='ltr'>ἐπιστρέφεται,</span> <span class='ocrx_word' id='word_1_809' title='bbox 2557 5127 2981 5184; x_wconf 76' lang='lat' dir='ltr'><strong>conuertuntur;</strong></span> <span class='ocrx_word' id='word_1_810' title='bbox 2999 5124 3108 5180; x_wconf 89' lang='lat' dir='ltr'><strong>ctsi</strong></span> <span class='ocrx_word' id='word_1_811' title='bbox 3125 5124 3291 5178; x_wconf 84' lang='lat' dir='ltr'><strong>Pater</strong></span> <span class='ocrx_word' id='word_1_812' title='bbox 3311 5122 3613 5194; x_wconf 77' lang='lat' dir='ltr'><strong>sigillatim</strong></span> 
     </span>
    </p>
   </div>
   <div class='ocr_carea' id='block_1_108' title="bbox 1967 5211 3614 5276">
    <p class='ocr_par' dir='ltr' id='par_1_108' title="bbox 1967 5211 3614 5276">
     <span class='ocr_line' id='line_1_109' title="bbox 1967 5211 3614 5276; baseline 0.001 -10"><span class='ocrx_word' id='word_1_813' title='bbox 1967 5217 2024 5266; x_wconf 87' lang='lat' dir='ltr'><strong>et</strong></span> <span class='ocrx_word' id='word_1_814' title='bbox 2049 5212 2224 5267; x_wconf 86' lang='lat' dir='ltr'><strong>simul</strong></span> <span class='ocrx_word' id='word_1_815' title='bbox 2244 5213 2411 5266; x_wconf 77' lang='lat' dir='ltr'><strong>verba</strong></span> <span class='ocrx_word' id='word_1_816' title='bbox 2425 5211 2804 5276; x_wconf 80' lang='lat' dir='ltr'><strong>collocarit,ct</strong></span> <span class='ocrx_word' id='word_1_817' title='bbox 2826 5214 3011 5267; x_wconf 77' lang='lat' dir='ltr'><strong>omnia</strong></span> <span class='ocrx_word' id='word_1_818' title='bbox 3031 5213 3334 5267; x_wconf 83' lang='lat' dir='ltr'><strong>subaudiri</strong></span> <span class='ocrx_word' id='word_1_819' title='bbox 3350 5213 3614 5268; x_wconf 74' lang='lat' dir='ltr'><strong>voluerit.</strong></span> 
     </span>
    </p>
   </div>
   <div class='ocr_carea' id='block_1_109' title="bbox 1970 5301 3618 5374">
    <p class='ocr_par' dir='ltr' id='par_1_109' title="bbox 1970 5301 3618 5374">
     <span class='ocr_line' id='line_1_110' title="bbox 1970 5301 3618 5374; baseline 0.002 -16"><span class='ocrx_word' id='word_1_820' title='bbox 1970 5301 2143 5360; x_wconf 87' lang='lat' dir='ltr'><strong>Porro</strong></span> <span class='ocrx_word' id='word_1_821' title='bbox 2169 5308 2321 5358; x_wconf 79' lang='lat' dir='ltr'><strong>recte</strong></span> <span class='ocrx_word' id='word_1_822' title='bbox 2346 5302 2674 5374; x_wconf 80' lang='lat' dir='ltr'><strong>dixit,quod</strong></span> <span class='ocrx_word' id='word_1_823' title='bbox 2694 5301 2742 5357; x_wconf 83' lang='lat' dir='ltr'><strong>si</strong></span> <span class='ocrx_word' id='word_1_824' title='bbox 2765 5319 2947 5358; x_wconf 88' lang='lat' dir='ltr'><strong>unum</strong></span> <span class='ocrx_word' id='word_1_825' title='bbox 2964 5303 3407 5371; x_wconf 86' lang='lat' dir='ltr'><strong>sustuleris,nec</strong></span> <span class='ocrx_word' id='word_1_826' title='bbox 3433 5304 3618 5362; x_wconf 88' lang='lat' dir='ltr'><strong>totali-</strong></span> 
     </span>
    </p>
   </div>
   <div class='ocr_carea' id='block_1_110' title="bbox 1221 5497 2618 5562">
    <p class='ocr_par' dir='ltr' id='par_1_110' title="bbox 1221 5497 2618 5562">
     <span class='ocr_line' id='line_1_111' title="bbox 1221 5497 2618 5562; baseline 0.007 -10"><span class='ocrx_word' id='word_1_827' title='bbox 1221 5497 1460 5556; x_wconf 70' lang='lat' dir='ltr'><strong>VARIAS</strong></span> <span class='ocrx_word' id='word_1_828' title='bbox 1498 5500 1890 5560; x_wconf 82' lang='lat' dir='ltr'><strong>LECTIONES</strong></span> <span class='ocrx_word' id='word_1_829' title='bbox 1927 5506 2020 5562; x_wconf 85' lang='lat' dir='ltr'><strong>ET</strong></span> <span class='ocrx_word' id='word_1_830' title='bbox 2060 5505 2618 5562; x_wconf 77' lang='lat' dir='ltr'><strong>CORRBCTIONES.</strong></span> 
     </span>
    </p>
   </div>
   <div class='ocr_carea' id='block_1_111' title="bbox 281 5641 2608 5731">
    <p class='ocr_par' dir='ltr' id='par_1_111' title="bbox 281 5641 2608 5731">
     <span class='ocr_line' id='line_1_112' title="bbox 281 5641 2608 5731; baseline 0.002 -50"><span class='ocrx_word' id='word_1_831' title='bbox 281 5647 328 5683; x_wconf 71' lang='grc' dir='ltr'><strong>ιν</strong></span> <span class='ocrx_word' id='word_1_832' title='bbox 358 5665 448 5721; x_wconf 76' lang='grc' dir='ltr'>γρ.</span> <span class='ocrx_word' id='word_1_833' title='bbox 480 5641 786 5716; x_wconf 77' lang='grc' dir='ltr'>ἀλλήλοις.</span> <span class='ocrx_word' id='word_1_834' title='bbox 863 5647 909 5685; x_wconf 74' lang='lat' dir='ltr'><strong>Io</strong></span> <span class='ocrx_word' id='word_1_835' title='bbox 935 5666 1026 5723; x_wconf 80' lang='grc' dir='ltr'>γρ.</span> <span class='ocrx_word' id='word_1_836' title='bbox 1060 5647 1519 5726; x_wconf 71' lang='grc' dir='ltr'>συμφυλάττεται,</span> <span class='ocrx_word' id='word_1_837' title='bbox 1553 5651 1602 5705; x_wconf 83' lang='grc' dir='ltr'>ἐν</span> <span class='ocrx_word' id='word_1_838' title='bbox 1633 5652 1781 5725; x_wconf 74' lang='grc' dir='ltr'><strong>αὐτῷ</strong></span> <span class='ocrx_word' id='word_1_839' title='bbox 1808 5655 1909 5731; x_wconf 75' lang='grc' dir='ltr'><strong>γάρ</strong></span> <span class='ocrx_word' id='word_1_840' title='bbox 1944 5655 2148 5729; x_wconf 54' lang='grc' dir='ltr'><strong>ζῶμεν.</strong></span> <span class='ocrx_word' id='word_1_841' title='bbox 2187 5648 2273 5711; x_wconf 64' lang='grc' dir='ltr'>καὶ</span> <span class='ocrx_word' id='word_1_842' title='bbox 2308 5661 2386 5729; x_wconf 69' lang='grc' dir='ltr'><strong>τῷ</strong></span> <span class='ocrx_word' id='word_1_843' title='bbox 2416 5655 2490 5720; x_wconf 50' lang='grc' dir='ltr'><strong>εἷς</strong></span> <span class='ocrx_word' id='word_1_844' title='bbox 2523 5657 2608 5727; x_wconf 42' lang='grc' dir='ltr'><strong>,δ’</strong></span> 
     </span>
    </p>
   </div>
  </div>
