4004 6200
159 361 266 416 413

929 362 987 412 S.
1027 357 1301 414 ΜΔΧΙΜΙ
1337 357 1645 412 SCHOLIA
1683 358 1756 412 IN
1797 358 1807 408 l

1927 398 1928 401 η
1970 359 2066 410 DE
2104 359 2377 414 DlVINlS
2416 358 2827 418 NOMINIBUS.

3483 368 3589 421 414

237 482 338 538 Καὶ
393 482 457 536 τὸ
514 481 772 556 θεογόνον
832 479 1075 548 ἀληθῶς.
1110 480 1183 536 Τὸ
1225 478 1475 553 θεογόνον
1536 477 1670 553 φησὶ
1731 475 1797 546 δη

2018 480 2120 534 L‘ei
2144 482 2626 552 fecunditatem'et
2657 501 2799 539 vere.
2833 485 2984 540 Dicit
3023 487 3277 542 divinam
3331 490 3594 545 fecundi-

160 573 393 629 λοῦσθαι
425 571 486 626 ἐκ
512 578 614 639 τῆς
647 569 938 643 ὀνομασίας
965 576 1064 638 τῆς
1111 564 1347 643 Τριάδος
1378 587 1392 600 °
1419 567 1513 622 ’ἱνα
1553 567 1657 642 γὰρ
1708 588 1816 622 πα-

158 666 335 736 ραστῇ
389 665 497 716 τῶν
548 659 931 730 ἀνεκλαλήτων
985 658 1328 713 ὑποστάσεων
1381 660 1415 727 ἡ
1463 658 1814 734 προσκυνητή

159 752 436 830 ἔκφανσις,
468 751 498 804 6
542 749 772 823 ἀριθμὸς
825 746 1118 819 ἐπενοήθη,
1146 749 1284 803 καθά
1335 767 1466 826 φησι
1515 746 1816 814 Βασίλειος,

157 843 250 895 καὶ
283 842 339 894 οἱ
369 845 505 903 θεῖοι
539 838 857 914 Γρηγόριοι.
893 837 1125 910 Γόνιμον
1157 835 1214 892 δὲ
1261 838 1351 892 τὸν
1413 837 1624 912 Πατέρα
1651 857 1816 890 κατα-

155 934 482 1006 χρηστικῶς
556 927 862 1000 ὠνόμασεν,
920 928 1010 982 ἅτε
1082 926 1173 982 καὶ
1259 930 1638 1001 προσκυνητοῦ
1692 926 1818 979 Υἱοῦ

157 1019 397 1094 Πατέρα,
457 1018 547 1072 καὶ
599 1015 697 1072 τοῦ
753 1019 1245 1092 συμπροσκυνητοῦ
1302 1015 1491 1076 αὐτοῖς
1555 1013 1816 1088 παναγίου

158 1107 484 1180 Πνεόματος
512 1107 725 1181 πηγήν.
761 1106 1071 1178 Γονιμότης
1103 1102 1216 1173 οὖν,
1250 1105 1284 1173 ἢ
1316 1101 1496 1179 ἕτερόν
1541 1125 1592 1158 τι
1643 1098 1817 1174 ὄνομα

157 1202 268 1251 τῶν
334 1197 792 1270 συνεγνωσμινων
853 1194 1184 1267 ἀνθρώποις,
1240 1195 1274 1263 ἢ
1323 1193 1414 1247 καὶ
1465 1191 1650 1252 αὐταῖς
1701 1197 1820 1253 ταῖς

157 1291 387 1356 νοηταῖς
447 1281 755 1357 δυνάμεσιν,
807 1283 909 1338 οὐκ
964 1281 1024 1337 ἂν
1083 1284 1446 1359 παραστήσειε
1492 1286 1700 1353 τρανῶς
1752 1279 1820 1335 τά

159 1375 236 1436 ὥς
268 1373 408 1428 εἰσιν
453 1373 513 1428 ἐκ
541 1373 758 1428 πάντων
813 1370 1270 1448 ἀποκεκρυμμένα
1327 1376 1423 1425 τοῦ
1473 1375 1606 1424 Θεοῦ
1640 1389 1652 1402 ·
1703 1373 1819 1430 πῶς

153 1464 256 1538 γὰρ
323 1460 552 1517 δυνατὸν
608 1461 875 1534 ὀνομάσαι
935 1460 1044 1515 ἀπό
1101 1481 1249 1522 τινος
1333 1464 1440 1514 τῶν
1504 1456 1671 1513 ὄντων
1725 1458 1816 1512 τὸν

157 1554 310 1618 Θεὸν,
344 1553 487 1624 μήτε
513 1569 568 1605 τι
597 1555 704 1606 τῶν
732 1551 949 1606 πάντων
982 1547 1134 1618 ὄντα,
1165 1547 1312 1604 ἀλλά
1359 1549 1448 1603 καὶ
1484 1549 1616 1624 ὑπὲρ
1647 1546 1819 1602 πάντα

158 1642 227 1696 τὰ.
255 1637 390 1694 ὄντα
415 1659 429 1709 ς

229 1727 376 1787 Οὐδὲ
448 1724 627 1801 ὄνομα
702 1729 874 1797 αὐτῆς
948 1727 1081 1784 ἐστι.
1138 1725 1331 1788 Καλῶς
1379 1727 1408 1781 6
1457 1731 1601 1790 θεῖος
1660 1727 1816 1787 οὗτος

1948 571 2132 625 tatem
2159 570 2446 627 declarari
2472 589 2540 628 ex
2569 572 2960 645 appellatione
2990 575 3317 630 Trinitatis.
3344 575 3412 632 Ut
3434 579 3590 635 enim

1935 658 2644 718 adorandaineﬂ‘abilium
2670 662 3194 719 subsistentiarum
3225 665 3592 723 demonstra-

1932 747 2015 803 tio
2049 755 2573 821 representaretur,
2607 767 2890 807 numerus
2920 753 3280 822 excogitatus
3301 758 3410 823 est,
3437 755 3592 812 sicut

1933 836 2078 893 dicit
2107 839 2361 896 Basilius
2377 845 2435 896 et
2453 841 2636 896 divini
2658 841 2940 910 Gregorii.
2970 845 3203 898 Patrem
3227 861 3359 899 vero
3388 845 3592 900 fecun-

1929 925 2073 980 dum
2103 925 2345 982 abusive
2367 927 2700 1000 appellavit,
2724 933 3007 1000 tanquam
3027 929 3310 986 adorandi
3353 948 3589 1004 quoque

1937 1011 2066 1067 Filii
2097 1014 2447 1084 genitorem,
2483 1021 2539 1072 et
2570 1016 2750 1073 simul
2785 1034 2921 1072 cum
2955 1017 3103 1089 ipsis
3133 1019 3413 1076 adorandi
3459 1022 3591 1094 Spi-

1934 1101 2085 1157 ritus
2115 1104 2303 1158 sancti
2332 1105 2937 1162 fontem.Fecunditas
2960 1107 3159 1178 igitur,
3176 1107 3334 1164 aliud
3355 1110 3588 1182 aliquod

1929 1206 2142 1247 nomen
2169 1191 2509 1249 hominibus
2541 1198 2772 1265 notum,
2806 1199 2906 1251 aut
2936 1194 3113 1251 etiam
3165 1197 3312 1269 ipsis
3361 1198 3587 1255 intelli-

1934 1278 2216 1350 gibilibus
2249 1281 2570 1339 virtutibus
2596 1299 2700 1338 seu
2731 1283 2979 1356 angelis,
3012 1300 3127 1340 non
3178 1291 3378 1356 posset
3430 1287 3588 1344 clare

1933 1368 2204 1427 exhibere
2234 1369 2335 1425 Dei
2365 1371 2712 1428 abscondita
2741 1373 3050 1430 sicutsunt
3075 1392 3088 1441 ;
3113 1376 3404 1444 quomodo
3423 1377 3580 1431 enim

1929 1457 2103 1528 Deus,
2137 1458 2240 1530 qui
2271 1459 2418 1515 nihil
2451 1477 2646 1516 rerum
2677 1467 2787 1528 est,
2815 1463 2917 1518 sed
2948 1479 3130 1534 supra
3150 1479 3356 1520 omnes
3378 1481 3579 1534 res,ex

1929 1545 2130 1618 aliqua
2161 1563 2222 1604 re
2255 1565 2468 1606 nomen
2499 1549 2761 1623 accipere
2787 1551 3034 1623 posset?

1996 1727 2181 1800 Neque
2208 1730 2326 1800 ejus
2356 1744 2555 1786 nomen
2582 1738 2682 1786 est.
2714 1731 2961 1787 Divinus
2992 1732 3086 1788 hic
3111 1735 3263 1790 229
3315 1733 3406 1789 vir
3439 1735 3587 1791 bene

163 1819 293 1890 ἀνὴρ
326 1815 500 1891 λέγει,
535 1815 617 1871 ὅτι
650 1813 777 1870 οὐδὲ
805 1817 866 1870 τὸ
900 1812 1077 1888 ὄνομα
1126 1814 1292 1884 αὐτῆς
1349 1814 1515 1884 ἐστιν,
1547 1812 1672 1870 οὖδέ
1722 1812 1807 1868 λό-

331 1903 461 1916 ....
531 1904 546 1916 .
646 1899 733 1916 η..
923 1903 1003 1916 ...
1275 1903 1288 1916 .
1403 1906 1412 1916 .
1659 1905 1671 1916 .
1783 1901 1792 1916 .

1938 1814 2120 1872 dicit:
2152 1833 2343 1888 neque
2373 1818 2504 1888 ejus
2535 1835 2748 1875 nomen
2781 1824 2890 1890 est,
2925 1836 3116 1893 neque
3147 1820 3332 1893 ratio;
3365 1824 3467 1879 sed
3526 1823 3586 1879 in

162 1927 286 1981 γσς,
320 1903 472 1962 ἀλλὰ
526 1904 579 1960 ἰν
635 1899 857 1967 ἀϐάτοις
918 1903 1199 1980 ἐξῄρηται,
1233 1903 1296 1959 οὗ
1353 1906 1568 1972 τόποις,
1605 1905 1681 1976 μὴ
1739 1901 1824 1979 γέο

163 2013 314 2051 νοιτο
345 1997 358 2049 l
393 1991 542 2049 ἀλλά
589 1991 884 2068 λογισμοῖς
915 1992 1004 2048 καὶ
1060 1992 1461 2083 ἐνθυμήσεσινς
1497 1987 1697 2054 ἄϐατος
1725 2011 1830 2083 γαρ

156 2085 450 2155 παντὶνῷ
472 2081 563 2138 καὶ
623 2081 913 2156 ἐνθυμήσει
975 2084 1002 2136 ὁ
1053 2083 1177 2156 περὶ
1236 2085 1369 2137 Θεοῦ
1428 2081 1610 2156 λόγος.
1642 2082 1712 2135 Τὸ
1771 2077 1829 2134 δὲ

157 2175 298 2245 μήτε
363 2170 551 2245 ὄνομα
608 2171 778 2227 αὐτοῦ
838 2173 994 2243 εἶναι,
1026 2169 1212 2234 καλῶς
1259 2171 1348 2226 καὶ
1398 2167 1830 2231 εὖαπαλλάκτως

152 2263 354 2332 νόησον
392 2280 406 2295 ⁸
443 2262 512 2317 τά
561 2261 663 2337 γὰρ
698 2257 829 2316 ὅντα
859 2260 1030 2316 πάντα
1078 2262 1166 2315 καὶ
1202 2258 1272 2314 δι’
1305 2260 1588 2334 ὀνομάτων
1619 2260 1708 2314 καὶ
1741 2256 1830 2314 διὰ

155 2351 500 2429 πραγμάτων
559 2354 878 2426 γνωπικῶν
959 2351 1342 2422 σημαίνονται.
1404 2354 1565 2404 Ποῖον
1650 2348 1826 2404 τοίνυν

155 2440 336 2514 ὄνομα
373 2439 408 2509 ἢ
444 2444 675 2516 πρᾶγμα
703 2437 934 2494 δυνατὸν
967 2438 1336 2510 ἐπιθεῖναιτῷ
1380 2443 1520 2510 Θεῷ,
1549 2442 1628 2510 τῷ
1689 2437 1821 2513 ὑπὲρ

154 2533 325 2585 πάντα
354 2529 424 2584 τά
455 2523 584 2583 ὄντα
615 2528 960 2603 ἐξῃρημένῳ,
993 2527 1082 2582 καὶ
1113 2527 1444 2598 πεποιηκότι
1494 2529 1564 2582 τὰ
1620 2527 1820 2598 πάντα,

154 2620 237 2672 καὶ
291 2618 458 2690 αἰτίῳ
504 2622 611 2672 τῶν
662 2617 877 2671 πάντων
909 2635 922 2686 ;
953 2617 1046 2671 Διὸ
1098 2617 1188 2671 καὶ
1219 2618 1318 2686 την
1353 2614 1661 2692 ἀγαθότητα
1722 2615 1818 2670 αὖ·

149 2710 242 2776 τὴν
381 2707 449 2762 τὸ
497 2705 666 2762 καλόν
704 2728 866 2783 φησιν
915 2707 943 2761 6
984 2710 1128 2770 θεῖος
1185 2708 1342 2770 οὗτος
1399 2708 1679 2769 Διονύσιος
1737 2705 1812 2779 μὴ

153 2795 356 2872 κυρίως
414 2795 723 2874 ἐφαρμόσαι
771 2795 916 2867 αὐτῷ
961 2799 1039 2867 τῷ
1069 2799 1208 2866 Θεῷ,
1241 2792 1429 2864 ἐπειδή
1482 2795 1571 2849 καὶ
1623 2794 1676 2850 ἐν
1705 2800 1821 2859 τοῖς

155 2884 302 2939 οὖσιν
333 2885 679 2959 εὑρίσκονται
730 2884 917 2939 ταῦτα.
956 2884 1053 2938 Καὶ
1103 2882 1360 2958 ἀνωτέρω
1416 2881 1589 2947 οὕτως
1649 2883 1817 2958 εὑρή-

157 2995 283 3047 σεις,
313 2974 399 3028 δτι
432 2977 598 3027 ταῦτα
626 2973 692 3027 τὰ
741 2975 887 3042 πάθη
930 2973 1020 3026 καὶ
1080 2967 1466 3044 συμϐεϐηκότα
1503 2971 1812 3047 λογίζονται

156 3061 201 3115 ἐν
232 3068 352 3123 τοῖς
384 3060 557 3134 οῦσιν,
592 3064 726 3137 ὅπερ
763 3063 861 3116 οὐκ
886 3057 1029 3116 ἔστιν
1065 3060 1153 3116 ἐπὶ
1203 3066 1338 3117 Θεοῦ
1389 3066 1486 3116 τοῦ
1549 3063 1816 3138 ὑπερανα-

154 3147 456 3221 ϐεόηκότος
486 3152 698 3205 πάντων
709 3193 722 3207 .

1941 1903 2014 1960 iis
2045 1907 2118 1960 ad
2144 1922 2274 1977 quas
2304 1906 2501 1963 aditus
2535 1924 2650 1964 non
2680 1912 2859 1980 patet,
2889 1915 3117 1967 secreta
3135 1915 3245 1981 est,
3269 1927 3387 1967 non
3418 1911 3583 1985 locis,

1941 1993 2130 2050 absit!
2199 1997 2302 2052 sed
2371 1996 2919 2054 ratiocinationibus
2985 2004 3043 2055 et
3103 2000 3585 2073 cogitationibus.

1935 2087 2135 2140 Sermo
2167 2084 2323 2140 enim
2356 2085 2427 2141 de
2450 2085 2566 2142 Deo
2599 2086 2938 2144 inaccessus
2968 2093 3056 2144 est
3087 2088 3249 2146 omni
3290 2090 3473 2147 menti
3531 2097 3589 2148 et

1939 2172 2308 2244 cogitationi.
2339 2173 2516 2230 Porro
2548 2173 2716 2240 illud,
2749 2191 2940 2247 neque
2972 2177 3101 2248 ejus
3159 2194 3377 2235 nomen
3435 2196 3586 2251 esse,

1935 2261 2082 2316 bene
2114 2264 2171 2316 et
2199 2261 2474 2318 distincte
2507 2263 2765 2336 intellige
2791 2282 2805 2334 ;
2832 2282 2966 2320 nam
3003 2266 3202 2321 omnia
3243 2283 3370 2338 quo:
3419 2275 3582 2339 sunt,

1935 2349 2280 2405 nominibus
2311 2354 2368 2405 et
2397 2350 2728 2407 actionibus
2761 2353 3171 2425 cognationem
3216 2355 3581 2426 parientibus

1933 2437 2360 2510 signiﬁcantur.
2386 2439 2564 2504 Quale
2594 2439 2777 2512 igitur
2817 2458 3051 2510 nomen,
3103 2448 3206 2499 aut
3259 2444 3408 2500 actio
3467 2450 3578 2500 Deo

1932 2527 2151 2599 imponi
2183 2526 2418 2599 poterit,
2449 2529 2552 2600 qui
2582 2529 2653 2584 ab
2679 2529 2957 2586 omnibus
2979 2548 3107 2602 qua
3133 2536 3275 2588 sunt
3291 2538 3578 2604 secretus,

1929 2617 1986 2671 et
2015 2615 2282 2671 omnium
2312 2618 2602 2686 conditor,
2634 2635 2700 2674 ac
2729 2619 2994 2675 omnium
3027 2625 3118 2676 est
3141 2625 3362 2678 auctor.
3388 2626 3577 2687 Quare

1928 2703 2165 2761 divinus
2196 2705 2293 2761 hic
2319 2705 2632 2778 Dionysius
2659 2707 2803 2763 dicit
2848 2710 3036 2781 ipsam
3095 2709 3416 2767 bonitatem
3473 2718 3576 2768 aut

1927 2793 2243 2865 pulchrum
2267 2810 2383 2850 non
2406 2795 2638 2866 proprie
2661 2795 2775 2851 Deo
2797 2798 3125 2869 convenire,
3148 2800 3427 2870 quoniam
3453 2800 3573 2855 haec

1925 2882 2102 2938 etiam
2134 2883 2193 2937 in
2227 2883 2400 2940 rebus
2431 2882 2810 2940 inveniuntur
2838 2902 2851 2940 :
2885 2891 2942 2942 et
2973 2888 3245 2959 superius
3277 2888 3361 2944 ita
3406 2905 3571 2961 repe-

1924 2972 2063 3040 rias,
2100 2973 2432 3028 affectiones
2463 2973 2570 3030 bas
2601 2978 2658 3029 et
2723 2976 3048 3032 accidentia
3096 2975 3456 3033 considerari
3505 2978 3564 3033 in

1923 3061 2120 3129 rebus,
2153 3063 2309 3133 quod
2361 3078 2476 3117 non
2537 3061 2667 3118 licet
2724 3063 2784 3118 in
2829 3069 2943 3120 Deo
3003 3065 3101 3136 qui
3160 3065 3358 3123 omnia
3409 3071 3568 3122 tran-

1921 3150 2169 3206 scendit.

219 3217 399 3296 Ἂν).λά
458 3241 612 3312 πόθῳ
667 3242 764 3295 τοῦ
830 3245 992 3297 νοεῖν.
1050 3240 1399 3313 Σημείωσαι,
1448 3240 1651 3315 ὡραῖόν
1703 3261 1807 3317 φη-

1994 3239 2100 3294 Sed
2128 3238 2394 3295 desiderio
2424 3239 2794 3310 intelligendi.
2826 3243 2994 3312 Nota,
3020 3247 3262 3301 venuste
3280 3245 3382 3316 ait,
3408 3246 3568 3301 theo-

149 3351 248 3397 σιν,
280 3329 362 3383 ὅτι
415 3325 505 3382 διὰ
551 3329 612 3383 τὸ
665 3327 814 3390 ὅλως
845 3331 991 3382 νοεῖν
1023 3347 1102 3398 τι,
1134 3327 1225 3384 καὶ
1271 3327 1446 3403 λέγειν
1479 3331 1602 3402 περὶ
1653 3333 1808 3386 Θεοῦ,

147 3423 221 3488 τῷ
276 3417 402 3491 περὶ
466 3418 629 3472 αὐτὸν
687 3419 842 3488 πόθῳ
883 3416 1278 3492 κατεχόμενοι,
1307 3415 1370 3472 τὸ
1399 3425 1497 3486 τῆς
1549 3416 1815 3493 ἀγαθότη-

145 3527 235 3567 τος
291 3503 470 3578 ὄνομα
527 3500 802 3561 ἐπέϐαλον
854 3510 931 3577 τῷ
991 3511 1106 3578 Θεῷ
1156 3507 1207 3559 οἱ
1242 3505 1520 3580 Θεολόγοι,
1553 3506 1668 3561 ὖπεὶ
1723 3521 1813 3562 κυ·

150 3595 274 3668 ρῖως
333 3595 424 3649 καὶ
485 3592 822 3670 ὑπεράγαθος
881 3594 971 3649 καὶ
1035 3595 1360 3671 ὑπερούσιός
1417 3595 1559 3650 ἐστιν
1597 3597 1808 3652 ὁΘεός⁶

150 3685 209 3739 Ἠ
241 3681 298 3737 δὲ
347 3682 645 3758 ἀγαϐότης,
680 3684 753 3744 ὥς
813 3700 976 3757 φησιν
1035 3683 1213 3751 οὗτος,
1246 3683 1569 3756 σεμνότατον
1625 3682 1804 3758 ὄνομα

143 3777 253 3825 τῶν
312 3773 553 3827 πάντων.
616 3772 684 3830 Αἱ
747 3769 803 3826 δὲ
855 3771 1174 3848 ἀποφάσεις,
1224 3769 1352 3840 ἤτοι
1413 3774 1668 3848 ἀρνήσεις
1717 3759 1810 3827 καἱ

155 3863 446 3933 στερήσεις,
489 3859 577 3914 ἐπὶ
633 3864 765 3914 Θεοῦ
810 3860 918 3935 οὐχ
973 3861 1162 3922 ἁπλῶς
1222 3859 1464 3937 εἷ’ρηνται
1517 3864 1634 3923 τοῖς
1696 3861 1811 3916 Θεο⁹

153 3947 333 4024 λόγοις
362 3965 376 3980 ·
413 3948 474 4002 οὗ
525 3948 651 4024 γὰρ,
686 3948 761 4009 ὡς
813 3947 1086 4022 λέγονται,
1117 3954 1396 4017 νοοῦνται,
1441 3947 1588 4004 ἀλλά
1641 3951 1809 4024 ὑπερ-

153 4033 565 4106 αναϐεϐηκότως
624 4041 996 4112 θεωροῦνται·
1051 4037 1112 4091 τὸ
1184 4039 1287 4113 γὰρ
1370 4037 1657 4107 ἀθάνατος,
1716 4034 1803 4094 καὶ

149 4127 391 4199 ἀόρατος,
434 4126 523 4179 καὶ
584 4126 874 4203 ἄφθαρτος,
933 4125 1022 4179 καὶ
1081 4124 1359 4196 ἀνενδεὴς,
1417 4127 1506 4182 καὶ
1568 4127 1808 4202 ἀναμάρ-

147 4236 330 4285 τητος,
364 4215 462 4268 οὐκ
520 4212 580 4267 ἄν
637 4231 742 4281 τις,
804 4211 994 4291 σοφίας
1054 4213 1328 4289 μετέχων,
1381 4213 1804 4292 δημωδέστερον

151 4299 417 4357 ὑπολᾶὄοι
449 4323 461 4334 ·
498 4301 620 4358 οὔτε
669 4301 766 4357 ὅσα
817 4297 904 4357 ἆπὶ
957 4307 1089 4357 Θεοῦ
1117 4307 1342 4359 τοιαῦτα
1394 4303 1632 4380 λέγεται,
1663 4302 1811 4361 ἀλλά

149 4398 253 4446 τῶν
313 4390 667 4464 δηλουμένων
729 4391 1070 4464 ἐξιστάμενος
1130 4394 1214 4446 ἐπὶ
1285 4395 1380 4457 τὰς
1444 4395 1802 4468 σεσιγημὲνας

150 4482 232 4534 καὶ
289 4482 565 4554 θειοτέρας
618 4479 825 4541 ἐννοίας
885 4480 1163 4536 ἀνανεύσει
1199 4499 1212 4513 ⁶
1249 4479 1334 4536 διὸ
1381 4482 1469 4536 καὶ
1529 4483 1803 4557 θειοτέρας

1921 3327 2086 3399 logos
2120 3331 2184 3383 ut
2213 3327 2438 3400 aliquid
2486 3328 2727 3384 omnino
2776 3329 3192 3404 intelligerent,
3225 3339 3282 3388 et
3327 3335 3397 3389 de
3450 3335 3565 3390 Deo

1922 3417 2202 3487 dicerent,
2237 3417 2424 3489 ipsius
2457 3419 2744 3475 desiderio
2784 3425 3100 3493 correptos,
3137 3439 3348 3478 nomen
3399 3423 3566 3478 boni-

1920 3504 2063 3559 tatis
2093 3505 2210 3559 Deo
2242 3504 2620 3576 imposuisse,
2644 3508 2914 3577 quamvis
2935 3508 3166 3579 proprie
3193 3513 3343 3564 Deus
3366 3509 3442 3564 sit
3462 3527 3566 3565 su-

1921 3609 2026 3664 pra
2059 3593 2380 3648 bonitatem
2414 3599 2472 3648 et
2495 3611 2674 3666 supra
2695 3596 3034 3650 essentiam.
3069 3597 3331 3664 Bonitas,
3363 3603 3428 3652 ut
3471 3598 3562 3652 hic

1920 3681 2022 3748 ait,
2046 3698 2257 3736 nomen
2277 3682 2544 3738 omnium
2567 3683 3059 3754 augustissimum
3087 3703 3101 3753 ;
3125 3684 3422 3760 ἀποφάσεις
3435 3703 3562 3742 vero

1921 3787 2022 3826 seu
2039 3771 2378 3841 negationes
2390 3776 2446 3825 et
2458 3771 2834 3842 privationes,
2849 3772 2907 3826 in
2922 3778 3060 3841 Deo,
3077 3790 3191 3828 non
3217 3774 3565 3845 simpliciter

1921 3857 2255 3929 atheologis
2269 3859 2581 3924 dicuntur;
2603 3877 2714 3915 non
2729 3859 2885 3914 enim
2910 3861 3062 3916 sicut
3075 3862 3354 3916 dicuntur
3376 3862 3456 3917 ita
3478 3863 3533 3918 in
3547 3894 3564 3903 -

1917 3943 2286 4018 telliguntur,
2305 3948 2405 4002 sed
2423 3948 2593 4002 modo
2609 3949 3106 4004 transcendentali
3120 3949 3567 4006 considerantur

1917 4037 2060 4091 Nam
2096 4035 2431 4091 immortalis
2462 4041 2518 4092 et
2538 4036 2900 4092 indivisibilis
2933 4043 2990 4093 et
3020 4040 3486 4111 incorruptibilis,
3511 4046 3565 4096 ct

1914 4126 2130 4179 nullius
2163 4125 2406 4196 indigus,
2438 4126 2829 4197 impeccabilis,
2862 4127 3062 4184 nullus
3093 4129 3395 4200 sapientia:
3429 4147 3566 4201 par-

1913 4214 2099 4286 ticeps
2131 4214 2304 4268 modo
2320 4213 2544 4285 vulgari
2563 4215 2830 4286 excipiet,
2850 4232 2956 4271 nec
2979 4217 3177 4272 omnia
3192 4218 3412 4274 similia
3435 4237 3562 4292 quae

1910 4300 1982 4358 de
2012 4303 2126 4358 Deo
2158 4299 2473 4370 dicuntur;
2500 4303 3563 4376 sed,abiisquzedeclaranturabhor-

1914 4406 2068 4462 rens,
2100 4391 2160 4446 in
2213 4392 2422 4447 tacitas
2473 4398 2530 4447 et
2573 4392 2891 4449 diviniores
2939 4395 3320 4464 cogitationes
3360 4398 3560 4467 suspi-

1916 4479 2064 4547 ciet;
2102 4485 2412 4552 propterea
2443 4481 2615 4536 etiatn
2648 4482 2935 4538 diviniora
2969 4483 3068 4539 Dei
3102 4485 3342 4539 nomina
3359 4491 3562 4556 postea

153 4570 445 4642 θεωνυμέας
503 4568 692 4646 ἐφεξῆς
768 4567 929 4629 αὐτὰς
983 4569 1169 4632 καλῶς
1229 4571 1640 4646 προσαγορεύει.
1687 4572 1801 4643 Ἐε-

1934 4585 2067 4638 psas
2099 4569 2375 4641 appellat.
2414 4569 2560 4624 Nam
2599 4570 2795 4626 anima
2827 4571 2926 4626 ubi
2959 4572 3252 4642 corporeis
3284 4573 3560 4628 omnibus

157 4660 411 4732 ισταμένη
446 4660 549 4733 γάρ
583 4661 618 4727 ἡ
650 4659 806 4733 ψυχὴ
838 4662 948 4713 τῶν
1003 4663 1330 4732 σωματικῶν
1376 4665 1562 4714 πασῶν
1609 4657 1802 4732 α’ίσθή-

161 4769 285 4802 σεων
344 4747 431 4802 καὶ
487 4751 984 4819 κοσμικῶν,ταῦτα
1041 4749 1145 4823 γὰρ
1196 4749 1360 4822 ἑαυτῇ
1392 4749 1614 4819 ἐποίησε
1663 4750 1799 4823 σύμ-

156 4836 296 4908 φυλα
327 4857 339 4868 °
375 4835 518 4890 οὕτω
551 4835 872 4890 συνάπτεται
921 4841 1001 4907 τῷ
1059 4835 1348 4914 ἀκραιφνεῖ
1401 4845 1502 4907 τῆς
1549 4840 1802 4913 γνώσεως

156 4929 245 4977 τοῦ
289 4923 442 4994 Θεοῦ,
474 4926 595 4986 καθ’
626 4925 750 4978 ὅσον
795 4923 1040 4978 δυνατόν’
1067 4923 1210 4979 ἐστιν
1259 4926 1572 5001 ἀνθρωπίνῃ
1621 4927 1796 5002 φύσει,

162 5012 229 5072 ὡς
271 5013 356 5066 καὶ
417 5014 444 5067 ὁ
509 5011 847 5074 Ἀπόστολος
899 5012 1186 5068 αἰνίττεται
1238 5013 1409 5088 λέγων
1446 5037 1458 5050 ·
1493 5017 1599 5071 Καὶ
1658 5017 1800 5072 οὕτω

157 5103 373 5156 πάντοτε
430 5101 524 5156 σὺν
587 5099 768 5175 Κυρίῳ
825 5099 1054 5174 ἐσόμεθα
1083 5122 1095 5135 ·
1130 5103 1218 5158 καὶ
1261 5103 1427 5158 πάλιν
1466 5122 1478 5134 ⁸
1502 5109 1612 5161 Νῦν
1644 5105 1716 5168 ὡς
1751 5105 1802 5159 ἐν

156 5187 424 5265 αῗνίγματι
457 5190 544 5244 καὶ
585 5186 637 5242 ἐν
664 5188 911 5265 ἐσόπτρῳ
951 5189 1166 5266 ὁρῶμεν
1206 5211 1218 5224 ·
1251 5191 1373 5247 τότε
1405 5190 1461 5247 δὲ
1489 5193 1550 5248 τὸ
1580 5194 1797 5268 πρόσω-

160 5297 249 5330 πον
278 5279 411 5352 πρὸς
437 5278 738 5354 πρόσωπον
783 5276 1050 5353 ὀψόμεθα.

218 5366 292 5422 Τὸ
348 5369 454 5421 τῶν
543 5367 830 5440 ὀνομάτων
911 5367 1258 5425 σεπτότατον.
1323 5368 1637 5442 Σημείωσαι
1715 5373 1796 5426 ὅτι

165 5454 362 5509 πάντων
418 5454 706 5528 ὀνομάτων
763 5455 1086 5511 σεπτότατον
1137 5459 1172 5528 ἡ
1227 5455 1498 5533 ἀγαθότης
1534 5479 1546 5493 ·
1582 5456 1666 5515 διὸ
1706 5461 1795 5516 καὶ

170 5543 388 5614 ωρώτως
414 5547 494 5616 τῷ
527 5545 645 5616 Θεῷ
677 5544 995 5622 ἀφιέρωται.
1211 5531 1234 5550 δ

1913 4657 2192 4712 sensibus
2225 4661 2279 4712 et
2309 4653 2485 4712 rebus
2509 4658 2828 4714 mundanis
2851 4675 2912 4713 se
2933 4660 3239 4727 abdicarit,
3263 4660 3385 4716 haec
3403 4663 3558 4718 enim

1912 4746 2024 4800 sibi
2058 4745 2368 4802 familiaria
2397 4746 2553 4812 fecit,
2587 4751 2711 4802 tum
2744 4747 3076 4818 purissima:
3095 4747 3196 4802 Dei
3221 4749 3556 4821 cognitioni,

1913 4839 2190 4903 quantum
2226 4839 2446 4889 naturas
2480 4834 2750 4890 humanae
2783 4835 2938 4905 licet,
2971 4837 3370 4907 conjungitur,
3404 4839 3561 4894 sicut

1910 4922 2230 4993 Apostolus
2261 4923 2542 4989 insinuat,
2585 4923 2786 4978 dicens
2815 4941 2827 4977 :
2862 4926 2924 4978 Et
2945 4926 3022 4978 sic
3051 4941 3262 4996 semper
3289 4942 3412 4980 cum
3457 4927 3558 4981 Do-

1910 5021 2068 5074 mino
2097 5022 2304 5075 erimus
2335 5021 2428 5090 (e),
2460 5025 2516 5075 et
2546 5025 2757 5075 iterum
2786 5037 2798 5073 :
2833 5023 2992 5075 Nunc
3019 5022 3161 5076 sicut
3183 5025 3241 5077 in
3265 5025 3559 5092 aenigmate

1909 5114 1961 5163 et
1993 5110 2211 5178 speculo
2241 5108 2488 5163 videmus
2515 5126 2527 5163 :
2563 5115 2676 5163 tum
2708 5112 2890 5163 autem
2922 5111 3074 5179 [acie
3103 5111 3172 5165 ad
3217 5113 3424 5183 faciem
3474 5115 3555 5168 vi-

1909 5198 2158 5254 debimus
2191 5201 2273 5270 (f).

1976 5377 2269 5433 Hominum
2302 5377 2550 5430 maxime
2580 5377 2911 5433 venerabile.
2957 5378 3103 5434 Nota
3143 5381 3404 5438 omnium
3450 5402 3556 5440 no-

1907 5467 2135 5522 minum
2168 5463 2659 5536 augustissimum
2692 5482 2822 5522 esse
2845 5465 3074 5541 bonitas,
3094 5469 3341 5543 ideoque
3363 5471 3557 5545 primo

1901 5556 2018 5612 Deo
2051 5551 2376 5609 dedicatur.

223 5669 328 5740 (e)!
360 5671 569 5729 Thess.
604 5688 685 5740 ιν,
716 5670 805 5728 l6.
837 5672 903 5743 (l)
933 5675 956 5729 Ι
987 5672 1116 5732 Cor.
1148 5691 1275 5745 xm,
1311 5675 1396 5732 12.
1430 5676 1568 5734 Vide
1600 5679 1741 5738 Nov.
1775 5689 1807 5739 Ἰ

1927 5722 1933 5740 .
1967 5685 2150 5738 Graec.
2185 5681 2333 5751 Aug.
2357 5677 2582 5734 Schols.
