4004 6200
164 347 260 398 417

901 346 958 396 S.
1001 345 1268 397 MAXlMl
1305 342 1607 397 SCHOLIA
1646 341 1719 394 ΙΝ
1759 342 1892 394 LIB.
1933 343 2028 394 DE
2066 343 2378 396 MYSTICA
2414 346 2851 400 THEOLOGlA.

3477 351 3582 404 418

163 465 424 533 ἀνοησὶαν
471 461 749 518 έκάλεσεν’
808 460 1035 516 ἐνταῦθα
1085 459 1142 515 δὲ
1177 460 1575 516 σκοτεινότατον
1619 457 1820 532 γνόφον

1958 461 2193 529 ινοησίαν
2228 463 2597 534 cogitationis
2641 466 3022 534 vacuitatem;
3084 484 3238 523 nunc
3294 487 3423 524 vero
3456 491 3580 524 σκο·

160 555 246 606 καὶ
298 552 534 626 ἀόρατον
583 551 720 606 κατὰ
766 551 860 605 τὸν
914 547 1255 622 Ψαλμῳδὸν.
1304 547 1522 623 Νεφέλη
1569 547 1657 601 καὶ
1702 546 1827 622 γνό-

161 663 262 714 φος
323 639 516 713 κόκλῳ
567 638 751 694 αὑτοῦ·
811 639 901 692 καὶ
936 684 950 709 ,
1011 640 1202 694 Ἐθετο
1263 637 1453 699 σκότος
1507 636 1826 712 ἁποκρυιρήν

163 731 356 786 αὐτοῦ.

225 908 380 972 Τοὺς
413 909 765 983 ἀνομμάτους
816 907 966 970 νόας.
1017 906 1090 961 Οὐ
1138 908 1239 982 γάρ
1284 906 1559 976 αἴσθητῶν
1615 901 1824 979 ὀφθαλ-

164 1004 282 1071 μῶν
320 998 426 1053 εἶσι
461 998 670 1070 μεστοὶ,
703 995 830 1051 ἀλλ’
879 995 1018 1051 ἐστὶν
1069 995 1243 1050 αὐτῶν
1366 993 1543 1065 οὐσία,
1577 994 1668 1048 ἅτε
1719 997 1823 1060 ζῶν

161 1085 312 1158 vri-3;,
367 1085 479 1156 ὅλη
527 1083 810 1162 ὀφθαλμὸς
868 1082 1338 1158 ὀξυδερκέστατος·
1401 1083 1518 1146 ὅθεν
1579 1083 1666 1136 καὶ
1722 1102 1823 1134 πο·-

163 1174 492 1248 λυόμματοι
524 1172 772 1250 λέγονται
805 1173 854 1226 ἐν
889 1177 958 1246 τῇ
991 1176 1199 1249 Γραφῇ.

225 1265 336 1318 Καὶ
396 1264 498 1325 τάς
574 1263 849 1332 αἰσθήσεις
919 1259 1184 1316 ἀπόλειπε
1222 1304 1235 1316 .
1297 1261 1390 1316 Ἐκ
1453 1255 1824 1332 παραλλήλου

160 1353 213 1406 τὸ
243 1353 389 1406 αὐτὸ
425 1349 712 1422 δηλοῦται·
744 1351 811 1405 τὰ
857 1351 962 1425 γὰρ
1013 1349 1242 1419 αἶ’σθητά
1289 1347 1422 1402 αὐτὰ
1467 1347 1728 1403 καλοῦσιν
1771 1349 1822 1401 οἱ

161 1441 395 1496 παλαιοὶ
436 1441 512 1514 μή
565 1435 718 1510 ὅντα,
761 1441 852 1494 ἅτε
903 1433 1214 1512 μεταϐολῆς
1245 1436 1452 1508 ἁπάσης
1503 1437 1824 1511 μετέχοντα,

162 1529 240 1584 καὶ
283 1531 369 1602 μή
415 1529 677 1592 ὡσαύτως
722 1530 801 1583 ἀεὶ
852 1524 995 1584 ὄντα·
1024 1529 1090 1582 τά
1139 1525 1196 1582 δέ
1225 1529 1416 1596 νοητά,
1450 1527 1522 1588 ὡς
1573 1526 1652 1580 ἀεὶ
1701 1522 1828 1579 ὄντα

163 1619 404 1682 ἀθάνατα
459 1617 723 1694 βουλήσει
764 1622 860 1672 τοῦ
908 1618 1237 1687 ποιήσαντος
1267 1615 1356 1670 καὶ
1399 1617 1497 1684 τήν
1530 1615 1715 1668 οὐσίαν
1749 1615 1824 1686 μή

168 1702 612 1781 μεταϐάλλοντα,
668 1706 920 1782 λέγουσιν
970 1702 1094 1760 ὄντα
1130 1749 1143 1763 .
1205 1709 1385 1762 Ταῦτα
1443 1701 1499 1758 δὲ
1556 1701 1827 1764 πολλάκις

163 1796 630 1870 παρατεθείκαμιν
669 1795 721 1850 έν
755 1801 834 1868 τῷ
863 1794 993 1869 Περὶ
1026 1796 1184 1858 θείων
1213 1793 1496 1865 ὀνομάτων
1532 1791 1702 1866 λόγῳ.

224 1886 400 1960 ’Υπὲρ
455 1891 627 1939 πᾶσαν
693 1884 879 1939 οὐσίαν
916 1926 930 1940 .
992 1883 1105 1951 Τὴν
1185 1881 1470 1952 ἁπλότητα
1542 1881 1633 1935 καὶ
1695 1880 1826 1954 ὑπέρ

170 1982 341 2029 πᾶσαν
377 1970 561 2028 ἒνάδα.
595 1977 718 2036 Πῶς
765 1969 822 2026 δὲ
872 1972 1157 2048 ἆγνώστως
1207 1969 1536 2024 ἀνατείνεται
1583 1990 1665 2032 τις
1692 1969 1829 2044 πρὸς

171 2061 330 2133 Θεὸν,
391 2062 485 2116 καὶ
544 2060 599 2117 ἐν
653 2065 732 2134 τῷ
788 2061 916 2135 Περὶ
993 2058 1150 2123 θείων
1209 2057 1490 2131 ὀνομάτων
1549 2055 1829 2135 κεφαλαίῳ

170 2155 410 2225 πέμπτῳ
446 2149 682 2226 εἴρηται,
710 2150 800 2205 καὶ
833 2148 1058 2205 ἐνταῦθα
1091 2148 1226 2222 μετᾶ
1255 2148 1461 2225 βραχέα
1493 2147 1758 2223 εὑρήσεις.

235 2330 498 2404 Ἀσχὲτῳ
556 2328 647 2383 καὶ
708 2326 970 2399 ἀπολῦτῳ
1001 2368 1012 2382 ,
1074 2331 1339 2401 ’Άσχετον
1396 2323 1637 2380 ἓκστασὶν
1697 2345 1830 2403 φησι

169 2422 258 2488 τὴν
299 2417 662 2494 ἀναχώρησιν
707 2417 882 2484 πάσης
931 2417 1191 2492 σχέσεως,
1223 2415 1336 2469 ἀντὶ
1383 2419 1479 2470 τοῦ
1526 2413 1617 2469 τίνα
1661 2412 1830 2487 μηδε-

172 2513 262 2580 μιᾷ
296 2507 600 2582 κατέχοιτο
631 2507 838 2582 σχέσει,
873 2508 1012 2578 μήτε
1041 2505 1175 2582 πρὸς
1208 2504 1391 2574 αὐτὸν,
1430 2506 1566 2578 μήτε
1611 2503 1746 2578 πρός
1776 2525 1828 2558 τι

169 2602 268 2651 τῶν
312 2594 658 2668 κτισμάτων.

239 2687 495 2747 Σκότους
548 2686 755 2740 ἀκτῖνα.
791 2682 888 2738 Καὶ
939 2681 1160 2747 ἐνταῦθα
1203 2683 1392 2745 σκότος
1439 2683 1539 2751 τὴν
1587 2680 1828 2750 παντελῆ

173 2775 563 2846 ἀκαταληψίαν
596 2769 720 2851 ἔγη.

239 2867 370 2935 3'“.
410 2860 619 2933 Μηδεῖς
667 2867 774 2917 τῶν
825 2862 1109 2936 ἀμυήτων.
1159 2861 1476 2934 Σημείωσαι
1525 2859 1607 2914 ὅτι
1654 2860 1832 2932 ἀμυή-

172 2975 290 3015 τους
341 2952 483 3030 φησὶ
533 2951 659 3013 τους
714 2952 808 3024 μὲν
847 2956 956 3007 τῶν
1011 2955 1279 3024 μυστικῶν
1331 2947 1662 3023 ἀμετόχουε,
1717 2953 1835 3012 τοῖς

176 3043 230 3097 δέ
260 3043 561 3112 αἰσθητοῖς
615 3040 1048 3114 ἐνειλουμένους,
1097 3039 1186 3094 καὶ
1245 3035 1398 3093 οὐδὲν
1450 3039 1582 3112 ὑπὲρ
1612 3039 1678 3092 τά
1710 3033 1835 3092 ὄντα

911 3129 1134 3205 Ἀμέλει
1210 3130 1336 3206 περὶ
1410 3135 1516 3185 τῶν
1593 3127 1834 3183 καθόλου

175 3223 448 3294 ἀμυήτων
504 3222 662 3285 εὐθὺς
717 3221 1062 3298 παρακατςών
1123 3241 1254 3298 φησι
1292 3264 1305 3277 .

178 3311 259 3363 δτι
292 3310 510 3371 ἄλλους
542 3309 666 3371 τοὺς
697 3311 978 3382 ἀμυήτους
1007 3307 1149 3384 λέγει
1181 3307 1271 3362 καὶ
1302 3305 1507 3368 ἄλλους
1551 3305 1678 3369 τοὺς
1707 3306 1840 3378 ἀμύ·

178 3133 304 3188 εἶναι
367 3133 829 3210 φανταζομένους.

177 3420 363 3468 στους,
398 3398 572 3472 ἤγουν
602 3400 1127 3474 ἀμυσταγωγήτους.

249 3488 313 3544 Εἰ
347 3486 412 3542 δὲ
456 3488 587 3563 ὑπὲρ
632 3487 858 3550 τούτους
909 3487 1033 3545 εἰσί.
1065 3487 1144 3544 Τὰ
1195 3487 1286 3559 μέν
1332 3486 1438 3559 πρὸ
1484 3485 1689 3539 τούτων
1735 3481 1834 3560 ἔφη

179 3579 296 3651 περὶ
326 3581 446 3630 τῶν
477 3576 872 3631 πιστευσάντων
921 3578 1014 3649 μέν
1061 3580 1138 3648 τῷ
1183 3573 1406 3647 ὀνόματι
1437 3578 1532 3628 τοῦ
1581 3578 1836 3648 Χριστοῦ,

183 3668 256 3736 μὴ
293 3668 413 3738 μὴν
456 3665 542 3719 ἐπὶ
588 3667 687 3734 τὴν
732 3664 1070 3739 τελειοτέραν
1118 3663 1386 3719 ἐλθόντων
1437 3667 1661 3738 γνῶσιν,
1695 3661 1839 3716 ἀλλὰ

179 3755 650 3829 συιαμετροῦντων
694 3759 762 3828 τῇ
807 3754 982 3826 οἰκείᾳ
1015 3753 1143 3828 δόξῃ
1195 3754 1295 3822 τήν
1326 3751 1604 3823 ἀλήθειαν,
1636 3751 1725 3805 καὶ
1761 3752 1836 3823 μή

180 3843 410 3900 εἶδότων
448 3842 708 3921 διαφοράν
739 3841 903 3899 ὄντων
939 3842 1141 3920 κυρίως
1169 3843 1257 3898 καὶ
1303 3840 1611 3915 ὁμωνύμων
1643 3835 1834 3911 ὄντων,

180 3932 383 3987 οὐσιῶν
437 3934 529 3986 καὶ
572 3933 736 3987 auro}
771 3936 868 3986 τοῦ
914 3932 1044 4004 ὑπὲρ
1089 3931 1155 3984 τά
1203 3927 1351 4001 ὄντα,
1405 3927 1489 3984 διὸ
1534 3927 1622 3982 καὶ
1675 3928 1838 4002 ὑπερ-

181 4021 394 4076 ουσὶου.
436 4023 503 4078 0".
556 4025 681 4096 γοῦν
730 4025 993 4092 τοιοῦτοι,
1027 4020 1100 4081 ὡς
1155 4017 1418 4093 ἀμύητοι,
1465 4021 1572 4071 τῶν
1623 4015 1839 4088 ὑψηλο-

176 4111 352 4187 τέρων
404 4107 857 4183 ὑπολαμϐάνουσι
889 4111 1025 4166 κατά
1054 4108 1314 4180 ἀλήθειαν
1364 4109 1555 4172 σκότος
1600 4106 1733 4161 εἶναι
1781 4106 1842 4159 τὸ

179 4203 420 4277 ἀρετγὲς
472 4205 633 4255 τοῦτο
675 4201 736 4255 τὸ
786 4201 911 4276 παρ’
964 4202 1098 4273 ἡμῖν
1156 4199 1393 4271 σκίασμα
1448 4197 1724 4253 καλύπτον
1751 4197 1841 4250 τὸν

178 4291 336 4359 Θεὸν,
375 4291 467 4344 καὶ
498 4289 842 4364 ἀποκρύπτον
873 4289 1031 4344 αὐτὸν
1081 4295 1181 4358 τῆς
1219 4288 1466 4342 ἁπάντων
1521 4289 1668 4354 θέας,
1713 4284 1843 4360 ὅπερ

179 4382 256 4440 ὡς
317 4378 549 4449 άληθῶς
599 4383 815 4433 νοσοῦτι
874 4377 1076 4433 πολλοὶ
1137 4379 1224 4433 καὶ
1287 4377 1338 4432 ἐν
1397 4379 1555 4449 ἡμῖν,
1616 4377 1705 4429 ἅτε
1768 4375 1842 4446 μή

178 4470 550 4543 γινώσκοντες
583 4468 644 4521 τὸ
693 4461 1103 4541 ἀνυπέρϐλητον
1140 4471 1253 4545 φῶς
1285 4472 1453 4521 πᾶσαν
1505 4460 1627 4538 ὄψιν
1663 4464 1844 4518 σκοτί-

185 4565 323 4626 ζειν.

183 4647 448 4721 εἴποιμεν
499 4646 622 4720 περὶ
672 4643 1090 4719 εἰδωλολατρῶν
1139 4649 1246 4699 τῶν
1297 4641 1600 4698 παντάπασι
1634 4641 1843 4695 πάντω-Ι

187 4741 474 4810 μυστικῶν
552 4735 844 4810 ἆμετόχων
919 4735 1006 4788 καὶ
1079 4735 1234 4809 [πρὸς
1294 4733 1418 4805 ξόνα
1483 4730 1847 4799 τεθηπότωο.;

187 4827 422 4900 Κυρίως
458 4825 553 4895 μὲν
587 4824 678 4877 οὖν
714 4821 839 4878 ὄντα
885 4824 953 4876 τὰ
998 4824 1185 4892 νοητά·
1222 4821 1536 4895 ὁμωνύμως
1589 4817 1645 4873 δὲ
1668 4819 1734 4872 τὸ.
1764 4817 1849 4871 αἰ-

183 4916 392 4984 σθητά.
433 4914 508 4970 Τὸ
568 4911 625 4966 δὲ
665 4913 797 4985 ὑπὲρ
842 4912 1066 4972 τούτους
1113 4911 1240 4972 τοὺς
1290 4909 1516 4970 πιστοὺς
1570 4906 1848 4978 δηλονότι,

181 5006 317 5066 τοὺς
350 5003 410 5058 ἐν
442 5008 558 5064 τοῖς
589 5005 848 5080 φθαρτοῖς
879 5000 1296 5076 ἐνισχημένους.

259 5274 404 5326 Δέον
453 5271 538 5325 ἐπ’
586 5269 745 5343 αὐτῇ.
792 5269 879 5330 Ὠς
924 5270 1096 5322 πάντα
1143 5267 1308 5338 οὔσης
1367 5267 1705 5341 θεοπρεπῶς,
1766 5265 1855 5319 καὶ

189 5358 376 5432 μηδὲν
436 5358 604 5430 οὔσης
665 5357 1021 5434 ὑπερουσίως·
1054 5356 1188 5428 αὕτη
1245 5356 1345 5433 γάρ
1402 5356 1488 5409 καὶ
1551 5354 1692 5418 θέσις
1744 5354 1856 5410 ἐστὶ

185 5452 279 5505 καὶ
338 5449 638 5527 ἀπόφασις,
698 5446 809 5503 ἐπεὶ
872 5447 961 5502 καὶ
1018 5446 1221 5520 κυρίως
1275 5444 1556 5523 ἀμφότερα
1615 5444 1701 5498 ἐπὶ
1758 5452 1858 5514 τῆς

262 5650 350 5722 (9)
391 5647 546 5704 Paul.
575 5664 727 5713 xcvi.
758 5651 813 5702 2.
847 5648 922 5719 (ἡ)
956 5645 1111 5704 Psal.
1145 5663 1282 5714 xvu,
1318 5645 1416 5700 12.

1933 549 2234 605 τεινέτατον
2265 551 2486 628 γνὸφον,
2522 554 3008 611 obscurissimam
3044 557 3350 629 caliginem
3401 577 3467 614 ac
3500 557 3579 615 in-

1935 639 2226 696 visibilem
2262 641 2464 711 ;juxta
2513 641 2878 714 psalmorum
2925 646 3236 702 Cantorem
3266 664 3278 702 :
3313 650 3486 704 Nubes
3533 661 3585 706 et

1934 728 2114 798 caligo
2144 729 2206 783 in
2231 732 2472 785 circuitu
2501 733 2618 800 ejus
2648 733 2722 804 (g)
2755 737 2853 800 ;et
2880 752 2898 788 :
2932 735 3122 790 Posuit
3173 739 3421 792 tenebras
3453 739 3582 793 lati-

1936 818 2123 873 bulum
2143 837 2302 874 suum
2337 821 2446 892 (Ιι).

2006 909 2149 964 231
2191 913 2400 965 Mentes
2429 913 2605 966 oculis
2634 916 2840 982 captas.
2876 914 2998 969 Non
3051 915 3206 971 enim
3264 916 3582 974 sensilibus

1935 995 2120 1050 oculis
2155 994 2308 1067 pleni
2341 1003 2502 1066 sunt,
2537 1000 2636 1053 sed
2685 1016 2888 1056 eorum
2946 1003 3201 1059 essentia
3259 1009 3369 1070 est,
3427 1004 3584 1062 velut

1938 1101 2100 1140 mens
2131 1085 2277 1156 viva,
2313 1091 2434 1141 tota
2464 1088 2668 1143 oculus
2699 1089 3029 1146 acutissimi
3063 1091 3220 1148 visus
3255 1114 3270 1162 ;
3318 1095 3472 1151 unde
3503 1096 3586 1151 di-

1935 1178 2149 1228 cuntur
2178 1175 2237 1228 in
2269 1174 2570 1246 Scriptura
2620 1177 2836 1234 multos
2868 1179 3082 1235 habere
3113 1182 3331 1238 oculos.

2005 1267 2068 1321 Et
2105 1283 2298 1323 sensus
2350 1268 2618 1339 relinque.
2655 1270 2772 1325 Hoc
2824 1287 2892 1326 ex
2925 1278 3128 1327 mutua
3152 1275 3584 1344 comparatione

1937 1354 2304 1412 declaratur:
2335 1374 2469 1412 nam
2503 1358 2730 1429 antiqui
2760 1362 3058 1416 non-entia
3091 1369 3367 1420 vocarunt
3391 1366 3581 1420 sensi-

1937 1443 2036 1510 lia,
2069 1444 2207 1516 quia
2236 1462 2466 1502 omnem
2531 1448 2912 1504 mutationem
2973 1451 3345 1523 participant,
3378 1458 3434 1508 et
3466 1472 3579 1510 nou

1936 1538 2077 1587 sunt
2105 1549 2335 1605 semper
2363 1535 2566 1590 eodem
2592 1537 2801 1592 modo:
2836 1536 3228 1609 inlelligibilia
3265 1557 3396 1596 vero
3427 1542 3582 1597 entia

1936 1621 2143 1676 dicunt
2172 1623 2309 1693 quia
2337 1623 2640 1679 voluntate
2687 1627 2974 1682 Creatoris
3023 1627 3177 1683 velut
3228 1627 3585 1686 immortalia

1938 1713 2077 1764 sunt
2107 1727 2210 1765 nec
2236 1712 2629 1768 substantiam
2665 1721 2917 1771 mutant.
2975 1716 3104 1773 Hmc
3163 1735 3315 1789 sazpe
3347 1720 3404 1774 in
3435 1719 3584 1776 libro

1937 1799 2010 1853 De
2038 1797 2244 1855 divinis
2273 1800 2587 1856 nominibus
2610 1803 3016 1874 exposuimus.

2007 1886 2188 1959 Supra
2218 1903 2431 1944 omnem
2460 1891 2849 1948 substantiam.
2875 1892 3320 1964 Simplicitatem
3340 1901 3590 1971 etsupra

1937 1992 2171 2032 omnem
2189 1978 2806 2045 unitatem.Quomodo
2819 1986 3017 2038 autem
3033 1983 3248 2056 aliquis
3262 1986 3586 2058 ignorando

1936 2065 2009 2120 ad
2029 2065 2211 2122 Deum
2227 2066 2504 2140 elevatur,
2524 2073 2648 2124 tum
2674 2070 2731 2125 in
2759 2069 2908 2128 libro
2933 2073 3008 2128 De
3037 2073 3247 2130 divinis
3267 2078 3588 2135 nominibus

1937 2156 2124 2226 capite
2154 2155 2359 2227 quinto
2389 2158 2609 2213 dictum
2663 2164 2772 2228 est,
2806 2165 2932 2216 tum
2989 2161 3085 2217 hic
3116 2168 3250 2234 post
3281 2182 3467 2237 pauca
3497 2166 3588 2223 in-

1937 2258 2159 2300 venies.

2008 2337 2117 2387 Per
2143 2333 2374 2391 liberum
2402 2341 2456 2392 et
2483 2336 2803 2393 absolutam.
2840 2338 3108 2395 Liberum
3149 2341 3477 2400 discessum
3501 2345 3588 2401 di-

1940 2421 2014 2476 cit
2043 2438 2342 2480 secessum
2372 2426 2444 2480 ab
2475 2426 2631 2480 omni
2665 2427 3103 2499 ali'ectu,pro,ut
3136 2429 3296 2486 nullo
3331 2432 3590 2489 detinea-

1940 2513 2039 2564 tur
2074 2511 2309 2582 ail‘ectu,
2342 2529 2530 2584 neque
2562 2531 2701 2588 erga
2739 2531 2823 2583 se,
2884 2533 3076 2590 neque
3131 2535 3270 2590 erga
3326 2521 3587 2594 aliquam

1941 2603 2290 2658 creaturam.

2013 2689 2375 2747 Tenebrarum
2396 2692 2632 2748 radium.
2647 2693 2764 2749 Hoc
2790 2693 2915 2750 loco
2937 2694 3079 2752 dicit
3107 2697 3378 2755 tenebras
3399 2715 3492 2756 om
3503 2699 3592 2754 ni-

1943 2777 2176 2834 modam
2211 2779 2991 2854 incomprehensibilitatem.

2020 2872 2149 2944 §II.
2173 2872 2342 2925 Nemo
2371 2885 2558 2925 eorum
2605 2871 2700 2942 qui
2756 2887 2866 2926 non
2921 2880 3050 2927 sunt
3104 2874 3383 2930 instructi.
3439 2873 3588 2932 Nota

1943 2977 2078 3016 eum
2109 2973 2312 3014 vocare
2340 2955 2619 3028 ἀμυήτους
2650 2975 2748 3014 eos
2779 2959 2878 3030 qui
2912 2963 3188 3032 mysteria
3212 2963 3447 3034 quidem
3477 2981 3593 3019 non

1943 3046 2389 3122 participarunt,
2422 3047 2524 3102 sed
2580 3046 2898 3103 sensilibus
2926 3048 3323 3117 involvuntur,
3357 3056 3414 3107 et
3447 3051 3595 3107 nihil

1943 3153 2072 3193 esse
2103 3151 2284 3206 supra
2311 3150 2379 3189 ea
2409 3150 2535 3206 qua
2565 3134 2840 3190 videntur
2896 3137 3279 3194 arbitrantur.
3332 3139 3596 3195 Profecto

1362 3220 1459 3275 Καὶ
1527 3239 1592 3288 ση
1605 3218 1825 3291 μείωσαι

1958 3225 2018 3280 ie
2047 3223 2286 3279 omnino
2318 3222 2575 3292 profanis
2615 3223 2813 3278 statim
2842 3225 3148 3296 subjungit
3172 3229 3258 3294 ;et
3279 3231 3419 3282 nota
3442 3228 3598 3299 quod

1947 3313 2094 3370 alios
2127 3312 2282 3368 dicat
2306 3311 2585 3384 ἀμυήτους
2615 3317 2670 3367 et
2693 3312 2838 3369 alios
2863 3312 3155 3385 ἀμύστους,
3203 3332 3307 3371 seu
3356 3316 3600 3371 minime

1947 3403 2289 3458 instructos.

2019 3491 2078 3546 Si
2109 3496 2304 3545 autem
2330 3506 2500 3560 supra
2529 3489 2622 3544 hos
2650 3495 2798 3546 sunt.
2834 3491 2898 3545 In
2934 3491 3231 3562 prioribus
3261 3492 3494 3548 locutus
3515 3497 3604 3548 est

1947 3580 2018 3635 de
2049 3579 2122 3635 iis
2154 3580 2255 3650 qui
2288 3577 2659 3633 crediderant
2691 3577 2928 3649 quidem
2964 3580 3182 3634 nomini
3232 3580 3470 3652 Christi,
3503 3582 3602 3636 sed

1948 3668 2022 3724 ad
2052 3666 2386 3723 ulteriorem
2418 3666 2815 3737 cognitionem
2851 3683 2967 3721 non
3003 3673 3479 3738 pervenerant,at
3509 3684 3604 3724 ve-

1947 3757 2176 3811 ritatem
2210 3754 2455 3826 propriae
2513 3754 2774 3825 opinioni
2849 3765 3355 3826 commensurant,
3417 3773 3608 3828 neque

1947 3845 2139 3901 sciunt
2167 3843 2554 3899 ditterentiam
2579 3843 2972 3899 essentiarum
2995 3842 3228 3899 illarum
3261 3862 3458 3901 rerum
3479 3863 3606 3917 qum

1947 3932 2178 4004 proprie
2209 3936 2441 3999 sunt,et
2469 3949 2672 3987 earum
2696 3947 2824 4002 quae
2854 3935 3086 3987 tantum
3125 3933 3423 4005 aequivoce
3445 3938 3606 4005 sunt,

1951 4025 2126 4092 atque
2157 4019 2286 4089 ejus
2317 4020 2418 4091 qui
2452 4019 2732 4076 omnibus
2764 4038 2891 4092 quae
2927 4025 3069 4076 sunt
3099 4027 3360 4093 praestat,
3384 4039 3450 4078 ac
3479 4022 3608 4078 ideo

1953 4108 2461 4179 superessentialis
2491 4109 2781 4164 est.Tales
2815 4109 3310 4181 igitur,tanquam
3341 4108 3605 4182 ἀμύητοι,

1953 4215 2056 4254 seu
2088 4197 2338 4252 necdum
2371 4197 2429 4252 in
2461 4197 2907 4254 sublimioribus
2941 4198 3195 4254 instituti
3229 4199 3610 4268 arbitrantur,

1954 4287 2065 4342 hoc
2094 4285 2288 4342 velum
2319 4288 2474 4359 quod
2501 4287 2656 4359 apud
2693 4304 2799 4343 nos
2833 4287 3017 4344 Deum
3050 4288 3326 4354 occultat,
3359 4305 3614 4360 eumque

1956 4375 2026 4431 ab
2054 4376 2320 4431 omnium
2351 4383 2591 4449 sepectu
2644 4377 2978 4447 abscondit,
3018 4394 3143 4433 esse
3183 4393 3382 4433 revera
3414 4377 3613 4448 caligi-

1955 4481 2089 4520 nem
2120 4467 2666 4538 tenebrosam;qua
2713 4467 3054 4538 ignorantia
3111 4466 3289 4521 etiam
3324 4465 3477 4522 inter
3508 4484 3612 4521 nos

390 4556 455 4611 Εἰ
517 4557 607 4610 οὖν
670 4555 795 4625 εἱσι,
855 4555 1039 4634 φησὶν,
1092 4556 1143 4610 ἐν
1199 4558 1334 4628 ἡμῖν
1393 4558 1658 4622 τοιοῦτοι,
1689 4552 1741 4607 τί
1786 4548 1825 4604 bii

1958 4553 2129 4609 multi
2161 4554 2452 4623 laborant,
2504 4560 2705 4628 utpote
2737 4558 3076 4628 ignorantes
3134 4555 3609 4626 copiosissimum

1960 4641 2150 4699 lumen
2184 4645 2497 4700 obscurare
2529 4662 2760 4701 omnem
2809 4648 3134 4716 aspectum.
3171 4644 3229 4699 Si
3253 4643 3434 4715 igitur
3463 4643 3616 4698 inter

1962 4746 2067 4785 nos
2101 4731 2245 4786 tales
2277 4733 2415 4797 sint,
2449 4732 2588 4802 quid
2617 4731 2880 4786 dicemus
2911 4732 2981 4786 de
3003 4729 3347 4795 idololatris,
3376 4730 3494 4800 qui,
3520 4745 3614 4784 ar-

1962 4835 2241 4874 canorum
2276 4820 2406 4875 ﬁdei
2427 4826 2714 4891 expertes,
2741 4820 2915 4874 etiam
2949 4820 3267 4874 simulacra
3305 4822 3613 4890 stupentes

1963 4910 2358 4963 venerantur?
2389 4913 2589 4981 Itaque
2614 4907 3002 4980 intelligibilia
3033 4909 3184 4964 232
3218 4911 3358 4962 sunt
3387 4908 3617 4980 proprie

1964 4989 2113 5065 ὅντα,
2145 5015 2249 5053 seu
2281 5016 2349 5054 ea
2380 5016 2509 5070 quae
2531 5003 2689 5064 sunt,
2724 4997 3013 5067 azquivoce
3042 5014 3174 5052 vero
3196 4995 3473 5064 sensilia;
3507 4996 3616 5052 hoc

1965 5096 2157 5146 autem
2183 5105 2352 5160 supra
2383 5087 2780 5158 hos,designat
2810 5085 3007 5141 ﬁdeles
3041 5085 3140 5156 qui
3172 5084 3232 5140 in
3265 5085 3615 5158 corruptibi-

1965 5180 2120 5233 libus
2152 5179 2396 5232 haerent.

2037 5267 2171 5322 Cum
2201 5274 2443 5338 aporteat
2476 5265 2532 5320 in
2580 5282 2667 5319 ea.
2727 5263 3031 5332 Tanquam
3093 5280 3220 5336 quae
3273 5263 3473 5319 omnia
3527 5267 3615 5319 est

1969 5358 2139 5412 modo
2170 5357 2286 5412 Deo
2317 5352 2941 5421 convenienti,etnihil
2974 5358 3066 5409 est
3097 5355 3269 5410 modo
3299 5354 3615 5410 essentiam

1967 5450 2312 5517 superante;
2335 5445 2456 5500 haec
2484 5443 2638 5499 enim
2665 5443 2978 5500 afﬁrmatio
3000 5448 3089 5500 est
3112 5461 3177 5500 ac
3211 5444 3616 5516 negatio,quo-
