4004 6200
536 334 643 390 419

536 551 733 602 autem
767 546 889 602 sint
917 544 1254 616 negationes
1285 545 1644 603 ablationum
1673 549 1729 602 et
1750 545 2181 601 afﬁrmationes

533 634 921 708 positionum,
953 650 1019 689 ac
1051 634 1192 705 quid
1230 634 1602 708 privationes,
1633 638 1761 691 tum
1793 634 1902 691 hoc
1931 634 2054 690 loco
2086 650 2183 689 ex-

520 723 803 795 plicatur,
836 728 964 779 tum
993 723 1252 779 maxime
1272 724 1333 778 in
1361 725 1534 779 tertio
1562 725 1751 796 capite
1773 724 1905 779 libri
1936 725 2013 779 De
2039 722 2183 779 divi-

532 814 621 867 nis
654 811 973 868 nominibus
1002 810 1348 867 excellenter
1364 816 1420 867 et
1444 813 1569 868 fuse
1600 812 2002 885 exposuimus.

608 902 930 956 Contrarias
949 899 1437 972 esse.Negationes
1469 916 1583 956 non
1609 900 1823 974 opponi
1842 899 2183 956 afﬁrmatio-

534 992 710 1047 nibus
735 990 796 1046 in
828 989 944 1045 Deo
965 1005 1128 1058 ;nam
1143 988 1296 1045 Deus
1313 994 1550 1062 superat
1570 1005 1806 1046 omnem
1830 988 2186 1046 abiationem

532 1084 589 1135 ct
617 1077 1149 1150 positionem.Lege
1179 1077 1355 1133 etiam
1374 1077 1434 1134 in
1466 1078 1616 1134 libro
1639 1083 1719 1135 De
1741 1079 1947 1137 caelesti
1966 1079 2180 1135 hierar-

529 1170 655 1224 chia
683 1167 860 1240 paulo
880 1170 1013 1238 post
1046 1165 1423 1239 principium.

598 1346 751 1416 §III.
779 1348 891 1403 Hac
938 1346 1131 1419 utique
1192 1347 1407 1403 ratione
1462 1345 1688 1403 divinus
1727 1349 2178 1406 Barthotomus.

528 1435 676 1492 Hinc
704 1436 882 1493 etiam
915 1440 1050 1492 nota
1083 1434 1211 1491 sine
1238 1436 1469 1492 fictione
1491 1435 1615 1491 haec
1631 1436 1830 1491 divina
1860 1454 2036 1509 opera
2055 1453 2185 1493 esse

533 1525 731 1598 magni
763 1524 1058 1597 Dionysii;
1093 1528 1303 1596 prater
1333 1525 1487 1596 quod
1520 1525 1676 1581 enim
1706 1525 1766 1580 in
1790 1525 2085 1599 prioribus
2108 1525 2182 1580 li-

530 1613 655 1670 bris
686 1614 1083 1686 quorumdam
1117 1613 1217 1685 qui
1240 1613 1527 1686 apostolis
1547 1614 1928 1672 convixerunt
1943 1618 2181 1671 senten-

527 1703 747 1759 tiarum
763 1702 1221 1774 meminit,nunc
1241 1703 1443 1759 statim
1465 1703 1818 1761 sententiam
1840 1704 2021 1760 divini
2041 1704 2180 1760 Bar-

1387 334 1749 389 APPENDIX
1785 338 1883 389 AD
1921 294 2179 388 orans
2200 333 2259 387 ε.
2297 331 2612 391 moust
2649 335 3148 394 AREOPAGITE.
3773 347 3848 400 420

533 460 692 514 niam
724 462 969 530 utraque
1011 458 1083 513 de
1130 458 1328 513 divina
1360 459 1666 528 majestate
1696 457 1991 517 dicuntur.
2029 455 2167 521 Quid

2294 453 2437 518 θείας
2472 454 2723 533 λέγονται
2776 459 3217 534 μεγαλειότητος.
3246 461 3312 516 Τί
3361 456 3416 515 δέ
3456 460 3575 516 εἰσιν
3614 465 3659 517 αἱ
3687 466 3847 544 ἄπορά.

2292 564 2400 607 σεις
2427 550 2535 601 τῶν
2586 547 2916 624 ἀφαιρέσεων
2962 548 3054 603 καὶ
3103 550 3157 603 αἱ
3199 547 3508 627 καταφάσεις
3548 555 3642 605 τῶν
3680 552 3845 624 θέσεων,
3952 547 3953 599 Ῐ

2291 634 2380 687 καὶ
2408 634 2462 690 τί
2493 636 2547 690 αἱ
2580 639 2879 713 στερήσεις,
2910 638 3001 693 καὶ
3051 635 3275 692 ἐνταῦθα
3304 639 3645 715 σαφηνίζεται,
3674 641 3746 695 καὶ
3773 644 3845 714 μά-

2293 720 2449 778 λιστα
2499 724 2551 779 έν
2593 730 2671 798 τῷ
2716 725 2886 803 τρίτῳ
2916 724 3224 801 κεφαλαίῳ,
3268 725 3357 780 καὶ
3389 726 3438 780 ἐν
3467 731 3540 798 τῷ
3588 728 3697 801 Περὶ
3732 731 3845 793 θείων

2299 810 2581 886 ὀνομάτων
2615 813 2764 891 λόγῳ
2794 812 3066 893 διαφόρως
3094 813 3183 870 καὶ
3215 813 3459 878 πλατέως
3498 817 3797 890 παρεθέμεθα.

2364 902 2766 975 Ἀντικειμένας
2815 904 2972 961 εἶναι.
3007 904 3129 961 Ὅτι
3180 903 3267 958 ἐπὶ
3318 907 3446 959 Θεοῦ
3482 903 3574 959 οὐκ
3599 905 3846 962 ἀντίκεινται

2296 989 2351 1044 αἱ
2408 989 2708 1069 ἀποφάσεις
2764 997 2883 1054 ταῖς
2940 992 3296 1069 καταφάσεσιν
3333 1010 3345 1024 ⁶
3408 992 3531 1065 ὑπὲρ
3592 1000 3736 1048 πᾶσαν
3777 997 3847 1069 γάρ

2298 1077 2436 1133 ἐστιν
2471 1080 2499 1134 ὁ
2529 1080 2658 1143 Θεὸς
2703 1080 2793 1135 καὶ
2842 1079 3120 1157 ἀφαίρεσιν
3166 1080 3253 1136 καὶ
3302 1080 3459 1144 θέσιν.
3502 1081 3751 1155 Ἀνᾶγνιυθι
3786 1084 3847 1137 καὶ

2297 1165 2348 1221 ἐν
2379 1173 2495 1231 τοῖς
2530 1170 2659 1243 Περί
2686 1174 2786 1236 τῆς
2834 1167 3085 1246 οὐρανίας
3130 1169 3417 1246 ἱεραρχίας
3465 1170 3570 1242 μετ’
3598 1167 3758 1246 ὀλίγον
3779 1174 3848 1236 τῆς

2295 1255 2495 1333 ἀρχῆς.

2366 1346 2393 1420 §
2443 1349 2543 1404 ΠΙ.
2603 1345 2758 1402 Οὕτω
2809 1351 2941 1424 γοῦν
2997 1347 3026 1402 ὁ
3084 1352 3231 1413 θεῖος
3288 1347 3718 1423 Βαρθολομαῖος.
3766 1353 3844 1417 Σηο

2296 1434 2522 1508 μείωσαι
2551 1435 2641 1490 καὶ
2671 1435 2906 1491 ἐντεῦθεν
2941 1438 2991 1473 ³³
3012 1437 3077 1492 τὸ
3109 1435 3380 1492 ἄπλαστον
3410 1440 3501 1490 τοῦ
3532 1437 3644 1491 εἶναι
3663 1438 3704 1472 ³⁸
3731 1435 3849 1490 ταῦτα

2289 1523 2356 1577 τὰ
2387 1524 2504 1579 θεῖα
2536 1526 2875 1600 συντάγματα
2914 1529 3010 1581 τοῦ
3056 1524 3302 1600 μεγάλου
3351 1523 3633 1582 Διονυσίου.
3661 1524 3774 1598 Πρὸς
3795 1524 3850 1584 οἷς

2288 1611 2389 1688 γὰρ
2434 1611 2485 1667 έν
2533 1617 2652 1677 τοῖς
2714 1614 3004 1690 προτέροις
3052 1612 3243 1691 λόγοις
3291 1618 3449 1669 τινῶν
3503 1618 3603 1669 τῶν
3653 1613 3850 1668 συνόντων

2287 1706 2403 1764 τοῖς
2461 1701 2789 1767 ἀποστόλοις
2845 1705 3068 1777 μνήμην
3128 1705 3383 1780 χρήσεων
3455 1701 3737 1773 ἐποιήσατο,
3791 1704 3852 1753 νῦν

525 1791 825 1848 tholomaai
857 1791 1286 1862 adducit,sicut
1306 1792 1653 1863 declarata-6
1684 1790 1868 1871 φησιν,
1901 1795 2022 1862 ait;
2044 1810 2167 1887 nam

2290 1789 2689 1887 παραπλησίως
2735 1795 2832 1847 τοῦ
2875 1791 3021 1847 θείου
3070 1789 3487 1868 Βαρθολομαίου
3533 1797 3712 1887 χρῆᾳσιν
3744 1789 3846 1887 ἄγει,

527 1881 576 1937 si
610 1880 835 1954 absque
866 1880 1088 1954 scripto
1119 1880 1438 1952 docuisset,
1471 1881 1728 1951 profecto
1785 1881 2032 1939 dixisset
2055 1876 2180 1961 ἔφη,

526 1970 733 2027 aiebat.
762 1970 911 2026 Nota
940 1986 1073 2027 eum
1104 1970 1308 2027 afferre
1339 1970 1693 2026 sententiam
1715 1970 1903 2028 sancti
1933 1971 2181 2029 Bartho-

527 2059 741 2131 lomaei,
772 2060 1065 2132 quomodo
1093 2058 1389 2131 theologia
1418 2059 1499 2115 sit
1517 2075 1732 2131 magna
1761 2064 1820 2117 et
1840 2059 2106 2117 minima.

598 2241 870 2309 Quoniam
899 2247 953 2297 et
981 2239 1193 2312 copiosi
1219 2242 1508 2308 sermonis,
1541 2241 1639 2297 Gr.
1692 2238 2031 2316 πολυλόγος.
2063 2245 2178 2296 Πο-

526 2325 763 2405 λυλόγος
819 2334 1063 2386 accentu
1116 2329 1179 2384 in
1236 2328 1581 2401 penultima,
1637 2331 1735 2401 qui
1789 2332 1967 2387 multa
1997 2330 2172 2399 dicit;

523 2415 838 2493 πολύλογος
870 2422 1112 2473 accentu
1144 2417 1203 2473 in
1219 2416 1699 2490 antepenultima,
1716 2418 1813 2489 qui
1842 2418 2034 2475 multis
2053 2434 2177 2475 ver-

526 2507 606 2562 bis
634 2505 845 2578 indiget
874 2523 889 2575 ;
922 2504 1077 2562 sicut
1105 2504 1283 2562 etiam
1315 2503 1665 2581 πρωτότοκος
1695 2510 1939 2562 accentu
1970 2506 2031 2562 in
2066 2524 2174 2563 an-

522 2593 929 2667 tepenultima,
951 2596 1048 2667 qui
1074 2595 1254 2666 primo
1280 2596 1503 2666 paritur
1528 2613 1552 2660 ;
1580 2592 1933 2668 πρωτοτόκος
1963 2611 2096 2653 vero
2115 2595 2173 2652 in

522 2682 870 2757 penultima,
901 2684 1107 2739 mulier
1135 2698 1263 2755 quae
1286 2683 1471 2756 primo
1496 2684 1670 2755 parit.
1703 2684 1797 2738 Sic
1835 2683 2124 2740 Homerus
2156 2700 2170 2738 :

591 2775 748 2830 Nunc
773 2774 1023 2846 primum
1051 2772 1270 2833 pariens
1301 2772 1524 2844 Cinyre,
1554 2773 1713 2843 prius
1759 2774 1933 2828 inscia
1960 2780 2171 2845 partus.

596 2864 778 2934 Utpote
791 2877 910 2934 quae
928 2877 1106 2933 neque
1121 2860 1716 2918 rationem.Nimirum
1741 2860 1841 2931 qui
1874 2861 2171 2933 propriam

522 2954 795 3006 naturam
848 2952 1230 3022 repraesentet
1261 2947 1320 3004 in
1357 2949 1633 3005 externis.
1661 2946 1850 3003 Simili
1898 2949 2071 3005 modo
2101 2950 2172 3005 de

518 3035 914 3112 intelligentia
955 3037 1421 3111 intelligendum.

589 3128 789 3184 Divina
811 3128 1000 3183 omnia
1031 3127 1247 3182 Iumina
1278 3131 1330 3182 et
1350 3143 1527 3183 sonos.
1561 3127 1748 3184 Sonos
1778 3130 1835 3183 et
1866 3143 2167 3185 sermones

517 3215 782 3272 cmiestes
815 3215 959 3271 dicit
988 3230 1054 3271 ea
1087 3231 1215 3286 quae
1240 3216 1310 3271 de
1341 3220 1452 3272 Deo
1490 3216 1550 3272 in
1609 3216 1925 3289 Scripturis
1972 3216 2171 3274 dicun-

515 3308 635 3372 tur,
667 3308 953 3376 tanquam
993 3304 1247 3360 rationes
1308 3321 1423 3360 non
1473 3306 1797 3362 secundum
1844 3305 2167 3364 humanam

515 3396 572 3448 et
598 3397 887 3448 terrenam
920 3391 1393 3466 intelligentiam,
1427 3394 1529 3451 sed
1563 3395 1886 3450 secundum
1910 3395 2166 3453 divinam

514 3478 965 3552 intelligentiam
998 3480 1155 3537 dicta
1184 3484 1241 3538 et
1273 3482 1509 3539 tradita.

584 3567 816 3625 Divinas
845 3569 1071 3642 Moyses.
1104 3571 1257 3627 Nota
1289 3572 1583 3644 quomodo
1631 3571 1701 3629 de
1753 3575 1948 3647 Moyse
1978 3573 2163 3631 disse-

511 3663 628 3728 rat,
660 3674 873 3732 nempe
901 3659 1002 3715 ubi
1054 3658 1113 3715 in
1146 3664 1405 3718 montem
1457 3661 1843 3729 ascendisset,
1900 3665 2074 3734 atque
2102 3662 2163 3718 in

510 3745 819 3821 caliginem
849 3747 1158 3822 ingressus
1189 3749 1421 3819 fuisset,
1452 3750 1671 3807 vidisse
1710 3754 2000 3825 quantum
2027 3749 2164 3807 licet

506 3835 755 3909 homini,
786 3841 992 3894 Deum.
1016 3839 1265 3895 Advorte
1297 3839 1473 3895 etiam
1506 3839 1768 3897 ordinem
1799 3856 2001 3897 eorum
2034 3856 2162 3914 quae

506 3924 568 3980 in
597 3928 791 3998 Moyse
824 3925 977 3982 288
1000 3927 1255 3998 perfecta
1280 3933 1440 3995 sunt,
1473 3931 1790 4001 antequam
1822 3928 2040 4003 dignus
2061 3928 2162 3986 ha-

507 4011 746 4068 beretur
772 4013 1031 4069 divinam
1066 4014 1381 4088 caliginem
1413 4016 1663 4090 ingredi.

580 4100 685 4156 Sed
715 4099 895 4157 locum
920 4102 1018 4158 ubi
1045 4106 1221 4160 stetit.
1256 4105 1398 4173 Quis
1461 4106 1541 4162 sit
1571 4107 1734 4164 locus
1763 4106 1821 4162 in
1853 4124 1967 4181 quo
1998 4107 2162 4163 stetit

506 4186 664 4244 Deus
686 4203 882 4245 coram
904 4190 1121 4261 Moyse,
1150 4199 1206 4247 et
1262 4193 1403 4264 quid
1435 4194 1555 4250 sint
1598 4194 1910 4251 cacumina
1938 4194 2157 4251 intelli-

504 4276 771 4349 ‘gibiiium
807 4280 863 4333 et
893 4278 1034 4349 quid
1062 4278 1787 4353 sensiiium,exposuimus
1819 4283 1878 4339 in
1910 4282 2060 4341 libro
2080 4289 2160 4343 De

502 4367 714 4424 cztesti
746 4365 1063 4424 hierarchia
1085 4367 1143 4423 in
1179 4368 1295 4424 ﬁne
1326 4369 1534 4442 capitis
1566 4369 1763 4444 primi.

2291 1880 2364 1942 ὡς
2397 1877 2563 1951 δηλοῖ
2605 1881 2668 1936 τὸ
2699 1879 2882 1957 φησίν
2918 1881 2963 1936 εί
3010 1881 3114 1957 γὰρ
3166 1880 3425 1957 ἀγράφως
3466 1881 3529 1950 ἦν
3571 1876 3767 1950 διδάξας,
3795 1876 3849 1931 εἰ·

2290 1971 2445 2041 ρήκει
2483 1968 2563 2041 ἂν,
2607 1965 2731 2046 ἔφη.
2780 1969 3095 2043 Βημείωσαι
3147 1967 3206 2024 δὲ
3255 1971 3337 2024 ὅτι
3385 1971 3478 2024 τοῦ
3523 1966 3657 2044 ἆγίου
3697 1967 3849 2040 B1900-

2290 2055 2526 2132 λομαίου
2557 2064 2758 2135 χρῆσιν
2791 2058 3071 2138 προφέρει,
3105 2062 3224 2121 πῶς
3256 2057 3441 2127 πολλή
3475 2055 3558 2112 καὶ
3584 2054 3846 2130 ἐλαχίστηή

2291 2144 2569 2222 θεολογία.

2355 2236 2478 2293 Ὅτι
2536 2236 2625 2291 καὶ
2682 2235 3023 2312 πολυλόγος.
3084 2233 3408 2313 Πολυλόγος
3472 2232 3848 2309 παροξυτόνωςό

2286 2322 2472 2380 πολλᾶ
2502 2322 2703 2401 λέγων’
2736 2324 3057 2401 πολύλογος
3104 2323 3163 2380 δέ
3208 2324 3673 2402 προπαροξυτόνως
3699 2323 3722 2377 ὁ
3746 2318 3845 2377 πολ⁸

2284 2411 2399 2471 λῶν
2443 2412 2625 2491 λόγων
2678 2412 2957 2489 δεόμενος
3001 2415 3077 2477 ὡς
3124 2417 3216 2471 καὶ
3262 2416 3598 2493 πρωτότοκος
3638 2429 3846 2488 «pompm

2287 2503 2519 2574 ξυτόνως
2565 2506 2593 2559 ὁ
2634 2505 2871 2579 πρώτως
2917 2503 3154 2581 τεχθείς*
3205 2503 3549 2582 πρωτοτόκος
3589 2499 3639 2558 δὶ
3677 2500 3849 2574 stupeﬁa-

2281 2593 2455 2658 τόνως
2483 2596 2518 2664 ἡ
2548 2595 2781 2670 πρώτως
2810 2598 3039 2649 τεκοῦσα
3066 2594 3228 2670 γυνή,
3263 2594 3339 2656 ὡς
3370 2592 3457 2648 καὶ
3485 2593 3723 2666 Ὅμηρος·

2282 2774 2640 2849 Πρωτοτόκος
2673 2771 2902 2848 Κινύρη,
2936 2772 2997 2827 οὐ
3029 2774 3155 2849 πρὶν
3192 2772 3373 2828 εἷ’δυῖα
3398 2774 3574 2828 τόκοιο

2350 2863 2445 2923 *ος
2486 2858 2608 2916 οὔτε
2651 2856 2841 2937 λόγον.
2893 2858 3117 2933 Δηλαδὴ
3162 2868 3267 2932 τῆς
3314 2860 3508 2925 οἶκείας
3557 2859 3734 2939 φύσεως
3778 2874 3848 2910 πι-

2282 2949 2599 3026 ραστατικὸν
2632 2948 2684 3005 έν
2707 2954 2824 3012 τοῖς
2856 2943 3068 3022 ἔξωθεν.
3102 2950 3356 3024 Ὁμοίως
3397 2949 3484 3006 καὶ
3529 2948 3640 3024 περὶ
3673 2947 3851 3015 νοήσεως

2280 3036 2525 3109 νοητέον.

2352 3126 2531 3183 Πάντα
2580 3134 2698 3193 θεῖα
2749 3132 2901 3205 φῶτα
2944 3128 3033 3183 καὶ
3087 3128 3294 3205 ἤχους.
3341 3132 3543 3206 Ἥχους
3585 3126 3663 3182 καί
3708 3121 3853 3196 λόγους

2280 3216 2561 3294 οὐρανίους
2612 3218 2746 3297 φησὶ
2791 3218 2858 3272 τὰ
2902 3217 3027 3294 περὶ
3076 3222 3208 3273 Θεοῦ
3264 3218 3323 3274 ἐν
3371 3224 3491 3281 ταῖς
3522 3210 3849 3297 Γραφαῖςεῖρη·

2282 3308 2432 3381 μένα,
2466 3307 2541 3371 ὡς
2573 3295 2648 3380 μὴ
2701 3306 2838 3361 κατᾶ
2884 3307 2985 3375 τὴν
3031 3307 3384 3384 ἀνθρωπίνην
3435 3306 3522 3363 καὶ
3563 3303 3731 3381 γηίνην
3769 3295 3849 3352 tiri-

2274 3416 2450 3465 νοιαν,
2481 3394 2626 3452 ἀλλᾶ
2661 3397 2798 3451 κατὰ
2841 3395 2986 3461 θείαν
3044 3394 3289 3451 ἐπίνοιαν
3343 3395 3596 3472 λεχθέντα
3630 3390 3849 3460 καὶπαρα-

2276 3481 2520 3549 δοθέντα.

2344 3575 2407 3632 Ὁ
2438 3578 2581 3639 θεῖος
2624 3575 2888 3641 Μωϋσῆς.
2938 3573 3280 3648 Σημείωσαι,
3332 3580 3451 3637 πῶς
3499 3561 3847 3646 διεξέρχεταιτᾶ

2272 3662 2395 3734 περὶ
2435 3670 2711 3737 Μωϋσεος,
2743 3660 2851 3732 ὅτι,
2899 3661 2950 3717 ἐν
3001 3666 3080 3735 τῷ
3108 3658 3220 3737 ὄρει
3272 3661 3516 3728 ἀνελθὼν
3547 3662 3627 3717 καὶ
3653 3652 3847 3715 εἶσελθὼν

2269 3752 2347 3815 εἷς
2376 3752 2465 3808 τὸν
2488 3751 2686 3830 γνόφον
2720 3750 2879 3825 εἶδεν,
2908 3753 2984 3815 ὡς
3036 3750 3254 3830 ἐφικτὸν
3308 3750 3593 3830 ἀνθρώπῳ,
3623 3749 3702 3804 τὸν
3739 3741 3848 3799 Θιόν.

2272 3842 2592 3917 Σημείωσαι
2619 3842 2709 3897 καὶ
2741 3842 2837 3909 τήν
2868 3841 3016 3913 τάξιν
3049 3845 3159 3897 τῶν
3188 3838 3549 3898 τελεσθέντων
3577 3838 3657 3895 ἐπὶ
3692 3833 3849 3895 Μωσεῖν

2267 3932 2394 4009 πρὶν
2426 3931 2717 4002 ἀξιωθῆναι
2752 3930 3014 3986 εἷσεΛθεῖν
3049 3930 3128 3993 είς
3157 3930 3248 3986 τὸν
3285 3936 3435 3996 θεῖον
3466 3931 3668 4009 γνόφον.

2340 4106 2519 4165 Ἀλλᾶ
2572 4109 2662 4163 τὸν
2713 4108 2880 4164 τόπον
2937 4109 2999 4163 οὗ
3056 4103 3208 4182 ἔστη.
3270 4109 3372 4172 Τίς
3444 4109 3471 4163 ὁ
3526 4107 3679 4167 τόπος
3732 4100 3773 4155 ἓν
3817 4096 3847 4166 ᾧ

2267 4196 2393 4270 ἔστη
2441 4200 2469 4254 ὁ
2515 4197 2647 4260 Θεὸς
2698 4196 2786 4253 ἐπὶ
2837 4199 3136 4269 Μωυσέως,
3188 4198 3277 4254 καὶ
3328 4197 3384 4255 τί
3435 4198 3570 4253 ἐστιν
3614 4189 3851 4268 ἂκρότητῡς

2265 4290 2498 4358 νοητῶν,
2548 4287 2639 4342 καὶ
2692 4286 2745 4341 τί
2804 4287 3036 4362 ὁρατῶν,
3096 4285 3150 4342 ἐν
3204 4291 3284 4360 τῷ
3348 4287 3481 4360 Περὶ
3526 4288 3620 4352 τῆς
3660 4281 3704 4336 ἐν
3738 4277 3857 4347 οὐρα·

2264 4383 2380 4440 νοῖς
2436 4374 2721 4453 ἱεραρχίας
2772 4375 2849 4440 εἰς
2901 4378 2963 4431 τὸ
3014 4373 3173 4440 τέλος
3219 4379 3319 4431 τοῦ
3362 4375 3580 4451 πρώτου
3619 4363 3853 4447 κεφαλαίου
3952 4424 3953 4445 1

2267 4463 2650 4541 διεξήλθομεν.

575 4544 998 4617 Hypotheticas.
1055 4543 1438 4610 Ὑποθετικοὺς
1499 4544 1696 4623 λόγους
1737 4548 1877 4608 dicit
1905 4551 2160 4610 rationes

2337 4553 2752 4619 Ὑποθετιχούςο
2829 4554 3209 4620 Ὑποθετικοὺς
3282 4552 3481 4632 λόγους
3560 4549 3720 4630 φησὶν
3760 4541 3854 4600 τοδί

503 4648 632 4705 quae
659 4649 750 4691 res
781 4634 1146 4706 describunt,
1178 4639 1237 4693 et
1269 4635 1440 4710 quasi
1489 4637 1979 4714 contemplantur,
2009 4656 2157 4715 quas

505 4723 587 4779 ait
615 4738 745 4779 esse
773 4722 890 4780 Deo
924 4723 1220 4796 subjectae
1245 4749 1258 4793 ;
1282 4741 1385 4798 per
1412 4724 1574 4799 ipsas
1598 4728 1753 4785 enim
1782 4745 1885 4786 seu
1916 4746 2021 4803 per
2048 4730 2158 4787 ha-

504 4828 635 4868 rum
669 4813 1166 4885 perseverantiam
1199 4818 1255 4872 et
1311 4817 1836 4890 conservationem,
1881 4819 2159 4877 docemur

500 4901 702 4975 ipsum
756 4905 1035 4962 omnibus
1092 4911 1467 4978 praesentem,
1529 4925 1644 4965 non
1700 4912 2020 4967 transeudo
2051 4914 2153 4968 sed

500 4991 860 5064 providendo
913 5010 927 5050 :
972 4994 1264 5068 spiritalia
1311 5011 1445 5053 vero
1505 4997 1832 5068 cacumina,
1888 5000 2155 5059 cceiestes

501 5096 570 5137 ac
609 5080 1008 5155 intelligentes
1038 5084 1329 5141 essentias
1387 5101 1515 5157 qua:
1573 5086 1727 5143 circa
1772 5087 1958 5144 Deum
1990 5095 2152 5163 sunt,

497 5169 838 5243 v0cat,quas
865 5174 1040 5228 etiam
1074 5173 1202 5230 loca
1224 5174 1412 5248 ipsius
1434 5176 1807 5232 sanctissima
1828 5178 2153 5237 nominavit

500 5258 719 5330 quibus
751 5263 1177 5334 supereminet,
1210 5267 1313 5321 aut
1346 5282 1380 5321 a
1409 5264 1626 5337 quibus
1654 5263 1953 5340 liberatur,
1986 5268 2150 5327 nullo

498 5348 676 5405 modo
707 5364 951 5422 prorsus
982 5351 1128 5426 ipsis
1158 5352 1517 5413 inhabitans.

2267 4642 2699 4723 ὖπογραφικοὺς,
2726 4642 2763 4713 ἢ
2794 4643 2870 4706 ὡς
2913 4641 3278 4718 θεωρητικοὺς
3327 4646 3373 4682 ³⁸
3402 4646 3511 4698 τῶν
3557 4637 3730 4706 ὄντων,
3756 4634 3855 4723 ἄτερ

2269 4718 2695 4805 ὐποεεϐλημένα
2748 4726 2847 4810 ἔφη
2908 4736 2989 4804 τῷ
3046 4736 3163 4805 Θεῷ
3217 4733 3377 4787 εἶναι·
3437 4727 3508 4783 δι’
3565 4727 3722 4783 αὐτῶν
3762 4718 3855 4795 γὰρ.

2264 4820 2435 4898 ἤγουν
2482 4828 2585 4891 τῆς
2634 4819 2840 4875 τούτων
2892 4818 3181 4894 διαμονῆς,
3212 4818 3302 4875 καί
3353 4818 3739 4893 συντηρήσεως,
3768 4811 3857 4863 τοῖς

2265 4917 2423 4966 πᾶσιν
2467 4909 2625 4965 αὐτὸν
2681 4915 2929 4981 παρεῖναι
2975 4906 3361 4983 διδασκόμεθα,
3398 4909 3463 4963 οὐ
3523 4899 3854 4980 μεταϐατικῶς,

2265 4998 2410 5056 ἀλλὰ
2452 4985 2853 5073 προνοητικῶς·
2901 4998 3105 5069 νοητὰς
3152 4994 3210 5052 δὶ
3258 4995 3565 5072 ἀκρότητας
3615 4991 3703 5054 τὰς
3739 4984 3861 5057 οὖρα·

2261 5090 2398 5159 νίας,
2427 5090 2516 5144 καὶ
2561 5088 2748 5165 νοερᾶς
2799 5087 2985 5150 οὐσίας
3031 5088 3129 5151 τὰς
3176 5086 3301 5162 περὶ
3352 5088 3483 5141 Θεὸν
3537 5080 3685 5141 οὔσας
3719 5073 3859 5170 καλεῖε

2260 5175 2320 5241 ἃς
2370 5175 2460 5232 καὶ
2508 5164 2707 5238 τόπους
2757 5174 2924 5229 αὐτοῦ
2971 5175 3306 5250 ἁγιωτάτους
3352 5171 3651 5246 ὠνόμασεν·
3700 5164 3760 5219 ὧν
3792 5164 3861 5213 καῖ

2259 5267 2432 5323 αὐτῶν
2461 5264 2793 5339 ὑπέρκειται,
2826 5266 2861 5335 ἢ
2893 5264 2968 5327 ὡς
3010 5262 3329 5335 ἀπολύεται,
3360 5260 3502 5318 κατᾶ
3531 5255 3691 5334 μηδὲν
3719 5250 3865 5308 αὐτοῖς

2259 5358 2404 5423 ὅλως
2433 5357 2789 5431 προσεοικώς.

1498 5535 1736 5593 ἾΑΗΙΔΞ)
1776 5537 2168 5597 LECTIONES
2204 5540 2297 5597 ET
2337 5537 2895 5596 CORRECTIONES.

561 5652 609 5687 ”
634 5668 725 5727 γρ.
758 5649 998 5716 ἐνταῦθα.
1077 5655 1122 5691 ³⁸
1150 5674 1239 5731 γρ.
1271 5655 1611 5716 καθεστάναι.
1644 5661 1714 5732 (⁸)
1750 5666 1820 5716 Π.
1852 5681 1990 5737 xvu,
2016 5666 2071 5721 5.
2146 5668 2192 5703 ²⁴
2225 5684 2314 5741 γρ.
2346 5662 2519 5740 ήγουν
2548 5660 2946 5737 θεωρητικούς.
