4004 6200
275 323 387 378 425

1003 324 1063 376 8.
1104 320 1376 377 MAXIM!
1414 321 1723 379 SCHOLIA
1759 321 1833 374 ΙΝ
1872 319 2008 373 LIB.
2048 319 2145 372 DE
2185 320 2497 376 MYSTICA
2533 322 2967 377 THEOLOGIA.

3584 323 3693 377 426

277 443 360 498 ὅτι
396 445 543 515 μονή
592 441 682 496 καὶ
714 442 898 504 στάσις
942 441 1134 496 ταυτόν
1187 440 1288 495 εἶσι
1324 459 1336 473 ·
1369 439 1583 510 κίνησις
1640 437 1698 494 δὲ
1747 435 1927 514 ἕτερόν

2068 440 2176 496 sine
2224 456 2486 513 egressu.
2536 441 2848 497 Sciendum
2898 458 3029 496 vero
3089 445 3197 510 est,
3232 444 3386 513 quod
3446 444 3584 516 μονή
3635 449 3695 501 et

276 532 391 588 ἐστι
422 538 526 600 τῆς
561 537 751 603 μονῆς.
786 530 961 601 Φησὶν
994 528 1085 584 οὗν
1119 528 1225 600 ὅτι,
1256 529 1348 584 καὶ
1395 528 1447 584 έν
1503 531 1644 601 μονῇ
1696 528 1937 597 ἀκινήτῳ

278 619 362 675 ἀεὶ
395 617 532 675 οὖσα
563 621 598 688 ἡ
634 618 748 683 θεία
778 618 959 695 φύσις,
993 614 1145 672 δοκεῖ
1173 623 1437 681 κινεῖσθαι
1473 616 1524 672 ἒν
1556 620 1625 691 τῇ
1658 615 1711 670 έν
1760 613 1939 685 ἀλλή-

284 705 408 770 λοις
446 709 717 783 χωρήσει.

349 885 451 940 Καὶ
514 891 616 955 τῆς
676 883 727 938 έν
788 882 934 956 αὖτῷ
991 883 1081 938 καὶ
1141 880 1195 938 έν
1255 883 1462 946 αὐτοῖς.
1507 884 1673 945 Οὗτος
1726 883 1754 936 6
1811 885 1935 944 νοῦς

274 980 389 1030 τῶν
440 972 797 1048 εἴρημένωνο
859 970 1152 1043 συναΐδιος,
1215 974 1376 1051 φησὶν
1454 974 1489 1043 ἡ
1549 970 1771 1047 ὕπαρξις
1839 976 1940 1041 τῆς

276 1065 440 1139 ἁγίας
468 1060 729 1140 Τριάδος,
761 1063 850 1118 καὶ
886 1062 997 1137 οὐχ
1052 1062 1250 1137 ἑτέρως
1301 1062 1396 1135 μὶν
1456 1061 1714 1136 ὑπῆρξεν,
1745 1058 1939 1134 έτέρως

277 1151 335 1208 δὲ
369 1153 513 1226 μετᾶ
542 1156 713 1207 ταῦτα
740 1152 971 1222 κατέστη
1008 1169 1022 1184 °
1056 1152 1092 1220 ἢ
1125 1150 1412 1227 χωρισμόν
1469 1170 1592 1205 τινα
1633 1152 1668 1220 ἣ
1705 1143 1938 1222 μεταϐο-

279 1241 385 1311 λήν
421 1239 689 1316 ἔσχηκεν,
718 1238 846 1296 ἀλλ’
878 1241 990 1313 ἅμα
1018 1238 1109 1295 καὶ
1136 1240 1275 1295 κατᾶ
1302 1240 1493 1294 ταυτὸν
1522 1238 1585 1294 τό
1622 1259 1681 1292 τε
1728 1236 1787 1291 ἐκ
1839 1239 1937 1291 τοῦ

274 1330 492 1406 Πατρὸς
528 1329 665 1384 εἶναι
696 1330 786 1384 τὸν
819 1329 942 1384 Υἱὸν
994 1329 1083 1384 καὶ
1117 1328 1181 1383 τὸ
1212 1332 1429 1403 Πνεῦμα
1453 1327 1514 1389 τὸ
1546 1328 1722 1402 ἅγιον,
1754 1323 1841 1380 καί
1873 1324 1935 1379 οὗ

383 1420 397 1440 1
474 1417 491 1437 9
540 1418 568 1473 ό

277 1439 376 1491 μετ
430 1439 532 1473 αυτ
573 1440 625 1477 ν.

345 1511 480 1570 Πῶς
532 1506 561 1561 6
615 1506 933 1582 ὕπερον5σιος
991 1506 1225 1576 Ἰησοῦς.
1277 1503 1594 1579 Σημείωσαι
1649 1503 1785 1559 κατᾶ
1831 1507 1933 1557 Νε-

275 1599 586 1670 στοριανῶν
618 1594 708 1648 καὶ
740 1591 1077 1671 Ἀκεφάλων.

343 1686 478 1744 Πῶς
536 1681 756 1757 ἀγαθός.
789 1681 850 1736 Τί
906 1682 1150 1758 περιέχει
1184 1682 1212 1736 6
1257 1681 1388 1757 Περὶ
1438 1680 1593 1737 θείων
1650 1676 1931 1751 ὀνομάτων

277 1769 452 1846 λόγος
480 1771 628 1826 "es.

348 1860 461 1915 Καὶ
489 1860 595 1935 γὰρ
627 1857 824 1934 ἐχρῆν.
857 1860 955 1914 Διά
978 1858 1030 1915 τί
1083 1860 1136 1914 αἱ
1186 1856 1500 1934 θεολογικαὶ
1531 1856 1929 1918 ἰ’ποτυπώσεις

275 1948 368 2003 καὶ
401 1950 433 2003 6
466 1947 598 2022 Περὶ
661 1947 819 2012 θείων
872 1947 1151 2021 ὀνομάτων
1203 1946 1368 2023 λόγος
1431 1945 1774 2021 όλιγόστιχοί
1830 1944 1931 1999 εἶσι

276 2034 501 2109 μᾶλλον
534 2036 571 2104 ἢ
603 2038 639 2105 ἡ
677 2031 1003 2110 Συμϐολική
1038 2035 1319 2111 θεολογία.

340 2131 459 2194 Τῆς
489 2121 863 2198 ωμόολικῆς.
900 2128 1025 2182 Τῶν
1059 2124 1289 2200 πρώτων
1318 2125 1385 2179 τὰ
1423 2130 1525 2195 τῆς
1572 2118 1930 2197 Συμϐολικῆς

274 2212 579 2288 θεολογίας
608 2212 763 2291 φησί.

344 2307 485 2357 Ταῖς
519 2302 774 2376 συνόψεσι
803 2306 911 2358 τῶν
970 2309 1203 2374 νοητῶν.
1239 2301 1499 2375 Συνόψεις
1556 2305 1662 2356 τῶν
1722 2305 1935 2371 νοητῶν

273 2394 372 2453 τας
434 2393 509 2464 τῇ
564 2387 718 2463 ἀύλῳ
769 2389 943 2445 αὐτῶν
999 2388 1269 2460 ἁπλότητι
1339 2388 1649 2464 πρεπούσας
1707 2388 1932 2464 θεωρίας

273 2477 528 2534 ἐκάλεσε.
563 2479 643 2536 Τὸ
675 2476 733 2533 δὲ
762 2478 1214 2554 περιστέλλονται
1245 2478 1363 2534 ἀντὶ
1416 2475 1512 2533 τοῦ
1543 2474 1933 2532 συστέλλονται

275 2566 548 2632 τέθεικεν.

347 2654 521 2713 Ἀλλ’
575 2654 807 2732 ἀλογίαν
887 2653 1151 2727 παντελῆ.
1201 2655 1455 2732 ἈΑογίαν
1535 2654 1667 2732 φησί
1734 2654 1796 2709 τὸ
1857 2654 1933 2727 μὴ

276 2743 547 2801 δύνασθαι
605 2744 760 2820 λόγῳ
810 2751 1151 2820 παραστῆσαι
1224 2743 1294 2799 τὰ
1370 2743 1501 2819 ὑπὲρ
1578 2742 1740 2818 λόγον
1769 2761 1782 2775 ⁸
1844 2742 1932 2796 καὶ

276 2831 547 2905 ἂνοησὶαν
605 2832 699 2889 οῦν
746 2834 810 2889 τὸ
865 2834 1204 2904 ἀνεννόητον,
1229 2832 1318 2888 καὶ
1358 2832 1388 2887 ὃ
1449 2833 1524 2905 μή
1586 2829 1800 2886 δύναταί
1855 2850 1937 2893 τις

277 2930 507 2995 νοῆσαι,
539 2922 614 2985 ὡς
651 2922 780 2998 ὑπὲρ
812 2927 963 2980 νοῦν.

350 3193 529 3248 Κάκεῖ
597 3190 693 3264 μὲν
745 3189 852 3244 ἀπὸ
905 3194 1002 3244 τοῦ
1060 3188 1193 3246 ἅνω.
1228 3187 1448 3257 Ἐπειδὴ
1502 3190 1569 3243 τὰ
1626 3187 1795 3257 νοητᾶ
1844 3187 1934 3241 καὶ
1966 3172 2008 3238 C

282 3281 420 3355 ὑπὲρ
477 3283 603 3333 νοῦν
649 3281 748 3333 τοῦ
796 3282 930 3333 Θεοῦ
969 3274 1149 3339 ἑνάδες
1176 3277 1302 3348 εἶσὶ,
1330 3276 1419 3332 καὶ
1443 3274 1499 3331 ’ὲν
1533 3277 1561 3330 6
1609 3276 1758 3346 Θεὸς,
1796 3281 1936 3347 μᾶλ-

278 3367 383 3424 λον
451 3364 510 3422 δὲ
565 3366 654 3421 καὶ
713 3366 849 3441 ὑπὲρ
903 3367 966 3421 τὸ
1020 3362 1075 3421 ἓν
1112 3384 1127 3399 ⁸
1159 3364 1387 3429 εἲκότως
1445 3363 1814 3433 συνέσταλται,
1848 3364 1939 3417 ἅτε

281 3459 379 3513 καὶ
435 3457 638 3532 amt;
693 3456 787 3512 καὶ
839 3456 1208 3528 ἀπλήθυντον.
1237 3458 1313 3511 Τὰ
1360 3453 1419 3510 δὲ
1476 3456 1611 3529 μετᾶ
1639 3455 1791 3522 Θεὸν,
1826 3452 1938 3525 ὅσῳ

286 3545 515 3620 μᾶλλον
572 3546 811 3601 κάτεισιν
861 3544 947 3600 ἐπὶ
1007 3545 1075 3599 τὰ
1120 3544 1371 3614 αἰσθητὰ,
1418 3545 1665 3616 τοσούτῳ
1725 3541 1936 3615 μᾶλλον

283 3635 622 3709 ὁμιλοῦνται
675 3639 793 3696 τοῖς
847 3638 1122 3709 μεριστοῖς
1169 3634 1258 3688 καὶ
1319 3630 1655 3699 σκεδαστοῖς,
1696 3631 1787 3686 καὶ
1844 3650 1940 3684 πε-

273 3722 711 3795 πληθυσμένοις
771 3721 1186 3796 συμπληθύεται
1234 3721 1420 3785 αὐτοῖς
1456 3722 1593 3797 πρὸς
1644 3720 1735 3774 τὸν
1788 3740 1939 3795 μερι-

275 3814 421 3886 σμὸν
485 3811 580 3867 καὶ
636 3812 702 3866 τὸ
753 3808 1091 3886 πολυσχιδὲς
1146 3815 1254 3866 τῶν
1327 3810 1621 3880 αἲσθητῶν.
1684 3808 1826 3885 Πρὸς
1875 3806 1943 3861 τὰ

280 3899 505 3977 ἔσχατα
561 3897 643 3974 δὲ,
694 3900 970 3955 τουτέστιν
1029 3900 1137 3954 ἀπὸ
1192 3905 1295 3969 τῆς
1355 3897 1681 3973 θεολογικῆς
1741 3896 1940 3951 ὑποτυο

282 3990 551 4051 πώσιως.

350 4078 498 4136 Ἀπὸ
545 4082 643 4132 τοῦ
691 4078 1023 4150 πρωτίστου.
1058 4079 1376 4151 Πρωτίστου
1420 4074 1552 4154 φησὶ
1595 4078 1691 4130 τοῦ
1724 4072 1937 4147 μᾶλλον

283 4166 635 4243 οἱκειοτέρου
686 4168 775 4222 καὶ
834 4169 903 4240 τῇ
949 4165 1128 4238 ἐννοίᾳ
1156 4160 1677 4241 προεισϐἀλλοντος,
1708 4166 1823 4219 οἷον
1856 4161 1938 4218 ὅτι

286 4254 368 4312 ὣν
406 4257 438 4311 6
470 4256 620 4329 Θεὸς,
653 4258 787 4332 ὅπερ
817 4255 1002 4311 ἑαυτὸν
1035 4253 1337 4328 ὠνόμασεν.

352 4440 486 4496 ’Ότι
545 4436 611 4491 τὸ
675 4436 809 4511 ὑπὶρ
874 4441 1073 4495 πᾶσαν.
1130 4440 1258 4499 Πῶς
1315 4432 1397 4491 δεῖ
1448 4435 1748 4511 κεχρῆσθαι
1822 4440 1941 4496 ταῖς

2050 528 2256 600 στάσις,
2295 530 2510 586 mansio
2541 535 2597 586 et
2624 534 2819 598 status,
2853 531 3005 586 idem
3051 530 3198 598 sint;
3233 532 3334 603 sed
3368 533 3545 588 motio
3575 534 3690 588 dif-

2050 619 2161 673 fert
2191 636 2223 674 a
2256 619 2580 675 mansione.
2612 618 2765 674 Dicit
2807 619 3008 690 itaque
3039 620 3297 675 divinam
3329 626 3600 676 naturam
3630 622 3691 676 in

2050 708 2358 763 mansione
2386 708 2631 763 immota
2662 708 3063 776 exsistentem,
3096 708 3278 763 videri
3311 710 3527 764 moveri
3560 726 3691 765 mu-

2049 800 2151 852 tua
2181 797 2553 868 profectione.

2119 886 2183 941 Et
2215 887 2278 940 in
2310 887 2428 957 ipso
2456 902 2527 941 ac
2558 888 2615 940 in
2634 886 2846 956 seipsis.
2882 886 3007 943 llaec
3029 885 3324 942 dictorum
3348 890 3437 942 est
3457 891 3694 943 senten-

2050 974 2157 1042 tia;
2191 979 2497 1044 coaeterni),
2543 975 2757 1046 inquit,
2781 974 3128 1031 exsistentia
3176 979 3393 1031 sanctis
3443 976 3700 1032 Trinita-

2047 1065 2147 1131 tis,
2180 1079 2369 1135 neque
2401 1064 2554 1119 236
2580 1063 2755 1119 aliter
2802 1064 3043 1136 quidem
3093 1064 3337 1131 exstitit,
3365 1063 3538 1120 aliter
3564 1081 3699 1121 vero

2048 1158 2251 1225 postea
2288 1154 2573 1224 constitit,
2605 1158 2707 1209 aut
2748 1153 3174 1227 separationem
3207 1155 3528 1225 quamdam
3577 1155 3700 1212 sive

2048 1242 2433 1299 mutationem
2466 1244 2715 1314 accepit;
2747 1244 2848 1299 sed
2880 1241 3057 1298 simul
3087 1243 3367 1298 eteodem
3395 1248 3695 1300 momento

2048 1331 2231 1388 Filius
2261 1336 2351 1387 est
2380 1348 2448 1387 ex
2479 1332 2669 1398 Patre,
2691 1336 2749 1388 et
2780 1330 3034 1405 Spiritus
3058 1336 3321 1402 sanctus,
3346 1348 3462 1388 non
3494 1336 3691 1388 autem

2046 1425 2178 1492 post
2206 1419 2424 1492 ipsum.

2118 1508 2393 1576 Quomodo
2436 1512 2590 1566 Iesus
2635 1511 2732 1583 qui
2781 1517 2859 1566 est
2906 1526 3079 1582 supra
3124 1509 3514 1565 substantiam.
3544 1509 3694 1565 Nota

2045 1602 2247 1654 contra
2277 1598 2658 1655 Nestorianos
2688 1603 2747 1654 et
2775 1599 3120 1670 Acephalos.

2117 1684 2388 1752 Quomodo
2420 1684 2613 1740 bonus.
2647 1685 2793 1749 Quid
2843 1685 2991 1741 liber
3018 1687 3093 1741 De
3121 1686 3324 1741 divinis
3371 1687 3692 1743 nominibus

2046 1773 2489 1845 complectatur.

2110 1864 2341 1920 Decebat
2359 1863 2531 1920 enim.
2552 1862 2666 1919 Cur
2685 1865 3008 1934 theologica:
3036 1866 3440 1932 Institutiones,
3463 1870 3518 1920 et
3543 1865 3691 1922 liber

2039 1951 2114 2006 Dc
2144 1951 2351 2006 divinis
2395 1952 2715 2006 nominibus
2754 1950 3058 2023 pauciores
3089 1968 3292 2008 versus
3325 1953 3685 2025 contineant,

2039 2055 2220 2110 quam
2252 2039 2569 2110 Symbolica
2597 2040 2918 2107 theologia?

2112 2126 2460 2199 Symbolicw.
2496 2127 2703 2184 Primis
2743 2129 3049 2186 convenire
3081 2129 3434 2203 theologiam
3466 2148 3592 2202 quae
3622 2131 3682 2186 in

2040 2214 2229 2287 signis
2263 2221 2547 2271 versatur.

2112 2302 2528 2360 Intellectilium
2575 2306 2901 2376 aspectibus.
2935 2306 3294 2377 Conspectus
3345 2307 3686 2378 intelligibi-

2039 2392 2209 2457 lium,
2242 2393 2468 2448 vocavit
2496 2394 3020 2466 contemplationes
3064 2394 3437 2451 immateriali
3484 2412 3687 2452 eorum

2044 2481 2409 2554 simplicitati
2443 2483 2879 2538 convenientes.
2913 2483 3116 2539 Posuit
3164 2488 3359 2538 autem
3410 2481 3691 2557 περιστέλ-

2044 2567 2231 2624 λονται
2273 2587 2375 2642 pro
2408 2567 2814 2638 συστέλλονται,
2848 2571 3298 2627 contrahuntur.

2119 2660 2295 2717 Unum
2350 2662 2527 2715 etiam
2582 2661 2642 2714 in
2697 2662 2979 2716 silentium
3035 2664 3364 2732 perfectum,
3414 2662 3510 2717 Gr.
3558 2660 3693 2717 ἁλο-

2042 2746 2159 2823 γίαν
2227 2745 2483 2821 ’Δλογίαν
2534 2749 2676 2804 dicit
2734 2766 2846 2805 non
2913 2766 3085 2820 posse
3143 2766 3412 2807 sermone
3480 2768 3691 2822 reprae-

2046 2840 2278 2892 sentare
2333 2854 2460 2907 quae
2519 2852 2851 2892 sermonem
2929 2837 3170 2893 vincunt
3229 2855 3242 2894 :
3307 2843 3364 2894 ct
3421 2839 3694 2895 similiter

2046 2923 2296 2993 ἀνοησίαν
2355 2925 2580 2981 vocavit
2636 2925 2780 2981 illud
2841 2926 2995 2998 quod
3054 2926 3300 2998 intelligi
3360 2928 3584 2999 nequit,
3638 2931 3696 2983 et

2048 3017 2204 3088 quod
2238 3016 2437 3072 nullus
2484 3015 2810 3088 intelligere
2859 3017 3064 3088 possit,
3098 3034 3231 3073 eum
3283 3024 3541 3074 mentem
3588 3036 3692 3075 su-

2050 3111 2231 3178 peret.

2116 3196 2285 3265 Atque
2316 3196 2375 3250 in
2420 3193 2535 3250 illis
2579 3194 2796 3265 quidem
2841 3212 2873 3249 a
2914 3211 3188 3267 supremo.
3222 3195 3510 3260 Quoniam
3562 3196 3695 3251 uni-

2049 3287 2200 3339 tatos
2226 3285 2320 3338 Dei
2353 3287 2493 3338 sunt
2520 3282 2587 3335 τὰ
2614 3280 2784 3352 νοητά
2809 3300 2910 3339 seu
2935 3301 3063 3355 quae
3086 3284 3326 3339 minime
3349 3285 3460 3340 sub
3483 3301 3696 3340 sensus

2048 3373 2286 3440 cadunt,
2320 3377 2695 3443 mentemque
2743 3374 3005 3442 vincunt,
3040 3378 3096 3428 et
3143 3372 3298 3428 Deus
3347 3376 3438 3427 est
3486 3389 3697 3438 unum;

2048 3460 2134 3518 vel
2178 3460 2369 3533 potius
2416 3477 2593 3533 supra
2643 3462 3085 3527 unum,merito
3133 3461 3520 3528 contrahitur,
3569 3465 3699 3517 tan-

2050 3568 2225 3623 quam
2250 3549 2620 3604 individuum
2644 3553 2700 3604 ct
2722 3566 2837 3604 non
2864 3548 3327 3620 multiplicabile.
3346 3549 3479 3612 Quae
3500 3555 3698 3604 autem

2050 3644 2184 3711 post
2215 3644 2420 3708 Deum,
2452 3642 2673 3708 quanto
2705 3636 2895 3707 magis
2927 3636 3294 3691 descendunt
3331 3637 3404 3690 ad
3445 3637 3698 3692 sensibi-

2049 3725 2147 3793 lia,
2171 3728 2332 3780 tanto
2355 3723 2540 3795 magis
2569 3724 3017 3794 conjunguntur
3038 3722 3433 3778 divisibilibus
3455 3727 3512 3777 et
3532 3739 3699 3794 sepa-

2050 3813 2358 3880 rabilibus,
2381 3817 2438 3867 et
2467 3828 2601 3868 cum
2623 3811 2770 3883 ipsis
2795 3809 3200 3882 multiplicatis
3223 3810 3397 3866 simul
3420 3828 3525 3882 per
3552 3812 3696 3866 divi-

2050 3902 2273 3959 sionem
2306 3900 2755 3972 multiplicatur,
2778 3908 2834 3956 et
2860 3899 3041 3954 multa
3064 3899 3371 3955 sensilium
3395 3899 3690 3956 dissectio.

2050 3992 2128 4047 Ad
2157 3996 2426 4057 extrema,
2458 3989 2514 4046 id
2548 3994 2639 4045 est
2669 4006 2701 4044 a
2732 3988 3059 4059 theologica
3087 3987 3478 4044 institutione.

2121 4081 2160 4135 A
2192 4081 2394 4149 primo.
2432 4077 2690 4134 Primum
2740 4076 2887 4132 dicit
2933 4075 3083 4131 illud
3116 4078 3270 4147 quod
3323 4077 3514 4149 magis
3563 4094 3697 4149 pro-

2052 4169 2244 4241 prium
2285 4166 2613 4223 intellectui
2665 4166 2796 4237 ejus
2847 4164 2948 4237 qui
2995 4164 3254 4237 primum
3313 4166 3698 4239 aggreditur:

2052 4273 2261 4328 nempe
2308 4256 2465 4328 quod
2523 4259 2675 4311 Deus
2709 4254 2787 4310 sit
2816 4253 2844 4307 ὁ
2879 4247 2977 4321 ὤν,
3010 4254 3107 4325 qui
3152 4263 3250 4323 est,
3282 4256 3436 4326 quod
3490 4271 3703 4310 nomen

2051 4345 2164 4402 sibi
2195 4344 2497 4417 imposuit.

2124 4435 2270 4503 Quia
2300 4434 2355 4488 id
2385 4433 2526 4505 quod
2557 4442 2784 4504 superat
2813 4449 3055 4487 omnem.
3091 4431 3232 4496 Quis
3262 4431 3340 4486 sit
3371 4448 3516 4486 usus
3546 4432 3706 4486 affir-

285 4528 477 4593 θέσεσι
537 4525 630 4580 καὶ
687 4529 807 4590 ταῖς
864 4523 1204 4602 ἀφαιρέσεσιν
1254 4523 1341 4580 ἐπὶ
1387 4528 1520 4579 Θεοῦ
1552 4543 1564 4557 ·
1597 4522 1687 4578 καὶ
1734 4524 1816 4578 ὅτι
1854 4523 1939 4578 τὰς

2068 4523 2385 4579 motionum
2419 4526 2477 4577 et
2514 4521 2895 4593 negationum
2926 4520 2986 4575 in
3018 4526 3165 4587 Deo;
3199 4524 3257 4574 et
3286 4536 3392 4575 nos
3441 4519 3703 4574 afﬁrma-

280 4617 387 4689 μὲν
427 4614 607 4678 θέσεις
635 4612 744 4669 ἀπὸ
767 4617 866 4668 τοῦ
896 4613 1208 4686 πρωτίστου
1245 4612 1337 4668 καὶ
1389 4611 1599 4686 μᾶλλον
1661 4616 1947 4687 συγγενοῦς

271 4708 363 4778 τῷ
398 4707 523 4775 Θεῷ
548 4701 858 4776 ποιούμεθα
889 4721 902 4734 ’
934 4702 1031 4766 τὰς
1074 4700 1133 4757 δὶ
1162 4702 1467 4780 ἀφαιρέσεις
1496 4699 1602 4756 ἀπὸ
1630 4704 1737 4755 τῶν
1784 4698 1949 4776 ἐσχά-

277 4813 403 4848 των
437 4791 528 4847 καὶ
565 4789 784 4863 μᾶλλον
816 4791 983 4846 αὐτοῦ
1015 4787 1401 4861 διεστηκότων.

353 4881 484 4950 Τήν
520 4880 846 4949 ὑποθπικήν
906 4880 1228 4959 κατάφασιν.
1260 4876 1570 4956 Κατάφασίς
1629 4876 1738 4933 ἐστι
1789 4875 1951 4953 λόγος

275 4968 669 5048 ἆποφαντικὸς
722 4966 761 5037 ἢ
842 4972 943 5023 τοῦ
1014 4967 1277 5037 καθόλου,
1333 4967 1369 5036 ἢ
1426 4970 1527 5020 τοῦ
1610 4966 1951 5040 μαχομένου,

277 5060 317 5131 ἢ
382 5054 855 5131 συμπλεκομένου
914 5059 1083 5126 τινὸς,
1142 5057 1176 5127 ἢ
1232 5055 1690 5131 συγκρινομένοιν
1729 5056 1867 5126 οἷον,
1926 5055 1954 5108 6

2056 4612 2244 4668 tiones
2275 4628 2309 4666 a
2339 4609 2530 4681 primo
2570 4609 2875 4680 magisque
2924 4609 3038 4664 Deo
3083 4612 3326 4679 cognato
3378 4607 3701 4674 efﬁcimus;

2059 4704 2119 4756 at
2147 4699 2487 4772 negationes
2536 4698 2608 4752 ab
2652 4696 2929 4753 extremis
2975 4702 3032 4752 et
3072 4696 3260 4768 magis
3309 4696 3384 4750 ab
3435 4696 3561 4766 ipso
3610 4713 3701 4751 re-

2060 4789 2258 4845 motis.

2131 4876 2543 4949 Hypotheticam
2574 4873 3031 4948 afﬁrmationem.
3055 4870 3379 4927 Alﬁrmatio
3400 4876 3489 4927 est
3510 4887 3705 4927 sermo

2061 4965 2463 5022 enuntiativus
2496 4964 2749 5033 alicujus
2780 4963 2931 5032 quod
2983 4964 3072 5015 est
3099 4958 3183 5014 vel
3235 4959 3585 5029 universale,
3619 4961 3706 5017 vel

2064 5070 2422 5127 repugnans,
2454 5051 2543 5107 vel
2593 5048 2949 5120 copulatum,
2982 5048 3199 5103 veluti:
3234 5048 3388 5103 Deus
3436 5054 3526 5105 est
3570 5049 3710 5116 vita,

276 5149 421 5209 Θεὸς
487 5147 603 5216 ζωή
666 5144 832 5218 ἐστιν,
866 5146 895 5200 6
954 5146 1085 5210 Θεὸς
1140 5143 1402 5219 ἆγαθότης
1435 5142 1601 5200 ἐστίν.
1633 5143 1939 5198 Ὕποθετικῦ

2068 5141 2219 5197 Deus
2250 5145 2339 5197 est
2370 5140 2623 5195 bonitas.
2647 5136 2963 5204 Ὑποθετική
2998 5152 3127 5190 vero
3168 5141 3254 5191 est
3304 5154 3496 5192 sermo
3526 5155 3713 5193 enun-

276 5234 341 5298 δέ
398 5233 520 5288 ἐστι
566 5234 746 5310 λόγος
797 5234 1165 5303 ἀποφαντικὸς
1195 5232 1233 5302 ἢ
1282 5236 1379 5288 τοῦ
1412 5231 1673 5303 καθόλου,
1705 5233 1740 5302 ἢ
1778 5252 1955 5307 μαχο-

279 5323 471 5403 μένου
516 5321 694 5392 τινὸς,
752 5323 790 5392 ἢ
849 5320 1306 5396 συμπλεκομένου
1363 5317 1690 5390 δηλωτικός.
1748 5322 1812 5375 Ἡ
1865 5320 1955 5374 οὗν

2068 5231 2306 5286 tiativus
2349 5229 2478 5300 ejus
2528 5226 2683 5298 quod
2728 5231 2818 5280 est
2871 5229 2969 5279 aut
3019 5225 3369 5293 universale,
3413 5232 3515 5281 aut
3563 5228 3710 5284 237

2068 5334 2428 5391 repugnans,
2462 5320 2563 5371 aut
2605 5313 2862 5386 copulati
2904 5313 3316 5369 declarativus.
3349 5317 3551 5388 Itaque
3583 5314 3717 5369 ὑπο-

1292 5503 1538 5560 VARIE
1576 5502 1961 5560 LECTIONES
1997 5501 2084 5557 ΒΤ
2121 5493 2685 5554 CORRECTIONES.

364 5634 503 5676 δίου
528 5632 584 5687 τί
614 5630 865 5706 περιέχει
895 5629 925 5683 6
958 5633 1054 5698 τῆς
1087 5621 1445 5701 Συμϐολικῆς
1474 5627 1756 5702 θεολογίας
1794 5622 1977 5703 λόγος.

636 5759 904 5823 Persen.
951 5756 1062 5820 Gs.
1106 5756 1209 5818 1V.

3320 5749 3396 5807 14
