4004 6200
351 320 454 378 427

1169 314 1533 376 APPENDIX
1569 321 1663 375 AD
1702 315 1941 373 OPERA
1976 318 2034 371 8.
2074 311 2389 371 DIONYSII
2426 308 2931 372 AREOPAGITE.

3651 316 3752 375 428

352 444 537 513 θετικῆ
570 444 865 517 κατάφασις
899 443 956 499 in
994 445 1124 512 Deo,
1150 443 1305 499 Deus
1336 446 1424 499 est
1455 440 1643 514 magis
1669 439 1783 495 vita
1814 442 1871 495 et
1901 438 1998 494 b0-

2132 437 2401 506 ιποθετική
2449 433 2744 515 κατάφασις
2790 435 2879 492 ἐπὶ
2929 436 3083 508 Θεοῦ,
3118 437 3202 492 ὅτι
3234 437 3262 491 6
3293 434 3423 500 Θεὸς
3483 440 3591 509 ζωή
3644 439 3751 496 ἔστι

351 535 506 591 nitas
539 550 715 606 quam
758 549 858 589 aer
888 536 944 589 et
981 533 1164 606 lapis;
1199 531 1594 589 detractiones
1649 533 1845 586 autem
1898 542 2005 583 ne-

2132 522 2201 579 ιαὶ
2231 524 2503 601 ἀγαθότης
2552 525 2765 599 μᾶλλον
2797 524 2833 594 ἢ
2863 524 2967 594 ἀὴρ
3016 523 3108 581 καὶ
3156 522 3314 590 λίθος
3352 546 3365 560 ο
3398 525 3453 581 αἱ
3495 524 3551 582 δὲ
3598 529 3752 604 ἀφαι-

353 624 591 697 gatione
635 622 927 679 contrario
978 623 1154 678 modo
1204 620 1480 695 positioni
1531 619 1837 688 dicuntur;
1869 632 2004 672 nam

355 713 592 787 positio,
623 713 779 770 sicut
826 713 1051 769 dictum
1083 716 1191 780 est,
1221 712 1546 769 secundum
1596 707 2005 781 descriptivam

358 803 810 860 aiﬁrmationem
859 803 1231 873 enuntiatur;
1276 817 1481 873 nempe
1528 799 1684 856 Deus
1733 802 1823 854 est
1866 796 2006 864 vita,

360 896 463 950 aut
491 908 617 962 aer;
652 896 712 948 at
740 891 1016 963 ncgativa
1059 890 1343 947 detractio
1377 906 1391 946 :
1423 888 1576 945 Deus
1606 903 1720 944 non
1752 886 2008 942 inebria-

357 986 475 1051 tur,
508 998 623 1038 non
655 980 960 1048 irascitur;
1008 983 1066 1036 et
1115 980 1172 1035 in
1224 979 1615 1052 positionibus
1642 993 1676 1033 a
1707 974 2010 1049 cognatio-

360 1070 524 1126 ribus
552 1068 900 1141 incipimus;
934 1067 1126 1141 magis
1157 1068 1313 1124 enim
1350 1071 1460 1124 Deo
1483 1064 1786 1139 proprium
1810 1064 1927 1120 vita
1956 1074 2011 1118 et

359 1159 596 1215 bonitas
627 1172 800 1228 quam
835 1173 932 1213 aer
979 1161 1036 1212 et
1085 1156 1256 1230 lapis.
1290 1157 1353 1211 In
1386 1153 1848 1212 detractionibus
1879 1168 2011 1210 vero

360 1248 434 1303 ab
464 1246 740 1304 extremis
783 1246 1185 1312 ascendimus,
1219 1246 1500 1302 nimirum
1551 1246 1730 1301 Deum
1764 1259 1882 1299 non
1915 1242 2010 1297 de-

361 1336 566 1392 clarari
598 1350 884 1406 sermone,
911 1350 1015 1390 nec
1047 1335 1342 1407 cognosci,
1373 1334 1557 1406 magis
1600 1338 1689 1390 est
1734 1336 1846 1388 Deo
1879 1346 2011 1404 pro-

359 1425 554 1497 prium
613 1440 791 1496 quam
852 1441 969 1479 non
1028 1424 1321 1496 crapulari
1382 1428 1440 1480 et
1496 1439 1612 1478 non
1668 1420 1885 1489 irasci;
1946 1434 2012 1474 ac

361 1513 603 1567 omnino
649 1529 682 1566 a
732 1514 988 1569 secundo
1023 1528 1127 1568 seu
1159 1511 1352 1568 viliori
1402 1512 1824 1567 detractionem
1857 1507 2013 1565 ordi-

364 1617 520 1667 mur,
550 1600 817 1656 videlicet
851 1619 864 1656 :
900 1618 1014 1657 non
1060 1600 1388 1657 inebriatur
1417 1599 1571 1656 Deus
1621 1599 1808 1672 magis
1838 1613 2012 1671 quam

365 1704 480 1745 non
513 1688 751 1759 dicitur,
785 1692 840 1745 et
873 1707 886 1746 :
929 1704 1045 1746 non
1091 1689 1367 1769 irascitur
1397 1689 1551 1745 Deus
1601 1686 1789 1760 magis
1836 1702 2012 1759 quam

366 1794 481 1833 non
513 1776 887 1849 intelligitur.
921 1774 1211 1852 Κραιπάλη
1264 1778 1504 1850 quidem
1555 1781 1645 1833 est
1692 1776 1930 1848 c0piosa
1959 1778 2016 1832 et

363 1862 881 1919 vehementissima
929 1863 1206 1935 ebrietas,
1237 1862 1415 1921 veluti
1465 1860 1779 1938 καραπάλη,
1821 1863 1878 1918 id
1927 1866 2017 1920 est

365 1951 428 2006 τὸ
456 1949 594 2026 κάρα
624 1968 725 2008 seu
760 1958 925 2025 caput
951 1948 1242 2007 πάλλουσα
1271 1952 1549 2025 quatiens,
1573 1951 2016 2025 plurimumque

370 2058 639 2111 movens;
678 2047 841 2113 μῆνις
871 2046 1065 2099 autem
1099 2046 1191 2099 est
1237 2058 1352 2099 non
1386 2058 1745 2115 quaecunque
1775 2041 1881 2110 ira,
1914 2041 2015 2097 sed

368 2147 744 2204 permanens.
778 2131 983 2203 Itaque
1012 2147 1047 2187 a
1075 2130 1458 2187 sensibilibus
1507 2131 1578 2187 ad
1622 2129 2018 2203 intelligibilia

370 2221 776 2286 ascendentes,
809 2237 924 2276 non
956 2221 1238 2277 debemus
1267 2236 1469 2277 omnes
1500 2220 1607 2276 has
1643 2219 2017 2293 incorporeas

368 2307 758 2364 detractiones
802 2307 1108 2365 humiliter
1152 2307 1625 2382 intelligere,sed
1657 2308 1715 2364 in
1750 2323 2016 2380 unoquo-

368 2413 482 2469 que
528 2396 767 2453 illorum
800 2414 927 2470 quas
978 2398 1259 2454 dicuntur
1305 2397 1646 2465 subaudire,
1679 2398 1833 2469 quod
1891 2394 2018 2470 ipse

366 2487 577 2542 beatus
607 2486 920 2560 Dionysius
952 2487 1136 2543 dixit:
1162 2492 1313 2544 Deus
1342 2488 1499 2543 enim
1533 2485 1679 2542 nihil
1712 2490 1802 2543 est
1833 2485 2017 2542 dicto-

370 2592 501 2632 rum
533 2594 661 2648 quas
700 2593 807 2633 nos
839 2575 1271 2650 cognoscimus,
1304 2581 1403 2633 aut
1446 2575 1855 2649 intelligimus,
1880 2574 2019 2648 quin

371 2680 480 2720 nec
510 2665 745 2721 illorum
770 2682 896 2738 quae
927 2664 1334 2738 intelligibiles
1356 2666 1602 2722 virtutes
1628 2666 1910 2721 universa:
1933 2681 2022 2721 co-

373 2757 687 2827 gnoscunt.
707 2755 917 2811 Omnia
956 2755 1113 2811 enim
1147 2771 1272 2827 quae
1305 2754 1460 2810 dicta
1498 2758 1657 2822 sunt,
1683 2771 1924 2827 prorsus
1954 2767 2024 2810 ex

376 2846 490 2898 Deo
523 2846 684 2912 sunt,
706 2860 773 2899 ac
815 2846 944 2915 ejus
976 2845 1126 2899 dona
1160 2859 1175 2898 :
1206 2847 1263 2899 et
1301 2844 1594 2915 quomodo
1636 2842 1866 2915 proprie
1897 2843 2022 2914 ipse

374 2946 440 2986 ex
471 2931 618 3001 ipsis
648 2932 747 3002 qui
780 2930 927 3003 ipsis
958 2931 1261 3003 providet?
1282 2931 1490 2989 Omnia
1522 2947 1655 2987 vero
1678 2931 1904 2988 diverse
1925 2946 2023 2987 ex-

372 3017 691 3091 plicuimus
720 3019 780 3074 in
809 3019 958 3075 libro
989 3022 1064 3077 De
1090 3021 1299 3076 divinis
1328 3021 1662 3077 nominibus.
1689 3020 1821 3077 Haec
1865 3020 2022 3076 enim

373 3106 569 3162 omnia
597 3110 737 3162 sunt
766 3108 1180 3173 accidentia,ct
1203 3111 1263 3165 in
1290 3110 1642 3166 substantiis
1668 3126 1867 3166 eorum
1893 3126 2022 3183 quas

372 3199 508 3268 post
535 3195 752 3265 Deum;
786 3200 846 3252 at
874 3195 1027 3254 Deus
1076 3202 1202 3254 tum
1253 3199 1568 3256 essentiam
1602 3201 1857 3271 superat,
1892 3202 2019 3254 tum

372 3284 585 3340 borum
634 3288 724 3341 est
770 3288 1001 3355 auctor;
1056 3301 1192 3359 ergo
1242 3292 1298 3343 et
1344 3287 1436 3345 his
1481 3286 1765 3360 superior.
1797 3287 2020 3344 Aliter:

372 3373 507 3428 Vita
536 3377 593 3430 et
633 3373 887 3445 bonitas,
922 3375 1236 3432 afﬁrmatio
1286 3393 1389 3433 seu
1439 3377 1681 3449 positio;
1731 3394 1847 3434 non
1896 3393 2019 3433 cra-

375 3461 639 3535 pulatur,
672 3478 786 3519 non
836 3463 1141 3536 irascitur;
1192 3481 1323 3523 ecce
1368 3467 1476 3524 tibi
1528 3464 1756 3540 negatio
1789 3483 1890 3523 seu
1921 3466 2021 3523 de-

378 3551 610 3609 tractio.

451 3642 625 3711 Quum
651 3652 749 3699 aer
788 3647 883 3699 aut
929 3641 1095 3716 lapis.
1130 3645 1242 3701 Aer
1270 3644 1529 3718 quidem,
1553 3644 1724 3717 juxta
1761 3644 2020 3718 Scriptu-

379 3736 506 3786 ram
536 3730 596 3785 in
628 3729 795 3787 libris
825 3735 1069 3807 Regum,
1098 3733 1156 3789 in
1188 3748 1332 3791 aura
1362 3734 1541 3790 tenui.
1572 3733 1847 3806 Lapidem
1887 3750 2021 3790 vero

380 3819 664 3891 propheta
683 3820 850 3877 vidit.
874 3821 1059 3895 Magis
1089 3822 1272 3896 igitur
1302 3823 1533 3897 proprie
1559 3839 1737 3895 quam
1765 3820 1885 3893 illa,
1912 3822 2022 3879 vita

377 3911 437 3963 et
485 3908 717 3979 bonitas,
761 3908 822 3965 in
873 3913 986 3967 Deo
1031 3915 1350 3982 ponuntur,
1383 3915 1440 3968 et
1484 3909 1654 3968 illum
1703 3911 2021 3968 declarant.

379 3994 474 4049 Sic
506 3996 682 4051 etiam
730 4012 798 4052 ex
836 3998 1219 4071 detractione,
1243 4000 1531 4057 contrario
1581 4001 1775 4073 modo,
1807 3999 2027 4056 scilicet

376 4081 666 4152 crapulari
701 4088 757 4138 et
795 4084 988 4156 irasci,
1019 4092 1242 4143 remota
1291 4092 1430 4144 sunt
1460 4104 1492 4145 a
1524 4089 1638 4145 Deo
1689 4096 1745 4145 et
1793 4088 2022 4157 aliena;

377 4170 479 4225 sed
500 4185 609 4225 non
632 4169 749 4225 dici
768 4173 956 4244 magis
979 4177 1253 4232 convenit
1296 4176 1412 4232 Deo
1437 4181 1493 4233 et
1514 4177 1755 4249 propius
1781 4177 2023 4247 accedit,

378 4257 531 4315 238
562 4256 701 4330 quia
731 4275 964 4317 omnem
1000 4270 1254 4320 mentem
1289 4270 1343 4320 et
1376 4281 1709 4322 sermonem
1738 4265 1939 4322 vincit.

998 4369 1072 4426 IN
1112 4370 1264 4426 CAP.
1310 4371 1402 4427 IV.

445 4458 630 4527 Neque
658 4456 717 4512 in
753 4456 869 4513 loco
899 4463 995 4514 est.
1030 4456 1200 4515 Pater
1240 4460 1571 4516 necessario
1617 4476 1720 4533 per
1763 4461 1884 4518 haec
1914 4479 2021 4519 au-

375 4542 623 4600 ditorem
651 4562 827 4602 suum
860 4548 1191 4616 conﬁrmat,
1216 4566 1290 4605 ne
1321 4554 1555 4623 propter
1585 4527 1897 4623 sequentes
1925 4569 2023 4608 ne-
2057 4527 2102 4593 D

375 4632 640 4705 gationes
670 4635 988 4692 arbitretur
1027 4637 1395 4695 divinitatem
1439 4656 1681 4712 prorsus
1711 4657 1826 4697 non
1858 4656 2021 4713 esse;

375 4721 477 4778 sed
509 4722 566 4779 in
599 4722 693 4780 his
732 4724 995 4795 quidem,
1027 4724 1190 4782 illam
1240 4743 1367 4784 esse
1399 4729 1740 4801 supposuit;
1796 4730 1856 4785 in
1904 4729 2021 4786 illis

376 4826 528 4880 vero,
560 4811 791 4868 nullum
822 4830 950 4871 esse
985 4831 1188 4871 eorum
1221 4832 1346 4889 quae
1376 4822 1536 4890 sunt,
1571 4819 1671 4876 sed
1704 4820 2021 4878 essentiam

376 4914 677 4971 superare.

1008 4988 1078 5046 IN
1126 4991 1280 5049 CAP.
1322 4992 1387 5049 V.

1008 4991 1078 5046 IN
1171 4991 1280 5049 AP.
1322 4992 1387 5049 V.

448 5076 600 5145 Quod
635 5093 735 5136 nec
780 5079 971 5135 anima
1017 4994 1334 5153 sit,Cneque
1381 5099 1554 5139 mens.
1586 5083 1715 5139 Haec
1765 5083 1917 5140 inter
1962 5101 2025 5141 se

378 5162 714 5237 discrepant
744 5167 920 5237 (sicut
968 5169 1243 5240 superius
1297 5171 1652 5227 declaratum
1681 5173 1790 5243 est)
1826 5189 1839 5228 :
1872 5172 2026 5228 ima-

374 5250 618 5322 ginatio,
659 5255 876 5327 opinio,
906 5257 1076 5328 ratio,
1109 5257 1521 5331 intelligentia,
1545 5276 1671 5331 quae
1719 5260 1780 5315 in
1830 5265 2025 5318 mente

2115 613 2284 684 ρέσεις
2342 613 2477 669 κατά
2532 614 2799 692 ἀπόφασιν
2861 613 3110 689 λέγονται
3166 612 3419 678 ἐναντίως
3458 618 3526 690 τῇ
3570 614 3705 672 θέσει
3737 638 3752 651 ’

2115 705 2149 772 ἡ
2185 703 2280 777 μὲν
2334 704 2436 780 γὰρ
2485 704 2651 772 θὲσις,
2700 702 2836 759 κατὰ
2884 704 3233 774 ὑποθετικὴν,
3288 705 3360 768 ὡς
3400 702 3633 778 εἴρηται,
3664 728 3754 762 κα-

2114 792 2341 870 τάφασις
2372 791 2611 868 λέγεται,
2642 791 2724 848 ὅτι
2759 793 2872 862 ζωὴ
2905 793 2932 847 6
2964 794 3094 856 Θεὸς
3124 795 3159 864 ἢ
3194 793 3298 871 ἀήρ
3334 812 3347 826 ·
3380 796 3415 864 ἡ
3455 790 3510 848 δί
3552 794 3758 873 ἀποφα-

2115 881 2240 950 τική
2270 880 2571 957 ἀφαίρεσις,
2606 880 2666 936 ού
2701 881 3018 954 μεθύσκεται
3059 883 3085 936 6
3119 882 3270 952 Θεὸς,
3305 880 3406 938 οὐκ
3451 880 3755 960 ὀργίζεται·

2117 969 2205 1023 καὶ
2239 968 2326 1023 ἐπὶ
2354 973 2461 1024 τῶν
2491 970 2686 1034 θέσεων
2724 968 2783 1025 ἐκ
2809 975 2917 1026 τῶν
2949 972 3372 1047 σογγενεστέρων
3432 968 3726 1048 ἀρχόμαθα
3746 991 3758 1006 ·

2121 1054 2449 1133 οἰκειότερον
2487 1056 2589 1133 γὰρ
2620 1058 2738 1131 Θεῴ
2775 1060 2888 1129 ζωὴ
2920 1059 3009 1115 καί
3038 1059 3311 1136 ἀγαθότης
3346 1056 3562 1135 μᾶλλον
3594 1056 3630 1130 ἢ
3662 1062 3761 1138 ἀὴρ

2120 1147 2208 1201 καὶ
2239 1145 2414 1210 λίθος.
2450 1147 2570 1202 Ἐπὶ
2613 1145 2670 1203 δὲ
2694 1152 2804 1203 τῶν
2836 1148 3171 1227 ἀφαιρέσεων
3202 1148 3293 1205 καὶ
3348 1153 3457 1207 τῶν
3517 1145 3761 1226 ἐσχάτων

2123 1232 2331 1307 ἄνιμεν,
2366 1235 2478 1290 οἷον
2510 1235 2570 1289 τὸ
2624 1236 2698 1309 μὴ
2750 1235 2897 1312 λόγῳ
2944 1232 3248 1307 δηλοῦσθαι
3278 1237 3372 1293 τὸν
3404 1238 3563 1310 Θεὸν,
3588 1238 3680 1294 καὶ
3708 1239 3765 1295 τὸ

2126 1323 2202 1396 μή
2259 1325 2519 1394 νοεῖσθαι,
2570 1323 2897 1402 οἰκειότερον
2963 1323 3179 1400 μᾶλλον
3208 1331 3287 1399 τῷ
3317 1328 3458 1399 Θεῷ,
3490 1326 3528 1397 ἢ
3578 1324 3644 1382 τὸ
3696 1324 3765 1401 μή

2121 1410 2449 1486 κραιπαλᾷν,
2486 1410 2628 1486 μηδὲ
2661 1412 2989 1490 ὀργίζεσθαι,
3023 1414 3113 1470 καὶ
3144 1414 3291 1478 ὅλως
3340 1414 3399 1470 ἐκ
3445 1418 3545 1471 τοῦ
3597 1412 3769 1473 65.01}-

2123 1519 2220 1575 ρου
2249 1507 2349 1571 τῆς
2377 1500 2708 1578 ἀφαιρέσεως
2740 1497 3027 1578 ἀρχόμεθα
3058 1523 3072 1537 ο
3106 1505 3248 1575 οἷον,
3280 1504 3344 1560 ού
3392 1504 3581 1579 μεθύει
3632 1504 3771 1579 μᾶλ-

2124 1588 2220 1644 λον
2252 1591 2278 1644 6
2312 1590 2438 1653 Θεὸς
2468 1591 2502 1660 ἣ
2538 1590 2597 1645 ού
2626 1588 2837 1667 λέγεται
2874 1613 2885 1625 ·
2921 1593 3011 1648 καὶ
3044 1590 3104 1648 ού
3137 1598 3306 1667 μηνιᾷ
3333 1590 3550 1668 μᾶλλον
3587 1594 3617 1650 6
3647 1597 3769 1659 Θεὸς

2124 1675 2159 1746 ἢ
2210 1676 2276 1732 ού
2337 1685 2555 1738 νοεῖται.
2589 1679 2885 1756 Κραιπάλη
2943 1682 3038 1755 μὲν
3098 1683 3190 1738 οὗν
3234 1682 3412 1753 ἐστιὴ
3443 1681 3640 1753 πο).λή
3686 1686 3766 1739 καὶ

2124 1764 2467 1845 σφοδροτάτη
2504 1770 2665 1843 μέθη,
2694 1769 2859 1825 οἱονεὶ
2901 1769 3192 1845 καραπάλη
3241 1794 3325 1837 τις
3367 1768 3523 1842 οῦσα,
3555 1774 3587 1828 ’ὀ
3638 1771 3770 1829 ἐστὶν

2123 1857 2158 1925 ἡ
2209 1855 2271 1911 τὸ
2328 1857 2486 1934 κάρα,
2519 1855 2642 1927 ἤτοι
2697 1858 2796 1929 τήν
2845 1858 3089 1938 κεφαλὴν
3141 1857 3427 1917 πάλλουσα
3483 1861 3581 1917 καὶ
3639 1864 3768 1918 πάνυ

2122 1949 2365 2004 κινοῦσα.
2400 1948 2580 2017 Μῆνις
2613 1945 2668 2003 δὲ
2700 1948 2808 2024 οὐχ
2845 1952 2880 2018 ἡ
2928 1948 3174 2026 τυχοῦσα
3219 1946 3379 2028 ἀργὴ,
3410 1946 3540 2007 ἀλλ’
3569 1954 3607 2022 ἡ
3657 1951 3766 2008 ἐπί-

2129 2056 2316 2108 μονος.
2376 2037 2510 2093 Ἀπὸ
2564 2041 2693 2113 γοῦν
2744 2041 2852 2093 τῶν
2906 2038 3174 2110 αἰσθητῶν
3253 2038 3503 2104 ἀνιόντας
3566 2040 3657 2096 ἐπὶ
3705 2042 3768 2097 τὰ

2126 2124 2321 2195 νοητὰ,
2353 2126 2527 2188 πάσας
2573 2125 2773 2190 ταύτας
2818 2126 2916 2190 τὰς
2964 2127 3284 2202 ἀσωμάτους
3333 2128 3647 2207 ἀφαιρέσεις
3695 2131 3767 2204 μὴ

2126 2217 2393 2276 ταπεινῶς
2423 2220 2569 2270 νοεῖν
2618 2217 2755 2292 χρὴ,
2786 2214 2911 2272 ἀλλ’
2940 2215 3021 2295 ἐφ’
3054 2216 3261 2291 ἑκάστῳ
3305 2222 3414 2273 τῶν
3462 2217 3765 2295 εἰρημένων

2127 2302 2589 2377 προσυπακούειν,
2649 2303 2782 2380 ὅπερ
2840 2304 2999 2369 αὐτὸς
3054 2306 3082 2361 6
3145 2305 3409 2383 μακάριος
3490 2308 3768 2371 Διονύσιος

2128 2391 2269 2446 εἶπεν
2302 2408 2315 2424 ⁸
2369 2388 2519 2448 οὐδὲν
2579 2394 2682 2469 γάρ
2740 2393 2878 2449 ἐστιν
2930 2394 2958 2450 6
3008 2395 3138 2458 Θεὸς
3182 2400 3288 2451 τῶν
3336 2395 3671 2471 εἰρημένων,
3700 2399 3770 2452 ὧν

2128 2480 2291 2553 ἡμεῖς
2343 2480 2773 2556 γινώσκομεν,ἤ
2822 2487 3053 2558 νοοῦμεν
3088 2504 3102 2519 ·
3152 2480 3280 2541 ἀλλ’
3309 2481 3431 2541 οὔτε
3478 2487 3555 2541 ὧν
3615 2488 3771 2563 γινώ-

2130 2591 2349 2625 σκουσιν
2410 2572 2465 2626 αἱ
2521 2571 2709 2643 νοηταὶ
2771 2570 3026 2647 δυνάμεις
3089 2579 3296 2629 πᾶσαι·
3347 2576 3522 2631 πάντα
3566 2576 3670 2653 γὰρ
3712 2576 3774 2632 τὰ

2131 2657 2394 2736 εἰρημένα
2448 2659 2689 2733 καθάπαξ
2746 2658 2807 2716 ἐκ
2852 2666 2986 2717 Θεοῦ
3017 2658 3118 2719 εἶσι
3167 2661 3257 2718 καὶ
3314 2661 3476 2720 αὐτοῦ
3536 2661 3770 2741 δωρεαίο

2130 2747 2221 2803 καὶ
2268 2750 2387 2811 πῶς
2433 2747 2593 2813 αὐτὸς
2641 2748 2692 2821 ἐξ
2736 2748 2910 2806 αὐτῶν
2944 2751 2972 2807 6
3004 2753 3411 2828 προνοούμενος
3454 2753 3636 2810 αὐτῶν
3685 2776 3771 2810 κυι

2132 2837 2266 2913 ρίως
2293 2865 2306 2909 ;
2338 2837 2515 2895 Πάντα
2543 2836 2600 2895 δὲ
2629 2841 2675 2877 ³³
2706 2837 2980 2916 διαφόρως
3025 2838 3377 2919 διεξήλθομεν
3420 2842 3473 2899 ἐν
3519 2850 3606 2917 τῷ
3648 2843 3772 2920 Περὶ

2133 2926 2288 2984 θείων
2347 2928 2630 3003 ὀνομάτων
2665 2948 2679 2962 ·
2728 2932 2905 2986 πάντα
2957 2931 3059 3008 γὰρ
3124 2937 3312 3006 ταῦτα,
3363 2934 3438 2997 ὡς
3486 2930 3772 3007 συμϐεϐη-

2132 3018 2284 3088 κότα,
2316 3019 2403 3073 καὶ
2438 3017 2489 3073 ἐν
2524 3018 2740 3082 οὐσίαις
2767 3023 2874 3074 τῶν
2911 3022 3047 3094 μετά
3094 3022 3247 3078 Θεόν.
3277 3023 3339 3080 Ὁ
3391 3019 3450 3077 δὲ
3497 3022 3634 3086 Θεὸς
3688 3022 3770 3077 καὶ

2137 3107 2266 3181 ὑπὲρ
2326 3107 2534 3177 οὐσίαν,
2590 3106 2681 3163 καί
2733 3106 2942 3165 τούτων
2993 3107 3188 3176 αἶίτιος,
3242 3109 3435 3167 οὐκοῦν
3492 3110 3585 3166 καὶ
3646 3111 3773 3184 ὑπὲρ

2052 3166 2095 3234 C
2134 3166 2288 3250 αύτά.
2317 3166 2543 3259 ’Δλλως
2579 3215 2591 3229 ·
2643 3197 2763 3267 Ζωή
2824 3194 2911 3253 καὶ
2966 3166 3257 3277 ἀγαθότνπς,
3287 3197 3453 3275 [ἰδοὺ]
3482 3166 3775 3278 κατάφασις

2129 3282 2254 3355 ἤτοι
2289 3285 2433 3350 θέσις
2466 3302 2481 3318 ⁶
2515 3284 2576 3341 ού
2607 3283 2904 3361 κραιπαλᾷ,
2937 3284 3063 3344 οὐδὲ
3117 3292 3309 3363 μηνιᾷ,
3342 3287 3459 3346 ἰδοὺ
3507 3288 3772 3368 ἀπόφασις

2129 3370 2253 3443 ἤτοι
2289 3372 2589 3453 ἀφαίρεσις.

2202 3645 2267 3695 Ἢ
2296 3637 2403 3717 ἀὴρ
2445 3639 2535 3696 καὶ
2586 3639 2761 3706 λίθος.
2794 3641 2932 3718 Ἀἢρ
2980 3642 3099 3718 μὲν,
3130 3644 3266 3700 κατὰ
3313 3646 3376 3701 τὸ
3424 3645 3478 3702 ἰν
3528 3646 3772 3704 Βασιλεί-

2131 3749 2217 3792 αις
2248 3727 2557 3804 εἷρημὲνον,
2582 3726 2633 3787 ἐν
2666 3726 2804 3808 αύρᾳ
2830 3730 3004 3807 λεπτῇ
3039 3750 3054 3765 ⁶
3104 3730 3255 3790 λίθον
3284 3731 3341 3790 δὶ
3400 3737 3429 3791 6
3483 3739 3774 3813 προφήτης

2132 3815 2256 3873 εἶδε.
2291 3818 2513 3877 Τούτων
2547 3817 2638 3876 οὖν
2670 3816 2997 3899 οἰκειότερον
3029 3816 3242 3897 μᾶλλον
3275 3823 3447 3888 θέσεις
3472 3824 3564 3880 καὶ
3597 3824 3771 3897 δηλώ-

2132 3928 2241 3969 σεις
2268 3907 2429 3963 ⁸1’ἐπὶ
2469 3914 2601 3964 Θεοῦ
2641 3911 2676 3979 ἡ
2730 3910 2842 3979 ζωὴ
2885 3910 2977 3965 καὶ
3019 3913 3055 3981 ἡ
3099 3910 3389 3988 ἀγαθότης.
3422 3913 3630 3991 Ὠσπερ
3684 3916 3771 3970 οὖν

2132 3996 2223 4051 καὶ
2253 3994 2312 4051 ἐκ
2336 4000 2435 4064 τῆς
2460 4000 2506 4036 ⁸⁵
2535 3997 2867 4077 ἀφαιρέσεως
2895 3998 2985 4055 ἐπὶ
3029 4005 3128 4056 τοῦ
3176 4001 3420 4059 ἐναντίου
3450 4005 3519 4075 ³⁸,
3549 4006 3670 4060 οἷον
3715 4005 3773 4059 τὸ

2133 4082 2438 4160 κραιπαλᾷν
2486 4086 2577 4143 καὶ
2625 4092 2846 4162 μηνιᾷν,
2886 4087 3076 4166 πόρῥω
3125 4095 3259 4147 Θεοῦ
3305 4092 3396 4147 καὶ
3454 4090 3730 4169 ἀλλότρια
3758 4112 3772 4127 ⁸

2131 4176 2194 4229 τὸ
2226 4173 2282 4229 δὶ
2314 4177 2452 4249 μήτε
2477 4174 2729 4252 λέγεσθαι
2760 4179 2803 4215 ³⁷
2837 4176 3051 4252 μᾶλλον
3079 4177 3283 4255 πρέπον
3317 4185 3435 4255 Θεῷ
3478 4182 3569 4237 καὶ
3614 4180 3775 4259 ἐγγυ-

2132 4263 2292 4340 τὲρω,
2327 4262 2415 4320 διὰ
2441 4266 2504 4321 τὸ
2535 4266 2667 4343 ὑπὲρ
2697 4268 2869 4323 πάντα
2898 4272 3021 4324 νοῦν
3061 4289 3118 4325 τε
3145 4270 3237 4324 καὶ
3269 4268 3460 4339 λόγον.

2620 4379 2733 4429 ΕΙΣ
2771 4378 2857 4432 ΤΟ
2894 4379 3154 4434 ΚΕΦΔΛ.
3195 4379 3279 4438 Δὀ

2205 4457 2347 4518 Ούδὶ
2403 4459 2456 4516 ἐν
2506 4459 2660 4535 τόπῳ
2733 4462 2903 4524 ἐστίν,
2954 4465 3290 4540 ’Λναγκαίως
3341 4467 3371 4523 6
3424 4469 3615 4545 Πατὴρ
3692 4466 3779 4524 διὸ

2132 4547 2337 4605 τούτων
2370 4549 2853 4630 προσησφαλίσατο
2883 4553 2978 4611 τὸν
3015 4556 3310 4632 ἀκροατὴν,
3342 4553 3481 4611 ὥστε
3527 4558 3611 4631 μὴ
3657 4563 3777 4619 ταῖς

2132 4639 2252 4710 ἑξῆς
2308 4640 2637 4719 ἀποφάσεσιν
2691 4639 2894 4698 οἷέσθαι
2954 4642 3101 4709 ὅλως
3146 4647 3222 4719 μή
3269 4646 3402 4701 εἶναι
3457 4646 3522 4701 τὸ
3578 4649 3726 4703 θεῖον
3760 4663 3776 4680 ’

2133 4725 2261 4783 ἀλλ’
2289 4727 2340 4782 ἒν
2372 4728 2590 4793 τούτοις
2622 4731 2717 4804 μὶν
2748 4731 2812 4787 τὸ
2838 4729 2974 4789 εἶναι
3004 4732 3136 4791 αὸτὸ
3168 4734 3415 4805 ὑπέθετο,
3452 4733 3509 4791 ὸν
3546 4733 3782 4801 ἰκτίνοις

2132 4815 2190 4872 δὲ
2232 4818 2295 4872 τὸ
2349 4817 2439 4873 καὶ
2497 4816 2665 4893 μηδὲν
2723 4824 2832 4877 τῶν
2908 4816 3078 4880 ὄντων
3154 4822 3314 4897 εἶναι,
3363 4821 3490 4880 ἀλλ’
3542 4824 3779 4900 ὸπερού-

2133 4927 2270 4963 σιον.

2616 5003 2732 5054 ΕΙΣ
2769 5000 2862 5057 T0
2900 5001 3168 5059 ΚΕΦΑΛ.
3211 5003 3287 5061 E’.

2204 5081 2291 5146 Ὠς
2341 5079 2463 5139 οὔτε
2518 5087 2671 5162 ψυχή
2714 5086 2879 5160 ἰστιν,
2935 5087 3060 5146 οὕτε
3114 5094 3264 5154 νοῦς.
3316 5090 3563 5168 Διωφὲριι
3610 5094 3785 5148 ταῦτα

2132 5169 2424 5259 ἀλλήλων,
2457 5173 2531 5237 ὡς
2580 5174 2631 5231 ἐν
2676 5180 2796 5240 τοῖς
2820 5177 3076 5255 ἀνωτέρω
3132 5176 3464 5255 δεδήλωται,
3494 5181 3781 5259 φαντασία,

2135 5256 2283 5334 δόξα,
2316 5258 2508 5338 λόγος,
2540 5264 2748 5337 νόησις,
2781 5263 2816 5321 ’ὰ
2859 5266 2996 5323 κατά
3045 5269 3088 5306 ⁸⁸
3144 5268 3241 5326 τὸν
3289 5274 3414 5327 νοῦν
3469 5256 3785 5346 θεωρεῖται.

1414 5466 1652 5524 VARle
1680 5467 2071 5527 LECTIONES
2097 5468 2184 5527 ET
2210 5469 2761 5532 GORRECTIONBS.

446 5618 492 5653 ³³
520 5619 685 5672 ταῦτα
714 5616 791 5676 δέ.
868 5622 914 5658 3‘
942 5618 1220 5696 δυνάμεις.
1299 5627 1345 5661 ³⁸
1370 5623 1457 5681 ἐπὶ
1488 5632 1606 5696 τῆς.
1684 5629 1728 5665 ³⁸
1758 5627 1818 5684 ἐκ
1846 5633 1943 5685 τοῦ
1968 5627 2227 5690 ἐναντίου.
2303 5632 2350 5669 ⁸⁷
2381 5634 2519 5706 μήτε
2548 5634 2807 5693 νοεῖσθαι.
2884 5631 2930 5675 ³⁸
2960 5635 3107 5715 περί.
