4004 6200
227 347 326 403 429

945 352 1006 404 8.
1049 344 1317 404 MAXIM!
1353 345 1654 403 SCHOLIA
1693 341 1767 402 IN
1806 345 1940 402 LIB.
1981 342 2073 400 DE
2111 347 2430 404 MYSTICA
2467 342 2898 403 THEOLOGIA.

3527 349 3635 406 430

229 469 688 545 Προσεπινοητέον
735 464 794 524 δὲ
840 468 901 524 τὸ
947 463 1082 524 κατὰ
1135 468 1227 524 τὸν
1268 465 1535 543 ἡμέτερον
1568 465 1732 542 λόγον
1789 464 1866 542 μὴ

1986 465 2452 526 considerantur.
2488 469 2663 526 Porro
2705 472 2901 526 mente
2941 469 3340 543 snpplendum
3369 477 3481 542 est,
3513 487 3632 531 non

227 557 367 634 ἔχειν
400 555 586 634 λόγον·
623 556 835 632 ὁμοίως
883 557 972 612 καὶ
1004 556 1190 628 νόησιν
1223 556 1359 612 κατὰ
1385 557 1486 627 τήν
1520 556 1572 611 ἐν
1602 560 1718 618 τοῖς
1751 577 1868 612 νοε-

227 653 344 722 ροῖς
388 644 664 721 κτίσμασι’
697 645 788 702 καὶ
818 643 882 702 τὰ
912 645 1032 717 ἑξῆς
1089 641 1146 701 δὲ
1179 642 1353 709 οὕτως
1385 643 1698 721 ἐκδέχεσθαι
1731 641 1866 720 χρή.

225 733 464 797 Ἄλλως·
501 735 604 792 Καὶ
636 731 722 790 ἐπὶ
755 732 960 791 τούτων
1023 733 1228 809 ὁμοίως
1258 735 1320 790 τὸ
1360 733 1436 797 ὡς
1466 735 1615 807 ἡμᾶς
1675 729 1869 788 εἶδέναι

226 822 426 890 θετέον·
475 827 586 880 τῶν
640 823 755 898 μετ’
808 822 974 895 αΰτήν
1004 820 1082 893 δὲ,
1117 815 1332 895 δηλαδή
1360 825 1458 894 τήν
1493 822 1638 900 Θείαν
1690 821 1869 898 φύσιν,

222 911 467 968 τουτέστι
516 915 623 967 τῶν
674 911 1108 986 κτισμάτωντᾶς
1150 913 1319 977 θέσειν
1379 911 1649 968 ποιεῖσθαι
1707 909 1869 989 φησὶν

224 1001 276 1058 ἐν
305 1005 389 1073 τῷ
441 997 614 1079 λέγειν
668 998 812 1072 ζωὴν
863 999 898 1071 ἢ
945 1001 1061 1081 φῶς
1107 1000 1242 1058 κατᾶ
1267 1000 1334 1057 τὰ
1365 999 1416 1055 ἐν
1448 1005 1562 1064 τοῖς
1589 1003 1871 1078 γεννητοῖς

223 1085 593 1164 θεωρούμενα,
625 1085 676 1161 ἔξ
706 1087 780 1145 ὧν
833 1089 926 1146 τὸν
965 1093 1132 1146 ταῦτα
1175 1085 1552 1162 ὖποστήσαντα
1583 1085 1868 1163 ἐννοοῦμεν

218 1180 304 1235 καὶ
339 1174 407 1234 οὔ
453 1185 556 1249 τῆς
601 1171 766 1234 αὖτοῦ
807 1172 1020 1258 φόσεως
1047 1177 1136 1236 διὰ
1163 1177 1370 1236 τούτων
1403 1179 1546 1235 θέσιν
1577 1178 1694 1235 τινὰ
1725 1177 1873 1233 sieti-

217 1287 410 1344 γομεν·
444 1267 532 1322 καὶ
577 1260 741 1324 πάλιν
793 1264 1068 1345 ἀφαίρεσιν
1102 1273 1364 1343 ποιοῦμεν
1397 1272 1477 1342 τῷ
1505 1267 1642 1323 κατᾶ
1703 1263 1872 1341 μηδὲν

219 1353 429 1412 τούτων
465 1354 596 1412 εἶναι
627 1349 807 1432 λέγειν
839 1355 901 1413 τὸ
933 1359 1098 1415 Θεῖον.

285 1624 438 1684 Οὐδὲ
493 1622 571 1698 έν,
630 1621 757 1682 οὐδε
815 1624 1025 1698 ἑνότης.
1085 1620 1438 1704 Διαφέρουσιν
1497 1622 1762 1699 ἀλλήλων
1818 1623 1870 1682 ἓν

221 1717 304 1770 καὶ
358 1711 577 1786 ἕνότης*
609 1713 671 1770 τὸ
705 1716 801 1790 μὶν
833 1717 937 1794 γὰρ
975 1713 1143 1787 δηλοῖ
1186 1717 1250 1772 τὸ
1285 1715 1691 1794 ὑπερκείμενον,
1721 1713 1784 1771 τὸ
1816 1711 1875 1770 δὲ

221 1803 318 1874 τὴν
346 1802 606 1876 τοιαύτην
640 1803 929 1876 ποιότητα,
990 1803 1169 1880 ὥσπερ
1201 1807 1391 1861 Λευκὸν
1436 1807 1524 1861 καὶ
1586 1804 1872 1878 λευκότης,

224 1891 426 1970 ἀγαθὸν
454 1895 544 1948 καὶ
573 1891 870 1968 ἆγαθότης.
903 1892 1218 1968 Σημείωσαι
1273 1892 1330 1950 δὶ
1382 1894 1464 1951 ὅτι
1525 1892 1648 1950 οὕτε
1682 1893 1718 1965 ἡ
1753 1889 1871 1949 θεό-

218 2003 313 2053 της
352 1981 512 2037 οὐσία
541 1977 654 2038 ἑστὶ
683 1986 779 2036 τοῦ
812 1987 966 2056 Θεοῦ,
1002 1983 1183 2060 ὥσπερ
1215 1980 1341 2040 οὔδε
1368 1979 1422 2039 ἓν
1468 2006 1518 2040 τι
1568 1988 1672 2039 τῶν
1725 1981 1873 2060 εἰρη-

224 2071 420 2145 μένων,
453 2065 578 2126 οὐδὲ
610 2075 718 2126 τῶν
765 2070 1016 2127 ἐναντίων
1067 2074 1274 2136 αὐτοῖς’
1337 2070 1422 2128 διὸ
1480 2069 1635 2128 οὐδὲν
1691 2071 1867 2128 αὐτῶν

219 2158 382 2218 ἐστιν.
435 2159 514 2218 Οὐ
568 2161 671 2237 γάρ
729 2159 840 2216 ἐστι
888 2165 1056 2217 ταῦτα
1110 2161 1268 2217 οὐσία
1319 2161 1503 2235 αὐτοῦ,
1554 2157 1700 2218 ἀλλὰ
1744 2158 1872 2232 δόξα

216 2249 332 2324 περὶ
393 2243 578 2305 αὐτόν·
612 2242 772 2308 Οὕτω
802 2251 892 2306 καὶ
944 2249 1137 2322 Σέξτος
1165 2253 1193 2306 6
1231 2247 1680 2323 έκκΛησιαστικὸς
1710 2245 1868 2330 φιλό-

216 2359 381 2419 σοφος
414 2339 548 2411 εἶπε,
571 2337 660 2394 καὶ
693 2339 722 2394 6
753 2335 1010 2415 θεολόγος
1033 2339 1340 2416 Γρηγόριος
1373 2338 1424 2396 ἰν
1455 2345 1534 2413 τῷ
1562 2340 1732 2416 τρίτῳ
1759 2344 1866 2395 τῶν

214 2425 557 2504 Θεολογικῶν
587 2425 774 2497 αὐτοῦ,
801 2427 875 2492 ὡς
905 2425 1028 2484 οὔτε
1193 2429 1405 2501 θεότης,
1438 2427 1561 2484 οὔτε
1610 2429 1672 2484 τὸ
1716 2428 1868 2504 ἀγέν-

210 2537 399 2588 νητον,
431 2514 555 2572 οὔτε
585 2519 621 2587 ἡ
653 2516 931 2592 πατρότης
961 2515 1147 2573 οὐσίαν
1179 2518 1507 2593 σημαίνουσι
1540 2523 1695 2575 Θεοῦ.

280 2595 427 2663 Οὗδὶ
457 2602 676 2677 θεότης,
717 2607 754 2676 ἢ
803 2604 1093 2683 ἆγαθότης.
1146 2605 1462 2681 Σημείωσαι
1522 2604 1580 2663 δὲ
1633 2607 1723 2663 καὶ
1784 2605 1867 2662 ὅτι

215 2689 336 2750 οὐδὲ
370 2693 596 2768 Πνεῦμά
626 2694 792 2764 εστιν,
815 2693 889 2758 ὡς
920 2697 1067 2768 ἡμᾶς
1097 2686 1318 2765 εἰδέναι,
1350 2694 1473 2753 οὔτε
1503 2687 1713 2768 υίότης,
1747 2691 1869 2752 οὕτε

214 2784 520 2859 πατρότης.
551 2784 648 2838 Καὶ
681 2783 744 2838 τὸ
784 2775 858 2846 ὦς
890 2784 1040 2856 ἡμᾶς
1079 2781 1274 2839 εἰδέναι
1325 2784 1412 2839 ἐπὶ
1459 2784 1638 2856 πάσης
1665 2791 1765 2855 τῆς
1813 2781 1864 2840 έν

219 2877 332 2935 τοῖς
363 2870 752 2948 προκειμένοις
781 2871 1100 2950 ἀποφάσεως
1129 2862 1280 2930 λαϐέ·
1318 2867 1485 2944 δηλοῖ
1525 2867 1582 2928 δὲ
1622 2874 1684 2929 τὸ
1733 2874 1870 2929 κατὰ

215 2963 310 3032 τήν
343 2961 620 3038 ἡμετέραν
644 2957 872 3032 εἴδησιν.

285 3038 428 3106 Οὖδὶ
508 3052 576 3106 τὰ
659 3046 788 3105 ὄντα
868 3051 1120 3128 γινώσκει
1152 3094 1167 3110 .
1247 3053 1340 3123 Μή
1428 3073 1485 3108 σε
1557 3052 1869 3126 ταρασσέτω

210 3140 269 3196 τὸ
333 3137 634 3216 κεφάλαιον
709 3143 872 3196 τοῦτο
935 3139 1026 3195 καὶ
1083 3139 1310 3215 νομίσης
1371 3139 1718 3218 βλασφημεῖν
1775 3141 1866 3197 τὸν

1982 557 2198 615 habere
2246 556 2534 616 rationem
2585 560 2913 617 secundum
2976 565 3234 617 nostram
3294 563 3631 620 rationem:

1980 643 2253 704 similiter
2282 650 2459 704 etiam
2501 643 2950 721 intelligentiam
2986 649 3312 705 secundum
3343 665 3472 707 eam
3503 667 3629 724 quas

1979 739 2067 794 est
2105 738 2164 793 in
2205 737 2492 796 creaturis
2543 743 2738 796 mente
2787 735 3076 812 praeditis;
3130 743 3188 796 et
3246 739 3475 814 reliqua
3522 739 3636 798 isto

1981 825 2154 883 modo
2204 825 2561 901 accipienda.
2595 829 2777 885 Aliier
2805 847 2824 884 :
2858 829 2926 884 Et
2964 825 3056 885 his
3089 827 3386 899 similiter,
3418 833 3482 886 ut
3531 845 3636 888 nos

1980 914 2262 987 sciamus,
2294 919 2652 988 ponendum,
2675 935 2877 974 eorum
2913 930 3038 990 qua:
3071 933 3198 974 eam
3236 913 3460 975 sellicet
3487 914 3635 975 divi-

1981 1021 2117 1061 nam
2149 1010 2419 1063 naturam
2451 1009 2803 1079 sequuntur,
2831 1005 2886 1062 id
2918 1009 3007 1064 est
3036 1011 3442 1065 creaturarum
3475 1008 3635 1082 posi-

1980 1093 2170 1151 tiones
2203 1095 2326 1152 fieri
2357 1095 2458 1165 ait,
2491 1113 2625 1152 cum
2675 1093 2892 1152 dicitur
2921 1095 3042 1152 vita
3081 1101 3183 1153 aut
3228 1097 3424 1154 lumen
3467 1099 3640 1171 juxta

1983 1179 2084 1240 illa
2114 1201 2242 1257 quae
2286 1185 2345 1241 in
2387 1181 2823 1258 generabilibus
2856 1186 3268 1258 advertuntur,
3299 1199 3367 1243 ex
3417 1182 3637 1259 quibus

1983 1289 2119 1329 eum
2148 1273 2244 1346 qui
2279 1272 2400 1330 ιιωο
2421 1273 2686 1331 condidit
2717 1271 3142 1348 intelligimus:
3169 1292 3284 1332 non
3315 1277 3509 1332 autem
3533 1291 3641 1349 per

1985 1361 2105 1417 hazc
2136 1361 2455 1433 quamdam
2480 1367 2701 1420 natura:
2725 1361 2852 1436 ejus
2886 1362 3235 1437 positionem
3263 1362 3636 1436 inducimus;

1985 1467 2308 1524 rursusque
2339 1447 2760 1509 detractionem
2802 1451 3049 1510 facimus
3080 1453 3325 1509 dicendo
3357 1451 3633 1509 divinita-

1983 1543 2102 1594 tem
2137 1535 2194 1594 in
2228 1537 2390 1596 nullo
2420 1537 2631 1596 horum
2661 1557 2809 1598 esse.

2055 1620 2161 1682 Nec
2189 1643 2383 1696 unum,
2415 1645 2514 1686 nec
2553 1629 2758 1686 unitas.
2785 1627 3076 1687 Differunt
3107 1627 3259 1687 inter
3291 1647 3352 1687 se
3379 1647 3552 1686 unum
3580 1635 3639 1688 et

1983 1716 2198 1781 unitas;
2228 1711 2372 1774 illud
2412 1713 2568 1774 enim
2616 1717 2910 1793 significat
2957 1719 3311 1791 subjectum,
3347 1719 3446 1776 illa
3496 1737 3635 1776 vero

1983 1803 2160 1862 talem
2206 1805 2574 1880 qualitatem,
2610 1809 2763 1865 sicut
2810 1807 3009 1866 album
3065 1809 3291 1881 albedo,
3326 1809 3546 1866 bonum
3579 1813 3638 1865 et

1980 1891 2233 1952 bonitas.
2257 1889 2403 1953 Nota
2423 1913 2556 1953 vero
2580 1893 2731 1970 quod
2765 1914 2870 1954 nec
2893 1895 3170 1954 divinitas
3193 1897 3270 1955 sit
3303 1894 3400 1955 Dei
3431 1915 3632 1954 essen-

1979 1981 2081 2051 tia,
2107 1981 2260 2040 sicut
2291 2001 2476 2041 unum
2510 2002 2710 2042 eorum
2741 2003 2871 2059 quae
2903 1985 3058 2044 dicta
3088 1991 3248 2059 sunt,
3272 2004 3376 2044 nec
3409 1979 3633 2059 aliquid

1978 2071 2214 2130 illorum
2244 2090 2371 2146 quas
2423 2073 2566 2146 ipsis
2611 2076 2931 2146 contraria;
2967 2093 3092 2148 quae
3147 2073 3377 2133 nullum
3428 2091 3633 2132 eorum

1978 2163 2086 2218 est.
2113 2159 2245 2234 Ipsa
2275 2159 2432 2218 enim
2465 2180 2581 2219 non
2632 2167 2772 2220 sunt
2819 2165 2948 2236 ejus
2997 2161 3274 2236 essentia,
3300 2165 3401 2220 sed
3436 2163 3635 2236 opinio

1978 2249 2131 2307 circa
2159 2249 2379 2323 ipsum.
2413 2249 2503 2307 Sic
2553 2247 2731 2308 etiam
2764 2253 2974 2310 Sextus
3005 2251 3398 2326 philosophus
3442 2252 3632 2309 ecclec

1977 2339 2254 2396 siasticus
2286 2337 2450 2407 dixit,
2485 2341 2543 2396 et
2574 2337 2895 2414 Gregorius
2919 2340 3247 2413 theologus,
3282 2357 3385 2396 nec
3419 2337 3630 2395 divini-

1975 2427 2156 2484 tatem
2191 2443 2295 2484 nec
2328 2426 2677 2501 ingenitum,
2708 2445 2813 2485 nec
2842 2423 3261 2502 paternitatem
3293 2427 3629 2500 significare

1976 2509 2079 2572 Dei
2111 2515 2451 2573 essentiam.

2045 2603 2230 2678 Neque
2257 2603 2546 2675 divinitas,
2570 2621 2746 2680 neque
2777 2605 3010 2664 bonitas.
3035 2601 3185 2663 Nota
3207 2623 3342 2663 eum
3376 2621 3480 2663 nec
3501 2623 3633 2663 esse

1976 2687 2261 2767 Spiritum
2295 2695 2359 2751 ut
2391 2709 2496 2752 nos
2546 2693 2829 2762 sciamus,
2861 2713 2966 2752 nec
3019 2695 3305 2752 rationem
3340 2691 3492 2764 Filii,
3527 2712 3633 2752 nec

1977 2775 2259 2839 rationem
2311 2783 2495 2840 Patris
2544 2801 2646 2840 seu
2697 2785 3134 2858 paternitatem,
3167 2787 3223 2841 et
3250 2781 3312 2838 τὸ
3357 2781 3431 2844 ὡς
3477 2785 3628 2856 ἡμᾶς

1977 2863 2174 2926 etSt-Ivem
2209 2877 2457 2946 usurpat
2486 2866 2544 2929 in
2574 2873 2733 2930 omni
2767 2871 3040 2947 praesenti
3073 2867 3404 2948 negatione.
3433 2870 3627 2945 Signi-

1978 2955 2112 3019 ficat
2139 2977 2273 3019 vero
2303 2962 2605 3020 secundum
2636 2963 2885 3020 nostram
2914 2962 3227 3020 scientiam.

2047 3047 2228 3125 Neque
2257 3070 2379 3126 qua
2407 3057 2534 3109 sunt
2562 3053 2865 3124 cognoscit.
2899 3049 3051 3111 289
3085 3055 3209 3110 Non
3244 3055 3297 3109 te
3327 3051 3635 3126 perturbet

1978 3139 2086 3198 hoc
2108 3147 2307 3214 caput,
2332 3147 2390 3198 et
2413 3159 2517 3200 nec
2539 3137 2806 3199 divinum
2831 3141 2989 3200 hunc
3011 3141 3202 3200 virum
3225 3138 3635 3214 blasphemare

216 3235 355 3294 θεῖον
417 3214 621 3284 τοῦτον
680 3223 882 3308 ἄνδραο
940 3214 1157 3292 σκοπὸς
1201 3230 1302 3306 γὰρ
1358 3214 1720 3304 aeripedem
1776 3229 1868 3285 τὸν

1986 3234 2180 3302 putes;
2215 3247 2429 3305 scopus
2460 3232 2618 3290 enim
2651 3233 2781 3304 ejus
2813 3235 2902 3290 est
2931 3232 3237 3289 ostendere
3267 3235 3448 3287 Deum
3485 3227 3634 3286 nihil

213 3319 341 3373 Θεὸν
398 3315 566 3391 μηδὲν
614 3322 722 3372 τῶν
781 3311 952 3374 ὄντων
1003 3314 1153 3390 ὄντα,
1203 3315 1327 3374 ἀλλ’
1359 3317 1489 3394 ὑπερ
1519 3319 1586 3374 τὰ
1615 3315 1762 3375 ὅντα·
1815 3317 1861 3374 εἰ

213 3407 314 3481 γὰρ
348 3405 422 3461 τὰ
479 3407 646 3462 πάντα
702 3405 860 3469 αὐτὸς
909 3401 1320 3485 δημιουργήσας
1374 3410 1687 3485 παρήγαγε,
1744 3411 1863 3471 πῶς

215 3493 331 3572 ἔχει
365 3496 650 3568 εὐρεθῆναι
703 3491 758 3551 ἰν
785 3517 838 3553 τι
868 3500 975 3552 τῶν
1005 3489 1214 3568 ὅντωνς
1271 3499 1384 3553 εἶπε
1425 3497 1548 3574 γὰρ,
1607 3495 1689 3553 ὅτι
1735 3494 1864 3552 οὐδὲ

213 3583 277 3638 τὰ
318 3581 455 3640 ὄντα
496 3585 752 3659 γινώσκει
808 3585 899 3641 τὸν
931 3584 1146 3641 πάντων
1181 3584 1352 3642 αἶ’τιον
1382 3587 1533 3642 Θεόν’
1589 3591 1750 3642 τοῦτο
1808 3580 1865 3642 δὲ

214 3672 472 3729 ἀπώλεια
531 3674 725 3752 σαφὴς,
754 3673 818 3729 τὸ
851 3675 928 3748 μὴ
979 3675 1265 3750 γινώσκειν
1295 3674 1443 3731 Θεόν’
1477 3673 1624 3730 ἀλλὰ
1649 3677 1864 3751 ταχέως

217 3761 347 3818 αὐτὸ
377 3760 720 3842 ἐσαφήνισεν,
755 3762 922 3819 εἰπὼν
954 3765 992 3836 ᾗ
1035 3761 1194 3829 αὐτός
1239 3764 1369 3836 ἐστι,
1419 3766 1716 3834 τουτέστιν,
1773 3763 1864 3819 οὖ-

220 3849 305 3908 δὲν
360 3856 476 3908 τῶν
529 3847 697 3908 ὄντων
752 3852 1003 3927 γινώσκει
1063 3855 1216 3926 Θεὸν,
1262 3855 1379 3909 καθ’
1429 3854 1457 3908 ὃ
1489 3853 1645 3916 αὐτός
1701 3854 1862 3924 ἐστιν,

218 3942 335 3999 ἆντί
366 3946 470 3998 τοῦ
493 3943 593 4011 τὴν
643 3941 957 4012 ἀνεννόητον
983 3943 1074 3998 καὶ
1106 3942 1424 4018 ὑπερούσιον
1458 3943 1641 3999 οὐσίαν
1674 3945 1867 4011 αὐτοῦ,

217 4031 251 4102 ἣ
312 4030 545 4108 ὕπαρξιν
602 4032 717 4086 καθ’
770 4032 838 4114 ἢν
897 4032 1178 4108 ὑπάρχει·
1238 4030 1446 4107 εἷ’ρηται
1493 4035 1617 4110 γάρ’
1676 4029 1867 4096 Οὐδεὶς

214 4120 476 4194 γινώσκει
507 4118 601 4174 τὸν
634 4119 756 4174 me»
792 4117 838 4174 εἷ
873 4121 948 4194 μή
1009 4121 1037 4175 6
1088 4121 1300 4196 Πατὴρ,
1355 4118 1484 4176 οὐδὲ
1532 4121 1620 4176 τὸν
1660 4119 1871 4197 Πατέρα

213 4227 300 4271 τις
331 4207 704 4284 ἐπιγινώσκει,
759 4207 808 4263 εἷ’
866 4211 944 4283 μὴ
1001 4210 1030 4264 6
1062 4206 1205 4274 Υἱός.
1257 4211 1358 4267 Καὶ
1395 4209 1454 4265 ix
1487 4214 1585 4266 τοῦ
1633 4208 1872 4266 ἑναντίου

214 4296 410 4374 ἐπάγει
443 4298 472 4353 6
505 4299 671 4374 μέγας
699 4295 1002 4369 Διονύσιος,
1048 4297 1138 4354 καί
1168 4320 1353 4377 φησιν,
1387 4299 1496 4372 [καὶ
1555 4297 1637 4354 δτι
1696 4296 1874 4362 οὐδεὶς

215 4386 480 4463 γινώσκει
510 4387 602 4442 τὸν
634 4385 762 4442 Θεὸν
793 4385 831 4461 ᾖ
859 4384 1047 4460 ἐστὶν,]
1102 4385 1228 4443 οὐδὲ
1256 4387 1418 4450 αὐτὸς
1469 4387 1498 4441 6
1542 4388 1671 4465 Θεὸς
1718 4387 1879 4465 γινώ-

218 4496 339 4532 σκει
402 4473 472 4529 τὰ
519 4472 643 4530 ὄντα
696 4473 734 4550 ᾗ
792 4471 922 4530 ὄντα
967 4474 1101 4547 ἐστὶ,
1148 4472 1418 4532 τουτέστιν
1454 4475 1554 4530 οὐκ
1584 4463 1878 4530 οἶδεν-ἐπι-

1972 3335 2101 3377 esse
2131 3338 2332 3378 eorum
2364 3339 2493 3394 quas
2543 3326 2703 3393 sunt,
2737 3325 2839 3380 sed
2893 3339 3197 3395 superare;
3228 3319 3277 3378 si
3308 3319 3467 3377 enim
3501 3319 3630 3391 ipse

1973 3409 2173 3466 omnia
2225 3408 2477 3467 creando
2533 3411 2894 3484 produxerit,
2944 3409 3238 3482 quomodo
3296 3407 3632 3465 invenietur

1972 3514 2100 3554 esse
2133 3516 2315 3555 unum
2347 3515 2549 3556 eorum
2601 3517 2726 3572 quae
2762 3499 2941 3556 sunt?
2973 3497 3118 3555 dixit
3155 3497 3335 3569 enim,
3370 3496 3525 3569 quod
3559 3513 3627 3552 ea

1973 3603 2098 3658 quae
2130 3591 2271 3644 sunt
2300 3585 2544 3643 minime
2579 3591 2759 3643 Deum
2783 3587 3048 3643 omnium
3084 3587 3382 3642 auctorem
3416 3599 3624 3654 cogno-

1974 3681 2168 3744 scant;
2205 3672 2552 3733 manifestus
2594 3679 2792 3732 autem
2829 3673 3126 3743 interitus,
3157 3669 3339 3729 Deum
3376 3689 3490 3727 non
3525 3687 3621 3726 co-

1973 3781 2254 3838 gnoscere
2287 3781 2299 3819 :
2335 3770 2396 3820 at
2441 3781 2575 3820 mox
2624 3763 2884 3836 seipsum
2917 3760 3236 3819 declaravit
3282 3776 3417 3816 cum
3450 3757 3619 3826 dixit,

1976 3858 2269 3927 quatenus
2325 3857 2444 3920 est,
2494 3853 2552 3910 id
2611 3861 2697 3909 est
2750 3850 2978 3908 nullum
3037 3867 3239 3908 eorum
3298 3866 3426 3923 qua
3483 3851 3623 3904 sunt

1977 3943 2159 3998 Deum
2201 3941 2501 4015 cognoscit
2530 3945 2822 4014 quatenus
2853 3945 2964 4013 est,
2997 3958 3121 4014 pro,
3157 3937 3402 3995 minime
3449 3936 3627 3993 intel-

1979 4029 2262 4105 ligibilem
2295 4037 2352 4088 et
2381 4031 2639 4088 essentia
2670 4027 3033 4104 superiorem
3064 4047 3195 4087 esse
3236 4023 3398 4084 illius
3428 4043 3630 4084 esseu-

1979 4121 2146 4190 tiam,
2196 4115 2286 4178 vel
2341 4115 2744 4178 exsistentiam
2795 4138 2911 4192 qua
2961 4116 3238 4176 exsistit:
3287 4114 3430 4174 dicit
3476 4115 3635 4173 enim

1983 4211 2331 4282 Scriptura:
2365 4211 2532 4267 Nemo
2578 4213 2730 4267 novit
2779 4209 3026 4278 Filium,
3079 4210 3190 4264 nisi
3232 4209 3418 4277 Pater,
3466 4219 3641 4278 neque

1984 4301 2208 4356 Patrem
2255 4299 2376 4372 quis
2418 4301 2567 4355 novit
2615 4300 2730 4354 nisi
2776 4299 3143 4371 Filius(i~k);
3199 4301 3375 4366 atque
3423 4312 3455 4349 a
3503 4309 3642 4348 con-

1988 4390 2168 4446 trario
2201 4390 2364 4446 addit
2405 4405 2659 4461 magnus
2711 4388 3047 4460 Dionysius,
3082 4388 3281 4457 aitque
3311 4385 3514 4455 [Nemo
3547 4397 3643 4436 co-

1989 4477 2219 4552 gnoscit
2249 4473 2434 4534 Deum
2462 4495 2578 4550 qua
2606 4478 2738 4548 est],
2768 4493 2872 4533 nec
2903 4477 3029 4548 ipse
3063 4480 3211 4531 Deus
3244 4470 3546 4544 cognoscit
3575 4485 3650 4525 ea

222 4559 460 4619 ϐάλλειν
490 4568 609 4625 τοῖς
663 4561 942 4635 αἰσθητοῖς
972 4563 1263 4636 αἲσθητῶς,
1321 4561 1357 4634 ἢ
1413 4569 1530 4627 ταῖς
1570 4563 1778 4626 οὐσίαις
1807 4559 1868 4623 ὠς

1993 4585 2121 4642 quis
2147 4571 2302 4624 sunt
2329 4571 2622 4640 quatenus
2666 4570 2825 4634 sunt,
2860 4564 2919 4620 id
2971 4568 3080 4636 est,
3114 4561 3301 4619 nescit
3345 4558 3650 4653 intend-ere

223 4651 469 4715 οὐσίαις.
525 4649 792 4708 ἀνοίκειον
819 4652 923 4730 γὰρ
954 4658 1114 4710 τοῦτο
1163 4655 1300 4726 Θεῷ·
1358 4653 1410 4709 οἱ
1458 4653 1562 4730 γὰρ
1608 4650 1885 4731 ἄνθρωποι

223 4743 294 4798 τὰ
325 4739 567 4814 αἰσθητὰ
593 4743 630 4813 ἢ
663 4738 754 4797 διὰ
784 4741 927 4817 θέας,
974 4742 1009 4813 ἢ
1053 4741 1311 4819 γεύσεως,
1365 4740 1401 4811 ἢ
1462 4743 1604 4821 ἁφῆς
1655 4746 1886 4816 νοοῦμεν

221 4831 279 4888 τί
312 4831 447 4887 είσίο
509 4830 578 4886 τὰ
608 4827 666 4887 δὲ
692 4830 866 4903 νοησὰ
896 4830 1002 4887 ἀπὸ
1053 4833 1362 4906 μαθήσεως,
1421 4833 1455 4902 ἢ
1516 4829 1886 4901 διδασκαλίας,

224 4921 261 4991 ἢ
293 4917 639 4994 ἐλλάμψεως
669 4914 1156 4994 καταλαμϐάνομεν
1174 4923 1240 4980 ³⁹.
1272 4921 1334 4978 Ὀ
1366 4917 1425 4976 δε
1473 4921 1601 4982 Θεὸς
1653 4918 1782 4976 οὐδὶ
1838 4919 1890 4992 ἔξ

224 5007 351 5072 ἑνὸς
383 5009 599 5083 τρόπου
648 5007 904 5065 τοιούτου
955 5006 1068 5064 οἶδε
1095 5008 1162 5064 τὰ
1213 5002 1341 5064 ὄντα
1372 5007 1520 5064 ἀλλὰ
1546 5011 1743 5085 γνῶσιν
1772 5006 1891 5084 ἔχει

222 5101 327 5168 τὴν
363 5097 520 5171 αὖτῷ
543 5100 874 5173 πρέπουσανο
918 5102 1080 5154 τοῦτο
1109 5097 1209 5174 γὰρ
1269 5097 1559 5154 αἰνίττεται
1613 5099 1676 5155 τὸ
1727 5097 1890 5174 ῥητὸν

222 5189 288 5244 τὸ
320 5187 514 5263 λέγον,
564 5188 626 5246 '0
688 5185 848 5250 εΐδὼς
903 5185 972 5243 τὰ
1026 5188 1203 5244 πάντα
1246 5187 1371 5262 πρὶν
1404 5185 1665 5263 γενέσεως
1696 5186 1892 5261 αὐτῶν,

224 5277 368 5353 ὅπερ
405 5274 583 5346 δηλοῖ
611 5277 695 5332 δτι
729 5276 791 5332 οὔ
821 5277 959 5332 κατὰ
984 5276 1075 5333 τὸν
1126 5274 1295 5354 λόγον
1323 5283 1424 5347 τῆς
1465 5275 1738 5354 γενέσεως
1786 5280 1892 5331 τῶν

310 5431 465 5507 (i-k)
497 5431 708 5490 Matth.
740 5447 823 5502 xx,
849 5432 944 5493 27.

1999 4657 2315 4716 sensilibus
2338 4657 2510 4713 modo
2534 4655 2821 4723 sensibili,
2840 4657 2941 4710 aut
2962 4651 3235 4710 essentiis
3258 4653 3323 4706 ut
3343 4647 3649 4716 essentiis;

1997 4746 2144 4802 illud
2176 4745 2334 4802 enim
2356 4744 2468 4801 Deo
2493 4761 2609 4800 non
2643 4741 2952 4799 convenit:
2978 4759 3086 4798 nos
3111 4740 3350 4814 quidem
3382 4736 3652 4793 homines

1999 4833 2306 4892 sensilium
2339 4837 2610 4889 naturam
2659 4839 2762 4888 aut
2791 4831 2944 4900 visu,
2977 4834 3078 4885 aut
3117 4830 3320 4900 gustu,
3343 4830 3446 4882 aut
3492 4827 3655 4880 tactu

2000 4922 2386 4995 intelligimus
2422 4939 2434 4978 :
2468 4926 2528 4978 at
2572 4919 2975 4992 intelligibilia
3025 4916 3243 4983 studio,
3281 4919 3383 4971 aut
3429 4913 3656 4969 instru-

2003 5012 2192 5068 ctions
2212 5013 2314 5066 aut
2334 5009 2727 5066 illustrations
2751 5005 3324 5079 comprehendimus.
3353 5005 3504 5058 Deus
3526 5014 3659 5055 vero

2002 5099 2162 5156 nullo
2185 5099 2395 5155 horum
2418 5098 2728 5154 modorum
2753 5095 2915 5152 novit
2932 5111 3000 5151 ea
3021 5111 3149 5166 qua:
3173 5096 3335 5162 sunt,
3353 5089 3455 5147 sed
3482 5087 3664 5144 habet

2003 5187 2398 5260 cognitionem
2428 5186 2542 5242 sibi
2562 5185 3103 5250 accommodatam;
3135 5182 3246 5237 hoc
3279 5180 3436 5236 enim
3466 5177 3663 5248 Scrip-

2002 5282 2136 5333 tura
2165 5275 2428 5331 insinuat
2451 5290 2584 5330 cum
2607 5272 2785 5329 dicit:
2812 5274 2918 5341 Qui
2946 5274 3100 5328 novit
3126 5271 3319 5327 omnia
3349 5274 3657 5338 antequam

1283 5556 1525 5616 νΑΡιιιΕ
1557 5555 1943 5614 LECTIONES
1975 5559 2058 5610 ET
2087 5551 2641 5612 CORRECTIONES.

318 5674 373 5710 ³⁸
407 5663 768 5745 καταλαμϐάν
777 5687 950 5727 ονται.
