4004 6200
395 335 495 390 431

1210 336 1573 389 APPENDIX
1609 336 1706 388 AD
1741 334 1984 389 OPBRA
2017 335 2078 387 Β.
2117 330 2431 388 DIONYSII
2470 332 2970 388 AREOPAGITE.

3581 57 3979 120 ³³⁵-

3685 334 3789 389 432

393 459 588 528 ﬁerent
607 458 692 529 (ἰ),
716 457 870 528 quod
903 455 1161 514 declarat
1182 455 1368 512 Deum
1417 472 1532 512 non
1564 471 1914 529 cognoscere
1942 454 2033 510 illa

2157 449 2327 508 ὄντων
2356 450 2494 508 οἶδεν
2529 453 2664 508 αὐτὰ
2688 455 2716 508 ὁ
2748 453 2875 514 Θεὸς
2904 451 3058 528 [ὅπερ
3101 451 3242 506 ἐστὶν
3296 452 3587 523 αἰσθητῶς,
3630 452 3788 530 ἀλλὰ]

397 563 524 618 quae
555 550 698 602 sunt
726 546 1051 601 secundum
1097 545 1385 601 rationem
1420 544 1813 616 generationis
1843 559 2046 601 eorum

400 636 531 706 [hoc
561 639 650 690 est
692 633 1095 706 sensibiliter],
1127 635 1227 690 sed
1276 635 1600 690 secundum
1634 633 1814 690 alium
1844 632 2046 706 cogni-

397 722 576 780 tionis
602 722 865 778 modum.
897 721 1105 795 Angeli
1137 723 1377 794 quidem
1418 721 1517 777 illa
1548 726 1912 794 cognoscunt
1940 737 2045 777 no-

395 811 595 866 scendi
619 811 897 868 facultate
921 816 978 866 et
999 812 1172 867 modo
1196 809 1595 878 immateriali,
1619 828 1734 867 non
1757 811 1910 866 sicut
1935 826 2043 866 nos

393 899 688 968 sensibili;
712 900 797 956 sic
811 900 1175 972 igituretiam
1189 900 1344 956 Deus
1367 900 1590 972 absque
1607 898 2044 972 comparatione

390 993 448 1044 et
477 989 1084 1059 transcendentaliter,
1115 1007 1230 1045 non
1273 996 1468 1046 autem
1511 988 1782 1045 essentiis
1813 988 2041 1044 incum-

388 1078 534 1133 bens
567 1078 730 1134 novit
759 1095 827 1134 ea
856 1095 982 1150 quze
1031 1081 1192 1135 sunt.
1219 1079 1418 1135 Aliter.
1453 1075 1535 1134 Τὰ
1564 1072 1694 1132 ὅντα
1723 1094 1829 1134 seu
1877 1093 2042 1132 crea-

386 1171 531 1222 turas
561 1183 678 1222 non
713 1171 964 1239 possunt
1003 1165 1496 1222 intellectionibus
1531 1183 1712 1240 supra
1742 1165 2039 1238 propriam

387 1261 657 1312 naturam
690 1255 924 1312 extendi
958 1275 971 1312 :
1009 1255 1212 1312 merito
1254 1255 1435 1328 igitur
1464 1255 1691 1327 seipsas
1723 1253 2040 1326 inspicien-

384 1350 494 1412 tes,
517 1343 778 1400 divinam
810 1344 1089 1416 ignorant
1127 1349 1422 1414 naturam,
1447 1348 1739 1416 quatenus
1770 1343 1900 1415 ipsa
1927 1345 2038 1399 est.

387 1433 481 1488 Sic
513 1431 693 1505 igitur
722 1433 921 1488 divina
941 1437 1151 1489 natura
1171 1432 1427 1504 seipsam
1457 1433 1849 1500 intuens,non
1880 1431 2043 1488 novit

387 1522 444 1576 in
481 1537 543 1578 se
574 1519 676 1576 illa
707 1537 835 1593 quae
867 1526 1009 1578 sunt
1038 1522 1366 1577 secundum
1391 1520 1658 1577 essentia:
1687 1519 1922 1577 illorum
1954 1537 2044 1577 ra-

386 1609 636 1677 tionem;
672 1609 776 1664 hoc
807 1609 966 1665 enim
1007 1609 1326 1665 declaravit
1367 1626 1501 1665 cum
1551 1609 1719 1679 dixit,
1746 1613 2038 1681 quatenus

386 1701 527 1754 sunt
565 1697 742 1768 entia,
775 1698 1058 1770 quoniam
1108 1701 1351 1770 superat
1381 1699 1582 1754 omnia
1611 1715 1740 1769 quis
1789 1703 1948 1767 sunt,
1981 1701 2039 1753 et

387 1787 555 1842 modo
584 1786 904 1844 essentiam
947 1788 1216 1844 vincente
1259 1786 1512 1859 exsistit,
1545 1786 1804 1858 alioquin
1835 1785 2036 1842 nullus
2065 1823 2112 1889 B

381 1876 595 1932 dixerit
631 1876 816 1932 Deum
865 1876 1134 1949 ignorare
1184 1893 1325 1932 suas
1373 1881 1687 1932 creaturas.
1723 1876 1818 1931 Ad
1863 1875 2033 1931 idem.

379 1963 620 2021 Nullum
640 1981 813 2040 nosse
831 1964 1214 2038 purissimam
1235 1965 1904 2036 Trinitatem,quatenus
1919 1967 2031 2032 est,

381 2069 505 2125 pro,
540 2053 686 2109 nihil
720 2058 810 2110 est
836 2053 993 2110 sicut
1023 2053 1146 2122 illa,
1179 2058 1244 2110 ut
1281 2069 1411 2110 eam
1451 2057 1787 2126 cognoscat,
1820 2069 2030 2125 quem-

379 2142 702 2198 admodum
734 2143 862 2212 ipsa
892 2147 1010 2211 est;
1041 2159 1149 2198 nos
1171 2143 1328 2199 enim
1351 2142 1762 2214 cognoscimus
1791 2141 2032 2213 quidem

381 2232 521 2304 quid
555 2233 630 2287 sit
660 2231 1024 2301 humanitas,
1049 2232 1325 2303 quoniam
1382 2231 1650 2288 homines
1702 2247 1942 2302 sumus;
1975 2235 2036 2286 at

381 2320 788 2377 exsistentiam
833 2321 1167 2394 purissima:
1205 2320 1512 2377 Trinitatis
1559 2320 1860 2377 nescimus
1889 2319 2031 2393 quid

383 2409 488 2478 sit;
522 2427 634 2466 non
667 2409 826 2466 enim
858 2427 1065 2468 sumus
1091 2427 1160 2467 ex
1189 2412 1345 2466 240
1375 2411 1579 2466 eadem
1611 2409 1870 2466 essentia
1901 2427 1914 2466 :
1949 2408 2034 2465 sic

383 2515 571 2570 neque
589 2498 742 2554 Deus
765 2498 922 2554 novit
937 2517 1003 2556 ea
1021 2516 1147 2572 quae
1170 2503 1331 2567 sunt,
1349 2507 1640 2570 quatenus
1661 2502 1820 2566 sunt,
1836 2514 2035 2572 quem-

381 2587 699 2644 admodum
730 2604 868 2655 nos;
903 2588 1045 2660 quia
1094 2604 1212 2644 non
1244 2591 1336 2644 est
1381 2587 1618 2659 aliquod
1669 2603 1872 2644 eorum
1904 2602 2032 2658 quis

379 2681 542 2744 sunt,
565 2681 669 2733 aut
690 2675 748 2731 in
771 2675 939 2748 ipsis.
967 2675 1089 2731 Etsi
1116 2676 1273 2732 enim
1303 2681 1455 2733 Deus
1481 2676 1558 2731 sit
1581 2676 1848 2748 spiritus,
1871 2678 2033 2748 equi-

379 2766 510 2822 dem
543 2769 785 2823 sanctus
812 2764 1068 2837 Spiritus
1107 2765 1189 2820 ita
1218 2765 1590 2835 nominatur;
1625 2765 1726 2820 sed
1779 2781 1894 2820 non
1943 2769 2034 2822 est

379 2855 624 2925 spiritus
657 2853 826 2910 nobis
857 2854 1153 2926 cognitus,
1175 2857 1278 2909 aut
1307 2852 1553 2926 angelis.
1580 2854 1694 2909 Cur
1716 2869 1870 2920 vero,
1893 2870 2028 2909 cum

378 2942 655 3013 superius
675 2942 942 3010 dixisset,
963 2959 1078 2999 non
1109 2946 1200 2998 est
1232 2943 1452 3008 lumen,
1472 2957 1578 2998 nec
1597 2941 1828 3013 veritas,
1854 2941 2029 3014 paulo

376 3033 508 3101 post
538 3030 901 3086 contrarium
933 3030 1093 3100 dicit,
1129 3047 1246 3086 non
1296 3033 1386 3086 est
1431 3029 1681 3086 tenebrae
1717 3046 1905 3102 neque
1934 3029 2028 3086 lu-

377 3135 531 3188 men,
582 3135 687 3175 neo
735 3135 917 3188 error,
963 3135 1068 3174 nec
1126 3118 1380 3174 veritas?
1424 3119 1626 3174 Posset
1673 3119 1869 3190 itaque
1923 3117 2027 3190 qui

2153 543 2272 605 καθ’
2314 539 2494 618 ἕτερον
2539 541 2789 617 γνώσεως
2832 540 3055 617 τρόπον.
3104 541 3170 598 Οἱ
3214 541 3435 617 ἄγγελοι
3483 539 3539 596 δὲ
3567 564 3788 618 γνωστι-

2152 635 2264 693 κῶς
2321 631 2453 686 αὐτά
2506 633 2595 686 καὶ
2652 629 2835 693 ἀὺλως
2891 630 3299 705 γινώσκουσιν,
3358 631 3468 706 οὐχ
3514 631 3587 693 ὡς
3637 634 3788 706 ἡμεῖς

2153 719 2460 790 αἶ’σθητῶς.
2511 718 2696 780 Οὕτως
2754 717 2847 774 οὖν
2893 719 2982 773 καὶ
3042 719 3070 773 6
3127 719 3258 782 Θεὸς
3312 717 3649 794 ἀσογκρῖτως
3703 721 3786 776 καὶ

2155 803 2722 884 ὑπεραναϐεϐηκὸτως,
2773 807 2834 862 06
2886 807 2993 880 μήν
3054 812 3173 868 ταῖς
3217 806 3434 869 οὐσίαις
3481 803 3783 865 ἐπιϐάλλων

2183 895 2233 920 νη
2356 899 2369 914 ς
2398 894 2436 924 ,ν
2588 902 2612 919 ν
2947 895 2963 917 \
3022 891 3048 913 ν
3231 893 3256 917 ν
3460 897 3474 914 \
3603 897 3615 918 ν

2151 915 2263 952 0103
2312 919 2379 952 τα
2409 917 2556 953 οντα.
2615 893 2838 959 Λλλως·
2890 898 2970 952 Τα
3019 916 3165 967 οντα,
3219 917 3394 971 ηγουν
3416 917 3484 951 τα
3528 919 3786 971 κτισματα

2150 986 2282 1060 ὑπὲρ
2338 987 2435 1056 τήν
2489 987 2688 1040 ἑαυτῶν
2740 984 2897 1061 φύσιν
2941 983 3226 1050 ἐκταθῆναι
3256 990 3376 1048 ταῖς
3427 987 3677 1057 νοήσεσιν
3729 987 3785 1042 οὗ

2151 1071 2385 1128 δύναται·
2436 1072 2659 1134 εῒκότως
2691 1069 2781 1127 οὖν
2814 1072 2889 1134 εἷς
2939 1071 3100 1127 ἑαυτὰ
3149 1071 3422 1148 βλέποντα
3466 1074 3646 1149 ἀγνοεῖ
3697 1076 3788 1144 τήν

2147 1163 2292 1217 Θείαν
2350 1161 2527 1240 φύσιν,
2586 1161 2702 1215 καθ’
2759 1160 2788 1214 ’ὸ
2845 1159 2979 1232 αότή
3040 1159 3204 1218 ἐστιν.
3254 1161 3442 1225 Οὕτως
3499 1161 3594 1218 οὖν
3640 1163 3784 1233 καὶὴ

2147 1251 2260 1308 θεία
2290 1249 2468 1326 φύσις,
2502 1249 2625 1323 [εἷς]
2665 1249 2856 1318 ἑαυτὴν
2893 1247 3193 1325 βλὲπουσα,
3229 1249 3326 1306 οὐκ
3371 1248 3516 1306 οἶδεν
3567 1251 3620 1306 ἐν
3673 1253 3787 1307 ἑαυ-

2145 1344 2213 1414 τῇ
2245 1341 2379 1393 εἶναι
2404 1340 2470 1394 τά
2516 1335 2640 1392 ὅντα
2687 1339 2824 1393 κατά
2857 1338 2948 1393 τὸν
2979 1340 3077 1406 τῆς
3109 1337 3292 1401 οὐσίας
3321 1337 3543 1414 [αὐτῶν]
3597 1339 3785 1415 λόγον·

2145 1432 2304 1482 τοῦτο
2334 1428 2433 1504 γάρ
2467 1425 2742 1498 ἐδήλωσεν
2792 1426 2982 1498 εἰπὼν,
3012 1425 3048 1501 ᾖ
3079 1424 3207 1482 ὅντα
3237 1426 3404 1497 ἐστὶν,
3437 1427 3629 1498 ἐπειδή
3666 1430 3788 1504 ὑπὲρ

2146 1516 2316 1572 πάντα
2369 1517 2436 1571 τά
2482 1513 2611 1572 ὄντα
2654 1515 2743 1571 καὶ
2804 1515 2934 1571 αὐτὸ
2963 1517 3026 1571 τὸ
3057 1517 3191 1571 εἶναι
3247 1517 3499 1588 κέκτηται
3561 1519 3783 1594 ὑπερθυ-

2147 1605 2300 1668 σίως⁶
2361 1606 2555 1682 ἑτέρως
2600 1607 2700 1680 γάρ
2746 1604 2846 1661 οὐκ
2893 1602 2954 1659 ἄν
3007 1626 3088 1668 τις
3123 1603 3263 1661 εἴποι
3296 1605 3505 1682 ἀγνοεῖν
3534 1607 3634 1663 τὸν
3665 1608 3783 1663 Θεὸν

2144 1696 2210 1749 τά
2256 1693 2446 1750 ἑαυτοῦ
2493 1694 2778 1768 κτίσματα.
2832 1694 2925 1759 Εἰς
2969 1696 3032 1750 τὸ
3069 1689 3220 1752 αὐτό.
3263 1695 3386 1752 Ὀτι
3418 1691 3602 1758 οόδεὶς
3633 1697 3784 1773 γινώ-

2145 1804 2257 1838 σκει
2303 1785 2404 1852 τήν
2455 1781 2724 1858 ἄχραντον
2771 1780 2999 1858 Τριάδα,
3041 1784 3160 1838 καθ’
3215 1784 3245 1838 ὂ
3304 1783 3439 1855 αὐτή
3473 1782 3644 1858 ἐστιν,
3674 1783 3782 1840 ἀντὶ

2141 1877 2258 1943 τοῦ,
2292 1869 2444 1928 οὐδέν
2477 1872 2617 1927 ἐστιν
2650 1873 2723 1934 ὡς
2777 1871 2936 1943 αὖτὴ,
2961 1869 3053 1927 ’ἕνα
3101 1873 3190 1927 καὶ
3236 1875 3474 1949 γινώσκῃ
3507 1875 3683 1944 αὐτὴν
3715 1875 3781 1936 ὡς

2141 1960 2276 2032 αὐτή
2343 1961 2506 2017 ἐστιν·
2575 1963 2737 2034 ἡμεῖς
2816 1961 2910 2034 μὲν
2982 1961 3085 2036 γάρ
3155 1963 3494 2039 γινώσκομεν
3545 1963 3604 2018 τί
3655 1961 3784 2019 ἐστιν

2141 2049 2521 2126 ἀνθρωπὸτης,
2555 2047 2741 2119 ἐπειδὴ
2775 2045 3052 2126 ἄνθρωποί
3109 2049 3290 2123 ἐσμεν·
3322 2052 3424 2120 τήν
3483 2049 3541 2107 δὶ
3574 2051 3786 2127 ὕπαρξιν

2139 2141 2238 2208 τῆς
2296 2138 2566 2214 ἆχράντου
2615 2136 2842 2215 Τριάδος
2903 2139 3002 2194 οὐκ
3060 2137 3212 2212 ἴσμεν
3263 2139 3507 2195 "citamur
3573 2141 3642 2197 οὗ
3697 2141 3785 2217 γάρ

2141 2225 2298 2300 ἐσμεν
2356 2225 2416 2282 ἐκ
2470 2234 2571 2297 τῆς
2625 2226 2806 2289 οὗσὲας
2878 2226 3122 2297 αὖτῆς⁴⁰ο
3182 2226 3354 2290 οῧτως
3405 2225 3532 2284 οὐδὲ
3593 2230 3622 2284 6
3669 2229 3787 2290 Θεὸς

2143 2313 2252 2372 εἶδε
2308 2315 2372 2370 τά
2402 2311 2530 2370 ὅντα
2644 2313 2776 2385 ἐστὶ,
2825 2315 3006 2380 καθὼς
3034 2318 3200 2389 ἡμεῖς
3233 2317 3297 2371 οὗ
3328 2321 3430 2393 γάρ
3463 2316 3578 2372 ἰστὶ
3606 2339 3657 2373 τι
3686 2323 3782 2372 τῶν

2144 2401 2375 2474 ὅντωνῆ
2419 2405 2536 2459 κατ’
2590 2403 2742 2459 αὖτάο
2793 2403 2886 2460 κᾶν
2940 2405 3044 2481 γάρ
3088 2405 3248 2468 αὐτὸς
3306 2409 3522 2479 πνεῦμα
3553 2407 3583 2461 6
3642 2407 3782 2480 Θεὸς,

2140 2493 2230 2549 καὶ
2302 2494 2365 2550 τὸ
2434 2496 2584 2570 ἅγιον
2663 2494 2846 2567 μέντοι
2924 2497 3142 2568 Πνεῦμα
3217 2493 3391 2556 οὕτως
3450 2493 3780 2568 ὠνόμασται,

2141 2582 2267 2640 ἀλλ’
2322 2582 2459 2656 [οὐκ]
2510 2581 2618 2638 ἔστι
2696 2587 2912 2657 πνεῦμα
2985 2583 3263 2659 γνώριμον
3322 2585 3482 2656 ἡμῖν,
3531 2583 3569 2653 ἢ
3630 2583 3778 2660 ἀγγέ-

2143 2671 2281 2734 λοις.
2335 2671 2394 2726 Τί
2424 2670 2481 2727 δὲ
2507 2671 2758 2746 άνωτέρω
2791 2671 2980 2745 εἰπὼν,
3015 2671 3114 2727 οὐκ
3165 2667 3271 2728 ἔστι
3301 2675 3438 2748 φῶς,
3479 2671 3611 2727 οὐδε
3659 2673 3780 2744 ἁλήο

2141 2762 2278 2832 οεια,
2333 2756 2675 2822 ὑποκαταϐάς
2717 2760 2881 2817 πάλιν
2929 2759 3094 2836 λέγει,
3127 2759 3227 2816 οὐχ
3253 2755 3363 2816 ἔστι
3396 2761 3614 2833 σκότος,
3665 2758 3777 2817 οὗδὶ

2141 2854 2275 2927 φῶς,
2303 2847 2427 2905 οὐδὲ
2457 2847 2660 2921 πλάνη,
2694 2847 2818 2904 οὐδὲ
2848 2847 3116 2920 ἀλήθεια;
3149 2849 3382 2904 Δυνατὸν
3431 2849 3523 2904 οὗν
3575 2849 3774 2926 ἐπιχει·

2139 2941 2336 3014 ροῦντα
2374 2937 2566 3008 εἷπεῖν,
2600 2937 2682 2993 ὅτι
2711 2937 2774 2994 τὸ
2809 2939 2904 3012 μὶν
2936 2942 3150 3013 πρῶτον
3183 2937 3307 3012 περὶ
3336 2942 3434 2994 τοῦ
3495 2938 3776 3002 άπολῦτως

2137 3026 2317 3102 φωτὸς
2351 3025 2520 3102 λέγει,
2554 3023 2678 3081 οὐδὲ
2707 3025 2889 3098 πλάνη
2923 3026 2996 3089 ὡς
3029 3025 3082 3082 ἐν
3123 3025 3330 3088 οὐσίαις
3359 3029 3402 3064 ⁴¹
3458 3031 3570 3082 τῶν
3625 3028 3772 3103 ἀγγέ-

2139 3113 2273 3184 λων,
2301 3115 2390 3170 καὶ
2421 3114 2679 3187 ἀλήθεεαν
2729 3117 2827 3184 τήν
2878 3113 3444 3189 αὖτοαπολελυμὲνως
3490 3116 3585 3171 καὶ
3641 3116 3773 3170 άναιο

377 3205 544 3261 illum
577 3209 777 3263 tuetur
813 3206 1027 3273 dicere,
1059 3205 1224 3262 illum
1267 3205 1458 3279 primo
1491 3206 1562 3263 de
1591 3188 1815 3262 lumine
1847 3188 2021 3262 abso-

2142 3201 2264 3266 :lw:
2314 3203 2592 3276 ἀλήθειαν·
2639 3205 2705 3260 τά
2749 3201 2806 3260 δὲ
2855 3203 3068 3282 ἐσιεξῆς,
3118 3204 3203 3260 ὅτι
3234 3201 3356 3260 οὔτε
3383 3209 3492 3261 τῶν
3522 3207 3660 3282 πρός
3704 3227 3772 3272 τε,

378 3294 500 3352 luto
530 3295 712 3366 loqui,
735 3311 842 3352 nec
874 3311 1003 3351 esse
1032 3310 1316 3363 errorem,
1340 3294 1494 3352 sicut
1523 3295 1582 3350 in
1613 3295 1889 3352 essentiis
1920 3312 2029 3351 an-

379 3384 668 3457 gelorum,
689 3388 748 3439 et
775 3383 1080 3440 veritatem
1123 3399 1323 3440 earum
1375 3399 1503 3456 quas
1535 3398 1638 3456 per
1666 3399 1730 3439 se
1759 3383 2028 3440 absoluta

381 3476 438 3528 et
458 3472 585 3529 sine
608 3489 787 3529 causa
807 3477 898 3530 est
915 3472 1152 3529 veritas.
1167 3475 1302 3538 Quas
1327 3477 1525 3528 autem
1549 3476 1901 3544 sequuntur,
1919 3489 2024 3529 nec

378 3578 579 3618 corum
604 3579 732 3634 qua
754 3562 826 3619 ad
849 3561 1072 3635 aliquid
1097 3561 1377 3618 nimirum
1399 3579 1466 3618 ex
1487 3561 1743 3618 tenebris
1765 3565 2024 3617 mutatus

376 3651 434 3707 in
467 3657 694 3724 lumen,
717 3651 890 3723 quasi
911 3666 980 3707 ex
1001 3651 1223 3706 lumine
1245 3651 1397 3723 quod
1420 3655 1651 3707 tantum
1673 3654 1764 3707 est
1781 3649 2019 3718 virtute,

376 3745 637 3797 mutatus
656 3740 715 3796 in
739 3757 868 3798 esse
889 3740 1087 3796 lumen
1115 3740 1266 3812 quod
1285 3743 1418 3795 actu
1441 3744 1532 3796 est
1551 3738 1771 3796 lumen.
1793 3739 2016 3795 Lumen

369 3833 426 3883 ct
455 3830 704 3884 tenebra
731 3835 873 3884 sunt
900 3844 972 3885 ex
1000 3829 1074 3885 iis
1096 3845 1222 3901 qum
1254 3828 1407 3884 inter
1437 3844 1498 3884 se
1525 3828 1881 3901 dependent,
1913 3843 2018 3884 nec

367 3916 524 3972 cnim
555 3922 645 3973 est
675 3917 884 3989 caligo,
915 3934 1020 3973 nec
1047 3916 1246 3972 lumen
1280 3916 1614 3989 copiosum;
1647 3915 1734 3972 sic
1763 3931 1951 3988 neque
1983 3933 2016 3972 a

2138 3293 2252 3348 οἷον
2299 3292 2358 3348 ἐκ
2388 3293 2611 3356 σκότους
2645 3289 3003 3368 μεταϐάλλων
3038 3298 3175 3372 φῶς,
3227 3293 3421 3350 ὡσανεὶ
3473 3292 3532 3349 ἐκ
3562 3299 3658 3349 τοῦ
3687 3292 3769 3349 δυ·

2133 3384 2313 3455 νάμει,
2347 3384 2524 3461 φωτὸς
2575 3382 2651 3445 εἰς
2680 3384 2739 3438 τὸ
2771 3382 3007 3458 ἐνεργείᾳ
3037 3383 3152 3461 φῶς
3188 3379 3551 3448 μεταϐάλλων
3585 3382 3643 3439 ἐκ
3670 3388 3766 3439 τῶν

2133 3475 2399 3547 σχετικῶν
2433 3470 2507 3534 ἐς
2538 3469 2760 3542 ἄλληλα
2805 3476 2920 3550 φῶς
2966 3471 3056 3527 καὶ
3107 3471 3326 3534 σκότος’
3364 3468 3487 3528 οὔτε
3515 3474 3619 3547 γάρ
3657 3471 3765 3548 γνόυ

2131 3581 2230 3638 φος
2263 3559 2427 3631 ἐστὶν,
2460 3557 2582 3616 οὔτε
2612 3558 2757 3615 πολὺ
2784 3565 2918 3635 φῶς,
2943 3560 3117 3623 οὕτως
3148 3557 3270 3616 οὔτε
3297 3559 3357 3615 ἐκ
3383 3565 3481 3616 τοῦ
3513 3560 3766 3629 ἐναντίου,

2131 3647 2190 3702 ἐκ
2211 3651 2308 3703 τοῦ
2340 3647 2473 3702 Λατά
2521 3644 2749 3721 δύναμιν
2799 3645 3013 3719 πλάνην
3060 3649 3196 3702 εἶναι
3230 3647 3304 3710 εἷς
3336 3646 3601 3718 ἀλήθειαν
3629 3647 3762 3720 ἔνερ-

2126 3735 2244 3810 γεὲᾳ
2293 3731 2577 3808 μετέϐαλε·
2628 3737 2798 3792 πάντα
2852 3736 2950 3814 γὰρ
2993 3741 3178 3805 ταῦτα,
3229 3734 3453 3812 δεύτερα
3500 3737 3682 3806 αὐτοῦ,
3717 3737 3761 3806 ἐξ

2125 3825 2288 3880 αὐτοῦ
2317 3831 2694 3900 προνοητικῶς
2740 3823 3153 3900 ὲκφοιτήσαντα.
3195 3823 3362 3884 Οὖδὶν
3396 3825 3487 3880 οὖν
3519 3825 3636 3882 ἐστι
3664 3831 3760 3881 τῶν

2126 3913 2176 3985 ἐξ
2209 3914 2396 3969 αὐτοῦ.

365 4004 678 4074 contrario,
710 4019 778 4060 ex
825 4020 1018 4060 errore
1067 4003 1168 4076 qui
1215 4009 1340 4060 erat
1384 4004 1599 4060 virtute
1644 4005 1860 4061 veritas
1909 4007 2172 4060 mutatus
2221 4008 2312 4059 est
2360 4003 2419 4058 in
2468 4003 2768 4060 veritatem
2819 4003 3132 4062 actualem.
3185 4005 3314 4062 Haec
3361 4003 3520 4061 enim
3574 4005 3764 4063 omnia

365 4095 506 4146 sunt
533 4090 662 4162 ipso
689 4092 1035 4162 posteriora,
1070 4109 1204 4148 cum
1253 4093 1326 4148 ab
1375 4093 1502 4165 ipso
1547 4093 1892 4166 providendi
1923 4093 2204 4150 facultate
2234 4092 2672 4165 processerint:
2707 4093 2854 4149 nihil
2901 4094 3084 4167 igitur
3129 4099 3222 4152 est
3265 4111 3469 4152 eorum
3520 4111 3655 4167 que
3699 4095 3764 4151 ab

363 4177 514 4250 ipso.

432 4330 490 4401 (ι)
523 4330 668 4386 Dan.
700 4345 825 4403 xm,
856 4331 948 4387 42.

1369 4455 1600 4513 νΑιιιΑς
1637 4457 2022 4515 LECTIONES
2060 4458 2150 4516 ET
2189 4458 2740 4521 CORRECTIONES.

423 4556 470 4590 ⁴⁰
496 4551 548 4625 ἐξ
579 4556 752 4626 αὐτῆς
782 4562 898 4626 τῆς.
978 4558 1018 4593 ⁴¹
1055 4554 1130 4617 ὡς
1162 4557 1217 4610 αἱ
1250 4555 1454 4614 οὐσίαι.
