4004 6200
306 328 415 382 433

426 684 1589 856 ΓΕΩΡΓΙΟΥ
1697 684 2173 857 ΤΟΥ
2282 687 3124 858 ΠΑΧΥΜ

1120 328 1584 382 PACHYMERE
1625 330 2129 384 PARAPHRASIS
2169 331 2244 384 IN
2282 332 2436 384 EPP.
2483 333 2542 385 S.
2583 334 2917 389 DlONYSII.

3619 338 3724 396 434

3136 692 3597 861 ΕΡΗ

1450 970 2569 1101 ΠΑΡΑΦΡΑΣΙΣ

569 1226 764 1320 ΕΙΣ
848 1223 1081 1319 ΤΑΣ
1165 1222 1414 1320 ΤΟΥ
1490 1222 1871 1319 ΑΓΙΟΥ
1955 1223 2643 1321 ΔΙΟΝΥΣΙΟΥ
2723 1226 3430 1324 ΕΠΙΣΤΟΛΑΣ

634 1553 1639 1707 GEORGII
1807 1431 3368 1709 PAGHYMERE

1375 1820 2605 1946 PARAPHRASIS

862 2134 866 2137 Α
975 2034 1106 2131 ΙΝ
1175 2032 1852 2128 EPISTOLAS
1925 2034 2366 2129 SANCTI
2433 2035 2988 2130 DIONYSII

258 2223 336 2276 Ea:
363 2222 838 2295 interpretatione
865 2216 1147 2290 Godefridi
1176 2217 1476 2283 Titmanm’,
1503 2216 1813 2344 Carthasim
1838 2217 2194 2344 Ραῖξείοὲιῇἰει
2210 2216 2488 2290 monachi,
2518 2234 2644 2274 cum
2671 2221 2858 2275 Greco
2888 2219 3199 2291 exemplari
3228 2236 3419 2276 rursus
3447 2237 3483 2276 a
3518 2224 3679 2279 Petro

1770 2303 1927 2344 ansae
1954 2303 2005 2343 ιο
2032 2304 2060 2343 c
2140 2305 2171 2343 a
2196 2305 2251 2344 a.

1770 2303 2005 2344 αηεδειιο
2032 2303 2251 2345 cauata.

659 2607 776 2662 ΕΙΣ
817 2606 958 2661 ΤΗΝ
1000 2605 1413 2661 ΕΙΙΙΣΤΟΛΗΝ
1452 2604 1532 2660 Λ¹.

328 2709 687 2779 Ἐπιόάλλω,
721 2710 853 2789 φησί
896 2732 981 2773 τις
1027 2708 1135 2766 τῶν
1186 2709 1434 2765 παλαιῶν
1469 2712 1568 2783 (1),
1600 2709 1756 2763 Γάϊον
1801 2712 1925 2763 τοῦ-

258 2824 347 2859 τον
387 2803 548 2872 εἶναι,
582 2800 627 2873 ᾧ
656 2802 757 2870 τήν
805 2801 995 2876 τρίτην
1051 2798 1346 2868 ἐπιστολὴν
1388 2796 1616 2875 ἔγραψεν
1651 2798 1678 2852 ὁ
1711 2795 1924 2861 θειότα-

260 2912 351 2955 τος
386 2888 701 2951 ἀπόστολος
730 2890 821 2944 καὶ
854 2887 1247 2964 εὐαγγελιστής
1278 2887 1535 2957 Ἰωάννης
1565 2887 1592 2941 ὁ
1638 2884 1919 2961 θεολόγος·

260 2980 700 3055 τεκμαιρόμενος
736 2980 826 3033 καὶ
871 2978 930 3033 ἐκ
973 2983 1080 3033 τῶν
1114 2976 1299 3033 ἄλλων
1332 2979 1414 3041 οἷς
1463 2976 1757 3051 συγγέγονε
1792 2975 1926 3046 μετὰ

260 3074 364 3125 τῶν
419 3068 743 3124 ἀποστόλων
794 3068 821 3122 ό
864 3069 1008 3129 Θεῖος
1054 3067 1211 3128 οὗτος
1258 3067 1410 3141 ἀνήρ.
1464 3063 1808 3138 Θεραπευτᾶς
1869 3060 1925 3117 δὲ

262 3160 387 3218 τοὺς
444 3156 727 3234 μοναχοὺς
777 3154 962 3232 ἔλεγεν
1011 3156 1061 3211 ἐν
1105 3161 1186 3228 τῷ
1234 3155 1363 3231 Περὶ
1410 3162 1509 3223 τῆς
1542 3153 1926 3224 ἐκκλησιαστι-

260 3254 356 3317 κῆς
408 3245 695 3323 ἱεραρχίας
739 3247 1087 3321 συντάγματι
1137 3247 1241 3315 (2),
1292 3245 1458 3299 εἶλπὼν
1504 3242 1614 3298 ἐκεῖ
1658 3242 1747 3298 καὶ
1806 3247 1923 3304 πῶς

377 3337 391 3357 ο
810 3331 837 3353 ν
1245 3333 1259 3351 \
1348 3334 1361 3351 1
1452 3334 1463 3353 ο
1598 3333 1610 3353 ι
1895 3336 1921 3346 ο

268 3339 617 3391 καθίστανται
678 3337 755 3408 μή
808 3356 957 3398 οντες
1002 3333 1285 3410 κληρικοι,
1337 3330 1444 3388 αλλ
1513 3332 1770 3407 ἀνωτεροι
1827 3353 1925 3386 του

270 3423 428 3482 λαοῦ.
460 3424 705 3485 Τούτους
738 3421 794 3478 δὲ
825 3420 967 3479 ἔοικε
1014 3424 1307 3497 θαυμάζειν
1360 3420 1548 3477 Φίλων
1588 3423 1615 3476 ὁ
1657 3418 1924 3483 Ἰουδαῖος

270 3512 318 3569 ἰν
378 3518 459 3585 τῷ
518 3513 644 3589 Περὶ
700 3513 1040 3589 θεωρητικοῦ
1096 3512 1219 3588 βίου
1275 3512 1311 3581 ἢ
1385 3511 1608 3565 οῗκετῶν
1665 3512 1741 3583 (3)
1802 3531 1923 3564 συν-

264 3604 530 3679 τάγματι,
583 3601 912 3675 θεραπευτὰς
953 3599 1151 3663 αὐτοὺς
1199 3598 1408 3667 καλῶν,
1436 3603 1526 3655 καὶ
1574 3599 1673 3667 τήν
1721 3595 1925 3653 δίαιταν

264 3690 439 3745 αὐτῶν
494 3687 878 3765 διηγούμενος’
942 3686 1005 3743 οὐ
1066 3692 1253 3765 χεῖρον
1301 3686 1358 3742 δὲ
1408 3687 1497 3741 καὶ
1546 3684 1820 3757 αὐτολεξεὶ
1858 3689 1924 3740 τά

259 3787 353 3837 τοῦ
382 3781 683 3843 Φλίλωνος
730 3785 898 3845 θεῖναι
1083 3779 1226 3851 Φησί
1275 3780 1453 3836 τοίνυν
1489 3778 1539 3834 ἐν
1580 3780 1659 3850 τῷ
1687 3777 1922 3850 τοιούτῳ

261 3873 614 3945 συντάγματιο
652 3892 678 3921 ιι
712 3867 1015 3943 Πολλαχοῦ
1050 3869 1145 3942 μὲν
1176 3867 1267 3923 οῦν
1299 3876 1400 3935 τῆς
1429 3867 1761 3940 οἰκουμένης
1810 3864 1919 3921 ἐστὶ

1954 2603 2010 2669 Α

2467 2605 2614 2661 241
2663 2604 2734 2660 ΙΝ
2776 2605 3183 2662 EPISTOLAM
3225 2608 3246 2661 Ι

2105 2710 2389 2782 Equidem
2414 2726 2529 2766 non
2555 2709 2778 2766 levibus
2801 2711 3153 2781 coniecturis
3186 2711 3331 2767 mihi
3361 2712 3561 2770 videor
3590 2730 3685 2771 as-

2033 2802 2272 2854 secutus
2303 2797 2409 2869 (ait
2439 2816 2593 2854 unus
2623 2799 2917 2871 quispiam
2946 2800 3350 2873 antiquorum)
3373 2802 3531 2859 hunc
3554 2819 3683 2861 esse

2032 2887 2257 2955 Caium,
2324 2888 2415 2942 cui
2483 2886 2892 2944 divinissimus
2962 2889 3260 2960 apostolus
3324 2891 3684 2964 evangelista

2032 2977 2605 3048 Joannes,idemque
2632 2977 2943 3049 theologus
2974 2978 3252 3047 eximius,
3272 2973 3502 3037 tertiam
3534 2983 3683 3037 scri-

2035 3068 2151 3139 psit
2181 3068 2514 3140 epistolam.
2551 3073 2629 3123 Ex
2661 3068 2792 3124 aliis
2824 3085 2963 3124 sane
2996 3086 3175 3141 quam
3209 3070 3412 3127 multis
3442 3073 3595 3144 cepit
3633 3073 3685 3130 is

2034 3159 2433 3227 conjecturam
2467 3158 2684 3229 quibus
2717 3157 3017 3230 colligitur
3062 3159 3476 3217 admirabilem
3525 3162 3683 3218 hunc

2032 3246 2223 3301 virum
2255 3263 2427 3302 usum
2456 3263 2584 3303 esse
2617 3246 2893 3302 familiari
2921 3247 3319 3319 apostolorum
3342 3265 3682 3321 congressu.

2032 3336 2432 3407 Therapeutas
2462 3340 2657 3392 autem
2691 3335 2892 3392 docuit
2924 3335 3128 3392 beatus
3170 3336 3342 3392 Pater
3387 3354 3486 3394 eos
3534 3355 3684 3405 esse,

2032 3424 2133 3497 qui
2166 3427 2223 3480 et
2254 3424 2548 3490 monachi,
2582 3423 2642 3479 in
2674 3438 2740 3479 eo
2773 3440 2965 3496 opere,
2999 3425 3153 3496 quod
3189 3429 3267 3480 De
3313 3427 3684 3483 ecclesiastica

2034 3512 2352 3570 hierarchia
2376 3513 2661 3585 scriptum
2684 3512 2941 3584 reliquit.
2971 3512 3099 3568 Illic
3130 3513 3363 3571 abunde
3384 3515 3683 3588 explicuit,

2032 3618 2149 3673 quo
2180 3606 2347 3671 pacto
2381 3598 2613 3655 institui
2644 3600 2915 3670 debeant,
2944 3600 3059 3671 'qui
3109 3599 3303 3656 clerici
3352 3620 3469 3659 non
3520 3607 3682 3669 sunt,

2031 3689 2247 3763 pOpulo
2279 3688 2497 3759 alioqui
2531 3689 2884 3759 superiores.
2916 3687 3023 3751 Qui
3056 3687 3230 3745 istius
3260 3689 3391 3744 vita:
3449 3691 3684 3745 institu-

2029 3782 2155 3834 tum
2188 3777 2636 3850 profitebantur,
2668 3776 2778 3831 bos
2805 3776 2970 3832 visus
3002 3779 3091 3831 est
3121 3775 3283 3832 Philo
3313 3776 3409 3833 ille
3436 3778 3679 3835 Judaeus

2031 3867 2298 3924 miraculi
2330 3865 2455 3921 loco
2485 3865 2875 3936 depraedicare
2902 3865 2961 3920 in
3004 3881 3175 3936 opere
3223 3866 3317 3921 cui
3370 3866 3678 3939 inscriptio

261 3961 321 4013 τὸ
348 3960 531 4034 γένος·
569 3953 675 4012 ἔδει
725 3957 824 4032 γὰρ
858 3956 1060 4033 ἀγαθοῦ
1108 3955 1326 4012 τελείου
1379 3962 1667 4033 μετασχεῖν
1700 3956 1789 4011 καὶ
1818 3957 1920 4025 τήν

2033 3962 2140 4025 est,
2175 3958 2247 4012 De
2279 3958 2389 4011 vita
2418 3954 2732 4023 theoretz’ca,
2761 3953 2871 4009 hoc
2902 3958 2993 4009 est
3030 3955 3512 4027 contemplativa,
3559 3957 3681 4013 sivc

260 4046 511 4105 Ἐλλάδα
538 4047 629 4101 καὶ
668 4047 771 4115 τήν
827 4041 1120 4122 βάρϐαρον
1155 4044 1437 4116 πλεονάζει
1473 4046 1530 4101 δὲ
1575 4045 1625 4101 ἐν
1657 4044 1921 4120 Αἰγύπτῳ

264 4137 383 4189 καθ’
438 4133 663 4190 ’ἕκαστον
717 4139 823 4189 τῶν
888 4133 1333 4208 ἐπικαλουμένων
1389 4140 1610 4208 νομῶν,
1664 4134 1751 4190 καὶ
1814 4135 1919 4209 μά-

267 4223 429 4279 λιστα
480 4222 601 4296 περῖ
655 4224 755 4291 τήν
804 4219 1211 4295 Ἀλεξάνδρειαν
1378 4225 1445 4279 Oi
1494 4220 1551 4277 δὲ
1580 4223 1918 4299 πανταχόθεν

267 4310 503 4385 ἄριστοι,
552 4312 795 4385 καθάπερ
841 4310 918 4372 εἷς
968 4308 1223 4382 πατρίδα,
1258 4312 1615 4387 ,θεραπευτῶν
1666 4312 1917 4367 ἀποικίαν

265 4398 608 4471 στέλλονται,
664 4398 800 4473 πρός
858 4419 910 4453 τι
966 4398 1175 4475 χωρίον
1240 4396 1679 4469 ἐπιτηδειότατον
1716 4444 1729 4469 ,
1785 4398 1918 4475 ὅπερ

263 4487 405 4542 ἐστὶν
461 4488 598 4560 ὐπὶρ
650 4485 849 4561 λίμνης
897 4488 1148 4560 κείμενον
1199 4488 1442 4564 Μαρείας
1496 4487 1582 4542 ἐπὶ
1630 4488 1921 4567 γεωλόφου

262 4575 704 4653 χθαμαλωτὲρου
753 4573 962 4654 σφόδρα
1018 4575 1303 4650 εὐκαίρως,
1338 4576 1633 4650 ἀσφαλείας
1675 4598 1737 4652 γε
1764 4573 1920 4631 ’ἑνεκα

258 4668 351 4723 καὶ
385 4669 545 4740 ἀέρος
577 4667 878 4740 εὐκρασίας.
906 4690 934 4718 »
966 4666 1269 4739 Kai‘m'hv
1298 4666 1357 4721 ἐκ
1399 4672 1496 4722 τοῦ
1533 4667 1697 4722 αὐτοῦ
1728 4668 1916 4743 λόγου·

264 4782 291 4806 ι(
327 4758 415 4813 Ἐν
450 4757 646 4831 ἑκάστῃ
680 4754 738 4812 δὲ
786 4755 959 4827 οἳκείᾳ
1007 4752 1147 4811 ἔστιν
1199 4754 1406 4829 οἴκημα
1436 4758 1579 4831 ἱερὸν
1608 4758 1636 4812 ὃ
1674 4754 1919 4812 καλεῖται

262 4850 517 4916 σεμνεῖον
564 4845 656 4899 καὶ
711 4846 1097 4921 μοναστήριονο
1133 4843 1184 4899 ἐν
1235 4846 1281 4917 ᾧ
1328 4844 1680 4917 μονούμενοι,
1720 4846 1788 4899 τά
1822 4850 1920 4900 τοῦ

262 4939 467 5007 σεμνοῦ
517 4933 640 5009 βίου
690 4934 963 5008 μυστήρια
1012 4932 1322 5003 τελοῦνται,
1360 4931 1531 5005 μηδὲν
1577 4934 1920 5007 εἰσκομίζον‹

259 5042 371 5090 τες,
409 5024 487 5094 μή
518 5021 712 5089 σιτίον,
756 5023 832 5095 μὴ
875 5021 1066 5094 ποτὸν,
1123 5018 1253 5093 μηδ’
1282 5018 1335 5075 ἓν
1366 5042 1417 5075 τι
1465 5026 1575 5077 τῶν
1606 5022 1791 5077 ἄλλων
1823 5021 1921 5077 ὅσα

260 5113 398 5186 πρὸς
445 5111 541 5173 τὰς
598 5115 698 5165 τοῦ
755 5111 1012 5182 σώματος
1055 5109 1248 5185 χρείας
1306 5110 1587 5186 ἀναγκαῖα·
1639 5108 1785 5165 ἀλλά
1830 5111 1922 5166 v6-

267 5222 407 5273 μους
480 5200 573 5253 καὶ
649 5196 811 5271 λόγια
869 5196 1219 5262 θεσπισθίντα
1276 5195 1365 5253 διὰ
1420 5203 1719 5275 προφητῶν
1756 5246 1769 5270 ,
1831 5198 1919 5253 καὶ

257 5289 488 5360 ὕμνους,
519 5286 611 5342 καὶ
642 5283 842 5355 τᾶλλα,
885 5288 970 5347 οἷς
1000 5284 1280 5359 ἐπιστήμη
1313 5286 1402 5341 καὶ
1455 5282 1696 5341 εὐσέϐεια
1728 5309 1919 5344 συναυ-

255 5374 468 5445 ξάνεται
497 5362 599 5428 xci
638 5370 970 5428 τελειοῦται.
1003 5392 1029 5423 ι
1069 5372 1171 5428 Καὶ
1210 5372 1376 5427 πάλιν
1409 5372 1468 5429 ἐκ
1494 5377 1590 5429 τοῦ
1629 5373 1793 5429 αὐτοῦ
1823 5374 1915 5428 λόο

253 5484 381 5536 γο¹δ⁶
422 5486 449 5513 ιι

2032 4047 2102 4099 de
2152 4042 2553 4115 supplicibus;
2603 4040 2751 4097 tales
2802 4057 3015 4096 vocans
3058 4041 3459 4115 therapeutas.
3486 4045 3597 4099 Sed
3626 4049 3684 4100 et

2028 4133 2157 4189 vitae
2187 4131 2360 4188 istius
2388 4130 2727 4186 monasticaa
2759 4129 3075 4186 formulam
3106 4130 3379 4203 pluribus
3408 4133 3680 4206 explicat.

2028 4222 2225 4294 Neque
2248 4220 2472 4276 malum
2497 4218 2670 4275 fuerit
2691 4235 2934 4291 prorsus
2957 4220 3110 4276 242
3144 4220 3336 4292 ipsam
3367 4222 3682 4278 dictionem

2032 4309 2293 4366 Philonis
2322 4309 2451 4365 loco
2482 4306 2753 4380 praesenti
2794 4306 3053 4363 intexere
3101 4325 3114 4363 :
3169 4308 3463 4365 enimvero
3508 4324 3575 4365 eo
3622 4310 3681 4364 in

2031 4413 2203 4469 opere
2233 4397 2302 4451 ad
2336 4396 2493 4450 hunc
2523 4394 2730 4450 scribit
2752 4395 3083 4463 modum,in
3108 4394 3498 4466 pluribusque
3520 4396 3680 4452 orbis

2031 4485 2368 4559 regionibus
2400 4485 2510 4539 hoc
2558 4500 2746 4555 genus
2795 4484 3216 4539 monachorum
3266 4484 3518 4556 reperire
3567 4491 3675 4541 est.

2031 4574 2347 4648 Oportebat
2367 4588 2507 4629 sane
2532 4574 2670 4628 boni
2694 4572 2871 4628 istius
2893 4571 2977 4627 sic
3009 4572 3248 4644 perfecti
3280 4573 3403 4628 fieri
3432 4574 3676 4645 partici-

2030 4682 2162 4738 pem
2196 4680 2310 4719 non
2338 4662 2617 4717 Greciam
2654 4660 2869 4729 solum,
2903 4662 3003 4716 sed
3030 4665 3086 4716 et
3125 4660 3484 4733 reliquarum
3533 4680 3676 4734 gen-

2028 4753 2181 4808 tium
2212 4751 2567 4807 barbariem.
2600 4750 2875 4805 Abundat
2902 4765 3033 4805 vero
3062 4750 3123 4804 in
3152 4750 3395 4822 Egypto
3444 4751 3505 4807 in
3554 4751 3673 4808 sin-

2029 4841 2187 4915 gulis
2220 4839 2570 4912 regionibus
2589 4838 2812 4895 vocatis
2856 4838 3068 4906 nomis,
3119 4843 3177 4893 et
3223 4838 3476 4895 maxime
3522 4840 3677 4897 circa

2030 4929 2463 4987 Alexandriam.
2498 4928 2569 4984 Ut
2600 4927 2757 4983 enim
2792 4926 2982 4981 ubivis
3011 4927 3271 4997 gentium
3303 4928 3552 5001 quisque
3590 4935 3679 4985 est

2030 5019 2313 5092 optimus,
2347 5020 2403 5074 in
2435 5033 2564 5073 eam
2614 5016 2912 5071 concurrit
2961 5015 3318 5087 demigratve
3364 5017 3675 5089 coloniam,

2031 5110 2274 5182 perinde
2304 5110 2479 5179 atque
2510 5107 2569 5161 in
2604 5103 2853 5176 patriam
2880 5103 3678 5178 tberapeutarum,nimirum

2030 5198 2089 5252 in
2106 5197 2400 5269 regionem
2419 5209 2771 5266 magnopere
2785 5193 3219 5247 accommodam
3233 5196 3679 5267 etperopportu-

2034 5302 2337 5356 nam;quas
2371 5283 2607 5355 quidem
2639 5281 2911 5336 imminet
2942 5284 3153 5352 stagno
3185 5282 3278 5337 cui
3309 5300 3523 5340 nomen
3554 5285 3679 5341 Ma-

2035 5335 2332 5356 ..ητηη
2375 5335 2606 5355 γαν---
2755 5335 2781 5336 η
3039 5335 3072 5352 υ
3131 5335 3144 5337 -
3193 5335 3277 5337 ﬁt
3311 5335 3523 5340 mw---
3554 5335 3646 5341 -.--

1951 5335 1996 5399 c
2035 5374 2220 5441 riae,in
2253 5372 2399 5429 colle
2430 5370 2634 5427 declivi
2668 5387 2734 5426 ac
2765 5368 3080 5426 humiliore
3109 5371 3244 5442 sita,
3294 5371 3513 5445 alioqui
3560 5389 3675 5429 non

496 5461 577 5519 Τὸ
627 5458 685 5515 Si
728 5459 778 5533 ἐξ
832 5460 1059 5515 ἑωθινοῦ
1116 5461 1316 5535 μέχρις
1366 5462 1589 5537 ἑσπέρας
1641 5460 1915 5535 διάστημα

2033 5465 2527 5534 importuno,cum
2560 5459 2893 5516 securitatis
2922 5459 3275 5531 gratia,tum
3307 5461 3381 5517 ob
3412 5477 3676 5520 commo-

259 5552 479 5625 σύμπαν
548 5549 738 5612 αὐτοῖς
806 5548 946 5604 ἐστιν
1020 5546 1246 5619 ἄσκησις
1278 5570 1290 5583 ·
1352 5550 1765 5628 ἐντυγχάνοντες
1813 5552 1913 5629 γὰρ

2033 5553 2158 5608 dam
2190 5549 2343 5606 aeris
2372 5548 2740 5621 temperiem.
2770 5549 2997 5604 Rursus
3026 5565 3095 5604 ex
3123 5550 3326 5607 eodem
3360 5566 3532 5624 opere
3568 5569 3581 5609 :
3609 5552 3672 5608 In

256 5648 377 5703 τοῖς
413 5642 579 5714 ἱεροῖς
611 5640 926 5715 γράμμασι,
958 5635 1321 5717 φιλοσοφοῦσι
1348 5642 1447 5711 τήν
1480 5640 1706 5717 πάτριον
1757 5640 1916 5717 φιλο-

2024 5654 2379 5712 unaquaque
2410 5637 2659 5707 familia,
2688 5638 2839 5695 aedes
2870 5654 2988 5694 una
3025 5644 3368 5697 consecrata
3396 5646 3510 5713 est,
3543 5657 3675 5713 qua:

3250 528 3363 533 ,ΆῘΑ
3384 529 3438 536 Α...
3494 531 3518 536 _
