4004 6200
275 375 385 430 437

1084 379 1543 437 ΡΑΟΗῩΜΕΒΛΕ
1582 383 2087 440 PARAPHRASIS
2123 385 2198 439 IN
2238 385 2397 439 EPP.
2437 388 2495 440 Β.
2538 388 2872 444 DIONYSII.

3587 395 3691 450 438

276 499 444 568 εἶπεν,
500 493 688 584 ἐπειδὴ
752 493 988 571 μεσότης
1057 497 1198 556 ἰστῖν
1255 503 1290 571 ἡ
1348 505 1567 574 γνῶσις,
1625 502 1715 559 καὶ
1799 505 1920 579 παρ’

2041 505 2214 562 morti
2247 507 2582 579 obnoxiam,
2608 510 2709 564 sed
2746 510 3342 584 immortalem,quam
3376 516 3500 572 sola
3529 533 3596 573 ex
3628 536 3690 576 se

275 588 508 663 ἑκάτερα
558 581 672 664 ἔχει
734 589 808 650 ὼς
867 588 1059 652 κακίας
1113 590 1212 657 τήν
1269 589 1443 647 ἄνεσιν
1469 592 1558 647 καὶ
1587 595 1684 663 τήν
1749 593 1928 648 ἐπίτα-

276 697 362 732 σιν
383 680 460 752 (7)
491 699 503 712 ·
533 674 674 742 ἔνθεν
720 677 817 752 μὲν
858 678 957 746 τὴν
1008 675 1252 753 ἄγνοιαν,
1283 678 1484 737 ἐκεῖθεν
1536 679 1593 738 δὶ
1630 683 1728 752 τὴν
1772 683 1928 758 περί-

271 788 456 839 νοιαν,
490 766 526 836 ἢ
558 763 624 837 δή
656 787 747 820 και
777 764 966 838 πολλὴ
998 772 1202 843 γνῶσις
1229 765 1428 846 λέγοιτ’
1454 767 1512 828 ἄν
1550 774 1644 844 (8).
1680 774 1766 836 Ὡς
1805 776 1930 847 γοῦν

273 857 331 912 αἶ
361 853 572 914 πολλαὶ
601 856 828 930 γνώσεις
861 854 935 920 ὡς
979 854 1274 930 μεσότητες
1322 861 1423 929 τήν
1475 859 1736 938 φρόνησιν
1789 882 1930 917 συνιο

272 950 504 1018 στῶσιν,
537 942 710 1009 οὕτως
740 944 794 1000 αἱ
823 941 1031 1007 πολλαὶ
1061 941 1276 1020 ἄγνοιαι
1328 949 1427 1017 τήν
1486 949 1717 1025 μωρίαν,
1748 950 1836 1006 καὶ
1875 950 1928 1005 αἱ

269 1033 488 1092 πολλαὶ
519 1033 785 1110 περίνοιαι
828 1035 937 1104 τὴν
981 1035 1248 1112 πονηρίαν
1282 1039 1382 1110 (9).
1416 1039 1510 1111 Μή
1563 1043 1724 1096 τοῦτο
1771 1043 1925 1117 γοῦν,

267 1125 430 1203 φησὶ,
463 1124 601 1186 κατὰ
626 1123 720 1188 τὰς
771 1123 956 1186 κοινὰς
1006 1123 1210 1188 ἐννοίας
1275 1123 1576 1202 ὑπολάϐῃς,
1609 1127 1714 1201 ὅτι,
1743 1128 1923 1205 ὥσπερ

265 1214 330 1269 τὸ
364 1214 564 1278 σκότος
595 1213 779 1272 λύεται
813 1213 974 1291 φωτὶ,
1005 1215 1092 1270 καὶ
1131 1212 1370 1288 μάλιστα
1398 1215 1598 1290 πολλῷ
1629 1238 1640 1252 ο
1675 1219 1709 1288 ἢ
1745 1217 1924 1294 ὥσπερ

266 1304 302 1376 ἡ
368 1301 636 1380 ἀγνωσία,
685 1302 810 1376 ἥτις
867 1303 956 1358 καὶ
1015 1301 1150 1373 αὐτή
1211 1304 1404 1370 σκότος
1483 1306 1617 1377 ἐστὶ,
1672 1307 1920 1380 παύεται,

264 1392 530 1467 γνώσεων
575 1391 664 1448 καὶ
717 1393 955 1464 μάλιστα
1003 1391 1228 1448 πολλῶν
1285 1392 1718 1470 ἐπιγενομένων
1776 1395 1922 1455 οὕτω

260 1481 353 1540 καὶ
419 1483 454 1551 ἡ
509 1480 644 1539 κατᾶ
691 1481 820 1538 Θεὸν
897 1481 1134 1560 ἀγνωσία
1187 1476 1331 1540 ἔοικε
1375 1487 1445 1556 τῇ
1495 1486 1631 1544 κατά
1685 1484 1918 1559 ἀμαθίαν

260 1569 532 1648 ἀγνωσία,
580 1569 656 1635 ὡς
695 1565 925 1649 ἔφημεν.
956 1572 1117 1634 Ἀλλ’
1152 1572 1264 1648 ὅσῳ
1309 1575 1599 1653 φωτίζεταί
1646 1596 1729 1642 τις
1775 1576 1921 1650 παρὰ

261 1664 426 1732 Θεοῦ,
449 1659 542 1718 καὶ
574 1659 684 1734 ὅσῳ
712 1682 796 1731 τις
830 1661 1042 1740 συνάγει
1072 1668 1269 1741 γνῶσιν
1301 1668 1407 1720 τῶν
1442 1659 1634 1735 ὄντων,
1673 1665 1919 1725 τουτέστι

259 1751 361 1820 τήν
422 1751 548 1826 περὶ
605 1753 714 1808 τῶν
769 1745 935 1812 ὄντων
987 1750 1076 1808 καί
1127 1756 1354 1829 νοερῶν,
1396 1754 1642 1826 τοσούτῳ
1702 1751 1914 1827 μᾶλλον

264 1836 576 1901 ἀναϐαίνων
635 1841 761 1915 περὶ
815 1841 916 1914 τήν
973 1846 1172 1918 γνῶσιν
1225 1843 1324 1911 τὴν
1355 1843 1480 1917 περὶ
1530 1843 1677 1914 Θεὸν,
1711 1845 1916 1919 γνώσει
1946 1881 1994 1950 Β

273 1949 293 1950 7
324 1949 327 1950 ,
413 1931 466 1950 κς
565 1928 579 1948 9
652 1949 655 1950 ,
720 1927 752 1950 ,\
823 1932 833 1950 I
859 1929 871 1950 Ι
998 1928 1027 1950 ,ν
1175 1933 1189 1950 9
1356 1931 1366 1950 1
1509 1934 1521 1950 \
1699 1932 1712 1950 \
1769 1941 1798 1950 Α
1839 1936 1852 1950 \

265 1949 354 1984 ται
406 1931 504 1998 τήν
554 1927 960 2004 ἀκαταληψίαν,
989 1928 1115 2001 ἤτοι
1165 1931 1431 2008 ἀγνωσίαν
1462 1934 1561 2002 τήν
1593 1932 1715 2009 περὶ
1763 1936 1916 2006 Θεὸν,

268 2022 388 2095 φῶς
440 2017 575 2076 εἶναι
633 2019 721 2076 καὶ
778 2023 976 2094 γνῶσιν
1039 2021 1169 2094 ὑπὲρ
1230 2022 1400 2078 πάντα
1454 2020 1521 2078 τὰ
1565 2022 1867 2098 γνωσθέντα
1901 2045 1915 2060 ο

265 2106 356 2163 καὶ
393 2106 594 2164 λοιπὸν
640 2111 768 2183 σιγῇ
817 2113 952 2182 τιμᾷ
1003 2110 1101 2178 τὴν
1141 2109 1265 2184 περὶ
1314 2110 1441 2168 Θεὸν
1497 2110 1742 2188 ἀφασίαν.
1775 2113 1916 2170 Οὐκ-

266 2193 361 2252 οὖν
400 2197 466 2253 οὐ
499 2197 636 2256 κατά
665 2196 914 2274 στέρησιν
947 2200 1200 2276 γνώσεως
1253 2198 1468 2275 λέγεται
1516 2202 1550 2270 ἡ
1599 2202 1723 2276 περὶ
1782 2206 1915 2260 Θεοῦ

261 2285 531 2362 ἀγνωσία,
583 2284 731 2348 ἀλλὰ
781 2288 898 2344 καθ’
961 2289 1244 2366 ὑπεροχήν
1297 2289 1475 2360 πάσης
1510 2290 1780 2366 γνώσεως,
1832 2291 1914 2348 ὅτι

258 2372 401 2451 ἔγνω
433 2397 522 2443 τις
552 2374 614 2432 τὸ
641 2380 771 2432 πᾶσι
802 2376 894 2436 καὶ
961 2377 1134 2450 ἑαυτῷ
1191 2377 1467 2453 ἄγνωστόν
1525 2399 1582 2433 τε
1636 2378 1724 2434 καὶ
1783 2381 1914 2436 ἀκα-

257 2464 570 2536 τάληπτον.
603 2467 786 2528 Ταῦτα
841 2464 930 2524 καὶ
987 2465 1039 2521 ἒν
1087 2471 1168 2540 τῷ
1222 2467 1456 2543 δευτέρῳ
1496 2467 1777 2546 κεφαλαίῳ
1818 2474 1914 2526 τοῦ

2039 596 2207 651 edere
2238 596 2400 653 novit
2431 597 2783 669 anima,qu:e
2815 616 2876 654 se
2908 602 3230 671 gratiosam
3267 604 3521 660 reddidit
3548 605 3685 675 Deo,

2039 689 2212 757 atque
2246 685 2582 741 amabilem.
2617 687 2776 743 Idem
2813 705 3019 745 rursus
3053 707 3066 745 :
3103 691 3347 748 Proinde
3385 694 3457 749 ab
3507 695 3578 752 iis
3626 697 3687 753 in

2038 790 2234 829 sacras
2265 774 2486 830 litteras
2519 777 3044 834 commentationes
3077 781 3336 836 eduntur
3365 782 3690 854 ﬁgurativis

2038 862 2334 935 allegoriis
2353 865 2953 936 adopertaz.Universa
2974 867 3263 940 siquidem
3289 872 3514 928 sanctio
3544 874 3689 946 legis

2038 969 2151 1008 non
2185 952 2475 1009 absimilis
2504 971 2632 1010 esse
2663 955 2792 1012 istis
2825 961 3099 1014 censetur
3129 958 3388 1030 cuipiam
3421 962 3687 1030 animali,

2035 1041 2189 1112 quod
2223 1041 2481 1114 corporis
2511 1041 2634 1097 vice
2666 1042 2875 1099 habeat
2906 1043 3241 1100 sanctiones
3274 1047 3475 1117 posita:
3503 1048 3685 1122 legis;

2034 1130 2291 1185 animam
2323 1134 2516 1186 autem
2552 1131 3012 1203 interpretantur
3043 1133 3394 1191 invisibilem
3421 1153 3683 1210 sensum,

2033 1218 2143 1274 sub
2165 1218 2464 1274 involucro
2487 1219 2810 1276 dictionum
2835 1222 2956 1278 sive
2979 1222 3182 1278 litteris
3214 1225 3508 1283 introrsus
3540 1228 3686 1284 deli-

2031 1312 2563 1380 tescentem,quem
2600 1310 2699 1364 ubi
2733 1311 2987 1381 primum
3022 1313 3197 1384 coepit
3225 1330 3506 1386 generose
3535 1319 3682 1374 emi-

2032 1401 2352 1469 nenterque
2381 1398 2764 1470 contemplari
2796 1400 3072 1456 familiari
3103 1404 3360 1472 quadam
3383 1410 3439 1460 et
3459 1407 3569 1462 sibi
3593 1423 3682 1463 co-

2030 1490 2204 1559 gnata
2238 1487 2396 1555 luce;
2433 1488 2671 1558 perinde
2702 1491 2811 1553 est,
2845 1505 2910 1544 ac
2941 1489 2991 1545 si
3034 1491 3355 1563 perspiciat
3402 1495 3677 1552 eximiam

2027 1574 2218 1648 ipsam
2252 1575 2674 1632 sententiarum
2700 1576 3199 1649 pulchritudinem
3221 1597 3350 1638 sese
3373 1598 3475 1653 per
3494 1585 3682 1644 nomi-

2028 1681 2170 1720 num
2183 1663 2360 1720 veluti
2377 1665 2682 1737 speculum
2699 1671 3240 1738 repraesentantem.
3258 1670 3425 1728 Bthe:
3440 1672 3678 1743 quidem

2027 1769 2096 1810 ex
2124 1753 2388 1820 Philone,
2412 1771 2542 1827 qua
2571 1756 2641 1812 de
2674 1755 3036 1828 therapeutis
3064 1759 3284 1830 scripto
3317 1761 3593 1833 prodidit,
3617 1763 3677 1820 in

2026 1842 2243 1916 quibus
2275 1860 2431 1900 unus
2454 1843 2549 1900 hic
2570 1843 2745 1902 Caius
2777 1849 3121 1902 numeratur
3150 1848 3221 1903 ad
3255 1851 3678 1922 quemgepisto-

2026 1931 2143 1990 lam
2159 1936 2506 2003 praesentem
2519 1933 3142 2004 transmittitsanctus,
3163 1936 3366 1994 dicens
3393 1955 3406 1995 :
3432 1941 3675 2005 Quando

2028 2024 2352 2079 secundum
2382 2039 2509 2091 nos,
2535 2025 2786 2080 tenebras
2820 2024 2959 2096 ipsa:
2991 2025 3236 2097 privatio
3265 2029 3531 2099 quaedam
3563 2033 3672 2096 est;

2026 2115 2250 2178 contra,
2281 2111 2400 2180 lux,
2435 2111 2673 2168 habitus
2706 2129 2719 2169 :
2749 2129 3115 2186 consequens
3136 2121 3226 2172 est
3255 2116 3445 2175 lucem
3477 2118 3670 2190 ipsam

2026 2219 2145 2260 non
2163 2217 2505 2258 evanescere
2524 2202 2898 2258 tenebrarum
2927 2204 3204 2274 adventu,
3226 2205 3344 2261 imo
3376 2205 3672 2265 infusione

2024 2291 2173 2347 lucis
2203 2291 2342 2363 ipsas
2370 2291 2670 2361 disparent
2700 2293 2949 2348 tenebrae
2999 2310 3012 2348 :
3064 2293 3358 2365 siquidem
3408 2296 3675 2353 absentia

2024 2379 2173 2436 lucis
2203 2395 2332 2435 sese
2361 2379 2847 2437 circumfundunt
2876 2381 3171 2451 tenebrae;
3214 2399 3328 2438 non
3379 2383 3516 2439 item
3571 2402 3675 2456 per

2025 2467 2355 2526 absentiam
2387 2469 2766 2526 tenebrarum
2819 2469 3084 2524 succedit
3132 2468 3252 2526 lux.
3308 2470 3469 2526 Idem
3519 2472 3675 2529 244

255 2556 389 2629 Περί
422 2553 584 2615 θείων
617 2553 900 2628 ὀνομάτων
935 2553 1168 2632 ε’ίρηται.

2032 2573 2264 2630 prorsus
2296 2556 2398 2614 tibi
2430 2556 2880 2630 intelligendum
2907 2557 2976 2612 de
3002 2557 3334 2629 ignorantia
3355 2563 3411 2616 et
3433 2561 3680 2617 scientia

253 2645 342 2704 vel
373 2644 735 2717 cognitione.
767 2645 1034 2718 Cognitic
1063 2647 1219 2707 enim
1250 2647 1489 2706 habitus
1524 2650 1634 2716 est,
1667 2646 1913 2717 privatio
1944 2653 2139 2704 autem
2172 2645 2521 2718 cognitionis
2564 2646 2920 2717 ignorantia.
2951 2645 3079 2702 Jam
3130 2648 3366 2718 quando
3415 2649 3682 2706 absentia

255 2735 623 2808 cognitionis
669 2734 861 2808 ipsam
893 2737 1307 2808 quadantenus
1338 2737 1769 2809 ignorationem
1804 2739 2201 2810 representat,
2233 2736 2386 2792 sicut
2417 2740 2473 2792 et
2500 2735 2641 2807 ipsas
2672 2735 2930 2794 tenebrae
2961 2737 3214 2793 secessio
3246 2737 3397 2794 lucis
3428 2742 3549 2807 est;
3585 2755 3680 2795 se-

256 2825 474 2897 quitur
506 2823 748 2885 omnino
780 2826 1092 2897 prmsentia
1119 2827 1474 2900 cognitionis
1508 2826 1750 2885 dissolvi
1781 2826 2210 2898 ignorantiam;
2243 2829 2583 2897 quantoque
2613 2841 2676 2882 se
2724 2825 2998 2897 copiosus
3046 2825 3146 2881 lux
3193 2827 3459 2896 effundit,
3511 2831 3677 2890 tanto

255 2929 508 2986 pessum
558 2917 702 2974 cunt
748 2916 936 2988 magis
984 2917 1234 2974 tenebris
1283 2921 1341 2974 et
1389 2916 1827 2974 exinaniuntur.
1880 2916 2144 2974 Similem
2193 2915 2254 2977 in
2286 2916 2550 2986 modum,
2582 2930 2700 2986 quo
2733 2915 2969 2971 uberior
2998 2916 3166 2972 adest
3196 2931 3364 2988 seges
3396 2916 3681 2989 cognitio-

257 3019 428 3070 num,
462 3002 576 3062 hoc
607 3005 798 3076 magis
831 3005 1168 3064 exinanitur
1196 3007 1507 3078 ignoratio.
1537 3008 1668 3064 Jam
1703 3006 1847 3065 mihi
1886 3006 2036 3076 vide,
2088 3005 2227 3078 quia
2275 3021 2391 3062 non
2442 3002 2656 3060 multas
2703 3003 2850 3060 dixit
2899 3003 3082 3071 luces,
3132 3005 3232 3061 sed
3281 3004 3533 3062 multam
3583 3005 3681 3060 lu-

257 3109 426 3162 cem;
480 3109 601 3151 una
644 3094 937 3166 siquidem
973 3094 1093 3164 lux,
1127 3095 1251 3153 sive
1281 3113 1343 3153 se
1373 3096 1474 3153 illa
1505 3097 1820 3165 remiserit,
1854 3097 1974 3154 sive
2006 3112 2068 3153 se
2096 3095 2412 3154 intenderit
2441 3093 2653 3150 fusius.
2687 3092 2919 3162 Contra,
2951 3109 3067 3150 non
3099 3093 3350 3150 multam
3383 3094 3675 3166 cognitio-

259 3197 423 3255 nem,
455 3182 561 3240 sed
594 3182 814 3243 multas
842 3184 990 3241 dixit
1018 3185 1406 3257 cognitiones.
1454 3186 1601 3246 Nam
1654 3187 1890 3260 quando
1943 3185 2199 3258 cognitio
2248 3187 2338 3240 est
2383 3200 2582 3240 eorum
2636 3199 2763 3255 quas
2813 3182 2864 3238 vi
2913 3182 3307 3254 cognoscitiva
3351 3183 3677 3255 apprehen-

259 3271 510 3342 duntur,
543 3273 854 3344 ejusmodi
906 3277 1103 3330 autem
1150 3275 1232 3330 sic
1284 3276 1472 3332 multa
1503 3279 1662 3347 sunt,
1697 3280 1763 3334 ut
1787 3274 1947 3336 nullo
1979 3278 2198 3347 queant
2228 3272 2633 3330 circumscribi
2665 3272 2780 3328 fine
2812 3287 2825 3330 :
2860 3288 3220 3342 consequens
3251 3272 3428 3328 fuerit
3458 3272 3680 3328 multas

261 3378 389 3418 esse
425 3362 812 3435 cognitiones,
847 3364 966 3420 imo
996 3363 1278 3420 infinitas.
1315 3366 1395 3420 Ad
1429 3365 1550 3420 haec
1591 3366 1938 3438 neutiquam
1988 3365 2133 3422 dixit
2179 3362 2425 3421 multam
2477 3362 2893 3434 cognitionem,
2945 3362 3098 3434 quod
3151 3361 3405 3433 cognitio
3452 3362 3677 3418 medio-

253 3452 444 3511 critas
493 3453 759 3524 quaedam
811 3453 910 3525 sit,
963 3458 1028 3511 ut
1076 3455 1373 3526 utrimque
1423 3455 1635 3512 habeat
1681 3460 1963 3528 tanquam
2011 3454 2152 3512 vitia
2199 3453 2607 3510 remissionem
2639 3456 2696 3508 et
2725 3451 3138 3509 intensionem.
3170 3452 3239 3508 Et
3268 3451 3406 3507 hinc
3439 3451 3679 3522 quidem

258 3543 689 3616 ignorantiam,
723 3542 884 3600 illinc
914 3559 1048 3600 vero
1081 3544 1470 3616 dispescimus
1510 3544 1910 3601 curiositatem
1954 3543 2201 3613 sciendi,
2251 3559 2375 3613 quis
2429 3541 2616 3598 multa
2666 3540 2870 3612 utique
2919 3540 3175 3612 cognitio
3223 3540 3340 3596 dici
3371 3539 3580 3612 possit.
3607 3538 3681 3594 Ut

259 3631 448 3704 igitur
477 3632 682 3690 multa
711 3633 1073 3704 cognitiones
1106 3634 1272 3707 quasi
1303 3633 1739 3690 mediocritates
1774 3651 1951 3690 unam
1985 3633 2350 3690 constituunt
2379 3630 2774 3703 prudentiam,
2818 3630 2902 3685 sic
2949 3628 3282 3698 complures
3329 3627 3679 3699 ignorantiae

259 3721 584 3782 stultitiam
616 3723 853 3794 pariunt
885 3739 1087 3792 unam,
1120 3730 1174 3780 et
1205 3723 1406 3781 multa:
1438 3723 1810 3781 curiositates
1839 3723 2159 3780 vafriciem.
2192 3721 2354 3784 Quod
2386 3720 2564 3791 igitur
2591 3717 2857 3790 praesenti
2887 3716 3012 3772 loco
3041 3716 3268 3772 inducit
3300 3720 3487 3782 Pater,
3539 3732 3675 3786 pro-

255 3810 510 3877 vidc,ne
533 3811 703 3881 juxta
732 3827 1105 3868 communem
1137 3812 1590 3885 intelligentiam
1625 3813 1914 3885 acceperis
1946 3808 2700 3876 dictum.Quemadmodnm
2732 3806 2886 3862 enim
2920 3805 3170 3860 tenebris
3201 3803 3498 3860 infusione
3528 3802 3679 3860 lucis

258 3899 694 3968 diaolvuntur,
727 3900 904 3972 idque
935 3901 1214 3970 maxime,
1238 3901 1290 3957 si
1321 3901 1814 3974 quamplurimem
1849 3900 1995 3958 lucis
2025 3897 2327 3955 emicuerit
2358 3913 2371 3952 :
2407 3897 2695 3966 aut,sicut
2724 3893 3057 3965 ignorantia
3087 3895 3239 3964 (qua:
3269 3897 3328 3948 et
3356 3892 3488 3963 ipsa
3518 3895 3677 3948 tene-

257 3987 386 4044 bris
416 3987 706 4044 assimilis
737 3989 848 4060 est)
878 3988 1094 4046 desinit
1121 4006 1252 4046 esse
1277 3990 1528 4049 adventu
1563 3989 1983 4062 cognitionum,
2012 3987 2331 4060 praesertim
2365 3985 2413 4041 si
2445 3982 2744 4040 cumulate
2774 3980 3136 4052 ingruerint:
3163 3981 3234 4036 ad
3266 3996 3400 4036 eum
3435 3980 3678 4036 modum

260 4093 394 4149 quae
426 4077 757 4134 secundum
789 4077 974 4134 Deum
1007 4082 1096 4136 est
1125 4078 1436 4151 ignoratio,
1465 4079 1516 4134 ei
1549 4080 1778 4135 videtur
1806 4095 1921 4135 non
1955 4075 2284 4144 dissimilis,
2319 4082 2377 4130 ul
2402 4075 2528 4146 jam
2562 4072 2782 4128 dictum
2816 4070 2986 4127 nobis
3017 4074 3129 4138 est,
3161 4086 3286 4140 quis
3318 4085 3421 4141 per
3449 4068 3682 4141 imperi-

257 4167 404 4221 tiam
440 4171 614 4236 atque
645 4165 961 4223 ruditatem
995 4168 1110 4224 dici
1140 4167 1290 4224 solet
1319 4169 1672 4240 ignorantia.
1706 4168 1990 4224 Caeterum
2023 4169 2240 4239 quanto
2272 4164 2400 4235 quis
2423 4182 2453 4218 a
2479 4165 2588 4218 Deo
2611 4161 2947 4216 illustratur
2967 4157 3286 4230 copiosius,
3320 4158 3682 4214 uberiorem-

261 4274 383 4331 que
415 4256 528 4312 sibi
559 4255 832 4312 conciliat
857 4272 1057 4313 eorum
1091 4274 1218 4329 qua:
1249 4262 1389 4313 sunt
1414 4258 1807 4330 cognitionem
1841 4275 1853 4313 :
1891 4258 1961 4311 de
1994 4255 2084 4311 his
2117 4254 2398 4309 nimirum
2430 4270 2562 4324 quas
2592 4250 2952 4316 aubststunt,
2984 4265 3179 4320 quaeve
3210 4246 3517 4303 intellectu
3553 4262 3676 4317 per-

254 4346 567 4418 cipiuntur
599 4362 614 4400 :
651 4345 702 4402 is
731 4362 846 4417 quo
876 4345 1194 4404 sublimius
1223 4347 1294 4402 ad
1329 4347 1632 4403 scientiam
1667 4346 1932 4403 ascendit
1960 4361 2162 4401 eorum
2195 4360 2320 4416 qua:
2353 4343 2425 4398 ad
2464 4341 2564 4397 Dei
2613 4340 3009 4411 cognitionem
3060 4335 3386 4410 provehunt
3436 4352 3449 4391 :
3500 4337 3661 4389 tanto

253 4434 664 4510 perspicacius
691 4433 978 4508 intelliget
1006 4437 1378 4507 majestatem
1410 4437 1510 4492 Dei
1544 4435 1687 4492 nulli
1717 4434 2305 4507 comprehensibilem
2336 4448 2464 4488 esse
2494 4435 2797 4487 creaturae.
2829 4430 2987 4484 Idem
3019 4443 3231 4482 rursus
3261 4440 3390 4481 eam
3441 4422 3682 4492 ignora-

222 4577 226 4579 ,
255 4526 512 4594 tionem,
540 4540 673 4596 qua
704 4525 774 4580 ad
808 4525 1196 4596 perfectiones
1228 4527 1299 4582 de
1327 4532 1444 4582 Deo
1474 4526 1660 4582 dictas
1709 4528 1976 4594 refertur,
2029 4523 2332 4580 verissime
2380 4537 2508 4577 esse
2558 4520 2758 4575 lumen
2808 4516 3106 4588 percipiet,
3156 4511 3674 4584 cognitionemque

256 4619 475 4670 cetera
504 4613 924 4684 cognoscibilia
953 4616 1482 4671 transcendentem.
1521 4615 1782 4686 Denique
1813 4615 1964 4670 hanc
1996 4629 2164 4670 suam
2195 4613 2265 4667 de
2305 4611 2407 4666 Dei
2450 4606 2908 4681 perfectionibus
2956 4601 3416 4672 ineloquentiam
3466 4613 3669 4654 secum

257 4702 486 4758 tacitus
535 4701 754 4758 honore
802 4703 1094 4776 precipuo
1142 4704 1380 4777 dignam
1434 4704 1612 4759 ducit.
1657 4703 2005 4760 Nullatenus
2033 4701 2214 4774 igitur
2239 4699 2530 4772 ejusmodi
2562 4699 2631 4752 de
2662 4698 2778 4752 Deo
2807 4694 3145 4768 ignorantia
3175 4687 3558 4777 intelligenda
3583 4691 3678 4744 est

257 4794 361 4850 hic
392 4793 535 4863 dici,
559 4795 715 4866 quod
747 4794 1064 4866 privatoria
1094 4795 1174 4851 sit
1202 4776 1588 4868 Cognitionis;
1614 4796 1804 4868 magis
1826 4811 1959 4850 vero
1991 4798 2228 4865 propter
2257 4791 2528 4848 eximiam
2553 4794 2729 4860 atque
2757 4786 3202 4858 exsuperantem
3237 4776 3678 4868 praerogativam

257 4883 452 4938 totius
484 4864 764 4955 scientias,
798 4899 914 4955 qua
943 4884 1073 4956 quis
1106 4864 1634 4956 nosse'promeruit
1664 4864 1743 4953 id:
1776 4884 1931 4954 quod
1966 4864 2239 4937 omnibus
2271 4879 2502 4950 sibique
2532 4876 2896 4949 incognitum
2933 4875 3126 4929 manet
3148 4875 3204 4926 et
3231 4864 3682 4938 incomprehen-

259 4971 461 5029 sibile.
497 4975 572 5027 Et
606 4970 726 5028 hac
756 4972 998 5043 quidem
1030 4973 1218 5046 capite
1249 4976 1503 5030 secundo
1533 4973 1858 5030 Divinarum
1886 4974 2174 5028 nominum
2205 4969 2490 5041 explicata
2519 4971 2678 5023 sunt.

333 5099 527 5155 Ταῦτα
573 5095 777 5171 τοίνυν,
808 5097 868 5152 τὸ
924 5099 1116 5160 σκότος
1167 5098 1311 5178 φημὶ
1355 5099 1444 5153 καὶ
1487 5100 1584 5168 τήν
1627 5098 1918 5174 ἀγνωσίαν,

2103 5095 2254 5155 245
2289 5100 2418 5152 Haec
2448 5095 2650 5167 igitur,
2681 5090 2952 5147 tenebras
2985 5086 3112 5142 dico
3145 5087 3201 5140 et
3249 5079 3678 5178 ignorationem

257 5182 823 5263 ὗπεροχικῶς,ἆλλὰ
883 5187 958 5259 μὴ
1024 5187 1162 5261 μετᾶ
1221 5185 1469 5262 στέρησιν
1531 5181 1796 5259 ἐκλαϐὼν,
1830 5184 1919 5242 ὅτε

255 5275 391 5348 περὶ
441 5277 577 5329 Θεοῦ
637 5269 1001 5348 ἐκλαμϐάνεις
1056 5279 1242 5346 ταῦτα,
1303 5274 1585 5350 ἀπόφησον
1643 5275 1920 5350 ὕπεραλη-

255 5365 394 5432 θῶς,
439 5360 701 5433 δηλονότι
748 5361 866 5417 sine
912 5368 1138 5440 τρανῶς.
1200 5360 1421 5432 Ἐπειδὴ
1465 5363 1567 5440 γὰρ
1623 5367 1789 5420 ταῦτα
1831 5363 1920 5416 καὶ

260 5453 404 5528 ὑπὲρ
437 5453 468 5506 ’ὁ
500 5451 721 5506 ἐνταῦθά
752 5453 878 5526 εἶσι,
908 5456 1163 5508 νοοῦνται
1195 5452 1367 5508 ἐκεῖσε
1399 5475 1410 5488 ·
1440 5451 1528 5508 καὶ
1562 5453 1588 5506 ὁ
1621 5453 1742 5528 περὶ
1793 5452 1921 5507 τού-

259 5563 378 5595 των
419 5539 584 5616 λόγος
612 5540 720 5614 οὐχ
752 5540 937 5603 ἁπλῶς
958 5540 1221 5612 ἀληθινὸς
1253 5540 1415 5617 λόγος
1459 5537 1624 5608 ἔσται,
1658 5541 1804 5596 ἀλλὰ
1832 5541 1919 5595 καὶ

269 5632 414 5705 ὑπὲρ
445 5633 608 5684 τοῦτο
638 5630 700 5684 τὸ
733 5627 991 5700 ἀληθιτὸν
1019 5631 1365 5704 μιμουμένου
1395 5634 1491 5684 τοῦ
1525 5626 1693 5704 λόγου
1723 5632 1784 5684 τὸ
1813 5634 1918 5684 τῶν

263 5720 616 5794 πραγμάτων
678 5719 1010 5794 ὑπεροχικόν
1047 5739 1058 5754 υ
1102 5723 1263 5774 τοῦτο
1313 5720 1416 5794 γάρ
1459 5717 1569 5773 ἐστι
1607 5719 1668 5772 τὸ
1720 5720 1924 5794 ὑπερα-

2030 5185 2462 5258 superimenter
2517 5199 2648 5237 cum
2710 5175 3088 5241 intellexeris,
3140 5189 3265 5258 non,
3304 5171 3445 5225 item
3491 5167 3684 5258 privaf

2033 5256 2182 5330 torie
2228 5274 2296 5330 de
2347 5273 2462 5327 Deo
2513 5268 2624 5324 dici
2676 5284 2689 5322 :
2747 5264 3029 5339 ἀπόφησον
3081 5256 3442 5332 ὕπεραληθῶς
3490 5256 3548 5312 id
3597 5257 3687 5311 est

2035 5362 2279 5418 enuntia
2336 5358 2662 5428 verissime,
2711 5354 2803 5410 die
2860 5351 3086 5407 scilicet
3140 5349 3371 5424 τρανῶς,
3430 5345 3541 5401 hoc
3601 5350 3688 5399 est

2037 5452 2313 5516 dilucide,
2333 5447 2657 5521 perspicue.
2682 5445 2825 5500 Nam
2850 5440 3085 5511 quando
3107 5440 3249 5501 haec,
3274 5451 3456 5507 supra
3476 5432 3689 5489 etiam-

2039 5558 2177 5598 num
2203 5554 2379 5610 quam
2405 5537 2498 5590 hic
2522 5538 2684 5602 sunt,
2718 5531 3131 5602 intelliguntur
3152 5544 3214 5582 se
3237 5525 3355 5580 illic
3383 5521 3690 5578 verissime

2040 5631 2289 5694 habere;
2324 5625 2539 5698 quique
2572 5625 2643 5679 de
2675 5623 2768 5678 his
2816 5635 3008 5676 sermo
3062 5623 3170 5684 est,
3226 5633 3338 5672 non
3387 5617 3689 5679 utcunque

2041 5736 2212 5775 verus
2245 5717 2322 5773 sit
2353 5731 2563 5784 sermo;
2598 5712 2737 5784 quin
2773 5714 2976 5781 praeter
3005 5708 3134 5774 hoc,
3168 5705 3464 5760 veritatem
3497 5713 3685 5770 quan-
