4004 6200
303 384 406 439 439

305 522 666 588 tamcunque
689 517 872 571 nostri
897 516 1175 570 imitatitii
1211 516 1500 572 sermonis
1527 517 1653 588 ipsa
1686 515 1960 586 praecellit

2083 512 2256 581 ληθῶς
2307 512 2488 590 ἀπόφη
2498 533 2587 567 σον
2622 531 2637 545 '

307 622 502 661 rerum
539 605 903 675 magnitudo.
939 609 1053 659 Iloc
1089 605 1302 660 etenim
1359 603 1630 658 insinuat
1679 599 1957 678 ἀπόφησον

309 691 692 768 ὖπεραληθῶς.
727 693 955 756 Quanto
1005 694 1160 748 enim
1213 693 1348 764 quis
1397 694 1645 748 sortitus
1695 698 1784 747 est
1833 707 1961 746 am-

312 785 557 855 pliorem
584 799 777 837 rerum
811 782 1104 852 notitiam,
1141 781 1448 854 lucemque
1483 782 1812 837 effusiorem
1838 780 1962 852 (ait)

315 870 764 942 intelligentiam
788 869 1056 926 videlicet
1084 871 1365 940 veritatis,
1399 870 1449 926 is
1471 874 1633 925 tanto
1667 869 1961 942 perspica-

318 961 443 1016 cius
466 959 751 1032 intelliget
777 959 1068 1030 ignotiora
1089 975 1236 1027 esse,
1265 977 1389 1030 quae
1415 959 1485 1014 de
1516 965 1629 1014 Deo
1662 959 1960 1014 dicuntur.

317 1050 443 1104 Non
475 1047 630 1103 enim
663 1047 750 1103 vel
782 1047 1006 1102 lumine
1037 1047 1335 1119 quopiam,
1387 1048 1475 1104 vel
1526 1047 1854 1118 cognitione
1897 1063 1966 1102 ea

317 1136 825 1208 elucescunt,quin
855 1151 1053 1190 eorum
1073 1136 1267 1207 potius
1293 1137 1523 1208 fugiunt
1546 1137 1961 1208 cognitionem,

317 1226 420 1296 qui
453 1225 660 1280 talium
696 1224 1167 1295 qualemcunque
1207 1225 1476 1280 notitiam
1527 1224 1749 1296 indepti
1803 1228 1963 1279 sunt.

317 1315 448 1385 Ipsa
479 1329 711 1384 quoque
744 1312 1106 1383 quantalibet
1140 1314 1426 1384 promotio
1450 1319 1506 1368 et
1537 1314 1964 1368 incrementum

313 1403 370 1456 in
406 1401 753 1467 his,lumine
786 1401 915 1455 dico
939 1403 1369 1473 etcognitione,
1401 1403 1657 1456 divinam
1694 1401 1967 1471 majesta-

263 1497 267 1505 '
317 1495 435 1546 tem
470 1490 778 1561 perspicue
809 1488 1106 1544 declarant
1138 1489 1494 1545 invisibilem
1531 1507 1680 1555 esse,
1714 1493 1772 1544 et
1823 1489 1968 1543 nulli

316 1582 593 1634 creaturae
640 1593 1062 1648 usquequaque
1123 1578 1512 1648 cognobilem.
1564 1580 1762 1650 Neque
1811 1579 1968 1633 enim

317 1667 734 1723 exinaniantur
766 1667 1057 1737 ejusmodi
1093 1668 1350 1723 tenebrze
1377 1668 1432 1722 in
1467 1672 1584 1723 tam
1618 1669 1804 1723 multa
1841 1667 1970 1722 luce

319 1757 493 1811 istius
519 1759 670 1828 (quas
691 1757 848 1811 circa
868 1773 1085 1811 numen
1118 1758 1229 1826 est)
1263 1757 1753 1823 veritatis,verum
1787 1757 1970 1811 unde-

323 1861 555 1916 cunque
587 1846 714 1899 luce
761 1843 890 1915 ipsa
939 1843 1321 1914 operiuntur;
1373 1850 1546 1916 atque
1598 1844 1736 1899 hinc
1789 1843 1973 1898 scitur
2005 1881 2051 1946 Β

323 1933 540 2002 verius,
576 1933 716 2004 quia
753 1933 1004 1988 tenebrze
1036 1937 1194 2000 sunt,
1231 1934 1466 2005 quando
1490 1948 1726 1989 omnem
1759 1933 1828 1988 de
1862 1937 1973 1988 Deo

325 2023 720 2094 cognitionem
753 2022 1128 2077 obumbrant.
1162 2021 1269 2077 Ubi
1304 2022 1483 2094 igitur
1527 2022 1786 2094 primum
1837 2038 1974 2078 con-

323 2111 617 2167 currerint
648 2127 747 2177 eae,
778 2128 906 2182 qua)
939 2111 1009 2167 de
1036 2111 1444 2182 intelligentiis
1475 2111 1789 2179 habentur,
1822 2111 1973 2166 noti-

327 2201 440 2270 tiae,
466 2217 578 2255 non
603 2200 878 2255 continuo
901 2201 1130 2273 aufugit
1153 2201 1502 2273 ignorantia,
1539 2201 1637 2257 sed
1673 2205 1980 2272 permanet

325 2307 535 2345 arcana
562 2306 827 2360 prorsus,
861 2307 1218 2362 omnemque
1249 2291 1535 2361 effugiens
1557 2290 1976 2361 cognitionem,

325 2394 617 2449 nusquam
652 2379 955 2446 secedens,
991 2379 1093 2434 sed
1127 2378 1428 2446 restitans,
1459 2396 1524 2435 ac
1551 2379 1820 2434 evincens
1851 2395 1979 2434 om-

324 2470 488 2524 nium
513 2467 1099 2538 cognitionem,aliud
1122 2469 1362 2524 omnino
1386 2467 1530 2523 nihil
1556 2485 1657 2538 pro
1683 2472 1980 2538 comperto

326 2559 849 2628 habentem,quam
867 2557 1018 2628 quod
1035 2558 1600 2629 supereminenterid
1619 2557 1985 2612 manetinco-

329 2647 744 2718 gnitum,quod
776 2646 1100 2718 inquiritur
1132 2647 1642 2702 maxime.ldcirco
1676 2645 1774 2718 qui
1797 2645 1982 2701 Deum

332 2735 637 2805 vidisse,et
667 2736 820 2806 quod
854 2735 1029 2799 videt,
1064 2735 1411 2790 intellixisse
1444 2735 1813 2807 praedicatur,
1865 2750 1982 2790 non

333 2826 538 2896 utique
560 2823 755 2896 ipsum
779 2824 873 2879 hic
905 2823 1049 2878 vidit
1073 2825 1249 2878 Deum
1274 2824 1477 2891 (Deum
1500 2825 1648 2879 enim
1669 2841 1828 2880 nemo
1850 2825 1988 2880 vidit

338 2931 584 2985 unquam
609 2918 706 2982 Ι³),
739 2915 839 2968 sed
866 2929 1066 2967 eorum
1091 2913 1418 2983 quidpiam,
1450 2929 1574 2980 quae
1606 2912 1758 2967 circa
1790 2912 1984 2982 ipsum

343 3007 503 3069 sunt,
525 3005 727 3071 aptave
757 3001 1115 3072 apprehendi
1149 3001 1324 3055 ductu
1362 3005 1617 3068 naturas;
1652 3001 1881 3071 quando
1913 3001 1985 3057 iis

341 3097 470 3147 tum
503 3091 739 3144 demum
773 3089 1191 3160 contingit,qui
1222 3107 1324 3160 per
1355 3106 1415 3145 se
1448 3089 1733 3146 sinceram
1771 3091 1986 3145 mentis

343 3176 824 3250 expurgationem
851 3178 1248 3248 praestiterunt
1269 3177 1636 3250 dignoslpse
1657 3196 1788 3234 vero
1809 3196 1988 3250 supra

1124 386 1489 440 APPENDIX
1529 389 1626 439 AD
1663 385 1902 440 OPERA
1940 387 1998 438 S.
2039 384 2357 439 DIONYSII
2395 383 2891 438 AREOPAGITE.

3612 388 3718 441 440

2696 510 2882 582 ἐπειδὴ
2933 511 3057 566 ὅσον
3100 534 3183 574 τις
3234 509 3371 588 ἔχει,
3421 517 3574 592 φησί,
3607 522 3717 571 τῶν

2071 599 2238 654 ὄντων
2287 603 2385 670 τήν
2437 607 2662 676 γνῶσιν,
2705 601 2794 656 καὶ
2845 602 2908 656 τὸ
2968 599 3026 655 ὃν
3087 605 3220 677 φῶς,
3265 603 3412 658 τοῦτ’
3460 600 3571 658 ἔστι
3620 612 3722 674 τῆς

2071 688 2328 759 ἀληθείας
2358 691 2456 758 τὴν
2490 686 2974 760 νὸησιν,τοσοῦτον
3003 690 3069 744 τά
3100 691 3221 763 περὶ
3253 695 3355 744 τοῦ
3375 697 3510 746 Θεοῦ
3533 689 3724 766 ὄψεται

2072 777 2317 852 ἄγνωστα
2349 797 2362 810 ⁸
2398 779 2460 833 ού
2489 779 2588 854 γὰρ
2622 783 2700 850 τῷ
2746 778 2887 854 φωτὶ
2919 780 2954 848 ἢ
2984 781 3052 853 τῇ
3086 778 3280 854 γνώσει
3337 785 3719 856 σφα-ιεροῦνται,

2071 863 2217 921 ἀλλά
2268 865 2480 940 μᾶλλον
2518 867 2644 928 τοὺς
2691 871 2860 922 ταῦτα
2885 863 3111 943 ἔχοντας
3142 866 3418 936 λανθάνει,
3445 869 3536 925 καὶ
3580 872 3618 939 ἡ
3672 868 3723 924 ἐν

2069 953 2284 1017 τούτοις
2343 953 2584 1017 ἐπίδοσίς
2637 975 2698 1010 τι
2763 954 2853 1010 καὶ
2893 953 3134 1026 αὔξησις,
3165 960 3242 1028 τῷ
3273 957 3413 1032 φωτί
3443 979 3587 1035 φημι
3633 959 3726 1012 καὶ

2076 1047 2140 1117 τῇ
2196 1044 2411 1117 γνώσει,
2443 1044 2505 1098 τὸ
2560 1048 2706 1107 θεῖον
2760 1041 2989 1098 δεικνύει
3045 1043 3261 1100 άθὲατόν
3310 1067 3368 1100 τε
3412 1047 3499 1101 καὶ
3549 1045 3730 1122 ἄγνωο

2075 1153 2219 1189 στον.
2253 1130 2392 1189 Οὖδέ
2420 1153 2526 1208 γρρ
2559 1133 2753 1209 ἀφανὲς
2804 1132 3004 1208 γίνεται
3034 1133 3095 1188 τὸ
3133 1138 3382 1189 τοιοῦτον
3427 1136 3625 1198 σκότος
3679 1136 3731 1191 ἐν

2075 1225 2155 1293 τῷ
2185 1218 2384 1293 πολλῷ
2415 1221 2552 1298 φωνὶ
2581 1228 2682 1289 τῆς
2700 1221 2826 1295 περὶ
2855 1225 3018 1276 τοῦτο
3048 1221 3312 1292 ἀληθείας
3345 1244 3358 1258 ο
3390 1222 3538 1278 ἀλλά
3566 1245 3732 1298 περι-

2076 1307 2430 1376 καλύπτεται,
2463 1307 2550 1363 καὶ
2588 1307 2800 1382 μᾶλλον
2850 1310 3197 1383 γινώσκεται,
3231 1310 3314 1365 ὅτι
3375 1311 3586 1384 σκότος,
3642 1314 3735 1367 καὶ

2077 1397 2476 1472 ἀποκρύπτεται
2525 1404 2698 1452 πᾶσαν
2748 1403 2946 1472 γνῶσιν
2979 1418 2993 1432 ⁸
3027 1397 3184 1470 ὥστε,
3217 1400 3341 1454 ὅταν
3399 1399 3734 1455 συνέλθωσιν

2077 1486 2132 1539 αἱ
2188 1485 2312 1559 περὶ
2380 1490 2488 1539 τῶν
2549 1489 2749 1557 νοερῶν
2805 1485 3059 1560 γνώσεις,
3107 1485 3206 1539 οὐκ
3260 1483 3649 1560 ἀποδιδράσκει
3701 1490 3735 1556 ἡ

2078 1577 2342 1650 ἀγνωσία,
2375 1573 2521 1630 ἀλλᾶ
2554 1573 2703 1648 μένει
2751 1575 3204 1650 ἀποκρυπτομὲνη
3244 1576 3336 1632 καὶ
3368 1573 3736 1655 διαφεύγουσα

2079 1671 2248 1720 πᾶσαν
2299 1669 2497 1740 γνῶσιν
2529 1682 2542 1697 ·
2583 1664 2690 1739 οὐχ
2726 1665 3117 1739 ὑποχωροῦσα,
3150 1664 3276 1721 ἀλλ’
3307 1664 3438 1720 οὖσα
3485 1666 3577 1720 καὶ
3633 1665 3735 1738 μὲ-

2078 1775 2264 1822 νουσα,
2295 1752 2385 1808 καὶ
2440 1758 2638 1808 νικῶσα
2692 1755 2790 1815 τὰς
2849 1754 3102 1828 γνώσεις,
3161 1752 3313 1809 οὐδὲν
3369 1753 3510 1810 ἄλλο
3557 1775 3734 1809 κατα-

2081 1838 2462 1915 λαμϐανούσας
2495 1861 2508 1873 ’
2561 1843 2596 1911 ἢ
2648 1843 2731 1897 δτι
2785 1843 3127 1918 ὑπεροχικῶς
3175 1841 3449 1918 ἄγνωπόν
3498 1841 3613 1898 ἐστι
3670 1844 3735 1897 τὸ

2083 1931 2440 2005 ζητούμενον.
2501 1931 2600 1986 Διά
2653 1935 2815 1986 τοῦτο
2861 1930 2950 1985 καὶ
3009 1933 3037 1986 ὁ
3087 1932 3214 1987 Θεὸν
3255 1931 3610 2006 θεασάμενος,
3643 1933 3737 1987 καὶ

2081 2023 2279 2091 νοήσας
2331 2022 2360 2075 ’ὁ
2413 2017 2566 2088 εἶδεν,
2621 2019 2781 2074 αὐτὸν
2837 2021 2931 2094 μὶν
2995 2021 3106 2096 οὐχ
3154 2021 3361 2095 ἑώρακε
3417 2021 3566 2095 (Θεὸν
3627 2023 3738 2097 γάρ

2124 2107 2178 2164 νδ
2213 2110 2227 2130 \
2320 2110 2380 2164 ἓν
2509 2130 2521 2136 ,
2635 2108 2648 2130 r
2849 2128 2862 2141 ,
3053 2111 3063 2128 ν
3269 2115 3296 2125 ~
3496 2111 3512 2129 ε
3615 2109 3631 2128 9
3686 2109 3701 2126 ι

2083 2132 2145 2166 ου
2185 2131 2261 2171 εις
2349 2130 2525 2184 ωρακε
2571 2112 2814 2182 πωποτε)
2923 2109 3070 2164 ἀλλα
3124 2131 3176 2164 τι
3229 2130 3336 2164 των
3387 2129 3513 2184 περι
3570 2131 3738 2164 αυτον

2085 2195 2253 2254 ὄντων
2308 2198 2397 2253 καὶ
2455 2197 2776 2276 πεφυκότων
2850 2193 3388 2272 καταλαμϐάνεσθαι,
3437 2198 3527 2253 καὶ
3609 2194 3742 2253 τὸτε

2083 2294 2198 2349 τοῖς
2230 2287 2397 2360 ἀξίοις
2431 2285 2519 2341 διὰ
2547 2288 2858 2362 καθάρσεως
2907 2287 3236 2362 γινομένοις.
3269 2288 3446 2350 Αὐτὸς
3492 2284 3552 2342 δὲ
3602 2287 3741 2362 ὑπὲρ

2085 2377 2258 2432 πάντα
2313 2381 2462 2447 νοῦν,
2520 2376 2606 2430 καὶ
2667 2381 2841 2430 πᾶσαν
2921 2375 3104 2430 οὐσίαν
3168 2372 3619 2450 ὑπεριδρυμένος.
3686 2374 3742 2430 ἐν

2087 2466 2232 2537 αὐτῷ
2283 2466 2378 2539 μὲν
2427 2469 2507 2536 τῶ
2559 2464 2634 2536 μὴ
2702 2463 2942 2519 καθόλου
2998 2465 3381 2540 γινώσκεσθαι,
3436 2464 3568 2539 ὑπὲρ
3617 2468 3748 2518 νοῦν

2087 2558 2429 2630 γινώσκεται,
2489 2553 2570 2609 ὅτι
2631 2553 2764 2630 ὑπὲρ
2820 2554 2992 2608 πάντα
3059 2551 3245 2608 ἐστίν·
3307 2553 3360 2609 ἐν
3410 2550 3468 2608 δὲ
3521 2557 3602 2626 τῷ
3666 2554 3744 2626 μή

2091 2645 2221 2700 εἶναι
2270 2643 2508 2708 καθόλου
2557 2641 2723 2698 πάλιν
2759 2661 2773 2674 ⁸
2807 2643 2869 2698 τὸ
2920 2643 3022 2719 γὰρ
3055 2643 3188 2698 εἶναι
3218 2646 3325 2698 τῶν
3357 2647 3594 2697 κτιστῶν
3629 2641 3743 2696 ἐστι

2089 2735 2310 2789 καὶτῶν
2345 2731 2615 2796 ἐλθόντων
2661 2731 2736 2794 εἷς
2768 2731 3016 2807 ὕπαρξιν.
3050 2733 3110 2790 Ὀ
3159 2729 3216 2787 δὲ
3269 2732 3400 2794 Θεὸς
3449 2732 3540 2786 καὶ
3602 2731 3744 2804 ὑπὲρ

2090 2823 2152 2878 τὸ
2198 2822 2331 2877 εἶναι
2367 2841 2381 2854 ·
2416 2819 2504 2876 διά
2551 2826 2732 2893 τοῦτο,
2764 2816 2876 2875 ἔστι
2929 2821 3046 2894 μὲν,
3096 2818 3222 2876 ἀλλ’
3256 2821 3616 2894 ὑπερουσίως,
3649 2819 3744 2875 καὶ

2092 2915 2127 2981 ἡ
2177 2911 2312 2966 κατά
2366 2912 2428 2965 τὸ
2484 2916 2726 2986 κρεῖττον
2782 2908 3057 2979 παντελὴς
3113 2909 3372 2986 ἀγνωσία.
3421 2911 3576 2982 Ὀσῳ
3633 2909 3743 2984 γάρ

2096 3000 2340 3076 ἀνάγεταί
2414 3021 2520 3068 τις,
2601 2999 2674 3060 εἷς
2757 2998 3025 3073 ἀγνωσίαν
3098 2999 3378 3072 κρείττονα
3449 3003 3741 3068 καταντᾷ’

2094 3089 2226 3159 αὕτη
2281 3092 2410 3163 γοῦν
2456 3090 2490 3157 ἠ
2539 3086 2778 3162 ἀγνωσία
2835 3087 2901 3141 οὐ
2959 3087 3208 3164 στέρησίς
3289 3086 3398 3142 ἐστι
3457 3087 3746 3162 γνώσεως.

2095 3177 2241 3234 ἀλΑά
2293 3182 2492 3253 γνῶσις
2550 3176 2890 3252 ὑπερέχουσα
2956 3177 3046 3230 καὶ
3113 3171 3606 3248 καταλαμϐάνουσα
3665 3177 3749 3238 ὡς

341 3285 575 3324 omnem
609 3274 886 3335 mentem,
919 3283 1271 3338 omnemque
1301 3267 1691 3323 substantiam
1723 3269 1974 3324 eminen-

2097 3266 2312 3345 ἐφικτὸν
2359 3267 2452 3321 τὸν
2502 3266 2650 3333 Θεὸν,
2694 3265 2776 3319 δτι
2833 3266 2965 3336 ὑπὲρ
3024 3265 3196 3320 πάντα
3257 3263 3368 3319 ἐστὶ
3435 3264 3502 3318 τά
3565 3285 3749 3338 γινω-

332 3357 563 3411 tissime
595 3355 880 3425 residens,
915 3372 982 3411 eo
1015 3355 1250 3427 quidem
1286 3357 1577 3412 astruitur
1606 3357 1768 3412 nullo
1818 3362 1985 3428 pacto
2096 3355 2352 3430 σκόμενα.

329 3442 465 3498 sciri
498 3459 688 3512 posse,
724 3445 880 3514 quod
913 3447 1170 3498 mentem
1204 3448 1458 3500 creatam
1491 3446 1905 3500 transcendere
1936 3444 2320 3518 intelligatur.
2350 3444 2577 3499 Rursus
2628 3459 2746 3516 qua
2799 3441 3088 3498 universis
3137 3457 3264 3515 quea
3313 3445 3475 3511 sunt,
3525 3457 3748 3513 super-

323 3531 565 3599 eminet,
597 3531 734 3586 hinc
765 3547 892 3587 esse
923 3532 1163 3587 omnino
1221 3537 1486 3603 negatur.
1537 3535 1860 3588 Commune
1910 3533 2201 3606 siquidem
2251 3533 2425 3589 rebus
2472 3532 2684 3588 creatis
2733 3534 2842 3602 est,
2875 3533 2932 3587 et
2975 3530 3047 3587 iis
3095 3547 3220 3602 quae
3269 3530 3343 3586 ad
3389 3530 3744 3586 substantia

322 3619 702 3693 participium
733 3625 1040 3691 venerunt,
1073 3625 1138 3676 ut
1168 3622 1318 3689 sint;
1357 3623 1505 3677 Deus
1534 3625 1728 3676 autem
1761 3637 1995 3678 omnem
2027 3621 2323 3678 conditam
2355 3620 2672 3677 essentiam
2705 3618 3103 3687 transcendit;
3135 3624 3448 3692 propterea
3477 3623 3569 3674 est
3597 3619 3738 3690 qui-

325 3709 458 3764 dem
493 3709 669 3776 Deus,
701 3708 801 3764 sed
835 3708 1306 3765 eminentissimo
1339 3724 1550 3781 genere
1580 3709 1869 3767 essentiaa.
1902 3710 2030 3766 Hine
2068 3725 2206 3765 sane
2254 3709 2540 3781 ignoratio
2581 3709 2753 3779 juxta
2801 3707 3266 3780 praetentiorem
3313 3705 3745 3779 acceptionem,

323 3798 477 3853 240
507 3798 668 3853 omni
698 3813 766 3852 ex
793 3803 957 3869 parte
989 3797 1259 3854 absoluta
1289 3802 1345 3853 et
1376 3797 1634 3870 perfecta
1681 3799 1915 3856 dicitur.
1971 3801 2197 3863 Quanto
2247 3797 2404 3854 enim
2456 3797 2793 3854 sustollitur
2839 3796 2973 3869 quis
3021 3797 3094 3852 ad
3143 3795 3245 3853 Dei
3291 3794 3748 3868 contemplatio-

324 3901 482 3951 nem,
511 3890 674 3942 tanto
707 3887 946 3958 propius
979 3886 1029 3942 is
1059 3887 1318 3942 occurrit
1349 3886 1446 3942 isti
1487 3887 1987 3960 praestantissimis
2036 3885 2414 3959 ignorationi.
2469 3885 2528 3942 Si
2576 3885 2817 3957 quidem
2864 3883 3000 3941 talis
3046 3883 3335 3958 ignoratio
3387 3881 3740 3954 neutiquam

327 3973 577 4044 privatio
627 3975 982 4045 cognitionis
1027 3980 1136 4043 est,
1189 3975 1376 4047 magis
1426 3991 1562 4032 vero
1613 3976 1868 4049 cognitio
1915 3980 2006 4031 est
2047 3973 2432 4049 precellentis
2483 3975 2794 4046 cujusdam
2843 3972 3256 4047 pmrogative,
3305 3972 3499 4045 ipsum
3549 3971 3747 4028 Deum

328 4062 642 4131 (quatenus
674 4062 880 4134 attingi
914 4064 1128 4134 potest)
1165 4063 1637 4136 apprehendens,
1670 4080 1787 4136 qua
1817 4063 2094 4136 intelligit
2117 4064 2313 4138 ipsum
2346 4063 2575 4119 cunctis
2605 4061 2882 4133 eminere,
2915 4079 3041 4134 qua
3086 4062 3144 4117 in
3194 4060 3591 4133 cognitionem
3643 4076 3750 4116 ca-

327 4150 494 4202 dunL

821 4237 890 4291 IN
931 4238 1339 4294 EPISTOLAM
1381 4241 1451 4296 Il.

393 4327 462 4381 Et
506 4325 628 4381 haec
660 4325 863 4382 multis
893 4327 1038 4381 adeo
1070 4326 1233 4398 locis,
1266 4327 1614 4382 excellenter
1643 4328 1880 4400 quidem
1911 4329 1971 4384 in

321 4431 494 4486 opere
524 4415 868 4471 Divinorum
904 4415 1212 4470 nominum
1247 4420 1558 4471 exsecutus
1589 4417 1972 4484 est,omnium

321 4505 573 4560 maxime
601 4504 732 4575 ipsa
781 4505 904 4560 haec
956 4505 1372 4575 interpretatus
1422 4506 1614 4577 capite
1665 4507 1972 4562 undecimo

2481 4245 2595 4294 ΕΙΣ
2636 4244 2778 4295 ΤΗΝ
2817 4243 3213 4294 ΕΠΙΣΤΟΛΗΝ
3253 4239 3329 4294 B’.

2155 4331 2336 4384 Ταῦτα
2367 4325 2637 4389 πολλάκις
2696 4328 2791 4400 μὲν
2824 4326 2873 4381 ἐν
2907 4331 2985 4398 τῷ
3043 4327 3171 4398 Περὶ
3232 4326 3391 4380 θείων
3451 4324 3754 4395 ὀνομάτων

2085 4415 2238 4490 λόγῳ
2271 4415 2544 4494 διαφόρως
2575 4417 2741 4485 εἶπεν,
2776 4415 3060 4492 ἐξαιρέτως
3106 4412 3163 4469 δὲ
3210 4413 3347 4468 αὖτά
3391 4413 3749 4484 ἡρμήνευσεί

2085 4505 2134 4560 ἐν
2184 4511 2262 4575 τῷ
2316 4505 2581 4577 ἑνδεκάτῳ
2624 4505 2904 4582 κεφαλαίῳ
2954 4507 3066 4578 (10)
3119 4505 3244 4579 περὶ
3311 4505 3373 4558 τὸ
3435 4502 3596 4565 τὲλος
3647 4501 3756 4557 λὲ-

320 4595 431 4649 sub
463 4595 640 4648 finem
673 4593 876 4650 dicens
912 4612 924 4650 :
957 4597 1222 4657 Quonam
1257 4595 1552 4667 pacto,qui
1588 4594 1852 4650 omnium
1886 4600 1974 4651 est

2085 4597 2388 4669 γων(11)·
2425 4600 2548 4657 Πῶς
2602 4596 2630 4648 ὁ
2683 4596 2899 4649 πάντων
2962 4593 3134 4655 α’ίτιος
3179 4592 3268 4648 καὶ
3319 4592 3589 4666 ἀγαθότης
3648 4593 3750 4646 καὶ

321 4692 544 4752 auctor,
577 4682 693 4738 imo
725 4684 855 4754 ipsa
887 4682 1140 4752 bonitas,
1193 4683 1322 4754 ipsa
1373 4683 1586 4750 deitas,
1639 4683 1791 4737 idem
1847 4700 1977 4739 esse

321 4773 509 4845 possit
549 4772 881 4827 subsistens
929 4789 1107 4826 causa
1157 4771 1437 4826 bonitatis
1489 4777 1666 4843 atque
1715 4771 1976 4841 deitatis,

319 4880 453 4917 cum
486 4861 579 4917 bis
610 4862 786 4917 etiam
838 4860 1261 4932 prmemineat?
1311 4859 1564 4914 Proinde
1619 4859 1870 4916 arbitror
1918 4861 1976 4914 in

318 4952 473 5006 hunc
529 4951 768 5005 modum
823 4949 933 5019 legi
982 4949 1192 5003 debere
1245 4962 1258 5001 :
1317 4948 1594 5018 Rogasne
1649 4949 1748 5019 qui
1800 4950 1864 5004 fit
1913 4953 1980 5004 ut.

319 5044 466 5097 Deus
489 5057 670 5112 supra
691 5039 1045 5110 principium
1074 5037 1332 5093 emineat
1355 5041 1413 5091 et
1448 5037 1689 5092 deitatis
1721 5041 1779 5092 et
1813 5037 1976 5092 boni-

319 5129 503 5186 tatis?
534 5130 660 5184 Mox
693 5127 1020 5184 sciscitanti
1055 5127 1369 5198 respondet
1402 5143 1414 5181 :
1453 5125 1759 5197 Siquidem
1805 5125 1980 5180 intel-

324 5222 468 5292 liges
499 5221 776 5275 deitatem
811 5219 1103 5289 ejusmodi
1136 5219 1356 5272 donum
1393 5233 1543 5282 esse,
1578 5217 1731 5287 quod
1780 5233 1810 5269 ιι
1861 5215 1978 5271 Deo

324 5310 384 5364 in
409 5326 516 5363 nos
538 5307 976 5378 derivatur,quo
999 5305 1208 5360 divinis
1242 5307 1658 5378 quadamtenus
1689 5303 1980 5358 efficimur

324 5402 628 5452 consortes
662 5401 920 5460 naturze;
958 5411 1063 5449 nec
1110 5400 1302 5450 tamen
1350 5394 1404 5448 id
1457 5394 1609 5464 quod
1659 5393 1784 5462 ipse
1830 5393 1980 5447 Deus

330 5491 440 5555 est,
475 5486 867 5556 asscquimur.
905 5487 1032 5536 llmc
1065 5484 1110 5537 si
1162 5483 1504 5554 cxpendcris
1555 5488 1770 5552 tecum,
1824 5498 1980 5554 quae-

408 5686 774 5754 Joan.1,18.

2089 4683 2307 4751 θεότης,
2359 4682 2661 4752 ὑποστάτης
2715 4681 2824 4738 ἐστὶ
2875 4683 2964 4737 καὶ
3013 4681 3350 4756 ἀγαθότητος
3408 4679 3497 4736 καὶ
3546 4678 3752 4750 θεότη-

2085 4793 2177 4835 τος
2237 4773 2370 4844 (42),
2414 4773 2502 4826 καὶ
2559 4772 2690 4845 ὑπὲρ
2740 4773 2905 4827 ταῦτά
2948 4769 3130 4839 ἐστιν;
3165 4769 3324 4828 Οὕτω
3385 4768 3442 4824 δὲ
3490 4770 3751 4842 ἀναγνω-

2090 4859 2262 4916 στέον.
2325 4861 2586 4934 Ἐρωτᾷς,
2640 4865 2758 4922 πῶς
2805 4861 2833 4914 ὸ
2882 4861 3011 4922 Θεὸς
3071 4860 3202 4934 ὑπὲρ
3245 4858 3501 4928 θεότητος
3559 4857 3753 4932 ἀρχὴν

2087 4949 2174 5003 καὶ
2219 4949 2350 5024 ὑπὲρ
2382 4949 2723 5024 ἀγαθότηοος
2762 4947 2940 5024 ἀρχήν
2999 4949 3138 5004 ἐστιν
3165 4968 3179 5016 ;
3210 4948 3339 5004 Εἶτα
3394 4945 3760 5021 ἀποκρίνεται

2088 5037 2177 5091 καί
2235 5059 2397 5115 φησιν
2435 5056 2446 5069 ⁸
2482 5038 2547 5093 Ei‘
2601 5039 2816 5106 νοήσεις
2873 5036 2955 5091 ὅτι
3010 5040 3044 5106 ἡ
3079 5036 3270 5106 οεότης
3304 5036 3436 5090 αὐτὸ
3495 5033 3554 5089 ἐκ
3614 5039 3761 5088 Θεοῦ

2091 5123 2264 5198 δῶρόν
2301 5125 2410 5180 ἐστι
2464 5127 2597 5189 καθὸ
2645 5127 2931 5198 θεοῦμεοα,
2965 5125 3027 5180 οὐ
3063 5127 3170 5198 In}:
3203 5124 3363 5187 αὐτὸς
3393 5125 3419 5178 ὸ
3447 5123 3580 5183 Θεὸς
3611 5126 3761 5196 (l3),

2086 5212 2220 5286 ἕξεις
2280 5215 2341 5268 τὸ
2405 5214 2757 5287 ζητούμενον.
2788 5215 2866 5271 Οὐ
2915 5215 3014 5289 γὰρ
3067 5214 3236 5283 αὑτήν
3291 5234 3422 5291 φησι
3471 5213 3570 5279 τήν
3629 5215 3762 5265 κάτ’

2092 5302 2275 5357 οὐσίαν
2331 5303 2560 5373 θεότητα
2607 5303 2696 5357 καὶ
2747 5302 3074 5379 ἀγαθότητα,
3126 5305 3154 5355 ὅ
3209 5303 3260 5356 τί
3313 5301 3444 5355 ποτε
3489 5299 3624 5367 ἐστι,
3654 5297 3760 5353 λέ-

2087 5413 2167 5464 γω
2223 5394 2356 5465 (14),
2389 5389 2533 5446 ἀλλά
2583 5393 2680 5459 τήν
2742 5393 3068 5467 ἀγαθοποιὸν
3111 5390 3199 5445 καὶ
3233 5390 3480 5454 θεοποιὸν
3535 5386 3759 5462 δωρεάν

2089 5484 2190 5534 τοῦ
2223 5485 2353 5535 Θεοῦ
2383 5485 2479 5534 τοῦ
2511 5476 2680 5542 ὅντως
2727 5479 2816 5534 καὶ
2868 5479 3074 5554 ἀγαθοῦ
3124 5483 3286 5534 τοῦτο
3359 5478 3463 5552 γάρ
3512 5479 3547 5545 ἦ
3594 5476 3756 5551 ἀρχή
