4004 6200
216 351 322 406 ut
1043 351 1507 406 memran
1547 349 2054 404 PARAPHRASIS
2092 351 2161 402 IN
2200 350 2352 402 EPP.
2394 351 2452 403 s.
2493 350 2825 406 DIONYSII.
3525 357 3630 410 42,2

211 476 307 530 καὶ
348 473 493 528 αῗτία
548 479 647 528 τοῦ
703 475 972 544 θεοῦσθαι,
1020 473 1112 529 καί
1155 472 1510 548 ἇγαθύνεσθαι
1547 491 1561 506 ο
1595 473 1684 527 καὶ
1735 471 1856 526 κατᾶ

1983 472 2196 529 stionis
2225 474 2332 528 abs
2361 477 2417 529 te
2447 473 2758 546 propositae
2791 476 3080 533 obtinebis
3114 477 3487 537 solutionem.
3510 484 3624 541 Ne-

211 569 412 619 τοῦτον
438 564 530 618 τὸν
561 561 765 637 τρόπον
802 562 933 640 φησὶ
991 561 1237 639 λέγεσθαι
1300 563 1431 638 ὑπὲρ
1484 562 1738 638 οεαρχίαν
1789 581 1856 616 κα

1988 575 2101 631 que
2127 561 2283 616 enim
2314 559 2506 633 ipsam
2540 562 2813 618 deitatem
2847 569 3021 635 atque
3053 565 3381 622 bonitatem
3413 569 3508 624 hic
3539 572 3629 627 in-

215 653 354 728 ὑπέρ
405 651 764 726 ἀγαοαρχίαν,
792 653 892 720 τήν
938 650 1082 706 οὕτω
1137 647 1352 721 δηλαδῆ
1413 651 1712 724 νοουμένην
1745 650 1876 722 (15).

212 742 282 800 Εἴ
313 745 448 816 γοῦν
474 741 538 795 τὸ
573 739 632 795 έκ
660 737 794 795 Θεοῦ
825 737 1000 816 δῶρον
1030 740 1176 815 ἀρχὴ
1217 737 1419 815 γίνεται
1475 743 1572 794 τοῦ
1630 737 1878 802 θεοῦσθαι

210 833 372 902 ἡμᾶς
423 827 710 900 δηλονότι,
734 829 914 899 πάσης
945 827 1125 904 ἀρχῆς
1158 825 1331 890 αἴτιος
1373 827 1461 882 καὶ
1493 826 1640 901 ἀρχὴ
1666 826 1694 880 6
1724 824 1876 887 Θεός⁶

212 918 363 973 οὕτω
398 916 458 972 δὲ
501 916 723 987 καὶτῆς
753 915 1056 993 λεγομένης
1112 917 1368 987 θεότητος
1419 913 1661 970 ἐπέκεινα
1716 911 1876 970 ἐστιν.

209 1009 272 1065 Ὀ
325 1007 425 1079 μὲν
477 1006 583 1081 γὰρ
629 1006 759 1067 Θεὸς
821 1005 882 1061 οὖ
928 1007 1062 1061 κατὰ
1113 1006 1321 1081 σχέσιν,
1355 1004 1430 1068 ὡς
1473 1005 1662 1076 ἡμεῖς,
1689 1005 1877 1058 κτᾶται

206 1097 270 1151 τὸ
302 1096 533 1171 ἀγαθὸν,
567 1093 697 1150 ἀλλ’
726 1095 980 1171 ἀσχέτως
1013 1091 1129 1170 ἔχει
1162 1096 1294 1167 (16)’
1325 1093 1416 1148 καὶ
1439 1091 1500 1147 οὐ
1549 1091 1684 1147 κατὰ
1715 1111 1877 1164 μετο-

208 1187 322 1260 χήν
358 1205 373 1218 ·
415 1187 583 1256 ἡμεῖς
617 1181 674 1238 δὲ
705 1188 974 1258 σχετικῶς
1007 1203 1021 1216 ·
1049 1185 1215 1256 ἡμεῖς
1247 1183 1347 1258 γὰρ
1395 1181 1643 1256 τρεπτοὶ,
1672 1179 1876 1242 ἐκεῖνος

214 1271 271 1328 δὲ
332 1271 632 1345 ἄτρεπτος.
669 1273 974 1346 Ἀμίμητον
1035 1269 1093 1327 δὶ
1143 1270 1369 1345 μίμημά
1405 1292 1535 1349 φησι
1591 1273 1688 1326 τοῦ
1743 1273 1877 1324 Θεοῦ

208 1364 313 1430 τήν
385 1365 554 1434 ἡμῶν
605 1361 680 1423 ὡς
731 1362 945 1438 ἐφικτὸν
992 1360 1205 1426 θέωσιν.
1239 1358 1388 1415 Ἐπεὶ
1425 1359 1526 1435 γὰρ
1575 1358 1638 1414 οὐ
1692 1356 1877 1420 καλῶς

215 1450 522 1523 θεούμεθα,
556 1449 604 1504 εἴ
638 1452 714 1522 μή
743 1448 796 1505 ἐν
825 1455 906 1522 τῷ
939 1455 1221 1523 μιμεῖσθαι
1263 1449 1326 1504 τὸ
1371 1454 1548 1518 Θεῖον,
1582 1445 1672 1504 διὰ
1713 1451 1876 1502 τοῦτο

219 1539 458 1613 μίμημα
490 1538 705 1614 λέγεται
739 1541 852 1612 (17)
888 1556 901 1570 ⁶
935 1538 1045 1593 ἐπεὶ
1093 1535 1150 1593 δὲ
1185 1536 1283 1592 οὐκ
1329 1536 1690 1612 ἐφικνούμεθα
1743 1536 1878 1612 πρὸς

209 1629 273 1684 τὸ
305 1629 653 1704 ἀρχέτυπον,
689 1624 804 1682 οὐδ’
829 1628 1100 1699 ὁπωσοῦν,
1143 1626 1419 1701 ἀμίμητον
1468 1625 1679 1702 λέγεται
1713 1645 1726 1659 ·
1768 1625 1880 1680 τοί-

210 1739 304 1772 νυν
339 1719 436 1772 καὶ
476 1717 711 1790 μίμησις
764 1717 857 1792 μὶν
902 1717 993 1772 καὶ
1043 1715 1228 1792 σχέσις
1259 1716 1421 1788 ἐστὶν,
1451 1717 1588 1772 αὐτᾶ
1641 1715 1708 1771 τὰ
1735 1716 1876 1790 πρά-

215 1827 433 1882 γματα,
468 1808 506 1876 ἡ
565 1807 759 1876 θεότης
801 1805 890 1861 καὶ
941 1808 976 1875 ἡ
1022 1805 1295 1881 ἆγαθότης
1345 1808 1454 1878 (18)
1488 1824 1502 1839 ⁶
1554 1803 1875 1882 μετέχοντες

207 1892 266 1949 δὲ
313 1895 410 1950 καὶ
443 1893 782 1968 μιμούμενοι
814 1895 866 1949 οἱ
895 1895 1143 1971 ἄγγεΑοι,
1177 1894 1267 1949 καὶ
1291 1899 1399 1949 τῶν
1428 1893 1728 1968 ἀνθρώπων
1762 1895 1873 1967 (19)

203 1984 325 2058 περὶ
366 1982 466 2046 οὓς
519 1987 686 2037 ταῦτα
735 1983 986 2058 ὁρῶνται,
1017 1983 1087 2037 Τὸ
1138 1981 1195 2038 δὶ
1243 1987 1394 2038 Θεῖον
1425 1985 1538 2056 (20)
1586 1981 1864 2055 ἀμίμητόν

207 2072 314 2127 ἐστι
378 2070 472 2126 καὶ
531 2069 760 2127 ἄσῖετον
794 2073 954 2145 (21)·
1001 2070 1083 2126 ὅτι
1138 2071 1249 2145 ὅσῳ
1305 2093 1388 2133 τις
1442 2072 1580 2146 πρὸς
1631 2073 1864 2144 μίμησιν

207 2162 296 2216 καὶ
344 2162 541 2236 σχέσιν
595 2165 727 2216 Θεοῦ
772 2160 1072 2236 προκόπτει
1131 2164 1264 2234 (2'2),
1294 2160 1540 2234 τοσουτῳ
1586 2159 1870 2234 καταλαμ-

210 2245 434 2305 ϐάνεται
465 2251 530 2304 τὸ
557 2247 839 2327 ἀνέφικτον
869 2256 971 2319 τῆς
1014 2251 1301 2323 μιμήσεως
1346 2249 1436 2305 καὶ
1485 2253 1583 2315 τῆς
1609 2248 1867 2326 σχέσεως.

207 2337 510 2415 ’Υπερέχον
581 2343 872 2413 τοιγαροῦν
942 2337 1006 2394 τὸ
1079 2344 1230 2393 Θεῖον
1282 2343 1388 2393 τῶν
1445 2341 1728 2412 μιμήσεων
1779 2340 1869 2394 καὶ

211 2432 320 2482 τῶν
378 2429 646 2502 σχέσεων,
694 2425 949 2497 δηλονότι
1007 2433 1105 2497 τῆς
1147 2425 1403 2498 Θεότητος
1452 2428 1543 2482 καὶ
1591 2434 1690 2496 τῆς
1748 2428 1872 2501 ἀγα·

210 2516 449 2587 θότητος
485 2535 498 2547 ·
532 2514 677 2571 ἀλλὰ
724 2515 815 2570 καὶ
872 2515 1047 2570 αὐτῶν
1076 2520 1182 2571 τῶν
1219 2515 1574 2590 μιμουμένων
1601 2517 1690 2571 καὶ
1723 2535 1873 2590 μετε-

213 2605 458 2680 χόντων,
491 2605 738 2660 τουτέστι
791 2608 898 2659 τῶν
955 2605 1090 2659 κατὰ
1139 2605 1299 2680 χάριν
1333 2609 1465 2668 θεῶν
1497 2624 1556 2659 τε
1601 2603 1690 2659 καὶ
1737 2603 1874 2680 ἀγα-

209 2699 340 2762 θῶν,
378 2693 610 2758 εἰκότως
640 2696 754 2768 (23)
785 2693 916 2769 ὑπὲρ
946 2693 1045 2763 τήν
1079 2694 1336 2770 θεαρχίαν
1370 2692 1459 2749 καὶ
1488 2695 1588 2763 τὴν
1637 2693 1856 2770 ἀγαθαρ·

1982 2695 2278 2768 exemplar
2297 2711 2368 2751 ne
2390 2694 2510 2751 ulla
2531 2695 2769 2766 quidem
2790 2713 2859 2752 ex
2881 2701 3041 2766 parte
3057 2698 3468 2771 pertingimus,
3485 2699 3621 2770 jure

205 2785 332 2860 χίαν
367 2783 545 2840 ἐστίν.
1984 2785 2152 2842 nobis
2179 2784 2554 2841 inimitabilia
2587 2785 2890 2842 astruitur.
2935 2790 3078 2858 Ipsa:
3108 2787 3286 2859 igitur
3308 2805 3400 2846 res
3435 2789 3622 2845 deitas

205 2879 259 2928 et
283 2875 527 2930 bonitas
559 2875 813 2944 (nostra?)
844 2878 984 2930 sunt
1013 2873 1278 2930 imitatio
1310 2876 1368 2930 et
1399 2872 1639 2929 habitus
1686 2889 1790 2929 seu
1838 2875 2049 2946 gratia,
2094 2873 2247 2929 circa
2294 2889 2442 2946 quos
2489 2872 2631 2930 talia
2673 2874 3153 2946 conspiciuntur;
3202 2877 3622 2949 participantes

201 2979 335 3019 vero
363 2968 422 3018 et
453 2961 757 3018 imitantes
787 2961 1000 3034 angeli,
1032 2967 1090 3017 et
1125 2961 1168 3016 ii
1211 2961 1519 3018 hominum
1549 2961 1703 3018 circa
1723 2977 1872 3033 quos
1901 2962 2048 3018 talia
2076 2962 2524 3034 conspiciuntur
2551 2980 2564 3029 ;
2599 2962 2796 3018 divina
2823 2978 2955 3018 vero
2980 2968 3192 3020 natura
3217 2968 3308 3021 est
3355 2966 3624 3024 inimita-

198 3052 336 3108 hilis
366 3056 428 3108 et
446 3051 752 3107 habilibus
783 3068 1006 3107 carens.
1037 3050 1122 3107 Na
1146 3067 1202 3107 m
1238 3056 1460 3124 quanto
1493 3051 1626 3123 quis
1660 3051 1790 3123 quis
1819 3052 1890 3106 ad
1924 3051 2396 3124 qualemcunque
2427 3051 2840 3123 imitationem,
2871 3057 3046 3124 atque
3077 3054 3147 3108 ad
3182 3055 3459 3122 (efﬁctam
3504 3057 3625 3130 Dei)

201 3142 554 3212 qua’itatem
589 3141 975 3212 promoverit:
1008 3143 1180 3195 tanto
1214 3138 1503 3211 intelliget
1532 3140 1582 3195 is
1612 3140 1807 3196 verius
1842 3139 2006 3196 nulla
2034 3143 2123 3196 vel
2150 3140 2476 3196 imitatione
2506 3140 2592 3194 vel
2622 3139 2989 3209 habitudine,
3031 3142 3294 3198 numinis
3344 3143 3622 3214 majesta-

199 3233 316 3285 tem
347 3228 563 3301 attingi
593 3245 786 3300 posse.
819 3229 984 3284 Unde
1015 3228 1096 3295 fit,
1134 3232 1200 3283 ut
1230 3227 1635 3284 omnimodam
1667 3228 2058 3285 imitationem
2090 3235 2260 3300 atque
2289 3229 2815 3300 apprehensionem
2840 3230 3225 3286 numenillud
3247 3231 3418 3303 longe
3448 3249 3622 3289 exsu-

199 3322 391 3391 peret,
425 3334 537 3373 sua
564 3316 843 3373 nimirum
875 3317 1096 3373 deitate
1127 3315 1310 3373 simul
1342 3325 1398 3372 et
1428 3317 1726 3373 bonitate:
1762 3319 1878 3374 imo
1909 3334 2114 3374 omnes
2144 3318 2409 3373 omnium
2436 3318 2796 3374 imitantium
2838 3318 3438 3392 participantiumque
3466 3321 3618 3377 vires

200 3407 260 3461 in
291 3407 656 3462 immensum
690 3405 1096 3474 transcendit;
1129 3421 1332 3462 eorum
1363 3405 1652 3476 videlicet,
1686 3407 1787 3478 qui
1818 3405 2074 3479 gratuito
2105 3406 2206 3462 Dei
2230 3423 2470 3463 munere
2501 3406 2603 3475 dii,
2638 3407 2894 3479 bonique
2924 3406 3312 3478 appellantur.
3345 3409 3486 3465 Jure
3507 3409 3618 3480 igi-

204 3497 304 3550 tur
331 3512 522 3567 supra
553 3493 788 3550 deitatis
821 3497 878 3549 et
906 3493 1186 3550 bonitatis
1216 3491 1571 3566 principium
1603 3498 1711 3550 est.

1992 648 2173 720 telligi
2199 649 2409 705 debere
2435 650 2726 722 signiﬁcat
2773 653 3098 708 secundum
3149 655 3384 712 deitatis
3432 675 3630 715 essen-

1986 737 2153 802 tiam,
2183 737 2413 793 etiamsi
2443 737 2658 793 alicubi
2690 739 2851 796 visus
2881 740 2955 795 sit
2984 740 3040 796 id
3100 741 3352 800 voluisse
3401 746 3593 803 dicere
3619 774 3632 816 ;

1988 828 2087 882 sed
2119 827 2461 882 munificam
2490 827 2740 898 gratiam
2771 828 3034 886 insinuat
3063 847 3171 888 nos
3201 832 3408 904 utique
3451 834 3631 893 bonos

1986 913 2166 971 simul
2187 918 2243 971 et
2267 915 2406 971 deos
2428 916 2910 987 constituentem,
2932 919 3083 990 ejus,
3108 919 3630 994 inquam,gratiam

1987 1004 2088 1076 qui
2108 1020 2238 1060 vere
2260 1003 2416 1060 Deus
2436 1020 2687 1077 vereque
2708 1011 2799 1062 est
2821 1007 3032 1063 bonus.
3074 1009 3192 1064 Hoc
3218 1009 3375 1066 enim
3409 1012 3627 1068 donum

1985 1097 2045 1148 et
2066 1091 2227 1166 origo
2248 1097 2339 1148 est
2359 1096 2417 1148 et
2437 1109 2636 1163 causa,
2654 1093 2869 1165 quibus
2895 1095 2976 1150 dii
2999 1096 3288 1153 efﬁcimur
3323 1100 3543 1171 pariter
3572 1105 3630 1157 et

1986 1181 2146 1252 boni,
2177 1186 2235 1237 et
2255 1182 2427 1252 juxta
2458 1181 2608 1238 hanc
2638 1183 2922 1239 rationem
2962 1185 3046 1240 ait
3075 1185 3188 1240 dici
3236 1203 3418 1258 supra
3465 1189 3629 1262 prin-

1985 1271 2205 1344 cipium
2237 1271 2584 1339 divinitatis,
2618 1275 2676 1326 et
2705 1289 2885 1344 supra
2916 1273 3274 1346 principium
3326 1276 3631 1347 bonitatis,

1985 1360 2101 1416 ista
2130 1360 2352 1417 scilicet
2381 1360 2606 1416 ratione
2637 1366 2950 1434 conceptae.
2981 1363 3040 1417 Si
3089 1363 3269 1434 igitur
3313 1363 3423 1420 hoc
3452 1382 3486 1421 a
3512 1365 3626 1422 Deo

1984 1465 2343 1524 promanans
2372 1450 2590 1505 donum
2624 1450 2980 1522 principium
3012 1454 3101 1508 est
3147 1455 3358 1508 nostra:
3397 1453 3626 1510 deiﬁca-

1983 1539 2187 1607 tionis,
2221 1538 2502 1595 nimirum
2533 1543 2735 1596 auctor
2757 1539 2912 1595 idem
2955 1545 3045 1597 est
3095 1540 3278 1598 totius
3325 1543 3625 1614 principii,

1984 1628 2103 1685 imo
2133 1627 2488 1701 principium
2519 1628 2644 1700 ipse
2675 1633 2825 1686 Deus
2849 1649 2864 1698 ;
2887 1633 3060 1702 atque
3112 1630 3195 1686 ita
3231 1631 3360 1699 jam
3407 1631 3625 1688 dictam

1984 1718 2263 1774 deitatem
2297 1716 2584 1773 asseritur
2602 1719 3038 1774 transcendere.
3060 1717 3262 1790 Neque
3289 1719 3447 1774 enim
3470 1720 3628 1776 Deus

1985 1805 2112 1878 ipse
2132 1804 2406 1862 eximiam
2428 1803 2591 1861 illam
2615 1805 2957 1877 bonitatem,
2981 1808 3480 1878 quemadmodum
3497 1825 3628 1879 nos,

1982 1893 2307 1951 secundum
2338 1892 2745 1950 habitudinem
2777 1894 2892 1950 sibi
2919 1895 3200 1966 vindicat,
3232 1897 3334 1952 sed
3365 1896 3496 1952 sine
3515 1897 3628 1953 ha-

1978 1983 2247 2041 bitudine
2276 1998 2380 2039 seu
2413 1983 2700 2054 qualitate
2729 1983 2926 2052 habet,
2980 2000 3087 2040 nec
3109 1985 3245 2055 jure
3289 1984 3579 2058 participii
3605 2005 3621 2056 ;

1978 2091 2085 2131 nos
2114 2077 2336 2143 contra,
2358 2074 2530 2144 juxta
2559 2074 2990 2144 habitudinem,
3017 2075 3310 2147 siquidem
3327 2075 3623 2133 vertibiles

1977 2180 2210 2233 sumus,
2241 2163 2340 2220 ille
2370 2162 2514 2218 nulli
2546 2163 2833 2220 obnoxius
2859 2164 3086 2220 vicariae
3118 2164 3449 2222 mutationi.
3500 2165 3621 2222 Ini-

1979 2251 2301 2308 mitabilem
2329 2252 2592 2307 insinuat
2623 2252 2721 2308 Dei
2750 2253 3162 2320 imitationem,
3183 2255 3622 2327 nostramipso-

1979 2357 2109 2398 rum
2143 2356 2272 2396 esse
2301 2340 2753 2411 deificationem,
2786 2345 3081 2413 quatenus
3110 2359 3240 2399 eam
3271 2344 3506 2415 assequi
3529 2346 3620 2401 da-

1980 2433 2097 2499 tur,
2127 2430 2598 2502 quandoquidem
2631 2430 2789 2486 enim
2815 2447 2931 2487 non
2962 2431 3111 2488 bene
3141 2431 3224 2487 dii
3270 2431 3619 2502 efﬁciamur,

1980 2518 2095 2576 nisi
2126 2535 2343 2575 numen
2376 2517 2640 2575 divinum
2670 2518 2980 2586 imitando,
3008 2520 3140 2577 ideo
3171 2523 3325 2578 246
3369 2521 3619 2580 imitatio

1981 2608 2216 2664 dicitur.
2248 2607 2391 2663 Cum
2424 2610 2618 2664 autem
2649 2608 2718 2664 ad
2752 2608 3102 2680 primarium
3131 2609 3279 2666 illud
3297 2610 3620 2668 divinitatis

609 3621 722 3672 EI}:
760 3621 892 3671 THN
931 3620 1333 3674 ΕΠΙΣΤΟΛΗΝ
1372 3617 1444 3676 ιν.
1896 3619 1939 3685 c

273 3724 399 3792 Τήν
455 3725 558 3776 τοῦ
628 3723 915 3799 προφήτου
983 3720 1281 3798 Μαλαχίου
1340 3721 1494 3798 ῥῆσιν
1550 3721 1602 3776 ἐν
1649 3721 1867 3785 τούτοις

2475 3619 2545 3674 ΙΝ
2585 3619 2991 3674 EPISTOLAM
3023 3619 3116 3673 IIl.

2045 3723 2230 3780 Dictio
2263 3731 2502 3795 repente,
2544 3724 2684 3794 quid
2743 3724 2801 3778 in
2851 3724 2943 3779 his
2983 3724 3279 3779 Malachise
3321 3726 3616 3797 prophetis

203 3809 468 3884 βούλεται
522 3806 753 3881 διδάξαι,
788 3807 1095 3884 λέγοντος*
1127 3811 1414 3888 Ἐξαίφνης
1469 3810 1584 3881 ἥξει
1644 3811 1719 3874 είς
1774 3812 1866 3866 τὸν

198 3901 397 3974 καιρὸν
480 3899 644 3955 αὐτοῦ
723 3899 952 3974 Κύριος,
1009 3901 1070 3956 ’ὸν
1149 3902 1304 3974 ὑμεῖς
1385 3906 1594 3972 ζητεῖτε
1626 3922 1640 3936 ο
1699 3904 1788 3957 καὶ
1839 3903 1867 3956 6

202 3989 448 4064 ἅγγελος
537 3996 639 4059 τῆς
727 3987 996 4060 διαθήκης
1028 4033 1042 4060 ,
1124 3991 1183 4044 ’ὃν
1294 3991 1452 4062 ὑμεῖς
1536 3989 1867 4056 ἐπιποθεῖτε.

202 4079 381 4150 Οἶμαι
437 4074 497 4132 δὲ
555 4078 618 4132 τὸ
677 4077 842 4154 ῥητὸν
900 4082 1062 4133 τοῦτο
1111 4079 1257 4154 παρὰ
1286 4077 1429 4150 Γαίῳ
1457 4077 1774 4152 ἐρωτᾶσθαι,
1805 4080 1869 4135 τὸ

204 4169 342 4243 γοῦν
377 4168 510 4242 παρ’
541 4164 758 4236 ἐλπίδα,
789 4168 876 4222 καὶ
907 4172 1004 4222 τοῦ
1052 4169 1188 4230 τέως
1235 4167 1467 4243 ἀφανοῦς
1519 4168 1594 4230 εἷς
1645 4169 1708 4225 τὸ
1766 4168 1868 4243 ἐμ-

203 4256 377 4331 φανὲς
435 4253 775 4330 ἐξαγόμενον,
835 4253 1084 4331 ἐξαίφνης
1142 4255 1304 4328 ἐστὶν,
1349 4256 1422 4318 ὡς
1466 4257 1552 4326 τὸ,
1584 4255 1870 4334 Ἐξαίφνης

201 4347 428 4420 γέγονεν
461 4347 499 4415 ἡ
534 4345 804 4421 ἀστραπή.
839 4346 1046 4400 Λοιπὸν
1081 4345 1170 4400 καὶ
1224 4344 1311 4399 ἐπὶ
1367 4353 1467 4416 τῆς
1515 4345 1868 4421 ένανορωπή-

204 4455 346 4494 σεως
377 4438 482 4488 τοῦ
511 4438 644 4488 Θεοῦ
676 4435 878 4507 Λόγου,
907 4435 968 4503 ἢν
998 4431 1065 4503 δή
1098 4433 1187 4489 καὶ
1220 4436 1632 4513 φιλανθρωπίαν
1692 4435 1868 4508 καλεῖ,

197 4530 368 4580 τοῦτο
400 4521 574 4594 δηλοῖ
613 4525 675 4577 τὸ
707 4522 980 4599 ἐξαίφνης,
1016 4523 1085 4581 Τί
1135 4525 1235 4599 γὰρ
1286 4524 1638 4603 ἀφανέστερον
1695 4529 1868 4594 Θεοῦ;

199 4614 263 4668 τὸ
320 4617 456 4689 γοῦν
517 4611 576 4666 ἐκ
630 4607 728 4666 τοῦ
775 4612 1008 4687 κρυφίου
1060 4619 1162 4681 τῆς
1196 4613 1454 4683 θεότητος
1487 4631 1500 4645 ·
1532 4613 1591 4667 τὸ
1639 4611 1868 4688 κρύφιος

198 4700 312 4776 γὰρ
371 4699 650 4762 πολλάκις
707 4701 824 4755 ἀντὶ
882 4701 978 4756 τοῦ
1041 4701 1170 4762 Θεὸς
1230 4699 1428 4775 εἴληφε
1463 4719 1476 4734 ⁸
1509 4701 1866 4778 κρυφιότητα,

199 4792 304 4858 τήν
363 4787 602 4860 θεότητα
633 4811 645 4824 ο
708 4789 938 4868 κρύφιος
1005 4795 1133 4866 γοῦν
1185 4791 1274 4845 καὶ
1325 4789 1549 4845 ἐνταῦθα
1605 4790 1722 4844 ἀντὶ
1771 4790 1867 4844 τοῦ

198 4880 358 4948 Θεὸς,
407 4880 485 4941 ὡς
543 4879 794 4953 ἀόρατος,
856 4877 1065 4955 εἴρηται
1116 4881 1250 4952 (24).
1308 4879 1386 4935 Τὸ
1443 4883 1577 4954 γοῦν
1629 4878 1716 4934 ἐπὶ
1770 4882 1867 4933 τοῦ

1974 3812 2167 3867 verbis
2197 3811 2510 3883 signiﬁcet,
2542 3813 2748 3868 docere
2777 3812 2902 3868 vult
2932 3812 3137 3868 Pater:
3171 3817 3406 3884 Repente
3437 3814 3614 3870 veniet

1972 3900 2047 3956 ad
2072 3901 2337 3972 templum
2377 3917 2536 3955 suum
2570 3900 2852 3967 Dominus,
2904 3917 3065 3972 quem
3110 3917 3200 3956 vos
3246 3901 3531 3972 quaeritis:
3564 3907 3618 3959 et

1973 3990 2205 4060 angelus
2233 3988 2564 4056 testamenti,
2584 4006 2741 4061 quem
2761 4005 2851 4044 vos
2867 3989 3187 4044 desideratis
3204 3990 3307 4061 (η.)
3330 3989 3613 4061 Equidem

1976 4078 2229 4134 arbitror
2257 4077 2608 4134 sententiam
2641 4077 2792 4133 hanc
2822 4077 2893 4132 ab
2924 4076 3050 4146 ipso
3093 4076 3224 4132 Caio
3257 4077 3315 4132 in
3345 4078 3622 4148 quaestio-

1977 4183 2110 4223 nem
2145 4167 2399 4239 primum
2431 4165 2706 4238 positam.
2741 4164 3027 4242 Ἐξαίφνης
3049 4165 3228 4238 igitur
3257 4184 3380 4223 rem
3402 4166 3626 4222 indicat

1976 4255 2273 4328 insperato
2321 4255 2696 4324 emicantem,
2730 4260 2785 4310 et
2815 4257 2986 4327 quasi
3029 4273 3059 4310 e
3098 4255 3340 4312 latebris
3365 4256 3424 4310 in
3453 4273 3620 4326 aper-

1976 4348 2099 4400 tam
2157 4345 2348 4400 lucem
2387 4360 2516 4400 sese
2545 4345 2781 4417 inopine
2813 4349 3166 4417 repenteque
3194 4345 3580 4416 proferentem
3607 4361 3620 4399 :

1978 4439 2044 4488 ut
2072 4433 2216 4488 illud
2248 4439 2356 4503 cst,
2387 4431 2630 4508 ἐξαίφνης
2658 4431 2870 4507 γέγονεν
2903 4434 2936 4500 ἡ
2969 4431 3235 4507 ἀστραπή,
3267 4433 3322 4486 id
3373 4436 3480 4498 est,
3528 4449 3619 4486 re-

1977 4527 2151 4596 pente
2191 4524 2342 4578 facta
2388 4528 2479 4577 est
2526 4523 2877 4577 coruscatio.
2931 4524 3187 4594 Denique
3239 4523 3309 4576 de
3358 4521 3620 4576 humana

1979 4629 2152 4668 carne
2183 4629 2216 4667 a
2245 4613 2360 4668 Deo
2397 4611 2586 4667 Verbo
2638 4616 2968 4683 assumpta,
3011 4628 3182 4683 quam
3233 4614 3402 4664 vocat
3451 4610 3621 4664 Pater

1978 4698 2408 4778 φιλανθρωπίαν,
2445 4701 2551 4755 hoc
2581 4699 2904 4755 etiamnum
2937 4700 3158 4754 dictum
3187 4715 3315 4754 esse
3363 4698 3623 4753 declarat

1980 4790 2178 4857 dictio,
2239 4787 2508 4862 ἐξαίφνης.
2555 4789 2702 4843 Nam
2753 4788 2915 4860 quid,
2969 4805 3186 4858 quaiso,
3237 4803 3482 4858 usquam
3533 4792 3621 4842 est

1983 4880 2095 4935 Deo
2127 4878 2416 4934 occultius
2442 4877 2470 4931 ‘l
2515 4877 2664 4932 illud
2719 4875 2900 4948 igitur
2931 4874 2989 4928 ἐκ
3016 4878 3112 4929 τοῦ
3157 4874 3408 4952 κρυφίου,
3442 4876 3499 4930 id
3533 4881 3624 4932 cst

200 4968 444 5046 κρυφίου
484 4974 586 5036 τῆς
635 4968 894 5039 θεότητος
948 4968 1040 5023 τὸν
1099 4968 1418 5042 ὑπερούσιον
1486 4967 1562 5031 εἰς
1625 4969 1688 5023 τὸ
1747 4970 1856 5032 κασ

1982 4985 2040 5024 ex
2079 4968 2329 5034 occulto,
2381 4965 2703 5022 divinitatis
2753 4964 2971 5020 indicat
3017 4981 3315 5019 arcanum.
3378 4962 3619 5040 Κρῦφιος

201 5059 356 5126 ἡμᾶς
416 5055 753 5119 οὗσιωθέντα
784 5063 1012 5135 φανῆναι
1046 5075 1058 5088 ο
1089 5055 1251 5110 τοῦτό
1309 5054 1420 5111 ἐστι
1470 5057 1533 5111 τὸ
1591 5055 1864 5134 ἐξαίφνης.

203 5147 265 5198 Τί
315 5143 400 5216 δὲ,
433 5143 528 5200 διὰ
574 5150 758 5216 τοῦτο,
811 5143 896 5200 διὸ
945 5146 1034 5200 καὶ
1083 5144 1328 5222 ἐξεφάνη,
1371 5141 1480 5214 ἤδη
1528 5145 1592 5200 τὸ
1639 5145 1866 5222 κρύφιον

201 5228 560 5303 ἂπεϐἀλετος
597 5232 849 5306 οὐδαμῶς
882 5252 895 5266 ⁶
930 5231 1076 5287 ἀλλὰ
1121 5233 1212 5287 καὶ
1265 5234 1398 5306 μετᾶ
1444 5235 1542 5302 τήν
1603 5233 1870 5308 σάργωσιν

195 5322 440 5401 κρύφιός
487 5322 632 5378 ἐστιν
659 5317 678 5353 ὀ
716 5323 744 5377 ὁ
773 5321 872 5398 γὰρ
905 5323 1116 5392 Ἰησοῦς
1170 5323 1406 5397 Χριστὸς
1448 5322 1576 5384 Θεὸς
1633 5322 1864 5392 τέλειος,

197 5411 292 5466 καὶ
328 5410 622 5485 ἄνθρωπος
671 5408 902 5472 τέλειος.
936 5410 1039 5466 Καὶ
1105 5412 1206 5483 ὅρα
1250 5411 1387 5465 κατά
1443 5416 1814 5485 Νεστοριανῶν
1852 5429 1864 5444 ·

203 5498 436 5572 μᾶλλον
470 5497 550 5571 δὲ,
577 5497 671 5553 ’ἶνα
698 5500 761 5553 τὸ
792 5497 1061 5575 θειότερον
1094 5496 1232 5553 εἷ’πω
1265 5519 1276 5530 ·
1310 5503 1475 5555 τοῦτο
1522 5498 1622 5576 γάρ
1665 5499 1774 5554 ἐστι
1805 5500 1866 5554 τὸ

273 5653 424 5713 Mal.
457 5671 542 5711 in.

1977 5059 2155 5126 enim,
2177 5055 2787 5128 occultus,plerumque
2809 5053 3065 5108 sumitur
3088 5053 3240 5108 Patri
3261 5071 3363 5125 pro
3383 5054 3618 5109 nomine

1981 5143 2130 5213 Θεός,
2163 5146 2219 5200 id
2253 5151 2341 5201 est
2365 5146 2526 5212 Deus,
2559 5147 2615 5198 et
2644 5161 2746 5215 per
2773 5140 3109 5217 κρυφιότητα
3137 5142 3502 5198 divinitatem
3533 5143 3620 5215 ip-

1979 5252 2103 5291 sam
2138 5235 2286 5290 solet
2328 5233 2666 5305 exprimere.
2722 5234 2924 5303 ltaque
2968 5229 3195 5307 κρύφιος
3231 5249 3333 5303 pro
3366 5232 3481 5288 Deo
3526 5232 3622 5288 hic

1980 5323 2252 5394 ponitur:
2289 5321 2780 5392 quemadmodum
2801 5318 3054 5393 ἀόρατος,
3079 5320 3411 5392 invisibilis,
3432 5322 3625 5376 dictus

1977 5416 2084 5467 est.
2115 5412 2225 5466 Sed
2284 5417 2340 5465 et
2385 5409 2552 5480 illud,
2603 5426 2670 5463 ex
2719 5409 2947 5464 occulto
2998 5409 3219 5465 scilicet
3273 5409 3619 5478 divinitatis,

1978 5501 2132 5572 quod
2167 5497 2757 5572 supersubslantialis
2789 5497 2887 5554 ille
2921 5503 3072 5555 Deus
3127 5499 3515 5571 conspicuum
3559 5515 3622 5555 se
