4004 6200
383 295 487 352 443

1205 291 1572 348 APPENDIX
1607 293 1703 348 an
1739 291 1980 348 orans
2017 290 2079 348 s.
2117 287 2435 370 momen
2473 287 2970 350 AREOPAGITE.

3685 293 3780 352 ιιι

383 417 717 478 exhibuerit
735 416 936 475 trabea
957 419 1170 476 nostra
1197 415 1390 472 carnis
1403 416 1688 475 amictus:
1705 415 1814 473 hoc
1834 414 2031 488 ipsum
2062 445 2075 480 λ

2187 411 2611 488 αομασιώτερον,
2669 412 2753 468 ὅτι
2803 413 2853 469 ἐν
2914 413 3048 486 αὐτῇ
3117 416 3186 486 τῇ
3263 410 3531 487 ἐκφάνσεε,
3589 416 3679 472 καὶ
3731 417 3777 472 ἐν

384 507 608 566 indicat
632 503 907 586 ἐξαίφνης,
937 505 996 563 id
1049 508 1138 564 est
1167 505 1409 578 inopino,
1435 504 1752 579 improvise,
1783 508 2027 578 repente.

388 598 538 664 Quid
563 597 798 656 tandem
820 595 848 650 ‘l
880 595 1073 654 Hacne
1103 593 1292 668 gratia
1322 597 1424 652 aut
1454 594 1582 653 ideo
1605 593 2031 667 augustissima

387 688 484 748 Dei
517 687 800 760 majestas
857 683 1021 757 prius
1054 683 1114 740 in
1161 683 1556 741 sacratissimo
1602 698 1839 743 secessu
1889 681 2036 740 deli-

383 781 639 848 tescens,
673 778 911 848 repente
937 771 1215 832 inclaruit
1243 773 1394 843 orbi,
1425 789 1607 850 seque
1637 771 1726 831 vel
1756 771 1928 846 vulgo
1948 771 2036 828 vi.

386 867 630 928 sendam
658 862 913 940 dejecit?
942 861 1112 921 Nullo
1144 862 1336 920 modo.
1372 861 1521 928 Quin
1547 866 1682 935 post
1710 861 2037 935 susceptio-

385 972 520 1015 nem
553 954 744 1015 carnis
776 955 1107 1025 perseverat
1136 951 1462 1011 etiamnum
1509 950 1797 1013 occultus.
1846 951 2037 1022 Siqui.

2141 500 2286 574 αὐτῷ
2332 505 2410 575 τῷ
2443 500 2739 575 φαίνεσθαι,
2772 501 2834 557 τὸ
2881 501 3109 578 κρύφιον
3157 499 3274 576 ἔχει
3303 520 3316 533 ·
3366 504 3393 558 6
3441 503 3540 579 γὰρ
3588 509 3780 581 Κυριος

2143 594 2306 665 ἡμῶν
2357 593 2569 664 Ἰησοῦς
2620 591 2859 667 Χριστὸς
2910 591 3000 646 καὶ
3049 591 3100 648 ἐν
3156 590 3294 664 αὐτῇ
3339 596 3408 666 τῇ
3470 594 3589 649 καθ’
3645 597 3779 666 ἡμᾶς

2146 679 2393 760 ἰκφάνσει
2423 681 2696 756 ἄγνωστον
2742 676 2859 757 ἔχει
2889 681 2952 736 τὸ
2979 687 3078 751 τῆς
3105 679 3420 754 οἴκοθομίας
3471 685 3780 759 μυστήριον

2143 771 2227 838 τίς
2264 771 2364 847 γὰρ
2427 769 2616 841 ἐνόησε
2671 774 2788 836 πῶς
2847 769 2975 834 Θεὸς
3009 772 3374 847 συνανεκράθη
3408 771 3603 848 caput;
3635 773 3779 831 Ὅθεν

2144 861 2235 920 καὶ
2287 858 2581 938 λεγόμενον
2642 855 2876 937 ἄρρητον
2923 857 3090 935 μένει,
3121 859 3211 915 καὶ
3268 859 3566 934 νοούμενον
3623 862 3783 936 ἄγνω-

2147 973 2290 1012 στον.

390 1047 522 1102 dem
564 1045 737 1102 Jesus
769 1042 1034 1102 Christus
1067 1042 1359 1116 perfectus
1389 1041 1566 1110 Deus,
1608 1043 1898 1114 perfectus
1928 1047 2085 1105 idem
2114 1046 2266 1106 248
2298 1046 2354 1103 et
2383 1043 2558 1102 homo
2604 1044 2712 1099 est.
2746 1041 2888 1099 Mihi
2945 1040 3096 1110 vide,
3148 1046 3213 1098 ut
3255 1042 3542 1101 adversus
3592 1041 3787 1100 Nesto-

391 1135 587 1194 rianos
613 1133 736 1206 jam
776 1135 904 1189 tum
948 1130 1454 1201 congrediebatur.
1512 1130 1698 1204 Magis
1745 1149 1903 1204 vero,
1949 1141 2016 1196 ut
2067 1136 2352 1209 quiddam
2402 1129 2659 1190 divinius
2703 1129 3120 1204 pronuntiem;
3168 1130 3276 1189 hoc
3324 1130 3484 1188 enim
3541 1129 3787 1188 admira-

392 1224 570 1282 bilius
601 1226 708 1292 est,
744 1222 901 1294 quod
933 1220 994 1279 in
1029 1220 1139 1280 hac
1170 1239 1279 1280 sua
1321 1237 1602 1294 perquam
1659 1222 1876 1283 illustri
1931 1224 2426 1292 manifestatione,
2460 1222 2521 1279 in
2551 1239 2618 1280 eo
2649 1221 2773 1294 ipso
2821 1221 2980 1292 quod
3021 1221 3316 1293 apparuit,
3367 1237 3658 1278 arcanum
3705 1238 3784 1278 re-

390 1314 553 1374 tinet.
588 1310 871 1370 Dominus
903 1309 1059 1367 enim
1093 1314 1291 1370 noster
1335 1311 1510 1372 Jesus
1553 1312 1827 1373 Christus
1884 1315 1944 1376 in
1991 1317 2118 1389 ipsa
2164 1315 2474 1383 assumpta:
2519 1309 2712 1370 carnis
2757 1313 2967 1368 nostra:
3008 1309 3382 1378 revelatione,
3433 1310 3788 1383 incognitum

390 1405 583 1462 servat
611 1403 1052 1462 sacramentum
1085 1401 1535 1474 dispensatoris:
1563 1401 1739 1462 istius
1769 1403 2217 1468 incarnationis.
2247 1403 2387 1471 Quis
2443 1401 2601 1462 enim
2654 1399 2940 1458 intellexit
2986 1399 3275 1471 omnium,
3326 1415 3443 1472 quo
3475 1401 3650 1472 pacto
3680 1413 3792 1455 sese

393 1492 548 1552 Deus
577 1489 988 1565 attemperarit
1016 1489 1235 1548 carni?
1277 1490 1428 1549 unde
1459 1489 1525 1551 ﬁt
1557 1495 1622 1552 ut
1649 1490 1762 1552 hoc
1815 1493 1952 1556 dum
2002 1494 2241 1563 dicitur,
2287 1490 2622 1550 ineii‘abils:
2671 1490 2813 1548 dum
2861 1487 3238 1566 intelligitur,
3290 1491 3492 1550 manet
3540 1487 3793 1562 incogni-

395 1584 542 1647 tum.

897 1689 972 1744 IN
1016 1688 1417 1744 EPISTOLAM
1457 1689 1550 1747 1v.
2084 1694 2132 1760 Β
2550 1690 2666 1745 s12:
2705 1689 2845 1746 THN
2885 1688 3303 1748 summa»:
3342 1687 3415 1746 A'.

469 1797 614 1854 Aliis
636 1795 860 1869 aliquot
885 1795 1030 1853 locis
1053 1795 1367 1853 antevertit
1389 1800 1630 1854 sanctus
1647 1797 1822 1854 dehis
1836 1799 2047 1857 dicere.

2233 1801 2496 1875 ’Ἐφθασεν
2553 1795 2722 1850 εἰπεῖν
2771 1795 2799 1849 6
2845 1795 2996 1872 ἅγιος
3041 1794 3133 1850 καὶ
3187 1793 3240 1849 ἓν
3289 1792 3484 1855 ἄλλοις
3520 1811 3537 1828 ’
3569 1793 3698 1856 τέως
3745 1791 3793 1852 δὲ

402 1888 548 1944 Nam
574 1885 749 1959 paulo
781 1889 914 1940 ante
937 1885 996 1940 in
1023 1902 1196 1958 opere
1230 1887 1563 1944 Divinarum
1585 1888 1872 1945 nominum
1907 1889 2054 1946 dixit

2187 1883 2499 1960 πλατύτερον
2533 1883 2585 1939 ἐν
2609 1889 2689 1957 τῷ
2745 1882 2878 1960 Περί
2923 1883 3078 1939 θείων
3138 1882 3444 1965 ὀνομάτων,
3477 1883 3566 1938 ὅτι
3611 1881 3698 1941 καὶ
3745 1881 3792 1936 ἐκ

401 1976 616 2044 fusius,
649 1975 804 2047 quod
837 1974 908 2030 ab
932 1975 1091 2030 omni
1124 1991 1185 2031 re
1215 1976 1370 2031 Deus
1404 1976 1905 2035 nomenclaturam
1931 1995 2055 2036 sor-

2187 1976 2376 2030 τάντων
2555 1975 2582 2029 6
2633 1974 2762 2038 Θεὸς
2811 1972 3152 2047 ὀνομᾶζεται,
3201 1975 3293 2028 καὶ
3347 1977 3475 2030 πᾶσι
3538 1972 3749 2049 πάρεστι
3779 1987 3792 2004 ·

401 2066 604 2132 tiatur,
628 2064 1025 2136 omnibusque
1048 2064 1377 2121 adsit.Iilud
1395 2065 1836 2141 quidem,quasi
1854 2074 2060 2125 auctor

2187 2063 2229 2118 :6
2284 2064 2404 2137 μὶν,
2436 2064 2510 2126 ὡς
2569 2063 2741 2127 αἴτιος
2797 2063 2856 2118 ὲκ
2900 2067 3009 2117 τῶν
3039 2061 3295 2118 αἷτιατῶν
3328 2081 3340 2096 ο
3373 2063 3435 2117 τὸ
3465 2059 3547 2132 δὶ,
3580 2064 3647 2136 τῇ
3677 2079 3797 2139 προ-

410 2171 443 2211 a
472 2155 648 2210 rebus
680 2154 974 2223 causatis;
1008 2154 1117 2211 hoc
1149 2158 1345 2210 autem
1379 2172 1484 2228 per
1535 2155 1726 2229 ipsius
1777 2159 2065 2230 contingit

2187 2149 2312 2223 νοίᾳ,
2367 2150 2441 2213 ὡς
2495 2153 2808 2228 προνοητὴς
2862 2153 3098 2208 πάντων.
3155 2156 3282 2213 Τοῖς
3364 2149 3640 2212 τοιούτοις
3688 2153 3802 2224 γοῦν

414 2243 865 2316 providentiam,
920 2247 983 2300 ut
1028 2243 1128 2316 qui
1181 2244 1457 2300 omnibus
1500 2246 1822 2320 provideat.
1893 2247 2065 2304 Caius

2187 2242 2442 2314 νοήμασιν
2475 2242 2502 2295 6
2553 2240 2712 2304 Γάϊος
2768 2238 3208 2310 κατακολουθῶν,
3241 2239 3357 2297 ἐπεὶ
3407 2241 3462 2297 ἓν
3521 2240 3802 2318 εὑρίσκεται

411 2336 596 2408 igitur
618 2334 678 2391 in
711 2334 1000 2406 ejusmodi
1033 2334 1359 2390 sententias
1407 2336 1772 2393 succedanea
1817 2336 2068 2394 lectione

420 2425 758 2492 devolutus,
784 2423 880 2479 ubi
914 2423 1138 2480 nomini
1176 2423 1264 2478 illi
1298 2423 1651 2494 tbearchico,
1700 2427 1872 2498 Iesus,
1921 2426 2070 2483 alte-

421 2532 557 2572 rum
615 2513 960 2585 adjunctum
1019 2512 1260 2582 invenit,
1329 2521 1470 2586 puta
1518 2509 1824 2588 ὂίνθρωπος,
1874 2514 1933 2570 id
1982 2518 2071 2571 est

424 2611 602 2670 homo,
625 2607 691 2658 ut
711 2605 819 2670 est,
849 2602 1031 2657 Filius
1054 2595 1332 2657 heminis.
1359 2602 1507 2658 Illud
1531 2603 1672 2659 item
1695 2605 2031 2678 expressius
2057 2621 2070 2660 :

422 2694 571 2758 Quid
593 2709 688 2749 me
705 2691 968 2764 quaeritis
992 2691 1319 2746 interficere
1331 2691 1633 2748 hominem
1653 2694 1753 2766 qui
1770 2694 2072 2749 veritatem

423 2781 539 2837 dixi
585 2779 796 2836 vobis?
844 2779 938 2835 Ait
985 2795 1121 2851 ergo
1167 2783 1370 2836 sancto
1437 2781 1586 2854 patri
1635 2783 1808 2837 Caius
1857 2783 1913 2852 (a
1942 2781 2074 2837 Caio

426 2871 582 2924 enim
621 2873 778 2925 mota
810 2868 1053 2940 quaestio
1097 2871 1257 2936 est):
1309 2869 1458 2934 Quid
1510 2870 1712 2942 utique
1761 2869 2073 2925 dicendum

429 2955 600 3010 nobis
621 2957 692 3010 de
710 2955 837 3026 ipso
855 2955 1018 3020 Jesu,
1038 2954 1139 3027 qui
1163 2955 1322 3010 omni
1345 2961 1614 3013 creatura
1655 2957 1922 3029 superior
1947 2960 2072 3028 est;

430 3043 531 3115 qui
563 3059 695 3098 cum
728 3044 1054 3099 secundum
1085 3049 1452 3116 assumptam
1487 3046 1880 3102 substantiam
1910 3047 2073 3103 visus
2105 3067 2147 3136 ς

432 3133 631 3199 homo,
659 3131 717 3186 in
749 3131 1011 3187 ordinem
1045 3131 1290 3188 allectus
1319 3141 1405 3189 est
1437 3135 1680 3202 caeteris,
1708 3136 2072 3192 communio-

428 3238 501 3278 ne
529 3219 874 3278 substantise
905 3238 918 3277 :
951 3221 1107 3277 idem
1142 3222 1427 3279 astruitur
1457 3223 1653 3292 homo,
1687 3228 1745 3281 et
1777 3225 1832 3281 in
1892 3225 2077 3281 homi-

428 3329 572 3368 num
606 3311 755 3367 serie
789 3314 1134 3366 numeratur
1159 3317 1222 3366 ut
1249 3328 1382 3368 vere
1405 3312 1622 3369 homo?
1642 3313 1793 3368 Num
1821 3313 1914 3370 hic
1937 3331 2078 3386 quo-

429 3416 541 3472 que
564 3399 908 3468 dixerimus,
934 3399 1074 3470 quia
1094 3398 1269 3456 homo
1301 3401 1539 3466 dicitur,
1564 3406 1852 3472 quatenus
1877 3407 2080 3459 auctor

429 3495 519 3547 est
538 3490 839 3547 hominum
866 3508 878 3558 ;
901 3491 1679 3565 quemadmodum,exempli
1703 3494 2077 3564 gratia,idem

434 3584 675 3636 vocatur
704 3585 760 3635 et
791 3579 876 3636 sol
903 3583 962 3636 et
992 3579 1112 3646 lux,
1147 3580 1302 3651 quod
1336 3580 1511 3640 solem
1541 3581 1735 3653 ipsum
1771 3583 2081 3654 lucemque

435 3669 810 3727 condiderit?
841 3672 910 3726 Et
945 3684 1150 3726 rursus
1183 3669 1450 3740 nunquid
1482 3671 1552 3726 de
1580 3670 1691 3729 hoc
1718 3672 1904 3744 (Jesu)
1925 3672 2080 3728 dice-

435 3776 569 3816 mus
602 3759 757 3830 quod
793 3759 998 3816 adesse
1025 3757 1366 3816 hominibus
1394 3759 1646 3830 dicatur,
1677 3763 1958 3832 tanquam
1983 3760 2081 3818 ho-

435 3866 568 3906 rum
581 3847 881 3922 provisor,
907 3847 1061 3904 sicut
1081 3851 1138 3905 et
1159 3847 1292 3904 aliis
1309 3848 1581 3906 omnibus
1603 3850 1806 3908 adesse
1822 3849 2038 3908 dicitur
2054 3848 2082 3908 ?

434 3937 539 3992 Hic
568 3936 724 3992 enim
754 3936 1026 3993 videlicet
1051 3936 1108 3996 in
1142 3937 1580 4009 dispensatione
1609 3939 1804 3996 carnis
1834 3956 1868 3996 a
1895 3938 2083 4000 Verbo

441 4029 742 4097 susceptas,
775 4026 1061 4082 rationem
1085 4025 1345 4100 aliquam
1370 4028 1725 4099 peculiarem
1753 4044 2085 4100 quaeramus

443 4116 672 4183 oportet
695 4131 710 4184 ς
731 4129 862 4169 cum
883 4115 1603 4188 prasterdispensationem
1625 4117 2083 4189 quoqueipsam,

441 4201 635 4260 vocari
667 4201 853 4274 possit
883 4201 1080 4272 homo,
1114 4204 1289 4276 quasi
1318 4208 1520 4262 auctor
1551 4203 1855 4262 hominum
1888 4209 1946 4260 et
1967 4205 2089 4275 opi-

440 4291 559 4352 fex.
600 4289 916 4349 Conﬁrmat
945 4290 1054 4350 hoc
1084 4290 1142 4346 in
1174 4289 1670 4364 Chronograpbiis
1701 4308 1803 4348 seu
1828 4294 1886 4350 in
1918 4292 2086 4352 libris

442 4382 515 4436 De
571 4387 875 4451 temporum
931 4380 1074 4435 serie
1132 4379 1462 4450 Africanus,
1509 4382 2003 4452 quemadmodum
2055 4399 2087 4438 a

439 4468 763 4541 majoribus
817 4469 1038 4526 nostris
1081 4468 1379 4542 proditum
1428 4474 1516 4526 est
1566 4470 1880 4526 memoriis.
1930 4472 2085 4528 Deus

440 4559 598 4616 enim
621 4558 824 4614 eodem
859 4557 1094 4615 nomine
1119 4574 1235 4630 quo
1257 4575 1347 4615 res
1372 4559 1443 4616 ab
1469 4559 1596 4631 ipso
1617 4561 2086 4634 conditaa,appel-

440 4647 628 4706 lator:
661 4646 1134 4720 quandoquidem
1176 4646 1234 4704 in
1269 4647 1520 4719 singulis
1561 4647 1844 4719 exsistat;
1875 4649 1935 4706 in
1965 4649 2086 4710 dis-

442 4737 785 4810 pensatione
817 4739 1017 4792 autcm
1045 4736 1340 4808 assumpti
1373 4736 1634 4796 hominis
1666 4754 1781 4794 non
1806 4742 2090 4810 tanquam

441 4830 647 4882 auctor
675 4825 1006 4895 hominum,
1032 4841 1235 4881 verum
1255 4829 1534 4896 tanquam
1560 4829 1885 4884 secundum
1909 4831 2090 4886 totam

439 4915 834 4974 substantiam
858 4915 1009 4972 249
1029 4915 1286 4971 humana
1308 4913 1710 4974 circumdatus
1725 4933 1898 4974 carne
1916 4917 2090 4975 homo

438 5006 806 5076 praedicatur.
863 5006 941 5061 Ad
999 5005 1120 5064 haec
1169 5004 1351 5077 igitur
1398 5005 1569 5066 Pater
1619 5008 2003 5079 respondens,
2037 5011 2094 5065 et

437 5111 571 5150 cum
602 5099 801 5167 posset
831 5094 1130 5167 propriam
1166 5094 1258 5150 hic
1295 5094 1585 5151 rationem
1635 5095 1875 5164 dixisse,
1934 5095 2090 5168 quod

440 5187 722 5254 tanquam
742 5199 876 5240 vere
898 5184 1158 5240 humana
1181 5201 1356 5241 carne
1378 5184 1628 5243 vestitus
1646 5185 1820 5243 homo
1838 5184 2090 5252 dicatur,

443 5288 632 5344 neque
653 5273 954 5332 veritatem
975 5275 1306 5346 corrupisse
1329 5274 1440 5347 (sic
1459 5272 2091 5346 respondendo).Prius

443 5377 576 5416 vero
608 5363 807 5418 volens
837 5363 1012 5420 etiam
1045 5363 1154 5421 hoc
1202 5364 1458 5436 (nomen)
1486 5366 1657 5435 juxta
1688 5362 2090 5421 deﬁnitionem

448 5447 696 5505 aliorum
749 5449 980 5523 (Christi
1026 5451 1306 5510 nimirum
1360 5453 1687 5511 secundum
1743 5468 1980 5510 causam
2038 5456 2095 5508 et

450 5537 758 5608 principia)
789 5563 803 5606 ;
837 5539 942 5594 hoc
974 5542 1130 5596 enim
1161 5540 1272 5595 sibi
1295 5541 1586 5612 proponit,
1612 5541 1729 5596 ait:
1759 5540 1876 5596 Nos
1898 5543 2092 5595 autem

446 5627 644 5682 Jesum
679 5626 1025 5698 neutiquam
1059 5629 1319 5684 humana
1349 5628 1609 5686 ﬁnitione
1668 5628 2094 5685 circumscribi-

2177 2329 2266 2386 ἐπὶ
2294 2333 2391 2385 τοῦ
2421 2333 2735 2408 θεαρχικοῦ,
2767 2331 2981 2402 Ἰησοῦς
3029 2325 3205 2405 ὄνομα
3249 2332 3340 2389 καὶ
3393 2331 3457 2385 τὸ
3516 2327 3806 2410 ἄνθρωπος,

2179 2421 2253 2482 ὡς
2279 2421 2364 2488 τὸ,
2391 2421 2419 2475 6
2450 2419 2574 2484 1‘16;
2618 2423 2718 2474 106
2766 2420 3076 2498 ἀνθρώπου,
3107 2420 3197 2477 καὶ
3245 2417 3321 2476 ἔτι
3356 2419 3676 2499 σαφέστερον
3711 2436 3724 2450 ·
3751 2416 3807 2476 Τί

2184 2509 2394 2580 ζητεῖτὲ
2439 2530 2503 2582 με
2536 2510 2867 2582 ἀποκτεῖναι,
2902 2508 3206 2584 ἄνθρωπον,
3238 2508 3297 2571 ὃς
3341 2508 3488 2565 εἶπον
3551 2508 3674 2582 ὑμῖν
3727 2507 3806 2576 τὴν

2183 2595 2477 2672 ἀλήθειαν;
2514 2597 2646 2682 φησὶ
2689 2599 2872 2653 τοίνυν
2923 2600 2950 2652 6
2991 2599 3153 2663 Γάίὀς
3182 2598 3318 2672 πρὸς
3374 2599 3464 2652 τὸν
3538 2599 3689 2674 ἅγιον
3717 2596 3809 2666 (ἀπ’

2185 2685 2392 2742 ἐκείνου
2442 2688 2544 2763 γὰρ
2604 2689 2640 2757 ἠ
2692 2685 3002 2762 ἐρώτησις)’
3036 2686 3104 2744 Τί
3125 2685 3349 2762 λέξομεν
3382 2686 3506 2761 περὶ
3531 2690 3629 2742 106
3658 2687 3808 2756 Ἰησοῦ

2181 2780 2278 2830 106
2330 2773 2545 2830 πάντων
2603 2775 2846 2833 ἐπέκεινα
2882 2795 2894 2808 °
2955 2773 3043 2831 ὅτι
3088 2778 3208 2832 κατ’
3255 2774 3437 2831 οὐσίαν
3495 2773 3808 2850 βλεπόμενος

2185 2862 2470 2942 ἄνθρωπος
2527 2867 2869 2921 συντέτακται
2920 2871 3078 2922 πᾶσιν
3134 2863 3430 2936 οὗσιωδῶς,
3477 2866 3570 2922 καὶ
3623 2862 3810 2938 ἄνθρω-

2184 2973 2285 3016 πος
2343 2950 2581 3029 λέγεται,
2627 2951 2716 3008 καὶ
2773 2953 2824 3008 ἐν
2871 2958 2987 3018 τοῖς
3046 2954 3349 3032 ἀνθρώποις
3405 2953 3515 3010 ἐστὶ
3576 2953 3808 3020 πάντωςς

2185 3043 2264 3099 Οὐ
2328 3063 2401 3116 μη
2455 3044 2698 3121 φήσομεν
2755 3043 2846 3097 καὶ
2877 3041 3121 3114 ἐνταῦθα,
3155 3039 3551 3125 δτιόἔνθρωπος
3602 3040 3809 3116 λέγεται,

2185 3131 2259 3193 ὡς
2289 3130 2462 3193 α’ίτιος
2493 3132 2790 3209 ἀνθρώπων
2827 3151 2840 3166 ·
2875 3129 3053 3208 ὥσπερ
3114 3129 3329 3204 δηλαδὴ
3381 3132 3471 3187 καὶ
3526 3129 3710 3204 ἥλιος,
3734 3129 3805 3183 καὶ

2186 3223 2320 3298 φῶς,
2389 3221 2465 3288 ὡς
2519 3219 2690 3284 α’ίτιος
2739 3221 2906 3290 ήΛίου
2961 3220 3051 3276 καὶ
3109 3221 3326 3301 (proﬁc;
3393 3219 3492 3276 Καὶ
3529 3216 3809 3275 πάλιν·οὖ

2190 3311 2266 3383 μή
2329 3311 2572 3388 φήσομεν
2627 3309 2714 3366 ἐπὶ
2756 3308 2954 3365 τούτου
3009 3312 3142 3388 (26),
3184 3310 3266 3366 ὅτι
3326 3314 3562 3365 συνεῖναι
3621 3309 3810 3386 λέγεται

2185 3403 2304 3462 τοῖς
2335 3399 2666 3474 ἀνθρώποις,
2699 3399 2773 3460 ὡς
2794 3400 3106 3476 προνοητὴς
3138 3399 3366 3473 τούτων,
3394 3401 3576 3463 καθὼς
3603 3399 3686 3454 καὶ
3713 3401 3809 3460 τοῖς

2190 3486 2388 3549 ἄλλοις
2417 3489 2579 3542 ἅπασι
2614 3493 2847 3544 συνεῖναι
2870 3487 3084 3565 λέγεται
3117 3492 3226 3562 (27)
3251 3509 3265 3558 ;
3291 3485 3511 3546 Ἐνθοὶδε
3537 3484 3810 3562 γὰρ,ἤγουν

2190 3576 2244 3632 ἐν
2274 3580 2342 3650 τῇ
2376 3577 2681 3650 οἰκονομίᾳ,
2715 3577 2879 3653 λόγον
2907 3578 3030 3634 τινὰ
3052 3577 3196 3634 ’ίδιον
3233 3581 3564 3652 ζητήσομεν,
3599 3575 3706 3632 ἐπεὶ
3741 3575 3812 3628 καὶ

2192 3664 2326 3740 δίχα
2353 3665 2577 3736 ταύτης,
2605 3666 2692 3722 καὶ
2753 3666 2829 3730 ὡς
2885 3665 3059 3732 α’ίτιος
3118 3667 3416 3744 ἀνθρώπων
3458 3667 3550 3723 καὶ
3580 3665 3814 3735 ποιητής,

2191 3755 2456 3826 κληθείην
2488 3751 2547 3812 ἂν
2596 3752 2896 3830 ἄνθρωπος,
2925 3757 3094 3812 Τοῦτό
3140 3778 3298 3836 φησιν
3353 3756 3405 3816 ἕν
3457 3761 3581 3820 ταῖς
3629 3760 3814 3830 Χρονο·

2191 3843 2444 3922 γραφίαις
2630 3843 2719 3901 καὶ
2770 3845 3119 3921 Ἀφρικανὸς,
3169 3846 3243 3909 ὡς
3303 3843 3528 3903 παλαιοὶ
3579 3847 3815 3921 Λέγουσι·

2195 3935 2411 4010 λέγεται
2441 3933 2542 4011 γὰρ
2575 3934 2888 4008 ὁμωνύμως
2918 3937 2946 3992 6
2969 3938 3100 4004 Θεὸς
3131 3940 3261 3993 πᾶσι
3283 3942 3399 3999 τοῖς
3432 3935 3483 4006 ἐξ
3514 3936 3680 3994 αὐτοῦ
3706 3934 3817 4006 (29),

2195 4021 2384 4092 ἐπειδή
2435 4023 2486 4079 ἐν
2520 4022 2680 4080 πᾶσίν
2715 4023 2853 4084 ἐστιν
2885 4027 3035 4097 (30)·
3072 4023 3124 4081 ἐν
3176 4022 3232 4084 δὲ
3278 4026 3349 4098 τῇ
3375 4024 3665 4098 οἰκονομίᾳ
3697 4019 3823 4077 δοκεῖ

2199 4113 2305 4188 οὐχ
2335 4114 2410 4175 ὡς
2442 4110 2613 4176 α⁹ίτιος
2636 4114 2959 4190 ἀνθρώπων,
2991 4115 3066 4178 ὡς
3116 4113 3254 4172 κατὰ
3313 4115 3411 4182 τὴν
3471 4111 3656 4170 οὐσίαν
3711 4108 3826 4178 δ’λην

2199 4202 2505 4270 οὐσιωθεὶς,
2538 4202 2823 4277 ἄνθρωπος
2855 4204 3072 4278 Λέγεται
3103 4205 3242 4276 (31).
3274 4203 3421 4277 Πρὸς
3467 4206 3636 4259 ταῦτα
3662 4203 3776 4277 γοῦν
3804 4197 3825 4249 ὁ

2197 4290 2381 4364 Πατὴρ
2417 4286 3156 4367 ἀπολογούμενος,καὶέχων
3194 4293 3288 4364 μὶν
3324 4289 3493 4348 εἰπεῖν
3517 4287 3663 4346 ’ἰδιον
3686 4286 3825 4363 λόγον

2199 4377 2444 4448 ἐνταῦθα,
2478 4379 2560 4433 ὅτι
2594 4379 2666 4440 ὡς
2698 4377 2922 4450 ἀληθῶς
2954 4379 3254 4455 σαρκωθεὶς
3285 4378 3570 4455 ἅνθρωπος
3615 4376 3826 4452 λέγεταιν

2117 4438 2163 4504 Ι)
2195 4466 2282 4524 καὶ
2322 4438 2396 4540 μὴ
2431 4438 2774 4541 λυμήνασθαι
2793 4438 2946 4547 ’ἑὴνὲρ
2980 4438 3432 4543 ἀλήθειαν-(32)·
3473 4438 3612 4530 τιῴς
3667 4438 3720 4522 δὲ
3756 4438 3825 4519 καί

2193 4561 2354 4616 τοῦτο
2385 4555 2555 4612 θέλων
2586 4557 2723 4614 κατά
2769 4559 2858 4614 τὸν
2912 4557 3083 4633 λόγον
3151 4559 3259 4617 τῶν
3321 4558 3515 4632 ἒτὲρων
3574 4553 3826 4629 ὀνομάτων

2199 4644 2584 4720 ἐξηγήσασθαι,
2619 4643 2878 4716 δηλονότι
2909 4646 3046 4704 κατά
3101 4647 3166 4706 τὸ
3217 4643 3388 4703 ατὶτιον
3446 4648 3630 4717 (τοῦτο
3675 4644 3764 4718 γὰρ
3806 4639 3828 4692 ὁ

2201 4732 2446 4805 σκοπὸς),
2474 4734 2636 4812 φησίν
2673 4751 2685 4764 ·
2728 4735 2920 4808 Ἡμεῖς
2952 4737 3063 4807 (33)
3125 4732 3182 4790 δὲ
3231 4735 3324 4790 τὸν
3354 4735 3564 4803 Ἰησοῦν
3622 4731 3715 4790 οὐκ
3757 4730 3830 4782 ἀν-

2203 4826 2494 4898 θρωπικῶς
2528 4822 2881 4900 ἀφορίζομεν,
2912 4823 3058 4878 τοῦτ’
3088 4821 3228 4882 ἔστιν
3263 4823 3328 4878 οὐ
3373 4823 3540 4894 μόνον
3570 4820 3829 4894 ἄνθρωπον

2203 4913 2460 4986 λέγομεν.
2513 4915 2637 4974 Πῶς
2695 4913 2799 4986 γὰρ
2878 4910 3156 4988 λέγοιμεν,
3211 4910 3535 4987 ὑπερούσιος
3590 4909 3830 4979 Ἰησοῦς;

2202 4998 2369 5076 Ε’ίπερ
2399 5002 2465 5072 ἦν
2498 5000 2660 5073 μόνον
2713 4997 3021 5075 ἄνθρωπος,
3053 5003 3171 5061 πῶς
3223 4997 3439 5073 ἐλέγετο
3491 4995 3830 5074 ὑπιρούσιος;

2204 5087 2377 5146 Ἀλλά
2406 5087 2688 5166 ἄνθρωπος
2741 5090 2836 5163 μὶν
2867 5087 3092 5161 ἀληθῶς
3161 5089 3188 5145 6
3248 5085 3372 5144 λίαν
3428 5086 3828 5167 φιλάνθρωπος·

2200 5183 2361 5234 τοῦτο
2418 5179 2520 5253 γᾶρ
2581 5177 2690 5234 ἐστι
2721 5179 2785 5234 τὸ
2819 5177 3208 5254 διαφερόντως,
3242 5174 3505 5247 δηλονότι
3561 5177 3590 5236 6
3642 5174 3831 5232 πάντων

2204 5264 2469 5344 διαφέρων
2498 5267 2633 5324 κατά
2677 5268 2739 5324 τὸ
2785 5265 3176 5345 φιλάνθρωπον
3210 5268 3344 5340 (34).
3377 5267 3693 5340 Ἄνθρωπος
3733 5256 3832 5316 τοί-

2200 5376 2286 5412 νυν
2350 5355 2570 5424 ἀληθῶς
2630 5357 2657 5410 6
2719 5356 3063 5432 ὑπερούσιος,
3096 5352 3433 5426 οὗσιωμὲνος
3465 5352 3552 5410 ἐπὶ
3599 5355 3700 5408 τῶν
3753 5347 3833 5402 ἂν·

2203 5445 2436 5518 θρώπων
2520 5445 2726 5516 οὐσίας,
2785 5446 2872 5504 καὶ
2950 5446 3066 5504 κατ’
3143 5443 3485 5519 ἀνθρώπους,
3544 5439 3631 5500 καὶ
3713 5435 3828 5509 ὑπὲρ

2204 5536 2521 5610 ἀνθρώπους
2557 5557 2569 5569 ·
2627 5535 2744 5589 κατ’
2797 5533 3114 5609 ἀνθρώπους
3167 5534 3285 5607 μὲν,
3341 5529 3432 5586 Stin
3502 5529 3565 5584 16
3637 5527 3688 5581 ἐν
3733 5523 3830 5596 μή-

2201 5645 2303 5700 τρᾳ
2359 5623 2822 5699 χωρηθῆναι,καὶ
2882 5623 2941 5679 ἐκ
2993 5627 3100 5678 τῶν
3157 5625 3492 5698 παρθενικῶν
3536 5616 3621 5674 καὶ
3676 5611 3825 5688 ἁγίων
