4004 6200
376 359 479 414 447

1183 363 1547 416 APPENDIX
1585 363 1683 416 AD
1722 364 1961 418 OPERA
2001 364 2062 416 8.
2103 361 2422 418 DIONYSII
2461 364 2963 421 AREOPAGITE.

3685 362 3792 416 448

358 483 539 557 quasi
571 501 686 540 non
720 484 916 552 homo,
951 485 1145 542 verius
1175 487 1345 557 quasi
1402 503 1777 544 communem
1831 486 2016 542 homi-

2169 507 2282 544 ατο.
2319 488 2634 562 Σημείωσαι
2683 486 2742 544 δὲ
2791 488 2873 544 ὅτι
2922 494 3017 543 νῦν
3067 489 3163 563 μὲν
3199 490 3226 544 6
3272 485 3425 564 ἅγιος
3452 489 3551 556 τήν
3584 488 3792 560 μικτὴν

367 591 512 632 num
561 577 835 630 naturam
884 576 1328 643 transcendens,
1381 582 1438 632 et
1488 593 1669 650 supra
1718 575 2021 632 hominem

343 679 492 720 vere
517 661 712 719 editus
734 662 931 720 homo.
955 664 1154 720 Obiter
1179 663 1354 720 velim
1389 669 1554 721 notes
1587 665 1838 721 solidam
1873 663 2024 720 hanc

361 751 676 824 epistolam
719 753 945 808 intendi
993 753 1276 809 adversus
1327 753 1731 812 Nestorianos.
1780 752 2023 809 Notabis

363 841 612 912 insuper
640 841 1102 898 inenarrabilem
1144 841 1407 913 nullique
1456 841 1860 914 explicandam
1913 845 2021 897 Do-

363 930 511 986 mini
543 933 683 987 Jesu
714 931 1015 1000 unionem,
1051 931 1190 1003 quia
1221 949 1334 988 non
1369 936 1435 988 ut
1465 933 1620 989 Deus
1648 935 1884 989 tantum
1935 931 2021 986 di-

361 1021 498 1074 vina
548 1019 791 1092 perfecit
823 1036 837 1076 :
870 1024 996 1076 erat
1024 1020 1180 1076 enim
1231 1020 1428 1078 homo.
1481 1021 1737 1076 Rursum
1790 1037 1906 1076 non
1956 1023 2022 1075 ut

362 1108 538 1164 homo
561 1112 792 1164 tantum
817 1108 1078 1165 humana
1099 1109 1303 1180 gessit;
1327 1113 1449 1166 erat
1473 1110 1631 1166 enim
1655 1109 1830 1165 Deus.
1856 1109 2020 1166 Unde

363 1201 420 1252 et
450 1197 768 1269 Gregorius
800 1196 1107 1269 theologus
1136 1198 1561 1254 admirabiliter
1589 1199 1752 1264 dicit,
1793 1198 2019 1254 naturis

361 1285 538 1342 veluti
572 1285 1023 1357 commistis,sic
1055 1285 1339 1342 nimirum
1373 1286 1866 1360 appellationibus
1897 1303 2024 1342 mu-

359 1377 458 1429 tuo
510 1390 749 1446 quoque
799 1375 1243 1431 recurrentibus
1302 1375 1528 1432 ratione
1585 1375 2021 1447 conjunctionis

362 1464 732 1519 naturarum.
767 1462 1052 1518 Caeterum
1076 1465 1372 1536 quomodo
1393 1468 1457 1519 ut
1478 1464 1630 1522 Deus
1652 1465 1856 1538 gessit,
1887 1481 2018 1536 quis

351 1550 565 1607 divina
594 1556 761 1608 erant
792 1554 1025 1624 proprie
1045 1551 1075 1607 7
1104 1551 1306 1610 Recole
1333 1555 1488 1625 quod
1522 1553 1770 1627 pedibus
1817 1570 2018 1626 corpo-

364 1640 482 1696 reis
512 1657 689 1712 super
718 1656 879 1697 mare
909 1641 1218 1713 ingressus
1257 1641 1354 1698 sit.
1388 1641 1602 1698 Divina:
1635 1647 1832 1699 autem
1879 1658 2014 1715 ope-

2139 573 2408 651 ἐνεργειαν
2463 576 2781 652 θεανδρικήν
2833 576 3079 633 ἐκάλεσεν
3131 579 3287 652 (39)·
3349 577 3620 653 ἐνήργησε
3680 576 3791 650 γὰρ

2131 663 2222 718 καὶ
2292 665 2366 727 ὡς
2426 665 2556 728 Θεὸς
2609 667 2796 739 μόνον,
2884 664 2974 722 ὅτε
3049 667 3202 723 ἀπὼν
3259 667 3349 720 τὸν
3407 670 3504 721 τοῦ
3562 665 3793 720 sitnov-

2128 753 2344 830 τάρχου
2401 751 2570 809 παῖδα
2619 754 2805 811 ίάσατο
2856 756 2970 828 (40)
3004 773 3017 786 ⁸
3072 755 3162 810 καὶ
3222 755 3297 817 ὡς
3339 753 3623 828 ἅνθρωπος
3687 754 3796 825 μό‹

2129 862 2244 912 νον,
2278 842 2323 897 εἰ
2352 842 2442 896 καὶ
2471 842 2608 911 ,Θεὸς
2639 844 2728 914 ᾖν,
2779 841 2831 898 ἐν
2877 865 2957 916 τῳ
3003 841 3192 898 ἐσθίειν
3243 844 3331 898 καὶ
3365 841 3681 906 λυπεῖσθαι.
3726 842 3794 897 Ὀ

2117 927 2189 985 ’δὶ
2233 932 2404 1005 ἅγιος,
2437 933 2536 1002 τήν
2591 933 2888 1008 θεαρχικήν
2952 932 3117 987 εἰπὼν
3177 930 3468 1007 ἐνέργειαν,
3518 929 3793 1001 δηλονότι

2127 1020 2248 1083 καθ’
2295 1017 2362 1089 ἤν
2411 1019 2626 1094 ἐνήργει
2681 1021 2748 1074 τὰ
2796 1019 3046 1094 θαύματα
3090 1022 3224 1094 (41),
3282 1020 3371 1074 καὶ
3412 1019 3625 1094 τυφλοῦ
3690 1019 3791 1091 μὶν

2129 1106 2448 1184 ὀφθαλμοὺς
2505 1105 2593 1162 διὰ
2662 1107 2897 1184 χρίσεως
2958 1106 3329 1183 ἐδημιούργει,
3380 1107 3489 1186 ἀφὴ
3541 1105 3600 1162 δὲ
3645 1127 3794 1182 κρα-

2129 1194 2327 1252 σπέδου
2355 1199 2456 1266 τήν
2501 1197 2903 1273 αἱμοῤῥοοῦσαν
2949 1197 3092 1267 tam,
3139 1197 3236 1259 τὰς
3285 1196 3372 1252 ἐπὶ
3404 1202 3645 1271 Χριστοῦ
3686 1194 3792 1251 δύο

2128 1285 2398 1362 ἐνεργείας
2448 1283 2716 1356 ἐδήλωσε.
2767 1287 3064 1361 Συνάγεται
3116 1284 3217 1362 ἄρα
3268 1285 3327 1340 ἐκ
3368 1285 3575 1340 τούτων
3610 1286 3791 1339 ἀπάν-

2125 1395 2258 1443 των,
2290 1372 2375 1428 ὅτι
2403 1376 2493 1428 καὶ
2516 1374 2800 1448 ἅνθρωπος
2830 1371 2978 1449 εἴπερ
3011 1373 3231 1449 ὶέγοιτο
3261 1373 3338 1437 ὡς
3365 1371 3538 1436 αἴτιος
3565 1373 3662 1428 καὶ
3698 1374 3794 1427 ἇν-

2129 1463 2362 1535 θρώπων
2395 1459 2756 1538 δημιουργὸς,
2779 1464 2956 1525 καθὼς
2981 1461 3240 1538 ἐλέγομεν
3271 1463 3362 1517 καὶ
3393 1460 3481 1517 ἐπὶ
3510 1467 3628 1524 τοῖς
3675 1461 3796 1518 ἐτέ-

2129 1571 2243 1627 ροις
2274 1551 2558 1624 ὀνόμασιν,
2594 1549 2709 1606 ἐπεὶ
2744 1552 2874 1626 ὑπὶρ
2916 1548 3202 1626 ἄνθρωπον
3233 1550 3301 1605 τά
3333 1555 3441 1605 τῶν
3475 1551 3796 1625 ἀνθρώπων

2127 1639 2365 1715 ἐνήργει,
2397 1639 2495 1694 οὐκ
2526 1639 2584 1694 ἂν
2617 1632 3010 1713 διαλυμανθέίη
3035 1638 3273 1695 καθόλου
3303 1640 3337 1709 ἠ
3370 1637 3602 1710 ἀλήθεια
3633 1640 3792 1712 (42).

355 1729 614 1786 rationis
670 1729 903 1803 insigne
958 1734 1049 1787 est
1105 1731 1433 1803 astringere
1490 1730 1738 1787 fluidum
1799 1747 1964 1803 aqua;
2020 1728 2412 1799 elementum;
2461 1734 2688 1798 contra,
2737 1746 2894 1795 caro,
2939 1745 3072 1786 ossa
3115 1734 3174 1785 et
3221 1729 3423 1802 pedes,
3469 1722 3581 1785 non
3628 1727 3794 1784 hu'ic

362 1818 576 1875 divinis
605 1818 917 1876 tribuenda
948 1823 1189 1876 naturas.
1223 1819 1450 1876 Rursus
1476 1820 1632 1892 quod
1675 1819 1838 1892 virgo
1886 1818 2050 1875 salva
2114 1817 2450 1890 integritate
2497 1817 2812 1891 concipiat,
2859 1818 2993 1890 quis
3049 1816 3158 1874 hoc
3201 1818 3432 1874 dubitet
3475 1815 3791 1874 ascribere

360 1908 570 1965 divinae
599 1907 965 1980 operationi?
995 1925 1026 1964 e
1057 1909 1307 1979 diverso,
1340 1909 1495 1980 quod
1529 1907 1673 1964 facie
1703 1907 2046 1981 reliquaque
2076 1907 2475 1964 membrorum
2505 1907 2815 1964 harmonia
2843 1907 3184 1964 etformatus
3209 1901 3790 1979 sit,haudquaquam

359 1997 651 2055 divinitati
683 1998 942 2053 noscitur
971 2003 1320 2070 competere.
1352 1997 1438 2052 Ad
1469 1998 1738 2054 eumdem
1787 1998 2052 2066 modum,
2104 1996 2307 2054 eadem
2358 2011 2557 2068 opera,
2606 2014 2642 2054 a
2687 1995 3014 2066 contrario;
3063 2012 3181 2054 non
3230 1987 3387 2053 enim
3435 1996 3787 2053 secundum

359 2086 633 2142 humanis
664 2094 882 2142 naturae
911 2085 1062 2143 vires
1091 2087 1276 2159 gessit
1305 2103 1434 2159 quas
1462 2086 1723 2142 humana
1750 2089 1923 2156 sunt;
1972 2085 2148 2142 homo
2194 2084 2431 2157 quidem
2479 2090 2623 2154 erat,
2677 2085 2856 2157 idque
2903 2102 2974 2143 ex
3019 2084 3267 2158 virgine,
3299 2085 3420 2156 (sed
3469 2089 3528 2142 et
3575 2084 3788 2142 neuti-

359 2191 540 2248 quam
570 2174 839 2231 humanm
871 2175 1264 2244 conditionis;
1302 2193 1438 2232 nam
1469 2191 1645 2248 quem
1676 2174 1821 2232 mihi
1852 2175 2084 2232 dederis
2109 2173 2207 2246 qui
2236 2190 2306 2230 ex
2333 2173 2555 2245 virgine
2586 2173 2909 2248 prognatus
2939 2175 3016 2230 sit
3042 2174 3262 2232 homo?
3299 2175 3550 2242 Rursus,
3580 2173 3787 2247 {pedi-

359 2264 473 2320 bus
505 2263 786 2333 incidere,
843 2264 950 2321 hoc
1001 2263 1260 2320 hominis
1307 2280 1437 2322 esse
1485 2263 1674 2336 liquet
1723 2281 1738 2320 :
1788 2279 1968 2337 super
2011 2279 2224 2336 aquam
2282 2262 2531 2335 ingredi,
2580 2279 2698 2320 non
2749 2264 2876 2334 jam
2933 2263 3195 2322 hominis
3242 2264 3362 2320 est.
3413 2264 3555 2332 Quis
3605 2263 3790 2320 enim

359 2349 676 2422 aliquando
726 2350 1035 2406 hominum
1081 2355 1374 2423 quatenus
1423 2350 1620 2420 homo,
1669 2350 1784 2406 nisi
1828 2349 1986 2406 idem
2039 2349 2238 2405 divina
2285 2349 2562 2422 quapiam
2609 2349 2824 2406 virtute
2872 2350 3182 2420 subnixus,
3233 2366 3414 2423 super
3446 2354 3641 2424 aquas
3687 2349 3794 2406 in-

363 2438 525 2512 gredi
559 2439 797 2511 potuit?
823 2439 923 2494 Dei
955 2438 1113 2495 enim
1153 2439 1410 2512 operatio
1455 2438 1618 2508 talis,
1667 2439 1769 2495 sed
1819 2438 1920 2513 qui
1968 2437 2082 2494 sibi
2128 2438 2452 2495 humanam
2503 2439 2763 2496 induerit
2807 2443 3102 2497 naturam.
3157 2441 3276 2496 Hoc
3323 2438 3495 2513 plane
3541 2438 3794 2496 indicat

362 2527 539 2585 dictio
569 2524 958 2602 ἀνδρωθέντος,
987 2528 1074 2584 vir
1104 2528 1260 2585 enim
1293 2529 1470 2586 simul
1501 2532 1558 2585 et
1587 2529 1763 2584 homo
1794 2527 2021 2600 signate
2051 2526 2303 2595 dicitur;
2348 2531 2415 2585 ut
2459 2528 2561 2601 qui
2607 2544 2676 2585 ex
2723 2529 2955 2586 duabus
3001 2530 3147 2588 251
3203 2529 3435 2586 naturis
3482 2519 3792 2586 conﬂatus

361 2634 770 2690 apparensque
818 2617 1104 2673 Dominus
1151 2621 1344 2686 Jesus,
1396 2634 1622 2686 eorum,
1671 2633 1797 2688 qua:
1844 2615 2222 2687 theandrice,
2278 2615 2389 2673 hoc
2433 2622 2523 2673 est
2570 2616 2673 2674 Dei
2718 2617 2906 2674 virilis
2953 2626 3120 2674 erant
3148 2618 3532 2691 operationis,
3562 2617 3788 2674 multi-

356 2705 492 2780 plex
539 2706 832 2778 specimen
882 2705 1052 2763 nobis
1101 2706 1368 2763 ediderit.
1416 2707 1564 2762 Nota
1611 2705 1872 2778 insuper,
1923 2705 2202 2777 quoniam
2251 2709 2493 2762 sanctus
2539 2705 2693 2764 hanc
2741 2706 2957 2764 Christi
3004 2706 3446 2765 miseellaneam
3477 2707 3788 2780 operatio-

360 2811 493 2852 nem
523 2797 848 2852 vocandam
900 2795 1130 2852 censuit
1177 2791 1516 2866 θεανδρικήν,
1569 2795 1680 2852 hoc
1726 2799 1817 2851 est
1869 2794 1965 2850 Dei
2016 2793 2265 2852 virilem.
2311 2794 2598 2867 Operatus
2645 2795 2803 2852 enim
2853 2800 2963 2865 est,
3012 2799 3070 2851 et
3111 2796 3279 2868 quasi
3333 2796 3490 2852 Deus
3550 2795 3788 2864 solum,

363 2885 599 2957 quando
630 2885 844 2941 absens
877 2884 1062 2940 ﬁlium
1114 2883 1475 2940 centurionis
1521 2883 1769 2940 sanavit.
1819 2883 2054 2949 Contra,
2106 2886 2173 2938 ut
2218 2882 2395 2939 homo
2444 2884 2656 2951 solum,
2708 2883 2863 2941 Deus
2910 2884 3126 2956 alioqui
3184 2883 3339 2941 idem
3390 2901 3528 2940 cum
3576 2889 3786 2953 esset,

364 2973 604 3042 quando
637 2977 916 3038 ﬁcomesse
963 2971 1170 3040 voluit,
1218 2976 1276 3027 et
1323 2971 1479 3027 afﬁci
1525 2987 1789 3027 mmrore.
1845 2971 2021 3027 Porro
2070 2974 2312 3027 sanctus
2359 2970 2455 3027 hic
2509 2972 2805 3046 θεαρχικήν
2855 2987 2991 3028 cum
3022 2971 3188 3044 dixit,
3217 2971 3319 3028 Dei
3348 2971 3578 3028 virilem
3611 2972 3790 3029 vide-

367 3059 506 3116 licet
534 3059 698 3115 illam
733 3061 827 3116 Dei
859 3061 1276 3132 operationem,
1308 3077 1408 3131 per
1439 3077 1616 3133 quam
1649 3059 2026 3132 suspicienda
2071 3059 2241 3131 signa
2287 3060 2498 3117 edebat
2547 3077 2562 3118 :
2613 3065 2777 3133 puta,
2828 3077 2947 3133 qua
2995 3061 3130 3117 caeci
3179 3059 3380 3117 oculos
3426 3060 3554 3118 sola
3597 3061 3789 3118 inun-

367 3148 561 3204 ctione
609 3149 861 3216 refinxit,
911 3148 1033 3205 solo
1080 3150 1222 3205 item
1273 3153 1493 3205 attactu
1543 3149 1786 3204 fimbriis
1834 3149 2060 3204 curavit
2099 3148 2626 3218 haemorrhousam,
2659 3150 2810 3207 duas
2838 3149 2898 3206 in
2929 3149 3158 3207 Christo
3189 3151 3371 3207 fuisse
3403 3150 3791 3223 operationes

365 3237 476 3293 hoc
531 3239 768 3293 nomine
815 3237 1140 3294 luculenter
1185 3239 1490 3309 expressit.
1540 3238 1620 3293 Ex
1669 3237 1759 3294 his
1811 3254 1954 3293 sane
1993 3236 2271 3294 omnibus
2317 3239 2664 3311 compendio
2709 3238 3026 3311 colligitur,
3079 3239 3218 3310 quia
3268 3239 3539 3296 Christus
3591 3239 3791 3296 asseri

363 3327 540 3382 etiam
587 3331 814 3398 poterat
865 3327 1036 3382 homo
1082 3332 1373 3399 quatenus
1422 3330 1621 3383 auctor
1666 3331 1726 3382 et
1771 3326 2081 3382 hominum
2111 3331 2340 3383 creator
2366 3332 2521 3397 erat;
2555 3329 3056 3400 quemadmodum
3088 3329 3150 3384 in
3181 3327 3433 3384 aliorum
3465 3327 3792 3384 nominum

365 3414 751 3486 eXplicatione
779 3414 1012 3470 abunde
1044 3414 1213 3469 nobis
1245 3414 1467 3469 dictum
1499 3418 1610 3469 est.
1640 3413 1840 3484 Neque
1869 3412 1992 3469 ullo
2021 3414 2196 3471 modo
2228 3418 2504 3488 corrupta
2534 3415 2743 3473 fuisset
2788 3415 3005 3472 veritas
3053 3432 3069 3472 :
3121 3415 3357 3487 quando
3406 3430 3537 3488 quae
3583 3415 3794 3473 homi-

367 3517 510 3558 num
544 3507 729 3571 erant,
761 3503 976 3559 virtute
1007 3502 1270 3558 humana
1301 3502 1624 3574 superiore,
1658 3502 1919 3574 perfecit.

880 3626 953 3682 IN
995 3625 1389 3682 EPISTOLAM
1427 3625 1498 3682 V.

437 3721 515 3772 De
544 3715 742 3770 divina
781 3714 1030 3786 caligine
1078 3713 1244 3786 prius
1288 3713 1524 3785 quidem
1577 3714 1746 3770 Pater
1793 3714 2017 3771 edisse-

364 3805 501 3875 ruit,
568 3803 758 3876 capite
826 3803 1108 3858 nimirum
1168 3801 1404 3874 Mystica:
1465 3803 1743 3874 theologia:
1804 3803 2014 3875 primo.

364 3893 466 3949 Est
511 3896 707 3948 autem
759 3891 935 3948 dictio
984 3892 1106 3946 haec
1156 3906 1222 3946 ex
1273 3891 1375 3947 illo
1425 3890 1760 3948 admirabili
1806 3891 2021 3948 Davide

367 3980 702 4051 desumpta.
735 3980 1039 4052 Siquidem
1072 3980 1123 4036 is
1173 3980 1277 4050 ait,
1334 3977 1433 4035 Καὶ
1483 3980 1686 4054 γνόφος
1745 3979 1849 4033 ὑπὸ
1893 3977 2020 4040 τοὺς

366 4061 535 4124 πόδας
579 4065 766 4136 αὐτοῦ,
812 4068 870 4121 id
904 4073 994 4123 est
1028 4085 1040 4121 :
1074 4069 1139 4122 Et
1168 4069 1346 4140 caligo
1376 4069 1476 4123 sub
1503 4069 1741 4140 pedibus
1770 4069 1888 4137 eius
1920 4069 2017 4139 (p).

369 4152 453 4207 0b
485 4151 542 4206 id
576 4152 733 4207 enim
765 4155 928 4209 addit
973 4156 1144 4210 Pater
1177 4172 1190 4211 :
1225 4157 1286 4210 In
1339 4172 1457 4226 qua
1503 4156 1834 4211 inhabitare
1883 4155 2022 4210 dici-

372 4243 472 4296 tur
499 4239 675 4295 Deus.
719 4244 864 4295 Nam
914 4241 962 4296 si
1014 4243 1125 4296 sub
1171 4243 1298 4312 ejus
1349 4243 1598 4314 pedibus
1646 4242 1854 4315 caligo,
1905 4260 2020 4299 non

372 4329 688 4384 obscurum
719 4333 809 4384 est
835 4331 959 4384 tota
987 4345 1055 4384 ea
1083 4329 1335 4401 caligine
1366 4330 2020 4402 incomprehensibilem

374 4416 596 4490 alioqui
655 4421 713 4472 et
768 4417 1123 4474 invisibilem
1183 4417 1643 4490 circumquaque
1706 4420 2019 4492 adoperiri.

376 4507 632 4562 Rursum
694 4506 873 4562 Isaias
919 4505 1202 4579 propheta
1250 4522 1265 4562 :
1314 4510 1388 4562 Et
1435 4508 1662 4578 impleta
1706 4517 1783 4564 est
1827 4509 2023 4565 domus

365 4599 519 4668 fumo
548 4595 645 4666 (q).
679 4594 971 4650 Dorotheo
1002 4595 1180 4668 igitur
1211 4591 1514 4670 λειτουργῷ
1542 4597 1788 4653 diacono
1818 4598 2021 4654 videli-

369 4690 459 4740 cet
489 4684 595 4757 (sic
625 4685 780 4738 enim
817 4684 1016 4739 docuit
1045 4685 1159 4740 dici
1194 4684 1506 4741 diaconum
1539 4685 1598 4741 in
1645 4688 2023 4743 Ecclesiastica

369 4772 711 4845 hierarchia)
744 4773 1094 4844 sciscitanti,
1127 4791 1394 4845 quaenam
1436 4773 1557 4830 haec
1605 4781 1763 4832 esset
1809 4778 2019 4849 caligo,

373 4863 735 4934 respondet:
772 4861 970 4934 Caligo
1002 4878 1144 4918 sane
1183 4868 1290 4931 est,
1343 4879 1518 4935 quam
1571 4864 1844 4922 tenebras
1893 4881 2022 4922 esse

372 4951 606 5007 credere
646 4950 780 5023 quis
830 4951 1036 5023 possit,
1089 4951 1188 5006 lux
1237 4951 1451 5024 alioqui
1500 4953 1830 5024 inaccessa;
1883 4971 2019 5010 nam

371 5039 604 5095 etiamsi
636 5039 736 5095 lux
782 5041 878 5109 sit,
939 5039 1242 5096 inaccessa
1291 5044 1485 5096 tamen
1538 5047 1755 5114 manet,
1807 5041 2024 5098 nullive

371 5128 569 5200 pervia
600 5133 878 5184 creaturae
912 5145 927 5197 ;
959 5133 1017 5184 et
1045 5128 1155 5183 hac
1187 5129 1378 5200 gratia
1407 5147 1616 5186 nomen
1650 5132 1873 5202 accepit
1920 5134 2018 5184 τοῦ

367 5214 595 5290 γνόφου,
630 5217 686 5271 id
722 5221 813 5272 est
838 5216 1122 5287 caliginis,
1155 5218 1309 5288 quod
1344 5218 1495 5273 visui
1527 5219 1867 5291 neutiquam
1918 5238 2021 5294 pa-

365 5310 509 5360 teat.
540 5304 860 5360 Invisibilis
890 5321 1033 5360 sane
1060 5322 1175 5363 non
1200 5305 1372 5376 juxta
1399 5306 1454 5361 id
1488 5307 1826 5379 significati,
1846 5325 1958 5379 quo
1989 5327 2023 5367 a

365 5395 646 5464 primaria
691 5393 783 5448 sui
816 5393 1150 5449 conditione
1181 5398 1337 5450 terra
1367 5395 1520 5450 dicta
1559 5401 1648 5452 est
1678 5395 1758 5452 ibi
1798 5414 1811 5454 :
1843 5398 2023 5455 Terra

373 5485 567 5536 autem
599 5489 724 5536 erat
755 5481 1067 5538 invisibilis
1099 5485 1157 5537 et
1205 5482 1503 5540 incondita
1535 5501 1548 5539 :
1583 5486 1774 5556 magis
1823 5492 2015 5544 autem

443 5659 517 5732 (ρ)
550 5658 700 5716 Psal.
731 5677 866 5731 xvn,
896 5663 984 5718 10.
1061 5665 1138 5736 (q)
1171 5668 1278 5722 Isa.
1310 5683 1387 5738 νι,
1420 5670 1473 5723 4,

2043 3629 2091 3694 Β

2531 3627 2646 3683 ΕΙΣ
2676 3627 2812 3684 ΤΗΝ
2844 3627 3245 3685 ΕΠΙΣΤΟΛΗΝ
3277 3628 3356 3684 E'.

2200 3713 2330 3790 Περὶ
2376 3717 2473 3769 τοῦ
2530 3715 2678 3770 θείου
2733 3714 2937 3792 γνόφου
2991 3717 3083 3770 καὶ
3135 3717 3400 3792 πρότερον
3448 3713 3671 3790 εἴρηκεν
3735 3716 3792 3772 ἐν

2128 3807 2209 3874 τῷ
2268 3803 2472 3877 πρώτῳ
2521 3799 2869 3879 βιϐλίῳ(43)
2925 3809 3022 3860 τοῦ
3078 3806 3207 3881 Περί
3268 3812 3538 3878 μυστικῆς
3583 3804 3794 3861 θεολο-

2125 3891 2269 3967 γίας.
2303 3899 2453 3948 ’Ἐστι
2488 3890 2546 3948 δὲ
2603 3894 2638 3962 ἢ
2701 3893 2857 3969 ῥῆσις
2916 3893 2975 3949 ἐκ
3036 3898 3134 3948 τοῦ
3179 3893 3461 3957 θεσπεσίου
3494 3892 3664 3950 Δαυὶδ
3693 3893 3796 3951 λέ-

2129 4001 2325 4056 γοντος
2356 4000 2368 4014 ’
2402 3980 2500 4036 Καὶ
2530 3981 2731 4059 γνόφος
2764 3983 2866 4036 ὑπὸ
2893 3981 3023 4045 τοὺς
3068 3979 3240 4044 πόδας
3269 3981 3454 4039 uti-:05.
3489 3985 3590 4038 Διά
3620 3989 3795 4040 τοῦτο

2130 4072 2234 4144 γὰρ
2261 4069 2440 4139 τίθησι
2471 4071 2560 4126 καὶ
2589 4069 2652 4125 τό
2683 4089 2697 4102 ·
2756 4073 2845 4128 Ἐν
2902 4072 2948 4143 ᾧ
3006 4076 3275 4127 κατοικεῖν
3321 4069 3536 4148 λέγεται
3568 4073 3598 4126 6
3631 4075 3800 4136 Θεός.

2133 4158 2194 4216 Ei
2225 4159 2328 4234 γὰρ
2363 4159 2463 4214 ὑπὸ
2487 4159 2614 4221 τοὺς
2665 4156 2838 4222 πόδας
2897 4157 3037 4214 ἐστὶν
3087 4160 3116 4214 6
3174 4161 3395 4238 γνόφος,
3430 4157 3676 4230 εὔδηλον
3709 4163 3804 4218 δτι

2133 4247 2184 4302 ἐν
2233 4247 2419 4320 ἐκείνῳ
2476 4248 2632 4303 παντὶ
2688 4247 3147 4324 περικαλύπτεται
3200 4249 3230 4304 6
3286 4249 3670 4325 ἀπερίληπτος
3705 4253 3807 4306 καὶ

2131 4335 2376 4399 ἀθέατος.
2417 4338 2521 4392 Καὶ
2553 4337 2717 4393 πάλιν
2765 4338 2793 4392 6
2847 4339 3066 4401 'Hca’i‘ac
3097 4357 3110 4372 ο
3146 4338 3252 4394 Καὶ
3282 4336 3530 4410 ἐπλήσθη
3559 4343 3809 4410 ματτνοῦ

2131 4424 2160 4479 6
2199 4425 2370 4486 οἶκος.
2419 4426 2726 4500 Ἐρωτῶντι
2784 4425 2965 4480 τοίνυν
3017 4430 3100 4499 τῷ
3157 4423 3485 4501 λειτουργῷ,
3521 4424 3807 4497 δηλονότι

2133 4511 2389 4586 διακόνῳ,
2443 4514 2612 4586 (οὕτω
2663 4515 2768 4591 γὰρ
2829 4513 3014 4590 ἔλεγεν
3085 4514 3139 4570 ἐν
3192 4518 3262 4588 τῇ
3316 4513 3808 4594 Ἐκκλησιαστικῇ

2129 4604 2407 4679 ίεραρχίᾳ)
2457 4605 2746 4678 Δωροθέῳ,
2816 4604 2899 4668 τίς
2973 4604 3113 4659 ἐστιν
3182 4605 3210 4659 6
3262 4607 3512 4665 τοιοῦτος
3561 4604 3810 4684 γνόφος,

2132 4692 2293 4771 φησίν
2330 4712 2343 4726 ·
2404 4691 2576 4756 Οὗτός
2653 4694 2794 4749 ἐστιν
2883 4693 2940 4749 ὃν
3007 4692 3197 4755 σκότος
3253 4691 3501 4763 οῗήσαιτό
3555 4713 3674 4764 τις,
3740 4697 3812 4750 τὸ

2132 4780 2423 4855 ἀπρόσιτον
2474 4784 2590 4859 φῶς
2624 4800 2636 4813 ·
2687 4781 2732 4836 εἷ
2789 4781 2893 4858 γὰρ
2951 4780 3040 4836 καὶ
3099 4785 3213 4858 φὼς
3276 4780 3414 4836 ἐστιν
3452 4783 3587 4854 (44),
3641 4781 3815 4839 ἀλλὰ

2131 4869 2221 4924 καὶ
2248 4869 2541 4944 ἀπρόσιτον
2578 4888 2589 4902 ·
2625 4871 2714 4924 καὶ
2769 4867 2855 4924 δια
2903 4874 3065 4924 τοῦτο
3122 4869 3186 4924 τὸ
3243 4873 3341 4924 τοῦ
3370 4890 3578 4947 γνοφου
3611 4866 3818 4945 ὄνομα

2135 4955 2348 5036 εἴληφε,
2383 4955 2471 5012 διὰ
2497 4959 2560 5014 τὸ
2591 4959 2820 5032 ἀόρατον
2871 4955 3112 5029 δηλαδή.
3175 4957 3437 5033 Ἀόρατον
3467 4955 3527 5013 δὲ
3556 4959 3622 5014 οὖ
3657 4965 3821 5016 mni

2130 5048 2192 5102 τὸ
2238 5046 2363 5123 περῖ
2420 5054 2519 5117 τῆς
2583 5048 2823 5123 ἀρχῆθεν
2872 5054 2974 5122 γῆς
3033 5047 3439 5120 σημαινόμενον
3474 5067 3487 5080 ’
3539 5050 3574 5118 ἡ
3617 5045 3685 5104 δὲ
3737 5058 3819 5126 γῆ

2130 5137 2197 5204 ἦν
2225 5136 2454 5210 ἀόρατος
2486 5137 2575 5208 καὶ
2627 5137 3092 5198 ἀκατασκεῦαστος
3128 5157 3141 5170 ·
3176 5134 3325 5191 ἀλλά
3361 5133 3452 5191 διὰ
3482 5137 3581 5204 τήν
3619 5137 3823 5214 ὑπερ-

2132 5225 2362 5299 έχουσαν
2396 5225 2693 5302 τρανότητα,
2727 5226 2800 5288 ὡς
2851 5224 3078 5299 ἀόρατον
3135 5222 3368 5300 λέγομεν
3412 5227 3504 5280 τὸν
3538 5223 3718 5294 ἥλιον
3760 5228 3822 5284 ἐν

2135 5307 2474 5388 μεσημϐρίᾳ,
2506 5311 2901 5369 ἀποπάλλοντα
2950 5315 3048 5377 τὰς
3093 5313 3310 5375 ἀκτῖνας
3347 5316 3765 5390 καθαρωτάτοις
3807 5340 3824 5353 ·

2131 5400 2263 5476 ὅπερ
2307 5400 2406 5474 γάρ
2463 5406 2611 5455 ποιεῖ
2663 5403 2843 5480 φωτὸς
2889 5400 3145 5473 ἀπουσία,
3195 5401 3570 5478 ἀνενεργησίαν
3613 5400 3826 5474 δηλον

2131 5487 2213 5544 ότι
2264 5491 2369 5543 τῶν
2432 5488 2668 5545 ὀπτικῶν
2730 5487 3007 5565 δυνάμεων
3059 5489 3416 5565 ἐργαζομένη,
3471 5495 3640 5546 τοῦτο
3710 5497 3825 5551 καὶ
