4004 6200
197 324 306 379 449

1011 322 1473 377 ΡΔΟΗΥΜΕΕΕ
1513 323 2018 378 PARAPHRASIS
2054 324 2128 377 IN
2165 326 2322 378 ΕΡΡ.
2361 328 2421 380 Β.
2462 326 2801 381 DIONYSII.

3503 327 3610 382 450

193 451 229 516 ἡ
263 446 400 520 πρὸς
445 441 617 513 ἥλιον
676 442 727 498 ἐν
793 437 1108 518 μεσημϐρίᾳ
1135 442 1327 510 ἀτενής
1354 436 1658 516 ἀπόϐλεψις
1707 442 1847 496 ἀπο-

1966 450 2202 518 propter
2238 447 2654 504 exuberantem
2703 446 2932 518 copiam
2978 447 3128 505 lueis
3174 449 3604 519 :quemadmo-

191 535 483 590 τελεῖ.Ἑν
534 531 713 604 τούτῳ
767 529 973 607 γίνεται
1011 534 1116 594 πᾶς
1168 531 1195 585 6
1240 531 1375 585 κατὰ
1427 533 1666 602 Muniis-av
1724 532 1851 586 Θεὸν

193 627 402 700 γνῶναι
431 621 522 675 καὶ
559 617 692 674 ἲδεῖν
739 618 1079 693 ἀξιούμενος.
1134 619 1199 675 Τί
1263 616 1320 673 δέ
1377 617 1516 674 ἐστιν
1565 621 1600 688 ἡ
1656 623 1853 696 γνῶσις

195 712 290 768 καὶ
339 713 377 781 ἡ
426 709 519 774 osa
574 707 662 763 ἐπὶ
721 712 893 778 Θεοῦς
954 706 1084 762 αὐτὸ
1139 707 1202 762 τὸ
1257 706 1496 783 γίνεσθαί
1550 729 1673 762 τινα
1722 708 1852 783 ὑπὲρ

196 800 389 876 ὅρασιν
421 799 509 854 καὶ
545 801 771 873 γνῶσιν,
823 795 912 851 καὶ
973 797 1113 869 μήτε
1170 796 1296 870 ὁρᾷν
1350 798 1490 869 μήτε
1544 797 1850 872 γινώσκειν·

194 893 359 944 τοῦτο
421 885 480 942 δὶ
539 885 706 960 μόνον
759 885 1063 960 γινώσκειν,
1121 885 1205 939 ὅτι
1265 885 1399 958 μετᾶ
1449 887 1617 940 πάντα
1649 888 1760 959 (45)
1791 885 1857 940 τά

195 977 432 1046 αῗσϐητὰ
490 976 580 1031 καὶ
631 975 699 1030 τά
763 973 934 1045 νοητᾶ
993 973 1020 1028 6
1073 972 1200 1035 Θεός
1253 971 1364 1028 ἔστι
1399 1015 1414 1031 .
1471 974 1546 1031 Τὸ
1605 972 1663 1030 δὲ
1721 975 1852 1050 ὑπὲρ

194 1065 394 1134 πάντα,
456 1065 592 1138 μετᾶ
647 1062 823 1118 πάντα
880 1066 1017 1134 εἷπε,
1074 1059 1260 1132 δηλῶν
1291 1063 1390 1132 τὴν
1423 1066 1530 1118 τῶν
1580 1063 1852 1135 αἰσθητῶν

192 1155 307 1228 ’ἁμα
356 1154 451 1210 καὶ
502 1158 715 1224 νοητῶν
766 1151 1019 1206 ἁπάντων
1065 1146 1328 1224 διάϐασιν,
1368 1151 1503 1227 πρὸς
1559 1153 1658 1221 τήν
1715 1154 1855 1225 ἡμε-

189 1247 348 1319 τέραν
410 1247 611 1320 γνῶσιν
680 1241 938 1318 ῥηθέντος
994 1245 1091 1295 τοῦ
1153 1239 1322 1316 λόγου
1379 1243 1511 1315 (46),
1546 1241 1704 1298 Οὕτω
1751 1241 1852 1318 γὰρ

187 1335 273 1389 καὶ
326 1336 365 1403 ἡ
400 1337 601 1407 γνῶσις
655 1331 787 1405 μεθὸ
834 1327 1042 1394 διέλθοι
1075 1330 1270 1402 πάντα,
1302 1330 1438 1406 πρὸς
1481 1330 1608 1385 Θεὸν
1660 1329 1852 1404 ἀναγε-

185 1443 269 1478 ται
299 1424 447 1496 (41),
479 1421 568 1475 καὶ
626 1423 779 1489 ζητεῖ
805 1419 873 1473 τὰ
907 1419 1040 1494 ὑπὲρ
1073 1419 1264 1473 πάντα·
1325 1414 1413 1474 ὅτε
1471 1425 1602 1494 γοῦν
1656 1419 1853 1475 τούτου

185 1533 268 1573 τις
296 1507 562 1580 ἀξιωθείη
622 1509 758 1581 (48),
823 1507 958 1581 μετὰ
1015 1511 1112 1564 τοῦ
1149 1509 1440 1583 "pop/ﬁcu
1498 1506 1627 1583 ἒρεῖ·
1662 1509 1853 1566 Ἐθαύ-

195 1598 461 1672 μαπώθη
521 1598 558 1666 ἠ
615 1594 818 1671 γνῶσίς
870 1617 966 1651 σου
1015 1595 1065 1666 ἐξ
1127 1594 1301 1668 ἐμοῦο
1361 1595 1723 1672 ἐκραταιώθη,
1792 1596 1854 1652 ού

197 1688 269 1760 μὴ
330 1683 586 1758 δύνωμαι
645 1683 784 1758 πρὸς
836 1682 1027 1755 αὐτήν.
1063 1689 1242 1760 Ἔγνω
1289 1684 1379 1739 καὶ
1413 1685 1440 1739 6
1473 1687 1615 1747 Θεῖος
1635 1684 1852 1748 Παῦλος

191 1775 278 1830 τὸν
312 1776 475 1845 Θεὸν,
534 1771 618 1828 ὅτι
646 1769 860 1843 δηλαδή
917 1771 1063 1828 ἐστιν
1120 1773 1253 1849 ὑπὲρ
1311 1779 1482 1828 πᾶσαν
1529 1778 1730 1849 γνῶσιν
1760 1774 1850 1829 καὶ

181 1865 388 1934 νόησιν
423 1905 438 1932 ,
496 1861 579 1918 δτι
642 1860 1088 1936 άνεξιχνίαστος,
1147 1861 1228 1916 δτι
1275 1862 1344 1917 τὰ
1395 1861 1632 1938 κρίματα
1689 1864 1856 1919 αὐτοῦ

188 1953 584 2028 ἄνεξερεύνητα
617 1993 633 2020 ,
687 1952 771 2005 ὅτι
829 1951 882 2005 αἱ
939 1947 1137 2027 δωρεαῖ
1198 1948 1628 2026 ἀνεκδιήγητοι,
1688 1950 1771 2007 δτι
1818 1954 1853 2022 ἡ

189 2043 387 2117 εὶρήνη
450 2040 620 2096 αὐτοῦ
655 2037 907 2116 ὑπερέχει
937 2040 1111 2094 πάντα
1157 2044 1304 2095 νοῦν’
1357 2044 1520 2096 τοῦτο
1566 2039 1666 2116 γάρ
1711 2039 1851 2096 ἐστιν

187 2131 317 2208 ὅπερ
366 2130 506 2205 ύπὶρ
559 2128 746 2200 νόησιν
802 2123 1057 2204 ἔγνωκεν,
1115 2127 1203 2184 ὅτι
1263 2129 1477 2185 πάντων
1536 2127 1678 2184 ἐστὶν
1727 2127 1854 2184 ἐπέ-

188 2242 364 2290 κεινα,
421 2219 500 2284 ὥς
554 2217 730 2280 αἴτιος
785 2217 999 2273 πάντων
1062 2215 1158 2274 ὥν.
1219 2218 1313 2286 Μή
1363 2222 1491 2293 γοῦν
1553 2216 1696 2273 εἷ’ποι
1744 2240 1851 2290 τις,

187 2315 299 2372 πῶς
335 2310 477 2384 ὑπὲρ
535 2306 722 2378 νόησίν
756 2306 865 2362 ἰστι
924 2306 992 2360 τὰ
1050 2303 1247 2361 εἲδέναι
1272 2307 1412 2380 τινὰ,
1448 2305 1531 2362 δτι
1563 2308 1591 2362 6
1617 2308 1748 2372 Θεὸς
1778 2309 1854 2372 ὡς

190 2399 443 2454 ἐπέκεινα
498 2399 714 2452 πάντων
751 2395 892 2452 ἐστὶν
943 2394 1352 2472 ἆνεξερεύνητος
1401 2402 1593 2466 κοινῆς
1622 2396 1850 2466 ἰννοίας,

190 2487 394 2543 ὡσανεὶ
423 2485 629 2557 ταύτης
675 2484 842 2556 οὔσης
888 2485 978 2539 καὶ
1025 2485 1238 2538 πάντων
1287 2481 1510 2540 εἰδότων
1566 2482 1853 2541 ἀναποδεί-

189 2598 357 2648 κτως,
418 2577 503 2631 δτι
562 2575 591 2630 ὁ
640 2574 768 2635 Θεὸς
824 2571 1230 2642 ἀκατάληπτος·
1293 2570 1420 2628 ἀλλ’
1473 2570 1661 2629 ιῖδὲτω
1718 2576 1851 2648 (49),

129 2662 136 2665 ’
190 2667 262 2722 ὡς
318 2665 411 2721 ὅτι
477 2665 574 2738 μὲν
629 2665 658 2719 6
716 2663 844 2724 Θεὸς
902 2659 1308 2732 ἀκατάλητπος,
1364 2659 1456 2716 καὶ
1487 2661 1618 2736 ὗπὶρ
1651 2666 1852 2737 γνῶσιν

187 2760 293 2809 τῶν
354 2751 595 2809 πολλῶν
652 2749 794 2806 ἰστιν
849 2747 1068 2806 εἰδέναιο
1131 2746 1270 2804 διότι
1328 2747 1386 2804 δὲ
1439 2753 1712 2821 τοιοῦτος,
1761 2751 1851 2805 καὶ

187 2848 328 2915 πῶς,
393 2841 616 2898 ἐκείνων
676 2839 789 2895 ἰστί
857 2837 1038 2912 μόνων
1100 2835 1296 2893 εἰδέναι
1346 2842 1454 2894 τῶν
1510 2838 1849 2910 ἆξιωθόντων

188 2933 452 3007 γνώσεως
507 2929 652 2994 θείας
703 2931 819 3002 (50)
876 2929 964 2984 καὶ
1024 2928 1157 3000 ὑπὲρ
1212 2927 1657 3003 ἄνθρωπονοοῖος
1709 2931 1775 2997 ἦν
1821 2929 1850 2984 6

186 3019 378 3088 Δπυέδ,
439 3023 556 3082 οἷος
607 3019 635 3073 6
677 3016 916 3079 Παῦλος.
953 3014 1054 3073 Καὶ
1085 3015 1148 3071 τὸ
1180 3013 1448 3071 ἰκλείπειν
1473 3016 1565 3070 τὸν
1591 3015 1778 3085 ἥλιον,
1812 3017 1848 3087 ἦ

188 3111 288 3179 τήν
339 3107 609 3180 σελήνην,
663 3107 700 3177 ἢ
744 3102 886 3161 ἄλλο
917 3125 972 3159 τι
999 3109 1108 3160 τῶν
1155 3105 1291 3160 κατᾶ
1335 3102 1541 3178 κόσμον
1582 3104 1846 3179 γίνεσθαι,

1963 535 2106 590 dum
2135 535 2319 592 solem
2347 535 2540 608 ipsum
2571 535 2768 592 radios
2798 535 2969 609 longe
2988 535 3341 608 purissimos
3361 538 3604 595 meridie

1963 623 2350 696 ejaculantem
2364 643 2479 682 non
2494 625 2756 682 dubitem
2766 642 2834 681 us
2856 625 3215 681 invisibilem
3236 624 3603 685 dicere.Nam

1965 713 2120 786 quod
2155 713 2304 771 lucis
2351 715 2618 772 absentia
2669 715 2873 780 efﬁcit,
2905 714 3045 770 dum
3091 714 3316 770 scilicet
3361 714 3605 771 visivam

1964 803 2284 874 potentiam
2334 821 2444 861 sua
2489 804 2678 876 privat
2723 803 3107 875 operatione:
3156 801 3312 859 idem
3366 819 3608 875 prorsus

1963 891 2189 962 perﬁcit
2217 893 2516 949 contuitus
2546 892 2605 948 in
2637 892 2822 948 solem
2847 891 3232 948 meridianum
3254 891 3429 948 ﬁxius
3453 893 3606 951 252

1963 980 2346 1052 pressiusque
2402 981 2743 1038 collineans.
2794 981 3044 1036 Proinde
3093 980 3152 1036 in
3201 980 3311 1037 hac
3359 981 3610 1055 caligine

1961 1073 2247 1138 versatur,
2278 1069 2574 1142 quisquis,
2609 1074 2673 1126 ut
2702 1070 3234 1142 Moyses,censetur
3262 1071 3479 1142 dignus
3510 1088 3605 1128 co-

1963 1157 2227 1229 gnitione
2258 1157 2357 1215 Dei
2403 1164 2580 1231 atque
2626 1158 2869 1228 visione,
2901 1159 3013 1214 Sed
3059 1162 3114 1214 et
3158 1158 3294 1214 talis
3344 1159 3604 1232 cognitio

1965 1247 2061 1302 Dei
2094 1247 2314 1319 pariter
2358 1253 2418 1304 et
2461 1249 2634 1316 visio,
2667 1248 2806 1321 quid
2855 1248 3095 1304 tandem
3145 1247 3284 1304 est?
3312 1249 3604 1306 Nimirum

1964 1335 2222 1407 aliquem
2255 1351 2385 1393 esse
2414 1354 2594 1409 supra
2640 1337 2950 1406 visionem,
2999 1340 3057 1392 et
3104 1335 3522 1410 cognitionem,
3553 1343 3611 1394 et

1964 1441 2153 1496 neque
2182 1425 2395 1496 videre,
2429 1443 2618 1499 neque
2647 1441 3000 1498 cognoscere
3031 1427 3188 1497 quod
3220 1430 3354 1498 post
3383 1427 3606 1498 omnia,

1964 1529 2090 1584 quas
2121 1529 2297 1570 sensu
2330 1513 2834 1588 intelligentiaque
2861 1513 3287 1586 percipiuntur,
3325 1515 3475 1572 Deus
3497 1521 3605 1572 est.

1966 1600 2115 1658 Illud
2165 1606 2360 1660 autem
2410 1602 2540 1676 ὑπὲρ
2585 1603 2780 1672 πάντα,
2829 1620 3000 1668 supra
3046 1602 3257 1674 omnia,
3309 1602 3456 1659 dixit
3505 1620 3610 1676 pro

1966 1689 2100 1762 μετὰ
2127 1690 2322 1760 πάντα,
2352 1701 2476 1764 post
2505 1693 2716 1763 omnia,
2749 1691 3057 1748 declarans
3087 1691 3398 1748 sensilium
3428 1692 3611 1750 simul

1963 1782 2021 1834 et
2048 1776 2477 1836 intellectilium
2526 1780 2792 1836 omnium
2838 1779 3347 1836 transcensionem
3386 1796 3613 1838 sermo-

1967 1882 2061 1936 ne,
2089 1866 2162 1922 ad
2195 1871 2406 1923 nostra;
2446 1866 2798 1940 cognitionis
2849 1873 3089 1940 captum
3144 1870 3612 1942 accommodato,

1965 1954 2214 2028 prolato.
2273 1955 2368 2012 Sic
2425 1956 2581 2012 enim
2636 1956 2894 2028 cognitio
2959 1961 3180 2025 nostra,
3253 1957 3614 2031 simulatque

1966 2043 2241 2101 universa
2282 2045 2666 2114 transcendit,
2708 2047 2781 2102 ad
2852 2045 3038 2103 Deum
3107 2046 3443 2104 sustollitur
3489 2047 3614 2121 pri-

1967 2150 2130 2189 mum
2159 2152 2182 2189 .·
2211 2138 2267 2190 et
2296 2150 2365 2190 ea
2393 2139 2534 2190 tunc
2561 2135 2731 2191 unice
2761 2135 2989 2208 quaerit,
3023 2153 3152 2207 quae
3211 2142 3425 2193 cuncta
3448 2141 3613 2194 tran-

1963 2223 2275 2279 scendunt.
2310 2223 2453 2278 Cum
2484 2223 2666 2294 igitur
2693 2222 2823 2294 quis
2855 2223 3071 2295 dignus
3102 2223 3202 2278 illo
3228 2223 3469 2280 habitus
3493 2230 3614 2282 tue-

1963 2310 2059 2378 rit,
2092 2311 2142 2366 is
2168 2327 2301 2367 cum
2337 2311 2628 2383 PrOpbeta
2669 2312 3103 2384 promerebitur
3150 2313 3344 2368 dicere
3379 2330 3393 2368 :
3425 2313 3612 2370 Μίνωι

1964 2398 2098 2455 bilis
2121 2401 2272 2473 facta
2319 2409 2398 2456 est
2443 2400 2676 2457 scientia
2722 2410 2818 2456 tua
2868 2417 2938 2456 ex
2991 2418 3079 2458 me
3107 2419 3126 2457 :
3158 2402 3479 2474 con/artata
3507 2407 3607 2472 est,

1961 2505 2072 2545 non
2096 2498 2283 2561 potero
2309 2489 2383 2546 ad
2408 2506 2528 2545 eam
2557 2490 2654 2561 (r).
2684 2490 2932 2546 Noverat
2964 2489 3135 2562 plane
3166 2491 3347 2547 Deum
3380 2496 3438 2548 et
3459 2491 3611 2547 divi-

1964 2595 2076 2635 nus
2106 2578 2322 2636 Paulus
2351 2579 2512 2635 omni
2551 2577 2832 2635 nimirum
2874 2583 2931 2636 et
2977 2580 3234 2636 scientiae
3283 2585 3340 2637 et
3387 2581 3611 2638 intelli-

1962 2667 2170 2739 gentia:
2236 2668 2797 2740 supereminentem,
2875 2669 3029 2740 quod
3093 2668 3607 2743 ininvestigabilis,

1961 2757 2237 2829 quodque
2266 2756 2676 2813 inscrutabilia
2707 2757 2896 2829 ipsius
2917 2757 3147 2828 judicia
3175 2763 3457 2826 essent,et
3483 2759 3606 2817 ine-

1961 2844 2281 2900 narrabilia
2311 2845 2464 2902 dona
2491 2845 2557 2918 (ε)
2591 2864 2605 2902 :
2639 2846 2894 2918 denique
2916 2846 3054 2918 quia
3081 2863 3196 2918 pax
3225 2848 3297 2903 ab
3330 2847 3458 2920 ipso
3479 2865 3612 2921 pro-

1960 2934 2168 3005 ﬂuens,
2201 2949 2435 2991 omnem
2467 2938 2844 3006 exsuperaret
2874 2951 3115 2991 sensum
3146 2935 3227 3008 (ε).
3278 2936 3396 2993 Ηοο
3449 2937 3606 2994 enim

1962 3025 2072 3090 est,
2107 3023 2263 3096 quod
2297 3039 2478 3096 supra
2505 3039 2740 3080 omnem
2771 3039 3015 3080 sensum
3059 3040 3190 3080 esse
3220 3029 3430 3094 norat;
3466 3025 3608 3097 quia

1961 3110 2233 3168 videlicet
2262 3112 2490 3168 cunctis
2523 3112 2789 3184 superior
2808 3116 2989 3181 est,ut
3019 3112 3118 3185 qui
3142 3116 3347 3169 auctor
3373 3112 3454 3170 sit
3479 3129 3607 3169 om-

188 3200 270 3254 δτι
309 3199 410 3270 μὲν
446 3195 654 3252 οἴδασιν
702 3195 760 3249 οἱ
815 3191 1044 3266 πολλοὶ,
1098 3190 1276 3257 οὐδεὶς
1305 3188 1666 3268 άμφιϐάλλει’
1717 3193 1852 3264 αύτὴ

1968 3200 2156 3256 nium.
2189 3200 2272 3256 Ne
2303 3201 2437 3273 quis
2485 3200 2670 3273 igitur
2715 3202 2994 3273 objecerit
3027 3218 3039 3257 :
3074 3202 3205 3272 Qui,
3255 3218 3473 3275 quaeso,
3508 3219 3612 3258 su-

191 3289 294 3364 γὰρ
329 3289 368 3356 ἡ
431 3285 682 3356 αἴσθησις
704 3280 943 3339 διδάσκει
1001 3285 1185 3338 τοῦτο·
1224 3279 1295 3336 δι’
1353 3282 1382 3336 '6
1441 3279 1498 3336 δὲ
1552 3286 1719 3338 ταῦτα
1772 3283 1852 3358 γί-

1966 3305 2074 3360 pra
2120 3288 2580 3363 intelligentiam
2630 3293 2721 3346 est
2767 3290 2898 3354 hoc.
2947 3290 3206 3362 aliquem
3260 3290 3429 3358 seire,
3475 3290 3616 3362 quia

197 3396 411 3445 νονται,
473 3372 570 3428 ούκ
627 3369 834 3428 οἷ’δασιν
892 3369 1080 3441 ἄλλοι,
1115 3370 1152 3440 ἢ
1185 3371 1236 3425 οἱ
1266 3371 1388 3444 περὶ
1418 3373 1586 3426 ταῦτα
1615 3365 1852 3446 ἀκριϐεῖς

1972 3377 2123 3434 Deus
2153 3382 2443 3449 quatenus
2476 3378 2752 3435 universa
2769 3379 3364 3447 transcendit,manet
3383 3377 3618 3435 inseru-

200 3462 570 3535 ἐπιστήμονες
585 3505 598 3520 .
1295 3494 1298 3495 ν

1973 3464 2174 3522 tabilis
2222 3465 2526 3523 communi
2557 3466 2998 3539 intelligentiae;
3030 3470 3312 3538 tanquam
3364 3466 3472 3523 hac
3519 3483 3616 3523 co-

201 3555 475 3627 gnitione
529 3552 830 3610 communi
881 3549 1221 3620 exsistente,
1269 3553 1326 3606 et
1373 3549 1651 3607 omnibus
1697 3549 1862 3608 nulla
1909 3553 2121 3625 praevia
2175 3555 2670 3612 demonstratione
2730 3555 3059 3612 scientibus
3117 3556 3273 3626 quod
3323 3555 3477 3612 Deus
3525 3559 3619 3611 est

196 3639 866 3715 incomprehensibilis;
896 3656 1099 3697 verum
1131 3640 1281 3697 sciat
1329 3640 1485 3713 quod
1523 3643 1709 3696 Deum
1756 3641 1994 3712 quidem
2043 3643 2696 3717 incomprehensibilem
2744 3661 2894 3712 esse,
2945 3647 3326 3714 nostramque
3371 3659 3615 3715 exsupe-

200 3748 333 3788 rare
365 3729 792 3801 cognitionem,
823 3731 1042 3785 norunt
1070 3727 1336 3801 plerique
1364 3743 1591 3785 omnes.
1624 3728 1849 3794 Quibus
1901 3735 2097 3787 autem
2143 3732 2214 3788 de
2245 3732 2441 3788 causis
2471 3732 2606 3788 talis
2655 3732 2753 3802 sit,
2801 3738 2860 3788 et
2902 3731 3218 3803 quomodo,
3259 3729 3496 3785 illorum
3527 3735 3619 3787 est

201 3823 500 3876 duntaxat
531 3833 725 3885 nosse,
774 3817 874 3889 qui
905 3816 1103 3874 divina
1129 3816 1260 3888 hac,
1310 3822 1370 3874 et
1415 3834 1596 3890 supra
1632 3817 1937 3876 hominum
1979 3825 2274 3888 naturam,
2307 3821 2642 3894 cognitione
2686 3820 2846 3891 digni
2888 3819 3073 3875 habiti
3121 3819 3392 3875 fuerunt:
3426 3819 3620 3890 qualis

200 3915 327 3967 erat
360 3907 622 3965 eximius
657 3907 856 3974 David,
887 3905 1083 3978 qualis
1112 3905 1237 3978 ipse
1268 3905 1502 3974 Paulus,
1537 3905 1743 3979 quales
1773 3907 2028 3981 denique
2060 3908 2159 3980 qui
2191 3909 2516 3965 secundum
2542 3908 2649 3964 hos
2679 3907 2857 3964 vitam
2889 3923 3057 3964 suam
3092 3905 3623 3970 instiluere.Quan-

199 3997 532 4071 doquidem
565 3995 650 4052 sol
684 3995 814 4060 iste,
850 3993 992 4051 luna
1021 3994 1172 4067 ipsa,
1203 3998 1304 4051 aut
1333 3993 1494 4051 aliud
1525 3994 1755 4067 quidvis
1783 4013 1986 4054 eorum
2018 4014 2148 4069 quae
2194 3999 2415 4054 mundo
2464 3997 2602 4053 huic
2641 3997 3041 4061 subserviunt,
3087 3996 3242 4068 quod
3293 3995 3617 4068 deliquium

196 4087 446 4144 interim
478 4086 797 4158 patiantur,
829 4082 1163 4156 complures
1193 4083 1336 4140 adeo
1365 4099 1539 4140 nosse
1567 4100 1738 4141 nemo
1765 4085 1867 4157 qui
1898 4085 2224 4143 addubitet.
2255 4087 2434 4143 Docet
2460 4087 2618 4144 enim
2641 4086 2752 4142 hoc
2780 4085 2966 4142 solere
2997 4084 3336 4156 contingere
3365 4084 3452 4141 vel
3487 4084 3616 4157 ipse

201 4180 436 4233 natura
467 4189 703 4231 sensus.
737 4172 962 4237 Quibus
984 4176 1181 4230 autem
1210 4172 1282 4228 de
1313 4172 1508 4228 causis
1537 4171 1681 4229 talia
1709 4173 2013 4248 contingat
2039 4175 2188 4246 ﬁeri,
2221 4193 2336 4233 non
2367 4176 2684 4232 admodum
2717 4174 2888 4230 multi
2933 4177 3192 4243 norunt;
3223 4176 3616 4246 praeterquam

200 4265 242 4322 ii
272 4264 383 4337 qui
415 4262 573 4320 circa
603 4261 894 4334 ejusmodi
925 4276 1122 4318 rerum
1153 4261 1540 4319 eruditionem
1572 4266 1905 4320 accuratam
1935 4279 2169 4335 operam
2206 4268 2513 4320 navarunt.

621 4390 732 4446 ΕΙΣ
773 4389 918 4446 THN
957 4386 1358 4445 ΕΙΙΙΣΤΟΛΗΝ
1401 4387 1462 4455 ζ’.

269 4495 445 4572 Ἱερὲα
503 4493 649 4570 λέγει
705 4494 796 4550 τὸν
850 4489 1254 4569 πρεσϐύτερον,
1309 4492 1489 4554 καθὼς
1545 4492 1634 4546 καὶ
1686 4491 1738 4546 έν
1786 4495 1855 4567 τῇ

194 4584 670 4658 Ἐκκλησιαστικῇ
756 4583 1012 4659 ἱεραρχίᾳ
1096 4581 1250 4654 φησὶ,
1316 4580 1404 4636 καὶ
1482 4581 1517 4650 ἠ
1604 4582 1859 4652 συνήθεια

194 4673 594 4748 ἐπεκράτησεν.
656 4673 826 4735 Οὗτος
886 4671 914 4725 6
972 4672 1270 4745 Σώπατρος
1327 4669 1401 4731 ὡς
1460 4667 1628 4743 δοκεῖ,
1654 4666 1710 4724 ἓν
1743 4669 1858 4745 εἶχε

198 4760 555 4836 σπούδασμα,
585 4761 648 4816 τὸ
677 4762 743 4817 τά
770 4764 878 4817 τῶν
912 4756 1238 4836 ἑτεροδόξων
1271 4755 1537 4835 διασύρειν
1586 4757 1676 4813 καὶ
1723 4759 1859 4814 καθ-

196 4846 448 4926 υϐρίζειν
485 4869 499 4883 ·
565 4850 846 4906 κάντεῦθεν
917 4846 1191 4910 πολλάκις
1237 4846 1380 4910 εἱκὸς
1434 4848 1501 4917 ἦν
1560 4845 1861 4924 θαρῥοῦντα

193 4943 395 4994 τοῦτον
440 4942 512 5012 τῇ
557 4937 784 5014 τοιαύτῃ
836 4938 1088 5014 προθέσει
1146 4935 1236 4991 καὶ
1279 4941 1358 5009 τῷ
1411 4935 1645 5010 τοιούτῳ
1693 4957 1859 4992 σπου·

197 5025 466 5100 δάσματι,
520 5026 596 5090 ὡς
648 5027 752 5081 ὑπὸ
803 5029 936 5082 Θεοῦ
981 5023 1276 5102 γινομένῳ,
1335 5022 1558 5098 ἀμελεῖν
1617 5024 1706 5080 καὶ
1762 5045 1858 5080 κα-

191 5115 574 5193 ταρῥᾳθυμεῖν
625 5123 727 5187 τῆς
781 5116 989 5179 οἴκείας
1043 5113 1208 5172 αὐτοῦ
1263 5122 1552 5191 προκοπῆς
1586 5159 1602 5189 ,
1673 5116 1854 5172 ἱκανὸν

192 5209 363 5261 τοῦτο
423 5206 503 5266 εἷς
559 5205 830 5281 σωτηρίαν
879 5203 1207 5281 ἡγούμενον.
1258 5203 1602 5278 Βουλόμενος
1647 5209 1774 5279 γοῦν
1831 5205 1859 5258 6

194 5295 354 5369 ἅγιος
391 5294 618 5368 ἐκκόψαι
646 5294 806 5348 τοῦτο
837 5293 944 5348 άπὸ
991 5297 1088 5348 τοῦ
1138 5293 1463 5370 Σωπάτρου,
1511 5293 1586 5357 ὡς
1643 5292 1856 5368 μᾶλλον

193 5382 441 5454 οἰήσεως
472 5383 604 5438 εἶναι
635 5379 829 5438 δοκοῦν
861 5381 898 5452 ἢ
947 5381 1144 5456 ζήλου,
1192 5381 1283 5438 καὶ
1329 5381 1543 5454 πλάνην
1594 5381 1857 5457 ἐμποιοῦν

191 5477 276 5542 τῷ
330 5471 490 5546 ὀρθῷ
538 5469 815 5546 λογισμῷ,
866 5469 1054 5534 ἄλλως
1111 5491 1170 5527 τε
1220 5470 1310 5526 καὶ
1364 5469 1494 5534 τοὺς
1549 5469 1747 5548 λόγους
1805 5471 1856 5528 tv

2361 4392 2513 4448 258
2546 4390 2616 4446 IN
2655 4389 3067 4446 EPISTOLAM
3107 4390 3206 4446 VI.

2035 4498 2405 4555 Sacerdotem
2437 4515 2572 4556 eum
2604 4497 2766 4566 dicit,
2799 4497 2897 4570 qui
2928 4502 2987 4554 et
3016 4498 3320 4570 presbyter
3351 4515 3364 4554 :
3398 4512 3605 4569 quem-

1966 4585 2286 4642 admodum
2317 4587 2470 4643 idem
2503 4587 2703 4642 docuit
2732 4587 2792 4641 in
2823 4587 3209 4642 Ecclesiastica
3239 4583 3562 4642 hierarchia
3592 4603 3611 4641 :

1964 4673 2257 4746 istiusque
2286 4675 2613 4732 etiamnum
2661 4675 2830 4732 hodie
2861 4674 3113 4730 invaluit
3159 4673 3616 4731 nomenclaturze

1967 4765 2348 4820 consuetudo.
2399 4765 2498 4818 llic
2548 4763 2732 4837 igitur
2779 4764 3044 4836 Sopater,
3104 4769 3168 4819 ut
3229 4779 3296 4820 ex
3344 4762 3613 4836 Epistolaa

1967 4855 2240 4908 contextu
2270 4856 2534 4925 apparet,
2562 4852 2760 4910 studio
2797 4852 2896 4907 uni
2932 4851 3317 4908 incumbebat
3345 4855 3524 4921 totus,
3549 4855 3617 4908 ut

1967 4957 2096 5014 qua
2146 4940 2388 4998 alterius
2453 4941 2773 5013 cujuslibet
2819 4940 2906 4997 vel
2957 4939 3254 5012 opinionis
3303 4940 3392 4996 vel
3445 4944 3613 4997 ectae

1967 5033 2135 5086 erant
2181 5029 2435 5102 propria,
2485 5028 2836 5087 convelleret
2882 5027 3311 5086 amarulentius
3361 5032 3420 5084 et
3450 5028 3616 5085 inde-

1967 5118 2119 5175 coris
2167 5122 2503 5191 aspergeret
2549 5116 2944 5174 contumeliis.
3000 5118 3068 5174 Et
3116 5117 3254 5173 hinc
3303 5121 3614 5174 consenta-

1969 5223 2146 5264 neum
2195 5211 2287 5264 est
2324 5207 2639 5280 Sopatrum
2679 5204 2980 5278 proposito
3029 5207 3132 5263 tali
3195 5210 3372 5278 atque
3421 5207 3615 5263 studio

1969 5298 2053 5353 sic
2078 5297 2321 5353 afﬁxum
2353 5297 2545 5369 (quasi
2579 5297 2680 5368 qui
2712 5295 2820 5350 hac
2853 5312 2970 5352 una
3000 5313 3061 5352 re
3091 5296 3206 5353 Deo
3237 5297 3614 5354 obsecunda-

1920 5429 1922 5432 μ
1967 5386 2080 5457 ret)
2109 5384 2329 5458 proprii
2360 5385 2596 5441 interim
2640 5382 2938 5457 profectus
2986 5384 3170 5441 fuisse
3199 5385 3615 5459 negligentem,

1970 5473 2127 5545 quod
2161 5473 2318 5530 hunc
2343 5471 2814 5548 qualemcunque
2833 5471 3022 5530 zelum
3045 5473 3117 5532 ad
3147 5473 3400 5537 salutem
3422 5475 3616 5538 existi-

259 5628 346 5715 (ν)
377 5625 534 5701 Psal.
567 5629 843 5700 εμκνιιι,
872 5627 926 5682 6.
1003 5626 1074 5700 (ε)
1102 5628 1150 5685 ΙΙ
1182 5627 1309 5684 Cor.
1345 5644 1420 5698 1x,
1444 5628 1531 5684 15.
1607 5628 1678 5702 (ι)
1711 5627 1852 5686 Phili

1966 5647 2028 5701 :v,
2057 5628 2114 5688 7.
