4004 6200
443 336 541 395 451

1255 324 1618 389 APPENDIX
1654 335 1751 388 AD
1790 330 2031 389 OPERA
2070 332 2128 386 s.
2169 328 2485 388 monvsn
2524 332 3026 393 ABEOPAGITE.
3718 344 3802 400 452

442 464 629 517 maret
659 456 947 515 sufﬁcere.
981 452 1235 529 Cupiens
1266 455 1445 529 igitur
1475 456 1714 512 sanctUs
1770 448 1880 511 hoc
1911 472 1944 510 a
1972 448 2077 510 So-

2192 449 2362 526 κρίσει
2393 452 2739 529 ποιούμενος,
2786 456 2876 512 καὶ
2907 448 3065 521 εἰδὼς
3118 458 3253 532 (51),
3287 457 3361 521 ὠς
3387 460 3448 514 τὸ
3492 466 3697 517 τοιοῦτο
3728 467 3803 537 μὶν

442 548 596 623 patri
636 547 833 605 animo
878 545 1211 621 przecidere,
1256 540 1490 617 quando
1540 561 1608 601 ex
1656 540 1960 618 impotenti
1992 552 2082 599 ar-

443 641 709 713 rogantia
759 637 1050 712 proficisci
1093 637 1149 693 id
1200 637 1508 693 videbatur
1556 636 1739 707 magis
1790 652 1963 708 quam
2015 648 2084 690 ex

442 732 677 804 pietatis
714 728 856 800 zelo,
906 746 971 785 ac
1020 743 1275 784 errorem
1326 726 1524 782 indere
1564 729 1728 782 rectae
1782 722 2084 781 ratiocina-

441 821 609 893 tioni,
661 820 893 890 aliaque
943 816 1163 873 ratione
1214 833 1513 872 sermones
1557 832 1689 870 cum
1734 814 1957 887 judicio
1989 813 2080 868 in-

438 910 694 966 stituens
742 913 800 963 et
840 904 1052 975 sciens,
1101 898 1374 977 quoniam
1423 902 1715 977 ejusmodi
1764 901 2082 960 acrimonia

434 999 752 1057 verborum
786 995 941 1069 apud
974 1013 1071 1052 eos
1123 993 1437 1051 conciliare
1487 991 1673 1051 soleat
1719 990 2079 1063 inimicitias,

437 1099 720 1154 adversus
752 1111 900 1166 quos
942 1092 1288 1163 intenditur,
1334 1092 1483 1148 lucri
1517 1096 1711 1148 autem
1758 1107 1829 1147 ne
1881 1088 2079 1146 tantil-

438 1186 562 1241 lum
596 1184 832 1256 quidem
867 1199 881 1238 :
916 1199 1049 1237 cum
1080 1184 1302 1247 contra,
1336 1182 1468 1253 pius
1498 1197 1637 1254 erga
1666 1178 1809 1236 tales
1841 1174 2081 1236 benevo-

436 1274 628 1330 lentia:
660 1273 921 1341 affectus,
956 1271 1616 1343 dilectio,przesentanea
1646 1264 1924 1325 exhibitio
1948 1264 2075 1323 offi-

438 1362 510 1419 cii
541 1362 600 1417 in
638 1362 926 1419 maximos
959 1361 1093 1416 licet
1123 1377 1348 1417 errores
1397 1359 1697 1417 devolutos
1734 1357 2079 1431 plerumque

436 1454 509 1509 ad
540 1451 909 1508 rectitudinis
941 1450 1156 1506 lineam
1181 1453 1848 1521 revocet,convertatque
1866 1460 2079 1504 unum-

437 1540 761 1615 quemlibet
792 1544 1123 1609 errantem;
1155 1543 1219 1596 ut
1249 1540 1349 1611 qui
1388 1539 1499 1595 sibi
1533 1540 1657 1612 ipse
1698 1536 2077 1610 persuaserit,

437 1638 576 1711 quia
605 1654 904 1694 sermones
949 1639 1046 1693 isti
1077 1655 1193 1694 non
1224 1656 1258 1693 a
1289 1637 1657 1710 malignitate
1706 1636 2079 1709 proﬁciscan-

437 1733 555 1799 tur,
580 1727 773 1799 potius
803 1744 837 1782 a
867 1726 1177 1783 dilectione
1202 1731 1260 1781 et
1290 1727 1532 1798 provida
1572 1742 1709 1797 erga
1739 1741 1801 1781 se
1828 1741 1967 1780 cura
1996 1721 2079 1778 lo-

2190 539 2479 618 ἀπέχθειαν
2527 545 2927 620 κατεργάζεται,
2974 549 3096 611 καθ’
3125 549 3198 602 ὧν
3254 548 3307 603 οἱ
3358 546 3514 625 λόγοι
3565 548 3798 627 λέγονται,

2189 628 2379 706 κέρδος
2409 630 2466 687 δὲ
2525 632 2585 689 οὐ
2642 635 2703 689 τὸ
2756 637 2927 711 τυχὸν
2986 634 3252 711 προξενεῖ·
3312 636 3373 692 τὸ
3407 633 3464 692 δὲ
3493 637 3805 713 ἀγαθοθελῶς

2191 716 2485 785 διακεῖσθαι
2523 720 2731 795 μᾶλλον
2785 724 2923 801 πρὸς
2977 722 3105 788 τοὺς
3159 725 3440 788 τοιούτους
3498 728 3587 782 καὶ
3630 729 3800 805 ἀγαπᾷν

2189 806 2279 863 καὶ
2331 809 2668 883 προσίεσθαι,
2718 818 2981 890 κατορθοῖ
3024 813 3298 877 πολλάκις
3342 815 3409 870 τὰ
3451 814 3696 891 μέγιστα,
3734 819 3803 875 καί

2188 897 2281 952 τὸν
2325 896 2684 974 πλανώμενον
2730 896 3060 983 ἐπιστρέφει,
3110 902 3425 973 πεισθέντα,
3477 903 3560 959 ὅτι
3634 905 3689 961 οὗ
3732 905 3801 963 διὰ

2189 984 2397 1057 κακίαν,
2448 988 2593 1045 ἀλλά
2641 988 2708 1045 δι’
2754 991 2967 1068 ἀγάπην
3021 991 3231 1067 μᾶλλον
3265 994 3354 1048 καὶ
3400 990 3718 1067 κηδεμονίαν
3767 999 3806 1052 oi

2191 1073 2350 1152 λόγοι
2408 1076 2648 1153 γίνονται
2684 1122 2698 1136 .
2777 1081 2874 1136 Διά
2935 1085 3096 1137 τοῦτο
3153 1082 3334 1153 τίθησι
3387 1084 3487 1152 τήν
3544 1081 3807 1155 ἐπιστολήν

2188 1170 2389 1245 ταύτην
2438 1170 2683 1254 ἐκφοϐῶν
2740 1174 2947 1252 αὐτὸν,
3011 1180 3210 1252 μήπως
3269 1179 3374 1235 ἀπὸ
3421 1184 3521 1251 τῆς
3580 1181 3805 1253 τοιαύτης

2190 1260 2421 1332 οἷήσεως
2469 1261 2915 1341 ἂγκαταλειφθείη
2944 1268 3089 1344 παρὰ
3143 1271 3299 1341 Θεοῦ⁹
3344 1269 3434 1323 καὶ
3494 1268 3629 1346 ὅπερ
3678 1269 3807 1346 ἐγκαο

2189 1348 2278 1405 λεῖ
2328 1352 2462 1425 πρὸς
2523 1351 2781 1427 ἆκείνους,
2852 1355 3013 1418 αὐτὸς
3088 1354 3328 1412 πείσεται
3395 1360 3560 1431 (52),
3645 1357 3693 1430 ἐξ
3751 1359 3807 1414 ὧν

2189 1436 2403 1516 ἐλέγχει
2483 1438 2721 1505 ἐκείνους
2803 1442 2962 1507 αὐτὸς
3032 1444 3385 1520 περιπίπτων,
3429 1444 3518 1501 καὶ
3586 1445 3808 1526 βλασφη-

2192 1533 2305 1601 μῶν
2342 1530 2473 1600 (53).
2534 1530 2689 1608 Λέγει
2732 1530 2935 1603 τοίνυν,
2995 1531 3079 1589 ὅτι
3132 1532 3194 1589 οὐ
3245 1531 3329 1589 δεῖ
3389 1532 3485 1598 τὰς
3516 1532 3705 1611 ἑτέρων
3736 1534 3808 1591 δό-

2190 1617 2277 1687 ξας
2340 1613 2697 1693 διαϐάλλειν,
2757 1619 2903 1677 ἀλλά
2956 1622 3055 1692 τὴν
3119 1618 3256 1678 ἰδίαν
3310 1623 3633 1700 κρατύνειν·
3687 1622 3809 1680 ἀλλᾶ

2188 1703 2313 1761 οὐδὲ
2364 1707 2499 1763 κατὰ
2547 1704 2707 1780 δόξης
2752 1712 2787 1781 ἢ
2839 1708 3126 1788 θρησκείας
3177 1712 3278 1767 οὐκ
3325 1706 3527 1789 ἀγαθῆς
3578 1714 3807 1793 φαινομέ-

438 1794 695 1889 quentis.
729 1816 814 1871 Ob
860 1815 1013 1871 hanc
1062 1794 1328 1885 causam,
1378 1794 1721 1886 praesentem
1772 1810 2077 1884 epistolam

2186 1794 2600 1905 vnc‘ypdtpstv’,
2654 1795 2780 1905 ἀλλ’
2841 1796 2975 1905 ὑπὲρ
3037 1797 3318 1872 ἀληθείας.
3381 1805 3510 1905 Πῶς
3564 1799 3623 1857 δὲ
3672 1806 3807 1859 τοῦτο

439 1905 666 1972 scribit,
716 1921 833 1976 qua
897 1904 1207 1961 exterritus
1274 1908 1516 1975 Sopater
1580 1902 1926 1974 provideret,
1976 1915 2075 1955 ne-

437 1995 675 2067 quando
720 1992 1084 2066 impudentis
1133 1994 1307 2050 istius
1349 1993 1696 2065 arrogantiae
1746 2010 1779 2048 a
1824 1997 1938 2047 Deo
1982 2006 2077 2046 co-

433 2087 793 2153 argueretur,
857 2095 915 2139 et
976 2083 1131 2154 quod
1194 2082 1253 2137 in
1318 2082 1449 2138 aliis
1516 2080 1907 2152 reprehendit,
1954 2080 2079 2152 ipse

432 2182 715 2249 crederet,
760 2180 819 2235 in
868 2194 936 2237 ea
968 2194 1219 2253 quorum
1274 2180 1408 2237 illos
1458 2180 1651 2253 arguit
1691 2179 1990 2251 delapsus,
2024 2184 2082 2233 et

436 2270 588 2325 male
636 2272 707 2325 de
754 2274 869 2326 Deo
911 2270 1195 2326 sentiens.
1245 2270 1396 2325 Dicit
1446 2269 1627 2342 igitur
1674 2273 1917 2325 sanctus
1962 2283 2079 2322 non

436 2364 700 2431 oportere
731 2357 987 2415 alienam
1022 2360 1326 2415 traducere
1379 2357 1739 2430 opinionem,
1773 2373 1945 2413 suam
1972 2370 2081 2411 auo

435 2452 555 2504 tem
586 2447 955 2505 communire
1004 2447 1335 2503 rationibus
1377 2447 1705 2520 permittit;
1741 2447 1845 2502 sed
1890 2461 2082 2518 neque

437 2538 749 2593 adversum
782 2536 963 2592 ullius
981 2536 1316 2608 Opinionem
1339 2540 1441 2593 aut
1473 2536 1817 2609 religionem
1844 2534 2083 2591 distrin-

436 2626 665 2698 gendus
695 2630 788 2682 est
815 2626 1101 2691 calamus,
1133 2626 1368 2682 etiamsi
1418 2626 1759 2697 neutiquam
1792 2625 1947 2681 bona
1978 2641 2079 2696 ap-

436 2719 670 2787 pareat;
706 2716 807 2772 sed
841 2733 943 2787 pro
973 2716 1220 2771 veritate
1250 2714 1463 2771 solum.
1516 2719 1591 2769 At
1633 2732 1773 2787 quo,
1824 2714 2081 2785 inquies,

437 2808 607 2875 pacto
639 2804 696 2859 id
730 2804 876 2860 list?
905 2804 1175 2859 Proxima
1202 2802 1467 2876 epistola
1498 2820 1635 2875 pars
1666 2802 1940 2859 declarat.
1979 2806 2081 2858 Po-

437 2894 555 2947 test
584 2908 739 2948 unus
769 2892 1064 2965 quispiam
1116 2892 1224 2963 (ait
1282 2892 1467 2964 Pater)
1522 2893 1678 2947 inter
1721 2896 1836 2948 tam
1872 2892 2078 2960 multa,

439 2979 817 3053 splendidum
841 2980 1079 3053 aliquod
1105 2982 1474 3038 mendacium
1499 2982 1639 3037 dum
1664 2981 2083 3054 coarguit,ipse

442 3085 671 3141 quoque
702 3069 970 3125 aberrare
1002 3087 1035 3126 a
1079 3086 1213 3126 vero
1248 3088 1260 3127 :
1293 3071 1446 3142 quod
1501 3070 1720 3143 alioqui
1754 3086 1939 3126 unum
1970 3075 2081 3140 est,

436 3168 536 3224 sed
567 3165 884 3223 occultum.
917 3167 1043 3224 Una
1069 3168 1223 3225 enim
1272 3173 1363 3226 est
1406 3168 1620 3225 veritas
1654 3185 1668 3225 :
1702 3170 1832 3242 ipsa
1881 3173 2078 3226 tamen
2111 3208 2153 3277 α

441 3256 575 3277 ---υ
608 3272 879 3277 aruum
916 3263 1147 3277 MU.”
1540 3259 1861 3277 ,φωμμ

436 3256 577 3329 quid
605 3263 1152 3330 arcanum,propter
1184 3259 1498 3331 mysticam
1532 3259 1873 3330 dogmatum
1906 3257 2080 3315 intels

433 3345 762 3417 ligentiam,
809 3362 1043 3419 quoque
1083 3363 1231 3419 opus
1286 3348 1495 3404 habeat
1539 3347 1727 3404 multa
1777 3348 2075 3420 indagine,

432 3434 784 3506 prelucente
818 3436 1207 3493 nihilominus
1256 3437 1357 3493 Dei
1406 3436 1615 3509 gratia.
1665 3437 1941 3510 Exemplo
1988 3441 2078 3494 est

428 3522 755 3593 Nestorius,
787 3525 931 3581 dum
960 3525 1080 3581 Arii
1109 3524 1571 3598 Apollinariique
1603 3527 1820 3599 placita
1850 3526 2077 3584 convel-

428 3611 515 3667 lit.
570 3613 862 3686 Eutyohes
926 3618 985 3670 et
1045 3616 1382 3685 Dioscorus,
1448 3630 1577 3688 quis
1629 3618 1865 3691 propria
1932 3620 2075 3674 sunt

426 3700 702 3773 Nestorii,
736 3703 891 3761 254
922 3704 1042 3760 sive
1081 3704 1178 3760 alii
1211 3704 1312 3761 isti
1349 3705 1597 3775 similes,
1646 3708 1789 3762 dum
1822 3705 2072 3763 aliorum

426 3790 732 3861 opiniones
762 3792 1079 3865 exagitant,
1130 3794 1189 3847 in
1223 3793 1369 3849 alias
1399 3794 1511 3867 ipsi
1562 3811 1829 3867 peraeque
1873 3797 2074 3851 confu-

428 3894 636 3935 saneas
677 3880 926 3937 haereses
971 3882 1232 3954 prolapsi
1282 3888 1441 3940 sunt.
1494 3884 1674 3941 Nemo
1724 3890 1921 3941 autem
1971 3900 2075 3955 per

426 3965 547 4020 haec
593 3967 922 4023 abducetur
971 3970 1029 4025 in
1093 3986 1372 4043 errorem,
1423 3977 1489 4028 ut
1534 3974 1752 4042 credat,
1798 3977 2069 4030 sanetum

426 4074 665 4117 monere
696 4066 1093 4135 repudiandos
1122 4084 1250 4125 esse
1281 4070 1510 4126 labores
1559 4087 1590 4125 a
1629 4068 1903 4127 Patribus
1932 4086 2068 4143 opes

422 4149 727 4207 rosissime
759 4159 1061 4225 susceptos
1092 4158 1374 4215 adversus
1404 4159 1715 4230 opiniones
1736 4176 1770 4215 a
1800 4161 1913 4216 {ide
1935 4158 2073 4216 alios

426 4256 553 4295 nas.
587 4238 711 4295 Non
744 4239 854 4295 hoc
884 4241 1131 4300 eximius
1162 4244 1439 4302 admonet
1484 4249 1669 4318 Pater,
1717 4250 1783 4302 ut
1813 4262 1886 4303 ne
1915 4248 2070 4304 video

423 4326 560 4383 licet
591 4344 1015 4401 coarguas,neu
1048 4332 1385 4390 demoliaris
1406 4335 1838 4393 commentitias
1858 4354 2067 4409 propo-

422 4417 669 4474 sitiones
699 4417 1040 4491 impiorum.
1072 4421 1305 4493 Alioqui
1338 4440 1474 4495 qua,
1517 4441 1740 4495 quasso,
1790 4426 1978 4482 fronte
2006 4426 2067 4481 in

422 4520 595 4579 opere
633 4507 962 4567 Divinarum
992 4512 1286 4568 nominum
1329 4512 1605 4586 dogmata
1654 4510 1865 4586 Elymae
1911 4515 2065 4587 magi

2188 1882 2391 1962 φησὶν,
2451 1885 2485 1956 ἡ
2558 1884 2680 1959 ἑξῆς
2740 1884 3005 1957 ἐπιστολὴ
3074 1889 3383 1966 σαφηνίζει.
3441 1885 3669 1946 Δύναται
3722 1893 3806 1969 γάρ

2184 1993 2290 2044 τις,
2320 1971 2475 2048 φησὶ,
2528 1974 2590 2029 τὸ
2649 1972 2699 2029 ἐν
2750 1973 2986 2040 πολλοῖς
3045 1980 3312 2055 προφανὲς
3339 1975 3534 2053 ψεῦδος
3566 1976 3807 2057 ἐλέγχων,

2188 2070 2344 2133 αὐτὸς
2392 2069 2771 2150 διαμαρτάνειν
2825 2079 2922 2130 τοῦ
2970 2074 3234 2149 ἀληθοῦς,
3283 2075 3414 2153 ὅπερ
3460 2075 3513 2133 ἓν
3579 2079 3683 2135 ἐστι
3735 2080 3807 2135 καὶ

2187 2160 2433 2238 κρύφιον.
2494 2162 2603 2218 Μία
2657 2164 2759 2238 γάρ
2819 2162 2957 2220 ἔστιν
3009 2163 3257 2237 ἀλήθεια·
3319 2164 3548 2245 κρύφιον
3613 2160 3685 2235 δὲ,
3739 2164 3815 2223 διὰ

2186 2248 2249 2303 τὸ
2323 2252 2582 2319 μυστικὸν
2646 2256 2752 2307 τῶν
2814 2249 3138 2328 δογμάτων,
3196 2254 3287 2310 καὶ
3344 2246 3567 2325 πολλῆς
3615 2254 3809 2333 ἱρεύνης

2193 2336 2326 2412 μετά
2370 2347 2470 2411 τῆς
2509 2340 2651 2405 θείας
2695 2338 2946 2415 δεόμενον
2992 2345 3243 2420 χάριτος,
3286 2344 3400 2400 οἷον
3449 2344 3729 2421 Νεπόριος
3760 2346 3817 2401 τὰ

2191 2428 2405 2501 Ἀρείου
2461 2428 2549 2485 καὶ
2602 2427 3026 2507 ’Λπολλιναρίου
3079 2427 3329 2488 διασείων
3365 2476 3381 2504 ,
3434 2434 3523 2488 καὶ
3586 2433 3812 2510 Εύτυχής

2188 2517 2277 2572 καὶ
2336 2519 2628 2596 Διόσκορος
2685 2519 2751 2576 τὰ
2805 2524 2903 2576 τοῦ
2935 2520 3249 2596 Νεστορίουσ
3284 2523 3318 2593 ἦ
3368 2519 3541 2599 ἳτεροι
3601 2526 3813 2579 τοιοῦτοι

2190 2614 2397 2690 ὁμοίων
2460 2617 2654 2693 δτὲρων
2719 2618 2795 2682 είς
2848 2620 3031 2695 ἕτὲρας
3088 2620 3328 2684 ἀτόπους
3376 2621 3614 2695 αἱρέσεις
3662 2621 3817 2695 titus-

2191 2727 2304 2765 σον.
2356 2702 2567 2779 Μηδεὶς
2612 2706 2669 2763 δὶ
2708 2707 2770 2767 tu
2813 2709 3021 2765 τούτων
3074 2712 3532 2787 παρακρουεσθω,
3587 2707 3814 2769 ἀποϐαλ-

2192 2795 2376 2861 λεσθαι
2456 2798 2525 2853 τὰ
2595 2799 2731 2854 κατᾶ
2769 2804 2876 2855 τῶν
2953 2798 3278 2874 ἑτεροδόξων
3363 2804 3655 2876 πονήματα
3724 2808 3815 2857 τῶν

2190 2885 2440 2963 Πατερων
2498 2886 2589 2942 τὸν
2650 2889 2829 2963 ἅγιονο
2862 2888 2925 2945 οὐ
2971 2890 3075 2966 γὰρ
3122 2889 3282 2945 τοῦτό
3342 2912 3502 2969 φησιν
3538 2893 3569 2946 ὁ
3632 2894 3815 2966 Πατὴρ,

2188 2975 2250 3031 τὸ
2310 2976 2388 3049 μὴ
2447 2974 2695 3052 ἑλὲγχειν
2761 2979 2852 3033 καὶ
2920 2978 3237 3056 ἀνατρέπειν
3314 2981 3413 3043 τὰς
3468 2985 3577 3036 τῶν
3637 2975 3817 3037 ἀσεϐῶν

2192 3061 2347 3135 δόξας
2380 3080 2394 3095 ⁸
2466 3063 2587 3120 ἐπεὶ
2660 3068 2779 3129 πῶς
2852 3064 3012 3131 αὐτὸς
3066 3067 3118 3123 ἰν
3167 3072 3250 3142 τῷ
3305 3069 3436 3144 Περὶ
3496 3069 3653 3125 θείων
3708 3070 3814 3125 ὀνο-

2195 3154 2378 3229 μάτων
2441 3149 2646 3229 βιϐλίψ
2699 3156 2767 3211 τὰ
2809 3160 2912 3211 τοῦ
2962 3155 3179 3231 Ἐλύμα
3251 3154 3637 3231 διασαλεύων;
3708 3156 3818 3213 ἀλλ’

2193 3242 2275 3296 ὅτι
2334 3241 2395 3296 οὗ
2466 3244 2582 3318 χρὴ
2630 3242 2766 3299 κατὰ
2834 3245 3248 3321 προηγούμενον
3325 3247 3495 3323 λόγον
3549 3247 3627 3312 εἰς
3680 3252 3817 3303 τοῦτο

2185 3328 2598 3407 ἑνασχολεῖσθαι
2624 3376 2640 3404 ,
2696 3334 2760 3388 τὸ
2814 3335 2933 3399 καθ’
2992 3334 3185 3411 ἑτέρων
3248 3333 3461 3412 λέγειν’
3523 3335 3671 3393 ἀλλὰ
3711 3336 3819 3393 τότε

2186 3419 2388 3496 λέγειν,
2448 3420 2537 3477 ὅτε
2591 3422 2759 3499 τυχὸν
2820 3423 2979 3500 χρεία
3034 3430 3151 3487 τοῖς
3200 3422 3396 3489 ἄλλοις
3430 3423 3818 3505 ὠφελείας,δτε

2182 3519 2463 3595 κατισχύει
2492 3520 2555 3576 τὸ
2584 3519 2807 3595 ψεῦδος,
2839 3520 2929 3579 ὅτε
2978 3521 3297 3579 σαλεύονται
3329 3526 3382 3580 οἱ
3429 3525 3637 3583 πιστοί.
3692 3523 3815 3582 Τότε

2182 3612 2311 3683 γοῦν
2344 3608 2773 3685 προηγουμάνως
2806 3611 2901 3685 μὶν
2945 3612 3036 3667 τὸν
3082 3619 3183 3683 τῆς
3231 3611 3491 3682 ἀληθείας
3535 3612 3816 3678 ἕκτίθεσοαι

2181 3700 2294 3775 χρή
2342 3698 2504 3775 λόγον
2549 3700 2639 3754 καὶ
2683 3696 3101 3777 ἠκριϐωμένωςο
3163 3704 3449 3776 μετέπειτα
3507 3700 3566 3759 δὶ
3621 3704 3710 3760 καὶ
3758 3705 3816 3774 τῇ

2179 3786 2489 3863 αντιῤῥήσει
2560 3790 2696 3843 κατά
2778 3796 2877 3852 τίς
2952 3794 3057 3846 τῶν
3134 3786 3342 3847 ἀσεϐῶν
3420 3792 3814 3851 ἰπαναστάσεως

2179 3880 2419 3953 χρῆσθαι
2476 3879 2612 3950 (54),
2680 3878 2755 3952 μὴ
2816 3878 2978 3951 νίκην
3027 3882 3341 3951 ζητοῦντας,
3394 3880 3522 3937 ἀλλ’
3581 3878 3818 3958 ἀδελφῶν

2179 3963 2489 4041 διόρθωσιν.
2533 3966 2709 4024 Τοῦτό
2767 3987 2897 4045 φησι
2953 3968 3042 4024 καὶ
3093 3971 3122 4024 ὁ
3182 3965 3445 4045 θεολόγος
3491 3971 3658 4047 μεγας
3688 3977 3817 4045 Γρη-

2178 4068 2387 4145 γόριος,
2439 4069 2532 4137 Μὴ
2567 4066 2742 4124 πάντα
2767 4074 2941 4141 νικᾷν,
2988 4066 3116 4126 ἀλλ’
3154 4065 3295 4126 ἔατιν
3342 4071 3405 4125 οῦ
3452 4071 3542 4127 καὶ
3572 4071 3821 4143 ἡττᾶσθαι

2176 4154 2501 4234 ἀνάσχεσθε.
2572 4155 2727 4213 Θέλει
2797 4162 2928 4232 γοῦν
2981 4156 3394 4235 ἀναλογίζεσθαι
3449 4160 3479 4214 ὁ
3534 4160 3674 4215 κατι
3726 4162 3821 4214 τῖεν

2176 4250 2360 4309 ποσῶς
2430 4244 2683 4301 ἰναντίων
2730 4242 2935 4322 λέγων,
2979 4248 3074 4321 ὡς,
3125 4248 3216 4304 δτε
3262 4245 3334 4317 δὴ
3382 4247 3471 4304 καὶ
3515 4253 3639 4319 νικᾷ
3694 4249 3825 4320 (εδ),

2177 4335 2280 4390 οὐκ
2334 4334 2421 4412 ἀφ’
2480 4336 2670 4391 ἱαυτοῦ
2728 4333 2938 4408 ὅστινὴ
3000 4337 3151 4408 νίκη,
3208 4335 3358 4393 ἀλλά
3414 4337 3519 4392 ἀπὸ
3573 4341 3674 4393 τοῦ
3727 4344 3825 4405 τῆς

2176 4421 2433 4493 ἀληθείας
2489 4424 2709 4501 κύρους,
2786 4427 2847 4494 ἢν
2924 4422 3081 4487 οὗτος
3157 4426 3416 4501 κατέχει.
3488 4426 3651 4500 Ὑπὲρ
3727 4424 3823 4499 γὰρ

2177 4523 2347 4578 πάντα
2403 4527 2545 4596 νικᾷ,
2608 4520 2797 4600 φησὶν,
2845 4524 2881 4594 ἡ
2942 4518 3194 4595 ἀλήθεια.
3252 4524 3350 4578 Καὶ
3410 4519 3582 4585 οὕτως
3638 4520 3702 4577 οὐ
3755 4521 3826 4595 μὴ

420 4603 505 4661 sic
534 4606 895 4679 exagitaret?
926 4612 1073 4678 Imo,
1100 4612 1269 4683 juxta
1306 4612 1591 4669 rationem
1642 4614 2067 4686 praainductam

2186 4612 2416 4667 πεσεῖται
2460 4583 2592 4667 ποτε
2619 4583 2717 4667 ἐίς
2761 4583 2983 4687 ἔπαρσιν
3006 4632 3019 4645 ·
3038 4583 3170 4667 ὀὐδ’
3203 4608 3264 4667 οὗ
3297 4613 3375 4686 μὴ
3401 4583 3827 4689 ἐγκαταλειφθείν

420 4693 598 4761 Patri,
649 4696 930 4753 docemur
978 4717 1093 4755 non
1140 4704 1407 4773 oportere
1458 4702 1515 4757 in
1569 4701 1678 4758 hoc
1726 4703 2069 4761 incumbere

419 4784 815 4857 ambitiosius,
848 4790 913 4842 ut
939 4788 1220 4845 adversus
1248 4790 1392 4846 alios
1424 4790 1645 4847 dixisse
1676 4792 1941 4863 videare;
1966 4794 2069 4850 sed

2186 4788 2458 4847 εαπίπτειν
2563 4788 2723 4855 αὑτὸς
2825 4790 2899 4854 εἷς

421 4875 562 4929 tunc
594 4873 700 4929 tibi
732 4874 1050 4933 dicendum
1085 4878 1137 4935 si
1158 4896 1275 4952 qua
1316 4879 1463 4936 forte
1493 4880 1783 4953 ingruerit
1811 4882 2071 4939 necessi-

2178 4701 2284 4756 ἀπὸ
2370 4704 2504 4756 Θεοῦ
2576 4699 2651 4763 εἷς
2727 4702 2812 4775 τὸ,
2879 4700 2933 4756 δν
2990 4701 3103 4774 ὅσῳ
3174 4699 3390 4779 ὶτὲρους
3443 4698 3687 4776 ἐλέγχει,
3735 4721 3823 4753 κα-

2997 4782 3179 4868 ἳτερον
3284 4786 3640 4865 βλασφημίας
3722 4784 3828 4844 5).!-

2180 4882 2324 4937 σθον.

422 4974 515 5029 tas
545 4989 612 5028 ea
641 4973 896 5047 dicendi,
932 4992 1061 5050 quis
1086 4978 1219 5035 aliis
1250 4979 1558 5051 profutura
1586 4986 1911 5052 sperentur.
1942 4982 2083 5039 Nam
2118 4982 2356 5054 quando
2398 4980 2705 5039 invalescit
2734 4980 2983 5052 falsitas,
3031 4996 3167 5038 cum
3211 4974 3426 5038 misere
3474 4977 3829 5038 colliduntur

423 5068 914 5144 exagitanturque
962 5074 1202 5145 ﬁdeles;
1251 5080 1393 5132 tunc
1446 5093 1587 5133 sane
1627 5077 1717 5134 vel
1766 5079 1826 5134 in
1873 5079 2081 5151 primis
2146 5078 2412 5136 veritatis
2466 5079 2614 5135 ratio
2661 5078 3060 5152 eXpromenda
3105 5077 3266 5135 omni
3306 5094 3439 5134 eum
3506 5076 3829 5151 diligentia,

417 5172 621 5237 postea
649 5186 783 5227 vero
830 5188 935 5229 seu
978 5175 1349 5247 secundario,
1404 5176 1755 5234 refutatione
1797 5178 1975 5235 etiam
2025 5179 2308 5235 adversus
2359 5177 2677 5250 impiorum
2726 5178 3229 5252 oppugnationem
3278 5177 3583 5248 utendum,
3629 5176 3719 5233 sio
3747 5180 3830 5231 tea

423 5279 579 5337 men,
630 5272 697 5324 ut
739 5266 988 5327 fratrum
1039 5274 1484 5344 correctionem,
1530 5290 1645 5332 non
1706 5276 1847 5332 item
1908 5277 2283 5334 ambitiosam
2339 5275 2647 5333 victoriam
2676 5276 2980 5349 quasiisss
3039 5276 3365 5335 videamur.
3419 5279 3540 5333 Hoc
3598 5275 3829 5347 quippe

419 5366 527 5431 est,
558 5365 713 5433 quod
745 5367 827 5421 ait
857 5368 1165 5443 theologus
1196 5370 1293 5428 ille
1338 5372 1706 5431 admirabilis
1758 5374 2071 5447 Gregorius
2109 5392 2122 5431 :
2154 5374 2281 5431 Non
2331 5373 2723 5448 undecunque
2770 5368 3086 5448 quaerenda
3126 5379 3217 5432 est
3257 5374 3366 5431 tibi
3410 5373 3604 5448 palma
3653 5373 3828 5429 view

420 5456 539 5513 ria.
572 5459 671 5517 Est
695 5464 877 5532 enim,
909 5466 1009 5521 ubi
1039 5470 1094 5524 te
1123 5469 1277 5525 vinci
1307 5471 1601 5529 sustinere
1633 5472 1866 5531 debeas.
1899 5470 2080 5530 Debet
2110 5473 2308 5545 itaque
2340 5470 2441 5545 qui
2472 5477 2675 5531 contra
2704 5474 3114 5547 quadantenus
3146 5472 3512 5531 adversarios
3540 5470 3830 5544 disputet,

420 5559 695 5633 cogitare,
730 5564 910 5635 quod,
944 5569 1179 5638 quando
1208 5569 1451 5627 victoria
1483 5573 1790 5645 contingit,
1831 5590 1948 5630 non
1974 5590 2085 5631 sua
2112 5573 2325 5630 virtute
2374 5573 2604 5644 vincat;
2636 5574 2741 5632 sed
2781 5576 3070 5649 potestate
3122 5572 3407 5646 veritatis,
3458 5588 3638 5646 quam
3692 5569 3831 5629 talis

316 5734 339 5751 '
417 5654 656 5715 detinet.
690 5664 877 5734 Super
905 5666 1105 5723 omnia
1152 5667 1306 5723 enim
1355 5668 1461 5739 (ait
1510 5671 1832 5743 Scriptura)
1878 5671 2092 5729 veritas
2137 5670 2335 5730 vineit.
2385 5672 2471 5729 Ita
2517 5673 2755 5732 demum
2801 5674 2921 5747 ﬂet,
2972 5676 3039 5732 ut
3084 5672 3145 5731 in
3194 5671 3419 5730 nullam
3462 5670 3691 5730 incidat
3719 5666 3837 5727 ali-
